4014 6122
482 309 620 374 1855

472 433 689 500 ἕτοιμον
745 428 969 498 εὑρήσει
1022 423 1303 490 ναυάγιον.
1356 419 1572 481 Καὶτίς
1619 418 1804 470 λοιπον
1837 415 2050 484 ἐλεήσει

472 523 564 577 τὸν
597 521 798 592 ίλαρῶς
821 515 1253 588 προσεγγίζοντα
1285 512 1363 582 τῷ
1393 512 1646 581 δράκοντι
1677 527 1692 575 ;
1724 508 1897 575 Φεῦγε
1939 508 2050 560 τοί-

473 629 569 666 νυν
597 611 724 672 τοὺς
767 605 1131 668 ἀπαιδεύτους
1176 601 1420 673 γλώσσῃ,
1458 603 1551 655 καί⁵
1603 600 1729 662 τοὺς
1761 613 2049 668 μαχοσυμ-

472 702 684 766 δόλους,
737 701 834 753 καὶ
858 699 984 762 τοὺς
1015 696 1456 767 ταραττομένους
1484 695 1596 756 τοῖς
1617 693 1768 754 ἐντὸς
1816 690 1910 743 καὶ
1938 691 2048 751 τοῖς

471 796 628 858 ἐκτὸς
653 795 862 864 μέλεσι.

540 887 653 944 πθ’.
701 889 796 951 Τίς
822 890 1007 957 σοφὸς,
1039 888 1135 940 καὶ
1181 884 1419 954 συνετὸς,
1454 883 1548 935 καὶ
1574 880 1722 950 φίλος
1748 877 1886 932 Θεοῦ
1912 878 2049 948 κλη-

473 983 633 1054 θῆναι
663 980 1007 1052 βουλόμενος,
1035 980 1124 1032 ἵνα
1175 977 1275 1048 τὴν
1307 975 1485 1046 ψυχὴν
1536 974 1634 1045 τὴν
1660 971 1854 1026 ἑαυτοῦ
1886 987 2049 1024 σπου-

471 1076 610 1148 δάσῃ
662 1071 1016 1143 παραστῆσαι
1049 1069 1128 1140 τῷ
1164 1068 1356 1138 Κυρίῳ
1385 1067 1666 1134 τοιαύτην,
1717 1064 1836 1117 οἷαν
1881 1060 2049 1129 αὐτὴν

473 1166 666 1221 ἔλαϐεν
690 1165 821 1236 παρ’
844 1161 1034 1228 αὑτοῦ,
1063 1160 1336 1232 καθαρὰν,
1365 1158 1462 1213 καὶ
1483 1158 1754 1227 ἀτρωτον,
1792 1156 1884 1208 καὶ
1919 1153 2049 1222 ὃλην

471 1258 795 1330 ἀμώμητον,
827 1257 924 1310 καὶ
948 1256 1039 1310 διὰ
1058 1253 1216 1308 τοῦτο
1234 1249 1554 1321 στεφανωθῇ
1585 1249 1642 1302 έν
1661 1250 1775 1312 τοῖς
1798 1247 2049 1316 οὐρανοῖς

473 1353 571 1408 καὶ
604 1351 756 1420 παρὰ
782 1348 891 1402 τῶν
915 1347 1164 1418 ἀγγέλων
1187 1344 1591 1417 μακαρισθείης

543 1441 619 1512 ις.
651 1444 749 1496 Ἐν
780 1443 933 1514 ῥῆμα
976 1440 1181 1508 ἀγαθον
1219 1439 1310 1492 τὸν
1337 1437 1469 1490 ποτὲ
1505 1434 1702 1507 μιαρὸν
1728 1435 1934 1488 ἐκεῖνον
1963 1432 2048 1504 ληο

475 1539 630 1606 στὴν,
652 1534 914 1605 καθαρὸν,
952 1533 1048 1586 καὶ
1079 1533 1234 1601 ἀγιον
1267 1531 1584 1600 εἰργάσατο,
1615 1529 1710 1581 καὶ
1730 1527 1812 1590 εἰς
1831 1525 1923 1579 τὸν
1953 1541 2050 1576 παι

475 1629 722 1700 ράδεισον
744 1628 1097 1698 εἰσήνεγκενο
1131 1626 1228 1678 καὶ
1269 1624 1328 1677 ἓν
1358 1625 1510 1694 ῥῆμα
1555 1623 1801 1693 ἀπρεπὲς
1832 1619 2048 1674 ἀπετεί-

474 1737 594 1791 χισε
619 1719 699 1791 τῷ
731 1721 939 1790 Μωῦσῇ
1000 1719 1100 1789 τὴν
1155 1717 1258 1787 γῆν
1291 1716 1390 1788 τῆς
1435 1715 1792 1784 ἐπαγγελίας.
1823 1714 1916 1786 Μὴ
1953 1713 2048 1768 οῦν

477 1811 679 1880 μικράν
710 1810 863 1864 νόσον
909 1811 1007 1880 τήν
1052 1809 1429 1878 γλωσσαλγίαν
1481 1807 1794 1878 νομίσωμεν
1813 1824 1828 1837 ο
1859 1809 1910 1860 οἱ
1939 1807 2050 1878 7&9

473 1903 826 1974 φιλολοίδοροι
853 1903 949 1956 καὶ
1003 1903 1252 1973 φλύαροι,
1283 1901 1661 1954 ἀποκλείουσιν
1694 1901 1909 1960 ἑαυτοῖς
1948 1900 2047 1967 τὴν

474 1994 756 2064 βασιλείαν
786 1995 894 2049 τῶν
925 1994 1191 2062 οὐρανῶν.
1219 1992 1363 2045 Διότι
1389 1992 1531 2063 ἀνὴρ
1562 1990 1912 2060 γλωσσώδης,
1944 1991 2046 2042 κᾶν

471 2082 706 2136 ἐνταῦθα
722 2082 1085 2152 κατευθυνθῇ,
1108 2081 1224 2135 ἀλλ’
1249 2082 1369 2135 ἆκεῑ
1393 2082 1456 2134 οὐ
1496 2081 1573 2153 μὴ
1615 2081 2006 2149 κατευθυνθείη
2027 2099 2044 2114 ο

470 2161 673 2231 μᾶλλον
699 2159 760 2212 δὲ
814 2159 1123 2230 σκελισθείη
1153 2161 1246 2214 καὶ
1285 2159 1434 2215 κακά
1483 2159 1728 2236 θηρεύσῃ
1775 2163 1938 2216 αὐτὸν
1965 2168 2044 2228 εἰς

459 2250 778 2322 διαφθοράν.
801 2251 996 2315 Καλῶς
1008 2247 1102 2306 οὖν
1121 2251 1274 2321 έλεγε
1291 2252 1456 2320 σοφός
1479 2269 1560 2316 τις
1575 2253 1735 2324 ἀνὴρ,
1759 2255 1840 2307 ὃτι
1861 2260 2048 2324 κρεῖσσ-

462 2342 556 2396 σόν
581 2344 729 2396 ἐστιν
764 2345 950 2396 πεσεῖν
974 2343 1082 2397 ἀπὸ
1113 2341 1283 2412 ὕψους
1311 2345 1393 2407 εἰς
1435 2344 1652 2412 ἔδαφος,
1687 2345 1720 2415 ἢ
1749 2346 1858 2398 ἀπὸ
1879 2345 2049 2414 γλώσ.

463 2451 584 2507 σης.
625 2437 950 2491 Πιστευτέον
993 2438 1285 2511 τοιγαροῦν
1345 2439 1590 2510 Ἰακώϐῳ
1626 2440 1705 2510 τῷ
1761 2441 2046 2511 ἀποστόλῳ

460 2527 757 2597 γράφοντι⁶
786 2545 806 2578 ι
836 2528 1017 2582 Ἔστω
1049 2531 1156 2592 πᾶς
1179 2527 1468 2600 ἄνθρωπος
1489 2530 1662 2600 ταχὺς
1684 2531 1765 2594 είς
1790 2531 1849 2584 τὸ
1876 2530 2046 2585 ἀκοῦ-

463 2637 576 2686 σαι,
609 2624 704 2676 καὶ
737 2622 938 2692 βραδὺς
967 2626 1048 2686 εἰς
1073 2624 1133 2676 :0
1155 2625 1414 2694 λαλῆσαι.
1454 2647 1476 2679 ι

531 2719 643 2780 ιβ’.
680 2716 870 2781 Ὅπως
921 2718 989 2771 ἀν
1047 2719 1123 2788 μὴ
1178 2719 1640 2792 μετεωριζώμεθα
1689 2719 2048 2790 ἀπατώμενοι

461 2805 568 2859 ὑπὸ
617 2805 728 2860 τῶν
779 2807 1089 2878 αἰσθήσεων
1143 2810 1274 2878 περὶ
1307 2810 1409 2880 τὴν
1461 2812 1826 2882 ματαιότητα,
1880 2811 2044 2866 καλὸν

460 2899 759 2968 προσέχειν
783 2899 862 2970 τῷ
891 2899 1104 2969 λέγοντι
1129 2917 1142 2932 ε
1178 2901 1536 2966 Βάδιζε,λαός
1566 2920 1690 2973 μου,
1725 2902 1934 2956 εἴσελθε
1966 2905 2045 2966 εἰς

458 2985 520 3037 :0
569 2990 796 3055 ταμεῖον
831 2988 932 3057 τῆς
991 2989 1220 3062 καρδίας
1275 3009 1371 3045 σου
1434 2992 1497 3046 :0
1549 2993 2046 3064 ἀποκεκρυμμένον

458 3076 628 3129 παντὶ
657 3077 902 3147 αἰσθητῷ
930 3081 1187 3149 νοήματι,
1221 3082 1282 3134 :0
1305 3083 1594 3137 ἀνείδωλον
1616 3083 1796 3137 ἐκεῖνο
1843 3084 2045 3139 ἐνδιαί-

429 3183 631 3236 τημα,
677 3167 738 3220 :0
779 3170 1274 3238 καταλαμπόμενον
1315 3175 1383 3239 τῇ
1417 3189 1478 3223 τε
1525 3175 1788 3246 ἀπαθείᾳ,
1831 3176 1926 3230 καὶ
1967 3175 2047 3248 τῷ

457 3257 808 3328 ἐπισκιασμῷ
839 3259 942 3329 τῆς
967 3261 1131 3328 ἀγίας
1161 3261 1386 3332 χάριτος
1406 3278 1420 3293 ⁸
1457 3262 1786 3318 ἀπόκλεισον
1822 3265 1920 3334 τὴν
1944 3265 2043 3319 θύ-

457 3365 558 3416 ραν
585 3365 678 3402 σου
703 3352 839 3404 πᾶσι
854 3356 966 3415 τοῖς
988 3355 1312 3424 δρωμένοις,
1337 3355 1686 3427 ἀποκρύὸηθι
1715 3357 1910 3428 μικρὸν
1923 3358 2045 3412 ὅσον

456 3439 606 3504 ὅσον,
646 3443 822 3512 μικρὰ
852 3446 962 3514 γάρ
984 3447 1103 3497 ἐστι
1149 3449 1302 3500 πᾶσα
1334 3449 1364 3517 ή
1394 3446 1711 3517 ἀνθρωπίνη
1759 3449 1898 3517 (ζωή⁶
1946 3452 2042 3502 καὶ

459 3533 600 3599 μετὰ
628 3533 789 3586 τοῦτο
823 3534 972 3602 λέγει
1001 3551 1014 3567 ι
1043 3536 1196 3598 Ἕως
1225 3539 1292 3589 ἂν
1319 3538 1772 3610 παρέλθῃὴόργὴ
1803 3540 2037 3610 Κυρίου.

455 3621 670 3693 ’Ὠσπερ
714 3623 874 3686 ἄλλος
937 3625 1146 3692 ἔλεγεν,
1200 3625 1305 3690 ἕως
1331 3622 1393 3681 οῦ
1451 3628 1700 3702 παρέλθῃ
1747 3632 1782 3701 ή
1815 3630 2037 3700 ἀνομία.

468 3711 636 3782 ὐργὴ
667 3713 776 3783 7&9
800 3715 1031 3784 Κυρίου,
1061 3717 1158 3769 καὶ
1203 3718 1425 3788 ἀνομία,
1479 3719 1619 3790 τάχα
1648 3720 1741 3774 οὖν
1768 3722 1818 3774 οί
1849 3721 2040 3791 δαίμο-

455 3816 565 3862 νες,
602 3802 696 3854 καὶ
725 3803 796 3856 τὰ
840 3805 1010 3875 πάθη,
1047 3808 1146 3861 καὶ
1199 3809 1270 3862 τά
1295 3810 1674 3882 ἁμαρτήματα
1696 3827 1712 3844 δ
1740 3813 1881 3867 καθά
1904 3831 2040 3884 φησι

451 3891 592 3961 πρὸς
614 3893 709 3945 τὸν
742 3893 876 3948 Θεὸν
902 3898 932 3950 0
979 3897 1238 3962 Ἠσαταςο
1267 3917 1286 3950 ι
1335 3900 1466 3954 Ἰδοὺ
1503 3903 1570 3954 σὺ
1613 3901 1914 3973 ώργίσθης,
1941 3904 2039 3956 καὶ

451 3987 615 4056 ἡμεῖς
641 3989 986 4061 ήμάρτομεν.
1041 4012 1060 4044 ι
1103 3994 1404 4062 Διαφεύγει
1430 3995 1487 4047 δὲ
1509 3993 1608 4066 τὴν
1633 3996 1803 4066 ὀργὴν
1831 3994 2037 4066 ταύτην

448 4077 756 4150 ἄνθρωπος,
785 4083 1048 4151 διηνεκῶς
1081 4085 1365 4156 προσέχων
1395 4089 1462 4155 τῇ
1496 4085 1694 4157 καρδίᾳ
1740 4087 1800 4139 έν
1862 4103 2037 4158 προσ-

449 4169 606 4237 ευχῇ,
636 4169 733 4221 καὶ
791 4170 944 4236 ἐντὸς
1001 4175 1254 4240 γενέσθαι
1285 4174 1392 4226 τῶν
1437 4173 1647 4228 ἀδύτων
1693 4173 2014 4243 φιλονεικῶν

457 4276 477 4309 ι
523 4257 796 4316 Ἕλκυσον
821 4262 950 4334 γὰρ,
987 4265 1143 4336 φησί,
1183 4266 1378 4335 σοφίαν
1410 4266 1553 4336 ὑπὲρ
1583 4265 1655 4320 τὰ
1702 4267 1969 4321 έσώτατα.
2007 4284 2030 4319 ι

447 4349 593 4403 Διότι
623 4353 772 4406 πᾶσα
803 4355 837 4424 ἡ
870 4354 998 4419 δόξα
1036 4358 1137 4426 τῆς
1177 4357 1448 4427 θυγατρὸς
1481 4359 1576 4412 τοῦ
1607 4359 1873 4429 βασιλέως
1899 4357 2036 4413 ἐσω-

447 4443 560 4494 θεν.
595 4444 790 4497 Κοπιῶ
822 4445 904 4508 δὲ,
933 4447 1038 4510 ἕως
1085 4442 1148 4502 οῦ
1198 4448 1427 4502 εἰσέλθω
1475 4451 1556 4513 είς
1585 4451 1649 4504 τὸ
1673 4453 2036 4522 ἁγιαστήριον

445 4531 538 4586 τοῦ
594 4534 752 4602 Θεοῦ,
789 4538 880 4590 καὶ
913 4541 993 4601 εἰς
1022 4539 1148 4611 ὅρος
1202 4542 1652 4612 κληρονονομίας,
1703 4545 1889 4614 φησὶν,
1949 4547 2031 4610 εἰς

445 4622 664 4693 ἕτοιμον
713 4630 1157 4699 κατοικητήριον,
1185 4631 1214 4683 ὃ
1260 4633 1630 4702 κατειργάσω,
1659 4633 1852 4704 Κύριε,
1877 4636 2032 4703 ἀγίαο

444 4728 582 4785 σμα,
613 4715 640 4769 ὃ
670 4720 974 4788 ἡτοίμασαν
1006 4723 1062 4774 αί
1089 4723 1271 4793 χεῖρές
1303 4740 1418 4776 σου.

514 4802 620 4872 ιβ’.
665 4806 721 4857 Ὀ
750 4805 1076 4878 βουλόμενος
1108 4812 1327 4883 ἀληθῶς
1353 4814 1756 4881 ἀποτάξασθαι,
1805 4814 1899 4868 τὸν
1925 4831 2026 4884 μαι

446 4895 634 4962 κάριον
671 4900 943 4968 μιμείσθω
968 4905 1260 4974 προφήτην
1293 4904 1621 4972 Ἐλισσαῖον,
1659 4906 1826 4976 μηδὲν
1851 4903 2030 4975 ἑαυτῷ

443 4984 862 5058 ἀποληψάμενον
925 4997 1180 5064 πρᾶγμα,
1239 4997 1420 5065 πολλῷ
1451 5000 1548 5052 καὶ
1594 4999 1921 5067 πυριφλεγεί
1950 4996 2027 5068 τῷ

1713 309 2040 372 JUANNIS
2068 311 2480 372 CARPATUII

3588 306 3726 370 1856

2139 426 2271 494 1:90;
2292 425 2427 478 Θεὸν
2449 425 2637 494 ἔρωτι.
2674 424 2859 479 Πάντα
2883 423 2976 480 οὖν
3009 427 3078 481 τά
3105 427 3375 497 προσόντα
3409 425 3556 498 αὐτῷ
3604 429 3728 484 δια-

2135 514 2377 579 νειμάτω
2409 516 2520 577 τοῖς
2537 515 2835 585 δεομένοις,
2867 518 2962 571 καὶ
2983 517 3126 571 οὕτω
3145 517 3424 587 βαστάσας
3446 519 3539 571 τὸν
3562 534 3725 571 σταυ-

2137 603 2228 674 90v
2256 605 2502 675 Κυρίου,
2534 609 2600 677 τῇ
2635 609 2893 677 προθέσει
2933 609 3240 678 ἐπειγέσθω
3293 610 3430 680 πρὸς
3470 609 3721 663 ἑκούσιον

2135 695 2386 764 θάνατον,
2439 698 2702 770 πρόξενον
2734 703 3029 772 γενόμενον
3056 703 3154 774 τῆς
3181 703 3400 756 αἰωνίου
3435 701 3722 771 βασιλείας

2136 785 2248 860 [ισ.
2284 789 2474 863 ζωῆς].

2203 883 2309 946 ἥγ’.
2347 883 2516 934 Ὅταν
2549 881 2761 954 φθάσῃς
2788 883 3000 954 νοῆσαι,
3025 885 3105 938 δτι
3128 888 3156 938 0
3191 885 3522 956 Ἀμορραῖος
3541 882 3720 952 ἰσχύει

2133 973 2192 1024 έν
2235 971 2320 1024 σοὶ
2366 970 2442 1035 ῶς
2473 971 2641 1044 δρῦς·
2673 973 2898 1045 δεήθητι
2945 975 3040 1029 τοῦ
3072 975 3280 1046 Κυρίου
3325 977 3582 1041 ἐκτενῶς,
3631 981 3719 1033 ἵνα

2133 1059 2343 1135 ξηράνῃ
2372 1060 2463 1116 τδν
2485 1065 2696 1136 καρπὸν
2721 1065 2886 1120 αὐτοῦ
2911 1066 3282 1139 ὑπεράνωθεν,
3314 1069 3592 1123 τουτέστιν
3618 1071 3721 1138 τὴν

2130 1157 2442 1229 πρακτικὴν
2494 1157 2792 1229 ἁμαρτίαν,
2823 1157 2920 1211 καὶ
2974 1157 3077 1221 τὰς
3101 1155 3260 1226 ῥίζας
3293 1154 3462 1210 αὑτοῦ
3504 1156 3714 1211 ὑποκά-

2127 1246 2322 1313 τωθεν,
2372 1247 2656 1302 τουτέστιν
2701 1249 2832 1313 τοὺς
2869 1246 3213 1317 ἀκαθάρτους
3261 1246 3587 1316 λογισμοὺς,
3619 1247 3714 1300 καὶ

2132 1338 2220 1393 ἵνα
2241 1337 2410 1411 ἐξάρῃ
2452 1339 2657 1409 Κύριος
2686 1339 3120 1411 τδνἋμορῤαἶον
3137 1335 3249 1392 ἀπὸ
3272 1336 3569 1405 προσώπου
3596 1351 3715 1391 σου.

2199 1428 2297 1497 ιιδι.
2334 1430 2409 1482 Οὐ
2438 1431 2546 1500 χρὴ
2595 1428 2918 1500 ξενίζεσθαι,
2961 1427 3126 1499 ήνίκα
3149 1425 3222 1482 ἂν
3275 1425 3514 1497 βλέπητε
3544 1441 3718 1480 κατα-

2129 1521 2404 1591 γελῶντας
2428 1522 2527 1590 τῆς
2557 1521 2792 1592 ἡσυχίας
2831 1519 3014 1592 ήμῶν,
3070 1519 3200 1582 τοὺς
3261 1517 3338 1588 μὴ
3376 1516 3716 1586 δυναμένους

2129 1614 2444 1686 ἡσυχάζειν,
2473 1613 2674 1683 μᾶλλον
2700 1613 2756 1665 δὲ
2787 1611 3162 1681 καταψάλλετε
3189 1609 3395 1675 αὐτῶν,
3422 1607 3500 1680 μὴ
3528 1609 3716 1679 μέντοι

2133 1704 2619 1776 μνησικακοῦντες.
2644 1704 2751 1758 Καὶ
2783 1703 2883 1774 τὴν
2912 1703 3050 1774 πρὸς
3077 1700 3212 1756 Θεδν
3232 1700 3516 1771 ὑποταγὴν
3560 1699 3716 1768 ὑμῶν

2131 1796 2500 1866 σφοδροτέραν
2559 1795 2923 1866 ἀντιστήσατε
2986 1793 3194 1859 αὐτοῖς,
3251 1791 3488 1862 βοῶντες
3550 1793 3609 1843 έν
3635 1790 3714 1859 τῷ

2133 1887 2342 1958 ὑμνεῖν·
2382 1885 2528 1956 Πλὴν
2555 1886 2635 1956 τῷ
2657 1886 2776 1956 Θεῷ
2807 1885 3143 1958 ὑποτάγηθι,
3179 1888 3213 1956 ή
3249 1885 3394 1956 ψυχή
3423 1901 3526 1955 μου
3546 1899 3559 1913 ·
3586 1884 3714 1936 ἀντὶ

2130 1977 2241 2052 γάρ
2269 1977 2363 2030 τοῦ
2395 1978 2616 2047 ἀγαπᾷν
2644 1994 2735 2045 με,
2786 1977 3132 2032 ὲνδιέσαλλόν
3162 1993 3254 2047 με,
3285 1973 3396 2044 εγὼ
3448 1973 3505 2028 δὲ
3532 1989 3710 2043 προσ-

2130 2069 2400 2141 ηυχόμην,
2433 2069 2574 2139 ὑπὲρ
2605 2068 2702 2138 τῆς
2724 2069 2964 2140 ἐμαυτοῦ
2990 2085 3050 2122 τε
3106 2069 3202 2122 καὶ
3246 2066 3342 2136 τῆς
3369 2065 3596 2118 ἐκείνων
3632 2064 3712 2119 ἰά·

2131 2178 2290 2226 σεως.

2203 2258 2299 2322 με’.
2339 2253 2430 2324 Μὴ
2477 2252 2808 2317 πνεύσαντος
2831 2253 2891 2308 έν
2926 2257 2994 2325 τῇ
3025 2251 3277 2324 θαλάσση
3298 2247 3506 2320 ἀνέμου
3542 2247 3715 2319 σκλη-

2132 2345 2249 2416 ροῦ,
2311 2345 2411 2398 οὐκ
2436 2343 2501 2398 ἂν
2527 2343 2722 2414 φανείη
2771 2343 2942 2416 κῦμα,
2997 2345 3092 2398 καὶ
3144 2343 3220 2414 μὴ
3268 2341 3716 2412 ἐπιδημήσαντος

2127 2441 2259 2509 ἡμῖν
2284 2437 2556 2508 δαίμονος,
2583 2437 2645 2489 ού
2672 2437 2748 2508 μὴ
2771 2436 3038 2508 χειμασθῇ
3075 2435 3304 2490 πάθεσιν
3331 2436 3364 2506 ή
3389 2433 3558 2506 ψυχὴ,
3588 2431 3713 2486 οὔτε

2126 2531 2189 2585 :0
2211 2532 2392 2601 σῶμα.
3609 2570 3629 2589 .

2199 2622 2312 2688 ἵης’.
2349 2623 2477 2677 Ἐάν
2529 2621 2794 2693 θερμαίνῃ
2829 2621 2918 2674 ἀεὶ
2942 2622 3009 2691 τῇ
3035 2620 3336 2690 προσευχῇ,
3377 2618 3470 2671 καὶ
3496 2619 3564 2688 τῇ
3593 2615 3714 2686 θείᾳ

2130 2715 2336 2786 χάριτι,
2362 2715 2496 2786 φησὶ
2524 2715 2663 2785 πρὸς
2695 2715 2754 2767 σὲ
2783 2717 2817 2784 ή
2844 2712 2966 2766 θεία
2994 2712 3188 2781 Γραφὴ
3219 2709 3297 2773 ὡς
3319 2709 3460 2780 πρὸς
3502 2707 3714 2761 ἐνδεδυ-

2135 2806 2293 2876 μένον
2321 2807 2389 2859 τὰ
2407 2806 2549 2860 ὅπλα
2583 2805 2680 2858 τοῦ
2705 2805 2904 2872 φωτὸς,
2952 2802 3048 2858 σοῦ
3077 2803 3136 2856 δὲ
3164 2805 3198 2873 ή
3229 2801 3392 2871 στολὴ
3422 2800 3622 2871 θερμή.
3648 2799 3712 2854 Ol

2077 2879 2088 2892 ’
2134 2895 2242 2966 γὰρ
2271 2895 2459 2966 ἐχθροί
2491 2910 2585 2948 σου
2618 2892 2872 2964 καθάπερ
2918 2890 3168 2946 διπλοΐδα
3198 2889 3467 2959 αἰσχύνην
3493 2886 3718 2958 περιδέ-

2131 2987 2379 3059 δληνται,
2405 2986 2500 3040 καὶ
2526 2986 2632 3056 τὴν
2652 2985 3058 3057 ταρταρότητα.

2203 3078 2306 3146 ιι.ξό
2348 3079 2590 3150 Μνήμην
2637 3077 2933 3148 λαμϐάνων
2958 3077 3066 3132 τῶν
3092 3074 3563 3148 παραπτωμάτων
3594 3089 3712 3135 σου,

2132 3171 2208 3242 μὴ
2247 3170 2394 3224 ὄκνει
2459 3169 2687 3224 τύπτειν
2734 3170 2798 3223 :0
2833 3169 3051 3240 στῆθος,
3107 3170 3256 3233 ὅπως
3288 3170 3409 3230 ταῖς
3435 3163 3713 3224 τοιαύταις

2131 3264 2366 3332 πληγαῖς
2426 3263 2745 3334 λατομήσῃς
2801 3261 2902 3332 τὴν
2938 3261 3296 3331 πωρωθεῖσαν
3339 3257 3590 3329 καρδίαν,
3618 3254 3714 3309 καὶ

2129 3353 2296 3423 εῦρης
2325 3353 2387 3407 :0
2417 3355 2680 3424 μέταλλον
2735 3353 2832 3407 τοῦ
2888 3352 3184 3408 τελωνικοῦ
3204 3351 3453 3422 χρυσίου,
3482 3349 3578 3411 καὶ
3605 3365 3712 3416 χα-

2133 3446 2256 3516 ρίσῃ
2281 3446 2424 3499 πάνυ
2455 3445 2548 3498 ἐπὶ
2570 3445 2786 3516 πλούτῳ
2811 3446 3053 3516 κρυφίῳ.

2200 3541 2307 3608 μην.
2355 3536 2474 3608 Πῦρ
2512 3537 2622 3591 τῶν
2642 3539 2778 3607 1:90;
2811 3539 2879 3591 :&
2905 3539 3189 3608 κρείττονα
3212 3532 3398 3597 λιτῶν,
3429 3534 3530 3604 τῆς
3551 3531 3716 3600 ἁγίας

2132 3626 2366 3696 μελέτης
2425 3627 2533 3680 τῶν
2582 3628 2779 3696 λογίων
2821 3628 2916 3682 τοῦ
2948 3626 3285 3696 Πνεύματος,
3316 3623 3576 3694 καυθήτω
3602 3622 3716 3676 δια-

2129 3717 2330 3782 παντὸς
2363 3719 2458 3771 ἐπὶ
2485 3719 2548 3772 :0
2577 3718 2964 3789 θυσιαστήριον
2991 3717 3092 3789 τῆς
3128 3716 3304 3788 ψυχῆς
3336 3733 3454 3770 σου.

2201 3808 2306 3874 ι-,θ’.
2365 3809 2492 3862 Ἐὰν
2533 3810 2622 3862 ἀεὶ
2663 3809 2968 3882 σπουδάζῃς
2999 3806 3350 3862 ὑποδεδέσθαι
3385 3805 3510 3868 τοὺς
3543 3805 3713 3868 πόδας

2129 3899 2188 3949 έν
2211 3901 2278 3969 τῇ
2305 3899 2600 3970 ἑτοιμασίᾳ
2625 3900 2719 3954 τοῦ
2751 3899 3085 3968 Εὑαγγελίου
3117 3900 3218 3970 τῆς
3241 3900 3483 3969 εἰρήνης,
3507 3895 3715 3948 οἰκοδο-

2133 3992 2328 4060 μήσεις
2374 3993 2591 4055 πάντως
2634 3995 2728 4046 καὶ
2776 3993 2867 4046 τὸν
2924 3990 3156 4044 σεαυτοῦ
3206 3984 3356 4044 οἶκον
3384 3990 3478 4044 καὶ
3507 3989 3597 4042 τὸν
3620 3986 3716 4040 τοῦ

2131 4081 2358 4150 πλησίον
2387 4098 2481 4135 σου
2503 4099 2516 4113 ⁸
2545 4082 2642 4136 ἐὰν
2667 4081 2724 4136 δὲ
2757 4084 3104 4155 ῥᾳθυμήσῃς,
3148 4080 3511 4152 ὲμπτυσθήσῃ
3548 4078 3710 4149 ἀορά-

2130 4189 2259 4235 τως,
2316 4175 2407 4225 καὶ
2467 4175 2610 4227 κατά
2650 4173 2744 4226 τον
2792 4173 2958 4244 νόμον
3001 4173 3438 4243 κληρονομήσεις
3460 4170 3523 4222 :0
3545 4170 3719 4239 ὄνομα

2129 4261 2223 4314 τοῦ
2264 4261 2680 4330 ὑπολυσαμένου
2719 4261 2781 4315 :0
2804 4261 3086 4332 ὑπόδημα.
3697 4317 3704 4322 ,

2208 4351 2272 4422 ρ’.
2294 4353 2379 4417 Εἰ,
2405 4352 2548 4406 κατά
2581 4352 2672 4404 τὸν
2713 4352 2990 4421 Ἰωάννην,
3019 4352 3048 4402 0
3076 4350 3210 4413 Θεὸς
3248 4351 3439 4419 ἀγαπη
3495 4348 3659 4410 ἐστὶν,
3691 4350 3720 4400 0

2131 4444 2360 4510 ἀγαπῶν
2401 4445 2459 4495 ἐν
2508 4443 2733 4514 τῷοθεῷ
2779 4444 2958 4513 μένει,
3034 4443 3126 4495 καὶ
3153 4444 3182 4494 ὁ
3211 4441 3343 4503 Θεὸς
3392 4443 3451 4492 ὲν
3486 4438 3721 4508 αὖτῴοὸ

2131 4532 2185 4585 δὲ
2221 4534 2396 4603 μισῶν
2442 4536 2532 4587 τὸν
2564 4535 2818 4604 πλησίον,
2854 4535 2912 4586 ὲν
2942 4535 3012 4604 τῇ
3038 4533 3136 4603 τῆς
3170 4532 3392 4600 ἀγάπης
3422 4530 3718 4594 διαζεύξει,

2131 4625 2289 4694 δῆλον
2352 4627 2434 4678 ὃτι
2481 4625 2542 4678 τὸ
2573 4627 2729 4696 μῖσος
2785 4625 3100 4694 ὑφίστησιν.
3137 4625 3194 4677 '0
3226 4623 3402 4694 μισῶν
3460 4621 3568 4692 ἄρα
3629 4623 3724 4674 τον

2131 4717 2391 4786 ὁμογενῆ,
2419 4718 2476 4769 ἐν
2509 4720 2576 4787 τῇ
2601 4719 2710 4772 ἀπὸ
2757 4718 2893 4770 Θεοῦ
2945 4719 3185 4787 ὑπάρχει
3206 4717 3520 4770 διαστάσει·
3561 4716 3725 4784 εἴπερ

2131 4811 2158 4860 ὁ
2198 4809 2330 4873 Θεὸς
2389 4811 2578 4882 ἀγάπη
2637 4811 2775 4874 ἐστὶ,
2830 4811 2924 4864 καὶ
2951 4813 2980 4864 0
3004 4811 3179 4881 μένων
3217 4812 3274 4863 ὲν
3319 4812 3387 4879 τῇ
3423 4809 3639 4880 ἀγάπῃ,
3666 4811 3725 4860 ἐν

2131 4899 2209 4969 τῷ
2231 4899 2349 4970 Θεῷ
2382 4901 2556 4970 μένει,
2611 4900 2706 4954 καὶ
2738 4903 2766 4954 0
2792 4902 2925 4965 Θεὸς
2955 4903 3014 4954 ἐν
3034 4901 3188 4972 αὐτῷ
3206 4917 3218 4929 ·
3244 4893 3340 4970 ᾧή
3365 4897 3493 4964 δόξα
3534 4903 3629 4954 καί
3665 4901 3727 4953 :0

2132 4991 2328 5060 κράτος
2359 4993 2440 5056 εἰς
2462 4992 2584 5056 τοὺς
2613 4992 2837 5056 αἰῶνας.
2881 4993 3072 5062 Ἀμήν.
