4014 6122
311 258 442 324 1837

340 393 2728 427 *Μ

1441 268 1814 331 CAPITULA
1862 269 1965 329 AD
2000 269 2429 337 MONACHOS.

3422 270 3550 337 1858

1266 496 1406 552 ΤΟΥ
1434 497 1670 555 ΑΥΤοΥ
1702 498 1792 555 EN
1831 500 2056 555 ΔΙῚΟΙΣ
2092 501 2364 557 ΠΑΤΡΟΣ
2393 502 2594 561 ΗΜΩΝ

1075 641 1121 748 Ι
1132 635 1441 751 ΩΑΝ
1451 636 1551 749 Ν
1567 632 1764 749 ΟΥ
1863 636 2771 753 ΚΑΡΠΑΘΙΟΥ

298 812 523 865 ΛΟΓΟΣ
556 813 968 866 ΑΣΚΙίΊΊΚΟΣ
994 813 1121 867 ΚΑΙ
1158 813 1353 869 ΠΑΝΥ
1382 812 1969 869 ΠΑΡΗΓΟΡΗΤΙΚΟΣ
2000 812 2177 869 ΠΡΟΣ
2202 815 2380 868 ΤΟΥΣ
2406 817 2548 869 ΑΠΟ
2577 816 2713 869 ΤΗΣ
2739 815 2965 872 ΙΝΔΙΔΣ
2989 815 3550 874 ΠΡΟΤΡΕΨΑΝΤΑΣ

804 910 1220 977 ΜΟΝᾹΧΟΥΣ,
1251 910 1394 965 ΤΩΝ
1420 908 1479 965 P’
1508 911 1905 967 ΚΕΦΑΛΑΙΩΝ
1944 912 2079 967 ΊΟΝ
2106 912 2419 971 ΑΡΙΘΜΟΝ
2455 913 3044 973 ΣΥΝΑΠΟΠΛΗΡΩΝ.

362 1138 455 1209 Μὴ
487 1138 718 1209 θελήσῃς
750 1135 883 1188 ποτὲ
938 1135 1080 1209 ὑπὲρ
1119 1139 1376 1211 μοναχὸν,
1409 1140 1672 1204 κοσμικὸν
1695 1157 1872 1208 μακα-

302 1231 475 1301 ρίσαι,
500 1230 695 1299 έχοντα
751 1231 1007 1298 γυναῖκα,
1047 1231 1143 1284 καὶ
1169 1231 1387 1295 παῖδας,
1420 1231 1516 1284 καὶ
1546 1211 1873 1302 ίλαρὲυόμε-

294 1338 405 1386 νον,
448 1320 536 1374 διὰ
574 1319 636 1373 τὸ
668 1318 728 1373 εὖ
791 1323 969 1375 ποιεῖν
1025 1320 1280 1387 πολλοὺς,
1327 1314 1449 1374 καῖ’
1474 1320 1723 1391 ἀφθόνως
1773 1321 1875 1393 τὴν

294 1409 664 1482 δλεημοσύνην
702 1410 1057 1481 ἐργάζεσθαι,
1106 1412 1203 1466 καὶ
1263 1412 1400 1484 μηδὲ
1448 1413 1586 1477 ὅλως
1637 1416 1742 1473 ὐπὸ
1767 1415 1876 1469 τῶν

293 1503 563 1574 δαιμόνων
627 1502 1035 1574 πειράζεσθαι,
1088 1504 1327 1575 νομίζων
1393 1507 1619 1558 σεαυτὸν
1663 1507 1875 1560 δκείνου

295 1595 563 1665 ὑπάρχειν
595 1594 856 1649 ἐλάττονα
889 1596 1025 1666 προς
1050 1596 1150 1667 τὴν
1194 1596 1290 1650 τοῦ
1320 1596 1458 1650 Θεοῦ
1483 1598 1870 1669 εὐαρέστησιν·

299 1684 435 1754 μηδὲ
489 1684 744 1748 ταλάνιζε
801 1685 1050 1750 σεαυτὸν,
1115 1683 1307 1756 ὥσπερ
1349 1684 1746 1756 ἀπολλύμενον.
1799 1686 1876 1740 Οὐ

294 1777 441 1846 λέγω
466 1777 571 1846 γὰρ
593 1777 676 1830 ὅτι
702 1776 1007 1848 ἀμέμπτως
1048 1775 1207 1846 βιοῖς,
1258 1777 1687 1850 προσκαρτερῶν
1714 1794 1881 1849 μοναο

297 1867 434 1937 χοῖς,
479 1865 592 1919 ἀλλ’
618 1865 667 1918 εί
688 1866 783 1920 καὶ
812 1864 955 1920 πάνυ
985 1864 1311 1936 ἁμαρτωλὸς
1336 1865 1648 1936 τυγχάνεις,
1701 1866 1735 1936 ή
1766 1864 1881 1919 θλίο

297 1955 389 2026 ψις
422 1956 524 2026 τῆς
562 1955 743 2028 ψυχῆς
782 1973 875 2009 σου
938 1957 1033 2011 καὶ
1074 1959 1107 2028 ή
1147 1956 1517 2022 κακοπάθεια,
1578 1957 1880 2030 τιμιωτέρα

298 2048 414 2102 ἐστὶ
446 2047 599 2118 παρά
628 2047 709 2119 τῷ
725 2047 864 2119 Θεῷ,
891 2049 990 2119 τῆς
1020 2048 1114 2102 τοῦ
1139 2048 1395 2119 βιωτικοῦ
1431 2049 1879 2120 ὑπερϐαλλούσης

298 2139 524 2210 ἀρετῆς.
572 2139 638 2192 Ἦ
665 2138 813 2210 λύπη
848 2156 942 2193 σου
992 2140 1026 2210 ή
1047 2138 1240 2210 πολλή,
1263 2139 1359 2193 καὶ
1385 2141 1420 2211 ή
1451 2139 1681 2211 ἀθυμία,
1717 2142 1810 2196 καὶ
1831 2142 1880 2194 οί

300 2232 618 2301 στεναγμοὶ,
668 2232 763 2284 καὶ
784 2233 817 2303 ή
841 2231 1131 2302 ἀδημονία,
1192 2232 1288 2287 καὶ
1331 2232 1401 2287 τὰ
1433 2232 1662 2302 δάκρυα,
1730 2235 1822 2286 καὶ
1852 2234 1880 2286 6

298 2320 396 2374 τοῦ
452 2320 755 2386 συνειδότος
809 2324 1166 2393 βασανισμὸς,
1217 2323 1313 2379 καὶ
1341 2325 1375 2393 ή
1415 2322 1619 2394 ἀπορία
1654 2320 1749 2375 τοῦ
1780 2321 1873 2374 λοο

301 2412 528 2484 γισμοῦ,
590 2416 685 2468 καὶ
729 2415 790 2467 τῦ
840 2415 1267 2488 κατακρίνεσθαι
1307 2418 1375 2488 τῇ
1439 2415 1681 2486 διανοίᾳ,
1738 2414 1879 2468 καὶὸ

300 2507 553 2571 κοπετὸς,
606 2506 699 2561 καὶ
728 2509 757 2560 6
800 2506 996 2580 θρῆνος
1041 2507 1135 2561 τοῦ
1183 2509 1323 2575 νοὸς,
1381 2509 1475 2562 καὶ
1519 2511 1548 2562 6
1580 2506 1881 2577 ὀλολυγμὸς

302 2598 400 2668 τῆς
438 2595 689 2666 καρδίας,
725 2596 819 2651 καὶ
848 2599 877 2650 6
901 2598 1260 2669 συντριμμὸς,
1325 2597 1418 2650 καὶ
1446 2598 1481 2669 ή
1510 2596 1878 2668 ταλαιπωρία,

302 2692 396 2744 καὶ
417 2691 451 2760 ή
475 2690 793 2762 στυγνότης,
816 2694 912 2746 καὶ
939 2693 971 2759 ὴ
992 2690 1359 2756 ὲξουδένωσις,
1387 2690 1561 2745 ταῦτα
1584 2694 1764 2744 πάντα
1787 2689 1883 2744 καὶ

302 2783 370 2837 τά
396 2783 641 2848 τοιαῦτα,
676 2781 823 2854 ἅπερ
879 2782 1141 2847 πολλάκις
1194 2781 1482 2853 συμόαίνει
1512 2783 1627 2846 τοῖς
1672 2784 1752 2847 είς
1780 2781 1881 2852 τὴν

304 2876 531 2946 σιδηρᾶν
592 2876 822 2946 κάμινον
865 2875 972 2929 τῶν
1038 2875 1362 2946 πειρασμῶν
1388 2874 1766 2946 βαλλομένοις,
1798 2891 1883 2927 τι-

304 2966 553 3037 μιώτερά
609 2969 726 3020 ἐστι
773 2965 869 3020 καὶ
897 2966 1402 3037 εὐπροσδεκτότερα
1425 2964 1549 3020 καθ’
1576 2965 1883 3038 ὑπερϐολὴν

301 3057 406 3126 τῆς
466 3058 878 3128 εὐαρεστήσεως
931 3056 1027 3110 τοῦ
1078 3056 1368 3128 κοσμικοῦ.
1405 3057 1647 3128 Πρόσεχε
1680 3052 1771 3111 οῦν
1805 3055 1882 3126 μὴ

305 3148 681 3221 ὐππέσῃςτῇ
716 3148 921 3221 μέμψει
980 3148 1081 3219 τῆς
1130 3148 1398 3220 λεγούσης
1451 3148 1602 3213 θείας
1658 3149 1883 3219 Γραφῆς

304 3243 371 3293 ὲκ
399 3239 690 3313 προσώπου
728 3258 846 3306 σου,
876 3241 958 3294 ὅτι
988 3240 1053 3293 Τί
1074 3239 1442 3312 ὠφελήθημεν
1468 3240 1645 3295 ἱκέται
1672 3256 1881 3310 πορευ-

305 3330 489 3394 θέντες
543 3331 774 3387 ἐνώπιον
834 3331 1071 3403 Κυρίου,
1111 3332 1208 3386 καὶ
1231 3334 1289 3385 ὲν
1311 3331 1390 3402 τῷ
1420 3333 1556 3404 οἴκῳ
1582 3331 1746 3386 αὐτοῦ
1770 3331 1884 3384 δια-

302 3421 584 3494 τρίϐοντες
623 3423 742 3492 ἀεί;
792 3425 962 3496 Δῆλον
1016 3426 1099 3478 ὅτι
1160 3425 1270 3490 πᾶς
1324 3424 1509 3489 δοῦλος
1553 3423 1720 3493 έγγίις
1779 3422 1881 3476 ὐπ-

305 3516 489 3582 άρχων
533 3515 936 3580 οἰκοδεσπότου,
972 3517 1084 3568 ἔσθ’
1124 3518 1213 3569 ὅτε
1247 3517 1342 3569 καὶ
1375 3516 1647 3586 μάστιγας
1668 3514 1883 3584 λαμϐά-

306 3626 411 3673 νει,
460 3609 557 3661 καὶ
611 3607 923 3675 κονδύλους,
977 3608 1075 3661 καὶ⁹
1098 3608 1356 3678 μέμψεις,
1389 3609 1483 3661 καὶ
1507 3607 1877 3676 όνειδισμούς·

305 3699 358 3753 οἱ
384 3698 440 3751 δὲ
467 3697 573 3763 ἔξω
604 3698 780 3765 ὄντες,
829 3699 968 3764 τέως
1029 3696 1250 3768 μακράν
1283 3699 1393 3749 εἱσι
1415 3697 1525 3751 τῶν
1568 3695 1790 3765 πληγῶν
1806 3696 1882 3758 ὠς

302 3789 597 3861 ἀλλότριοι,
636 3790 864 3861 ῆνόθοι.
905 3789 939 3859 ἢ
975 3787 1363 3858 ἀμελούμενοι.
1398 3784 1465 3839 Τί
1512 3783 1608 3839 οὐν
1662 3784 1880 3854 ὠφελή-

306 3882 509 3952 θημεν,
576 3880 767 3950 φησὶν,
826 3879 991 3948 ἡμεῖς
1034 3876 1132 3947 μὲν
1162 3875 1435 3946 θλιὸεροῖς
1458 3875 1882 3946 περιπίπτοντες

302 3972 452 4043 ψυχῇ
485 3987 544 4023 τε
574 3972 670 4024 καὶ
726 3970 960 4041 σώματι,
985 3971 1034 4023 οῖ
1079 3968 1310 4021 πάντοτε
1366 3966 1651 4038 εὐχόμενοι
1688 3982 1749 4019 τε
1787 3967 1881 4019 καὶ

302 4065 603 4135 ψάλλοντες
623 4078 638 4093 '
669 4061 720 4116 οἱ
749 4062 805 4116 δὲ
840 4064 978 4134 μήτε
1025 4061 1334 4132 εὐχόμενοι,
1375 4059 1512 4130 μήτε
1536 4057 1880 4137 ἀγρυπνοῦν-

303 4175 417 4226 τες,
451 4155 726 4227 χαίρουσι,
752 4156 846 4209 καὶ
878 4155 1286 4226 εὐφραίνονται,
1312 4151 1410 4205 καὶ
1440 4149 1874 4217 κατευοδοῦνται,

305 4248 402 4299 καὶ
465 4243 716 4314 εὐθύμως
780 4243 1120 4313 διεξάγουσιν
1166 4241 1258 4295 τὸν
1294 4239 1436 4308 βίονξ
1487 4238 1603 4302 καὶ,
1629 4238 1704 4301 ὡς
1731 4235 1883 4306 λέγει

302 4341 335 4392 6
369 4339 678 4408 προφήτης,
721 4336 857 4390 Ἰδοὺ
896 4332 1372 4403 ἀνοικοδομοῦνται
1400 4327 1541 4387 οἴκοι
1586 4328 1882 4401 ἀλλότριοι,

306 4429 400 4483 καὶ
454 4429 618 4500 ἡμεῖς
700 4427 1080 4500 μακαρίζομεν
1138 4424 1489 4496 ἀλλοτρίουςς
1542 4422 1636 4478 καὶ
1687 4420 1885 4489 ἐπάγει

305 4522 501 4592 λέγων,
552 4519 738 4576 Ταῦτα
794 4520 1170 4591 κατελάλησαν
1201 4519 1251 4573 οί
1289 4517 1467 4573 δοῦλοι
1510 4517 1607 4570 τοῦ
1644 4513 1805 4581 Θεοῦ,
1836 4512 1886 4567 οἱ

304 4617 405 4686 τὴν
459 4616 663 4686 γνῶσιν
715 4613 954 4685 ἔχοντες.
1022 4610 1166 4668 Ἀλλ’
1220 4611 1370 4682 ὅμως
1413 4608 1521 4681 χρὴ
1548 4608 1772 4673 ειδέναι,
1803 4598 1886 4661 ὅτι

304 4703 458 4759 οὐδὲν
520 4702 671 4768 ξένον
730 4703 1034 4773 πάσχουσιν
1078 4699 1413 4770 θλιϐόμενοι,
1464 4697 1563 4752 καὶ
1612 4696 1888 4769 διαφόρως

307 4796 637 4865 λυπούμενοι
682 4794 750 4849 τά
778 4795 872 4849 τοῦ
897 4793 1166 4847 Δεσπότου
1196 4791 1378 4846 αὐτῶν
1411 4788 1774 4861 ὑπομένοντες
1798 4787 1889 4842 διά

307 4882 520 4938 πολλῶν
578 4883 923 4954 πειρασμῶν.
968 4883 1245 4936 Ἤκουσαν
1271 4880 1383 4952 γάρ
1411 4879 1583 4934 αὐτοῦ
1632 4879 1888 4949 λέγοντος

305 4978 364 5029 ὲν
383 4977 495 5039 τοῖς
517 4974 904 5043 Εὐαγγελίοις·
943 4991 964 5026 ι
1012 4971 1186 5044 Ἀμήν
1250 4972 1399 5040 λέγω
1430 4971 1580 5041 ὐμῐν,
1611 4971 1694 5025 ὅτι
1717 4971 1888 5024 κλαύ-

309 5081 454 5131 σετε,
509 5063 607 5118 καλ⁵
653 5064 959 5135 θρηνήσετε
1013 5061 1175 5132 ὑμεῖς
1230 5062 1281 5115 οί
1332 5059 1562 5133 πλησίον
1622 5077 1748 5131 μου,
1776 5062 1804 5114 6
1832 5059 1887 5112 δὲ

306 5157 512 5228 κόσμος
545 5157 867 5227 χαρήσεται.
896 5173 914 5206 ›
950 5153 1090 5208 Ἀλλ’
1125 5152 1205 5207 ἑτι
1237 5152 1452 5225 μικρὸν,
1479 5153 1570 5207 καὶ
1595 5151 1888 5221 ἐπισκέψο-

310 5266 408 5319 μαι
464 5249 612 5316 ὐμᾶς
651 5246 740 5301 διὰ
767 5245 863 5299 τοῦ
921 5246 1302 5317 Παρακλήτου,
1355 5246 1450 5298 καὶ
1501 5244 1743 5311 ὲκδιώξω
1786 5242 1887 5314 τὴν

306 5336 548 5406 ἀθυμίαν
602 5337 778 5406 ὑμῶν,
841 5336 935 5389 καὶ
979 5337 1357 5405 ἀνακτήσομαι
1411 5335 1556 5404 ὑμᾶς
1604 5333 1887 5403 λογισμοῖς

307 5429 563 5502 οὐρανίου
617 5429 783 5500 ζωῆς,
830 5431 924 5483 καὶ
959 5429 1337 5492 ἀναπαύσεως,
1376 5428 1470 5483 καὶ
1502 5427 1733 5500 δάκρυσι
1759 5427 1886 5495 γλυ-

308 5524 513 5588 κεροῖς,
549 5512 624 5574 ὧν
653 5520 838 5586 ὀλίγας
858 5520 1072 5590 ἡμέρας
1107 5519 1438 5591 ἐστερήθητε
1479 5518 1883 5590 πειραζόμενοι·

310 5616 398 5661 ντὶ
426 5613 677 5666 ἐπιδώσω
705 5614 832 5682 ὑμῖν
865 5611 953 5665 τὸν
973 5612 1181 5682 μασθὸν
1209 5613 1309 5681 τῆς
1336 5611 1559 5685 χάριτός
1592 5629 1714 5682 μου,
1746 5610 1888 5665 καθά

314 5721 496 5775 ιὴτηρ
537 5705 615 5773 τῷ
671 5703 861 5774 βρέφει
908 5705 983 5774 τῷ
1023 5703 1554 5776 κλαυθμυριζομένῳ
1586 5743 1601 5771 ,
1661 5704 1755 5756 καὶ
1803 5705 1885 5756 ἐν·

1965 1141 2173 1211 ισχύσω
2196 1128 2197 1131 ¹
2221 1140 2366 1206 ὑμᾶς
2394 1144 2462 1213 τῇ
2492 1141 2698 1198 ἄνωθεν
2736 1142 2966 1212 δυνάμει
2994 1143 3120 1204 τούς
3144 1138 3539 1212 ὲξασθενήσανο

1962 1249 2062 1294 τας
2101 1232 2160 1284 ὲν
2211 1232 2288 1301 τῷ
2344 1232 2702 1302 πολεμεῖσθαι
2735 1250 2747 1263 ·
2793 1234 2890 1287 καὶ
2942 1232 3343 1301 καταγλυκανῶ
3394 1233 3541 1302 ὑμᾶς

1961 1323 2088 1386 τούς
2135 1322 2532 1394 πικρανθέντας
2567 1364 2584 1389 ,
2633 1324 2710 1387 ὡς
2768 1324 2921 1393 λέγει
3006 1324 3278 1395 Ἱερεμίας
3319 1325 3378 1376 ὲν
3426 1328 3542 1387 τοῖς

1962 1411 2194 1482 Θρήνόις
2241 1414 2371 1482 περὶ
2418 1414 2517 1484 τῆς
2548 1416 2605 1467 ὲν
2628 1412 2859 1485 κρυπτῷ
2882 1414 3391 1486 σου,’ῐερουσαλὴμ,
3423 1412 3543 1468 ἀλλ’

1961 1501 2162 1572 ὄψομαι
2222 1504 2387 1573 ὑμᾶς,
2417 1505 2511 1557 καὶ
2539 1505 2841 1575 χαρήσεται
2862 1506 2897 1575 ἡ
2922 1504 3120 1576 καρδία
3149 1505 3303 1574 ὐμῶν
3330 1505 3420 1559 διὰ
3438 1507 3539 1575 τῆς
3562 1523 3567 1527 ·

1971 1594 2223 1664 κρυπτῆς
2248 1596 2612 1664 ἐπισκέψεως,
2673 1596 2769 1651 καὶ
2805 1597 2839 1667 ή
2865 1595 3046 1666 θλίψις
3078 1596 3233 1667 ὐμῶν
3260 1598 3336 1661 είς
3364 1597 3542 1669 χαρὰν

1965 1687 2459 1759 μεταϐληθήσεται,
2508 1691 2605 1745 καὶ
2638 1690 2739 1763 τὴν
2772 1690 2965 1761 ,χαρὰν
2991 1690 3147 1761 ὐμῶν
3176 1692 3353 1756 οὐδεὶς
3373 1692 3538 1762 δυνή-

1965 1794 2118 1831 σεται
2172 1772 2324 1849 ἆραι.
2357 1780 2449 1848 Μὴ
2509 1776 2604 1834 οὖν
2640 1780 3048 1852 μυωπάζωμεν,
3108 1781 3244 1853 μηδὲ
3265 1781 3542 1854 ἀδλεπτή-

1965 1886 2167 1941 σωμεν,
2228 1871 2628 1941 μακαρίζοντες
2681 1873 2826 1945 ὑπὲρ
2857 1875 3010 1946 ήμᾶς
3052 1876 3356 1947 κοσμικούς
3377 1893 3392 1908 ·
3421 1876 3540 1930 ἀλλ’

1963 1961 2319 2031 ἐπιστάμενοι
2367 1962 2467 2034 τήν
2523 1964 2789 2036 διαφορὰν
2852 1966 2962 2021 τῶν
2994 1969 3237 2039 γνησίων
3260 1969 3412 2034 υἱῶν,
3444 1969 3540 2022 καὶ

1962 2052 2071 2106 τῶν
2098 2051 2289 2117 νόθων,
2350 2054 2552 2124 μᾶλλον
2618 2056 3002 2129 ἀσωσώμεθα
3041 2058 3139 2129 τήν
3175 2059 3541 2130 νομιζομένην

1962 2137 2070 2193 τῶν
2128 2141 2381 2212 μοναχῶν
2424 2143 2727 2216 ἀθλιότητά
2782 2165 2843 2201 τε
2882 2149 2979 2204 καὶ
3026 2148 3260 2218 σφοδράν
3297 2151 3542 2204 καταπό-

1964 2247 2139 2299 νησιν,
2191 2229 2258 2303 ἦς
2276 2234 2339 2288 τὸ
2367 2234 2520 2297 τέλος
2584 2236 2667 2298 εἰς
2724 2235 2871 2306 ζωὴν
2904 2239 3125 2292 αἰώνιον
3146 2240 3410 2305 έκόαίνει,
3444 2240 3541 2295 καὶ

1963 2325 2041 2386 εἰς
2064 2324 2155 2377 τὸν
2183 2326 2554 2396 ἀμαράντινον
2584 2328 2683 2398 τῆς
2703 2328 2863 2399 δόξης
2894 2328 2988 2383 τοῦ
3005 2331 3213 2400 Κυρίου
3251 2333 3535 2399 στέφανον.

1988 2416 2373 2488 Ασπασὼμεθα
2423 2415 2519 2472 οῦν
2544 2419 2643 2491 τὴν
2685 2420 2794 2474 τῶν
2840 2420 3142 2476 δοκούντων
3191 2423 3538 2494 ἁμαρτωλῶν

1962 2510 2238 2581 ἀσκητῶν,
2270 2512 2357 2564 ἵνα
2386 2513 2460 2583 μὴ
2487 2512 2632 2581 λέγω
2665 2512 2912 2578 δικαίων,
2981 2513 3356 2584 ταλαιπωρίαν
3378 2531 3392 2545 ο
3442 2515 3538 2567 καὶ

1961 2602 2021 2655 τὸ
2051 2602 2552 2673 παραρῤιπτεῖσθαι
2574 2605 2632 2656 έν
2666 2601 2744 2671 τῷ
2781 2603 2917 2673 οῖκῳ
2943 2602 3040 2656 τοῦ
3074 2601 3210 2655 Θεοῦ
3241 2618 3255 2632 ο
3286 2603 3536 2656 τουτέστι

1962 2695 2038 2764 τῷ
2053 2696 2294 2764 τάγματι
2305 2694 2415 2749 τῶν
2427 2695 2790 2750 δουλευόντων
2812 2694 3172 2758 ἀδιαλείπτως
3186 2695 3265 2766 τῷ
3290 2695 3533 2766 Χριστῷ*

1964 2787 2056 2840 καὶ
2086 2787 2161 2857 μὴ
2215 2789 2386 2841 οἰκεῖν
2414 2788 2472 2840 έν
2516 2786 2873 2859 σκηνώμασιν
2933 2786 3293 2858 ἁμαρτωλῶν,
3349 2786 3537 2859 ἢσυν-

1963 2877 2400 2957 ἀναστρέφεσθαι
2456 2880 2572 2941 τοῖς
2633 2880 2938 2949 κοσμικοῖς,
2984 2878 3087 2932 κᾶν
3137 2878 3236 2941 τὰς
3294 2878 3538 2949 μεγάλας

1964 2968 2159 3023 ποιῶσι
2179 2968 2551 3034 δικαιοσύνας.
2583 2970 2750 3038 Λέγει
2789 2970 2900 3040 γάρ
2928 2970 3066 3041 πρὸς
3089 2969 3150 3023 σέ
3169 2986 3182 3001 ·
3211 2966 3281 3023 Ὦ
3307 2972 3535 3041 μοναχὲ.

1962 3059 1990 3111 6
2012 3059 2202 3130 Πατήρ
2235 3076 2328 3113 σου
2350 3062 2379 3113 6
2408 3060 2685 3131 οὐράνιος,
2715 3062 2742 3113 6
2768 3059 3144 3131 ὑπεραγαπῶν
3161 3077 3243 3126 σε,
3278 3061 3372 3116 καὶ
3427 3061 3540 3116 θλί-

1962 3149 2094 3214 ϐων,
2150 3146 2248 3205 καὶ
2299 3151 2623 3206 καταπονῶν
2672 3168 2730 3205 σε
2763 3152 2823 3206 ὲν
2858 3151 3128 3210 ποικίλοις
3186 3156 3535 3224 πειρασμοῖς,

1961 3235 2022 3295 εὖ
2044 3239 2178 3304 ῖσθι,
2215 3241 2415 3311 μοναχδ
2462 3239 2799 3310 ταλαίπωρε,
2836 3238 3130 3303 ὅτι’καθὼς
3159 3239 3250 3293 διὰ
3279 3240 3372 3294 τοῦ
3397 3241 3538 3311 Προ-

1964 3331 2136 3401 φήτου
2167 3330 2429 3403 ἐλάλησα,
2464 3329 2659 3400 ἔσομαί
2687 3345 2782 3383 σου
2806 3328 3120 3399 παιδευτὴς,
3154 3329 3249 3384 καὶ
3296 3331 3537 3399 ἀπαντή-

1965 3422 2131 3494 σομαί
2173 3439 2257 3476 σοι
2321 3421 2464 3477 κατὰ
2517 3422 2617 3493 τὴν
2650 3420 2768 3475 ὁδὸν
2797 3419 3102 3487 Αἰγύπτου,
3123 3422 3235 3484 τοῖς
3266 3419 3535 3492 θλιϐεροῖς

1965 3532 2026 3569 σε
2069 3513 2474 3585 διαγυμνάζων,
2529 3513 2627 3568 καὶ
2668 3511 2767 3576 τὰς
2813 3510 2969 3576 ὁδούς
3037 3527 3131 3564 σου
3175 3510 3274 3574 τὰς
3326 3509 3535 3580 ψεκτάς

1964 3605 2154 3675 φράξω
2183 3607 2241 3656 ἐν
2267 3604 2505 3671 σκώλοψι
2564 3605 2663 3674 τῆς
2723 3602 2967 3675 ἐμαυτοῦ
3019 3602 3297 3673 προνοίας,
3328 3601 3535 3658 νύττων

1965 3693 2277 3762 συμφοραῖς
2332 3692 2640 3761 ἀδοκήτοις,
2698 3693 2794 3745 καὶ
2821 3694 3148 3762 ἐμποδίζων,
3175 3694 3263 3749 ἵνα
3294 3694 3371 3764 μὴ
3395 3694 3538 3766 ἆπερ

1964 3782 2232 3853 βούλειτῇ
2263 3782 2478 3851 ἀνοήτῳ
2544 3780 2764 3852 καρδίᾳ,
2816 3781 2993 3835 ταῦτα
3039 3784 3258 3847 πάντως
3307 3788 3401 3840 καὶ
3456 3789 3537 3850 είς

1961 3875 2122 3945 ἔργον
2152 3874 2416 3945 ὲκφέρῃς.
2447 3874 2558 3927 Καὶ
2582 3872 2772 3943 φράξω
2789 3872 2890 3943 τήν
2918 3872 3195 3926 θάλασσαν
3218 3874 3328 3926 τῶν
3345 3878 3535 3930 παθῶν

1962 3984 2077 4029 σου,
2135 3969 2254 4030 ταῖς
2290 3966 2486 4028 πύλαις
2511 3965 2621 4019 τῶν
2654 3965 2895 4035 ἐμαυτοῦ
2924 3964 3258 4036 οίκτιρμῶν·
3289 3966 3383 4020 καὶ
3414 3966 3534 4020 ἔσο-

1964 4053 2061 4124 μαί
2093 4069 2176 4106 σοι
2232 4051 2421 4124 ὥσπερ
2461 4051 2564 4123 θὴρ
2631 4048 2724 4122 [ἐν
2762 4051 2906 4106 ἄλλ.
2967 4052 3174 4123 πατὴρ,
3202 4052 3236 4124 ἢ
3267 4053 3529 4126 ⁴πάνθηρ],

1961 4143 2265 4200 κατεσθίων
2312 4161 2373 4197 σε
2429 4143 2710 4214 λογισμοῖς
2761 4142 3048 4214 μέμψεως,
3098 4145 3197 4198 καὶ
3244 4145 3532 4214 καταγνώ-

1963 4254 2098 4299 σεως
2133 4275 2149 4301 ,
2211 4236 2307 4290 καὶ¹
2369 4234 2737 4306 μεταμελείας
2799 4236 2858 4290 έν
2903 4237 2969 4306 τῇ
3019 4235 3370 4307 συναισθήσει
3424 4236 3532 4290 τῶν

1960 4326 2314 4397 ἠγνοημένων
2365 4343 2467 4382 σοι.
2527 4324 2715 4380 Ταῦτα
2743 4325 2801 4380 δὲ
2831 4325 3013 4380 πάντα
3046 4324 3114 4380 τά
3160 4326 3408 4398 θλιὸερά,
3435 4344 3532 4398 με-

1960 4417 2119 4489 γίστη
2150 4417 2311 4489 χάρις
2360 4417 2517 4471 Θεοῦ.
2561 4419 2637 4472 Οὐ
2671 4418 2831 4489 μόνον
2859 4417 2918 4472 δὲ
2972 4417 3209 4489 πάνθηρ,
3269 4419 3404 4472 ἀλλά
3437 4419 3532 4472 καὶ

1959 4510 2187 4582 κέντρον
2240 4526 2325 4564 σοι
2366 4509 2563 4581 ἔσομαι
2593 4511 2706 4573 τοῖς
2742 4510 2841 4582 τῆς
2873 4507 3217 4575 κατανύξεως
3253 4509 3531 4579 λογισμοῖς

1955 4599 2257 4672 τιτρῶσκόν
2309 4615 2390 4666 σε,
2423 4601 2518 4654 καὶ
2574 4599 2758 4665 πόνοις
2818 4599 3155 4671 καρδιακοῖς,
3210 4601 3307 4655 καὶ
3352 4602 3414 4654 οὐ
3448 4600 3525 4671 μή

1954 4691 2180 4766 διαλίπῃ
2215 4692 2376 4763 ὀδύνη
2404 4694 2470 4747 ὲκ
2498 4691 2592 4746 τοῦ
2615 4693 2768 4747 οίκου
2801 4709 2918 4756 σου,
2952 4691 3199 4763 δηλονότι
3228 4692 3326 4763 τῆς
3349 4691 3529 4765 ψυχῆς

1957 4785 2054 4842 καὶ
2092 4786 2187 4841 τοῦ
2243 4786 2496 4857 σώματος
2548 4786 2732 4851 καλῶς
2777 4787 2872 4841 καὶ
2906 4785 3199 4857 ὠφελίμως
3222 4784 3526 4857 ξενομένων

1957 4882 2072 4943 τοῖς
2096 4878 2191 4932 τοῦ
2234 4878 2370 4933 Θεοῦ
2431 4878 2689 4948 γλυκέσιν
2746 4878 2914 4945 ὅντως
2932 4919 2948 4944 ,
3005 4881 3097 4936 καὶ
3151 4879 3531 4951 μελιστάκτοις

1961 4967 2362 5038 κολαστηρίοις.
2410 4966 2484 5020 T6
2519 4966 2578 5019 δὲ
2603 4964 2757 5028 τέλος
2795 4963 2905 5017 τῶν
2954 4961 3250 5026 κολάσεων,
3296 4960 3529 5017 καὶτῶν

1960 5061 2159 5127 πόνων,
2191 5059 2286 5112 καὶ
2312 5058 2413 5128 τῆς
2462 5054 2830 5127 έκταράξεως,
2865 5052 2962 5108 καὶ
2983 5052 3086 5123 τῆς
3123 5051 3412 5124 ἐντροπῆς,
3440 5052 3528 5106 xar-

1959 5154 2067 5209 τῶν
2088 5150 2290 5222 φόϐων,
2319 5148 2414 5203 καὶ
2449 5147 2557 5201 τῶν
2588 5145 2955 5216 ἀπελπισμῶν
2971 5142 3083 5197 τῶν
3113 5141 3529 5213 ἐπισυμδαίνει.

1959 5240 2246 5303 εἰωθότων,
2280 5239 2392 5300 τοῖς
2424 5238 2612 5291 ἀσκεῖν
2662 5233 3039 5304 προθεμένοις,
3062 5230 3271 5285 τούτων
3321 5230 3535 5284 πάντων

1958 5333 2065 5386 τῶν
2100 5327 2453 5401 κσκυθρωπῶν
2478 5328 2538 5382 τὸ
2567 5327 2743 5391 τέλος,
2792 5325 2936 5395 χαρά
2981 5325 3133 5377 ἐστιν
3188 5321 3533 5393 δπουράνιος.

1959 5424 2054 5480 καὶ
2094 5423 2275 5493 τρυφὴ
2321 5420 2749 5491 ἁνερμήνευτος,
2806 5417 2901 5469 καὶ
2969 5413 3095 5479 δόξα
3151 5411 3534 5480 άνεκλάλητος.

1961 5517 2054 5572 καὶ
2093 5514 2412 5583 ἀγαλλίασις
2445 5513 2891 5570 ἀκατάπαυστος.
2931 5506 3032 5561 Διά
3074 5506 3184 5577 γὰρ
3209 5505 3367 5558 τοῦτο
3392 5502 3533 5555 έθλι-

1965 5611 2036 5682 ,μά
2087 5624 2168 5675 σε,
2218 5610 2403 5677 φησὶν,
2451 5605 2539 5657 ἵνα
2590 5601 2827 5673 ψωμίσω
2860 5616 2919 5652 σε
2948 5599 3009 5652 τὸ
3038 5598 3215 5669 μάννα
3245 5595 3347 5666 τῆς
3397 5592 3533 5663 γνώσ

1962 5717 2119 5766 σεως,
2168 5698 2263 5753 καὶ
2295 5693 2703 5765 ἐλιμαγχόνησά
2751 5708 2833 5755 σε,
2874 5691 2964 5746 ἵνα
3000 5686 3059 5743 εὖ
3096 5688 3309 5753 ποιήσω
3364 5702 3422 5740 σε
3449 5683 3533 5739 ἐπ’
