4014 6122
473 283 611 351 1859

477 417 744 489 ἐσχάτων,
777 413 869 467 καί
896 412 977 477 εἰς
999 411 1097 482 τὴν
1124 410 1237 464 ἀνω
1269 407 1549 480 βασιλείαν
1575 405 1776 470 εἰσάξω
1808 421 1888 459 σε.
1922 404 2056 458 Τότε

460 506 588 578 709
615 504 959 574 σκιρτήσετε,
996 503 1047 555 οί
1079 499 1330 555 ταπεινοὶ
1392 498 1648 569 μοναχοί,
1678 494 1929 566 καθάπερ
1960 509 2058 563 μο-

481 598 682 667 σχάρια
728 593 1067 649 ἀπολυθέντα
1127 591 1236 645 τῶν
1281 590 1515 660 δεσμῶν,
1547 589 1733 642 παθῶν
1758 604 1816 640 τε
1837 586 2055 658 σαρκὸς,

479 689 576 742 καί
594 685 920 758 πειρασμῶν
947 685 1055 737 τῶν
1080 682 1175 754 έχθ
1187 682 1317 755 ρῶν.
1349 682 1459 736 Καὶ
1485 681 1605 734 τότε
1636 679 2056 748 καταπατήσετε

480 782 608 845 τοὺς
666 779 903 851 ἀνόμους
958 776 1242 847 δαίμονας,
1302 777 1430 840 τοὺς
1460 775 1555 829 νῦν
1575 772 2057 833 καταπατοῦνταςσ
2084 772 2111 781 ’

483 875 580 928 καὶ
609 872 823 926 εσονται
848 869 1044 933 σποδὸς
1087 869 1350 924 ὑποκάτω
1373 868 1484 921 τῶν
1506 866 1681 922 ποδῶν
1709 865 1886 937 ὑμῶν.
1933 862 2060 917 Ἐἀν

486 962 598 1034 γάρ
649 959 908 1031 θεοσεϐὴς
936 961 1029 1014 καὶ⁵
1056 958 1432 1030 ταπεινόφρων
1457 958 1727 1029 ύπάρχῃς,
1771 955 1847 1027 μη
1889 956 2062 1028 ὑπερ-

485 1055 775 1127 αιρόμενος
794 1054 874 1123 τῷ
923 1053 1140 1124 ματαίῳ
1167 1052 1318 1124 δγκῳ
1343 1092 1357 1117 ,
1394 1053 1532 1124 μήτε
1569 1050 2060 1123 προπετευόμενος,

484 1144 621 1197 ἀλλά
671 1144 1145 1212 κατανενυγμένος
1192 1145 1258 1214 τῇ
1294 1143 1515 1214 καρδίᾳ,
1572 1145 1666 1197 καὶ
1716 1143 2063 1214 λογιζόμενος

490 1235 682 1289 ἑαυτὸν
725 1235 944 1305 ἀχρεῖον
970 1233 1157 1287 δοῦλον
1186 1229 1346 1301 εῖναι,
1383 1235 1479 1288 καὶ
1502 1235 1961 1307 συντετριμμένος
1984 1235 2063 1307 τῷ

488 1325 802 1395 πνεύματι·
855 1325 953 1379 000
1000 1324 1245 1389 τοιοῦτος
1311 1327 1695 1397 ταπεινόφρων
1758 1327 2014 1400 ὑπάρχῃς
2044 1367 2060 1392 ,

487 1416 863 1489 διαφορωτέρα
899 1417 1050 1472 ἔστὶν
1096 1419 1132 1489 ἡ
1173 1417 1242 1490 σὴ
1266 1458 1282 1483 ,
1333 1411 1379 1472 ὦ
1433 1419 1652 1489 μοναχὲ,
1693 1418 2060 1489 πλημμέλεια,

487 1509 589 1578 τῆς
620 1508 968 1581 δικαιοσύνης
1007 1509 1119 1564 τῶν
1165 1512 1468 1581 κοσμικῶν,
1520 1512 1615 1565 καὶ
1664 1513 2063 1583 ἀναγκαιότερα

489 1602 559 1654 :0
590 1602 659 1654 00
692 1601 862 1672 ρύπη,
896 1603 995 1672 τῆς
1026 1602 1136 1656 τῶν
1158 1602 1426 1673 βιωτικῶν
1454 1603 1697 1673 μεγάλης
1722 1603 2060 1674 καθάρσεως.

493 1691 559 1744 Τί
596 1692 706 1765 γάρ
756 1694 906 1746 ἐστιν
943 1693 1012 1747 δι’
1040 1693 1069 1746 ὃ
1100 1691 1323 1765 θλίϐλῃ;
1380 1694 1600 1757 πάντως
1649 1695 1839 1766 μῶμος
1886 1695 2063 1767 ὑπάρ-

489 1802 576 1855 χει
605 1786 915 1855 ὲπισυμϐάς
935 1801 949 1815 ⁸
991 1785 1130 1839 ἀλλά
1190 1784 1358 1855 βλέπε
1388 1786 1509 1839 τινὰ
1545 1784 1829 1859 ἄνθρωπον
1855 1803 2063 1842 πισσω-

493 1877 657 1932 θέντα
719 1879 818 1942 τὰς
861 1879 1069 1949 χεῖρας,
1092 1877 1160 1931 δι’
1189 1877 1374 1945 ὀλίγου
1426 1877 1606 1931 ἐλαίου
1640 1877 2059 1947 καθαρισθέντα.

491 1966 681 2037 Πολλῷ
723 1966 817 2022 οὖν
868 1968 1069 2038 μᾶλλον
1128 1968 1192 2021 σὺ
1245 1967 1473 2021 δύνασαι
1523 1967 1924 2038 καθαρισθῆναι
1985 1971 2065 2042 τῷ

491 2054 634 2108 ἐλέει
660 2055 755 2109 τοῦ
806 2056 966 2112 Θεοῦ.
994 2057 1205 2127 ’Ὥσπερ
1253 2058 1362 2127 γάρ
1403 2074 1483 2111 σοι
1513 2058 1612 2111 οὐκ
1667 2060 1782 2111 εστι
1808 2060 2065 2114 δύσκολον

492 2144 692 2200 πλῦναί
736 2163 831 2200 σου
865 2148 926 2201 τὸ
956 2147 1188 2218 ἱμάτιον,
1215 2148 1387 2212 οὕτως
1415 2151 1549 2203 πολὺ
1606 2152 1807 2220 μᾶλλον
1826 2154 1925 2205 οὐκ
1945 2153 2060 2208 ἔστι

493 2237 750 2311 δυσχερὲς
777 2239 856 2310 τῷ
888 2241 1078 2311 Κυρίῳ
1112 2240 1310 2295 πλῦναί
1349 2258 1408 2294 σε
1448 2244 1556 2296 ἀπὸ
1600 2245 1798 2308 παντὸς
1852 2244 2064 2317 μώμου,

495 2329 601 2387 κᾶν
632 2330 754 2384 καθ’
789 2331 1047 2403 ἑκάστην,
1082 2333 1158 2397 ῶς
1194 2334 1361 2398 εἰκὸς,
1411 2336 1696 2406 ἐγγίνηται
1727 2336 1784 2402 ἐξ
1822 2337 2065 2408 ἀνάγκης

496 2426 825 2499 πειρασμός.
862 2428 952 2481 Ἑν
969 2428 1077 2498 γὰρ
1105 2427 1182 2499 τῷ
1211 2428 1391 2499 λέγειν
1425 2446 1504 2496 σε,
1534 2431 1826 2501 ’Ἥμαρτον
1846 2431 1923 2501 τῷ
1951 2433 2067 2486 Κυ-

500 2521 623 2589 ρίῳ,
651 2519 943 2591 ἀπόκρισις
964 2519 1188 2585 δίδοται,
1225 2521 1532 2591 Ἀφέωνταί
1558 2538 1651 2574 σου
1676 2522 1733 2576 αἱ
1766 2522 2025 2593 ἁμαρτίαι
2049 2538 2064 2553 ο

497 2608 610 2679 ἐγὼ
663 2611 831 2681 εἰμίό
874 2610 1172 2681 έξαλείφων
1204 2651 1220 2675 ,
1276 2611 1371 2666 καὶ
1407 2612 1467 2665 οὐ
1507 2613 1581 2682 μὴ
1631 2613 1877 2684 μνησθῶ.
1932 2612 2068 2666 Καθ’

496 2701 624 2755 ὅσον
650 2701 759 2771 709
781 2701 1075 2773 ἀπέχουσιν
1102 2702 1358 2758 ἀνατολαὶ
1386 2703 1496 2757 ἀπὸ
1523 2704 1762 2774 δυσμῶν,
1786 2706 2071 2775 ὲμάκρυνα

499 2793 608 2847 ἀπὸ
642 2794 736 2847 σοῦ
788 2793 890 2858 τὰς
933 2795 1209 2867 ἁμαρτίας
1250 2811 1344 2848 σου
1378 2810 1393 2826 ο
1432 2796 1528 2851 καὶ
1570 2795 1755 2860 καθὼς
1811 2796 2071 2869 οἰκτείρει

500 2886 687 2958 πατὴρ
732 2888 904 2953 υἰοὺς,
952 2886 1063 2956 ἐγὼ
1113 2888 1478 2959 κατοικτείρω
1518 2905 1601 2944 σε.
1664 2889 1844 2944 Μόνον
1900 2892 1966 2944 σὺ
1996 2892 2070 2962 μὴ

499 2982 743 3051 ἀποστῇς
799 2981 934 3052 μηδὲ
994 2980 1359 3053 ἀποπηδήσῃς
1390 2980 1485 3034 τοῦ
1516 2979 1877 3053 ὲκλεξαμένου
1907 2997 1968 3035 σε
1992 2985 2073 3045 εἰς

501 3072 562 3123 τὸ
586 3070 811 3139 ψάλλειν
859 3071 956 3124 καὶ¹
1010 3071 1288 3142 εὔχεσθαι,
1324 3074 1463 3128 ἀλλὰ
1494 3073 1787 3145 κολλήθητι
1832 3074 1983 3144 αὐτῷ
2014 3077 2074 3129 00

502 3160 653 3231 πάσῃ
686 3164 750 3231 τῇ
779 3164 890 3232 ζωῇ
920 3177 1034 3224 σου,
1061 3163 1170 3214 εἴτε
1198 3165 1288 3216 διὰ
1315 3165 1630 3236 παρρησίας
1664 3166 1935 3239 καθαρᾶς,
1962 3167 2075 3221 εἴτε

501 3252 574 3308 δι’
591 3254 974 3325 ἀναισχυντίας
990 3252 1297 3319 θεοσεϐοῦς,
1332 3256 1424 3308 καὶ
1453 3258 1688 3327 στερρᾶς
1711 3258 1859 3328 αὺτῷ
1884 3260 2075 3330 ἐξομο-

503 3344 802 3415 λογήσεως,
833 3346 928 3399 καὶ
963 3345 1126 3409 αύτός
1157 3362 1217 3398 σε
1252 3346 1542 3418 καθαρίζει
1573 3347 1653 3419 τῷ
1685 3347 1799 3420 ίδίῳ
1819 3350 2072 3422 νεύματι.

511 3437 579 3489 Ἀ
602 3437 710 3507 709
744 3438 772 3488 0
794 3435 925 3499 Θεὸς
959 3438 1025 3508 τῇ
1055 3436 1247 3490 ἑαυτοῦ
1291 3437 1544 3509 βουλήσει
1590 3439 1898 3512 καθαρίζει,
1956 3442 2078 3495 οὐδὲ

507 3526 670 3589 αὐτὸς
727 3526 933 3596 Πέτρος
970 3528 998 3579 0
1036 3527 1209 3595 μέγας
1255 3528 1554 3593 ἀπόστολος
1615 3532 1872 3584 κοινῶσαι
1918 3532 2079 3604 δυνή-

508 3633 682 3682 σεται,
710 3615 743 3687 ἦ
768 3615 1243 3671 καταδικάσασθαι
1301 3617 1392 3689 [ἐν
1411 3618 1553 3673 ἄλλ.
1582 3620 1952 3694 κατακρίναι].
1982 3624 2075 3677 Et-

513 3722 676 3776 ρηται
715 3707 826 3777 γὰρ
864 3705 1000 3777 πρὸς
1030 3706 1215 3770 αὐτὸν,
1252 3706 1319 3759 "A
1350 3708 1379 3758 0
1399 3706 1532 3771 Θεὸς
1558 3707 1874 3780 ὲκαθάρισε,
1900 3711 1964 3763 σὺ
2002 3711 2077 3782 μὴ

507 3795 711 3850 κοίνου.
749 3795 813 3847 Εἰ
855 3795 955 3867 γάρ
983 3796 1013 3849 ό
1040 3794 1175 3859 Θεός
1220 3797 1367 3849 00:10
1395 3798 1425 3850 0
1450 3799 1515 3868 τῇ
1543 3797 1720 3868 οἰκείᾳ
1769 3798 2078 3869 φιλανθρω-

507 3887 611 3961 πίᾳ
641 3885 936 3950 δικαιώσας
967 3889 1137 3959 ἡμᾶς,
1174 3888 1258 3951 τίς
1289 3887 1442 3941 ἔσται
1479 3890 1508 3942 0
1528 3889 1872 3960 κατακρίνων
1898 3890 2078 3959 ὴμᾶςς

507 3981 955 4050 ἐπικαλουμένων
1013 3984 1123 4052 γὰρ
1186 3981 1344 4052 ἡμῶν
1388 3981 1451 4034 τὸ
1497 3980 1667 4049 ὄνομα
1721 3981 1816 4034 τοῦ
1868 3981 2076 4052 Κυρίου

507 4071 666 4142 ἡμῶν
709 4070 887 4141 Ἰησοῦ
931 4069 1190 4141 Χριστοῦ,
1226 4069 1483 4141 εὐμαρῶς
1513 4069 1925 4141 καθαρίζεταιή
1956 4088 2080 4123 συν-

508 4163 714 4234 είδησις
754 4163 947 4232 ἡμῶν·
985 4164 1080 4216 καὶ
1119 4163 1273 4216 οὐδὲν
1323 4162 1591 4232 διακρίνει
1625 4163 1896 4232 ἀναμέσον
1923 4160 2081 4234 ἡμῶν

507 4271 593 4319 τε,
629 4255 723 4307 καί⁵
769 4254 1086 4324 προφητῶν,
1123 4255 1221 4307 καί
1268 4253 1378 4307 τῶν
1411 4254 1587 4307 ἄλλων
1629 4255 1824 4322 ἀγίων.
1866 4258 1943 4311 Οὐ
1972 4258 2080 4328 709

511 4344 666 4399 ἔθετο
703 4345 851 4415 ἡμᾶς
887 4346 917 4398 0
942 4343 1077 4407 Θεὸς
1126 4345 1206 4406 εἰς
1237 4342 1423 4414 ὀργὴν,
1481 4344 1594 4397 ἀλλ’
1626 4345 1707 4409 εἰς
1731 4347 2082 4416 περιποίησιν

509 4435 599 4490 διὰ
644 4436 740 4489 τοῦ
790 4435 997 4508 Κυρίου
1045 4434 1203 4505 ήμῶν
1249 4434 1422 4506 Ἰησοῦ
1469 4435 1711 4507 Χριστοῦ
1738 4436 1831 4491 τοῦ
1878 4438 2085 4494 ἀποθα·

511 4527 693 4590 000:0;
715 4525 860 4597 ὑπὲρ
889 4526 1070 4597 ἡμῶν,
1098 4526 1184 4579 ’ίνα
1209 4525 1319 4578 εἴτε
1353 4526 1720 4598 γρηγορῶμεν
1740 4528 1798 4580 ὲν
1835 4528 2079 4600 ἀρεταῖς,

513 4620 625 4674 εἴτε
656 4617 989 4687 καθεύδομεν
1021 4617 1164 4671 κατά
1187 4633 1308 4670 τινα
1335 4617 1676 4687 περίστασιν,
1702 4619 1777 4684 ῶς
1804 4621 1971 4684 εἰκὸς,
2026 4622 2083 4675 εν

511 4694 659 4765 τισιν
693 4707 1090 4779 ἐλαττώμασιν,
1121 4708 1237 4777 ἀμα
1265 4709 1362 4761 σὺν
1387 4708 1611 4780 Χριστῷ
1636 4707 1915 4780 ζήσωμεν,
1943 4713 2081 4785 πρὸς

515 4804 678 4859 αὐτὸν
697 4800 1095 4863 ἀναϐλέποντες
1144 4802 1281 4870 μετὰ
1343 4800 1595 4871 μεγάλων
1643 4803 1964 4872 στεναγμῶν
1990 4805 2085 4858 καί

515 4896 910 4968 ἀποδυρόμενοι
934 4893 1389 4957 ἀκαταπαύστως,
1436 4894 1530 4947 καὶ
1575 4892 1739 4947 αὐτὸν
1788 4895 2085 4948 ἀναπνέον-

515 4994 626 5041 τες.
664 4973 1046 5044 Ἐνδυσώμεθα
1083 4969 1177 5027 οὖν
1207 4973 1299 5026 τὸν
1326 4973 1424 5042 τῆς
1454 4971 1690 5036 πίστεως
1708 4970 1956 5041 θώρακα,
1989 4975 2084 5027 καὶ

517 5067 736 5139 σχῶμεν
788 5064 1219 5138 περικεφαλαίαν
1275 5065 1465 5118 ἐλπίδα
1514 5066 1809 5135 σωτηρίας,
1873 5065 1961 5118 ἵνα
2002 5064 2085 5136 ’μὴ

514 5159 650 5232 εῦρη
689 5159 1045 5229 παρείσδυσιν
1067 5158 1135 5213 τά
1159 5157 1286 5228 βέλη
1338 5157 1436 5227 τῆς
1463 5155 1848 5225 ἀπογνώσεως,
1869 5157 1964 5211 καὶ
1987 5158 2086 5228 τῆς

513 5248 886 5311 ἀνελπιστίας.
904 5246 1043 5300 Ἀλλ’
1075 5247 1235 5310 αὐτὸς
1262 5245 1464 5314 λέγεις,
1489 5247 1574 5299 ὅτι
1604 5245 1932 5317 Ὅργίζομαι
1954 5247 2085 5301 ὅταν

518 5335 701 5407 βλέπω
749 5338 916 5409 μηδὲν
965 5335 1396 5407 πειραζομένους
1453 5337 1579 5401 τοὺς
1635 5338 1960 5407 κοσμικοῦς,
1991 5338 2086 5391 καὶ

515 5426 704 5492 δεινῶς
716 5427 1037 5499 διαπρίομαι
1060 5444 1076 5459 ·
1107 5426 1222 5481 ἀλλ’
1250 5427 1376 5493 ίσθι,
1406 5428 1678 5500 ἀγαπητὲ,
1709 5430 1790 5482 ὅτι
1812 5428 1872 5483 ού
1898 5429 2089 5500 χρείαν

519 5514 632 5584 ἔχει
651 5521 678 5571 0
704 5521 948 5582 Σατανᾶς
996 5519 1279 5589 πειράζειν
1332 5522 1458 5584 τοὺς
1486 5522 1970 5593 αύτοπειράστους,
1995 5525 2088 5578 καὶ

519 5606 609 5658 ἀεὶ
651 5609 731 5670 εἰς
776 5609 842 5661 τὰ
894 5611 1071 5679 χαμαὶ
1116 5611 1447 5681 συρομένους
1502 5614 1589 5666 διὰ
1636 5616 1745 5669 τῶν
1818 5616 2088 5684 βιωτικῶν

523 5698 878 5764 πραγμάτων.
927 5700 1164 5753 Γίνωσκε
1194 5702 1250 5755 δὲ
1298 5705 1390 5756 καὶ
1439 5704 1617 5769 τοῦτο,
1644 5710 1722 5761 ὅτι
1752 5713 1863 5773 τοῖς
1893 5727 2088 5778 πειρα-

522 5780 765 5851 ζομένοις
818 5791 883 5842 :0
940 5791 1164 5861 βραδεῖα
1203 5795 1524 5852 ἀπόκεινται
1584 5803 1672 5853 καὶ
1730 5804 1775 5854 οι
1808 5805 2083 5872 στέφανοι·

1139 283 1461 346 JOANNIS
1496 285 1919 347 CARPATIIH
1955 286 2328 347 CAPITULA
2374 285 2472 344 AD
2516 281 2946 347 MONACHOS.

3575 280 3711 346 1860

2139 410 2199 461 οῦ
2239 408 2347 481 γὰρ
2399 413 2509 472 τοῖς
2542 412 2618 480 μὴ
2664 410 2970 481 μεριμνῶσι
3029 410 3158 481 περί
3217 410 3372 473 Θεοῦ.
3428 412 3549 468 οὐδὲ
3602 420 3717 480 τοῖς

2142 502 2347 565 ὑπτίως
2381 503 2649 572 κειμένοις
2675 504 2768 555 καὶ
2798 504 3052 573 ῥέγκουσι
3084 507 3390 574 κοσμικοῖς,
3408 507 3552 561 Ἀλλ’
3581 512 3716 579 ἐγὼ,

2143 592 2299 662 φησὶ,
2335 592 2500 647 πολλά
2529 593 2669 646 πάνυ
2701 593 3057 665 πειράζομαι,
3093 600 3188 648 καὶ
3221 597 3277 649 αί
3298 598 3426 666 ψόαι
3456 618 3558 670 μου
3582 621 3718 673 πιμ-

2144 684 2386 737 πλῶνται
2405 684 2828 755 έμπαιγμάτων,
2857 685 3040 750 καθὼς
3066 686 3214 756 λέγει
3236 692 3264 741 ό
3288 690 3603 764 Προφήτης
3620 699 3720 751 καὶ

2143 773 2507 845 ταλαιπωρία,
2559 776 2654 828 καὶ
2701 776 3079 846 κατάκαμψις,
3132 778 3226 830 καὶ
3284 780 3386 834 οὐκ
3430 782 3549 836 εστι
3596 787 3719 850 ταῖς

2150 865 2344 937 σαρξὶν
2389 867 2553 931 ἴασις,
2608 869 2702 921 καὶ
2748 868 3037 938 ἐπιμέλεια
3064 870 3175 933 τοῖς
3219 870 3453 937 ὀστέοις.
3481 874 3591 929 Καὶ
3611 877 3721 949 μὴν

2145 958 2378 1028 ἐγγύθεν
2399 959 2428 1011 0
2457 958 2630 1028 μέγας
2668 959 2775 1012 τῶν
2811 961 3132 1030 καμνόντων
3154 962 3338 1032 ἰατρός
3365 966 3650 1036 πάρεστιν,
3692 972 3721 1024 0

2147 1049 2422 1121 βαστάσας
2450 1049 2546 1113 τὰς
2564 1049 2847 1113 ἀσθενείας
2876 1052 2910 1121 ἡ
2920 1050 3057 1121 μῶν,
3079 1052 3272 1123 καὶτῷ
3297 1055 3530 1123 μώλωπι
3552 1058 3719 1112 αὐτοῦ

2149 1140 2440 1210 ἰασάμενος
2468 1141 2615 1210 ἡμᾶς
2630 1139 2724 1193 καὶ
2753 1139 3007 1212 ἰώμενος.
3032 1142 3272 1213 Πάρεστι
3304 1145 3398 1198 καὶ
3426 1146 3523 1202 νῦν
3548 1151 3723 1203 ἐπιτι-

2149 1232 2261 1294 θεὶς
2288 1232 2356 1285 τά
2374 1233 2615 1301 σωτήρια
2640 1231 2926 1303 φάρμακα.
2947 1233 3089 1302 Ἐγὼ
3100 1233 3231 1303 709,
3266 1238 3454 1306 φησὶν,
3475 1239 3721 1306 ἐπάταξα

2149 1324 2219 1378 δι’
2241 1323 2701 1394 έκγαταλείψεως,
2724 1324 2836 1392 ἐγὼ
2853 1325 2947 1379 καὶ
2965 1327 3209 1399 ἰάσομαι.
3233 1329 3324 1401 Μὴ
3347 1326 3440 1384 οὗν
3455 1334 3718 1405 φοϐηθῇς·

2146 1419 2275 1473 ὅταν
2305 1419 2412 1489 γάρ
2441 1418 2475 1488 ἠ
2500 1418 2644 1489 ὀργὴ
2666 1419 2759 1473 τοῦ
2796 1418 2971 1490 θυμοῦ
3001 1436 3104 1490 μου
3156 1422 3346 1494 στάξῃ.
3378 1425 3543 1479 πάλιν
3574 1428 3722 1480 ἰάσο-

2150 1526 2271 1579 μαι.
2316 1509 2405 1573 Ὠς
2430 1508 2540 1580 709
2595 1512 2697 1563 οῦκ
2734 1511 3052 1583 ἐπιλήσεται
3111 1515 3249 1585 γυνὴ
3274 1514 3370 1568 τοῦ
3403 1516 3628 1583 ἐλεῆσαι
3656 1522 3726 1574 :0

2147 1601 2344 1670 ἔγγονα
2392 1603 2493 1673 τῆς
2542 1601 2750 1665 κοιλίας
2806 1604 2997 1674 αὐτῆς,
3054 1604 3229 1670 οὕτως
3248 1607 3371 1659 οὐδὲ
3400 1608 3511 1678 ἐγὼ
3536 1611 3725 1680 ἐπιλή-

2150 1690 2316 1760 σομαί
2346 1706 2463 1755 σου,
2521 1690 2670 1759 λέγει
2714 1691 2937 1762 Κύριος.
2978 1694 3041 1745 Εί
3089 1694 3198 1765 709
3241 1694 3336 1748 τοῦ
3388 1697 3637 1751 πετεινοῦ
3656 1700 3725 1752 :0

2150 1782 2437 1852 σπλάγχνα
2501 1781 2729 1853 κέχυται
2775 1784 2868 1837 01:‘1
2915 1786 3042 1849 τοὺς
3101 1788 3354 1851 νεοσσοὺς
3409 1788 3595 1854 αὐτοῦ,
3630 1792 3725 1844 καὶ

2149 1875 2272 1931 καθ’
2293 1875 2443 1946 ῶραν
2472 1875 2863 1930 επισκέπτεται
2900 1877 3121 1945 αὐτοὺς,
3154 1880 3250 1932 καὶ
3283 1883 3592 1952 προσφωνεῖ
3618 1884 3720 1936 αύ-

2150 1970 2282 2032 τοϊς,
2309 1968 2407 2022 καὶ
2444 1967 2651 2040 τροφὴν
2673 1967 2750 2039 τῷ
2771 1967 3002 2036 στόματι
3025 1969 3209 2023 αὐτῶν
3233 1972 3722 2047 ἐπιδίδωσι,πολλῷ

2155 2059 2356 2128 μᾶλλον
2397 2059 2446 2111 οί
2484 2057 2759 2128 οἰκτιρμοί
2803 2076 2906 2129 μου
2950 2060 3163 2130 χέονται
3216 2063 3309 2116 ἐπὶ
3350 2065 3417 2119 :0
3449 2064 3724 2135 κτίσματά

2155 2166 2279 2221 μουο
2298 2152 2432 2204 πολὺ
2457 2150 2514 2203 δὲ
2537 2151 2699 2204 πλέον
2719 2150 2788 2205 :0
2805 2150 2915 2222 090
2942 2152 3228 2223 σπλάγχνα
3258 2156 3351 2207 ἐπὶ
3371 2157 3431 2209 σὲ
3448 2158 3721 2227 κέχυνται,

2153 2242 2248 2296 καί
2288 2240 2694 2311 ὲπισκέπτομαί
2732 2258 2790 2295 σε
2821 2240 3149 2313 λεληθότως,
3180 2245 3275 2298 καὶ
3301 2249 3619 2318 προσομιλῶ
3645 2266 3727 2303 σοι

2154 2335 2296 2389 κατά
2318 2334 2464 2401 νοῦν,
2481 2336 2575 2389 καὶ
2600 2334 2808 2404 τροφὴν
2832 2336 2897 2405 τῇ
2922 2333 3130 2405 διανοίᾳ
3159 2337 3341 2408 ὲνίημι
3364 2342 3628 2412 κεχηνυίᾳ⁸
3654 2342 3728 2406 ὡς

2153 2426 2332 2498 μικρᾷ
2349 2425 2598 2496 χελιδόνι.
2614 2423 2835 2495 Τροφὴν
2864 2424 2974 2494 γάρ
2992 2440 3072 2476 σοι
3090 2427 3309 2496 χορηγῶ
3338 2429 3430 2483 τοῦ
3451 2431 3620 2499 φόϐου
3635 2434 3729 2487 τοῦ

2155 2519 2482 2590 κρείττονος,
2537 2518 2628 2570 καὶ
2661 2517 2868 2588 τροφὴν
2914 2517 3080 2571 πόθου
3116 2521 3458 2591 ἐπουρανίου,
3489 2525 3734 2596 1:031:90-

2156 2611 2261 2683 φὴν
2277 2611 2596 2682 στεναγμῶν
2619 2610 2984 2682 παρηγορίας,
3009 2613 3103 2664 καί
3122 2610 3328 2683 τροφὴν
3357 2614 3733 2680 κατανύξεως,

2159 2704 2253 2759 καὶ
2266 2703 2471 2775 τροφὴν
2487 2702 2881 2774 μελῳδίας,ήκαὶ
2909 2702 3115 2773 τροφὴν
3133 2702 3389 2771 γνώσεως
3403 2703 3733 2775 βαθυτέρας,

2159 2797 2252 2850 καὶ
2272 2795 2479 2867 τροφὴν
2496 2794 2656 2848 θείων
2676 2793 2836 2847 τινῶν
2856 2794 3194 2866 μυστηρίων.
3214 2796 3340 2850 Ἐὰν
3371 2796 3429 2851 δὲ
3447 2797 3737 2870 ψεύδωμαι

2159 2886 2331 2943 ταῦτα
2350 2886 2527 2940 λαλῶν
2548 2903 2631 2939 σοι
2655 2887 2683 2938 0
2706 2886 2795 2949 00;
2819 2885 3117 2955 Δεσπότης,
3141 2887 3236 2939 καὶ
3274 2888 3487 2960 Πατὴρ,
3518 2889 3737 2958 ἔλεγξόν

2165 2996 2278 3051 μοι,
2295 2978 2392 3031 καὶ
2419 2975 2705 3047 ἀνέχομαι.
2732 2966 2915 3028 Ταῦτα
2939 2972 3038 3044 μὲν
3063 2976 3090 3027 0
3123 2974 3328 3045 Κύριος
3355 2975 3488 3046 ἡμῖν
3508 2977 3595 3030 ἀεὶ
3619 2979 3737 3031 δια-

2162 3071 2379 3140 λέγεται
2392 3071 2502 3131 τοῖς
2516 3068 2894 3137 διανοήμασινο
2919 3064 3031 3133 ἐγὼ
3051 3065 3107 3119 δὲ
3131 3066 3434 3139 ἐπίσταμαι
3456 3068 3542 3122 δτι
3562 3071 3737 3142 01:29-

2163 3164 2295 3233 έϐην
2321 3161 2382 3215 :0
2407 3161 2623 3232 μέτρον,
2651 3157 2818 3211 πολλά
2845 3156 3065 3228 γράψας
3082 3173 3098 3187 ·
3132 3156 3248 3211 ἀλλ’
3276 3158 3437 3229 ὑμεῖς
3466 3162 3735 3231 προετρέ-

2161 3256 2338 3328 ψασθέ
2371 3271 2438 3326 με
2458 3252 2616 3306 τοῦτο
2638 3250 2881 3319 ποιῆσαι.
2921 3246 3332 3319 Ἑπλατύναμεν
3353 3249 3411 3303 δὲ
3436 3250 3529 3303 τὸν
3555 3250 3736 3320 λόγον,

2164 3348 2253 3400 διὰ
2306 3345 2610 3416 στηριγμὸν
2661 3342 2769 3395 τῶν
2816 3340 3237 3394 κινδυνευόντων
3282 3339 3391 3395 ἀπὸ
3440 3341 3738 3412 ὀλιγωρίας

2170 3437 2356 3491 πεσεῖν
2382 3454 2395 3467 -
2430 3434 2563 3486 διότι
2593 3430 2918 3502 εὑρέθησαν,
2952 3428 3133 3493 καθὼς
3152 3430 3427 3499 ἐγράψατέ
3451 3446 3563 3499 μοι,
3597 3433 3741 3501 παρ.

2169 3531 2298 3602 ὑμῖν
2348 3530 2458 3591 τοῖς
2495 3529 2553 3579 ὲν
2598 3527 2664 3596 τῇ
2708 3523 2891 3594 Ἰνδίᾳ,
2944 3522 3087 3584 τινες
3131 3520 3240 3574 τῶν
3285 3520 3533 3590 ἀδελφῶν
3585 3525 3741 3593 παρά

2167 3623 2267 3692 τὴν
2308 3617 2654 3691 προσδοκίαν,
2702 3614 2822 3668 λίαν
2880 3611 3386 3683 καταϐεϐαρημένοι
3446 3615 3559 3676 τοῖς
3614 3632 3741 3668 πει-

2170 3714 2422 3789 ρασμοῖς,
2457 3711 2554 3764 καί
2582 3707 2974 3776 ἀπολεγόμενοι
2995 3703 3089 3758 καὶ
3122 3704 3214 3757 τὸν
3241 3703 3376 3774 βίον,
3405 3705 3499 3758 καὶ
3520 3706 3621 3776 τὴν
3664 3708 3742 3761 δι-

2168 3802 2392 3873 ἀγωγὴν
2417 3798 2530 3852 τῶν
2561 3793 2829 3867 μοναχῶν,
2866 3792 3118 3861 λέγοντες
3142 3792 3406 3866 ὑπάρχειν
3438 3793 3612 3864 αὐτὴν
3640 3814 3742 3850 κα-

2167 3889 2642 3961 ταπεπνιγμένην,
2682 3886 2776 3941 καὶ
2804 3883 3236 3956 μυριοκίνδυνον,
3254 3885 3350 3938 καὶ
3375 3886 3455 3939 0:1
3484 3887 3745 3956 φανερῶς

2166 3987 2295 4051 τοὺς
2325 3986 2425 4056 μὲν
2479 3980 2776 4050 κοσμικοὺς
2800 3977 3165 4047 ἐμακάρισαν,
3211 3975 3525 4046 ἰμέμψαντο
3554 3976 3744 4048 δὲ’τὴν

2169 4077 2405 4150 ἡμέραν,
2439 4076 2497 4127 00
2527 4067 2644 4145 ᾖτὸ
2665 4069 2849 4140 σχῆμα
2901 4067 3177 4136 εἰλήφασι.
3234 4067 3335 4121 Διά
3383 4066 3540 4121 τοῦτο
3585 4069 3744 4136 κάγὼ

2170 4163 2525 4239 ἠναγκάσθην
2553 4161 2895 4232 μακρότερον
2919 4158 3143 4228 ποιῆσαι
3168 4157 3261 4211 τὸν
3286 4158 3531 4229 παρόντα
3560 4159 3743 4228 λόγον,

2171 4260 2268 4315 καὶ
2296 4258 2385 4314 διὰ
2415 4255 2574 4309 λείων
2633 4253 2893 4325 ῥημάτων
2952 4248 3044 4321 [ἐν
3062 4248 3205 4304 ἄλλ.
3263 4248 3577 4322 πλείστων],
3600 4248 3744 4304 ὥστε

2170 4349 2430 4405 δύνασθαι
2493 4344 2597 4400 καί
2639 4343 2731 4396 τὸν
2783 4339 2998 4411 ἰδιώτην
3036 4339 3132 4393 καὶ
3164 4339 3530 4410 ἀγράμματον
3560 4340 3631 4393 :0
3652 4340 3743 4394 λε-

2171 4442 2381 4512 γόμενα
2431 4437 2644 4507 νοῆσαι.
2670 4432 2770 4487 Διά
2806 4429 2967 4485 τοῦτο
3011 4429 3184 4484 πολλά
3236 4430 3514 4500 γέγραφα,
3538 4430 3625 4484 ἵνα
3646 4430 3744 4483 τοῦ

2171 4531 2364 4585 λοιποῦ
2395 4528 2591 4600 μηκέτι
2617 4522 2906 4594 κοσμικὸν,
2942 4519 3061 4575 ἀλλ’
3088 4520 3317 4583 ἑαυτοὺς
3340 4520 3536 4590 μόνους
3569 4536 3748 4590 μακα-

2178 4623 2402 4693 ρίζωσιν
2445 4617 2497 4670 οί
2552 4615 2799 4684 μοναχοί,
2848 4611 3045 4675 οἵτινες
3082 4610 3252 4682 χωρὶς
3304 4610 3485 4678 πάσης
3538 4608 3749 4662 ἀντιλο-

2174 4714 2299 4782 γίας
2344 4709 2655 4782 κρείττονες
2701 4704 3012 4775 ὑπάρχουσι
3061 4701 3172 4756 τῶν
3222 4700 3621 4772 τὰδιαδήματα
3653 4702 3750 4754 ἐπὶ

2176 4805 2278 4873 τῆς
2340 4800 2587 4872 κεφαλῆς
2676 4796 2991 4868 φορούντων
3056 4793 3325 4864 βασιλέων
3353 4831 3370 4856 ,
3444 4795 3539 4846 καὶ
3610 4792 3745 4863 λαμ-

2183 4895 2459 4967 πρότεροι,
2507 4892 2603 4947 καί
2648 4888 3031 4958 έπιδοξότεροι,
3055 4885 3131 4949 ώς
3174 4882 3252 4953 τῷ
3456 4879 3545 4935 ἀεὶ
3579 4896 3755 4951 προσ-

2184 4985 2517 5056 εδρεύοντες.
2583 4978 2726 5049 Ἐγὼ
2767 4977 3026 5032 δὲταῦτα
3073 4973 3315 5045 γράψας,
3368 4969 3600 5025 ίκετεύω
3660 4969 3765 5040 τὴν

2191 5076 2466 5146 ὑμετέραν
2516 5073 2763 5145 ἀγάπην,
2823 5071 3043 5140 μνήμην
3080 5084 3179 5139 μου
3211 5059 3268 5119 00
3293 5065 3411 5128 ταῖς
3434 5063 3627 5132 εὐχαῖς
3682 5060 3763 5114 δι-

2190 5164 2410 5234 ηνεκῶς
2435 5161 2732 5224 ποιεῖσθαι,
2767 5161 2908 5215 ῶστε
2941 5152 3352 5222 καταξιωθῆναι
3381 5168 3449 5220 με
3474 5150 3567 5203 τὸν
3596 5150 3767 5201 ἐλεει-

2191 5258 2280 5309 νὸν
2313 5257 2412 5327 τῆς
2456 5253 2550 5308 τοῦ
2611 5251 2820 5324 Κυρίου
2850 5250 3093 5321 χάριτος.
3153 5249 3210 5299 ὲν
3244 5243 3323 5313 τῷ
3380 5241 3647 5312 βελτίστῳ
3671 5239 3771 5292 κςύ⁵

2193 5345 2386 5417 ἀγαθῷ
2434 5344 2602 5406 τέλει,
2662 5338 3074 5414 περιγραφῆναι
3121 5336 3220 5406 τὴν
3274 5332 3556 5403 παροῦσαν
3594 5329 3767 5400 ζωήν.

2203 5438 2262 5489 '0
2291 5436 2345 5491 δὲ
2378 5433 2568 5506 Πατὴρ
2601 5432 2711 5487 τῶν
2759 5428 3081 5501 οἰκτιρμῶν,
3110 5427 3205 5480 καί
3230 5423 3361 5488 Θεὸς
3389 5422 3568 5490 πάσης
3594 5437 3770 5491 παραυ

2195 5529 2459 5597 κλήσεως.
2504 5525 2804 5596 χορηγήσοι
2851 5521 2983 5591 ὑμῖν
3029 5515 3374 5587 παράκλησιν
3396 5510 3647 5572 αἰωνίαν,
3680 5509 3772 5563 καὶ

2196 5621 2384 5675 ἐλπίδα
2438 5617 2651 5688 ἀγαθὴν
2673 5655 2688 5679 ,
2725 5616 2783 5669 00
2812 5610 3034 5682 Χριστῷ
3080 5607 3255 5679 Ἰησοῦ
3279 5605 3358 5677 τῷ
3382 5605 3573 5674 Κυρίῳ
3595 5601 3773 5671 ὑμῶν,

2198 5706 2242 5781 ᾧ
2266 5714 2297 5782 ἠ
2323 5712 2452 5777 δόξα
2494 5710 2591 5763 καὶ
2642 5700 2711 5762 :0
2743 5703 2966 5777 κράτος,
2993 5702 3068 5764 είς
3098 5700 3224 5763 τοῦς
3254 5698 3458 5759 αἰῶνας
3486 5692 3597 5747 τῶν
3642 5690 3773 5745 αἰώ-

2198 5820 2322 5858 νων.
2369 5802 2560 5871 Ἀμήν.
