4040 6356
1453 287 2198 404 ELENCHUS
2326 293 2802 408 RERUM

1134 645 1343 724 QUE
1390 646 1490 708 IN
1545 647 1731 710 HOC
1771 648 2087 714 LXXXV
2128 651 2386 715 1⁸0κο
2426 650 3108 715 CON'I‘HIEm.

641 1281 930 1350 Prasfatio
970 1293 1033 1350 in
1061 1290 1321 1354 Missale
1346 1294 1640 1354 Mixtnm.
3127 1292 3265 1353 Col.
3550 1295 3590 1354 9

634 1386 911 1450 Missalis
947 1391 1127 1453 Mixti
1156 1410 1303 1472 pars
1336 1395 1534 1474 priOr.
3477 1393 3588 1454 109

635 1488 910 1556 Missalis
947 1495 1125 1556 Mixti
1157 1515 1305 1577 pars
1337 1500 1676 1579 posterior.
3467 1500 3584 1562 (555

1525 1685 2596 1730 *Ἕθῶ

1210 2105 1691 2184 EDITORIS
1749 2107 2425 2188 PATROLOGUE
2481 2107 3010 2189 MONITUM.

1847 2330 2388 2348 *-

547 2633 617 2694 ln
656 2631 1097 2694 admonitione
1140 2630 1447 2711 Liturgiw
1501 2630 1840 2694 Gallicana
1879 2632 2208 2708 praemissa
2247 2631 2519 2708 (Patrol.
2556 2637 2701 2693 tom.
2755 2632 3017 2708 LXXI],
3062 2631 3182 2693 col.
3215 2629 3343 2710 99),
3400 2646 3516 2691 nos
3569 2629 3734 2708 Ope-

473 2735 650 2794 ribns
674 2732 736 2793 S.
761 2731 988 2796 Isidori
1017 2731 1421 2810 Hispalensis
1440 2730 1798 2811 Liturgiam
1823 2729 2244 2792 Mozarabum
2273 2733 2638 2793 adnexnros
2665 2731 2954 2809 polliciti,
2987 2750 3158 2793 nunc
3179 2731 3363 2792 ﬁdem
3395 2731 3729 2804 solvimus,

467 2832 705 2912 duplex
742 2832 934 2912 hujus
957 2830 1259 2911 Litnrgiaa
1290 2840 1778 2894 monumentum
1811 2830 2004 2910 prmio
2047 2831 2435 2909 mandaturi,
2474 2850 2699 2911 nempe
2733 2854 2747 2892 :
2788 2832 3050 2894 Missale
3080 2834 3385 2904 Mixtum,
3424 2834 3559 2894 sive
3589 2835 3734 2894 Μο-

469 2934 766 2994 zarabum
807 2938 871 2996 et
916 2933 1316 2994 Breviarium
1349 2932 1702 2994 Gothicam.
1736 2930 1984 3006 Quibus
2016 2948 2176 2996 sane
2224 2930 2610 2995 venerandis
2643 2933 2925 3008 antiquae
2960 2931 3398 3009 Hispanorum
3431 2932 3729 2992 Ecclesia:

470 3037 760 3115 reliquiis
799 3051 1028 3098 novam
1082 3034 1425 3097 editionem
1482 3034 1852 3098 vindicabat
1901 3035 2096 3115 longa
2147 3051 2344 3114 quam
2401 3035 2741 3096 obtinuere
2797 3037 2860 3094 in
2914 3033 3410 3095 catholicissima
3467 3037 3731 3112 regione

468 3139 839 3210 auctoritas,
877 3135 1091 3198 locum
1125 3153 1281 3200 vero
1323 3152 1516 3214 quem
1552 3134 1677 3203 illis
1718 3151 1891 3198 nunc
1920 3134 1985 3196 in
2032 3133 2408 3213 Patroldgia
2435 3137 2657 3196 nostra
2686 3134 3119 3209 assignamus,
3162 3133 3370 3209 ipsum
3403 3133 3464 3193 S.
3501 3133 3726 3195 lsidori

469 3253 730 3315 nomen,
757 3236 1094 3298 secundum
1126 3235 1312 3314 cujus
1341 3236 1624 3315 regulam
1646 3235 1939 3315 Liturgia
1970 3235 2392 3297 Mozarabum
2422 3233 2680 3296 redacta
2711 3231 2828 3293 fuit
2859 3238 2924 3294 et
2954 3232 3326 3310 composita.

545 3337 660 3398 His
711 3336 1101 3414 praemissis,
1155 3335 1466 3399 lectorem
1527 3335 1846 3398 monitum
1895 3337 2220 3412 volumus,
2264 3350 2382 3396 nos
2437 3333 2782 3396 editionem
2820 3333 3177 3410 Hispanam
3232 3335 3544 3397 verbatim
3598 3353 3725 3396 ex-

465 3443 847 3521 scriptnros,
887 3457 966 3501 ne
1003 3440 1132 3502 iota
1161 3439 1415 3518 quidem
1470 3457 1603 3500 uno
1651 3443 1767 3502 aut
1823 3440 2006 3519 apice
2056 3443 2346 3513 mutato;
2394 3439 2526 3498 imo
2583 3436 2801 3508 etiam,
2856 3436 3057 3515 ipsius
3111 3437 3486 3515 paginarum
3541 3444 3723 3498 notas

467 3541 901 3607 arithmeticas
945 3541 1250 3603 crassiori
1287 3540 1656 3602 charactere
1705 3539 1771 3601 in
1821 3539 2140 3602 columnis
2197 3539 2437 3601 nostris
2493 3553 2943 3616 expressuros,
3001 3537 3077 3599 ad
3133 3553 3292 3614 quas
3347 3554 3472 3598 non
3524 3541 3722 3601 semel

467 3645 787 3723 legentem
817 3640 1145 3705 revocabit
1183 3639 1457 3705 formula
1501 3640 1653 3704 Vide
1675 3640 1873 3720 Ialm,
1903 3643 2003 3704 vel
2033 3638 2159 3705 alia
2189 3640 2439 3703 similis.

3309 5662 3600 5672 _-...———_—-

3105 5669 3288 5676 ..—_———

2449 5669 3577 5748 Milli-"NW;
