4040 6356
253 387 3545 457 ω

1444 555 1648 619 SSMO
1695 553 2009 617 DOMINO
2049 553 2368 617 NOSTRO

1174 758 2200 891 BENEDICTO
2268 763 2637 912 XIV,

1337 1046 1767 1139 PONTIF
1768 1042 1931 1131 IGI
2005 1043 2513 1129 MAXIMO

899 1255 1257 1310 VENANTIUS
1292 1254 1706 1310 MONALDINUS
1739 1252 2124 1315 BIBLIOPOLA
2156 1252 2379 1307 ΒΟΜΔΝ
2388 1253 2463 1306 US
2496 1250 2941 1305 FELICITATEM.

340 1433 493 1499 Quod
514 1432 799 1504 sumptibus
825 1433 952 1487 meis
982 1432 1156 1503 prodit
1174 1428 1832 1493 Missal'e.Mozarabicum,
1859 1428 2053 1484 nemini
2078 1429 2247 1499 potius
2265 1443 2417 1500 quam
2434 1426 2716 1484 Sanctitati
2743 1434 2845 1481 tua:
2868 1423 3274 1479 consecrandum
3297 1422 3431 1494 fuit;
3464 1435 3559 1475 ne-

264 1544 362 1598 que
384 1531 522 1579 enim
550 1525 736 1595 majori
764 1524 923 1578 tutela
963 1523 1091 1577 liber
1127 1525 1325 1594 protegi
1382 1538 1541 1593 neque
1570 1521 1804 1593 digniore
1847 1522 2053 1575 nomine
2078 1522 2319 1593 insigniri
2369 1528 2570 1591 potest,
2598 1535 2750 1591 quam
2774 1518 3037 1572 Benedicti
3069 1514 3209 1571 XIV
3230 1555 3244 1581 ,
3277 1513 3565 1570 doctissimi

268 1619 585 1689 maximique
624 1617 923 1687 pontiﬁcis,
978 1617 1089 1687 ejus
1134 1614 1329 1669 scilicet
1378 1631 1564 1686 quem,
1627 1613 1947 1667 nobilissima
2015 1617 2068 1666 in
2124 1613 2275 1668 domo
2338 1623 2490 1685 atque
2536 1614 2591 1666 in
2640 1611 3066 1683 splendidissima
3107 1610 3311 1663 civitate
3362 1614 3561 1671 natum,

268 1708 393 1776 "ita,
428 1728 545 1764 cum
576 1712 834 1782 prteclara
875 1710 1119 1764 virtutum
1152 1710 1295 1780 fama
1317 1708 1369 1762 in
1411 1708 1616 1771 litteris,
1651 1715 1700 1760 et
1744 1708 1796 1759 in
1815 1706 2165 1761 sollicitudine
2212 1706 2463 1778 pastorali
2492 1715 2636 1771 aeta,
2681 1722 2773 1775 per
2818 1705 3167 1776 amplissimos
3206 1718 3475 1757 munerum
3520 1706 3571 1754 et

268 1803 739 1859 ecclesiasticorum
774 1804 1028 1859 honorum
1076 1803 1290 1873 gradus,
1338 1802 1405 1855 ad
1454 1800 1702 1855 Ecclesia:
1745 1802 2094 1871 principatum
2132 1803 2321 1856 evexit.
2366 1801 2437 1855 Et
2481 1802 2712 1874 quamvis
2766 1802 2960 1856 nemini
3007 1801 3242 1870 ignotum
3294 1797 3359 1851 sit
3407 1795 3568 1849 bonas

270 1892 604 1971 quascunque
628 1908 793 1965 artes,
825 1908 1107 1968 cunctaque
1130 1897 1466 1952 laudabilium
1489 1899 1821 1951 scientiarum
1849 1914 2039 1969 genera
2086 1895 2430 1953 Sanctitatem
2479 1906 2620 1951 tuam
2659 1895 2925 1965 complecti
2968 1902 3118 1964 atque
3157 1896 3344 1964 fovere,
3371 1892 3574 1961 ipsum-

270 2006 371 2058 que
396 1998 478 2058 te,
521 1999 576 2043 ut
598 1990 716 2044 aliis
755 1992 990 2061 exemplo
1014 1992 1119 2054 sis,
1149 1990 1202 2043 in
1232 1990 1478 2044 maximis
1528 1988 1828 2059 reipublicae
1876 1990 2179 2045 ehristiante
2226 1990 2483 2061 negotiis,
2529 1990 2811 2044 litterarias
2862 1999 2974 2042 tuas
3023 1988 3386 2055 occupationes
3433 1997 3570 2038 nun-

272 2101 432 2157 quam
480 2085 850 2150 intermittere;
895 2094 1068 2137 tamen
1108 2091 1323 2153 apparet
1364 2090 1453 2135 tua
1496 2082 1733 2153 quaedam
1775 2082 2053 2152 peculiaris
2090 2098 2249 2149 cura,
2304 2097 2418 2152 qua:
2458 2082 2597 2134 circa
2644 2098 2723 2134 res
2768 2081 3036 2151 liturgicas
3085 2088 3349 2146 versatur,
3390 2075 3577 2149 quibus

273 2175 576 2232 excolendis
603 2177 657 2229 in
689 2176 885 2245 palatio
925 2174 1193 2245 ponti/icio
1222 2171 1545 2228 academiam
1584 2172 1893 2237 instituisti,
1932 2174 2097 2244 iisque
2143 2172 2342 2242 publice
2382 2172 2654 2226 tradendis
2679 2172 2883 2227 scholas
2906 2174 2957 2225 in
2995 2170 3133 2226 Urbe
3160 2187 3275 2231 esse
3320 2170 3574 2237 voluisti,

278 2276 331 2321 et
372 2266 483 2335 ipse
534 2282 659 2336 opus
688 2267 892 2336 insigne
938 2264 1307 2333 composuisti;
1356 2280 1457 2334 quo
1509 2264 1839 2318 eucharistici
1888 2264 2137 2335 sacriﬁcii
2178 2266 2307 2319 ritus
2354 2281 2569 2333 omnes,
2618 2282 2921 2338 omnemque
2964 2266 3337 2330 oeconomiam,
3380 2277 3575 2334 magna

284 2363 541 2419 doctrinae
569 2380 730 2418 sacra:
755 2366 899 2434 copia
919 2405 933 2428 ,
961 2361 1123 2417 tribus
1159 2362 1305 2416 libris
1345 2362 1571 2416 dilucide
1604 2362 1900 2433 eruditeque
1925 2363 2214 2432 explieasti.
2242 2360 2374 2416 Hcce
2414 2362 2570 2427 mihi,
2625 2360 2933 2415 Beatissime
2967 2360 3155 2427 Pater,
3206 2377 3347 2431 spem
3395 2360 3569 2413 maxi-

295 2472 381 2509 me
408 2457 635 2526 fecerunt
662 2465 905 2510 recentem
933 2457 1062 2509 hanc
1106 2454 1342 2509 Missalis
1370 2453 1694 2509 Mozarabici
1720 2454 1995 2509 editionem
2035 2472 2066 2507 a
2098 2452 2389 2508 Sanctitate
2433 2460 2522 2505 tua
2552 2462 2797 2507 consueta
2847 2453 3121 2506 clementia
3152 2461 3199 2506 et
3250 2454 3566 2523 benignitate

285 2560 591 2620 susceptum
615 2552 698 2604 iri.
732 2548 877 2603 Nam
905 2566 1015 2603 cum
1041 2548 1166 2603 liber
1196 2548 1324 2602 adeo
1357 2565 1506 2602 rarus
1533 2549 1808 2616 evasisset,
1848 2556 1904 2601 ut
1943 2564 2080 2618 regre
2129 2563 2219 2601 nec
2261 2546 2362 2600 nisi
2410 2546 2598 2618 grandi
2639 2548 2856 2616 pecunia
2902 2549 3200 2615 comparari
3249 2548 3366 2615 jam
3398 2553 3572 2618 posset

281 2641 583 2712 disciplima
609 2641 863 2711 liturgicw
889 2640 1211 2694 commodum
1240 2648 1392 2710 atque
1418 2638 1615 2692 utilitas
1646 2638 1887 2707 ﬂagitare
1926 2636 2231 2691 videbantur
2272 2646 2328 2691 ut
2354 2638 2517 2708 prwlo
2560 2655 2743 2693 rursus
2788 2640 3190 2693 committeretur
3211 2681 3226 2706 ,
3254 2656 3319 2693 ne
3347 2639 3574 2693 celeber-

282 2736 543 2789 rimarum
567 2730 921 2785 Ecclesiarum
946 2732 1127 2785 vetusti
1159 2731 1289 2784 ritus
1315 2746 1377 2783 ae
1401 2731 1723 2785 cceremoniw
1747 2732 1800 2783 in
1829 2730 2121 2800 principum
2148 2740 2196 2783 et
2237 2743 2652 2801 sumptuosorum
2703 2732 2970 2787 hominum
3010 2731 3360 2794 bibliothecis,
3398 2751 3583 2803 prope-

280 2828 499 2882 modum
526 2826 719 2897 ignotte
737 2865 753 2891 ,
784 2823 978 2877 diutius
1009 2822 1382 2876 delitescerent.
1418 2820 1494 2875 Tu
1523 2837 1641 2874 vero
1668 2860 1683 2886 ,
1712 2819 2003 2874 beatissime
2024 2820 2207 2884 Pater,
2241 2838 2335 2892 pro
2365 2822 2619 2893 singulari
2640 2840 2740 2895 qua
2768 2824 2931 2893 polles
2955 2838 3136 2876 earum
3167 2841 3338 2878 rerum
3366 2826 3583 2892 notitia,

280 2917 426 2973 illico
450 2918 732 2987 perspicies
754 2916 989 2970 ordinem
1019 2916 1095 2968 rei
1127 2913 1314 2969 divina:
1358 2913 1617 2983 facienda:
1660 2928 1808 2983 quem
1835 2910 2053 2967 Missale
2101 2897 2509 2969 Mozarabicum.
2542 2916 2744 2971 exhibet
2775 2917 2839 2971 ab
2859 2929 2924 2975 eo‘
2967 2922 3048 2973 cui
3094 2919 3263 2975 Graeci
3295 2929 3343 2974 et
3391 2918 3585 2974 Orien-

283 3010 415 3064 tales
446 3018 779 3063 assueverunt
809 3007 1065 3061 diversum
1092 3021 1223 3066 esse:
1266 3004 1609 3059 Ambrosiano
1644 3019 1841 3075 quoque
1872 3000 2095 3076 Ordinil,
2124 3015 2173 3059 et
2203 3007 2250 3060 ei
2279 3024 2377 3079 quo
2403 3007 2641 3063 Romana
2679 3011 2842 3065 utitur
2871 3010 3108 3066 Ecclesia
3131 3053 3145 3078 ,
3176 3013 3230 3067 in
3260 3014 3438 3067 multis
3481 3014 3585 3068 dis-

284 3099 531 3153 similem.
564 3096 721 3151 Hanc
748 3114 949 3170 quoque
972 3098 1213 3151 continuo
1260 3094 1639 3152 animadvertes
1685 3112 1799 3148 eam
1844 3112 1956 3151 esse
2004 3096 2271 3167 liturgiam
2318 3115 2471 3169 quam
2513 3100 2783 3156 catholica:
2827 3102 3211 3174 Hispaniarum
3258 3105 3508 3159 Ecclesia:
3551 3124 3582 3159 (ι

285 3202 529 3259 suscepta
558 3192 660 3259 ﬁde
690 3190 991 3245 Christiana
1010 3190 1079 3242 ad
1104 3189 1463 3259 pontiﬁcatum
1492 3188 1763 3258 fortissimi
1794 3189 2208 3260 sanetissimique
2237 3190 2335 3244 viri
2381 3190 2622 3263 Gregorii
2670 3196 2875 3265 septimi
2912 3205 3209 3251 constanter
3239 3197 3583 3261 retinuerunt,

285 3302 442 3355 quam
498 3284 723 3338 concilia
776 3282 1019 3353 Hispana
1069 3282 1306 3352 plurimis
1358 3281 1573 3335 decretis
1628 3282 2009 3351 conﬁrmarunt
2058 3292 2107 3338 et
2158 3300 2314 3354 quam
2360 3295 2566 3341 sanctus
2618 3286 2857 3344 Isidorus
2912 3291 3222 3345 doctissimis
3273 3296 3579 3346 commentis

283 3354 601 3442 illustravit;
628 3393 842 3447 eamque
864 3376 1041 3429 statim
1067 3375 1417 3443 deprehendes
1442 3376 1629 3445 prisca:
1678 3374 2031 3430 Ecclesiarum
2075 3376 2263 3433 Gallia:
2314 3381 2652 3450 sacriﬁcandi
2696 3383 2934 3438 methodo
2978 3386 3107 3438 adeo
3148 3386 3382 3455 omnem,
3432 3396 3585 3455 atque
3637 3354 3649 3367 ἱ

291 3476 515 3528 similem.
542 3490 687 3538 esse,
720 3482 777 3525 ut
799 3488 903 3525 una
932 3479 1083 3553 atque
1107 3470 1287 3524 eadem
1336 3479 1555 3543 utraque
1604 3472 1704 3525 dici
1752 3472 2029 3545 haberique
2064 3475 2247 3544 possit.
2305 3473 2431 3529 Non
2480 3476 2618 3529 enim
2643 3520 2656 3543 ,
2710 3479 2850 3548 quod
2869 3480 3020 3551 vulgo
3063 3481 3287 3534 traditur
3312 3523 3328 3548 ,
3370 3482 3585 3548 antipta

293 3568 391 3621 illa
437 3568 708 3622 Gallorum
732 3567 943 3637 liturgia
973 3571 1061 3617 aut
1093 3564 1156 3618 ab
1189 3562 1432 3634 Hispana
1462 3564 1836 3629 dissentiebat,
1893 3575 1981 3619 aut
2020 3568 2330 3637 exemplaris
2377 3570 2582 3634 instar,
2633 3569 2860 3642 liturgiaz
2910 3571 3168 3641 Hispana:
3210 3573 3590 3644 quodammodo

290 3660 495 3731 punivit
514 3700 529 3723 ,
558 3656 648 3711 sed
676 3656 812 3710 idem
832 3654 1014 3709 modus
1044 3664 1193 3725 atque
1215 3654 1345 3709 ordo
1374 3656 1621 3723 mysteria
1644 3656 1820 3709 divina
1840 3665 1889 3709 et
1911 3657 2262 3712 ecclesiastica
2292 3661 2463 3730 ofﬁcia
2514 3660 2735 3715 obeundi
2768 3664 2822 3715 in
2867 3666 3138 3736 utriusque
3186 3667 3354 3734 gentis
3401 3665 3587 3719 Eccle-

288 3754 386 3806 siis
415 3751 698 3820 antiquitus
725 3750 1008 3804 obtinuere.
1043 3748 1233 3802 Verum
1262 3765 1327 3802 ne
1355 3747 1588 3819 pluribus
1612 3751 1867 3819 ejusmodi
1894 3753 2217 3806 recensendis
2268 3753 2637 3809 beatitudinem
2689 3766 2829 3810 tuam
2880 3759 3074 3814 diutius
3124 3762 3319 3815 morari
3367 3760 3544 3814 videar
3568 3802 3585 3829 ,

290 3844 377 3895 cui
408 3840 623 3894 Missale
654 3838 1304 3911 Mozarabicum,ejusque
1344 3856 1465 3893 usus
1494 3880 1509 3905 ,
1560 3852 1709 3912 atque
1760 3845 2066 3911 praestantia
2112 3848 2319 3915 cognita
2370 3845 2529 3914 plane
2578 3857 2732 3919 atque
2778 3862 3050 3921 perspecta
3098 3862 3258 3916 Sltttl,
3309 3854 3378 3905 ad
3426 3852 3581 3920 pedes

301 3934 599 3986 sanctitatis
632 3941 722 3986 tute
747 3931 1087 4001 procumbens
1134 3971 1151 3999 ,
1181 3949 1305 4005 rogo
1334 3942 1390 3987 ut
1437 3935 1754 4002 amplissimo
1808 3944 1895 3990 tuo
1942 3937 2149 3990 nomine
2190 3938 2378 3991 librum
2424 3942 2605 3993 ornari
2650 3944 2951 4011 permittas,
3002 3960 3178 4014 meque
3230 3948 3591 4016 potentissimo

298 4035 395 4080 tuo
426 4027 707 4093 patrocinio
732 4029 943 4081 tuearis.

3538 4196 3541 4197 ,
3560 4198 3567 4201 _

1357 4354 1430 4432 [η
1519 4370 2027 4501 ΡΒᾹΞΡ
2055 4372 2529 4503 ΑΤΙΟ.

373 4630 423 4684 l.
467 4629 601 4686 Cum
663 4628 875 4687 Missale
922 4630 1266 4688 Mozarabum
1289 4668 1304 4696 ,
1350 4628 1501 4701 jussu
1522 4637 1578 4685 et
1635 4630 1890 4700 impensis
1920 4629 2261 4703 Aliabebam
2288 4671 2303 4698 ,
2351 4645 2451 4686 nec
2477 4630 2619 4685 enim
2648 4632 2883 4687 moribus
2914 4636 3103 4705 optimi
3135 4641 3421 4698 cardinalis
3452 4658 3586 4700 con-

297 4719 569 4776 Francisci
601 4722 887 4777 cardinalis
908 4720 1138 4778 Xintenii
1168 4722 1233 4777 de
1253 4720 1525 4788 Cisneros,
1549 4719 1725 4775 Toleti
1750 4722 1889 4791 typis
1933 4783 1939 4789 ν

299 4813 501 4867 editum
528 4853 544 4879 ,
591 4814 643 4867 in
687 4829 877 4871 manus
927 4830 1077 4870 meas
1112 4816 1347 4886 primum
1396 4814 1671 4883 venisset,
1712 4814 1839 4870 haesi
1870 4857 1884 4881 ,

295 4902 471 4958 fateor
498 4947 512 4972 ,
543 4905 598 4959 in
624 4906 742 4976 ipso
775 4907 949 4961 titulo.
1000 4907 1139 4974 Quid
1182 4908 1287 4962 hoc
1306 4948 1325 4967 p.
1379 4908 1625 4973 aiebam,
1669 4905 1886 4960 Missale

295 4997 504 5049 mistum
533 4997 815 5051 secundum
846 4998 1076 5069 regulam
1102 4998 1236 5053 beati
1259 4997 1455 5053 Isidori
1483 4998 1677 5052 dictum
1700 4995 1890 5050 Mosa-

293 5084 486 5140 rabes?
510 5086 645 5141 Num
670 5096 888 5143 sanctus
914 5088 1147 5144 Isidorus
1178 5089 1394 5145 Missale
1418 5088 1706 5159 aliquando
1735 5103 1887 5143 com-

294 5179 481 5247 posuit
506 5220 522 5246 ,
555 5180 700 5249 quod
740 5181 1083 5237 Braulionem
1111 5223 1126 5248 ,
1158 5192 1214 5237 et
1242 5181 1611 5237 Hildefonsum
1642 5181 1845 5235 latuit?

368 5269 423 5323 2.
468 5268 606 5325 Tum
665 5272 794 5327 illud
846 5274 1054 5327 mistum
1112 5288 1208 5327 cur
1249 5272 1505 5328 additur?
1546 5288 1611 5326 an
1659 5271 1887 5327 fortasse

295 5361 475 5431 (quod
501 5360 769 5432 Eugenius
796 5364 864 5419 de
889 5362 1091 5421 Robles
1123 5366 1387 5435 prodidit,
1421 5365 1498 5419 De
1524 5367 1623 5420 vita
1652 5373 1702 5419 et
1730 5366 1886 5437 gestis

292 5451 443 5503 card.
474 5449 728 5519 Ximenii,
760 5470 805 5509 c.
837 5452 924 5520 52,
958 5464 1013 5509 et
1042 5455 1201 5523 vulgo
1226 5456 1500 5525 creditur)
1548 5456 1761 5511 Missale
1789 5471 1885 5527 ap-

292 5540 554 5608 pellatum
586 5552 669 5598 est
696 5546 939 5611 mistum,
973 5545 1093 5615 quia
1124 5546 1198 5600 illi
1232 5547 1534 5601 recentiora
1558 5548 1824 5617 quaedam,
1853 5563 1886 5605 θ

298 5631 497 5690 Hissali
526 5635 789 5693 Toletano
816 5637 1137 5709 deprompta
1157 5681 1171 5705 ,
1223 5639 1290 5694 de
1318 5640 1574 5694 mandato
1611 5639 1835 5695 Ximenii
1866 5681 1881 5707 ,

296 5726 500 5783 inserta
548 5728 805 5786 fuerunt?
853 5731 958 5787 Sed
1000 5732 1258 5789 Roblesio
1305 5741 1521 5790 centum
1552 5743 1608 5789 et
1656 5734 1886 5805 amplius

297 5834 471 5878 annos
498 5832 624 5894 post
648 5824 849 5879 editum
878 5824 1094 5881 Missale
1120 5828 1234 5883 hiL‘C
1260 5829 1516 5886 scribenti
1557 5842 1698 5897 aegre
1728 5828 1887 5885 tidem

542 5913 817 5978 Ρλτιιοι..
861 5916 1186 5981 LXXXV.

1996 4718 2178 4775 venire
2205 4720 2491 4801 videbatur
2516 4736 2653 4790 opus
2674 4724 2945 4792 egregium
2972 4726 3040 4781 de
3071 4727 3327 4786 industria
3362 4734 3584 4805 vitiare,

1994 4824 2047 4869 et
2068 4813 2298 4883 posteris
2326 4810 2569 4868 fraudem
2596 4813 2774 4871 facere
2798 4816 3048 4873 voluisse.
3086 4818 3381 4891 Utrumque
3404 4834 3585 4880 autem

1994 4901 2246 4969 fecisset,
2286 4906 2369 4969 si,
2419 4905 2563 4961 nulla
2616 4910 2889 4977 praemissa
2921 4912 3288 4969 admonitione
3318 4957 3334 4983 ,
3374 4914 3589 4975 Missale

1995 4993 2347 5052 Mozarabum
2375 4997 2695 5068 interpolari
2717 5000 2987 5069 jussisset.

2066 5089 2119 5143 '5.
2162 5088 2245 5143 Me
2276 5091 2438 5144 etiam
2465 5091 2754 5147 sollicitum
2776 5094 3045 5151 habebant
3070 5097 3227 5151 varice
3253 5097 3321 5154 de
3343 5099 3585 5157 Mozara-

1997 5183 2124 5240 bum
2152 5184 2342 5240 ritibus
2370 5185 2655 5243 doctorum
2688 5188 2964 5243 hominum
2994 5190 3277 5258 opiniones
3296 5236 3308 5260 ,
3337 5213 3469 5266 quas
3489 5199 3581 5259 alii

1996 5284 2240 5333 vetustos
2263 5292 2382 5333 esse
2407 5318 2421 5345 ,
2452 5288 2506 5334 et
2535 5279 2589 5333 in
2637 5277 2905 5350 Hispaniae
2945 5278 3200 5339 Ecclesiis
3231 5286 3321 5341 diu
3353 5290 3583 5346 usitatos

1996 5378 2263 5427 asserunt.
2294 5368 2394 5425 Alii
2415 5380 2600 5426 contra
2632 5386 2663 5426 e
2691 5371 3051 5427 Romanorum
3075 5374 3585 5451 Gallicanorumque

1994 5462 2196 5519 rituum
2240 5463 2591 5533 permistione
2634 5462 2774 5517 haud
2814 5462 2887 5517 ita
2930 5466 3138 5535 pridem
3169 5478 3325 5525 natos
3354 5483 3584 5529 conten-

1994 5553 2160 5609 dunt.
2216 5554 2317 5610 Alii
2348 5554 2564 5611 demum
2609 5555 2774 5610 libros
2810 5556 3090 5629 liturgicos
3132 5561 3479 5621 Mozarabum
3514 5568 3582 5623 ab

1992 5647 2259 5703 haereticis
2278 5648 2408 5705 olim
2439 5648 2601 5704 fuisse
2626 5649 2841 5709 vitiatas
2866 5655 3179 5724 Opinantur.

2062 5738 2115 5794 4.
2158 5738 2235 5795 Ea
2253 5740 2386 5795 mihi
2403 5740 2845 5811 obversabantur,
2868 5747 2953 5801 cui
2974 5746 3187 5805 Missale
3207 5749 3437 5806 Ximenii
3457 5751 3578 5808 solo

1994 5834 2210 5890 nomine
2238 5834 2409 5888 adhuc
2429 5838 2619 5888 uotum
2647 5843 2783 5891 erat.
2808 5834 2914 5893 Sed
2942 5839 3033 5895 ubi
3060 5840 3258 5897 librum
3280 5855 3377 5911 per
3404 5843 3578 5899 otium

3104 5929 3139 5993 1
