4040 6356
541 415 609 471 i5
2010 408 2398 467 PREFATIO.
3743 411 3809 465 16

532 531 643 587 bris
688 528 946 600 liturgicis
995 520 1304 593 Gallicanis,
1360 525 1566 583 mentio
1596 526 1656 583 tit
1682 523 2121 597 Septuagesimte,
2149 528 2197 586 Α
2226 524 2639 593 quatriduanum
2683 526 2944 583 Lazarum
2993 527 3061 582 ad
3108 526 3268 582 vitam
3305 527 3596 592 revocavit,
3639 527 3714 581 uti
3743 541 3812 584 ex

532 620 913 693 Sexagesimae,
944 628 1036 677 aut
1063 618 1543 690 Quiuquagesimae.

604 737 692 793 31.
718 737 767 793 Δ
785 738 874 794 die
892 736 1143 793 Cinerum
1161 736 1227 790 ad
1254 734 1583 791 Dominicam
1606 732 1905 799 Paschalis,
1924 731 1977 787 in
1997 730 2122 787 Mis-

530 827 631 883 sali
660 827 895 884 Ximenii
921 828 1098 883 missa:
1122 832 1248 881 sunt
1285 840 1394 879 una
1423 833 1480 880 et
1505 823 1721 893 viginti;
1756 836 1982 892 quarum
2028 834 2121 876 sex

526 928 654 977 sunt
680 919 1049 988 dominicales,
1072 926 1283 974 caeteras
1309 917 1542 973 feriales.

598 1032 689 1088 52.
709 1032 961 1089 Ordinem
990 1041 1262 1088 vetustum
1291 1032 1571 1088 missarum
1595 1029 1860 1085 ferialium
1890 1026 2125 1094 Quadra-

529 1130 747 1197 gesimae
773 1128 1083 1187 Mozarabes
1107 1130 1438 1184 recentiores
1460 1129 1717 1182 intactam
1743 1126 1911 1181 ferme
1939 1138 2123 1181 serva-

528 1229 675 1276 runt.
732 1221 801 1274 At
852 1220 1084 1290 priscam
1137 1221 1421 1277 missarum
1474 1219 1873 1275 dominicalium
1929 1217 2122 1271 seriem

526 1313 667 1366 male
696 1310 1101 1381 perturbarunt.
1128 1311 1282 1374 Nam,
1314 1326 1435 1366 cum
1463 1318 1658 1380 praeter
1686 1322 1891 1363 morem
1913 1304 2117 1362 Gotho-

526 1402 848 1472 Hispanum,
879 1401 1352 1472 Quadragesimam
1384 1402 1682 1471 inciperent
1712 1415 1742 1454 a
1771 1398 1903 1455 feria
1932 1405 2123 1469 quarta

529 1491 1020 1562 Quiuquagesimac,
1073 1508 1247 1562 neque
1299 1490 1530 1547 ollicium
1575 1491 1716 1545 illius
1771 1491 1897 1558 diei,
1948 1504 2127 1558 neque

526 1579 627 1653 [γι]
651 1582 868 1636 missam
898 1584 1172 1653 propriam
1203 1583 1257 1637 in
1281 1583 1428 1639 libris
1454 1582 1567 1637 suis
1586 1581 1866 1645 haberent,
1886 1580 2123 1636 oflicium

526 1671 878 1728 benedicendi
918 1682 973 1728 et
1000 1673 1354 1729 distribuendi
1398 1674 1610 1730 cineres
1658 1682 1829 1729 totum
1877 1674 2047 1728 ferme
2093 1688 2124 1727 a

527 1761 727 1817 Missali
762 1762 1029 1831 Romano,
1077 1780 1185 1835 quo
1228 1764 1489 1821 Toletana
1543 1766 1783 1821 Ecclesia
1842 1765 2123 1830 utebatur,

525 1852 756 1906 mutuati
784 1863 929 1908 sunt.
964 1853 1179 1911 Missam
1206 1870 1339 1912 vero
1362 1871 1482 1925 quae
1511 1865 1671 1911 antea
1696 1855 1972 1911 Dominica
2012 1855 2123 1925 pri-

523 1962 611 2000 tua
640 1944 1070 2018 Quadragesima:
1110 1950 1427 2016 cauebatur,
1460 1950 1547 2004 die
1589 1948 1798 2005 Cineris
1846 1949 2125 2005 celebrare

526 2037 902 2094 instituerunt.
930 2038 1244 2109 Eademque
1286 2040 1406 2109 lege
1432 2040 1649 2096 missam
1696 2040 1989 2096 Dominica:
2035 2054 2123 2095 se-

524 2128 714 2184 cundae
742 2129 810 2183 ad
856 2128 1195 2187 Dominicam
1242 2131 1492 2202 primam,
1528 2131 1702 2186 tertia:
1741 2130 2031 2186 Dominica:
2057 2128 2125 2185 ad

522 2219 837 2288 secundam,
869 2229 923 2275 et
955 2222 1154 2293 quinta:
1183 2223 1251 2277 ad
1279 2223 1494 2278 tertiam
1525 2223 1858 2278 Dominicam
1916 2232 2125 2293 protra-

524 2319 743 2366 xerunt.
772 2308 963 2365 Missas
991 2311 1283 2367 Dominica:
1314 2321 1518 2383 quarta:
1545 2314 1825 2381 mediante,
1857 2322 1912 2370 et
1940 2313 2125 2368 Domi-

519 2402 659 2457 nicae
705 2411 868 2457 sexta:
895 2402 951 2456 in
980 2404 1256 2458 traditione
1285 2402 1542 2474 Symboli,
1594 2405 1845 2460 immotas
1893 2404 2125 2474 relique-

520 2504 668 2562 runt,
697 2505 751 2552 et
771 2513 871 2567 pro
887 2498 1071 2566 quinta
1088 2497 1388 2564 Dominica,
1406 2499 1490 2553 cui
1513 2500 1675 2553 missa
1692 2498 1897 2565 deerat,
1930 2514 2123 2553 novam

525 2596 970 2657 composuerunt,
1015 2597 1175 2657 atque
1221 2588 1364 2642 hunc
1393 2589 1636 2642 ordinem
1692 2590 1866 2642 missae
1893 2588 2125 2643 domini-

524 2678 670 2735 cales
699 2678 1151 2750 Quadragesimm,
1188 2679 1243 2733 in
1266 2678 1464 2735 Missali
1490 2678 1743 2746 Ximenii,
1772 2688 1977 2735 tenent.

601 2792 690 2847 '55.
733 2792 978 2850 Ofﬁcium
1002 2794 1254 2850 Cinerum
1285 2801 1498 2849 constat
1538 2792 1915 2849 benedictione
1942 2805 2000 2850 et
2042 2794 2126 2850 di-

526 2886 851 2943 stributione
877 2887 1138 2954 cinerum,
1174 2887 1543 2959 processione,
1573 2888 1835 2944 concione
1860 2897 1913 2944 et
1939 2888 2122 2945 missa.

527 2975 781 3033 Formula
802 2977 1156 3034 benedicendi
1180 2979 1390 3034 cineres
1412 2988 1634 3034 utuntur
1651 2980 1895 3036 nonnihil
1914 2981 2126 3038 diversa

522 3067 594 3123 ab
622 3083 687 3124 ea
715 3084 838 3139 quas
874 3070 929 3124 in
959 3069 1161 3127 Missali
1204 3072 1372 3128 sancti
1402 3071 1483 3126 Pii
1527 3070 1570 3125 V
1610 3073 1859 3128 habetur.
1902 3072 2127 3130 Cineres

527 3160 779 3217 omnibus
807 3160 1271 3218 indiscriminatim
1295 3163 1718 3229 distribuuntur,
1748 3165 1893 3220 nulla
1921 3165 2124 3221 mentio

527 3249 810 3319 ejectionis
831 3252 1206 3320 paenitentum,
1238 3270 1302 3310 ac
1345 3254 1503 3310 cilicii
1533 3256 1919 3326 paenitentibus
1946 3257 2120 3327 impo-
2151 3252 2202 3317 C

526 3341 715 3399 nendi.
747 3340 1027 3401 Processio
1058 3353 1111 3401 et
1140 3346 1332 3402 concio
1372 3347 1593 3402 nomine
1623 3356 1779 3403 tenus
1803 3348 2122 3404 indicantur.

525 3434 589 3490 1n
610 3435 791 3503 Missa,
821 3438 1105 3508 prophetia
1126 3439 1320 3509 legitur
1349 3455 1379 3495 e
1404 3441 1582 3512 capite
1613 3441 1787 3511 primo
1810 3440 2131 3499 Proverhio-

525 3542 667 3594 rum,
697 3542 817 3596 qua:
846 3528 975 3583 olim
1001 3528 1278 3599 legebatur
1333 3532 1465 3587 feria
1520 3542 1712 3602 quarta
1754 3542 1878 3605 post
1901 3535 2129 3605 primatu

528 3616 865 3673 Dominicam
889 3617 1341 3690 Quadragesimae,
1394 3621 1687 3692 Apostolus
1724 3623 1867 3680 idem
1913 3625 2127 3693 legitur,

532 3709 623 3778 qui
646 3709 835 3765 eadem
864 3720 1059 3780 quarta
1086 3713 1218 3769 feria
1240 3715 1418 3770 adhuc
1445 3715 1552 3785 legi
1596 3717 1753 3772 solet.
1782 3717 2130 3789 Evangelium

531 3820 562 3861 e
589 3806 765 3877 capite
785 3817 976 3878 quarto
1004 3810 1177 3866 sancti
1215 3810 1474 3880 Matthaai,
1508 3813 1641 3870 illud
1668 3815 1811 3871 idem
1855 3824 1939 3872 est
1984 3816 2130 3885 quod

529 3899 697 3956 modo
722 3899 854 3956 feria
879 3911 1075 3971 quarta
1108 3913 1232 3974 post
1258 3914 1507 3974 quartam
1537 3905 1871 3963 Dominicam
1902 3908 2130 3981 legitur,

531 3996 627 4049 sed
658 3996 803 4064 quod
841 3997 970 4051 olim
1023 3997 1137 4069 ipsa
1190 3999 1470 4058 Dominica
1500 4004 1671 4074 prima
1701 4005 2132 4074 Quadragesimat

531 4083 832 4153 legebatur.
859 4086 1035 4143 Habet
1056 4089 1318 4160 jejunium
1338 4091 1537 4147 Christi
1557 4094 1782 4163 ejusque
1802 4096 2132 4150 tentationes

528 4176 583 4230 in
605 4176 840 4234 deserto.
874 4178 993 4246 Quo
1017 4190 1266 4250 spectant
1310 4184 1581 4239 orationes
1609 4199 1728 4255 qua:
1768 4185 1821 4239 in
1849 4187 2014 4241 missa
2041 4200 2131 4241 re-

530 4270 787 4336 citantur,
816 4270 884 4325 ad
916 4272 1162 4327 eamdem
1191 4274 1525 4331 Dominicam
1577 4275 1944 4346 pertinentes;
1996 4292 2131 4347 quas

533 4359 848 4417 Mozarahes
877 4365 1206 4421 recentiores
1263 4365 1329 4419 ad
1382 4363 1571 4420 feriam
1601 4375 1847 4436 quartam
1875 4367 2129 4424 Cinerum

534 4453 941 4521 transtulerunt,
968 4455 1067 4510 etsi
1089 4456 1346 4527 pleraque
1390 4457 1707 4512 contineant
1734 4474 1854 4528 qua:
1878 4475 1979 4516 nec
2025 4459 2131 4517 diei

531 4543 786 4599 solemnis
807 4544 1021 4616 jejunii,
1049 4562 1225 4617 neque
1249 4554 1455 4616 quartae
1484 4546 1629 4604 feria».
1674 4550 2018 4607 conveniant.

606 4654 695 4711 54.
749 4657 1024 4715 Dominica
1077 4660 1248 4729 prima
1306 4659 1736 4733 Quadragesimaa
1780 4664 2129 4736 Evangeliuni

533 4746 732 4818 legitur
752 4764 816 4803 ex
849 4747 1139 4818 Evangelia
1157 4752 1329 4807 sancti
1357 4749 1582 4809 Joannis
1624 4753 1776 4825 (Cap.
1809 4758 1902 4824 tv).
1960 4758 2131 4815 Habet

535 4839 866 4910 colloquium
894 4839 1091 4895 Christi
1119 4858 1239 4898 cum
1270 4842 1630 4915 Samaritana,
1661 4847 1961 4920 eodemque
2004 4866 2130 4906 ora-

535 4930 710 4987 tiones
738 4931 896 5001 hujus
917 4933 1094 4988 missaa
1120 4942 1390 5005 spectant,
1412 4952 1531 5008 quae
1569 4939 1698 4994 olim
1740 4940 2018 4998 Dominica
2046 4958 2132 4998 se-

537 5025 710 5079 cunda
735 5024 1164 5096 Quadragesimte
1209 5030 1556 5087 recitabatur.
1590 5034 1868 5091 Dominica
1895 5037 2131 5093 secunda

534 5113 886 5187 Evangelium
924 5120 1089 5177 habet
1129 5137 1198 5177 ex
1244 5126 1416 5181 sancti
1453 5124 1676 5185 Joannis
1719 5128 1894 5200 (Cap.
1921 5131 2021 5199 ix),
2066 5130 2133 5186 de

540 5218 685 5261 caeco
732 5220 764 5260 a
810 5209 1110 5281 nativitate,
1154 5212 1224 5269 de
1252 5229 1358 5285 quo
1400 5224 1566 5287 agunt
1604 5218 1898 5287 orationes,
1931 5235 2050 5290 qua:
2077 5220 2132 5275 in

538 5298 731 5354 eadem
753 5298 915 5355 missa
946 5301 1213 5360 dicuntur.

607 5415 698 5471 55.
733 5415 1013 5475 Dominica
1042 5421 1201 5477 tertia
1230 5419 1578 5494 Evangelium
1604 5426 1771 5484 habet
1796 5443 1865 5483 ex
1887 5427 2132 5500 Evange-

536 5505 612 5565 lio
638 5510 813 5565 sancti
834 5506 1056 5568 Joannis
1086 5513 1238 5586 (Cap.
1270 5516 1368 5587 xi).
1392 5517 1449 5573 in
1469 5534 1578 5589 quo
1598 5519 1666 5575 de
1695 5519 1901 5577 Lazaro
1922 5537 1954 5577 a
1983 5538 2132 5578 mor-

535 5602 646 5657 tuis
666 5604 905 5662 exeitato
926 5620 1107 5663 sermo
1128 5615 1229 5675 est,
1255 5610 1557 5682 eodemque
1571 5623 1819 5683 spectant
1838 5615 2128 5682 orationes,

537 5707 674 5764 quas
684 5695 741 5751 in
755 5696 919 5754 missa
929 5707 1148 5755 canunt.
1171 5699 1242 5756 At
1254 5702 1380 5759 olim
1402 5702 1834 5775 GOtho-Hispani
1856 5705 2133 5763 Dominica

534 5786 721 5856 quinta
749 5788 1185 5862 Quadragesimae
1232 5794 1285 5848 in
1334 5794 1497 5851 missa
1526 5804 1583 5852 et
1610 5795 1665 5850 in
1687 5794 1868 5852 officio
1893 5812 2131 5853 comme-

536 5892 753 5941 morare
770 5883 1019 5943 solebant
1044 5884 1251 5957 insigne
1264 5884 1399 5943 illud
1418 5887 1738 5945 miraculum
1758 5902 1868 5959 quo
1888 5887 2135 5949 Christus

2226 613 2520 671 Orationali
2548 615 2780 673 Gothico
2796 627 3063 689 'apparet.

2297 705 2385 763 36.
2416 706 2777 778 Consequitur
2825 709 3101 766 Dominica
3148 710 3423 774 mediante,
3450 718 3639 777 quarta
3666 707 3821 777 Qua—

2226 798 2560 869 dragesimat,
2589 801 2742 870 cujus
2792 802 2955 859 missa
2991 802 3168 858 locum
3197 817 3349 858 suum
3378 800 3821 869 antiquumreti—

2225 894 2360 948 nuit.
2393 893 2738 963 Evangelium
2771 910 2839 950 ex
2864 894 3156 964 Evangelio
3186 893 3407 949 Joannis
3429 891 3583 965 (Cap.
3616 891 3731 962 vn),
3759 900 3825 947 et

2225 987 2500 1042 orationes
2513 988 2640 1041 sunt
2657 986 2725 1041 de
2745 1000 2995 1041 sermone
3015 986 3213 1042 Christi
3246 986 3299 1039 in
3321 984 3541 1053 templo,
3572 984 3655 1037 die
3686 985 3823 1053 festo

2225 1076 2501 1130 mediante.
2554 1074 2830 1131 Dominica
2885 1076 3071 1147 quinta
3119 1075 3548 1145 Quadragesimte
3599 1074 3824 1129 missam

2226 1168 2389 1223 habet
2444 1184 2475 1222 a
2533 1167 2833 1223 Mozarabis
2899 1168 3288 1224 recentioribus
3344 1168 3769 1223 consarcinatam
3801 1206 3823 1231 ,

2224 1260 2575 1330 Evangelium
2602 1261 2796 1331 legitur
2820 1276 2885 1315 ex
2908 1259 3202 1330 Evangelio
3223 1260 3397 1315 sancti
3417 1259 3642 1315 Joannis
3663 1257 3823 1328 (Cap.

2226 1353 2305 1423 χ),
2357 1353 2410 1407 in
2454 1368 2562 1421 quo
2617 1352 2885 1421 Christus,
2932 1367 3096 1423 agens
3141 1353 3209 1407 de
3255 1353 3507 1423 legitimis
3536 1351 3619 1407 sui
3646 1351 3831 1423 gregis

2227 1444 2553 1514 pastoribus,
2578 1459 2636 1500 se
2666 1443 2940 1499 Pastorem
2971 1444 3159 1500 bonum
3184 1442 3301 1517 [vn]
3334 1454 3523 1514 aperte
3549 1444 3696 1510 dicit,
3729 1444 3829 1513 qui

2226 1554 2353 1597 oves
2375 1555 2500 1596 snas
2521 1542 2821 1611 cognoscit,
2847 1548 2901 1595 et
2926 1540 2994 1595 ab
3023 1540 3088 1596 iis
3114 1540 3478 1609 cognoscitur.
3513 1540 3825 1606 Orationes,

2228 1648 2379 1688 more
2404 1649 2525 1702 suo,
2540 1648 2571 1688 e
2592 1632 2792 1689 Missali
2813 1641 2868 1688 et
2892 1631 3168 1687 Breviario
3180 1631 3537 1700 collegerunt,
3555 1646 3673 1701 qua:
3686 1632 3829 1685 nihil

2225 1727 2427 1783 habent
2453 1743 2740 1783 commune
2785 1742 2907 1782 cum
2962 1725 3284 1795 Evangelia;
3316 1725 3557 1794 qumdam
3596 1724 3662 1779 de
3684 1723 3829 1793 jeju-

2227 1818 2319 1872 nio
2350 1818 2676 1874 mentionem
2700 1818 2923 1886 faciunt,
2946 1808 3039 1873 sed
3060 1816 3179 1872 alia:
3206 1832 3275 1871 ne
3322 1815 3535 1887 quidem
3559 1815 3825 1885 jejunium

2153 1893 2202 1953 Β
2231 1921 2676 1967 commemorant.

2298 2003 2384 2058 57.
2420 2004 2699 2061 Dominica
2723 2017 2876 2062 sexta
2904 2006 3359 2074 Quadragcsimm,
3380 2021 3500 2076 qum
3527 2014 3579 2061 et
3603 2001 3823 2059 Palma-

2224 2106 2367 2159 rum,
2398 2102 2456 2149 et
2482 2094 2534 2149 in
2566 2094 2857 2151 traditione
2884 2096 3131 2167 Symboli
3164 2096 3569 2163 denorniuatur,
3589 2095 3826 2166 primum

2226 2184 2391 2242 habet
2437 2186 2865 2243 benedictionem
2909 2190 3211 2259 palmarum
3265 2197 3321 2245 et
3369 2190 3666 2254 olivarum,
3706 2197 3825 2242 tum

2226 2279 2577 2346 consequitur
2604 2280 2791 2346 missa,
2813 2296 2929 2351 qua:
2944 2282 3125 2335 locum
3147 2298 3302 2336 suum
3321 2282 3541 2336 immota
3570 2280 3822 2345 retinuit,

2228 2378 2350 2438 post
2369 2370 2502 2425 duas
2524 2371 2784 2427 lectiones
2800 2371 3012 2427 Veteris
3034 2372 3297 2438 Fosderis,
3320 2371 3631 2441 Symbolum
3655 2385 3825 2439 apos-

2228 2460 2465 2516 tolorum
2507 2462 2821 2516 solemniter
2860 2464 3108 2529 traditur;
3139 2465 3331 2519 deinde
3360 2466 3554 2535 legitur
3583 2465 3824 2535 Aposto-

2226 2552 2332 2619 lus,
2363 2564 2418 2609 et
2442 2563 2630 2624 postea
2660 2556 2726 2610 de
2755 2570 2906 2610 more
2935 2554 3304 2625 Evangeliutn,
3323 2558 3466 2625 quod
3484 2573 3549 2611 ex
3572 2558 3746 2628 capite
3768 2573 3822 2610 χι

2226 2645 2399 2699 sancti
2446 2644 2669 2701 Joannis
2698 2645 3017 2711 desumitur,
3046 2647 3408 2716 describitque
3438 2648 3823 2718 triumphalem

2229 2735 2428 2793 Christi
2460 2736 2668 2793 Domini
2708 2740 3005 2808 ingressum
3048 2740 3100 2795 in
3153 2742 3339 2796 urbem
3370 2739 3819 2812 Hierosolymita-

2228 2844 2375 2883 nam.
2405 2829 2690 2885 Orationes
2710 2869 2724 2894 ,
2758 2832 2827 2885 ob
2855 2831 3094 2902 Symboli
3131 2832 3498 2899 traditionem,
3527 2834 3694 2886 multa
3723 2832 3823 2886 ha-

2228 2920 2361 2976 bent
2388 2921 2455 2977 de
2490 2920 2765 2978 Trinitatis
2792 2923 3083 2994 mysterio,
3115 2932 3171 2978 et
3197 2924 3445 2994 quaedam
3470 2925 3537 2980 de
3568 2924 3821 2981 lncarna-

2230 3014 2399 3069 tione.
2448 3000 2659 3071 Oratio.
2691 3014 2820 3071 Post
2858 3017 3028 3088 pridie
3076 3018 3323 3073 meminit
3366 3020 3433 3073 de
3476 3019 3821 3075 solemnitate

2230 3106 2554 3165 Palmarum.

2302 3200 2390 3255 38.
2422 3200 2599 3270 Atque
2628 3203 2743 3258 haec
2778 3211 2863 3257 est
2907 3203 3189 3260 missarum
3229 3204 3635 3262 dominicalium
3676 3205 3819 3273 Qua-

2231 3294 2550 3363 dragesimac
2579 3296 2782 3364 series,
2839 3302 2999 3367 quam
3032 3298 3363 3354 recentiores
3398 3298 3709 3355 Mozarabes
3738 3300 3821 3353 in-

2232 3390 2520 3446 duxerunt.
2564 3388 2621 3444 Si
2648 3390 2767 3461 quis
2798 3398 2980 3445 autem
3008 3391 3246 3447 voluerit
3274 3391 3520 3447 ordinem
3549 3402 3819 3448 vetustum

2232 3482 2547 3548 restituere,
2597 3482 2643 3537 is
2692 3482 2921 3553 primum
2964 3482 3126 3537 debet
3166 3484 3384 3539 missam
3425 3483 3821 3539 Mozarabicam

2233 3574 2525 3630 Dominica:
2560 3575 2762 3644 quintae
2812 3576 3024 3631 auferre
3047 3615 3064 3643 ,
3113 3584 3169 3633 et
3198 3578 3394 3633 deinde
3422 3581 3641 3633 missam
3688 3594 3822 3647 pro-

2235 3667 2405 3737 priam
2435 3664 2582 3721 ferite
2610 3676 2816 3736 quartae
2844 3667 3098 3723 Cinerum
3127 3684 3476 3740 componere,
3514 3685 3575 3725 ac
3601 3670 3822 3726 demum

2234 3760 2422 3815 missas
2445 3768 2669 3815 caeteras
2698 3776 2810 3815 suae
2853 3776 3124 3832 quamque
3164 3762 3453 3817 Dominicze
3497 3762 3820 3828 restituere,

2235 3853 2310 3909 ita
2339 3862 2399 3908 ut
2422 3852 2704 3910 Dominica
2736 3855 2907 3923 prima
2937 3853 3031 3910 ﬁat
3060 3857 3122 3910 de
3151 3855 3353 3910 Christo
3382 3856 3439 3909 in
3468 3856 3689 3921 deserto,
3717 3854 3827 3910 Do-

2235 3946 2431 4002 minica
2460 3947 2697 4002 secunda
2736 3948 2799 4002 de
2846 3949 3209 4018 Samaritana,
3251 3948 3525 4005 Dominica
3560 3949 3715 4004 tertia
3763 3950 3828 4003 de

2235 4054 2394 4108 ceco,
2408 4038 2684 4095 Dominica
2703 4047 2895 4110 quarta
2910 4042 2975 4095 de
2990 4042 3073 4095 die
3089 4044 3218 4112 festo
3240 4042 3519 4109 mediante,
3550 4040 3827 4095 Dominica

2235 4132 2423 4201 quinta
2479 4132 2542 4185 de
2588 4130 2815 4200 Lazaro,
2866 4141 2920 4186 et
2968 4132 3183 4187 demum
3235 4133 3512 4188 Dominica
3560 4141 3712 4189 sexta
3765 4133 3829 4186 de

2236 4222 2459 4286 Palmis,
2492 4233 2539 4277 et
2584 4225 2648 4277 de
2675 4224 2953 4278 traditione
2977 4223 3233 4296 Symboli.

2307 4313 2396 4368 39.
2432 4313 2633 4370 Praeter
2655 4316 2817 4371 hasce
2842 4317 3032 4372 missas
3054 4315 3429 4381 dominicales,
3448 4316 3667 4385 singulis
3684 4316 3828 4381 Qua-

2237 4403 2555 4473 dragesimte
2598 4407 2935 4475 septimanis,
2984 4405 3116 4460 feria
3146 4417 3362 4476 quarta,
3395 4414 3450 4462 et
3479 4406 3610 4461 feria
3652 4417 3825 4469 erla,

2236 4497 2483 4566 proprias
2525 4498 2729 4552 habent
2770 4498 2995 4566 missas,
3041 4508 3097 4552 et
3140 4500 3440 4569 septimana
3470 4506 3655 4553 sancta
3690 4496 3825 4551 feria

2157 4621 2213 4684 υ
2236 4589 2424 4657 quinta
2453 4589 2505 4643 in
2535 4588 2702 4645 Coena
2732 4588 2966 4656 Domini,
2999 4597 3054 4645 et
3082 4582 3373 4645 Sa‘bbatum
3421 4602 3661 4646 sanctum
3694 4592 3828 4646 mis-

2236 4696 2326 4737 sas
2362 4689 2609 4752 proprias
2633 4682 2853 4747 habent,
2885 4680 3018 4736 feria
3049 4690 3228 4736 autem
3253 4692 3407 4737 sexta
3440 4682 3492 4735 iu
3528 4681 3830 4737 Parasceve

2234 4776 2295 4830 lit
2321 4775 2484 4831 missa
2514 4774 3110 4831 Praesanctilicatorum.

2303 4868 2393 4922 40.
2435 4868 2620 4925 Missas
2665 4868 3155 4937 quadragesimales
3184 4869 3457 4938 excipiunt
3484 4870 3659 4923 missm
3703 4883 3833 4937 pas-

2233 4961 2417 5021 chales
2443 4971 2588 5029 octo,
2620 4977 2848 5031 quarum
2892 4961 3061 5029 prima
3108 4959 3194 5014 die
3228 4960 3503 5015 Dominica
3532 4960 3831 5014 Resurree-

2233 5055 2397 5109 tionis
2420 5055 2652 5119 Domini,
2684 5068 2780 5107 sex
2806 5052 2945 5119 alite,
2974 5051 3198 5121 singulis
3227 5051 3685 5122 consequentibus
3713 5052 3834 5108 die-

2233 5147 2353 5215 bus,
2386 5148 2607 5216 singulae
2636 5148 2948 5203 recitantur.

2303 5240 2392 5294 M.
2435 5239 2566 5296 Post
2590 5254 2745 5310 quas,
2789 5240 2844 5294 in
2873 5238 3071 5296 Missali
3100 5238 3335 5295 Ximenii
3362 5245 3656 5294 occurrunt
3690 5254 3833 5308 prte-

2233 5335 2439 5404 paratio
2469 5334 2669 5401 Μίδεω,
2702 5342 2760 5389 et
2785 5332 2941 5388 Liber
2970 5336 3197 5389 omnium
3226 5334 3574 5404 offerentium,
3607 5331 3830 5403 quibus,

2235 5436 2429 5500 praeter
2456 5428 2750 5496 orationes,
2783 5443 2921 5499 quas
2966 5428 3098 5487 dicit
3134 5428 3387 5485 sacerdos
3412 5427 3787 5483 celebraturus
3811 5465 3831 5494 ,

2234 5534 2435 5589 easque
2462 5534 2598 5590 quas
2623 5519 2753 5576 dicit
2772 5519 2987 5590 quando
3015 5529 3195 5576 vestes
3225 5533 3412 5574 sacras
3439 5517 3648 5585 induit,
3676 5532 3834 5572 com-

2233 5613 2641 5685 prehenduntur
2684 5614 2916 5685 hymnus
2969 5612 3280 5679 Puerorum,
3327 5612 3567 5682 psalmus
3595 5610 3833 5681 Con/ite-

2234 5707 2381 5773 mini,
2407 5708 2639 5779 hymnus
2665 5706 2839 5774 Salve,
2870 5704 3091 5776 Regina,
3120 5707 3283 5763 missa
3318 5705 3491 5759 sancti
3517 5702 3708 5760 Jacobi
3730 5702 3833 5759 Ze-

2237 5798 2389 5854 hedei
2436 5798 2817 5870 Hispaniarum
2843 5798 3093 5869 apostoli,
3124 5812 3224 5868 pro
3251 5795 3549 5868 exemplari
3594 5795 3831 5866 quodam

2237 5891 2412 5949 missa:
2465 5890 2814 5949 Mozarabica:
2862 5892 2967 5950 hoc
3015 5891 3137 5948 loco
3186 5888 3461 5960 proposita
3481 5927 3499 5955 ,
3557 5886 3828 5957 pleraeque
