4040 6356
241 315 304 371 n
1701 285 2097 345 nummo.
3466 287 3537 345 ,ε

250 428 547 491 arationes,
578 421 775 479 et-alia
802 433 918 489 quae
951 417 1005 474 in
1034 414 1212 471 missis
1242 410 1490 468 omnibus
1517 405 1833 461 recitantur.
1860 400 1913 462 Α
1941 400 2190 468 gulorum
2237 413 2381 467 una;
2426 408 2482 456 et
2527 414 2632 455 una
2669 398 3005 465 dominicalis
3049 398 3194 468 quod
3255 397 3537 457 Dominica

247 522 373 576 Post
411 519 531 572 hac
559 512 906 584 subsequitur
944 508 1109 563 missa
1140 513 1331 561 octava
1371 498 1673 572 paschalis,
1725 507 1861 591 quae~

245 614 333 671 die
360 610 646 667 Dominica
676 608 729 662 in
761 615 951 662 octava
979 601 1203 656 Paschae
1230 598 1442 653 dicitur.

321 704 407 759 42.
444 702 588 759 Sunt
632 698 827 755 deinde
869 704 996 751 octo
1038 693 1213 747 missae
1239 705 1359 758 quae
1410 701 1441 740 a
1488 683 1750 739 Paschate
1779 679 1844 734 ad

245 799 609 856 Pentecosten
639 794 971 857 recitantur,
1016 794 1242 858 quarum
1284 781 1473 852 prima:
1502 785 1735 850 quatuor
1763 783 1846 829 to-

244 894 412 949 tidem
443 888 756 953 Dominicis,
782 894 909 940 ante
928 882 1122 937 festutn
1155 874 1520 941 Ascensionis,
1552 869 1846 924 attribuun-

243 1000 358 1045 tur.
390 986 723 1055 Rogationes
752 972 1203 1044 G‘otho—l'lispani,
1233 980 1289 1025 et
1332 965 1675 1026 Mozarabes,
1719 966 1846 1015 ante

244 1081 597 1139 festivitatem
645 1071 1028 1135 Ascensionis,
1080 1082 1189 1122 non
1232 1062 1615 1123 celebrabant,
1660 1072 1760 1112 nec
1791 1055 1845 1109 in

242 1173 410 1227 missa
434 1168 669 1223 Ximenii
693 1165 797 1220 ulla
821 1171 904 1217 est
932 1161 1091 1215 missa
1124 1157 1471 1227 Rogationum
1496 1170 1511 1213 ;
1544 1149 1637 1205 sed
1659 1148 1845 1218 quinta

240 1265 311 1320 ad
343 1262 726 1317 Ascensionem
755 1255 967 1312 Domini
990 1258 1218 1323 spectat,
1250 1256 1401 1303 sexta
1425 1244 1489 1298 ad
1512 1240 1845 1295 Dominicam

243 1366 368 1426 post
397 1354 782 1410 Ascensionem
801 1391 816 1416 ,
852 1347 1082 1416 septima
1113 1343 1180 1398 ad
1210 1340 1444 1409 vigiliam
1477 1332 1618 1409 [vin]
1647 1332 1847 1387 Pente-

241 1458 451 1515 costes,
477 1456 532 1501 et
561 1452 754 1499 octava
783 1439 849 1494 ad
876 1439 1019 1493 diem
1043 1434 1392 1490 Pentecostes

319 1561 405 1615 4-5.
458 1559 573 1613 Mos
602 1564 784 1610 autem
824 1547 1419 1616 Goths-Hispanorum,
1466 1540 1742 1596 Gallorum
1793 1543 1848 1591 et

242 1650 612 1714 Mozarabum,
645 1654 762 1701 erat
802 1644 856 1698 in
885 1642 1034 1696 hisce
1061 1632 1239 1692 missis
1270 1650 1389 1705 quae
1416 1649 1444 1688 a
1490 1632 1752 1688 Paschate
1780 1626 1845 1681 ad

241 1745 605 1799 Pchtecosten
632 1738 1006 1796 recitabantur
1031 1735 1227 1789 librum
1257 1720 1613 1803 Apocalypsis
1640 1728 1840 1793 legere,
1876 1764 1923 1825 Β

238 1838 605 1905 eamdemque
630 1846 840 1888 morem
868 1829 1081 1885 Missale
1108 1824 1342 1880 Ximenii
1373 1819 1612 1879 retinuit.

311 1948 401 2000 Η.
450 1947 491 2001 A
540 1944 863 2000 Pentecoste
920 1940 1001 1994 ad‘
1042 1938 1203 1992 linem
1256 1935 1381 1990 anni
1432 1932 1665 2002 liturgici
1720 1939 1845 1986 octo

236 2036 505 2091 duntaxat
559 2034 736 2088 missae
800 2028 1151 2087 dominicales
1216 2024 1577 2080 inveniuntur.
1640 2020 1844 2076 Harum

239 2131 419 2200 prima
446 2127 754 2185 inscribitur
800 2124 867 2179 In
907 2122 1182 2178 Dominica
1212 2122 1378 2191 primo
1420 2128 1534 2187 post
1566 2116 1844 2170 Pentecos-

240 2232 349 2285 ten,
373 2227 431 2276 et
455 2221 642 2275 ultima
662 2221 715 2273 in
742 2217 1016 2273 Dominica
1047 2223 1171 2268 ante
1194 2213 1452 2284 jejunium
1482 2208 1844 2263 Kalendarum

247 2312 640 2377 Novembrium,
665 2327 825 2381 quam
851 2309 1194 2379 subsequitur
1220 2308 1382 2361 missa
1410 2307 1462 2359 in
1492 2305 1704 2371 Jejunia
1728 2300 1842 2357 Ka-

253 2406 532 2459 lendarum
564 2403 944 2457 Novembrium.

328 2518 412 2572 45.
458 2517 553 2573 His
572 2517 751 2572 missis
776 2515 1003 2585 antiquis
1021 2513 1330 2570 Mozarabes
1350 2512 1484 2567 duas
1508 2508 1841 2579 adjecerunt,

234 2612 469 2667 alteram
503 2609 785 2663 Dominica
817 2607 1117 2673 Trinitatis,
1166 2606 1391 2660 alteram
1420 2602 1508 2656 die
1536 2598 1844 2656 festivitatis

234 2702 488 2773 Corporis
541 2699 1135 2755 Christi.recitandam.
1192 2697 1352 2753 Missa
1405 2693 1684 2749 Trinitatis
1729 2700 1843 2746 tres

233 2796 536 2866 Scriptura:
565 2794 828 2849 lectiones
864 2808 895 2846 a
945 2791 1223 2845 Dominica
1259 2789 1431 2859 prima
1473 2794 1598 2857 post
1641 2783 1841 2839 Pente-

237 2899 422 2945 eosten
454 2887 729 2953 desumit,
779 2886 1055 2941 orationes
1092 2898 1223 2937 vero
1262 2894 1453 2936 onmes
1493 2894 1524 2932 a
1565 2875 1842 2931 Dominica

240 2980 573 3037 Palmarum.
602 2980 764 3036 Missa
793 2978 1096 3045 festivitatis
1112 2977 1354 3048 Corporis
1379 2973 1572 3029 Christi
1595 2968 1842 3040 qumdam

244 3074 394 3130 habet
423 3090 456 3129 e
487 3073 695 3130 Missali
725 3073 975 3129 Romano
1016 3073 1301 3142 desumpta
1327 3113 1341 3138 ,
1384 3078 1439 3123 at
1469 3067 1699 3138 plurima
1726 3062 1843 3132 ejus

253 3180 355 3234 pars
383 3181 417 3221 e
443 3166 633 3246 missis
648 3164 1110 3234 Gotho-Hispanis
1130 3163 1357 3219 collecta
1379 3168 1480 3216 est.
1500 3156 1744 3213 Olﬁcium
1769 3154 1840 3210 ad

250 3259 454 3313 missam
480 3257 689 3312 Cibavit
715 3275 824 3325 eos,
853 3264 908 3313 et
931 3257 1103 3312 oratio
1138 3257 1270 3309 Deus
1300 3254 1387 3326 qui
1414 3252 1583 3316 nobis,
1626 3246 1841 3302 Missale

248 3349 548 3405 Romanum
578 3350 975 3421 suppeditavit,
1022 3347 1316 3418 Apostolus
1342 3360 1411 3401 ex
1440 3340 1681 3412 Epistola
1709 3338 1731 3391 l
1773 3336 1841 3391 ad

249 3442 553 3499 Corinthios
599 3442 753 3514 (Cap.
796 3444 947 3512 χχιιι)
995 3448 1331 3511 segmentum
1376 3437 1492 3507 ejus
1536 3440 1621 3489 est
1667 3432 1755 3505 qui
1787 3433 1865 3487 in.

252 3535 407 3591 Coena
430 3536 648 3592 Domini
679 3536 893 3607 legitur,
929 3536 1196 3603 habetque
1224 3532 1388 3587 verba
1436 3531 1525 3585 illa
1558 3530 1719 3584 donec
1748 3544 1838 3582 ve—

250 3631 350 3683 niat
367 3647 420 3685 ιις
442 3646 753 3686 cunnus
768 3646 837 3685 ns
852 3645 1046 3693 emus,
1069 3642 1190 3698 qua:
1210 3622 1640 3693 GothovHispani
1662 3623 1711 3676 in
1730 3618 1842 3675 suis

248 3722 647 3793 exemplaribus
676 3722 947 3790 legebant.
979 3718 1325 3788 Evangelium
1355 3731 1387 3772 e
1415 3722 1603 3771 sancto
1632 3711 1841 3768 Joanne

246 3812 402 3883 (Cap.
436 3814 513 3881 vi)
542 3813 682 3867 idem
708 3824 791 3868 est
818 3812 964 3882 quod
1002 3811 1056 3865 in
1104 3809 1305 3865 Missali
1346 3808 1593 3865 Romano
1623 3806 1838 3873 legitur.

247 3903 430 3959 Hlatio
448 3911 531 3957 est
556 3915 880 3972 segmentum
898 3903 1152 3959 illationis
1175 3902 1349 3958 missas
1364 3900 1840 3970 Gothoﬂispanae,

245 4009 374 4064 quae
400 3993 534 4048 feria
562 4003 740 4065 quarta
767 4002 889 4067 post
922 3994 1254 4049 Dominicam
1284 3993 1501 4049 tertiam
1534 3992 1844 4060 Quadrage-

242 4089 397 4145 sima:
426 4088 672 4154 habetur,
708 4088 844 4144 adeo
875 4092 1169 4144 oscitanter
1197 4089 1305 4143 huc
1335 4086 1592 4142 translata
1612 4125 1626 4151 ,
1675 4090 1733 4137 ut
1776 4096 1845 4137 ne

242 4194 311 4234 ea
348 4180 569 4249 quidem
615 4181 894 4237 omiserint
939 4196 1060 4251 quae
1099 4181 1356 4237 solemnis
1398 4179 1586 4249 jejunii
1627 4178 1845 4248 propria

242 4279 424 4325 erant.
458 4269 643 4327 Oratio
672 4270 801 4326 Post
830 4271 997 4341 pridie
1026 4286 1057 4326 e
1096 4272 1257 4327 missa
1297 4269 1589 4326 Dominicae
1617 4275 1740 4322 ante
1766 4266 1847 4337 je-

239 4366 456 4437 junium
484 4366 852 4423 Kalendarum
875 4368 1212 4433 Novembris,
1248 4366 1512 4422 verbatim
1541 4365 1844 4435 desumpta,

238 4459 311 4513 de
342 4456 685 4513 Eucharistia
716 4459 829 4515 haec
853 4459 1016 4514 habet
1048 4477 1061 4512 :
1095 4458 1258 4513 Panis
1287 4459 1369 4512 hic
1415 4471 1842 4514 'rnansuuruus

238 4551 296 4604 in
322 4565 560 4619 carnem,
591 4551 733 4605 calix
757 4551 838 4604 hic
865 4565 1315 4607 TBANSPORMATUS
1360 4551 1415 4604 in
1442 4550 1747 4620 sanguinem
1776 4549 1844 4602 sit

238 4642 581 4712 clementibus
611 4642 802 4713 gratia,
830 4650 879 4695 et
907 4641 1218 4696 sumentibus
1246 4640 1523 4695 medicina.

466 4754 499 4827 §
526 4752 594 4809 ll.
626 4754 764 4809 Pars
788 4755 1010 4809 secunda
1035 4753 1269 4809 Missalis
1287 4751 1628 4808 Mazarabici.

307 4865 404 4921 46.
438 4865 660 4922 Missam
686 4864 874 4935 jejunii
903 4863 1266 4920 Kalendarum
1294 4863 1676 4920 Novembrium
1711 4878 1846 4919 com

233 4958 394 5013 tinuo
419 4957 705 5028 excipiunt
732 4957 1064 5022 Sanctorale,
1094 4956 1404 5023 Commune,
1451 4957 1625 5009 missae
1653 4954 1850 5009 votiva!

230 5063 287 5107 et
314 5049 647 5107 mortuales.
678 5049 999 5105 Sanctorale
1030 5050 1219 5105 missas
1252 5049 1415 5104 habet
1444 5047 1692 5119 proprias
1716 5047 1847 5101 bea-

228 5150 303 5197 tas
331 5141 610 5211 Virginis,
645 5150 701 5197 et
741 5148 1079 5209 sanctorum,
1118 5156 1255 5210 quas
1300 5139 1538 5197 Ecclesia
1587 5138 1852 5194 Toletana

227 5234 528 5291 celebrare
570 5232 812 5299 solebat;
859 5233 1048 5303 paucis
1093 5232 1371 5303 exceptis,
1418 5246 1538 5303 quae
1585 5238 1679 5285 aut
1724 5238 1851 5286 ante

228 5325 469 5382 missam
498 5323 706 5380 Natalis
726 5323 964 5393 Domini,
991 5330 1086 5378 aut
1110 5332 1234 5393 post
1260 5338 1380 5378 eam
1419 5322 1475 5378 in
1502 5322 1703 5377 Missali
1732 5321 1849 5377 col-

226 5419 520 5477 locantur.
560 5416 700 5473 Sunt
737 5425 919 5473 autem
961 5418 1015 5473 in
1057 5415 1362 5472 Sanctorali
1407 5417 1584 5472 missae
1620 5424 1851 5485 quatuor

229 5514 417 5569 bats
443 5509 685 5582 Virginis
706 5550 723 5577 ,
771 5510 911 5566 binae
936 5510 1004 5566 de
1032 5526 1214 5578 cruce,
1236 5524 1344 5565 una
1369 5512 1540 5566 sancti
1577 5508 1852 5566 Michaelis

233 5606 595 5675 archangeli,
624 5605 766 5661 binas
795 5604 965 5661 sancti
1009 5603 1234 5661 Joannis
1276 5602 1529 5674 Baptistae
1552 5644 1567 5669 ,
1614 5604 1853 5675 quinque

232 5701 644 5772 apostolorum,
676 5715 785 5755 una
814 5707 1125 5756 sanctorum
1156 5698 1300 5756 Petri
1338 5708 1392 5756 et
1418 5698 1589 5765 Pauli,
1633 5715 1738 5755 una
1764 5700 1851 5756 Si-

230 5794 426 5850 monis
442 5801 501 5850 et
522 5790 693 5861 ludar,
716 5792 950 5859 Matinae,
978 5792 1359 5850 Bartholomsei
1378 5799 1434 5848 et
1454 5791 1710 5860 Matthei,
1741 5793 1847 5849 sin-

1944 501 2069 548 ante
2092 492 2287 549 festum
2311 493 2605 547 nativitatis
2626 492 2798 547 sancti
2812 490 3035 548 Joannis
3051 489 3533 562 Baptistm'dicitur.

2016 585 2103 639 47.
2146 584 2186 638 Ε
2233 586 2432 640 sanctis
2472 600 2702 654 quorum
2746 585 2800 639 in
2848 583 3151 640 Sanctorali
3188 590 3314 639 sunt
3359 584 3537 643 missae

1944 681 2175 752 prOpriae
2226 688 2336 736 tres
2384 680 2449 734 ad
2497 679 2791 735 Ecelesiam
2846 679 3174 734 Gallicanam
3222 678 3535 749 pertinent,

1946 777 2205 831 Martinus
2225 775 2511 845 episcopus
2530 773 2877 838 Turonensis,
2910 770 3010 846 [ix]
3038 769 3305 827 Genesius
3345 772 3539 828 Arela-

1946 874 2135 938 tensis,
2154 880 2208 925 et
2235 869 2495 924 Columba
2522 868 2870 923 Senonensis.
2895 865 3114 937 Septem
3138 874 3264 923 sunt
3284 864 3541 926 Ecclesia:

1947 968 2224 1030 Romanae,
2244 966 2612 1032 Sebastianus,
2633 964 2970 1029 Laurentius,
2994 962 3219 1021 Cosmas
3245 970 3299 1019 et
3321 962 3539 1017 Damia-

1947 1076 2067 1123 nus,
2101 1060 2309 1128 Agnes,
2351 1058 2560 1113 Caecilia
2592 1066 2647 1111 et
2679 1055 2951 1126 Eugenia;
2983 1072 3091 1112 una
3136 1056 3354 1118 Sabina,
3393 1054 3542 1111 Cris-

1948 1154 2103 1225 pina;
2136 1168 2241 1207 una
2271 1152 2469 1217 Sicula,
2503 1152 2740 1221 Agatha;
2784 1159 2893 1204 tres
2922 1149 3177 1220 Africani,
3208 1150 3540 1221 Cyprianus,

1947 1245 2226 1316 Speratus,
2259 1253 2314 1300 et
2348 1244 2650 1306 Marciana;
2687 1258 2786 1297 una
2814 1242 3116 1308 Palaestina,
3150 1242 3314 1296 Maria
3332 1243 3545 1312 Magda-

1948 1336 2099 1401 lene;
2132 1338 2237 1391 duo
2269 1336 2589 1389 Antinclieni
2622 1334 2832 1388 Babilas
2854 1334 3138 1404 episcopus
3160 1342 3215 1388 et
3244 1334 3540 1402 Romanus,

1948 1444 2071 1483 cum
2120 1427 2365 1482 Romano
2414 1425 2723 1481 Thendulus
2774 1425 2979 1491 infans,
3031 1441 3152 1481 cum
3201 1425 3383 1480 Bahila
3436 1434 3545 1483 tres

1950 1522 2102 1592 pueri
2132 1532 2653 1588 commemorantur;
2709 1538 2812 1576 una
2842 1521 3135 1592 Cappadox
3154 1562 3169 1588 ,
3235 1522 3543 1591 Dorothea;

1950 1612 2056 1666 duo
2087 1612 2412 1668 Nicomedia:
2459 1615 2636 1683 passi,
2683 1613 2945 1667 Lucianus
2993 1622 3048 1668 et
3077 1612 3382 1678 Adrianus;
3436 1621 3546 1670 tres

1951 1704 2169 1759 incerta:
2198 1707 2395 1774 gentis,
2427 1715 2482 1760 et
2510 1707 2701 1761 incerti
2733 1706 2834 1761 loci
2862 1706 3147 1776 passionis,
3180 1705 3407 1777 Tyrsus,
3448 1704 3544 1760 Ju-

1951 1797 2126 1851 lianus
2158 1806 2213 1852 et
2232 1797 2682 1869 Christophorus,
2732 1813 3040 1868 quanquam
3085 1798 3172 1852 hic
3213 1797 3460 1855 videatur
3486 1797 3540 1854 in
3597 1790 3605 1799 ’

1947 1888 2130 1946 Maesia
2152 1906 2366 1959 passus.

2017 1983 2106 2039 48.
2149 1983 2346 2052 Crateri.
2372 2000 2562 2040 omnes
2605 1993 2871 2057 martyres
2901 1983 3125 2055 Hispani
3154 1992 3316 2051 sunt,
3349 1984 3457 2039 duo
3487 1991 3545 2041 et

1947 2080 2132 2150 viginti
2162 2095 2407 2146 numero,
2440 2079 2755 2134 Vincentius
2800 2079 2959 2133 levita
2993 2077 3537 2148 Caesaraugustanus,

1946 2172 2150 2229 Eulalia
2200 2173 2348 2243 virgo
2388 2173 2804 2228 Barcinonensis
2831 2216 2846 2240 ,
2898 2172 3228 2227 Fractuosus
3257 2171 3544 2241 episcopus

1948 2263 2386 2329 Tarraconensis,
2420 2264 2689 2333 Augurius
2729 2272 2786 2321 et
2828 2262 3082 2333 Eulogius
3122 2263 3240 2332 ejus
3294 2260 3541 2329 diaconi;

1945 2356 2249 2411 Eineterius
2279 2364 2332 2412 et
2359 2355 2674 2411 Gelidunius
2715 2356 2913 2411 milites
2960 2354 3361 2424 Calaguritani,
3402 2352 3540 2408 Tor-

1944 2456 2139 2518 quatus
2169 2448 2452 2516 episcopus
2482 2447 2793 2514 Accitanus,
2824 2461 2944 2500 cum
2972 2460 3101 2514 quo,
3135 2444 3324 2499 eadem
3354 2444 3542 2514 missa,

1946 2541 2263 2613 Ctesiphon,
2287 2540 2589 2606 Hesichius,
2616 2540 2928 2605 lndaletius,
2958 2539 3260 2605 Secundus,
3296 2539 3533 2609 tiuphra‘

1944 2635 2059 2690 sius
2098 2642 2152 2687 et
2173 2632 2454 2698 Cmcilius,
2483 2632 2763 2698 coluntur;
2803 2630 2954 2685 Justa
2982 2640 3038 2685 et
3078 2629 3290 2685 Rullina
3328 2646 3546 2687 sorores

1947 2727 2179 2795 virgines
2200 2724 2573 2795 Hispalenses;
2603 2721 2785 2778 Justus
2805 2732 2859 2777 et
2890 2721 3080 2777 Pastor
3104 2723 3257 2793 pueri
3285 2723 3544 2791 Complu-

1946 2827 2165 2885 tenses;
2195 2816 2342 2870 Felix
2372 2814 2768 2879 Gerundensis;
2800 2813 3090 2868 Gerontius
3118 2814 3403 2883 episcopus
3442 2814 3545 2867 Ita-

1946 2910 2197 2975 licensis;
2249 2909 2501 2976 Faustus,
2546 2906 2850 2972 Ianuarius,
2901 2906 3161 2961 Martialis
3205 2914 3262 2963 et
3305 2906 3544 2963 Acisclus

1945 3003 2356 3070 Cordubenses;
2382 3001 2680 3057 Germanus
2710 3009 2765 3056 et
2793 3000 3100 3054 Servandus
3128 3000 3181 3053 in
3211 2999 3355 3068 Agro
3380 2998 3542 3053 Gadi-

1865 3129 1919 3198 ο
1948 3107 2106 3165 tano,
2145 3108 2205 3153 ut
2244 3097 2449 3162 ferunt,
2494 3097 2671 3165 passi;
2711 3094 2991 3164 Crispinus
3035 3094 3321 3164 epiSCOpus
3348 3092 3544 3161 Astigi-
3640 3116 3645 3125 ν

1946 3201 2105 3248 tanus
2128 3202 2182 3247 et
2213 3191 2478 3246 Leucadia
2500 3191 2651 3258 virgo
2678 3188 2958 3243 Toletana.

2018 3284 2105 3339 49.
2150 3283 2293 3339 inter
2337 3290 2599 3350 martyres
2624 3281 2877 3335 coluntur
2915 3278 3197 3343 Leocadia,
3230 3278 3541 3343 Gerontius,

1946 3379 2246 3448 Crispinus,
2277 3375 2602 3444 Torquatus,
2635 3373 2860 3443 ejusque
2889 3372 3056 3438 socii;
3082 3386 3206 3425 nam
3239 3369 3547 3439 Torquatus

1947 3472 2142 3540 aliique
2167 3485 2263 3524 sex
2285 3468 2522 3538 episcopi
2548 3467 2745 3536 passim
2769 3473 3032 3536 martyres
3059 3464 3421 3535 appellantur,
3443 3479 3546 3520 nec

1946 3564 2250 3630 immerito;
2287 3577 2409 3616 nam
2458 3562 2617 3632 primi
2652 3569 2773 3630 post
2821 3559 3094 3629 apostolos
3141 3572 3239 3612 suo
3280 3557 3464 3611 labore
3490 3562 3547 3612 et

1946 3657 2206 3724 sanguine
2230 3652 2497 3708 Ecclesias
2528 3652 2579 3705 in
2608 3648 2863 3721 Hispania
2892 3647 3304 3704 constituerunt.
3332 3646 3545 3719 Crispi-

1946 3763 2046 3802 nus
2085 3746 2416 3814 Astigitanus
2456 3744 2510 3797 in
2538 3744 2738 3814 hymno
2769 3741 3029 3796 Breviarii
3069 3749 3274 3811 martyr
3302 3742 3545 3807 canitur;

1948 3840 2213 3897 Leocadia
2240 3847 2295 3895 et
2331 3836 2623 3891 Gerontius
2653 3835 2777 3888 ﬁdei
2809 3849 2971 3888 causa
3007 3847 3226 3887 carcere
3254 3832 3455 3886 conditi
3488 3832 3542 3884 in

1945 3935 2175 3990 vinculis
2206 3933 2469 3987 obierunt.
2504 3929 2826 3999 Martyribus
2864 3926 3065 3995 pariter
3102 3932 3321 3979 sanctus
3362 3923 3546 3977 Marti-

1947 4042 2048 4080 nus
2077 4023 2407 4078 Turonensis
2435 4018 2876 4090 adjungitur,»qui
2904 4016 2973 4071 ob
3002 4015 3357 4092 orthodoxam
3386 4014 3545 4069 [idem

1947 4116 2194 4181 ludibria,
2241 4114 2465 4168 verbera
2508 4120 2564 4167 et
2606 4126 2636 4164 a
2675 4110 2846 4181 patria
2902 4109 3145 4163 exsilium
3196 4122 3390 4177 passus
3424 4114 3544 4173 est;

1949 4207 2115 4262 Maria
2135 4206 2473 4275 Magdalene,
2505 4219 2535 4257 a
2564 4200 3022 4270 Gotho-Hispanis
3068 4207 3270 4272 martyr
3311 4199 3547 4254 habeba-

1950 4310 2056 4369 tur,
2090 4302 2164 4357 uti
2186 4316 2255 4355 ex
2284 4299 2400 4369 ejus
2428 4298 2592 4353 missa
2616 4302 2858 4367 apparet.
3434 4342 3435 4347 η

2021 4392 2110 4447 50.
2154 4392 2379 4446 Demum
2419 4392 2472 4444 in
2511 4388 2812 4443 Sanctorali
2843 4394 2925 4442 est
2953 4386 3115 4440 etiam
3169 4384 3330 4439 missa
3354 4384 3546 4455 jejunii

1873 4486 2123 4564 Dsancti
2155 4483 2440 4556 Cypriani,
2473 4483 2587 4536 sive
2628 4479 2985 4535 Kalendarum
3030 4476 3384 4546 Septembris.
3434 4473 3546 4529 Ha-

1950 4593 2072 4633 rum
2099 4577 2382 4631 missarum
2432 4574 2609 4647 longe,
2645 4588 2770 4643 pars
2823 4572 3055 4626 maxima
3094 4566 3546 4637 Gotho-Hispana

1951 4678 2035 4726 est
2065 4688 2077 4723 :
2110 4682 2295 4740 paucae
2322 4683 2353 4721 a
2385 4664 2683 4720 Mozarabis
2716 4663 3036 4732 conscriptae
3062 4660 3298 4714 fuerunt.
3343 4657 3544 4714 Contra
3610 4720 3622 4735 ο

1951 4760 2330 4830 antiquitatem
2353 4754 2731 4809 nonnullarum
2756 4767 2822 4806 ex
2860 4752 2977 4805 istis
3005 4750 3182 4805 missis
3207 4763 3315 4804 non
3345 4745 3546 4800 faciunt

1951 4851 2085 4907 Acta
2114 4857 2408 4920 martyrum
2441 4846 2654 4909 vitiata,
2687 4850 2742 4898 et
2768 4842 3112 4912 interpolata,
3141 4840 3335 4910 quibus
3355 4852 3545 4893 earum

1951 4944 2341 5014 compositores
2385 4941 2465 4995 usi
2500 4947 2659 5006 sunt;
2707 4953 2850 5004 nam,
2905 4944 2965 4991 ut
3013 4936 3066 4990 in
3114 4934 3255 4989 notis
3296 4932 3542 4986 animad-

1951 5045 2125 5101 verto,
2158 5036 2293 5091 Acta
2333 5036 2420 5091 illa
2444 5035 2631 5089 vitiata
2674 5032 2871 5089 steculo
2901 5047 2954 5086 vt
2982 5037 3036 5085 et
3071 5043 3143 5082 vn
3170 5040 3269 5095 pro
3298 5025 3550 5095 legitimis

1951 5133 2309 5190 habebantur.

2023 5225 2113 5279 5i.
2155 5224 2202 5278 A
2245 5222 2542 5278 Mozarabis
2571 5220 2875 5276 benedictio
2904 5213 3252 5272 candelarum
3291 5221 3347 5270 et
3384 5213 3548 5268 missa

1952 5315 2348 5373 Puriticationis
2372 5317 2542 5370 beata:
2561 5313 2790 5383 Virginis
2816 5308 3115 5378 composita
3138 5316 3266 5364 sunt
3289 5326 3303 5375 ;
3326 5308 3549 5377 Aposto-

1952 5415 2055 5479 lus,
2094 5408 2450 5482 Evangelium,
2494 5409 2671 5475 lauda,
2714 5404 3049 5475 sacriﬁcium,
3084 5403 3283 5472 oratio,
3307 5403 3469 5457 missa
3496 5410 3551 5458 et

1951 5506 2119 5561 illatio
2144 5503 2427 5573 desumpta
2457 5508 2580 5557 sunt
2602 5515 2634 5554 a
2664 5498 2825 5553 missa
2851 5494 3291 5556 Circumcisionis
3312 5494 3547 5561 Domini;

1953 5606 2163 5656 caeteras
2190 5611 2322 5651 vero
2349 5594 2621 5652 orationes
2650 5597 2707 5647 et
2733 5588 3036 5649 benedictio
3065 5603 3098 5643 e
3127 5587 3403 5643 Breviario
3434 5586 3548 5642 col-

1953 5693 2106 5750 lectae
2131 5698 2277 5749 sunt.

2028 5784 2112 5840 52.
2161 5785 2379 5843 Vetusta
2407 5775 2644 5851 quidem,
2670 5777 2813 5850 apud
2840 5775 3025 5832 Gallos
3052 5774 3264 5838 saltem,
3292 5780 3375 5827 est
3404 5769 3522 5826 festi
