  <div class='ocr_page' id='page_1' title='image "/cluster/home/n/w/nwhite01/storage/ocr_20150623/85/hvd.32044015469455/015.png"; bbox 0 0 4040 6356; ppageno 0'>
   <div class='ocr_carea' id='block_1_1' title="bbox 475 214 3713 287">
    <p class='ocr_par' dir='ltr' id='par_1_1' title="bbox 475 214 3713 287">
     <span class='ocr_line' id='line_1_1' title="bbox 475 214 3713 287; baseline -0.01 0"><span class='ocrx_word' id='word_1_1' title='bbox 475 220 507 287; x_wconf 82' lang='lat'><strong><em>9</em></strong></span> <span class='ocrx_word' id='word_1_2' title='bbox 1898 214 2289 281; x_wconf 60' lang='lat' dir='ltr'><strong>meum.</strong></span> <span class='ocrx_word' id='word_1_3' title='bbox 3644 220 3713 281; x_wconf 65' lang='grc' dir='ltr'>ω</span> 
     </span>
    </p>
   </div>
   <div class='ocr_carea' id='block_1_2' title="bbox 437 222 3713 411">
    <p class='ocr_par' dir='ltr' id='par_1_2' title="bbox 437 222 3713 411">
     <span class='ocr_line' id='line_1_2' title="bbox 475 222 3713 287; baseline -0.009 0"><span class='ocrx_word' id='word_1_4' title='bbox 475 222 507 287; x_wconf 82' lang='grc'>9</span> <span class='ocrx_word' id='word_1_5' title='bbox 1898 222 2289 281; x_wconf 55' lang='lat' dir='ltr'><strong>mutuum.</strong></span> <span class='ocrx_word' id='word_1_6' title='bbox 3644 222 3713 281; x_wconf 66' lang='grc' dir='ltr'>ω</span> 
     </span>
     <span class='ocr_line' id='line_1_3' title="bbox 437 222 3713 411; baseline 0.001 -19"><span class='ocrx_word' id='word_1_7' title='bbox 437 222 575 411; x_wconf 61' lang='lat' dir='ltr'><strong>:itas</strong></span> <span class='ocrx_word' id='word_1_8' title='bbox 620 335 925 411; x_wconf 63' lang='lat' dir='ltr'><strong>Nstivitqtis</strong></span> <span class='ocrx_word' id='word_1_9' title='bbox 963 336 1133 411; x_wconf 68' lang='lat' dir='ltr'><strong>beatae</strong></span> <span class='ocrx_word' id='word_1_10' title='bbox 1172 336 1404 409; x_wconf 72' lang='lat' dir='ltr'><strong>Yirginis</strong></span> <span class='ocrx_word' id='word_1_11' title='bbox 1445 352 1457 387; x_wconf 88' lang='lat'><strong>:</strong></span> <span class='ocrx_word' id='word_1_12' title='bbox 1504 341 1561 405; x_wconf 82' lang='lat' dir='ltr'><strong>at</strong></span> <span class='ocrx_word' id='word_1_13' title='bbox 1598 332 1766 403; x_wconf 79' lang='lat' dir='ltr'><strong>missa</strong></span> <span class='ocrx_word' id='word_1_14' title='bbox 1813 348 1934 405; x_wconf 74' lang='lat' dir='ltr'><strong>quae</strong></span> <span class='ocrx_word' id='word_1_15' title='bbox 1978 335 2032 407; x_wconf 77' lang='lat' dir='ltr'><strong>in</strong></span> <span class='ocrx_word' id='word_1_16' title='bbox 2060 332 2195 405; x_wconf 69' lang='lat' dir='ltr'><strong>Ain</strong></span> <span class='ocrx_word' id='word_1_17' title='bbox 2224 332 2565 395; x_wconf 79' lang='lat' dir='ltr'><strong>Lectionario</strong></span> <span class='ocrx_word' id='word_1_18' title='bbox 2581 332 2930 409; x_wconf 76' lang='lat' dir='ltr'><strong>Luxoviensi,</strong></span> <span class='ocrx_word' id='word_1_19' title='bbox 2945 351 3000 393; x_wconf 90' lang='lat' dir='ltr'><strong>n.</strong></span> <span class='ocrx_word' id='word_1_20' title='bbox 3019 335 3108 403; x_wconf 88' lang='lat'><strong>80,</strong></span> <span class='ocrx_word' id='word_1_21' title='bbox 3125 344 3415 399; x_wconf 77' lang='lat' dir='ltr'><strong>occurrunt</strong></span> <span class='ocrx_word' id='word_1_22' title='bbox 3431 336 3645 409; x_wconf 74' lang='lat' dir='ltr'><strong>tegenda</strong></span> <span class='ocrx_word' id='word_1_23' title='bbox 3661 342 3713 396; x_wconf 84' lang='lat' dir='ltr'><strong>in</strong></span> 
     </span>
    </p>
   </div>
   <div class='ocr_carea' id='block_1_3' title="bbox 438 428 2030 505">
    <p class='ocr_par' dir='ltr' id='par_1_3' title="bbox 438 428 2030 505">
     <span class='ocr_line' id='line_1_4' title="bbox 438 428 2030 505; baseline -0.006 -12"><span class='ocrx_word' id='word_1_24' title='bbox 438 430 740 505; x_wconf 70' lang='lat' dir='ltr'><strong>Sanctorali</strong></span> <span class='ocrx_word' id='word_1_25' title='bbox 778 431 1121 505; x_wconf 52' lang='lat' dir='ltr'><strong>eluseraqu</strong></span> <span class='ocrx_word' id='word_1_26' title='bbox 1149 431 1198 503; x_wconf 82' lang='lat' dir='ltr'><strong>ei</strong></span> <span class='ocrx_word' id='word_1_27' title='bbox 1229 430 1504 489; x_wconf 79' lang='lat' dir='ltr'><strong>festivitati</strong></span> <span class='ocrx_word' id='word_1_28' title='bbox 1543 428 1879 493; x_wconf 68' lang='lat' dir='ltr'><strong>attribuitur,</strong></span> <span class='ocrx_word' id='word_1_29' title='bbox 1903 444 2030 499; x_wconf 83' lang='lat' dir='ltr'><strong>par-</strong></span> 
     </span>
    </p>
   </div>
   <div class='ocr_carea' id='block_1_4' title="bbox 438 521 2034 597">
    <p class='ocr_par' dir='ltr' id='par_1_4' title="bbox 438 521 2034 597">
     <span class='ocr_line' id='line_1_5' title="bbox 438 521 2034 597; baseline -0.001 -16"><span class='ocrx_word' id='word_1_30' title='bbox 438 526 533 593; x_wconf 78' lang='lat' dir='ltr'><strong>tim</strong></span> <span class='ocrx_word' id='word_1_31' title='bbox 558 540 587 589; x_wconf 83' lang='lat' dir='ltr'><strong>c</strong></span> <span class='ocrx_word' id='word_1_32' title='bbox 608 524 805 597; x_wconf 78' lang='lat' dir='ltr'><strong>Missali</strong></span> <span class='ocrx_word' id='word_1_33' title='bbox 829 523 1095 593; x_wconf 74' lang='lat' dir='ltr'><strong>Romano,</strong></span> <span class='ocrx_word' id='word_1_34' title='bbox 1129 525 1320 593; x_wconf 99' lang='lat' dir='ltr'><strong>partim</strong></span> <span class='ocrx_word' id='word_1_35' title='bbox 1348 539 1379 579; x_wconf 92' lang='lat' dir='ltr'><strong>e</strong></span> <span class='ocrx_word' id='word_1_36' title='bbox 1403 524 1566 583; x_wconf 82' lang='lat' dir='ltr'><strong>missa</strong></span> <span class='ocrx_word' id='word_1_37' title='bbox 1596 521 2034 585; x_wconf 83' lang='lat' dir='ltr'><strong>Annuntiationis</strong></span> 
     </span>
    </p>
   </div>
   <div class='ocr_carea' id='block_1_5' title="bbox 438 615 1778 693">
    <p class='ocr_par' dir='ltr' id='par_1_5' title="bbox 438 615 1778 693">
     <span class='ocr_line' id='line_1_6' title="bbox 438 615 1778 693; baseline -0.001 -22"><span class='ocrx_word' id='word_1_38' title='bbox 438 616 741 693; x_wconf 67' lang='lat' dir='ltr'><strong>desumpta,</strong></span> <span class='ocrx_word' id='word_1_39' title='bbox 772 615 1213 691; x_wconf 77' lang='lat' dir='ltr'><strong>Gotlio-Hispana</strong></span> <span class='ocrx_word' id='word_1_40' title='bbox 1245 618 1509 689; x_wconf 83' lang='lat' dir='ltr'><strong>censenda</strong></span> <span class='ocrx_word' id='word_1_41' title='bbox 1540 632 1647 685; x_wconf 88' lang='lat' dir='ltr'><strong>non</strong></span> <span class='ocrx_word' id='word_1_42' title='bbox 1680 623 1778 670; x_wconf 88' lang='lat' dir='ltr'><strong>est.</strong></span> 
     </span>
    </p>
   </div>
   <div class='ocr_carea' id='block_1_6' title="bbox 450 692 2033 785">
    <p class='ocr_par' dir='ltr' id='par_1_6' title="bbox 450 692 2033 785">
     <span class='ocr_line' id='line_1_7' title="bbox 450 692 2033 785; baseline 0 -23"><span class='ocrx_word' id='word_1_43' title='bbox 450 702 457 707; x_wconf 73' lang='grc'><em>’</em></span> <span class='ocrx_word' id='word_1_44' title='bbox 512 708 597 763; x_wconf 75' lang='grc'><strong>55.</strong></span> <span class='ocrx_word' id='word_1_45' title='bbox 640 692 859 785; x_wconf 72' lang='lat' dir='ltr'><strong>Festum</strong></span> <span class='ocrx_word' id='word_1_46' title='bbox 892 709 972 785; x_wconf 60' lang='grc' dir='ltr'><strong>[ς]</strong></span> <span class='ocrx_word' id='word_1_47' title='bbox 1011 709 1392 781; x_wconf 79' lang='lat' dir='ltr'><strong>Conceptionis</strong></span> <span class='ocrx_word' id='word_1_48' title='bbox 1439 708 1611 763; x_wconf 77' lang='lat' dir='ltr'><strong>beatae</strong></span> <span class='ocrx_word' id='word_1_49' title='bbox 1640 708 1903 777; x_wconf 77' lang='lat' dir='ltr'><strong>Virginis,</strong></span> <span class='ocrx_word' id='word_1_50' title='bbox 1932 722 2033 767; x_wconf 70' lang='lat' dir='ltr'><strong>sa:-</strong></span> 
     </span>
    </p>
   </div>
   <div class='ocr_carea' id='block_1_7' title="bbox 440 798 2035 885">
    <p class='ocr_par' dir='ltr' id='par_1_7' title="bbox 440 798 2035 885">
     <span class='ocr_line' id='line_1_8' title="bbox 440 798 2035 885; baseline -0.004 -25"><span class='ocrx_word' id='word_1_51' title='bbox 440 802 564 885; x_wconf 64' lang='lat' dir='ltr'><strong>culo</strong></span> <span class='ocrx_word' id='word_1_52' title='bbox 606 818 770 885; x_wconf 74' lang='lat' dir='ltr'><strong>pono,</strong></span> <span class='ocrx_word' id='word_1_53' title='bbox 803 802 1026 873; x_wconf 71' lang='lat' dir='ltr'><strong>Neapoli</strong></span> <span class='ocrx_word' id='word_1_54' title='bbox 1052 801 1445 871; x_wconf 83' lang='lat' dir='ltr'><strong>celebrabatur,</strong></span> <span class='ocrx_word' id='word_1_55' title='bbox 1477 810 1536 857; x_wconf 90' lang='lat' dir='ltr'><strong>ut</strong></span> <span class='ocrx_word' id='word_1_56' title='bbox 1576 801 1734 857; x_wconf 80' lang='lat' dir='ltr'><strong>ﬁdem</strong></span> <span class='ocrx_word' id='word_1_57' title='bbox 1766 798 1892 855; x_wconf 84' lang='lat' dir='ltr'><strong>facit</strong></span> <span class='ocrx_word' id='word_1_58' title='bbox 1928 798 2035 855; x_wconf 74' lang='lat' dir='ltr'><strong>Ka-</strong></span> 
     </span>
    </p>
   </div>
   <div class='ocr_carea' id='block_1_8' title="bbox 438 876 2035 975">
    <p class='ocr_par' dir='ltr' id='par_1_8' title="bbox 438 876 2035 975">
     <span class='ocr_line' id='line_1_9' title="bbox 438 876 2035 975; baseline -0.001 -24"><span class='ocrx_word' id='word_1_59' title='bbox 438 876 737 969; x_wconf 75' lang='lat' dir='ltr'><strong>lendarium</strong></span> <span class='ocrx_word' id='word_1_60' title='bbox 773 911 1135 969; x_wconf 72' lang='lat' dir='ltr'><strong>marmoreum</strong></span> <span class='ocrx_word' id='word_1_61' title='bbox 1162 896 1599 975; x_wconf 78' lang='lat' dir='ltr'><strong>Neapolitanum,</strong></span> <span class='ocrx_word' id='word_1_62' title='bbox 1635 895 1740 950; x_wconf 89' lang='lat' dir='ltr'><strong>hoc</strong></span> <span class='ocrx_word' id='word_1_63' title='bbox 1770 902 2035 965; x_wconf 76' lang='lat' dir='ltr'><strong>tempore,</strong></span> 
     </span>
    </p>
   </div>
   <div class='ocr_carea' id='block_1_9' title="bbox 440 986 2037 1061">
    <p class='ocr_par' dir='ltr' id='par_1_9' title="bbox 440 986 2037 1061">
     <span class='ocr_line' id='line_1_10' title="bbox 440 986 2037 1061; baseline -0.003 -18"><span class='ocrx_word' id='word_1_64' title='bbox 440 989 896 1061; x_wconf 67' lang='lat' dir='ltr'><strong>quemadmodum</strong></span> <span class='ocrx_word' id='word_1_65' title='bbox 942 990 1136 1051; x_wconf 85' lang='lat' dir='ltr'><strong>eruditi</strong></span> <span class='ocrx_word' id='word_1_66' title='bbox 1178 990 1486 1059; x_wconf 83' lang='lat' dir='ltr'><strong>epiuantqr,</strong></span> <span class='ocrx_word' id='word_1_67' title='bbox 1534 988 1822 1055; x_wconf 78' lang='lat' dir='ltr'><strong>scalptum.</strong></span> <span class='ocrx_word' id='word_1_68' title='bbox 1869 986 1923 1041; x_wconf 82' lang='lat' dir='ltr'><strong>In</strong></span> <span class='ocrx_word' id='word_1_69' title='bbox 1971 1001 2037 1055; x_wconf 80' lang='lat' dir='ltr'><strong>ep</strong></span> 
     </span>
    </p>
   </div>
   <div class='ocr_carea' id='block_1_10' title="bbox 443 1078 2040 1153">
    <p class='ocr_par' dir='ltr' id='par_1_10' title="bbox 443 1078 2040 1153">
     <span class='ocr_line' id='line_1_11' title="bbox 443 1078 2040 1153; baseline -0.003 -14"><span class='ocrx_word' id='word_1_70' title='bbox 443 1084 587 1139; x_wconf 91' lang='lat' dir='ltr'><strong>enim</strong></span> <span class='ocrx_word' id='word_1_71' title='bbox 618 1084 794 1151; x_wconf 79' lang='lat' dir='ltr'>legere</span> <span class='ocrx_word' id='word_1_72' title='bbox 822 1092 901 1153; x_wconf 82' lang='lat' dir='ltr'><strong>est</strong></span> <span class='ocrx_word' id='word_1_73' title='bbox 929 1100 940 1135; x_wconf 87' lang='lat'>:</span> <span class='ocrx_word' id='word_1_74' title='bbox 974 1098 1085 1145; x_wconf 79' lang='lat' dir='ltr'><strong>vni,</strong></span> <span class='ocrx_word' id='word_1_75' title='bbox 1112 1098 1405 1141; x_wconf 68' lang='lat' dir='ltr'><strong>coscemo</strong></span> <span class='ocrx_word' id='word_1_76' title='bbox 1434 1097 1462 1138; x_wconf 86' lang='lat' dir='ltr'><strong>s</strong></span> <span class='ocrx_word' id='word_1_77' title='bbox 1489 1098 1590 1137; x_wconf 76' lang='lat' dir='ltr'><strong>ANB</strong></span> <span class='ocrx_word' id='word_1_78' title='bbox 1618 1098 1778 1137; x_wconf 74' lang='lat' dir='ltr'><strong>Istus</strong></span> <span class='ocrx_word' id='word_1_79' title='bbox 1804 1097 1909 1137; x_wconf 73' lang='lat' dir='ltr'><strong>vnn.</strong></span> <span class='ocrx_word' id='word_1_80' title='bbox 1942 1078 2040 1135; x_wconf 88' lang='lat' dir='ltr'><strong>Die</strong></span> 
     </span>
    </p>
   </div>
   <div class='ocr_carea' id='block_1_11' title="bbox 441 1168 2042 1242">
    <p class='ocr_par' dir='ltr' id='par_1_11' title="bbox 441 1168 2042 1242">
     <span class='ocr_line' id='line_1_12' title="bbox 441 1168 2042 1242; baseline -0.002 -14"><span class='ocrx_word' id='word_1_81' title='bbox 441 1183 638 1228; x_wconf 43' lang='lat' dir='ltr'><strong>octavo.</strong></span> <span class='ocrx_word' id='word_1_82' title='bbox 678 1170 987 1235; x_wconf 81' lang='lat' dir='ltr'><strong>Decembris</strong></span> <span class='ocrx_word' id='word_1_83' title='bbox 1041 1169 1317 1242; x_wconf 83' lang='lat' dir='ltr'><strong>Conceptio</strong></span> <span class='ocrx_word' id='word_1_84' title='bbox 1374 1171 1585 1227; x_wconf 68' lang='lat' dir='ltr'><strong>Sanctae</strong></span> <span class='ocrx_word' id='word_1_85' title='bbox 1633 1170 1797 1224; x_wconf 79' lang='lat' dir='ltr'><strong>Annte</strong></span> <span class='ocrx_word' id='word_1_86' title='bbox 1852 1168 2042 1225; x_wconf 64' lang='lat' dir='ltr'><strong>Marias</strong></span> 
     </span>
    </p>
   </div>
   <div class='ocr_carea' id='block_1_12' title="bbox 449 1259 2042 1333">
    <p class='ocr_par' dir='ltr' id='par_1_12' title="bbox 449 1259 2042 1333">
     <span class='ocr_line' id='line_1_13' title="bbox 449 1259 2042 1333; baseline -0.001 -17"><span class='ocrx_word' id='word_1_87' title='bbox 449 1262 728 1333; x_wconf 78' lang='lat' dir='ltr'><strong>Virginis,-</strong></span> <span class='ocrx_word' id='word_1_88' title='bbox 799 1261 1150 1314; x_wconf 82' lang='lat' dir='ltr'><strong>nihilominus</strong></span> <span class='ocrx_word' id='word_1_89' title='bbox 1206 1262 1366 1317; x_wconf 76' lang='lat' dir='ltr'><strong>missa</strong></span> <span class='ocrx_word' id='word_1_90' title='bbox 1426 1259 1809 1332; x_wconf 87' lang='lat' dir='ltr'><strong>Conceptionis</strong></span> <span class='ocrx_word' id='word_1_91' title='bbox 1870 1259 2042 1321; x_wconf 66' lang='lat' dir='ltr'><strong>beatas</strong></span> 
     </span>
    </p>
   </div>
   <div class='ocr_carea' id='block_1_13' title="bbox 445 1352 2041 1429">
    <p class='ocr_par' dir='ltr' id='par_1_13' title="bbox 445 1352 2041 1429">
     <span class='ocr_line' id='line_1_14' title="bbox 445 1352 2041 1429; baseline -0.002 -21"><span class='ocrx_word' id='word_1_92' title='bbox 445 1354 694 1425; x_wconf 81' lang='lat' dir='ltr'><strong>Virginis,</strong></span> <span class='ocrx_word' id='word_1_93' title='bbox 728 1368 889 1422; x_wconf 86' lang='lat' dir='ltr'><strong>quam</strong></span> <span class='ocrx_word' id='word_1_94' title='bbox 924 1352 989 1405; x_wconf 69' lang='lat' dir='ltr'><strong>in&#39;</strong></span> <span class='ocrx_word' id='word_1_95' title='bbox 1023 1352 1218 1427; x_wconf 66' lang='lat' dir='ltr'><strong>Missali</strong></span> <span class='ocrx_word' id='word_1_96' title='bbox 1264 1352 1494 1429; x_wconf 83' lang='lat' dir='ltr'><strong>Ximenii</strong></span> <span class='ocrx_word' id='word_1_97' title='bbox 1524 1352 1804 1417; x_wconf 84' lang='lat' dir='ltr'><strong>habemus,</strong></span> <span class='ocrx_word' id='word_1_98' title='bbox 1854 1366 2041 1413; x_wconf 83' lang='lat' dir='ltr'><strong>recen-</strong></span> 
     </span>
    </p>
   </div>
   <div class='ocr_carea' id='block_1_14' title="bbox 446 1432 2045 1517">
    <p class='ocr_par' dir='ltr' id='par_1_14' title="bbox 446 1432 2045 1517">
     <span class='ocr_line' id='line_1_15' title="bbox 446 1432 2045 1517; baseline 0 -20"><span class='ocrx_word' id='word_1_99' title='bbox 446 1432 639 1497; x_wconf 79' lang='lat' dir='ltr'><strong>tiorum</strong></span> <span class='ocrx_word' id='word_1_100' title='bbox 672 1442 1017 1497; x_wconf 80' lang='lat' dir='ltr'><strong>Mozarabum</strong></span> <span class='ocrx_word' id='word_1_101' title='bbox 1050 1458 1188 1513; x_wconf 86' lang='lat' dir='ltr'><strong>opus</strong></span> <span class='ocrx_word' id='word_1_102' title='bbox 1229 1451 1327 1495; x_wconf 85' lang='lat' dir='ltr'><strong>est.</strong></span> <span class='ocrx_word' id='word_1_103' title='bbox 1366 1442 1611 1517; x_wconf 79' lang='lat' dir='ltr'><strong>Officium</strong></span> <span class='ocrx_word' id='word_1_104' title='bbox 1639 1442 1708 1498; x_wconf 89' lang='lat' dir='ltr'><strong>ad</strong></span> <span class='ocrx_word' id='word_1_105' title='bbox 1752 1443 1963 1498; x_wconf 81' lang='lat' dir='ltr'><strong>missam</strong></span> <span class='ocrx_word' id='word_1_106' title='bbox 1989 1448 2045 1497; x_wconf 94' lang='lat' dir='ltr'><strong>et</strong></span> 
     </span>
    </p>
   </div>
   <div class='ocr_carea' id='block_1_15' title="bbox 446 1533 2045 1608">
    <p class='ocr_par' dir='ltr' id='par_1_15' title="bbox 446 1533 2045 1608">
     <span class='ocr_line' id='line_1_16' title="bbox 446 1533 2045 1608; baseline 0.001 -19"><span class='ocrx_word' id='word_1_107' title='bbox 446 1537 715 1608; x_wconf 85' lang='lat' dir='ltr'><strong>psallendc</strong></span> <span class='ocrx_word' id='word_1_108' title='bbox 745 1549 775 1587; x_wconf 90' lang='lat' dir='ltr'><strong>a</strong></span> <span class='ocrx_word' id='word_1_109' title='bbox 821 1533 1017 1589; x_wconf 84' lang='lat' dir='ltr'><strong>Missali</strong></span> <span class='ocrx_word' id='word_1_110' title='bbox 1064 1534 1331 1596; x_wconf 79' lang='lat' dir='ltr'><strong>Romano,</strong></span> <span class='ocrx_word' id='word_1_111' title='bbox 1378 1535 1654 1590; x_wconf 88' lang='lat' dir='ltr'><strong>orationes</strong></span> <span class='ocrx_word' id='word_1_112' title='bbox 1700 1551 1730 1589; x_wconf 91' lang='lat' dir='ltr'><strong>a</strong></span> <span class='ocrx_word' id='word_1_113' title='bbox 1761 1534 1961 1591; x_wconf 80' lang='lat' dir='ltr'><strong>Missali</strong></span> <span class='ocrx_word' id='word_1_114' title='bbox 1990 1542 2045 1590; x_wconf 86' lang='lat' dir='ltr'><strong>et</strong></span> 
     </span>
    </p>
   </div>
   <div class='ocr_carea' id='block_1_16' title="bbox 450 1623 2045 1681">
    <p class='ocr_par' dir='ltr' id='par_1_16' title="bbox 450 1623 2045 1681">
     <span class='ocr_line' id='line_1_17' title="bbox 450 1623 2045 1681; baseline 0 -2"><span class='ocrx_word' id='word_1_115' title='bbox 450 1623 721 1681; x_wconf 74' lang='lat' dir='ltr'><strong>Breviario</strong></span> <span class='ocrx_word' id='word_1_116' title='bbox 762 1623 1107 1681; x_wconf 80' lang='lat' dir='ltr'><strong>Mozarabum</strong></span> <span class='ocrx_word' id='word_1_117' title='bbox 1145 1626 1517 1681; x_wconf 89' lang='lat' dir='ltr'><strong>desumuntur.</strong></span> <span class='ocrx_word' id='word_1_118' title='bbox 1562 1625 1776 1681; x_wconf 70' lang='lat' dir='ltr'><strong>Missam</strong></span> <span class='ocrx_word' id='word_1_119' title='bbox 1824 1626 2045 1681; x_wconf 65' lang='lat' dir='ltr'><strong>Exaltao</strong></span> 
     </span>
    </p>
   </div>
   <div class='ocr_carea' id='block_1_17' title="bbox 2134 427 3716 501">
    <p class='ocr_par' dir='ltr' id='par_1_17' title="bbox 2134 427 3716 501">
     <span class='ocr_line' id='line_1_18' title="bbox 2134 427 3716 501; baseline 0.001 -17"><span class='ocrx_word' id='word_1_120' title='bbox 2134 428 2453 500; x_wconf 73' lang='lat' dir='ltr'><strong>profectione</strong></span> <span class='ocrx_word' id='word_1_121' title='bbox 2480 427 2701 495; x_wconf 79' lang='lat' dir='ltr'><strong>itineris,</strong></span> <span class='ocrx_word' id='word_1_122' title='bbox 2733 436 2808 495; x_wconf 90' lang='lat' dir='ltr'><strong>et,</strong></span> <span class='ocrx_word' id='word_1_123' title='bbox 2840 445 2891 483; x_wconf 78' lang='grc' dir='ltr'><strong>η.</strong></span> <span class='ocrx_word' id='word_1_124' title='bbox 2925 428 3012 495; x_wconf 77' lang='lat' dir='ltr'><strong>8t,</strong></span> <span class='ocrx_word' id='word_1_125' title='bbox 3042 428 3259 501; x_wconf 71' lang='lat' dir='ltr'><strong>legenda</strong></span> <span class='ocrx_word' id='word_1_126' title='bbox 3280 429 3343 484; x_wconf 76' lang='lat' dir='ltr'><strong>de</strong></span> <span class='ocrx_word' id='word_1_127' title='bbox 3368 430 3630 487; x_wconf 74' lang='lat' dir='ltr'><strong>redeundo</strong></span> <span class='ocrx_word' id='word_1_128' title='bbox 3654 431 3716 485; x_wconf 75' lang='lat' dir='ltr'><strong>ab</strong></span> 
     </span>
    </p>
   </div>
   <div class='ocr_carea' id='block_1_18' title="bbox 2136 521 3722 593">
    <p class='ocr_par' dir='ltr' id='par_1_18' title="bbox 2136 521 3722 593">
     <span class='ocr_line' id='line_1_19' title="bbox 2136 521 3722 593; baseline 0.001 -16"><span class='ocrx_word' id='word_1_129' title='bbox 2136 525 2339 577; x_wconf 79' lang='lat' dir='ltr'><strong>itinere.</strong></span> <span class='ocrx_word' id='word_1_130' title='bbox 2365 521 2559 588; x_wconf 85' lang='lat' dir='ltr'><strong>Quinta</strong></span> <span class='ocrx_word' id='word_1_131' title='bbox 2587 522 2651 579; x_wconf 84' lang='lat' dir='ltr'><strong>de</strong></span> <span class='ocrx_word' id='word_1_132' title='bbox 2678 521 3114 586; x_wconf 76' lang='lat' dir='ltr'><strong>tribulationibus,</strong></span> <span class='ocrx_word' id='word_1_133' title='bbox 3143 531 3199 578; x_wconf 92' lang='lat' dir='ltr'><strong>et</strong></span> <span class='ocrx_word' id='word_1_134' title='bbox 3240 531 3390 581; x_wconf 82' lang='lat' dir='ltr'><strong>sexta</strong></span> <span class='ocrx_word' id='word_1_135' title='bbox 3429 539 3521 593; x_wconf 85' lang='lat' dir='ltr'><strong>pro</strong></span> <span class='ocrx_word' id='word_1_136' title='bbox 3548 538 3722 579; x_wconf 81' lang='lat' dir='ltr'><strong>sacer-</strong></span> 
     </span>
    </p>
   </div>
   <div class='ocr_carea' id='block_1_19' title="bbox 2137 615 3723 689">
    <p class='ocr_par' dir='ltr' id='par_1_19' title="bbox 2137 615 3723 689">
     <span class='ocr_line' id='line_1_20' title="bbox 2137 615 3723 689; baseline -0.003 -16"><span class='ocrx_word' id='word_1_137' title='bbox 2137 616 2256 673; x_wconf 83' lang='lat' dir='ltr'><strong>dote</strong></span> <span class='ocrx_word' id='word_1_138' title='bbox 2268 616 2367 689; x_wconf 70' lang='lat' dir='ltr'><strong>[si]</strong></span> <span class='ocrx_word' id='word_1_139' title='bbox 2385 618 2493 673; x_wconf 70' lang='lat' dir='ltr'><strong>vivo</strong></span> <span class='ocrx_word' id='word_1_140' title='bbox 2510 617 2835 673; x_wconf 87' lang='lat' dir='ltr'><strong>inscribitur.</strong></span> <span class='ocrx_word' id='word_1_141' title='bbox 2849 615 3086 686; x_wconf 84' lang='lat' dir='ltr'><strong>Septima</strong></span> <span class='ocrx_word' id='word_1_142' title='bbox 3098 618 3312 677; x_wconf 79' lang='lat' dir='ltr'><strong>demum</strong></span> <span class='ocrx_word' id='word_1_143' title='bbox 3324 625 3381 671; x_wconf 90' lang='lat' dir='ltr'><strong>et</strong></span> <span class='ocrx_word' id='word_1_144' title='bbox 3396 625 3585 677; x_wconf 76' lang='lat' dir='ltr'><strong>octava</strong></span> <span class='ocrx_word' id='word_1_145' title='bbox 3598 624 3723 673; x_wconf 88' lang='lat' dir='ltr'><strong>sunt</strong></span> 
     </span>
    </p>
   </div>
   <div class='ocr_carea' id='block_1_20' title="bbox 2138 706 3721 782">
    <p class='ocr_par' dir='ltr' id='par_1_20' title="bbox 2138 706 3721 782">
     <span class='ocr_line' id='line_1_21' title="bbox 2138 706 3721 782; baseline -0.001 -16"><span class='ocrx_word' id='word_1_146' title='bbox 2138 725 2236 782; x_wconf 87' lang='lat' dir='ltr'><strong>pro</strong></span> <span class='ocrx_word' id='word_1_147' title='bbox 2266 709 2511 765; x_wconf 73' lang='lat' dir='ltr'><strong>inﬁrmis.</strong></span> <span class='ocrx_word' id='word_1_148' title='bbox 2542 708 2636 769; x_wconf 76' lang='lat' dir='ltr'><strong>His</strong></span> <span class='ocrx_word' id='word_1_149' title='bbox 2662 709 3062 777; x_wconf 78' lang='lat' dir='ltr'><strong>coniunguntur</strong></span> <span class='ocrx_word' id='word_1_150' title='bbox 3089 722 3186 767; x_wconf 80' lang='lat' dir='ltr'><strong>sex</strong></span> <span class='ocrx_word' id='word_1_151' title='bbox 3205 708 3381 763; x_wconf 62' lang='lat' dir='ltr'><strong>misine</strong></span> <span class='ocrx_word' id='word_1_152' title='bbox 3408 706 3721 767; x_wconf 77' lang='lat' dir='ltr'><strong>mortuales.</strong></span> 
     </span>
    </p>
   </div>
   <div class='ocr_carea' id='block_1_21' title="bbox 2212 797 3724 868">
    <p class='ocr_par' dir='ltr' id='par_1_21' title="bbox 2212 797 3724 868">
     <span class='ocr_line' id='line_1_22' title="bbox 2212 797 3724 868; baseline 0.001 -13"><span class='ocrx_word' id='word_1_153' title='bbox 2212 798 2298 855; x_wconf 79' lang='lat'><strong>58.</strong></span> <span class='ocrx_word' id='word_1_154' title='bbox 2341 799 2520 859; x_wconf 80' lang='lat' dir='ltr'><strong>Prima</strong></span> <span class='ocrx_word' id='word_1_155' title='bbox 2566 808 2649 859; x_wconf 87' lang='lat' dir='ltr'><strong>est</strong></span> <span class='ocrx_word' id='word_1_156' title='bbox 2701 816 2796 867; x_wconf 85' lang='lat' dir='ltr'><strong>pro</strong></span> <span class='ocrx_word' id='word_1_157' title='bbox 2844 800 3113 868; x_wconf 81' lang='lat' dir='ltr'><strong>episcopo,</strong></span> <span class='ocrx_word' id='word_1_158' title='bbox 3168 806 3221 853; x_wconf 86' lang='lat' dir='ltr'><strong>et</strong></span> <span class='ocrx_word' id='word_1_159' title='bbox 3275 798 3329 853; x_wconf 90' lang='lat' dir='ltr'><strong>in</strong></span> <span class='ocrx_word' id='word_1_160' title='bbox 3380 797 3724 857; x_wconf 78' lang='lat' dir='ltr'><strong>Lectionariu</strong></span> 
     </span>
    </p>
   </div>
   <div class='ocr_carea' id='block_1_22' title="bbox 2140 886 3729 961">
    <p class='ocr_par' dir='ltr' id='par_1_22' title="bbox 2140 886 3729 961">
     <span class='ocr_line' id='line_1_23' title="bbox 2140 886 3729 961; baseline -0.001 -15"><span class='ocrx_word' id='word_1_161' title='bbox 2140 889 2487 956; x_wconf 69' lang='lat' dir='ltr'><strong>Luxoviensi,</strong></span> <span class='ocrx_word' id='word_1_162' title='bbox 2518 906 2572 945; x_wconf 89' lang='lat' dir='ltr'><strong>n.</strong></span> <span class='ocrx_word' id='word_1_163' title='bbox 2600 886 2688 954; x_wconf 77' lang='lat'><strong>75,</strong></span> <span class='ocrx_word' id='word_1_164' title='bbox 2721 898 2847 943; x_wconf 91' lang='lat' dir='ltr'><strong>sunt</strong></span> <span class='ocrx_word' id='word_1_165' title='bbox 2869 888 3084 961; x_wconf 80' lang='lat' dir='ltr'><strong>legenda</strong></span> <span class='ocrx_word' id='word_1_166' title='bbox 3109 889 3165 943; x_wconf 84' lang='lat' dir='ltr'><strong>in</strong></span> <span class='ocrx_word' id='word_1_167' title='bbox 3195 888 3510 958; x_wconf 73' lang='lat' dir='ltr'><strong>depositione</strong></span> <span class='ocrx_word' id='word_1_168' title='bbox 3530 891 3729 957; x_wconf 79' lang='lat' dir='ltr'><strong>episco-</strong></span> 
     </span>
    </p>
   </div>
   <div class='ocr_carea' id='block_1_23' title="bbox 2140 981 3729 1057">
    <p class='ocr_par' dir='ltr' id='par_1_23' title="bbox 2140 981 3729 1057">
     <span class='ocr_line' id='line_1_24' title="bbox 2140 981 3729 1057; baseline -0.004 -17"><span class='ocrx_word' id='word_1_169' title='bbox 2140 987 2213 1057; x_wconf 85' lang='lat' dir='ltr'><strong>pi.</strong></span> <span class='ocrx_word' id='word_1_170' title='bbox 2264 984 2511 1047; x_wconf 85' lang='lat' dir='ltr'><strong>Secunda</strong></span> <span class='ocrx_word' id='word_1_171' title='bbox 2552 992 2637 1049; x_wconf 84' lang='lat' dir='ltr'><strong>est</strong></span> <span class='ocrx_word' id='word_1_172' title='bbox 2690 1000 2784 1053; x_wconf 84' lang='lat' dir='ltr'><strong>pro</strong></span> <span class='ocrx_word' id='word_1_173' title='bbox 2822 999 2923 1037; x_wconf 88' lang='lat' dir='ltr'><strong>uno</strong></span> <span class='ocrx_word' id='word_1_174' title='bbox 2953 982 3219 1051; x_wconf 84' lang='lat' dir='ltr'><strong>sacerdote</strong></span> <span class='ocrx_word' id='word_1_175' title='bbox 3258 982 3530 1052; x_wconf 72' lang='lat' dir='ltr'><strong>defuncto,</strong></span> <span class='ocrx_word' id='word_1_176' title='bbox 3568 990 3624 1037; x_wconf 89' lang='lat' dir='ltr'><strong>et</strong></span> <span class='ocrx_word' id='word_1_177' title='bbox 3675 981 3729 1043; x_wconf 85' lang='lat' dir='ltr'><strong>in</strong></span> 
     </span>
    </p>
   </div>
   <div class='ocr_carea' id='block_1_24' title="bbox 2143 1076 3727 1139">
    <p class='ocr_par' dir='ltr' id='par_1_24' title="bbox 2143 1076 3727 1139">
     <span class='ocr_line' id='line_1_25' title="bbox 2143 1076 3727 1139; baseline -0.005 0"><span class='ocrx_word' id='word_1_178' title='bbox 2143 1079 2574 1139; x_wconf 85' lang='lat' dir='ltr'><strong>Sacramentario</strong></span> <span class='ocrx_word' id='word_1_179' title='bbox 2600 1078 2854 1139; x_wconf 83' lang='lat' dir='ltr'><strong>Bobiensi</strong></span> <span class='ocrx_word' id='word_1_180' title='bbox 2877 1086 2958 1135; x_wconf 81' lang='lat' dir='ltr'><strong>est</strong></span> <span class='ocrx_word' id='word_1_181' title='bbox 2981 1078 3140 1131; x_wconf 81' lang='lat' dir='ltr'><strong>missa</strong></span> <span class='ocrx_word' id='word_1_182' title='bbox 3166 1077 3449 1137; x_wconf 80' lang='lat' dir='ltr'><strong>sacerdotis</strong></span> <span class='ocrx_word' id='word_1_183' title='bbox 3470 1076 3727 1139; x_wconf 76' lang='lat' dir='ltr'><strong>defuncti.</strong></span> 
     </span>
    </p>
   </div>
   <div class='ocr_carea' id='block_1_25' title="bbox 2144 1166 3733 1237">
    <p class='ocr_par' dir='ltr' id='par_1_25' title="bbox 2144 1166 3733 1237">
     <span class='ocr_line' id='line_1_26' title="bbox 2144 1166 3733 1237; baseline -0.005 -10"><span class='ocrx_word' id='word_1_184' title='bbox 2144 1169 2325 1231; x_wconf 85' lang='lat' dir='ltr'><strong>Tertia</strong></span> <span class='ocrx_word' id='word_1_185' title='bbox 2379 1179 2462 1226; x_wconf 87' lang='lat' dir='ltr'><strong>est</strong></span> <span class='ocrx_word' id='word_1_186' title='bbox 2504 1186 2599 1237; x_wconf 85' lang='lat' dir='ltr'><strong>pro</strong></span> <span class='ocrx_word' id='word_1_187' title='bbox 2651 1170 2870 1227; x_wconf 80' lang='lat' dir='ltr'><strong>diacono</strong></span> <span class='ocrx_word' id='word_1_188' title='bbox 2922 1176 3016 1223; x_wconf 88' lang='lat' dir='ltr'><strong>aut</strong></span> <span class='ocrx_word' id='word_1_189' title='bbox 3058 1168 3375 1227; x_wconf 78' lang='lat' dir='ltr'><strong>subdiacono</strong></span> <span class='ocrx_word' id='word_1_190' title='bbox 3426 1166 3683 1227; x_wconf 78' lang='lat' dir='ltr'><strong>defuncto</strong></span> <span class='ocrx_word' id='word_1_191' title='bbox 3713 1208 3733 1235; x_wconf 89' lang='lat'><strong>,</strong></span> 
     </span>
    </p>
   </div>
   <div class='ocr_carea' id='block_1_26' title="bbox 2142 1260 3735 1336">
    <p class='ocr_par' dir='ltr' id='par_1_26' title="bbox 2142 1260 3735 1336">
     <span class='ocr_line' id='line_1_27' title="bbox 2142 1260 3735 1336; baseline -0.005 -15"><span class='ocrx_word' id='word_1_192' title='bbox 2142 1272 2334 1335; x_wconf 83' lang='lat' dir='ltr'><strong>quarta</strong></span> <span class='ocrx_word' id='word_1_193' title='bbox 2365 1282 2458 1336; x_wconf 88' lang='lat' dir='ltr'><strong>pro</strong></span> <span class='ocrx_word' id='word_1_194' title='bbox 2484 1280 2589 1319; x_wconf 91' lang='lat' dir='ltr'><strong>uno</strong></span> <span class='ocrx_word' id='word_1_195' title='bbox 2618 1264 2860 1335; x_wconf 87' lang='lat' dir='ltr'><strong>defuncto</strong></span> <span class='ocrx_word' id='word_1_196' title='bbox 2889 1276 3244 1332; x_wconf 89' lang='lat' dir='ltr'><strong>quocunque,</strong></span> <span class='ocrx_word' id='word_1_197' title='bbox 3274 1262 3363 1317; x_wconf 88' lang='lat' dir='ltr'><strong>cui</strong></span> <span class='ocrx_word' id='word_1_198' title='bbox 3400 1260 3735 1329; x_wconf 84' lang='lat' dir='ltr'><strong>respondent</strong></span> 
     </span>
    </p>
   </div>
   <div class='ocr_carea' id='block_1_27' title="bbox 2145 1351 3732 1427">
    <p class='ocr_par' dir='ltr' id='par_1_27' title="bbox 2145 1351 3732 1427">
     <span class='ocr_line' id='line_1_28' title="bbox 2145 1351 3732 1427; baseline -0.003 -18"><span class='ocrx_word' id='word_1_199' title='bbox 2145 1355 2361 1427; x_wconf 85' lang='lat' dir='ltr'><strong>legenda</strong></span> <span class='ocrx_word' id='word_1_200' title='bbox 2384 1356 2437 1408; x_wconf 85' lang='lat' dir='ltr'><strong>in</strong></span> <span class='ocrx_word' id='word_1_201' title='bbox 2465 1355 2784 1426; x_wconf 71' lang='lat' dir='ltr'><strong>depositione</strong></span> <span class='ocrx_word' id='word_1_202' title='bbox 2810 1354 2895 1413; x_wconf 83' lang='lat' dir='ltr'><strong>cui</strong></span> <span class='ocrx_word' id='word_1_203' title='bbox 2920 1354 3171 1418; x_wconf 77' lang='lat' dir='ltr'><strong>volueris,</strong></span> <span class='ocrx_word' id='word_1_204' title='bbox 3203 1367 3322 1421; x_wconf 71' lang='lat' dir='ltr'><strong>qua:</strong></span> <span class='ocrx_word' id='word_1_205' title='bbox 3350 1352 3404 1407; x_wconf 80' lang='lat' dir='ltr'><strong>in</strong></span> <span class='ocrx_word' id='word_1_206' title='bbox 3444 1351 3732 1409; x_wconf 73' lang='lat' dir='ltr'><strong>Lectionu-</strong></span> 
     </span>
    </p>
   </div>
   <div class='ocr_carea' id='block_1_28' title="bbox 2144 1444 3735 1529">
    <p class='ocr_par' dir='ltr' id='par_1_28' title="bbox 2144 1444 3735 1529">
     <span class='ocr_line' id='line_1_29' title="bbox 2144 1444 3735 1529; baseline -0.003 -28"><span class='ocrx_word' id='word_1_207' title='bbox 2144 1446 2225 1529; x_wconf 71' lang='lat' dir='ltr'><strong>rio</strong></span> <span class='ocrx_word' id='word_1_208' title='bbox 2257 1446 2602 1514; x_wconf 83' lang='lat' dir='ltr'><strong>Luxoviensi,</strong></span> <span class='ocrx_word' id='word_1_209' title='bbox 2630 1456 2862 1503; x_wconf 74' lang='lat' dir='ltr'><strong>exstant.</strong></span> <span class='ocrx_word' id='word_1_210' title='bbox 2888 1445 3084 1515; x_wconf 83' lang='lat' dir='ltr'><strong>Quinta</strong></span> <span class='ocrx_word' id='word_1_211' title='bbox 3113 1453 3196 1500; x_wconf 92' lang='lat' dir='ltr'><strong>est</strong></span> <span class='ocrx_word' id='word_1_212' title='bbox 3218 1446 3375 1501; x_wconf 86' lang='lat' dir='ltr'><strong>missa</strong></span> <span class='ocrx_word' id='word_1_213' title='bbox 3404 1444 3735 1515; x_wconf 84' lang='lat' dir='ltr'><strong>parvulorum</strong></span> 
     </span>
    </p>
   </div>
   <div class='ocr_carea' id='block_1_29' title="bbox 2145 1538 3735 1613">
    <p class='ocr_par' dir='ltr' id='par_1_29' title="bbox 2145 1538 3735 1613">
     <span class='ocr_line' id='line_1_30' title="bbox 2145 1538 3735 1613; baseline -0.003 -16"><span class='ocrx_word' id='word_1_214' title='bbox 2145 1543 2522 1610; x_wconf 76' lang='lat' dir='ltr'><strong>defunctorum,</strong></span> <span class='ocrx_word' id='word_1_215' title='bbox 2566 1558 2753 1611; x_wconf 89' lang='lat' dir='ltr'><strong>eorum</strong></span> <span class='ocrx_word' id='word_1_216' title='bbox 2798 1542 3047 1601; x_wconf 84' lang='lat' dir='ltr'><strong>nimirum</strong></span> <span class='ocrx_word' id='word_1_217' title='bbox 3098 1540 3190 1609; x_wconf 89' lang='lat' dir='ltr'><strong>qui</strong></span> <span class='ocrx_word' id='word_1_218' title='bbox 3234 1548 3487 1613; x_wconf 82' lang='lat' dir='ltr'><strong>suscepto</strong></span> <span class='ocrx_word' id='word_1_219' title='bbox 3526 1538 3735 1608; x_wconf 75' lang='lat' dir='ltr'><strong>baptis~</strong></span> 
     </span>
    </p>
   </div>
   <div class='ocr_carea' id='block_1_30' title="bbox 2146 1630 3739 1701">
    <p class='ocr_par' dir='ltr' id='par_1_30' title="bbox 2146 1630 3739 1701">
     <span class='ocr_line' id='line_1_31' title="bbox 2146 1630 3739 1701; baseline -0.003 -12"><span class='ocrx_word' id='word_1_220' title='bbox 2146 1644 2289 1691; x_wconf 91' lang='lat' dir='ltr'><strong>mate</strong></span> <span class='ocrx_word' id='word_1_221' title='bbox 2338 1644 2463 1691; x_wconf 89' lang='lat' dir='ltr'><strong>ante</strong></span> <span class='ocrx_word' id='word_1_222' title='bbox 2500 1650 2654 1693; x_wconf 88' lang='lat' dir='ltr'><strong>usum</strong></span> <span class='ocrx_word' id='word_1_223' title='bbox 2685 1635 2910 1697; x_wconf 82' lang='lat' dir='ltr'><strong>rationis</strong></span> <span class='ocrx_word' id='word_1_224' title='bbox 2939 1633 3261 1695; x_wconf 85' lang='lat' dir='ltr'><strong>moriuntur.</strong></span> <span class='ocrx_word' id='word_1_225' title='bbox 3306 1630 3471 1686; x_wconf 78' lang='lat' dir='ltr'><strong>Sexta</strong></span> <span class='ocrx_word' id='word_1_226' title='bbox 3511 1639 3593 1688; x_wconf 89' lang='lat' dir='ltr'><strong>est</strong></span> <span class='ocrx_word' id='word_1_227' title='bbox 3635 1645 3739 1701; x_wconf 91' lang='lat' dir='ltr'><strong>pro</strong></span> 
     </span>
    </p>
   </div>
   <div class='ocr_carea' id='block_1_31' title="bbox 446 1718 3735 1797">
    <p class='ocr_par' dir='ltr' id='par_1_31' title="bbox 446 1718 3735 1797">
     <span class='ocr_line' id='line_1_32' title="bbox 446 1718 3735 1797; baseline 0.001 -26"><span class='ocrx_word' id='word_1_228' title='bbox 446 1719 612 1773; x_wconf 82' lang='lat' dir='ltr'><strong>tionis</strong></span> <span class='ocrx_word' id='word_1_229' title='bbox 636 1728 835 1775; x_wconf 80' lang='lat' dir='ltr'><strong>sanctae</strong></span> <span class='ocrx_word' id='word_1_230' title='bbox 864 1719 1083 1787; x_wconf 87' lang='lat' dir='ltr'><strong>Crucis,</strong></span> <span class='ocrx_word' id='word_1_231' title='bbox 1114 1728 1168 1773; x_wconf 90' lang='lat' dir='ltr'><strong>et</strong></span> <span class='ocrx_word' id='word_1_232' title='bbox 1198 1720 1367 1789; x_wconf 88' lang='lat' dir='ltr'><strong>ipsam</strong></span> <span class='ocrx_word' id='word_1_233' title='bbox 1403 1719 1773 1785; x_wconf 81' lang='lat' dir='ltr'><strong>festivitatem,</strong></span> <span class='ocrx_word' id='word_1_234' title='bbox 1804 1718 2044 1795; x_wconf 69' lang='lat' dir='ltr'><strong>Mosara-</strong></span> <span class='ocrx_word' id='word_1_235' title='bbox 2075 1725 2122 1785; x_wconf 83' lang='grc' dir='ltr'><strong>Β</strong></span> <span class='ocrx_word' id='word_1_236' title='bbox 2150 1726 2391 1796; x_wconf 89' lang='lat' dir='ltr'><strong>pluribus</strong></span> <span class='ocrx_word' id='word_1_237' title='bbox 2421 1724 2708 1795; x_wconf 82' lang='lat' dir='ltr'><strong>defunctis,</strong></span> <span class='ocrx_word' id='word_1_238' title='bbox 2740 1741 2901 1797; x_wconf 81' lang='lat' dir='ltr'><strong>quam</strong></span> <span class='ocrx_word' id='word_1_239' title='bbox 2933 1724 3244 1779; x_wconf 81' lang='lat' dir='ltr'><strong>Mozarabes</strong></span> <span class='ocrx_word' id='word_1_240' title='bbox 3273 1722 3360 1789; x_wconf 84' lang='lat' dir='ltr'><strong>die</strong></span> <span class='ocrx_word' id='word_1_241' title='bbox 3386 1722 3735 1778; x_wconf 87' lang='lat' dir='ltr'><strong>Commemo-</strong></span> 
     </span>
    </p>
   </div>
   <div class='ocr_carea' id='block_1_32' title="bbox 444 1808 2042 1880">
    <p class='ocr_par' dir='ltr' id='par_1_32' title="bbox 444 1808 2042 1880">
     <span class='ocr_line' id='line_1_33' title="bbox 444 1808 2042 1880; baseline 0.002 -17"><span class='ocrx_word' id='word_1_242' title='bbox 444 1809 543 1865; x_wconf 88' lang='lat' dir='ltr'><strong>bes</strong></span> <span class='ocrx_word' id='word_1_243' title='bbox 602 1810 935 1864; x_wconf 88' lang='lat' dir='ltr'><strong>recentiores</strong></span> <span class='ocrx_word' id='word_1_244' title='bbox 1002 1808 1333 1878; x_wconf 81' lang='lat' dir='ltr'><strong>adjecerunt.</strong></span> <span class='ocrx_word' id='word_1_245' title='bbox 1391 1809 1737 1879; x_wconf 80' lang='lat' dir='ltr'><strong>Evangelium</strong></span> <span class='ocrx_word' id='word_1_246' title='bbox 1791 1811 1935 1880; x_wconf 89' lang='lat' dir='ltr'><strong>quod</strong></span> <span class='ocrx_word' id='word_1_247' title='bbox 1988 1810 2042 1867; x_wconf 88' lang='lat' dir='ltr'><strong>in</strong></span> 
     </span>
    </p>
   </div>
   <div class='ocr_carea' id='block_1_33' title="bbox 446 1901 2039 1981">
    <p class='ocr_par' dir='ltr' id='par_1_33' title="bbox 446 1901 2039 1981">
     <span class='ocr_line' id='line_1_34' title="bbox 446 1901 2039 1981; baseline 0.001 -27"><span class='ocrx_word' id='word_1_248' title='bbox 446 1903 609 1979; x_wconf 82' lang='lat' dir='ltr'><strong>missa</strong></span> <span class='ocrx_word' id='word_1_249' title='bbox 646 1902 840 1970; x_wconf 82' lang='lat' dir='ltr'><strong>legitur</strong></span> <span class='ocrx_word' id='word_1_250' title='bbox 884 1917 912 1955; x_wconf 92' lang='lat' dir='ltr'><strong>a</strong></span> <span class='ocrx_word' id='word_1_251' title='bbox 962 1902 1238 1981; x_wconf 71' lang='lat' dir='ltr'><strong>Dominica</strong></span> <span class='ocrx_word' id='word_1_252' title='bbox 1270 1902 1440 1974; x_wconf 90' lang='lat' dir='ltr'><strong>prima</strong></span> <span class='ocrx_word' id='word_1_253' title='bbox 1491 1913 1613 1981; x_wconf 83' lang='lat' dir='ltr'><strong>post</strong></span> <span class='ocrx_word' id='word_1_254' title='bbox 1662 1901 2039 1979; x_wconf 76' lang='lat' dir='ltr'><strong>Pentecosten,</strong></span> 
     </span>
    </p>
   </div>
   <div class='ocr_carea' id='block_1_34' title="bbox 445 1978 2044 2075">
    <p class='ocr_par' dir='ltr' id='par_1_34' title="bbox 445 1978 2044 2075">
     <span class='ocr_line' id='line_1_35' title="bbox 445 1978 2044 2075; baseline 0.001 -26"><span class='ocrx_word' id='word_1_255' title='bbox 445 1978 760 2065; x_wconf 83' lang='lat' dir='ltr'><strong>sacri/icium</strong></span> <span class='ocrx_word' id='word_1_256' title='bbox 788 2012 815 2048; x_wconf 91' lang='lat' dir='ltr'><strong>a</strong></span> <span class='ocrx_word' id='word_1_257' title='bbox 847 1978 1125 2051; x_wconf 83' lang='lat' dir='ltr'><strong>Dominica</strong></span> <span class='ocrx_word' id='word_1_258' title='bbox 1150 2006 1340 2067; x_wconf 84' lang='lat' dir='ltr'><strong>quarta</strong></span> <span class='ocrx_word' id='word_1_259' title='bbox 1375 1978 1499 2075; x_wconf 82' lang='lat' dir='ltr'><strong>post</strong></span> <span class='ocrx_word' id='word_1_260' title='bbox 1517 1996 1744 2073; x_wconf 76' lang='lat' dir='ltr'><strong>Pascha,</strong></span> <span class='ocrx_word' id='word_1_261' title='bbox 1775 1997 1980 2070; x_wconf 82' lang='lat' dir='ltr'><strong>reliqua</strong></span> <span class='ocrx_word' id='word_1_262' title='bbox 2011 2011 2044 2069; x_wconf 86' lang='lat' dir='ltr'><strong>a</strong></span> 
     </span>
    </p>
   </div>
   <div class='ocr_carea' id='block_1_35' title="bbox 447 2085 1544 2159">
    <p class='ocr_par' dir='ltr' id='par_1_35' title="bbox 447 2085 1544 2159">
     <span class='ocr_line' id='line_1_36' title="bbox 447 2085 1544 2159; baseline 0 -19"><span class='ocrx_word' id='word_1_263' title='bbox 447 2085 611 2141; x_wconf 86' lang='lat' dir='ltr'><strong>missa</strong></span> <span class='ocrx_word' id='word_1_264' title='bbox 640 2086 971 2157; x_wconf 87' lang='lat' dir='ltr'><strong>lnventionis</strong></span> <span class='ocrx_word' id='word_1_265' title='bbox 1002 2086 1189 2143; x_wconf 89' lang='lat' dir='ltr'><strong>Crucis</strong></span> <span class='ocrx_word' id='word_1_266' title='bbox 1215 2095 1544 2159; x_wconf 85' lang='lat' dir='ltr'><strong>mutuantur.</strong></span> 
     </span>
    </p>
   </div>
   <div class='ocr_carea' id='block_1_36' title="bbox 521 2177 2046 2237">
    <p class='ocr_par' dir='ltr' id='par_1_36' title="bbox 521 2177 2046 2237">
     <span class='ocr_line' id='line_1_37' title="bbox 521 2177 2046 2237; baseline 0.001 -4"><span class='ocrx_word' id='word_1_267' title='bbox 521 2178 609 2233; x_wconf 69' lang='grc'><strong>54.</strong></span> <span class='ocrx_word' id='word_1_268' title='bbox 652 2177 811 2233; x_wconf 84' lang='lat' dir='ltr'><strong>Missa</strong></span> <span class='ocrx_word' id='word_1_269' title='bbox 860 2188 915 2233; x_wconf 89' lang='lat' dir='ltr'><strong>et</strong></span> <span class='ocrx_word' id='word_1_270' title='bbox 966 2178 1225 2234; x_wconf 87' lang='lat' dir='ltr'><strong>festivitas</strong></span> <span class='ocrx_word' id='word_1_271' title='bbox 1274 2178 1601 2234; x_wconf 87' lang='lat' dir='ltr'><strong>lnventionis</strong></span> <span class='ocrx_word' id='word_1_272' title='bbox 1630 2188 1831 2233; x_wconf 72' lang='lat' dir='ltr'><strong>sancta:</strong></span> <span class='ocrx_word' id='word_1_273' title='bbox 1857 2177 2046 2237; x_wconf 87' lang='lat' dir='ltr'><strong>Crucis</strong></span> 
     </span>
    </p>
   </div>
   <div class='ocr_carea' id='block_1_37' title="bbox 446 2268 2045 2345">
    <p class='ocr_par' dir='ltr' id='par_1_37' title="bbox 446 2268 2045 2345">
     <span class='ocr_line' id='line_1_38' title="bbox 446 2268 2045 2345; baseline 0.001 -22"><span class='ocrx_word' id='word_1_274' title='bbox 446 2270 682 2341; x_wconf 73' lang='lat' dir='ltr'><strong>antiquae</strong></span> <span class='ocrx_word' id='word_1_275' title='bbox 715 2276 862 2334; x_wconf 91' lang='lat' dir='ltr'><strong>sunt,</strong></span> <span class='ocrx_word' id='word_1_276' title='bbox 895 2278 949 2323; x_wconf 89' lang='lat' dir='ltr'><strong>et</strong></span> <span class='ocrx_word' id='word_1_277' title='bbox 978 2285 1007 2323; x_wconf 93' lang='lat' dir='ltr'><strong>a</strong></span> <span class='ocrx_word' id='word_1_278' title='bbox 1038 2268 1511 2345; x_wconf 77' lang='lat' dir='ltr'><strong>Gotho-Hispanis</strong></span> <span class='ocrx_word' id='word_1_279' title='bbox 1532 2280 1587 2326; x_wconf 91' lang='lat' dir='ltr'><strong>et</strong></span> <span class='ocrx_word' id='word_1_280' title='bbox 1614 2270 1781 2328; x_wconf 87' lang='lat' dir='ltr'><strong>Gallis</strong></span> <span class='ocrx_word' id='word_1_281' title='bbox 1806 2272 2045 2326; x_wconf 87' lang='lat' dir='ltr'><strong>celebra-</strong></span> 
     </span>
    </p>
   </div>
   <div class='ocr_carea' id='block_1_38' title="bbox 444 2359 2046 2437">
    <p class='ocr_par' dir='ltr' id='par_1_38' title="bbox 444 2359 2046 2437">
     <span class='ocr_line' id='line_1_39' title="bbox 444 2359 2046 2437; baseline 0 -21"><span class='ocrx_word' id='word_1_282' title='bbox 444 2362 659 2416; x_wconf 90' lang='lat' dir='ltr'><strong>bantur.</strong></span> <span class='ocrx_word' id='word_1_283' title='bbox 703 2359 809 2415; x_wconf 90' lang='lat' dir='ltr'><strong>Sed</strong></span> <span class='ocrx_word' id='word_1_284' title='bbox 862 2363 1195 2417; x_wconf 87' lang='lat' dir='ltr'><strong>recentiores</strong></span> <span class='ocrx_word' id='word_1_285' title='bbox 1224 2361 1534 2423; x_wconf 85' lang='lat' dir='ltr'><strong>Mozarabes</strong></span> <span class='ocrx_word' id='word_1_286' title='bbox 1575 2379 1605 2417; x_wconf 91' lang='lat' dir='ltr'><strong>a</strong></span> <span class='ocrx_word' id='word_1_287' title='bbox 1653 2362 1812 2437; x_wconf 82' lang='lat' dir='ltr'><strong>missa</strong></span> <span class='ocrx_word' id='word_1_288' title='bbox 1858 2363 2046 2419; x_wconf 85' lang='lat' dir='ltr'><strong>lnven-</strong></span> 
     </span>
    </p>
   </div>
   <div class='ocr_carea' id='block_1_39' title="bbox 446 2455 2048 2523">
    <p class='ocr_par' dir='ltr' id='par_1_39' title="bbox 446 2455 2048 2523">
     <span class='ocr_line' id='line_1_40' title="bbox 446 2455 2048 2523; baseline 0.003 -14"><span class='ocrx_word' id='word_1_289' title='bbox 446 2455 610 2511; x_wconf 86' lang='lat' dir='ltr'><strong>tionis</strong></span> <span class='ocrx_word' id='word_1_290' title='bbox 652 2455 840 2511; x_wconf 90' lang='lat' dir='ltr'><strong>Crucis</strong></span> <span class='ocrx_word' id='word_1_291' title='bbox 874 2457 1197 2523; x_wconf 89' lang='lat' dir='ltr'><strong>orationem,</strong></span> <span class='ocrx_word' id='word_1_292' title='bbox 1249 2458 1461 2511; x_wconf 88' lang='lat' dir='ltr'><strong>missam</strong></span> <span class='ocrx_word' id='word_1_293' title='bbox 1500 2464 1554 2511; x_wconf 92' lang='lat' dir='ltr'><strong>et</strong></span> <span class='ocrx_word' id='word_1_294' title='bbox 1603 2457 1821 2511; x_wconf 86' lang='lat' dir='ltr'><strong>alteram</strong></span> <span class='ocrx_word' id='word_1_295' title='bbox 1850 2459 2048 2513; x_wconf 89' lang='lat' dir='ltr'><strong>oratio-</strong></span> 
     </span>
    </p>
   </div>
   <div class='ocr_carea' id='block_1_40' title="bbox 446 2545 2049 2623">
    <p class='ocr_par' dir='ltr' id='par_1_40' title="bbox 446 2545 2049 2623">
     <span class='ocr_line' id='line_1_41' title="bbox 446 2545 2049 2623; baseline 0.002 -24"><span class='ocrx_word' id='word_1_296' title='bbox 446 2563 565 2600; x_wconf 88' lang='lat' dir='ltr'><strong>nem</strong></span> <span class='ocrx_word' id='word_1_297' title='bbox 607 2546 978 2617; x_wconf 88' lang='lat' dir='ltr'><strong>abstulerunt,</strong></span> <span class='ocrx_word' id='word_1_298' title='bbox 1019 2562 1218 2617; x_wconf 86' lang='lat' dir='ltr'><strong>easque</strong></span> <span class='ocrx_word' id='word_1_299' title='bbox 1263 2548 1438 2603; x_wconf 84' lang='lat' dir='ltr'><strong>missae</strong></span> <span class='ocrx_word' id='word_1_300' title='bbox 1481 2545 1835 2609; x_wconf 83' lang='lat' dir='ltr'><strong>Exaltationis</strong></span> <span class='ocrx_word' id='word_1_301' title='bbox 1863 2546 2049 2623; x_wconf 77' lang='lat' dir='ltr'><strong>Crucis</strong></span> 
     </span>
    </p>
   </div>
   <div class='ocr_carea' id='block_1_41' title="bbox 445 2622 2047 2713">
    <p class='ocr_par' dir='ltr' id='par_1_41' title="bbox 445 2622 2047 2713">
     <span class='ocr_line' id='line_1_42' title="bbox 445 2622 2047 2713; baseline 0.002 -22"><span class='ocrx_word' id='word_1_302' title='bbox 445 2638 817 2704; x_wconf 86' lang='lat' dir='ltr'><strong>inseruerunt,</strong></span> <span class='ocrx_word' id='word_1_303' title='bbox 864 2646 919 2692; x_wconf 91' lang='lat' dir='ltr'><strong>et</strong></span> <span class='ocrx_word' id='word_1_304' title='bbox 959 2637 1137 2693; x_wconf 73' lang='lat' dir='ltr'><strong>missze</strong></span> <span class='ocrx_word' id='word_1_305' title='bbox 1167 2638 1493 2697; x_wconf 90' lang='lat' dir='ltr'><strong>lnventionis</strong></span> <span class='ocrx_word' id='word_1_306' title='bbox 1538 2641 1895 2713; x_wconf 81' lang='lat' dir='ltr'><strong>fragmentum</strong></span> <span class='ocrx_word' id='word_1_307' title='bbox 1930 2622 2047 2713; x_wconf 22' lang='lat' dir='ltr'><strong>cpi-1</strong></span> 
     </span>
    </p>
   </div>
   <div class='ocr_carea' id='block_1_42' title="bbox 445 2728 2047 2807">
    <p class='ocr_par' dir='ltr' id='par_1_42' title="bbox 445 2728 2047 2807">
     <span class='ocr_line' id='line_1_43' title="bbox 445 2728 2047 2807; baseline -0.002 -22"><span class='ocrx_word' id='word_1_308' title='bbox 445 2728 599 2785; x_wconf 72' lang='lat' dir='ltr'><strong>stola:</strong></span> <span class='ocrx_word' id='word_1_309' title='bbox 621 2728 919 2784; x_wconf 64' lang='lat' dir='ltr'><strong>undecimae</strong></span> <span class='ocrx_word' id='word_1_310' title='bbox 958 2730 1131 2783; x_wconf 86' lang='lat' dir='ltr'><strong>sancti</strong></span> <span class='ocrx_word' id='word_1_311' title='bbox 1174 2729 1380 2786; x_wconf 89' lang='lat' dir='ltr'><strong>Paulini</strong></span> <span class='ocrx_word' id='word_1_312' title='bbox 1430 2729 1621 2785; x_wconf 82' lang='lat' dir='ltr'><strong>Nolani</strong></span> <span class='ocrx_word' id='word_1_313' title='bbox 1669 2731 1738 2797; x_wconf 87' lang='lat' dir='ltr'><strong>ad</strong></span> <span class='ocrx_word' id='word_1_314' title='bbox 1768 2730 2047 2807; x_wconf 73' lang='lat' dir='ltr'><strong>Seuerum,</strong></span> 
     </span>
    </p>
   </div>
   <div class='ocr_carea' id='block_1_43' title="bbox 444 2820 2052 2903">
    <p class='ocr_par' dir='ltr' id='par_1_43' title="bbox 444 2820 2052 2903">
     <span class='ocr_line' id='line_1_44' title="bbox 444 2820 2052 2903; baseline -0.001 -26"><span class='ocrx_word' id='word_1_315' title='bbox 444 2837 547 2895; x_wconf 85' lang='lat' dir='ltr'><strong>pro</strong></span> <span class='ocrx_word' id='word_1_316' title='bbox 583 2823 859 2887; x_wconf 85' lang='lat' dir='ltr'><strong>oratione,</strong></span> <span class='ocrx_word' id='word_1_317' title='bbox 892 2822 1052 2876; x_wconf 81' lang='lat' dir='ltr'><strong>missa</strong></span> <span class='ocrx_word' id='word_1_318' title='bbox 1097 2830 1153 2879; x_wconf 87' lang='lat' dir='ltr'><strong>et</strong></span> <span class='ocrx_word' id='word_1_319' title='bbox 1197 2823 1301 2876; x_wconf 87' lang='lat' dir='ltr'><strong>alia</strong></span> <span class='ocrx_word' id='word_1_320' title='bbox 1340 2823 1575 2881; x_wconf 84' lang='lat' dir='ltr'><strong>oratione</strong></span> <span class='ocrx_word' id='word_1_321' title='bbox 1614 2821 1927 2899; x_wconf 80' lang='lat' dir='ltr'><strong>intulerunt.</strong></span> <span class='ocrx_word' id='word_1_322' title='bbox 1981 2820 2052 2903; x_wconf 65' lang='lat' dir='ltr'><strong>Ut</strong></span> 
     </span>
    </p>
   </div>
   <div class='ocr_carea' id='block_1_44' title="bbox 447 2913 2047 2987">
    <p class='ocr_par' dir='ltr' id='par_1_44' title="bbox 447 2913 2047 2987">
     <span class='ocr_line' id='line_1_45' title="bbox 447 2913 2047 2987; baseline 0.001 -20"><span class='ocrx_word' id='word_1_323' title='bbox 447 2913 610 2984; x_wconf 89' lang='lat' dir='ltr'><strong>igitur</strong></span> <span class='ocrx_word' id='word_1_324' title='bbox 664 2915 777 2969; x_wconf 68' lang='lat' dir='ltr'><strong>haec</strong></span> <span class='ocrx_word' id='word_1_325' title='bbox 831 2913 994 2968; x_wconf 90' lang='lat' dir='ltr'><strong>missa</strong></span> <span class='ocrx_word' id='word_1_326' title='bbox 1070 2913 1307 2984; x_wconf 71' lang='lat' dir='ltr'><strong>pristina:</strong></span> <span class='ocrx_word' id='word_1_327' title='bbox 1371 2913 1664 2987; x_wconf 83' lang='lat' dir='ltr'><strong>integritati</strong></span> <span class='ocrx_word' id='word_1_328' title='bbox 1712 2914 2047 2979; x_wconf 81' lang='lat' dir='ltr'><strong>restituatur,</strong></span> 
     </span>
    </p>
   </div>
   <div class='ocr_carea' id='block_1_45' title="bbox 448 2992 2050 3083">
    <p class='ocr_par' dir='ltr' id='par_1_45' title="bbox 448 2992 2050 3083">
     <span class='ocr_line' id='line_1_46' title="bbox 448 2992 2050 3083; baseline 0.001 -22"><span class='ocrx_word' id='word_1_329' title='bbox 448 3006 633 3062; x_wconf 88' lang='lat' dir='ltr'><strong>ablato</strong></span> <span class='ocrx_word' id='word_1_330' title='bbox 676 3006 781 3062; x_wconf 88' lang='lat' dir='ltr'><strong>hoc</strong></span> <span class='ocrx_word' id='word_1_331' title='bbox 805 2992 1108 3077; x_wconf 80' lang='lat' dir='ltr'><strong>fragmento</strong></span> <span class='ocrx_word' id='word_1_332' title='bbox 1137 3003 1481 3083; x_wconf 86' lang='lat' dir='ltr'><strong>Pauliniano,</strong></span> <span class='ocrx_word' id='word_1_333' title='bbox 1515 3007 1589 3062; x_wconf 88' lang='lat' dir='ltr'><strong>illi</strong></span> <span class='ocrx_word' id='word_1_334' title='bbox 1620 3007 1903 3065; x_wconf 72' lang='lat' dir='ltr'><strong>reddendae</strong></span> <span class='ocrx_word' id='word_1_335' title='bbox 1925 2998 2050 3063; x_wconf 85' lang='lat' dir='ltr'><strong>sunt</strong></span> 
     </span>
    </p>
   </div>
   <div class='ocr_carea' id='block_1_46' title="bbox 2146 1815 3736 1882">
    <p class='ocr_par' dir='ltr' id='par_1_46' title="bbox 2146 1815 3736 1882">
     <span class='ocr_line' id='line_1_47' title="bbox 2146 1815 3736 1882; baseline -0.003 -9"><span class='ocrx_word' id='word_1_336' title='bbox 2146 1819 2369 1873; x_wconf 87' lang='lat' dir='ltr'><strong>rationis</strong></span> <span class='ocrx_word' id='word_1_337' title='bbox 2410 1820 2648 1873; x_wconf 90' lang='lat' dir='ltr'><strong>omnium</strong></span> <span class='ocrx_word' id='word_1_338' title='bbox 2694 1818 3073 1873; x_wconf 85' lang='lat' dir='ltr'><strong>defunctorum</strong></span> <span class='ocrx_word' id='word_1_339' title='bbox 3106 1830 3299 1871; x_wconf 89' lang='lat' dir='ltr'><strong>canere</strong></span> <span class='ocrx_word' id='word_1_340' title='bbox 3343 1815 3560 1882; x_wconf 90' lang='lat' dir='ltr'><strong>solent,</strong></span> <span class='ocrx_word' id='word_1_341' title='bbox 3611 1816 3736 1870; x_wconf 85' lang='lat' dir='ltr'><strong>huic</strong></span> 
     </span>
    </p>
   </div>
   <div class='ocr_carea' id='block_1_47' title="bbox 2145 1909 3735 1988">
    <p class='ocr_par' dir='ltr' id='par_1_47' title="bbox 2145 1909 3735 1988">
     <span class='ocr_line' id='line_1_48' title="bbox 2145 1909 3735 1988; baseline -0.004 -19"><span class='ocrx_word' id='word_1_342' title='bbox 2145 1912 2373 1969; x_wconf 87' lang='lat' dir='ltr'><strong>similem</strong></span> <span class='ocrx_word' id='word_1_343' title='bbox 2400 1914 2619 1969; x_wconf 90' lang='lat' dir='ltr'><strong>missam</strong></span> <span class='ocrx_word' id='word_1_344' title='bbox 2637 1929 2741 1988; x_wconf 82' lang='lat' dir='ltr'><strong>&#39;pro</strong></span> <span class='ocrx_word' id='word_1_345' title='bbox 2771 1912 3024 1986; x_wconf 74' lang='lat' dir='ltr'><strong>defunctis</strong></span> <span class='ocrx_word' id='word_1_346' title='bbox 3053 1913 3217 1968; x_wconf 87' lang='lat' dir='ltr'><strong>habet</strong></span> <span class='ocrx_word' id='word_1_347' title='bbox 3245 1909 3735 1967; x_wconf 86' lang='lat' dir='ltr'><strong>Sacramentariuln</strong></span> 
     </span>
    </p>
   </div>
   <div class='ocr_carea' id='block_1_48' title="bbox 2148 2003 2432 2063">
    <p class='ocr_par' dir='ltr' id='par_1_48' title="bbox 2148 2003 2432 2063">
     <span class='ocr_line' id='line_1_49' title="bbox 2148 2003 2432 2063; baseline 0.004 -4"><span class='ocrx_word' id='word_1_348' title='bbox 2148 2003 2432 2063; x_wconf 87' lang='lat' dir='ltr'><strong>Bobiense.</strong></span> 
     </span>
    </p>
   </div>
   <div class='ocr_carea' id='block_1_49' title="bbox 2222 2091 3737 2169">
    <p class='ocr_par' dir='ltr' id='par_1_49' title="bbox 2222 2091 3737 2169">
     <span class='ocr_line' id='line_1_50' title="bbox 2222 2091 3737 2169; baseline -0.006 -18"><span class='ocrx_word' id='word_1_349' title='bbox 2222 2097 2309 2152; x_wconf 66' lang='grc'><strong>59.</strong></span> <span class='ocrx_word' id='word_1_350' title='bbox 2352 2097 2482 2154; x_wconf 87' lang='lat' dir='ltr'><strong>Post</strong></span> <span class='ocrx_word' id='word_1_351' title='bbox 2527 2098 2719 2154; x_wconf 88' lang='lat' dir='ltr'><strong>missas</strong></span> <span class='ocrx_word' id='word_1_352' title='bbox 2763 2095 3136 2153; x_wconf 79' lang='lat' dir='ltr'><strong>defuncmrum</strong></span> <span class='ocrx_word' id='word_1_353' title='bbox 3187 2094 3533 2169; x_wconf 83' lang='lat' dir='ltr'><strong>consequitur</strong></span> <span class='ocrx_word' id='word_1_354' title='bbox 3575 2091 3737 2169; x_wconf 80' lang='lat' dir='ltr'><strong>missa</strong></span> 
     </span>
    </p>
   </div>
   <div class='ocr_carea' id='block_1_50' title="bbox 2147 2183 3735 2263">
    <p class='ocr_par' dir='ltr' id='par_1_50' title="bbox 2147 2183 3735 2263">
     <span class='ocr_line' id='line_1_51' title="bbox 2147 2183 3735 2263; baseline -0.006 -17"><span class='ocrx_word' id='word_1_355' title='bbox 2147 2191 2319 2247; x_wconf 74' lang='lat' dir='ltr'><strong>beatae</strong></span> <span class='ocrx_word' id='word_1_356' title='bbox 2358 2190 2538 2247; x_wconf 63' lang='lat' dir='ltr'><strong>Maria:</strong></span> <span class='ocrx_word' id='word_1_357' title='bbox 2577 2192 2814 2263; x_wconf 81' lang='lat' dir='ltr'><strong>virginis,</strong></span> <span class='ocrx_word' id='word_1_358' title='bbox 2846 2200 3005 2261; x_wconf 83' lang='lat' dir='ltr'><strong>qnam</strong></span> <span class='ocrx_word' id='word_1_359' title='bbox 3033 2183 3347 2244; x_wconf 72' lang='lat' dir='ltr'><strong>Mozarabes</strong></span> <span class='ocrx_word' id='word_1_360' title='bbox 3387 2186 3569 2243; x_wconf 86' lang='lat' dir='ltr'><strong>diebus</strong></span> <span class='ocrx_word' id='word_1_361' title='bbox 3598 2184 3735 2257; x_wconf 80' lang='lat' dir='ltr'><strong>Sab-</strong></span> 
     </span>
    </p>
   </div>
   <div class='ocr_carea' id='block_1_51' title="bbox 2148 2276 3739 2357">
    <p class='ocr_par' dir='ltr' id='par_1_51' title="bbox 2148 2276 3739 2357">
     <span class='ocr_line' id='line_1_52' title="bbox 2148 2276 3739 2357; baseline -0.008 -19"><span class='ocrx_word' id='word_1_362' title='bbox 2148 2282 2259 2338; x_wconf 88' lang='lat' dir='ltr'><strong>bati</strong></span> <span class='ocrx_word' id='word_1_363' title='bbox 2292 2299 2399 2337; x_wconf 92' lang='lat' dir='ltr'><strong>non</strong></span> <span class='ocrx_word' id='word_1_364' title='bbox 2430 2281 2697 2353; x_wconf 90' lang='lat' dir='ltr'><strong>impeditis</strong></span> <span class='ocrx_word' id='word_1_365' title='bbox 2726 2281 3026 2346; x_wconf 87' lang='lat' dir='ltr'><strong>celebrant,</strong></span> <span class='ocrx_word' id='word_1_366' title='bbox 3063 2296 3232 2355; x_wconf 87' lang='lat' dir='ltr'><strong>caque</strong></span> <span class='ocrx_word' id='word_1_367' title='bbox 3256 2278 3467 2335; x_wconf 84' lang='lat' dir='ltr'><strong>Missale</strong></span> <span class='ocrx_word' id='word_1_368' title='bbox 3497 2276 3739 2357; x_wconf 61' lang='lat' dir='ltr'><strong>lilozara-</strong></span> 
     </span>
    </p>
   </div>
   <div class='ocr_carea' id='block_1_52' title="bbox 2148 2358 3157 2430">
    <p class='ocr_par' dir='ltr' id='par_1_52' title="bbox 2148 2358 3157 2430">
     <span class='ocr_line' id='line_1_53' title="bbox 2148 2358 3157 2430; baseline -0.001 0"><span class='ocrx_word' id='word_1_369' title='bbox 2148 2374 2274 2430; x_wconf 88' lang='lat' dir='ltr'><strong>bum</strong></span> <span class='ocrx_word' id='word_1_370' title='bbox 2304 2376 2641 2430; x_wconf 86' lang='lat' dir='ltr'><strong>terminatur.</strong></span> <span class='ocrx_word' id='word_1_371' title='bbox 3148 2358 3157 2375; x_wconf 29' lang='grc' dir='ltr'>ἶ</span> 
     </span>
    </p>
   </div>
   <div class='ocr_carea' id='block_1_53' title="bbox 2296 2464 3600 2535">
    <p class='ocr_par' dir='ltr' id='par_1_53' title="bbox 2296 2464 3600 2535">
     <span class='ocr_line' id='line_1_54' title="bbox 2296 2464 3600 2535; baseline -0.005 -14"><span class='ocrx_word' id='word_1_372' title='bbox 2296 2467 2429 2535; x_wconf 77' lang='lat' dir='ltr'><strong>§lll.</strong></span> <span class='ocrx_word' id='word_1_373' title='bbox 2470 2469 2549 2521; x_wconf 79' lang='lat' dir='ltr'><strong>An</strong></span> <span class='ocrx_word' id='word_1_374' title='bbox 2596 2466 2814 2521; x_wconf 79' lang='lat' dir='ltr'><strong>Missalc</strong></span> <span class='ocrx_word' id='word_1_375' title='bbox 2860 2466 3199 2521; x_wconf 77' lang='lat' dir='ltr'><strong>Momrabum</strong></span> <span class='ocrx_word' id='word_1_376' title='bbox 3242 2473 3491 2520; x_wconf 76' lang='lat' dir='ltr'><strong>vetustum</strong></span> <span class='ocrx_word' id='word_1_377' title='bbox 3532 2464 3600 2516; x_wconf 85' lang='lat' dir='ltr'><strong>sit</strong></span> 
     </span>
    </p>
   </div>
   <div class='ocr_carea' id='block_1_54' title="bbox 2702 2538 3198 2593">
    <p class='ocr_par' dir='ltr' id='par_1_54' title="bbox 2702 2538 3198 2593">
     <span class='ocr_line' id='line_1_55' title="bbox 2702 2538 3198 2593; baseline -0.008 0"><span class='ocrx_word' id='word_1_378' title='bbox 2702 2538 3198 2593; x_wconf 82' lang='lat' dir='ltr'><strong>Sacramentarium.</strong></span> 
     </span>
    </p>
   </div>
   <div class='ocr_carea' id='block_1_55' title="bbox 2223 2623 3744 2698">
    <p class='ocr_par' dir='ltr' id='par_1_55' title="bbox 2223 2623 3744 2698">
     <span class='ocr_line' id='line_1_56' title="bbox 2223 2623 3744 2698; baseline -0.005 -12"><span class='ocrx_word' id='word_1_379' title='bbox 2223 2629 2309 2686; x_wconf 74' lang='lat'><strong>60.</strong></span> <span class='ocrx_word' id='word_1_380' title='bbox 2357 2629 2491 2685; x_wconf 81' lang='lat' dir='ltr'><strong>illud</strong></span> <span class='ocrx_word' id='word_1_381' title='bbox 2515 2637 2693 2685; x_wconf 82' lang='lat' dir='ltr'><strong>autem</strong></span> <span class='ocrx_word' id='word_1_382' title='bbox 2723 2637 2989 2684; x_wconf 88' lang='lat' dir='ltr'><strong>vetustum</strong></span> <span class='ocrx_word' id='word_1_383' title='bbox 3018 2626 3233 2698; x_wconf 80' lang='lat' dir='ltr'><strong>aliquod</strong></span> <span class='ocrx_word' id='word_1_384' title='bbox 3256 2623 3744 2682; x_wconf 69' lang='lat' dir='ltr'><strong>Sacramenta-ium</strong></span> 
     </span>
    </p>
   </div>
   <div class='ocr_carea' id='block_1_56' title="bbox 2153 2716 3745 2790">
    <p class='ocr_par' dir='ltr' id='par_1_56' title="bbox 2153 2716 3745 2790">
     <span class='ocr_line' id='line_1_57' title="bbox 2153 2716 3745 2790; baseline -0.006 -11"><span class='ocrx_word' id='word_1_385' title='bbox 2153 2721 2308 2779; x_wconf 82' lang='lat' dir='ltr'><strong>nobis</strong></span> <span class='ocrx_word' id='word_1_386' title='bbox 2334 2721 2589 2781; x_wconf 82' lang='lat' dir='ltr'><strong>exhibere</strong></span> <span class='ocrx_word' id='word_1_387' title='bbox 2618 2736 2776 2776; x_wconf 87' lang='lat' dir='ltr'><strong>nemo</strong></span> <span class='ocrx_word' id='word_1_388' title='bbox 2794 2762 2808 2786; x_wconf 92' lang='lat'><strong>,</strong></span> <span class='ocrx_word' id='word_1_389' title='bbox 2855 2728 2915 2776; x_wconf 93' lang='lat' dir='ltr'><strong>ut</strong></span> <span class='ocrx_word' id='word_1_390' title='bbox 2943 2730 3092 2790; x_wconf 87' lang='lat' dir='ltr'><strong>puto,</strong></span> <span class='ocrx_word' id='word_1_391' title='bbox 3125 2720 3373 2788; x_wconf 77' lang='lat' dir='ltr'><strong>negabit,</strong></span> <span class='ocrx_word' id='word_1_392' title='bbox 3403 2733 3527 2774; x_wconf 90' lang='lat' dir='ltr'><strong>cum</strong></span> <span class='ocrx_word' id='word_1_393' title='bbox 3553 2716 3745 2772; x_wconf 84' lang='lat' dir='ltr'><strong>viderit</strong></span> 
     </span>
    </p>
   </div>
   <div class='ocr_carea' id='block_1_57' title="bbox 2154 2810 3748 2881">
    <p class='ocr_par' dir='ltr' id='par_1_57' title="bbox 2154 2810 3748 2881">
     <span class='ocr_line' id='line_1_58' title="bbox 2154 2810 3748 2881; baseline -0.003 -13"><span class='ocrx_word' id='word_1_394' title='bbox 2154 2821 2235 2871; x_wconf 87' lang='lat' dir='ltr'><strong>tut</strong></span> <span class='ocrx_word' id='word_1_395' title='bbox 2261 2812 2391 2868; x_wconf 84' lang='lat' dir='ltr'><strong>ritus</strong></span> <span class='ocrx_word' id='word_1_396' title='bbox 2420 2826 2451 2868; x_wconf 86' lang='lat' dir='ltr'><strong>a</strong></span> <span class='ocrx_word' id='word_1_397' title='bbox 2482 2811 2660 2869; x_wconf 85' lang='lat' dir='ltr'><strong>multis</strong></span> <span class='ocrx_word' id='word_1_398' title='bbox 2704 2812 2914 2867; x_wconf 68' lang='lat' dir='ltr'><strong>smculis</strong></span> <span class='ocrx_word' id='word_1_399' title='bbox 2937 2812 3047 2879; x_wconf 87' lang='lat' dir='ltr'><strong>jam</strong></span> <span class='ocrx_word' id='word_1_400' title='bbox 3091 2812 3399 2881; x_wconf 79' lang='lat' dir='ltr'><strong>antiquatos</strong></span> <span class='ocrx_word' id='word_1_401' title='bbox 3435 2810 3748 2879; x_wconf 85' lang='lat' dir='ltr'><strong>frequenter</strong></span> 
     </span>
    </p>
   </div>
   <div class='ocr_carea' id='block_1_58' title="bbox 2154 2907 3743 2977">
    <p class='ocr_par' dir='ltr' id='par_1_58' title="bbox 2154 2907 3743 2977">
     <span class='ocr_line' id='line_1_59' title="bbox 2154 2907 3743 2977; baseline -0.003 -13"><span class='ocrx_word' id='word_1_402' title='bbox 2154 2910 2209 2964; x_wconf 91' lang='lat' dir='ltr'><strong>in</strong></span> <span class='ocrx_word' id='word_1_403' title='bbox 2256 2922 2321 2962; x_wconf 90' lang='lat' dir='ltr'><strong>eo</strong></span> <span class='ocrx_word' id='word_1_404' title='bbox 2359 2908 2813 2977; x_wconf 84' lang='lat' dir='ltr'><strong>commemorari:</strong></span> <span class='ocrx_word' id='word_1_405' title='bbox 2861 2908 3295 2963; x_wconf 86' lang='lat' dir='ltr'><strong>communionem</strong></span> <span class='ocrx_word' id='word_1_406' title='bbox 3336 2907 3743 2977; x_wconf 81' lang='lat' dir='ltr'><strong>quotidianam,</strong></span> 
     </span>
    </p>
   </div>
   <div class='ocr_carea' id='block_1_59' title="bbox 2154 2999 3744 3070">
    <p class='ocr_par' dir='ltr' id='par_1_59' title="bbox 2154 2999 3744 3070">
     <span class='ocr_line' id='line_1_60' title="bbox 2154 2999 3744 3070; baseline -0.004 -11"><span class='ocrx_word' id='word_1_407' title='bbox 2154 2999 2377 3059; x_wconf 79' lang='lat' dir='ltr'><strong>calicem</strong></span> <span class='ocrx_word' id='word_1_408' title='bbox 2418 3014 2450 3055; x_wconf 83' lang='lat' dir='ltr'><strong>a</strong></span> <span class='ocrx_word' id='word_1_409' title='bbox 2502 2999 2732 3057; x_wconf 86' lang='lat' dir='ltr'><strong>diacono</strong></span> <span class='ocrx_word' id='word_1_410' title='bbox 2760 3000 3179 3059; x_wconf 88' lang='lat' dir='ltr'><strong>communicanti</strong></span> <span class='ocrx_word' id='word_1_411' title='bbox 3222 3000 3423 3070; x_wconf 90' lang='lat' dir='ltr'><strong>populo</strong></span> <span class='ocrx_word' id='word_1_412' title='bbox 3465 3001 3744 3066; x_wconf 88' lang='lat' dir='ltr'><strong>traditum;</strong></span> 
     </span>
    </p>
   </div>
   <div class='ocr_carea' id='block_1_60' title="bbox 449 3087 2047 3172">
    <p class='ocr_par' dir='ltr' id='par_1_60' title="bbox 449 3098 2047 3172">
     <span class='ocr_line' id='line_1_61' title="bbox 449 3098 2047 3172; baseline 0.001 -19"><span class='ocrx_word' id='word_1_413' title='bbox 449 3100 648 3166; x_wconf 84' lang='lat' dir='ltr'><strong>oratio,</strong></span> <span class='ocrx_word' id='word_1_414' title='bbox 689 3101 851 3154; x_wconf 88' lang='lat' dir='ltr'><strong>missa</strong></span> <span class='ocrx_word' id='word_1_415' title='bbox 892 3108 945 3155; x_wconf 88' lang='lat' dir='ltr'><strong>et</strong></span> <span class='ocrx_word' id='word_1_416' title='bbox 972 3100 1077 3154; x_wconf 84' lang='lat' dir='ltr'><strong>alia</strong></span> <span class='ocrx_word' id='word_1_417' title='bbox 1119 3103 1313 3168; x_wconf 86' lang='lat' dir='ltr'><strong>oratio,</strong></span> <span class='ocrx_word' id='word_1_418' title='bbox 1361 3116 1480 3172; x_wconf 65' lang='lat' dir='ltr'><strong>quae</strong></span> <span class='ocrx_word' id='word_1_419' title='bbox 1528 3100 1581 3156; x_wconf 86' lang='lat' dir='ltr'><strong>in</strong></span> <span class='ocrx_word' id='word_1_420' title='bbox 1627 3101 1791 3158; x_wconf 86' lang='lat' dir='ltr'><strong>missa</strong></span> <span class='ocrx_word' id='word_1_421' title='bbox 1827 3098 2047 3169; x_wconf 47' lang='lat' dir='ltr'><strong>Exaltaq</strong></span> 
     </span>
    </p>
   </div>
   <div class='ocr_carea' id='block_1_61' title="bbox 2157 3087 3746 3172">
    <p class='ocr_par' dir='ltr' id='par_1_61' title="bbox 2157 3091 3746 3163">
     <span class='ocr_line' id='line_1_62' title="bbox 2157 3091 3746 3163; baseline 0.001 -20"><span class='ocrx_word' id='word_1_422' title='bbox 2157 3091 2344 3151; x_wconf 75' lang='lat' dir='ltr'><strong>fideles</strong></span> <span class='ocrx_word' id='word_1_423' title='bbox 2372 3098 2617 3161; x_wconf 85' lang='lat' dir='ltr'><strong>tempore</strong></span> <span class='ocrx_word' id='word_1_424' title='bbox 2650 3092 2888 3160; x_wconf 87' lang='lat' dir='ltr'><strong>paschali</strong></span> <span class='ocrx_word' id='word_1_425' title='bbox 2931 3100 3078 3147; x_wconf 73' lang='lat' dir='ltr'><strong>veste</strong></span> <span class='ocrx_word' id='word_1_426' title='bbox 3109 3092 3337 3147; x_wconf 83' lang='lat' dir='ltr'><strong>candida</strong></span> <span class='ocrx_word' id='word_1_427' title='bbox 3371 3092 3613 3157; x_wconf 86' lang='lat' dir='ltr'><strong>indutos;</strong></span> <span class='ocrx_word' id='word_1_428' title='bbox 3645 3107 3746 3163; x_wconf 82' lang='lat' dir='ltr'><strong>pu—</strong></span> 
     </span>
    </p>
   </div>
   <div class='ocr_carea' id='block_1_62' title="bbox 452 3190 1131 3265">
    <p class='ocr_par' dir='ltr' id='par_1_62' title="bbox 452 3190 1131 3265">
     <span class='ocr_line' id='line_1_63' title="bbox 452 3190 1131 3265; baseline 0 -20"><span class='ocrx_word' id='word_1_429' title='bbox 452 3192 618 3247; x_wconf 86' lang='lat' dir='ltr'><strong>tionis</strong></span> <span class='ocrx_word' id='word_1_430' title='bbox 648 3190 834 3248; x_wconf 88' lang='lat' dir='ltr'><strong>Crucis</strong></span> <span class='ocrx_word' id='word_1_431' title='bbox 863 3191 1131 3265; x_wconf 74' lang='lat' dir='ltr'><strong>leguntur.</strong></span> 
     </span>
    </p>
   </div>
   <div class='ocr_carea' id='block_1_63' title="bbox 525 3281 2053 3353">
    <p class='ocr_par' dir='ltr' id='par_1_63' title="bbox 525 3281 2053 3353">
     <span class='ocr_line' id='line_1_64' title="bbox 525 3281 2053 3353; baseline 0.003 -16"><span class='ocrx_word' id='word_1_432' title='bbox 525 3281 613 3338; x_wconf 84' lang='lat'><strong>55.</strong></span> <span class='ocrx_word' id='word_1_433' title='bbox 658 3282 788 3340; x_wconf 87' lang='lat' dir='ltr'><strong>Post</strong></span> <span class='ocrx_word' id='word_1_434' title='bbox 831 3282 1166 3352; x_wconf 88' lang='lat' dir='ltr'><strong>Sanctorale,</strong></span> <span class='ocrx_word' id='word_1_435' title='bbox 1223 3283 1277 3340; x_wconf 92' lang='lat' dir='ltr'><strong>in</strong></span> <span class='ocrx_word' id='word_1_436' title='bbox 1322 3283 1521 3343; x_wconf 81' lang='lat' dir='ltr'><strong>Missali</strong></span> <span class='ocrx_word' id='word_1_437' title='bbox 1569 3282 1825 3353; x_wconf 83' lang='lat' dir='ltr'><strong>Ximenii,</strong></span> <span class='ocrx_word' id='word_1_438' title='bbox 1874 3286 2053 3342; x_wconf 91' lang='lat' dir='ltr'><strong>locum</strong></span> 
     </span>
    </p>
   </div>
   <div class='ocr_carea' id='block_1_64' title="bbox 456 3376 2050 3453">
    <p class='ocr_par' dir='ltr' id='par_1_64' title="bbox 456 3376 2050 3453">
     <span class='ocr_line' id='line_1_65' title="bbox 456 3376 2050 3453; baseline 0.002 -21"><span class='ocrx_word' id='word_1_439' title='bbox 456 3376 664 3433; x_wconf 86' lang='lat' dir='ltr'><strong>obtinet</strong></span> <span class='ocrx_word' id='word_1_440' title='bbox 693 3378 990 3444; x_wconf 87' lang='lat' dir='ltr'><strong>Commune,</strong></span> <span class='ocrx_word' id='word_1_441' title='bbox 1023 3379 1168 3449; x_wconf 91' lang='lat' dir='ltr'><strong>quod</strong></span> <span class='ocrx_word' id='word_1_442' title='bbox 1200 3379 1387 3434; x_wconf 87' lang='lat' dir='ltr'><strong>missas</strong></span> <span class='ocrx_word' id='word_1_443' title='bbox 1412 3396 1707 3435; x_wconf 86' lang='lat' dir='ltr'><strong>communes</strong></span> <span class='ocrx_word' id='word_1_444' title='bbox 1733 3390 2050 3453; x_wconf 86' lang='lat' dir='ltr'><strong>martyrum,</strong></span> 
     </span>
    </p>
   </div>
   <div class='ocr_carea' id='block_1_65' title="bbox 457 3470 2053 3545">
    <p class='ocr_par' dir='ltr' id='par_1_65' title="bbox 457 3470 2053 3545">
     <span class='ocr_line' id='line_1_66' title="bbox 457 3470 2053 3545; baseline 0.003 -22"><span class='ocrx_word' id='word_1_445' title='bbox 457 3470 829 3526; x_wconf 83' lang='lat' dir='ltr'><strong>confessorum</strong></span> <span class='ocrx_word' id='word_1_446' title='bbox 885 3478 941 3527; x_wconf 92' lang='lat' dir='ltr'><strong>et</strong></span> <span class='ocrx_word' id='word_1_447' title='bbox 986 3471 1248 3541; x_wconf 89' lang='lat' dir='ltr'><strong>virginum</strong></span> <span class='ocrx_word' id='word_1_448' title='bbox 1306 3474 1702 3545; x_wconf 90' lang='lat' dir='ltr'><strong>complectitur,</strong></span> <span class='ocrx_word' id='word_1_449' title='bbox 1751 3488 1886 3544; x_wconf 90' lang='lat' dir='ltr'><strong>quas</strong></span> <span class='ocrx_word' id='word_1_450' title='bbox 1926 3474 2053 3528; x_wconf 91' lang='lat' dir='ltr'><strong>olim</strong></span> 
     </span>
    </p>
   </div>
   <div class='ocr_carea' id='block_1_66' title="bbox 455 3560 2055 3639">
    <p class='ocr_par' dir='ltr' id='par_1_66' title="bbox 455 3560 2055 3639">
     <span class='ocr_line' id='line_1_67' title="bbox 455 3560 2055 3639; baseline 0.003 -25"><span class='ocrx_word' id='word_1_451' title='bbox 455 3562 599 3631; x_wconf 89' lang='lat' dir='ltr'><strong>apud</strong></span> <span class='ocrx_word' id='word_1_452' title='bbox 653 3560 1133 3639; x_wconf 84' lang='lat' dir='ltr'><strong>Gotho—Hispanos</strong></span> <span class='ocrx_word' id='word_1_453' title='bbox 1188 3562 1241 3619; x_wconf 92' lang='lat' dir='ltr'><strong>in</strong></span> <span class='ocrx_word' id='word_1_454' title='bbox 1280 3578 1380 3620; x_wconf 91' lang='lat' dir='ltr'><strong>usu</strong></span> <span class='ocrx_word' id='word_1_455' title='bbox 1408 3562 1570 3631; x_wconf 79' lang='lat' dir='ltr'><strong>fuisse</strong></span> <span class='ocrx_word' id='word_1_456' title='bbox 1616 3573 1807 3636; x_wconf 88' lang='lat' dir='ltr'><strong>aperte</strong></span> <span class='ocrx_word' id='word_1_457' title='bbox 1854 3563 2055 3633; x_wconf 86' lang='lat' dir='ltr'><strong>indicat</strong></span> 
     </span>
    </p>
   </div>
   <div class='ocr_carea' id='block_1_67' title="bbox 454 3653 2053 3729">
    <p class='ocr_par' dir='ltr' id='par_1_67' title="bbox 454 3653 2053 3729">
     <span class='ocr_line' id='line_1_68' title="bbox 454 3653 2053 3729; baseline 0.003 -21"><span class='ocrx_word' id='word_1_458' title='bbox 454 3653 673 3709; x_wconf 83' lang='lat' dir='ltr'><strong>Braulio</strong></span> <span class='ocrx_word' id='word_1_459' title='bbox 714 3655 770 3709; x_wconf 92' lang='lat' dir='ltr'><strong>in</strong></span> <span class='ocrx_word' id='word_1_460' title='bbox 816 3654 1040 3726; x_wconf 86' lang='lat' dir='ltr'><strong>prologo</strong></span> <span class='ocrx_word' id='word_1_461' title='bbox 1082 3655 1219 3715; x_wconf 70' lang='lat' dir='ltr'><strong>Vitae</strong></span> <span class='ocrx_word' id='word_1_462' title='bbox 1274 3659 1445 3717; x_wconf 84' lang='lat' dir='ltr'><strong>sancti</strong></span> <span class='ocrx_word' id='word_1_463' title='bbox 1484 3657 1760 3714; x_wconf 60' lang='lat' dir='ltr'><strong>IEmiliani</strong></span> <span class='ocrx_word' id='word_1_464' title='bbox 1810 3658 2053 3729; x_wconf 81' lang='lat' dir='ltr'><strong>Cuculati</strong></span> 
     </span>
    </p>
   </div>
   <div class='ocr_carea' id='block_1_68' title="bbox 452 3734 2053 3820">
    <p class='ocr_par' dir='ltr' id='par_1_68' title="bbox 452 3734 2053 3820">
     <span class='ocr_line' id='line_1_69' title="bbox 452 3734 2053 3820; baseline 0.002 -20"><span class='ocrx_word' id='word_1_465' title='bbox 452 3744 697 3800; x_wconf 85' lang='lat' dir='ltr'><strong>scribens</strong></span> <span class='ocrx_word' id='word_1_466' title='bbox 736 3747 1023 3801; x_wconf 81' lang='lat' dir='ltr'><strong>mandasse</strong></span> <span class='ocrx_word' id='word_1_467' title='bbox 1070 3762 1130 3803; x_wconf 92' lang='lat' dir='ltr'><strong>se</strong></span> <span class='ocrx_word' id='word_1_468' title='bbox 1173 3757 1232 3802; x_wconf 94' lang='lat' dir='ltr'><strong>ut</strong></span> <span class='ocrx_word' id='word_1_469' title='bbox 1278 3747 1366 3807; x_wconf 89' lang='lat' dir='ltr'><strong>die</strong></span> <span class='ocrx_word' id='word_1_470' title='bbox 1413 3748 1771 3813; x_wconf 83' lang='lat' dir='ltr'><strong>solemnitatis</strong></span> <span class='ocrx_word' id='word_1_471' title='bbox 1812 3734 2053 3820; x_wconf 85' lang='lat' dir='ltr'><strong>ejusdem</strong></span> 
     </span>
    </p>
   </div>
   <div class='ocr_carea' id='block_1_69' title="bbox 458 3837 2002 3919">
    <p class='ocr_par' dir='ltr' id='par_1_69' title="bbox 458 3837 2002 3919">
     <span class='ocr_line' id='line_1_70' title="bbox 458 3837 2002 3919; baseline 0.003 -29"><span class='ocrx_word' id='word_1_472' title='bbox 458 3837 621 3891; x_wconf 88' lang='lat' dir='ltr'><strong>missa</strong></span> <span class='ocrx_word' id='word_1_473' title='bbox 648 3839 890 3892; x_wconf 88' lang='lat' dir='ltr'><strong>recitetur</strong></span> <span class='ocrx_word' id='word_1_474' title='bbox 919 3840 1204 3894; x_wconf 85' lang='lat' dir='ltr'><strong>communis</strong></span> <span class='ocrx_word' id='word_1_475' title='bbox 1233 3840 1392 3919; x_wconf 88' lang='lat' dir='ltr'><strong>unius</strong></span> <span class='ocrx_word' id='word_1_476' title='bbox 1413 3841 1625 3919; x_wconf 89' lang='lat' dir='ltr'><strong>scilicet</strong></span> <span class='ocrx_word' id='word_1_477' title='bbox 1652 3840 2002 3919; x_wconf 84' lang='lat' dir='ltr'><strong>confessoris.</strong></span> 
     </span>
    </p>
   </div>
   <div class='ocr_carea' id='block_1_70' title="bbox 528 3929 2057 4013">
    <p class='ocr_par' dir='ltr' id='par_1_70' title="bbox 528 3929 2057 4013">
     <span class='ocr_line' id='line_1_71' title="bbox 528 3929 2057 4013; baseline 0.007 -30"><span class='ocrx_word' id='word_1_478' title='bbox 528 3929 615 3983; x_wconf 81' lang='lat'><strong>56.</strong></span> <span class='ocrx_word' id='word_1_479' title='bbox 661 3929 719 3984; x_wconf 91' lang='lat' dir='ltr'><strong>ln</strong></span> <span class='ocrx_word' id='word_1_480' title='bbox 747 3929 945 3987; x_wconf 84' lang='lat' dir='ltr'><strong>Missali</strong></span> <span class='ocrx_word' id='word_1_481' title='bbox 968 3930 1204 3988; x_wconf 82' lang='lat' dir='ltr'><strong>Ximenii</strong></span> <span class='ocrx_word' id='word_1_482' title='bbox 1222 3932 1397 4013; x_wconf 75' lang='lat' dir='ltr'><strong>missa:</strong></span> <span class='ocrx_word' id='word_1_483' title='bbox 1426 3951 1740 3991; x_wconf 89' lang='lat' dir='ltr'><strong>communes</strong></span> <span class='ocrx_word' id='word_1_484' title='bbox 1760 3936 1945 4013; x_wconf 84' lang='lat' dir='ltr'><strong>decem</strong></span> <span class='ocrx_word' id='word_1_485' title='bbox 1969 3952 2057 3993; x_wconf 90' lang='lat' dir='ltr'><strong>re-</strong></span> 
     </span>
    </p>
   </div>
   <div class='ocr_carea' id='block_1_71' title="bbox 452 4025 2056 4100">
    <p class='ocr_par' dir='ltr' id='par_1_71' title="bbox 452 4025 2056 4100">
     <span class='ocr_line' id='line_1_72' title="bbox 452 4025 2056 4100; baseline 0.006 -25"><span class='ocrx_word' id='word_1_486' title='bbox 452 4029 766 4087; x_wconf 87' lang='lat' dir='ltr'><strong>censentur,</strong></span> <span class='ocrx_word' id='word_1_487' title='bbox 788 4037 1018 4097; x_wconf 84' lang='lat' dir='ltr'><strong>quarum</strong></span> <span class='ocrx_word' id='word_1_488' title='bbox 1046 4040 1141 4080; x_wconf 84' lang='lat' dir='ltr'><strong>sex</strong></span> <span class='ocrx_word' id='word_1_489' title='bbox 1170 4025 1358 4095; x_wconf 67' lang='lat' dir='ltr'><strong>prima:</strong></span> <span class='ocrx_word' id='word_1_490' title='bbox 1388 4036 1514 4081; x_wconf 92' lang='lat' dir='ltr'><strong>sunt</strong></span> <span class='ocrx_word' id='word_1_491' title='bbox 1543 4039 1862 4100; x_wconf 86' lang='lat' dir='ltr'><strong>martyrum,</strong></span> <span class='ocrx_word' id='word_1_492' title='bbox 1890 4029 2056 4099; x_wconf 87' lang='lat' dir='ltr'><strong>septi-</strong></span> 
     </span>
    </p>
   </div>
   <div class='ocr_carea' id='block_1_72' title="bbox 453 4100 2052 4193">
    <p class='ocr_par' dir='ltr' id='par_1_72' title="bbox 453 4100 2052 4193">
     <span class='ocr_line' id='line_1_73' title="bbox 453 4100 2052 4193; baseline 0.003 -24"><span class='ocrx_word' id='word_1_493' title='bbox 453 4128 544 4169; x_wconf 89' lang='lat' dir='ltr'><strong>ma</strong></span> <span class='ocrx_word' id='word_1_494' title='bbox 567 4120 622 4167; x_wconf 92' lang='lat' dir='ltr'><strong>et</strong></span> <span class='ocrx_word' id='word_1_495' title='bbox 649 4122 839 4169; x_wconf 88' lang='lat' dir='ltr'><strong>octava</strong></span> <span class='ocrx_word' id='word_1_496' title='bbox 862 4100 1258 4183; x_wconf 83' lang='lat' dir='ltr'><strong>confessorum,</strong></span> <span class='ocrx_word' id='word_1_497' title='bbox 1289 4100 1431 4172; x_wconf 86' lang='lat' dir='ltr'><strong>nona</strong></span> <span class='ocrx_word' id='word_1_498' title='bbox 1458 4127 1513 4173; x_wconf 88' lang='lat' dir='ltr'><strong>et</strong></span> <span class='ocrx_word' id='word_1_499' title='bbox 1533 4119 1741 4173; x_wconf 91' lang='lat' dir='ltr'><strong>decima</strong></span> <span class='ocrx_word' id='word_1_500' title='bbox 1767 4102 2052 4193; x_wconf 84' lang='lat' dir='ltr'><strong>virginum.</strong></span> 
     </span>
    </p>
   </div>
   <div class='ocr_carea' id='block_1_73' title="bbox 453 4202 2056 4285">
    <p class='ocr_par' dir='ltr' id='par_1_73' title="bbox 453 4202 2056 4285">
     <span class='ocr_line' id='line_1_74' title="bbox 453 4202 2056 4285; baseline 0.004 -26"><span class='ocrx_word' id='word_1_501' title='bbox 453 4202 735 4274; x_wconf 87' lang='lat' dir='ltr'><strong>Ejusmodi</strong></span> <span class='ocrx_word' id='word_1_502' title='bbox 777 4205 968 4263; x_wconf 90' lang='lat' dir='ltr'><strong>missas</strong></span> <span class='ocrx_word' id='word_1_503' title='bbox 1013 4207 1141 4262; x_wconf 93' lang='lat' dir='ltr'><strong>olim</strong></span> <span class='ocrx_word' id='word_1_504' title='bbox 1184 4208 1325 4279; x_wconf 87' lang='lat' dir='ltr'><strong>apud</strong></span> <span class='ocrx_word' id='word_1_505' title='bbox 1372 4208 1555 4283; x_wconf 86' lang='lat' dir='ltr'><strong>Gallos</strong></span> <span class='ocrx_word' id='word_1_506' title='bbox 1584 4210 1853 4285; x_wconf 84' lang='lat' dir='ltr'><strong>exstitisse</strong></span> <span class='ocrx_word' id='word_1_507' title='bbox 1896 4210 2056 4266; x_wconf 85' lang='lat' dir='ltr'><strong>ﬁdem</strong></span> 
     </span>
    </p>
   </div>
   <div class='ocr_carea' id='block_1_74' title="bbox 453 4284 2057 4379">
    <p class='ocr_par' dir='ltr' id='par_1_74' title="bbox 453 4284 2057 4379">
     <span class='ocr_line' id='line_1_75' title="bbox 453 4284 2057 4379; baseline 0.005 -28"><span class='ocrx_word' id='word_1_508' title='bbox 453 4292 662 4351; x_wconf 79' lang='lat' dir='ltr'><strong>faciunt</strong></span> <span class='ocrx_word' id='word_1_509' title='bbox 710 4296 923 4354; x_wconf 85' lang='lat' dir='ltr'><strong>Missale</strong></span> <span class='ocrx_word' id='word_1_510' title='bbox 952 4284 1447 4377; x_wconf 81' lang='lat' dir='ltr'><strong>Gallo-Gothicum,</strong></span> <span class='ocrx_word' id='word_1_511' title='bbox 1478 4300 1530 4371; x_wconf 86' lang='lat' dir='ltr'><strong>in</strong></span> <span class='ocrx_word' id='word_1_512' title='bbox 1573 4318 1682 4374; x_wconf 90' lang='lat' dir='ltr'><strong>quo</strong></span> <span class='ocrx_word' id='word_1_513' title='bbox 1719 4284 1843 4357; x_wconf 89' lang='lat' dir='ltr'><strong>sunt</strong></span> <span class='ocrx_word' id='word_1_514' title='bbox 1882 4305 2057 4379; x_wconf 71' lang='lat' dir='ltr'><strong>missa:</strong></span> 
     </span>
    </p>
   </div>
   <div class='ocr_carea' id='block_1_75' title="bbox 457 4378 2056 4485">
    <p class='ocr_par' dir='ltr' id='par_1_75' title="bbox 457 4378 2056 4485">
     <span class='ocr_line' id='line_1_76' title="bbox 457 4378 2056 4485; baseline 0.008 -41"><span class='ocrx_word' id='word_1_515' title='bbox 457 4394 937 4449; x_wconf 84' lang='lat' dir='ltr'><strong>communesunius</strong></span> <span class='ocrx_word' id='word_1_516' title='bbox 951 4396 1173 4479; x_wconf 71' lang='lat' dir='ltr'><strong>apostoli</strong></span> <span class='ocrx_word' id='word_1_517' title='bbox 1186 4407 1234 4453; x_wconf 88' lang='lat' dir='ltr'><strong>et</strong></span> <span class='ocrx_word' id='word_1_518' title='bbox 1250 4400 1495 4485; x_wconf 52' lang='lat' dir='ltr'><strong>martyris</strong></span> <span class='ocrx_word' id='word_1_519' title='bbox 1519 4378 1624 4453; x_wconf 86' lang='lat' dir='ltr'><strong>una</strong></span> <span class='ocrx_word' id='word_1_520' title='bbox 1646 4408 1702 4455; x_wconf 89' lang='lat' dir='ltr'><strong>et</strong></span> <span class='ocrx_word' id='word_1_521' title='bbox 1724 4409 1832 4475; x_wconf 90' lang='lat' dir='ltr'><strong>tres</strong></span> <span class='ocrx_word' id='word_1_522' title='bbox 1855 4402 2056 4481; x_wconf 85' lang='lat' dir='ltr'><strong>pariter</strong></span> 
     </span>
    </p>
   </div>
   <div class='ocr_carea' id='block_1_76' title="bbox 457 4482 2051 4564">
    <p class='ocr_par' dir='ltr' id='par_1_76' title="bbox 457 4482 2051 4564">
     <span class='ocr_line' id='line_1_77' title="bbox 457 4482 2051 4564; baseline 0.008 -29"><span class='ocrx_word' id='word_1_523' title='bbox 457 4482 521 4535; x_wconf 87' lang='lat' dir='ltr'><strong>de</strong></span> <span class='ocrx_word' id='word_1_524' title='bbox 548 4483 780 4553; x_wconf 84' lang='lat' dir='ltr'><strong>pluribus</strong></span> <span class='ocrx_word' id='word_1_525' title='bbox 808 4487 1121 4559; x_wconf 82' lang='lat' dir='ltr'><strong>martyribus</strong></span> <span class='ocrx_word' id='word_1_526' title='bbox 1141 4529 1155 4554; x_wconf 95' lang='lat'><strong>,</strong></span> <span class='ocrx_word' id='word_1_527' title='bbox 1186 4504 1291 4543; x_wconf 94' lang='lat' dir='ltr'><strong>una</strong></span> <span class='ocrx_word' id='word_1_528' title='bbox 1331 4482 1489 4543; x_wconf 79' lang='lat' dir='ltr'><strong>missa</strong></span> <span class='ocrx_word' id='word_1_529' title='bbox 1521 4491 1673 4545; x_wconf 86' lang='lat' dir='ltr'><strong>unius</strong></span> <span class='ocrx_word' id='word_1_530' title='bbox 1720 4494 2051 4564; x_wconf 77' lang='lat' dir='ltr'><strong>confessoris,</strong></span> 
     </span>
    </p>
   </div>
   <div class='ocr_carea' id='block_1_77' title="bbox 456 4576 2058 4677">
    <p class='ocr_par' dir='ltr' id='par_1_77' title="bbox 456 4576 2058 4677">
     <span class='ocr_line' id='line_1_78' title="bbox 456 4576 2058 4677; baseline 0.009 -50"><span class='ocrx_word' id='word_1_531' title='bbox 456 4581 511 4628; x_wconf 89' lang='lat' dir='ltr'><strong>et</strong></span> <span class='ocrx_word' id='word_1_532' title='bbox 540 4589 643 4629; x_wconf 90' lang='lat' dir='ltr'><strong>una</strong></span> <span class='ocrx_word' id='word_1_533' title='bbox 673 4578 832 4631; x_wconf 86' lang='lat' dir='ltr'><strong>missa</strong></span> <span class='ocrx_word' id='word_1_534' title='bbox 862 4578 925 4632; x_wconf 91' lang='lat' dir='ltr'><strong>de</strong></span> <span class='ocrx_word' id='word_1_535' title='bbox 969 4576 1201 4677; x_wconf 67' lang='lat' dir='ltr'><strong>pluribus</strong></span> <span class='ocrx_word' id='word_1_536' title='bbox 1227 4581 1626 4651; x_wconf 84' lang='lat' dir='ltr'><strong>confessoribus.</strong></span> <span class='ocrx_word' id='word_1_537' title='bbox 1676 4580 1743 4635; x_wconf 89' lang='lat' dir='ltr'><strong>Et</strong></span> <span class='ocrx_word' id='word_1_538' title='bbox 1772 4582 2058 4657; x_wconf 82' lang='lat' dir='ltr'><strong>Lectiona-</strong></span> 
     </span>
    </p>
   </div>
   <div class='ocr_carea' id='block_1_78' title="bbox 456 4666 2053 4751">
    <p class='ocr_par' dir='ltr' id='par_1_78' title="bbox 456 4666 2053 4751">
     <span class='ocr_line' id='line_1_79' title="bbox 456 4666 2053 4751; baseline 0.007 -30"><span class='ocrx_word' id='word_1_539' title='bbox 456 4667 595 4722; x_wconf 90' lang='lat' dir='ltr'><strong>rium</strong></span> <span class='ocrx_word' id='word_1_540' title='bbox 645 4666 1005 4749; x_wconf 78' lang='lat' dir='ltr'><strong>Luxoviense,</strong></span> <span class='ocrx_word' id='word_1_541' title='bbox 1037 4670 1089 4726; x_wconf 90' lang='lat' dir='ltr'><strong>in</strong></span> <span class='ocrx_word' id='word_1_542' title='bbox 1120 4689 1228 4743; x_wconf 93' lang='lat' dir='ltr'><strong>quo</strong></span> <span class='ocrx_word' id='word_1_543' title='bbox 1259 4684 1550 4751; x_wconf 87' lang='lat' dir='ltr'><strong>occurrunt</strong></span> <span class='ocrx_word' id='word_1_544' title='bbox 1592 4677 1808 4749; x_wconf 79' lang='lat' dir='ltr'><strong>legenda</strong></span> <span class='ocrx_word' id='word_1_545' title='bbox 1834 4678 1889 4749; x_wconf 73' lang='lat' dir='ltr'><strong>in</strong></span> <span class='ocrx_word' id='word_1_546' title='bbox 1920 4680 2053 4751; x_wconf 68' lang='lat' dir='ltr'><strong>festo</strong></span> 
     </span>
    </p>
   </div>
   <div class='ocr_carea' id='block_1_79' title="bbox 456 4756 2052 4847">
    <p class='ocr_par' dir='ltr' id='par_1_79' title="bbox 456 4756 2052 4847">
     <span class='ocr_line' id='line_1_80' title="bbox 456 4756 2052 4847; baseline 0.009 -36"><span class='ocrx_word' id='word_1_547' title='bbox 456 4759 610 4813; x_wconf 86' lang='lat' dir='ltr'><strong>unius</strong></span> <span class='ocrx_word' id='word_1_548' title='bbox 651 4756 915 4834; x_wconf 79' lang='lat' dir='ltr'><strong>martyris,</strong></span> <span class='ocrx_word' id='word_1_549' title='bbox 944 4760 1163 4837; x_wconf 83' lang='lat' dir='ltr'><strong>legenda</strong></span> <span class='ocrx_word' id='word_1_550' title='bbox 1194 4766 1257 4837; x_wconf 80' lang='lat' dir='ltr'><strong>de</strong></span> <span class='ocrx_word' id='word_1_551' title='bbox 1286 4767 1458 4843; x_wconf 79' lang='lat' dir='ltr'><strong>plures</strong></span> <span class='ocrx_word' id='word_1_552' title='bbox 1489 4779 1763 4840; x_wconf 81' lang='lat' dir='ltr'><strong>martyres,</strong></span> <span class='ocrx_word' id='word_1_553' title='bbox 1796 4770 1868 4831; x_wconf 84' lang='lat' dir='ltr'><strong>ita</strong></span> <span class='ocrx_word' id='word_1_554' title='bbox 1910 4771 2052 4847; x_wconf 79' lang='lat' dir='ltr'><strong>enim</strong></span> 
     </span>
    </p>
   </div>
   <div class='ocr_carea' id='block_1_80' title="bbox 456 4851 2055 4941">
    <p class='ocr_par' dir='ltr' id='par_1_80' title="bbox 456 4851 2055 4941">
     <span class='ocr_line' id='line_1_81' title="bbox 456 4851 2055 4941; baseline 0.011 -36"><span class='ocrx_word' id='word_1_555' title='bbox 456 4851 639 4919; x_wconf 87' lang='lat' dir='ltr'><strong>habet,</strong></span> <span class='ocrx_word' id='word_1_556' title='bbox 671 4856 891 4926; x_wconf 79' lang='lat' dir='ltr'><strong>legenda</strong></span> <span class='ocrx_word' id='word_1_557' title='bbox 918 4858 980 4913; x_wconf 91' lang='lat' dir='ltr'><strong>de</strong></span> <span class='ocrx_word' id='word_1_558' title='bbox 999 4876 1101 4931; x_wconf 85' lang='lat' dir='ltr'><strong>uno</strong></span> <span class='ocrx_word' id='word_1_559' title='bbox 1128 4862 1441 4933; x_wconf 80' lang='lat' dir='ltr'><strong>confessore,</strong></span> <span class='ocrx_word' id='word_1_560' title='bbox 1469 4871 1524 4917; x_wconf 92' lang='lat' dir='ltr'><strong>et</strong></span> <span class='ocrx_word' id='word_1_561' title='bbox 1551 4862 1766 4932; x_wconf 78' lang='lat' dir='ltr'><strong>legenda</strong></span> <span class='ocrx_word' id='word_1_562' title='bbox 1795 4864 1858 4918; x_wconf 85' lang='lat' dir='ltr'><strong>de</strong></span> <span class='ocrx_word' id='word_1_563' title='bbox 1883 4865 2055 4941; x_wconf 71' lang='lat' dir='ltr'><strong>plures</strong></span> 
     </span>
    </p>
   </div>
   <div class='ocr_carea' id='block_1_81' title="bbox 460 4948 801 5025">
    <p class='ocr_par' dir='ltr' id='par_1_81' title="bbox 460 4948 801 5022">
     <span class='ocr_line' id='line_1_82' title="bbox 460 4948 801 5022; baseline 0.021 -25"><span class='ocrx_word' id='word_1_564' title='bbox 460 4948 801 5022; x_wconf 42' lang='lat' dir='ltr'><strong>con-fessores.</strong></span> 
     </span>
    </p>
   </div>
   <div class='ocr_carea' id='block_1_82' title="bbox 532 5035 2053 5118">
    <p class='ocr_par' dir='ltr' id='par_1_82' title="bbox 532 5035 2053 5118">
     <span class='ocr_line' id='line_1_83' title="bbox 532 5035 2053 5118; baseline 0.008 -28"><span class='ocrx_word' id='word_1_565' title='bbox 532 5035 617 5091; x_wconf 80' lang='lat'><strong>57.</strong></span> <span class='ocrx_word' id='word_1_566' title='bbox 661 5036 850 5096; x_wconf 81' lang='lat' dir='ltr'><strong>Missas</strong></span> <span class='ocrx_word' id='word_1_567' title='bbox 901 5058 1216 5112; x_wconf 85' lang='lat' dir='ltr'><strong>communes</strong></span> <span class='ocrx_word' id='word_1_568' title='bbox 1254 5045 1449 5101; x_wconf 66' lang='lat' dir='ltr'><strong>votiva:</strong></span> <span class='ocrx_word' id='word_1_569' title='bbox 1490 5047 1786 5117; x_wconf 85' lang='lat' dir='ltr'><strong>excipiunt,</strong></span> <span class='ocrx_word' id='word_1_570' title='bbox 1827 5063 2053 5118; x_wconf 82' lang='lat' dir='ltr'><strong>quarum</strong></span> 
     </span>
    </p>
   </div>
   <div class='ocr_carea' id='block_1_83' title="bbox 461 5134 2051 5207">
    <p class='ocr_par' dir='ltr' id='par_1_83' title="bbox 461 5134 2051 5207">
     <span class='ocr_line' id='line_1_84' title="bbox 461 5134 2051 5207; baseline 0.006 -22"><span class='ocrx_word' id='word_1_571' title='bbox 461 5138 586 5185; x_wconf 91' lang='lat' dir='ltr'><strong>octo</strong></span> <span class='ocrx_word' id='word_1_572' title='bbox 642 5142 1013 5197; x_wconf 82' lang='lat' dir='ltr'><strong>numerantur.</strong></span> <span class='ocrx_word' id='word_1_573' title='bbox 1078 5134 1251 5193; x_wconf 88' lang='lat' dir='ltr'><strong>Prima</strong></span> <span class='ocrx_word' id='word_1_574' title='bbox 1303 5140 1463 5194; x_wconf 87' lang='lat' dir='ltr'><strong>missa</strong></span> <span class='ocrx_word' id='word_1_575' title='bbox 1517 5143 1681 5198; x_wconf 74' lang='lat' dir='ltr'><strong>votiva</strong></span> <span class='ocrx_word' id='word_1_576' title='bbox 1734 5142 2051 5207; x_wconf 75' lang='lat' dir='ltr'><strong>omnimodo,</strong></span> 
     </span>
    </p>
   </div>
   <div class='ocr_carea' id='block_1_84' title="bbox 460 5220 2055 5299">
    <p class='ocr_par' dir='ltr' id='par_1_84' title="bbox 460 5220 2055 5299">
     <span class='ocr_line' id='line_1_85' title="bbox 460 5220 2055 5299; baseline 0.011 -25"><span class='ocrx_word' id='word_1_577' title='bbox 460 5220 811 5295; x_wconf 77' lang='lat' dir='ltr'><strong>ejusdemque</strong></span> <span class='ocrx_word' id='word_1_578' title='bbox 841 5223 999 5293; x_wconf 92' lang='lat' dir='ltr'><strong>tituli,</strong></span> <span class='ocrx_word' id='word_1_579' title='bbox 1033 5227 1085 5282; x_wconf 89' lang='lat' dir='ltr'><strong>in</strong></span> <span class='ocrx_word' id='word_1_580' title='bbox 1115 5228 1546 5286; x_wconf 88' lang='lat' dir='ltr'><strong>Sacramentario</strong></span> <span class='ocrx_word' id='word_1_581' title='bbox 1576 5231 1851 5299; x_wconf 88' lang='lat' dir='ltr'><strong>Bobiensi,</strong></span> <span class='ocrx_word' id='word_1_582' title='bbox 1876 5242 2055 5293; x_wconf 82' lang='lat' dir='ltr'><strong>exstat</strong></span> 
     </span>
    </p>
   </div>
   <div class='ocr_carea' id='block_1_85' title="bbox 463 5306 2053 5401">
    <p class='ocr_par' dir='ltr' id='par_1_85' title="bbox 463 5306 2053 5401">
     <span class='ocr_line' id='line_1_86' title="bbox 463 5306 2053 5401; baseline 0.009 -37"><span class='ocrx_word' id='word_1_583' title='bbox 463 5313 645 5366; x_wconf 77' lang='lat' dir='ltr'><strong>missa.</strong></span> <span class='ocrx_word' id='word_1_584' title='bbox 680 5313 927 5370; x_wconf 85' lang='lat' dir='ltr'><strong>Secunda</strong></span> <span class='ocrx_word' id='word_1_585' title='bbox 967 5328 1048 5373; x_wconf 87' lang='lat' dir='ltr'><strong>est</strong></span> <span class='ocrx_word' id='word_1_586' title='bbox 1077 5338 1171 5389; x_wconf 88' lang='lat' dir='ltr'><strong>pro</strong></span> <span class='ocrx_word' id='word_1_587' title='bbox 1200 5324 1367 5389; x_wconf 83' lang='lat' dir='ltr'><strong>seipse</strong></span> <span class='ocrx_word' id='word_1_588' title='bbox 1409 5306 1709 5397; x_wconf 78' lang='lat' dir='ltr'><strong>sacerdote,</strong></span> <span class='ocrx_word' id='word_1_589' title='bbox 1743 5325 1829 5379; x_wconf 87' lang='lat' dir='ltr'><strong>cui</strong></span> <span class='ocrx_word' id='word_1_590' title='bbox 1866 5326 2053 5401; x_wconf 74' lang='lat' dir='ltr'><strong>similis</strong></span> 
     </span>
    </p>
   </div>
   <div class='ocr_carea' id='block_1_86' title="bbox 463 5401 2058 5487">
    <p class='ocr_par' dir='ltr' id='par_1_86' title="bbox 463 5401 2058 5487">
     <span class='ocr_line' id='line_1_87' title="bbox 463 5401 2058 5487; baseline 0.008 -31"><span class='ocrx_word' id='word_1_591' title='bbox 463 5401 621 5457; x_wconf 82' lang='lat' dir='ltr'><strong>missa</strong></span> <span class='ocrx_word' id='word_1_592' title='bbox 649 5446 664 5469; x_wconf 92' lang='lat'><strong>,</strong></span> <span class='ocrx_word' id='word_1_593' title='bbox 696 5404 748 5487; x_wconf 87' lang='lat' dir='ltr'><strong>in</strong></span> <span class='ocrx_word' id='word_1_594' title='bbox 779 5406 1213 5469; x_wconf 81' lang='lat' dir='ltr'><strong>Sacramentario</strong></span> <span class='ocrx_word' id='word_1_595' title='bbox 1244 5408 1495 5473; x_wconf 84' lang='lat' dir='ltr'><strong>Bobiensi</strong></span> <span class='ocrx_word' id='word_1_596' title='bbox 1515 5457 1528 5481; x_wconf 97' lang='lat'><strong>,</strong></span> <span class='ocrx_word' id='word_1_597' title='bbox 1562 5413 1869 5471; x_wconf 57' lang='lat' dir='ltr'><strong>inscribitur</strong></span> <span class='ocrx_word' id='word_1_598' title='bbox 1896 5418 2058 5487; x_wconf 84' lang='lat' dir='ltr'><strong>missa</strong></span> 
     </span>
    </p>
   </div>
   <div class='ocr_carea' id='block_1_87' title="bbox 464 5494 2058 5575">
    <p class='ocr_par' dir='ltr' id='par_1_87' title="bbox 464 5494 2058 5575">
     <span class='ocr_line' id='line_1_88' title="bbox 464 5494 2058 5575; baseline 0.008 -30"><span class='ocrx_word' id='word_1_599' title='bbox 464 5496 717 5561; x_wconf 80' lang='lat' dir='ltr'><strong>quomodo</strong></span> <span class='ocrx_word' id='word_1_600' title='bbox 748 5500 989 5554; x_wconf 77' lang='lat' dir='ltr'><strong>sacerdos</strong></span> <span class='ocrx_word' id='word_1_601' title='bbox 1016 5519 1110 5572; x_wconf 86' lang='lat' dir='ltr'><strong>pro</strong></span> <span class='ocrx_word' id='word_1_602' title='bbox 1136 5519 1191 5556; x_wconf 91' lang='lat' dir='ltr'><strong>se</strong></span> <span class='ocrx_word' id='word_1_603' title='bbox 1212 5520 1363 5558; x_wconf 87' lang='lat' dir='ltr'><strong>orare</strong></span> <span class='ocrx_word' id='word_1_604' title='bbox 1386 5502 1546 5558; x_wconf 86' lang='lat' dir='ltr'><strong>debet.</strong></span> <span class='ocrx_word' id='word_1_605' title='bbox 1582 5494 1759 5559; x_wconf 84' lang='lat' dir='ltr'><strong>Tertia</strong></span> <span class='ocrx_word' id='word_1_606' title='bbox 1789 5513 1869 5559; x_wconf 85' lang='lat' dir='ltr'><strong>est</strong></span> <span class='ocrx_word' id='word_1_607' title='bbox 1899 5505 2058 5575; x_wconf 83' lang='lat' dir='ltr'><strong>missa</strong></span> 
     </span>
    </p>
   </div>
   <div class='ocr_carea' id='block_1_88' title="bbox 465 5576 2054 5661">
    <p class='ocr_par' dir='ltr' id='par_1_88' title="bbox 465 5576 2054 5661">
     <span class='ocr_line' id='line_1_89' title="bbox 465 5576 2054 5661; baseline 0.011 -28"><span class='ocrx_word' id='word_1_608' title='bbox 465 5585 627 5636; x_wconf 69' lang='lat' dir='ltr'><strong>votiva</strong></span> <span class='ocrx_word' id='word_1_609' title='bbox 650 5586 953 5657; x_wconf 82' lang='lat' dir='ltr'><strong>singularis,</strong></span> <span class='ocrx_word' id='word_1_610' title='bbox 977 5601 1171 5661; x_wconf 82' lang='lat' dir='ltr'><strong>quarta</strong></span> <span class='ocrx_word' id='word_1_611' title='bbox 1202 5590 1306 5649; x_wconf 72' lang='lat' dir='ltr'><strong>Pro</strong></span> <span class='ocrx_word' id='word_1_612' title='bbox 1335 5593 1695 5650; x_wconf 86' lang='lat' dir='ltr'><strong>itinerantibus</strong></span> <span class='ocrx_word' id='word_1_613' title='bbox 1726 5576 2054 5650; x_wconf 73' lang='lat' dir='ltr'><strong>inscribitur.</strong></span> 
     </span>
    </p>
   </div>
   <div class='ocr_carea' id='block_1_89' title="bbox 2153 3185 3745 3256">
    <p class='ocr_par' dir='ltr' id='par_1_89' title="bbox 2153 3185 3745 3256">
     <span class='ocr_line' id='line_1_90' title="bbox 2153 3185 3745 3256; baseline -0.003 -13"><span class='ocrx_word' id='word_1_614' title='bbox 2153 3185 2293 3243; x_wconf 83' lang='lat' dir='ltr'><strong>blice</strong></span> <span class='ocrx_word' id='word_1_615' title='bbox 2321 3187 2645 3255; x_wconf 74' lang='lat' dir='ltr'><strong>pmnitentes</strong></span> <span class='ocrx_word' id='word_1_616' title='bbox 2671 3186 2737 3243; x_wconf 84' lang='lat' dir='ltr'><strong>ad</strong></span> <span class='ocrx_word' id='word_1_617' title='bbox 2768 3202 3020 3240; x_wconf 86' lang='lat' dir='ltr'><strong>manuum</strong></span> <span class='ocrx_word' id='word_1_618' title='bbox 3051 3186 3449 3256; x_wconf 82' lang='lat' dir='ltr'><strong>impositionem</strong></span> <span class='ocrx_word' id='word_1_619' title='bbox 3479 3188 3745 3243; x_wconf 85' lang='lat' dir='ltr'><strong>acceden-</strong></span> 
     </span>
    </p>
   </div>
   <div class='ocr_carea' id='block_1_90' title="bbox 2154 3277 3745 3349">
    <p class='ocr_par' dir='ltr' id='par_1_90' title="bbox 2154 3277 3745 3349">
     <span class='ocr_line' id='line_1_91' title="bbox 2154 3277 3745 3349; baseline -0.001 -15"><span class='ocrx_word' id='word_1_620' title='bbox 2154 3286 2239 3334; x_wconf 89' lang='lat' dir='ltr'><strong>tes</strong></span> <span class='ocrx_word' id='word_1_621' title='bbox 2286 3278 2354 3332; x_wconf 89' lang='lat' dir='ltr'><strong>ab</strong></span> <span class='ocrx_word' id='word_1_622' title='bbox 2385 3277 2617 3334; x_wconf 84' lang='lat' dir='ltr'><strong>ecclesia</strong></span> <span class='ocrx_word' id='word_1_623' title='bbox 2669 3285 2793 3333; x_wconf 91' lang='lat' dir='ltr'><strong>ante</strong></span> <span class='ocrx_word' id='word_1_624' title='bbox 2844 3277 3141 3333; x_wconf 87' lang='lat' dir='ltr'><strong>illationem</strong></span> <span class='ocrx_word' id='word_1_625' title='bbox 3188 3294 3470 3335; x_wconf 87' lang='lat' dir='ltr'><strong>munerum</strong></span> <span class='ocrx_word' id='word_1_626' title='bbox 3510 3278 3745 3349; x_wconf 84' lang='lat' dir='ltr'><strong>ejectos;</strong></span> 
     </span>
    </p>
   </div>
   <div class='ocr_carea' id='block_1_91' title="bbox 2155 3366 3746 3442">
    <p class='ocr_par' dir='ltr' id='par_1_91' title="bbox 2155 3366 3746 3442">
     <span class='ocr_line' id='line_1_92' title="bbox 2155 3366 3746 3442; baseline -0.001 -16"><span class='ocrx_word' id='word_1_627' title='bbox 2155 3369 2495 3442; x_wconf 87' lang='lat' dir='ltr'><strong>Symbolum,</strong></span> <span class='ocrx_word' id='word_1_628' title='bbox 2527 3369 2802 3425; x_wconf 84' lang='lat' dir='ltr'><strong>Dominica</strong></span> <span class='ocrx_word' id='word_1_629' title='bbox 2834 3366 3161 3438; x_wconf 86' lang='lat' dir='ltr'><strong>Palmarum,</strong></span> <span class='ocrx_word' id='word_1_630' title='bbox 3197 3372 3625 3442; x_wconf 87' lang='lat' dir='ltr'><strong>competentibus</strong></span> <span class='ocrx_word' id='word_1_631' title='bbox 3656 3385 3746 3426; x_wconf 90' lang='lat' dir='ltr'><strong>so-</strong></span> 
     </span>
    </p>
   </div>
   <div class='ocr_carea' id='block_1_92' title="bbox 2156 3471 3745 3543">
    <p class='ocr_par' dir='ltr' id='par_1_92' title="bbox 2156 3471 3745 3543">
     <span class='ocr_line' id='line_1_93' title="bbox 2156 3471 3745 3543; baseline -0.002 -15"><span class='ocrx_word' id='word_1_632' title='bbox 2156 3472 2405 3529; x_wconf 90' lang='lat' dir='ltr'><strong>lemniter</strong></span> <span class='ocrx_word' id='word_1_633' title='bbox 2457 3472 2739 3536; x_wconf 89' lang='lat' dir='ltr'><strong>traditum;</strong></span> <span class='ocrx_word' id='word_1_634' title='bbox 2798 3471 3159 3540; x_wconf 87' lang='lat' dir='ltr'><strong>baptismum,</strong></span> <span class='ocrx_word' id='word_1_635' title='bbox 3212 3474 3346 3531; x_wconf 75' lang='lat' dir='ltr'><strong>testo</strong></span> <span class='ocrx_word' id='word_1_636' title='bbox 3392 3472 3700 3543; x_wconf 69' lang='lat' dir='ltr'><strong>Epiphaniae</strong></span> <span class='ocrx_word' id='word_1_637' title='bbox 3730 3511 3745 3534; x_wconf 92' lang='lat'><strong>,</strong></span> 
     </span>
    </p>
   </div>
   <div class='ocr_carea' id='block_1_93' title="bbox 2155 3563 3747 3635">
    <p class='ocr_par' dir='ltr' id='par_1_93' title="bbox 2155 3563 3747 3635">
     <span class='ocr_line' id='line_1_94' title="bbox 2155 3563 3747 3635; baseline -0.003 -14"><span class='ocrx_word' id='word_1_638' title='bbox 2155 3565 2469 3621; x_wconf 87' lang='lat' dir='ltr'><strong>solemniter</strong></span> <span class='ocrx_word' id='word_1_639' title='bbox 2495 3563 2783 3629; x_wconf 89' lang='lat' dir='ltr'><strong>collatum;</strong></span> <span class='ocrx_word' id='word_1_640' title='bbox 2816 3563 2900 3619; x_wconf 90' lang='lat' dir='ltr'><strong>lac</strong></span> <span class='ocrx_word' id='word_1_641' title='bbox 2928 3573 2982 3619; x_wconf 92' lang='lat' dir='ltr'><strong>et</strong></span> <span class='ocrx_word' id='word_1_642' title='bbox 3011 3564 3115 3618; x_wconf 89' lang='lat' dir='ltr'><strong>mel</strong></span> <span class='ocrx_word' id='word_1_643' title='bbox 3145 3565 3426 3635; x_wconf 81' lang='lat' dir='ltr'><strong>neophytis</strong></span> <span class='ocrx_word' id='word_1_644' title='bbox 3454 3564 3600 3627; x_wconf 85' lang='lat' dir='ltr'><strong>data,</strong></span> <span class='ocrx_word' id='word_1_645' title='bbox 3626 3576 3747 3617; x_wconf 87' lang='lat' dir='ltr'><strong>eos-</strong></span> 
     </span>
    </p>
   </div>
   <div class='ocr_carea' id='block_1_94' title="bbox 2156 3654 3742 3728">
    <p class='ocr_par' dir='ltr' id='par_1_94' title="bbox 2156 3654 3742 3728">
     <span class='ocr_line' id='line_1_95' title="bbox 2156 3654 3742 3728; baseline -0.003 -14"><span class='ocrx_word' id='word_1_646' title='bbox 2156 3660 2278 3715; x_wconf 88' lang='lat' dir='ltr'><strong>dem</strong></span> <span class='ocrx_word' id='word_1_647' title='bbox 2308 3673 2406 3728; x_wconf 88' lang='lat' dir='ltr'><strong>per</strong></span> <span class='ocrx_word' id='word_1_648' title='bbox 2433 3658 2549 3713; x_wconf 88' lang='lat' dir='ltr'><strong>dies</strong></span> <span class='ocrx_word' id='word_1_649' title='bbox 2584 3665 2710 3712; x_wconf 88' lang='lat' dir='ltr'><strong>octo</strong></span> <span class='ocrx_word' id='word_1_650' title='bbox 2736 3657 2879 3713; x_wconf 89' lang='lat' dir='ltr'><strong>circa</strong></span> <span class='ocrx_word' id='word_1_651' title='bbox 2920 3658 3090 3712; x_wconf 88' lang='lat' dir='ltr'><strong>altare</strong></span> <span class='ocrx_word' id='word_1_652' title='bbox 3118 3698 3132 3722; x_wconf 92' lang='lat'><strong>,</strong></span> <span class='ocrx_word' id='word_1_653' title='bbox 3183 3668 3422 3726; x_wconf 85' lang='lat' dir='ltr'><strong>tempore</strong></span> <span class='ocrx_word' id='word_1_654' title='bbox 3458 3654 3701 3711; x_wconf 87' lang='lat' dir='ltr'><strong>sacrillcii</strong></span> <span class='ocrx_word' id='word_1_655' title='bbox 3726 3694 3742 3721; x_wconf 96' lang='lat'><strong>,</strong></span> 
     </span>
    </p>
   </div>
   <div class='ocr_carea' id='block_1_95' title="bbox 2158 3752 3746 3823">
    <p class='ocr_par' dir='ltr' id='par_1_95' title="bbox 2158 3752 3746 3823">
     <span class='ocr_line' id='line_1_96' title="bbox 2158 3752 3746 3823; baseline -0.004 -13"><span class='ocrx_word' id='word_1_656' title='bbox 2158 3754 2494 3819; x_wconf 88' lang='lat' dir='ltr'><strong>collocatos;</strong></span> <span class='ocrx_word' id='word_1_657' title='bbox 2534 3753 2809 3809; x_wconf 88' lang='lat' dir='ltr'><strong>silentium</strong></span> <span class='ocrx_word' id='word_1_658' title='bbox 2854 3768 2885 3807; x_wconf 85' lang='lat' dir='ltr'><strong>a</strong></span> <span class='ocrx_word' id='word_1_659' title='bbox 2935 3755 3170 3810; x_wconf 88' lang='lat' dir='ltr'><strong>diacono</strong></span> <span class='ocrx_word' id='word_1_660' title='bbox 3198 3764 3323 3808; x_wconf 86' lang='lat' dir='ltr'><strong>ante</strong></span> <span class='ocrx_word' id='word_1_661' title='bbox 3350 3752 3746 3823; x_wconf 88' lang='lat' dir='ltr'><strong>Scripturarum</strong></span> 
     </span>
    </p>
   </div>
   <div class='ocr_carea' id='block_1_96' title="bbox 2157 3844 3748 3911">
    <p class='ocr_par' dir='ltr' id='par_1_96' title="bbox 2157 3844 3748 3911">
     <span class='ocr_line' id='line_1_97' title="bbox 2157 3844 3748 3911; baseline -0.002 -10"><span class='ocrx_word' id='word_1_662' title='bbox 2157 3846 2445 3904; x_wconf 80' lang='lat' dir='ltr'><strong>leetionem</strong></span> <span class='ocrx_word' id='word_1_663' title='bbox 2474 3844 2768 3911; x_wconf 82' lang='lat' dir='ltr'><strong>indictum;</strong></span> <span class='ocrx_word' id='word_1_664' title='bbox 2810 3846 3148 3909; x_wconf 87' lang='lat' dir='ltr'><strong>lectionibus,</strong></span> <span class='ocrx_word' id='word_1_665' title='bbox 3183 3846 3236 3900; x_wconf 91' lang='lat' dir='ltr'><strong>in</strong></span> <span class='ocrx_word' id='word_1_666' title='bbox 3264 3845 3424 3902; x_wconf 83' lang='lat' dir='ltr'><strong>missa</strong></span> <span class='ocrx_word' id='word_1_667' title='bbox 3445 3886 3460 3911; x_wconf 95' lang='lat'><strong>,</strong></span> <span class='ocrx_word' id='word_1_668' title='bbox 3501 3858 3631 3900; x_wconf 89' lang='lat' dir='ltr'><strong>voce</strong></span> <span class='ocrx_word' id='word_1_669' title='bbox 3660 3858 3748 3898; x_wconf 82' lang='lat' dir='ltr'><strong>sa-</strong></span> 
     </span>
    </p>
   </div>
   <div class='ocr_carea' id='block_1_97' title="bbox 2157 3936 3749 4010">
    <p class='ocr_par' dir='ltr' id='par_1_97' title="bbox 2157 3936 3749 4010">
     <span class='ocr_line' id='line_1_98' title="bbox 2157 3936 3749 4010; baseline -0.003 -14"><span class='ocrx_word' id='word_1_670' title='bbox 2157 3940 2391 3996; x_wconf 87' lang='lat' dir='ltr'><strong>cerdotis</strong></span> <span class='ocrx_word' id='word_1_671' title='bbox 2419 3940 2579 3995; x_wconf 81' lang='lat' dir='ltr'><strong>linem</strong></span> <span class='ocrx_word' id='word_1_672' title='bbox 2609 3939 2953 4010; x_wconf 87' lang='lat' dir='ltr'><strong>impositum;</strong></span> <span class='ocrx_word' id='word_1_673' title='bbox 3006 3940 3219 4010; x_wconf 82' lang='lat' dir='ltr'><strong>dyptica</strong></span> <span class='ocrx_word' id='word_1_674' title='bbox 3266 3954 3298 3993; x_wconf 93' lang='lat' dir='ltr'><strong>a</strong></span> <span class='ocrx_word' id='word_1_675' title='bbox 3340 3939 3571 3994; x_wconf 90' lang='lat' dir='ltr'><strong>diacono</strong></span> <span class='ocrx_word' id='word_1_676' title='bbox 3609 3936 3749 3993; x_wconf 87' lang='lat' dir='ltr'><strong>reci—</strong></span> 
     </span>
    </p>
   </div>
   <div class='ocr_carea' id='block_1_98' title="bbox 2158 4041 2287 4088">
    <p class='ocr_par' dir='ltr' id='par_1_98' title="bbox 2158 4041 2287 4088">
     <span class='ocr_line' id='line_1_99' title="bbox 2158 4041 2287 4088; baseline -0.023 0"><span class='ocrx_word' id='word_1_677' title='bbox 2158 4041 2266 4088; x_wconf 80' lang='lat' dir='ltr'><strong>tata</strong></span> <span class='ocrx_word' id='word_1_678' title='bbox 2278 4076 2287 4085; x_wconf 94' lang='lat'><strong>.</strong></span> 
     </span>
    </p>
   </div>
   <div class='ocr_carea' id='block_1_99' title="bbox 2230 4122 3753 4195">
    <p class='ocr_par' dir='ltr' id='par_1_99' title="bbox 2230 4122 3753 4195">
     <span class='ocr_line' id='line_1_100' title="bbox 2230 4122 3753 4195; baseline 0 -18"><span class='ocrx_word' id='word_1_679' title='bbox 2230 4123 2316 4177; x_wconf 83' lang='grc'><strong>61.</strong></span> <span class='ocrx_word' id='word_1_680' title='bbox 2351 4122 2478 4180; x_wconf 65' lang='lat' dir='ltr'><strong>Haec</strong></span> <span class='ocrx_word' id='word_1_681' title='bbox 2504 4123 2720 4194; x_wconf 81' lang='lat' dir='ltr'><strong>aliaque</strong></span> <span class='ocrx_word' id='word_1_682' title='bbox 2746 4124 2977 4195; x_wconf 89' lang='lat' dir='ltr'><strong>plurima</strong></span> <span class='ocrx_word' id='word_1_683' title='bbox 3002 4122 3287 4178; x_wconf 84' lang='lat' dir='ltr'><strong>vetustatis</strong></span> <span class='ocrx_word' id='word_1_684' title='bbox 3324 4122 3519 4178; x_wconf 85' lang='lat' dir='ltr'><strong>indicia</strong></span> <span class='ocrx_word' id='word_1_685' title='bbox 3560 4122 3604 4178; x_wconf 82' lang='lat' dir='ltr'><strong>si</strong></span> <span class='ocrx_word' id='word_1_686' title='bbox 3635 4122 3753 4194; x_wconf 85' lang='lat' dir='ltr'><strong>quis</strong></span> 
     </span>
    </p>
   </div>
   <div class='ocr_carea' id='block_1_100' title="bbox 2159 4218 3752 4290">
    <p class='ocr_par' dir='ltr' id='par_1_100' title="bbox 2159 4218 3752 4290">
     <span class='ocr_line' id='line_1_101' title="bbox 2159 4218 3752 4290; baseline -0.004 -15"><span class='ocrx_word' id='word_1_687' title='bbox 2159 4218 2523 4290; x_wconf 82' lang='lat' dir='ltr'><strong>perpenderit,</strong></span> <span class='ocrx_word' id='word_1_688' title='bbox 2554 4227 2611 4274; x_wconf 91' lang='lat' dir='ltr'><strong>et</strong></span> <span class='ocrx_word' id='word_1_689' title='bbox 2637 4219 2794 4274; x_wconf 88' lang='lat' dir='ltr'><strong>simul</strong></span> <span class='ocrx_word' id='word_1_690' title='bbox 2823 4219 3263 4275; x_wconf 86' lang='lat' dir='ltr'><strong>animadverterit</strong></span> <span class='ocrx_word' id='word_1_691' title='bbox 3290 4233 3393 4274; x_wconf 88' lang='lat' dir='ltr'><strong>nec</strong></span> <span class='ocrx_word' id='word_1_692' title='bbox 3425 4228 3623 4287; x_wconf 81' lang='lat' dir='ltr'><strong>tropos,</strong></span> <span class='ocrx_word' id='word_1_693' title='bbox 3654 4230 3752 4270; x_wconf 85' lang='lat' dir='ltr'><strong>nec</strong></span> 
     </span>
    </p>
   </div>
   <div class='ocr_carea' id='block_1_101' title="bbox 2160 4308 3751 4383">
    <p class='ocr_par' dir='ltr' id='par_1_101' title="bbox 2160 4308 3751 4383">
     <span class='ocr_line' id='line_1_102' title="bbox 2160 4308 3751 4383; baseline -0.004 -18"><span class='ocrx_word' id='word_1_694' title='bbox 2160 4326 2362 4382; x_wconf 83' lang='lat' dir='ltr'><strong>prosus,</strong></span> <span class='ocrx_word' id='word_1_695' title='bbox 2392 4327 2484 4365; x_wconf 83' lang='lat' dir='ltr'><strong>nec</strong></span> <span class='ocrx_word' id='word_1_696' title='bbox 2510 4312 2826 4383; x_wconf 74' lang='lat' dir='ltr'><strong>sequentias,</strong></span> <span class='ocrx_word' id='word_1_697' title='bbox 2857 4312 2909 4365; x_wconf 92' lang='lat' dir='ltr'><strong>in</strong></span> <span class='ocrx_word' id='word_1_698' title='bbox 2938 4312 3042 4367; x_wconf 89' lang='lat' dir='ltr'><strong>hoc</strong></span> <span class='ocrx_word' id='word_1_699' title='bbox 3072 4310 3268 4366; x_wconf 80' lang='lat' dir='ltr'><strong>Missali</strong></span> <span class='ocrx_word' id='word_1_700' title='bbox 3298 4308 3545 4371; x_wconf 90' lang='lat' dir='ltr'><strong>inveniri,</strong></span> <span class='ocrx_word' id='word_1_701' title='bbox 3583 4321 3751 4377; x_wconf 85' lang='lat' dir='ltr'><strong>quan-</strong></span> 
     </span>
    </p>
   </div>
   <div class='ocr_carea' id='block_1_102' title="bbox 2161 4398 3753 4473">
    <p class='ocr_par' dir='ltr' id='par_1_102' title="bbox 2161 4398 3753 4473">
     <span class='ocr_line' id='line_1_103' title="bbox 2161 4398 3753 4473; baseline -0.001 -17"><span class='ocrx_word' id='word_1_702' title='bbox 2161 4416 2323 4470; x_wconf 90' lang='lat' dir='ltr'><strong>quam</strong></span> <span class='ocrx_word' id='word_1_703' title='bbox 2350 4410 2476 4457; x_wconf 81' lang='lat' dir='ltr'><strong>ante</strong></span> <span class='ocrx_word' id='word_1_704' title='bbox 2520 4418 2693 4458; x_wconf 85' lang='lat' dir='ltr'><strong>annos</strong></span> <span class='ocrx_word' id='word_1_705' title='bbox 2721 4398 3090 4473; x_wconf 85' lang='lat' dir='ltr'><strong>septingentos</strong></span> <span class='ocrx_word' id='word_1_706' title='bbox 3119 4403 3173 4466; x_wconf 89' lang='lat' dir='ltr'><strong>in</strong></span> <span class='ocrx_word' id='word_1_707' title='bbox 3204 4402 3497 4458; x_wconf 85' lang='lat' dir='ltr'><strong>Occidente</strong></span> <span class='ocrx_word' id='word_1_708' title='bbox 3525 4408 3753 4456; x_wconf 65' lang='lat' dir='ltr'><strong>cantate</strong></span> 
     </span>
    </p>
   </div>
   <div class='ocr_carea' id='block_1_103' title="bbox 2163 4490 3755 4565">
    <p class='ocr_par' dir='ltr' id='par_1_103' title="bbox 2163 4490 3755 4565">
     <span class='ocr_line' id='line_1_104' title="bbox 2163 4490 3755 4565; baseline 0.001 -20"><span class='ocrx_word' id='word_1_709' title='bbox 2163 4490 2360 4547; x_wconf 85' lang='lat' dir='ltr'><strong>fuerint</strong></span> <span class='ocrx_word' id='word_1_710' title='bbox 2386 4495 2503 4565; x_wconf 84' lang='grc' dir='ltr'><strong>(α),</strong></span> <span class='ocrx_word' id='word_1_711' title='bbox 2556 4508 2854 4563; x_wconf 86' lang='lat' dir='ltr'><strong>omnesque</strong></span> <span class='ocrx_word' id='word_1_712' title='bbox 2897 4494 3091 4550; x_wconf 87' lang='lat' dir='ltr'><strong>missas</strong></span> <span class='ocrx_word' id='word_1_713' title='bbox 3136 4495 3331 4563; x_wconf 87' lang='lat' dir='ltr'><strong>quibus</strong></span> <span class='ocrx_word' id='word_1_714' title='bbox 3383 4493 3520 4548; x_wconf 87' lang='lat' dir='ltr'><strong>liber</strong></span> <span class='ocrx_word' id='word_1_715' title='bbox 3545 4498 3755 4548; x_wconf 87' lang='lat' dir='ltr'><strong>constat</strong></span> 
     </span>
    </p>
   </div>
   <div class='ocr_carea' id='block_1_104' title="bbox 2160 4584 3753 4654">
    <p class='ocr_par' dir='ltr' id='par_1_104' title="bbox 2160 4584 3753 4654">
     <span class='ocr_line' id='line_1_105' title="bbox 2160 4584 3753 4654; baseline 0.001 -15"><span class='ocrx_word' id='word_1_716' title='bbox 2160 4585 2405 4640; x_wconf 89' lang='lat' dir='ltr'><strong>eamdem</strong></span> <span class='ocrx_word' id='word_1_717' title='bbox 2436 4584 2663 4643; x_wconf 78' lang='lat' dir='ltr'><strong>formant</strong></span> <span class='ocrx_word' id='word_1_718' title='bbox 2712 4586 3010 4653; x_wconf 85' lang='lat' dir='ltr'><strong>liturgieam</strong></span> <span class='ocrx_word' id='word_1_719' title='bbox 3058 4594 3369 4641; x_wconf 85' lang='lat' dir='ltr'><strong>constanter</strong></span> <span class='ocrx_word' id='word_1_720' title='bbox 3409 4587 3645 4642; x_wconf 87' lang='lat' dir='ltr'><strong>retinere</strong></span> <span class='ocrx_word' id='word_1_721' title='bbox 3669 4628 3685 4654; x_wconf 95' lang='lat'><strong>,</strong></span> <span class='ocrx_word' id='word_1_722' title='bbox 3723 4602 3753 4641; x_wconf 84' lang='lat' dir='ltr'><strong>a</strong></span> 
     </span>
    </p>
   </div>
   <div class='ocr_carea' id='block_1_105' title="bbox 2160 4673 3754 4747">
    <p class='ocr_par' dir='ltr' id='par_1_105' title="bbox 2160 4673 3754 4747">
     <span class='ocr_line' id='line_1_106' title="bbox 2160 4673 3754 4747; baseline 0.002 -18"><span class='ocrx_word' id='word_1_723' title='bbox 2160 4673 2473 4731; x_wconf 89' lang='lat' dir='ltr'><strong>Latinorum</strong></span> <span class='ocrx_word' id='word_1_724' title='bbox 2505 4678 2709 4746; x_wconf 78' lang='lat' dir='ltr'><strong>pariter</strong></span> <span class='ocrx_word' id='word_1_725' title='bbox 2752 4685 2807 4737; x_wconf 89' lang='lat' dir='ltr'><strong>et</strong></span> <span class='ocrx_word' id='word_1_726' title='bbox 2854 4693 2887 4735; x_wconf 88' lang='lat' dir='ltr'><strong>a</strong></span> <span class='ocrx_word' id='word_1_727' title='bbox 2934 4675 3247 4735; x_wconf 75' lang='lat' dir='ltr'><strong>Gneconnn</strong></span> <span class='ocrx_word' id='word_1_728' title='bbox 3277 4678 3503 4747; x_wconf 85' lang='lat' dir='ltr'><strong>liturgiis</strong></span> <span class='ocrx_word' id='word_1_729' title='bbox 3548 4678 3754 4741; x_wconf 82' lang='lat' dir='ltr'><strong>dissen-</strong></span> 
     </span>
    </p>
   </div>
   <div class='ocr_carea' id='block_1_106' title="bbox 2159 4767 3757 4849">
    <p class='ocr_par' dir='ltr' id='par_1_106' title="bbox 2159 4767 3757 4849">
     <span class='ocr_line' id='line_1_107' title="bbox 2159 4767 3757 4849; baseline 0.008 -28"><span class='ocrx_word' id='word_1_730' title='bbox 2159 4767 2402 4835; x_wconf 78' lang='lat' dir='ltr'><strong>tientem,</strong></span> <span class='ocrx_word' id='word_1_731' title='bbox 2438 4768 2483 4849; x_wconf 81' lang='lat' dir='ltr'><strong>is</strong></span> <span class='ocrx_word' id='word_1_732' title='bbox 2511 4769 2731 4845; x_wconf 74' lang='lat' dir='ltr'><strong>minime</strong></span> <span class='ocrx_word' id='word_1_733' title='bbox 2758 4768 3024 4829; x_wconf 88' lang='lat' dir='ltr'><strong>dubitabit</strong></span> <span class='ocrx_word' id='word_1_734' title='bbox 3050 4769 3177 4841; x_wconf 80' lang='lat' dir='ltr'><strong>quin</strong></span> <span class='ocrx_word' id='word_1_735' title='bbox 3206 4770 3312 4826; x_wconf 85' lang='lat' dir='ltr'><strong>hoc</strong></span> <span class='ocrx_word' id='word_1_736' title='bbox 3336 4768 3549 4839; x_wconf 77' lang='lat' dir='ltr'><strong>Missale</strong></span> <span class='ocrx_word' id='word_1_737' title='bbox 3575 4778 3757 4833; x_wconf 75' lang='grc' dir='ltr'><strong>νειιιι·</strong></span> 
     </span>
    </p>
   </div>
   <div class='ocr_carea' id='block_1_107' title="bbox 2162 4859 3756 4943">
    <p class='ocr_par' dir='ltr' id='par_1_107' title="bbox 2162 4859 3756 4943">
     <span class='ocr_line' id='line_1_108' title="bbox 2162 4859 3756 4943; baseline 0.004 -30"><span class='ocrx_word' id='word_1_738' title='bbox 2162 4869 2272 4931; x_wconf 85' lang='lat' dir='ltr'><strong>tum</strong></span> <span class='ocrx_word' id='word_1_739' title='bbox 2300 4859 2791 4943; x_wconf 85' lang='lat' dir='ltr'><strong>Sacramentarium</strong></span> <span class='ocrx_word' id='word_1_740' title='bbox 2812 4862 2991 4928; x_wconf 76' lang='lat' dir='ltr'><strong>fuerit,</strong></span> <span class='ocrx_word' id='word_1_741' title='bbox 3014 4863 3159 4933; x_wconf 75' lang='lat' dir='ltr'><strong>quod</strong></span> <span class='ocrx_word' id='word_1_742' title='bbox 3180 4861 3449 4931; x_wconf 77' lang='lat' dir='ltr'><strong>liturgiam</strong></span> <span class='ocrx_word' id='word_1_743' title='bbox 3469 4861 3756 4935; x_wconf 76' lang='lat' dir='ltr'><strong>quamdam</strong></span> 
     </span>
    </p>
   </div>
   <div class='ocr_carea' id='block_1_108' title="bbox 2160 4953 3755 5033">
    <p class='ocr_par' dir='ltr' id='par_1_108' title="bbox 2160 4953 3755 5033">
     <span class='ocr_line' id='line_1_109' title="bbox 2160 4953 3755 5033; baseline 0.009 -26"><span class='ocrx_word' id='word_1_744' title='bbox 2160 4953 2537 5027; x_wconf 80' lang='lat' dir='ltr'><strong>complectitur</strong></span> <span class='ocrx_word' id='word_1_745' title='bbox 2585 4970 2615 5033; x_wconf 58' lang='grc' dir='ltr'><em>ᾳ</em></span> <span class='ocrx_word' id='word_1_746' title='bbox 2666 4955 2829 5021; x_wconf 82' lang='lat' dir='ltr'><strong>missa</strong></span> <span class='ocrx_word' id='word_1_747' title='bbox 2879 4955 3126 5017; x_wconf 78' lang='lat' dir='ltr'><strong>Romana</strong></span> <span class='ocrx_word' id='word_1_748' title='bbox 3181 4965 3237 5013; x_wconf 89' lang='lat' dir='ltr'><strong>et</strong></span> <span class='ocrx_word' id='word_1_749' title='bbox 3285 4955 3675 5022; x_wconf 67' lang='lat' dir='ltr'><strong>Ambrosiam.</strong></span> <span class='ocrx_word' id='word_1_750' title='bbox 3724 4970 3755 5010; x_wconf 67' lang='grc' dir='ltr'><strong>ιι</strong></span> 
     </span>
    </p>
   </div>
   <div class='ocr_carea' id='block_1_109' title="bbox 2159 5044 3759 5125">
    <p class='ocr_par' dir='ltr' id='par_1_109' title="bbox 2159 5044 3759 5125">
     <span class='ocr_line' id='line_1_110' title="bbox 2159 5044 3759 5125; baseline 0.005 -25"><span class='ocrx_word' id='word_1_751' title='bbox 2159 5044 2471 5125; x_wconf 71' lang='lat' dir='ltr'><strong>Graecorum</strong></span> <span class='ocrx_word' id='word_1_752' title='bbox 2513 5062 2735 5125; x_wconf 77' lang='lat' dir='ltr'><strong>quoque</strong></span> <span class='ocrx_word' id='word_1_753' title='bbox 2776 5057 2832 5123; x_wconf 69' lang='lat' dir='ltr'><strong>et</strong></span> <span class='ocrx_word' id='word_1_754' title='bbox 2877 5044 3228 5117; x_wconf 81' lang='lat' dir='ltr'><strong>Orientalium</strong></span> <span class='ocrx_word' id='word_1_755' title='bbox 3267 5050 3557 5114; x_wconf 77' lang='lat' dir='ltr'><strong>auanlioris</strong></span> <span class='ocrx_word' id='word_1_756' title='bbox 3598 5050 3759 5119; x_wconf 70' lang='lat' dir='ltr'><strong>plane</strong></span> 
     </span>
    </p>
   </div>
   <div class='ocr_carea' id='block_1_110' title="bbox 2156 5136 2420 5201">
    <p class='ocr_par' dir='ltr' id='par_1_110' title="bbox 2156 5136 2420 5201">
     <span class='ocr_line' id='line_1_111' title="bbox 2156 5136 2420 5201; baseline 0.004 -10"><span class='ocrx_word' id='word_1_757' title='bbox 2156 5136 2420 5201; x_wconf 85' lang='lat' dir='ltr'><strong>diversam</strong></span> 
     </span>
    </p>
   </div>
   <div class='ocr_carea' id='block_1_111' title="bbox 2267 5247 3653 5323">
    <p class='ocr_par' dir='ltr' id='par_1_111' title="bbox 2267 5247 3653 5323">
     <span class='ocr_line' id='line_1_112' title="bbox 2267 5247 3653 5323; baseline 0.001 -18"><span class='ocrx_word' id='word_1_758' title='bbox 2267 5248 2387 5321; x_wconf 74' lang='lat' dir='ltr'><strong>[sit]</strong></span> <span class='ocrx_word' id='word_1_759' title='bbox 2418 5249 2447 5321; x_wconf 65' lang='grc' dir='ltr'>ᾗ</span> <span class='ocrx_word' id='word_1_760' title='bbox 2479 5247 2569 5311; x_wconf 72' lang='grc' dir='ltr'><strong>ιν.</strong></span> <span class='ocrx_word' id='word_1_761' title='bbox 2610 5250 2694 5309; x_wconf 70' lang='lat' dir='ltr'><strong>An</strong></span> <span class='ocrx_word' id='word_1_762' title='bbox 2723 5250 2937 5323; x_wconf 56' lang='grc' dir='ltr'><strong>[ματαία</strong></span> <span class='ocrx_word' id='word_1_763' title='bbox 2967 5250 3200 5310; x_wconf 72' lang='lat' dir='ltr'><strong>Missalis</strong></span> <span class='ocrx_word' id='word_1_764' title='bbox 3228 5252 3551 5310; x_wconf 56' lang='grc' dir='ltr'><strong>Μολπαιῦσί</strong></span> <span class='ocrx_word' id='word_1_765' title='bbox 3583 5254 3653 5307; x_wconf 79' lang='lat' dir='ltr'><strong>sit</strong></span> 
     </span>
    </p>
   </div>
   <div class='ocr_carea' id='block_1_112' title="bbox 2721 5321 3180 5397">
    <p class='ocr_par' dir='ltr' id='par_1_112' title="bbox 2721 5321 3180 5397">
     <span class='ocr_line' id='line_1_113' title="bbox 2721 5321 3180 5397; baseline 0.004 -18"><span class='ocrx_word' id='word_1_766' title='bbox 2721 5321 3180 5397; x_wconf 70' lang='lat' dir='ltr'><strong>Cottio-Hispana.</strong></span> 
     </span>
    </p>
   </div>
   <div class='ocr_carea' id='block_1_113' title="bbox 2232 5407 3755 5495">
    <p class='ocr_par' dir='ltr' id='par_1_113' title="bbox 2232 5407 3755 5495">
     <span class='ocr_line' id='line_1_114' title="bbox 2232 5407 3755 5495; baseline 0.01 -31"><span class='ocrx_word' id='word_1_767' title='bbox 2232 5407 2317 5464; x_wconf 74' lang='grc'><strong>62.</strong></span> <span class='ocrx_word' id='word_1_768' title='bbox 2362 5408 2533 5485; x_wconf 70' lang='lat' dir='ltr'><strong>Quam</strong></span> <span class='ocrx_word' id='word_1_769' title='bbox 2582 5412 2852 5495; x_wconf 81' lang='lat' dir='ltr'><strong>liturgiam</strong></span> <span class='ocrx_word' id='word_1_770' title='bbox 2901 5432 3021 5473; x_wconf 87' lang='lat' dir='ltr'><strong>eam</strong></span> <span class='ocrx_word' id='word_1_771' title='bbox 3065 5419 3236 5488; x_wconf 83' lang='lat' dir='ltr'><strong>ipsam</strong></span> <span class='ocrx_word' id='word_1_772' title='bbox 3280 5433 3404 5476; x_wconf 85' lang='lat' dir='ltr'><strong>esse</strong></span> <span class='ocrx_word' id='word_1_773' title='bbox 3450 5432 3571 5489; x_wconf 64' lang='lat' dir='ltr'><strong>qua:</strong></span> <span class='ocrx_word' id='word_1_774' title='bbox 3610 5415 3755 5485; x_wconf 62' lang='lat' dir='ltr'><strong>avid</strong></span> 
     </span>
    </p>
   </div>
   <div class='ocr_carea' id='block_1_114' title="bbox 2159 5500 3752 5583">
    <p class='ocr_par' dir='ltr' id='par_1_114' title="bbox 2159 5500 3752 5583">
     <span class='ocr_line' id='line_1_115' title="bbox 2159 5500 3752 5583; baseline 0.008 -28"><span class='ocrx_word' id='word_1_775' title='bbox 2159 5500 2635 5577; x_wconf 69' lang='lat' dir='ltr'><strong>Gotho-llispanos</strong></span> <span class='ocrx_word' id='word_1_776' title='bbox 2678 5515 2732 5562; x_wconf 93' lang='lat' dir='ltr'><strong>et</strong></span> <span class='ocrx_word' id='word_1_777' title='bbox 2759 5508 3092 5583; x_wconf 75' lang='lat' dir='ltr'><strong>antiquiores</strong></span> <span class='ocrx_word' id='word_1_778' title='bbox 3119 5510 3434 5575; x_wconf 69' lang='lat' dir='ltr'><strong>Mazarabes</strong></span> <span class='ocrx_word' id='word_1_779' title='bbox 3452 5510 3579 5575; x_wconf 88' lang='lat' dir='ltr'><strong>olim</strong></span> <span class='ocrx_word' id='word_1_780' title='bbox 3608 5507 3752 5567; x_wconf 67' lang='lat' dir='ltr'><strong>obti-</strong></span> 
     </span>
    </p>
   </div>
   <div class='ocr_carea' id='block_1_115' title="bbox 2160 5591 3753 5675">
    <p class='ocr_par' dir='ltr' id='par_1_115' title="bbox 2160 5591 3753 5675">
     <span class='ocr_line' id='line_1_116' title="bbox 2160 5591 3753 5675; baseline 0.01 -27"><span class='ocrx_word' id='word_1_781' title='bbox 2160 5591 2297 5659; x_wconf 88' lang='lat' dir='ltr'><strong>nuit,</strong></span> <span class='ocrx_word' id='word_1_782' title='bbox 2332 5605 2647 5675; x_wconf 56' lang='lat' dir='ltr'><strong>argumenta</strong></span> <span class='ocrx_word' id='word_1_783' title='bbox 2675 5598 2905 5669; x_wconf 83' lang='lat' dir='ltr'><strong>plurima</strong></span> <span class='ocrx_word' id='word_1_784' title='bbox 2945 5602 3221 5672; x_wconf 83' lang='lat' dir='ltr'><strong>evincunt,</strong></span> <span class='ocrx_word' id='word_1_785' title='bbox 3249 5618 3479 5673; x_wconf 80' lang='lat' dir='ltr'><strong>quorum</strong></span> <span class='ocrx_word' id='word_1_786' title='bbox 3509 5600 3613 5659; x_wconf 84' lang='lat' dir='ltr'><strong>tria</strong></span> <span class='ocrx_word' id='word_1_787' title='bbox 3641 5599 3753 5663; x_wconf 68' lang='lat' dir='ltr'><strong>tum</strong></span> 
     </span>
    </p>
   </div>
   <div class='ocr_carea' id='block_1_116' title="bbox 543 5692 2871 5789">
    <p class='ocr_par' dir='ltr' id='par_1_116' title="bbox 543 5692 2871 5789">
     <span class='ocr_line' id='line_1_117' title="bbox 543 5692 2871 5789; baseline 0.009 -36"><span class='ocrx_word' id='word_1_788' title='bbox 543 5695 616 5769; x_wconf 82' lang='grc' dir='ltr'><strong>(α)</strong></span> <span class='ocrx_word' id='word_1_789' title='bbox 657 5697 947 5771; x_wconf 84' lang='lat' dir='ltr'><strong>Georgius,</strong></span> <span class='ocrx_word' id='word_1_790' title='bbox 997 5702 1064 5783; x_wconf 88' lang='lat' dir='ltr'><strong>de</strong></span> <span class='ocrx_word' id='word_1_791' title='bbox 1108 5704 1312 5789; x_wconf 59' lang='lat' dir='ltr'><strong>bitqrg.</strong></span> <span class='ocrx_word' id='word_1_792' title='bbox 1356 5705 1515 5783; x_wconf 77' lang='lat' dir='ltr'><strong>Rom.</strong></span> <span class='ocrx_word' id='word_1_793' title='bbox 1565 5704 1938 5789; x_wconf 68' lang='lat' dir='ltr'><strong>pontiL,loul.</strong></span> <span class='ocrx_word' id='word_1_794' title='bbox 1984 5706 2051 5776; x_wconf 72' lang='lat' dir='ltr'><strong>ll,</strong></span> <span class='ocrx_word' id='word_1_795' title='bbox 2091 5705 2305 5767; x_wconf 64' lang='lat' dir='ltr'><strong>dissert.</strong></span> <span class='ocrx_word' id='word_1_796' title='bbox 2337 5720 2414 5781; x_wconf 77' lang='lat' dir='ltr'><strong>lu.</strong></span> <span class='ocrx_word' id='word_1_797' title='bbox 2441 5720 2565 5785; x_wconf 56' lang='grc' dir='ltr'><strong>με.</strong></span> <span class='ocrx_word' id='word_1_798' title='bbox 2601 5706 2721 5778; x_wconf 62' lang='lat'><strong>‘95,</strong></span> <span class='ocrx_word' id='word_1_799' title='bbox 2750 5710 2871 5779; x_wconf 62' lang='lat'><strong>3,01.</strong></span> 
     </span>
    </p>
   </div>
  </div>
