4040 6356
500 354 573 410 95
1954 372 2344 434 PREFATIO.
2844 415 2892 455 .
3713 401 3787 458 ει

500 487 559 526 ιιι
582 469 926 578 Bracarcnsis
949 477 1047 549 (a),
1069 485 1126 534 et
1152 495 1314 536 unum
1344 483 1604 539 duntaxat
1632 487 1867 543 orarium
1896 489 2087 559 induit,
2122 498 2164 557 Α
2194 500 2303 548 tem
2354 496 2668 553 eorumdem
2722 508 3037 560 constanter
3086 506 3340 577 explicat,
3388 519 3443 564 et
3475 512 3787 585 frequenter

499 578 566 669 es
596 566 825 621 concilio
854 585 905 624 ιν
929 569 1193 629 Toletano
1215 575 1309 647 (ὁ).
1345 576 1398 631 1η
1425 578 1589 635 missa
1619 582 1771 652 panis
1794 585 2009 640 tandem
2038 596 2094 644 et
2197 588 2496 657 peculiares
2553 591 2656 649 illis
2708 595 2961 665 loquendi
3012 566 3202 659 modos
3254 566 3471 660 adhibet
3522 566 3787 680 ['5]st

496 658 680 768 linum
730 676 869 731 aqua
922 672 1274 735 temperatum
1332 669 1593 738 offertur,
1643 691 1708 730 ex
1759 679 1989 735 concilio
2036 697 2092 737 ιιι
2195 676 2457 749 Spiritum
2486 693 2732 740 sanctum
2778 658 3005 745 aPatre
3042 691 3282 767 Filioque
3310 658 3785 768 procedelrejjuxta

495 748 811 809 Bracarensi
842 756 935 827 (c),
958 766 1013 813 et
1043 760 1294 815 sacerdos
1349 764 1509 819 toties
1538 772 1917 836 communicat,
1951 790 2089 844 quo-

495 842 599 897 ties
626 843 843 900 missam
898 848 1153 917 celebrat,
1199 865 1268 907 ex
1296 856 1527 912 concilio
1555 858 1818 917 Toletano
1863 879 1935 919 xu
1968 842 2088 937 —(d).

567 955 651 1011 70.
700 958 757 1015 In
788 960 945 1017 missa
979 963 1191 1019 canitur
1214 967 1445 1039 hymnus
1473 970 1652 1027 Gloria
1680 976 1732 1029 in
1764 977 2000 1044 excelsis,
2033 989 2089 1036 et

492 1050 759 1106 canticum
805 1068 1132 1125 puerorum,
1191 1074 1259 1113 ex
1305 1063 1537 1118 concilio
1587 1081 1637 1119 IV
1681 1066 1945 1125 Toletano
1992 1072 2084 1143 (ε).

492 1143 837 1217 Evangelium
866 1160 989 1219 post
1017 1150 1337 1223 Apostolum
1366 1158 1417 1211 in
1444 1159 1605 1214 missa
1630 1162 1843 1231 legitur,
1864 1180 1930 1220 ex
1951 1180 2083 1221 con-

489 1238 613 1294 cilio
652 1239 937 1297 Valentino
977 1246 1048 1329 ς-Ῑ)
1078 1256 1134 1301 et
1169 1263 1239 1303 ex
1262 1250 1493 1305 concilio
1521 1269 1573 1307 IV
1601 1254 1862 1311 Toletano
1900 1258 1974 1329 (g)
2006 1262 2085 1315 al-

489 1330 645 1385 leluia
701 1349 808 1388 non
864 1336 1076 1392 canitur
1128 1347 1371 1411 tempore
1425 1342 1857 1417 Quadragesimze
1908 1368 2085 1422 neque

486 1423 646 1479 lauda
704 1427 912 1483 canitur
983 1440 1105 1501 post
1154 1434 1468 1503 Apostolqu
1501 1478 1516 1503 ,
1559 1440 1653 1495 sed
1718 1452 1839 1511 pozt
1884 1444 2082 1501 lectum

484 1516 837 1593 Evangelium
888 1524 990 1595 (h),
1015 1534 1071 1581 et
1116 1528 1170 1583 in
1219 1532 1365 1585 omni
1410 1533 1570 1589 missa
1600 1536 1773 1591 oratio
1803 1537 2082 1595 Dominica

483 1616 746 1671 recitatur
812 1619 895 1689 (i).
956 1618 1066 1675 Nec
1100 1622 1427 1693 simpliciter
1491 1626 1683 1681 dicitur
1740 1628 1917 1683 Gloria
1976 1630 2083 1685 Pa-

486 1711 571 1775 tri,
596 1720 643 1763 et
670 1708 831 1779 Filio,
868 1723 996 1780 etc.,
1028 1716 1120 1771 sed
1152 1716 1332 1772 Gloria
1371 1727 1420 1773 et
1442 1720 1606 1775 honor
1638 1720 1807 1787 Patri,
1835 1734 1883 1777 et
1914 1722 2078 1788 Filio,

484 1810 534 1854 et
570 1801 792 1873 Spiritui
823 1805 1017 1860 Sancto
1050 1808 1138 1879 (j).
1173 1807 1251 1864 Ex
1281 1822 1555 1882 praecepto
1585 1814 1801 1868 concilii
1833 1814 2080 1872 Toletani

481 1910 537 1953 ιιι
570 1894 663 1964 (Ir),
691 1894 1002 1967 Symbolum
1026 1880 1687 1973 Constantinopolitanum
1710 1907 1761 1960 in
1792 1906 1950 1964 Missa
1992 1925 2079 1964 re-
2116 1880 2160 1938 Β

480 1988 697 2055 citatur,
728 1990 1041 2061 priusquam
1098 1995 1377 2051 Dominica
1430 2000 1607 2054 oratio
1656 1999 1887 2056 dicatur.
1922 2001 2079 2058 Post-

478 2093 643 2149 quam
670 2079 874 2135 dictum
906 2092 989 2138 est
1033 2082 1369 2154 Symbolum,
1414 2102 1613 2158 corpus
1667 2089 1878 2145 Domini
1930 2092 2077 2146 l‘ran-

476 2171 641 2242 gitur,
674 2180 809 2242 tum,
841 2189 908 2229 ex
948 2176 1171 2231 decreto
1222 2178 1438 2233 concilii
1488 2196 1540 2233 IV
1572 2179 1843 2249 Toletani,
1902 2184 2078 2239 oratio

476 2264 755 2321 Dominica
808 2268 1088 2332 recitatur,
1121 2272 1182 2339 ﬁt
1239 2274 1536 2344 conjunctio
1578 2277 1730 2344 panis
1778 2287 1827 2330 et
1876 2278 2076 2346 colicis,

475 2358 671 2416 deinde
692 2361 992 2417 sacerdotis
1014 2363 1321 2421 benedictio
1352 2370 1721 2436 consequitur,
1760 2379 1813 2426 et
1846 2382 1951 2427 tum
1982 2374 2071 2427 de-

474 2471 616 2509 mum
652 2457 883 2525 corporis
930 2457 979 2510 ἐι
1008 2460 1274 2528 sanguinis
1320 2458 1529 2515 Domini
1561 2452 1945 2519 sacramentum
1987 2485 2075 2521 su-

474 2546 631 2598 mitur
663 2546 745 2616 (t).

549 2658 636 2713 71.
662 2658 741 2714 Ex
773 2660 1013 2730 ejusdem
1044 2664 1260 2718 concilii
1281 2665 1499 2722 decreto
1522 2667 1762 2734 lucerna,
1796 2678 1850 2723 et
1879 2685 2074 2726 cereus

475 2748 770 2819 paschalis,
816 2750 1056 2809 Sabbato
1109 2764 1298 2811 sancto
1329 2757 1718 2815 benedicuntur
1767 2762 1879 2832 (ιη).
1910 2762 2069 2819 Feria

475 2849 632 2897 sexta
658 2838 880 2912 majoris
917 2845 1270 2903 hebdomadas
1298 2849 1478 2907 ofﬁcio
1502 2854 1721 2923 pr0prio
1748 2854 1966 2923 gaudet,
1989 2857 2074 2910 in-

477 2931 743 3002 dulgentia
774 2936 1098 3004 postulatur,
1129 2948 1183 2993 et
1212 2943 1379 2995 crucis
1418 2926 1718 3015 m'ysterium
1748 2947 2075 3017 praedicatur

474 3020 577 3092 (η).
612 3022 807 3095 lIymni
858 3028 1095 3084 humano
1126 3030 1342 3099 ingenio
1383 3037 1668 3104 compositi
1702 3038 1755 3091 in
1786 3038 1966 3094 ol'licio
1994 3040 2074 3094 di-

473 3116 601 3171 vino
628 3120 923 3175 recitantur
946 3124 1045 3193 (o),
1069 3122 1120 3177 in
1144 3122 1250 3180 ﬁne
1272 3127 1599 3196 psalmorum
1623 3128 1802 3185 Gloria
1819 3140 1868 3185 et
1889 3132 2075 3201 honor,

2192 784 2458 832 vetustam
2483 776 2844 848 Hispanorum
2874 782 3199 852 doctrinam,
3222 788 3471 846 distincte
3501 791 3782 861 przedicat,

2190 868 2269 925 sic
2298 869 2577 935 hominem,
2608 886 2706 941 pro
2733 883 2921 929 natura
2949 876 3175 932 humana
3194 920 3209 945 ,
3240 895 3347 935 non
3372 896 3494 936 raro
3539 890 3784 954 usurpat,

2190 969 2248 1015 et
2270 960 2541 1016 Christum
2569 979 2729 1017 unum
2757 965 2821 1019 de
2842 965 3099 1022 Trinitate
3123 964 3273 1037 dicit,
3288 973 3504 1027 modum
3528 973 3785 1043 loquendi

2190 1056 2406 1111 concilii
2453 1056 2700 1114 Toletani
2744 1076 2797 1115 1v
2841 1071 3083 1117 secutum
3126 1063 3225 1137 (tr).
3260 1064 3500 1136 Denique
3545 1083 3613 1123 ne
3652 1069 3785 1140 quid

2188 1147 2389 1203 Missali
2422 1150 2655 1205 Ximenii
2687 1153 2917 1220 deesset,
2951 1156 3094 1227 quod
3126 1157 3545 1216 Saeramentarii
3574 1160 3786 1219 Gotho-

2190 1235 2413 1308 Hispani
2443 1242 2719 1312 proprium
2744 1242 2905 1311 ioret,
2928 1246 2980 1300 in
3005 1262 3071 1302 eo
3092 1249 3267 1304 missze
3294 1251 3640 1307 inveniuntur
3660 1267 3785 1323 quae

2188 1338 2377 1395 diebus
2406 1338 2610 1397 festivis
2640 1342 3079 1399 Circumcisionis
3108 1345 3316 1401 Domini
3367 1356 3422 1401 et
3453 1346 3786 1408 lnventionis

2186 1438 2387 1484 sancta:
2415 1432 2589 1487 crucis
2636 1432 2997 1502 celebrarent,
3021 1449 3157 1504 quas
3185 1436 3331 1505 leges
3378 1437 3783 1509 Visigothorum

2187 1523 2465 1580 observari
2498 1526 2895 1583 mandaverant
2933 1530 3026 1600 (υ).

2189 1636 2307 1709 δν.
2353 1641 2434 1695 Αη
2481 1642 2693 1713 liturgia
2741 1640 2974 1698 Missalis
3024 1642 3253 1700 Ximenii
3297 1646 3478 1701 eadem
3519 1648 3587 1703 sit
3624 1657 3781 1721 atque

2832 1732 3143 1790 Gallicana?

2262 1840 2348 1895 75.
2393 1841 2631 1898 Tertium
2662 1856 3038 1913 argumentum
3082 1862 3192 1917 quo
3219 1848 3480 1918 probatur
3503 1849 3776 1921 liturgiam

2187 1934 2415 1990 Missalis
2459 1935 2692 1991 Ximenii
2741 1937 3245 2009 Gotho-Hislianam
3299 1957 3439 2009 esse,
3480 1943 3535 1997 in
3591 1945 3777 2000 intima

2181 2031 2297 2100 ejus
2324 2032 2674 2088 similitudine
2697 2050 2819 2089 cum
2844 2034 3083 2105 Liturgia
3112 2037 3387 2094 Gallicana
3411 2039 3645 2109 positum
3673 2049 3774 2095 est.

2180 2125 2297 2179 Em.
2332 2126 2478 2179 Bona
2505 2127 2583 2195 (ω)
2615 2136 2771 2183 antea
2802 2128 3009 2184 viderat
3038 2132 3252 2185 missam
3283 2131 3609 2187 Gallicanam
3638 2150 3778 2187 eam-

2181 2217 2295 2270 dem
2346 2234 2455 2271 esse
2510 2227 2661 2288 atque
2703 2217 3201 2305 Toletanamusive
3242 2223 3664 2289 Mozarabicam,
3722 2231 3778 2279 et

2180 2309 2520 2364 Mabillonius
2566 2311 3019 2367 animadverterat
3074 2314 3293 2369 missam
3321 2314 3650 2371 Gallicanam
3681 2330 3777 2371 eo-

2178 2402 2300 2457 dem
2332 2402 2437 2456 ritu
2466 2403 2791 2458 celebratam
2827 2404 2988 2459 fuisse
3018 2421 3124 2475 quo
3173 2405 3424 2461 Toletana
3458 2423 3545 2463 seu
3590 2405 3777 2463 Mosa-

2143 2507 2147 2510 '
2177 2498 2356 2550 rabica
2386 2496 2761 2552 celebrabatur
2792 2498 2892 2570 (ῃ).
2930 2498 3073 2553 Sane
3102 2499 3194 2569 qui
3224 2500 3275 2553 in
3298 2498 3470 2554 Gallia
3499 2505 3696 2556 sacculo
3720 2518 3774 2557 ix

2175 2588 2449 2649 vivebant,
2483 2588 2699 2655 quando
2722 2589 2921 2643 veteris
2948 2586 3225 2644 Gallorum
3257 2591 3484 2661 iiturgiae
3508 2593 3770 2649 memoria

2177 2677 2357 2734 adhuc
2385 2687 2704 2748 supererat,
2756 2695 2857 2749 pro
2906 2691 3187 2752 comperto
3226 2682 3499 2739 habebant
3550 2684 3774 2738 missam

2176 2768 2570 2839 Mozarabicam
2617 2769 3002 2827 Toletanorum
3051 2782 3287 2829 veterem
3330 2773 3517 2830 Gallia:
3559 2774 3771 2831 sacriﬁ-

2176 2863 2334 2919 candi
2382 2879 2627 2919 normam
2676 2866 2914 2936 perfecte
2961 2878 3374 2939 repraesentare.
3430 2869 3584 2938 Quod
3633 2871 3773 2927 adeo

2177 2970 2365 3010 verum
2396 2966 2479 3011 est
2508 2966 2567 3011 ut
2595 2956 2822 3015 Carolus
2848 2962 3119 3030 Augustus
3148 2960 3363 3030 Calvus,
3387 2966 3610 3036 cupiens
3639 2980 3773 3021 0C“?

2180 3046 2264 3113 lis,
2295 3057 2351 3103 et
2390 3049 2608 3106 auribus
2640 3052 2922 3122 percipere
2954 3053 3264 3119 discrimen,
3295 3057 3439 3124 quod
3470 3058 3611 3113 inter
3638 3058 3768 3114 Mis-

2178 3152 2292 3194 sam
2331 3137 2651 3207 Romanam,
2697 3150 2753 3197 et
2783 3141 3113 3198 Gallicanam
3154 3144 3549 3214 intercedebat,
3591 3166 3620 3203 a
3668 3149 3770 3205 Sa-

474 3217 606 3275 θῑοον
634 3212 848 3267 οθηίιυι·
889 3214 987 3285 (ρ)ο
1020 3214 1182 3271 Liber
1225 3217 1581 3290 Apocalypsis
1627 3238 1655 3275 a
1696 3220 1959 3277 Paschate
2006 3224 2071 3278 ad
2097 3252 2143 3315 ο
2180 3231 2491 3288 cerdotibus
2521 3233 2799 3289 Toletanis
2830 3235 3066 3303 Missam,
3124 3254 3223 3293 suo
3250 3238 3354 3294 ritu
3387 3212 3765 3310 Mozarabico,

473 3303 836 3360 Pentecosten
866 3307 1060 3375 legitur
1089 3310 1184 3381 (q).
1230 3311 1529 3367 Concilium
1558 3312 1909 3371 Gerundense
1925 3316 2067 3386 jeju-

473 3395 590 3464 nio,
621 3405 677 3452 et
708 3396 944 3455 Litanias
974 3400 1341 3471 Peutecostes,
1368 3416 1421 3460 et
1442 3404 1801 3463 Kalendarum
1840 3410 2072 3465 Novem-

472 3488 650 3544 brium
684 3492 912 3548 instituit
961 3496 1057 3567 (r),
1086 3512 1312 3566 quorum
1362 3501 1415 3555 in
1446 3500 1643 3557 Missali
1686 3502 1917 3559 Ximenii
1948 3513 2073 3561 sunt

472 3580 652 3635 missa:
696 3588 947 3654 propriae.
990 3589 1289 3644 Concilium
1318 3591 1634 3649 Toletanum
1666 3614 1702 3651 x
1738 3596 1967 3653 instituit
2013 3608 2072 3654 ut

472 3671 736 3729 festivitas
763 3676 1048 3735 dominicae
1096 3684 1314 3753 matris,
1346 3685 1432 3741 die
1475 3703 1543 3741 xv
1572 3687 1931 3744 Kalendarum
1981 3690 2069 3745 Ja-

474 3764 651 3819 nuarii
671 3766 1039 3826 celebraretur
1067 3774 1284 3845 (s),quo
1311 3776 1419 3844 die,
1446 3779 1608 3833 etiam
1638 3798 1779 3837 nunc
1799 3782 1851 3836 in
1871 3781 2070 3839 Missali

474 3849 705 3909 Ximenii
736 3857 956 3914 missam
1006 3861 1169 3919 habet
1209 3853 1507 3937 propriam.
1540 3869 1840 3927 Concilium
1874 3873 2070 3929 Braca-

473 3958 633 4001 rense
661 3964 717 4013 ιι,
742 3952 1030 4008 concilium
1056 3953 1410 4027 Emeritense,
1452 3970 1509 4017 et
1558 3973 1777 4020 sanctus
1832 3964 2069 4022 Isidorus

476 4041 841 4097 meminerunt
888 4045 955 4101 de
1006 4053 1257 4121 pecunia,
1304 4069 1486 4125 quam,
1540 4059 1702 4113 certis
1749 4060 2067 4128 quibusdam

477 4129 667 4222 diebus
698 4133 935 4207 festivis,
984 4142 1213 4209 populus
1264 4147 1531 4201 sacerdoti
1564 4148 1827 4204 oll'erebat
1883 4152 1984 4222 (ι),
2017 4158 2072 4206 et

476 4220 707 4281 Missalis
754 4227 986 4286 Ximenii
1038 4234 1251 4290 rubrica
1282 4220 2071 4309 praecipitutsacerdos,con—

477 4331 668 4375 versus
688 4322 757 4376 ad
786 4325 1067 4396 papulum,
1098 4328 1334 4391 oblatam
1368 4320 1653 4401 pec'uniam
1678 4335 1922 4405 recipiat.

549 4432 638 4487 7%.
669 4435 882 4495 Missale
928 4441 1162 4498 Ximenii
1195 4460 1302 4500 non
1355 4448 1516 4501 modo
1567 4448 1820 4503 observat
1858 4465 1923 4505 ea
1952 4466 2071 4521 qum

475 4523 617 4580 circa
644 4529 781 4585 ritus
811 4536 1257 4605 prrescripserunt
1277 4538 1504 4593 concilia
1544 4539 1850 4610 Hispanica,
1882 4558 2067 4597 verum

2175 3340 2358 3380 coram
2389 3342 2448 3382 se
2498 3328 2759 3383 celebrari
2808 3329 3162 3397 mandaverit;
3216 3334 3667 3402 quemadmodum
3711 3336 3769 3392 in

2174 3416 2448 3488 Epistola,
2509 3420 2577 3475 ad
2627 3419 2842 3475 Clerum
2884 3419 3256 3477 Ravennatem
3286 3424 3435 3491 data,
3495 3434 3763 3481 testatur:

2180 3509 2352 3583 Usque
2407 3512 2476 3565 ad
2530 3521 2759 3583 tempora
2809 3512 2957 3567 abavi
3005 3515 3169 3568 nostri
3212 3514 3485 3569 Gallicana
3532 3515 3767 3571 Ecclesia

2174 3600 2327 3653 aliter
2356 3619 2511 3672 quam
2560 3601 2799 3656 Romana
2839 3604 2916 3657 vel
2970 3602 3378 3658 Mediolanensis
3409 3606 3585 3658 diuina
3630 3610 3768 3660 cele-

2175 3691 2356 3744 brabat
2394 3695 2562 3763 ofﬁcia
2603 3695 2735 3746 sicut
2764 3694 3004 3758 vidimus,
3055 3704 3105 3747 et
3136 3695 3421 3747 audivimus
3450 3695 3512 3746 ab
3542 3696 3625 3759 iis,
3677 3698 3765 3765 qui

2173 3800 2239 3837 ea:
2268 3786 2502 3852 partibus
2534 3784 2801 3839 Toletano?
2830 3784 3080 3841 Ecclesia:
3102 3787 3169 3839 ad
3209 3802 3300 3839 nos
3330 3788 3579 3840 venientes
3609 3804 3764 3841 sacra

2173 3876 2343 3945 ofﬁcia
2377 3876 2722 3929 celebrarunt.
2757 3877 2887 3942 Quae
2915 3877 3106 3945 verba,
3137 3887 3194 3931 ut
3221 3877 3355 3932 scite
3389 3886 3541 3931 notat
3572 3878 3764 3932 Mabil-

2172 3966 2370 4032 Ionius,
2405 3967 2480 4035 (ι)
2520 3968 2936 4038 consequentiam
2982 3985 3087 4021 non
3129 3968 3395 4036 haberent,
3436 3970 3535 4023 nisi
3584 3970 3765 4024 eadem

2173 4059 2355 4129 fuisset
2387 4057 2639 4112 Toletana
2669 4068 2820 4131 atque
2850 4059 3121 4113 Gallicana
3153 4060 3383 4131 liturgia.

2247 4175 2335 4229 74.
2379 4173 2484 4230 Sed
2513 4176 2698 4242 modo,
2749 4176 2882 4230 inita
2929 4176 3356 4245 comparatione,
3395 4176 3632 4231 breviter
3674 4193 3766 4233 os-

2172 4261 2503 4326 tendendum
2531 4278 2615 4326 est
2650 4271 2918 4340 liturgiam
2956 4270 3183 4326 Missalis
3213 4268 3442 4326 Ximenii
3473 4286 3596 4327 cum
3623 4272 3764 4326 anti-

2170 4376 2276 4435 qua
2308 4362 2589 4418 Gallicana
2617 4363 2840 4418 omnino
2867 4363 3180 4427 convenire,
3223 4372 3281 4417 ut
3308 4357 3411 4418 hoc
3438 4364 3601 4418 etiam
3629 4362 3766 4417 indi-

2172 4457 2256 4512 cio
2284 4466 2548 4528 appareat
2576 4456 2823 4511 eamdem
2848 4454 3337 4525 Gotho—Hispanam
3364 4470 3502 4510 esse.
3530 4452 3766 4510 Primum

2173 4546 2355 4617 itaque
2387 4558 2494 4601 tam
2541 4546 2682 4603 Galli
2723 4562 2886 4616 quam
2932 4546 3245 4602 Mozarabes
3286 4547 3502 4600 missam
3540 4562 3569 4600 a
3600 4556 3764 4601 cantu

475 4619 636 4674 etiam
669 4622 721 4676 in
750 4627 1087 4685 orationibus
1126 4630 1428 4686 doctrinam
1456 4630 1789 4689 Catholicam
1818 4635 1884 4689 ad
1914 4651 2065 4691 men-
2100 4628 2148 4688 D
2173 4638 2518 4705 iuchoarunt,
2543 4638 2639 4710 qui
2676 4638 2843 4694 Gallis
2880 4641 3159 4709 prazlegere
3190 4635 3322 4710 (aa),
3358 4647 3452 4691 aut
3480 4638 3766 4708 antiphona

574 4788 627 4853 a)
658 4791 824 4846 Cone.
851 4791 1006 4848 Brac.
1035 4805 1112 4857 ιιι,
1140 4806 1261 4847 can.
1290 4792 1344 4846 4.

568 4860 627 4928 1))
658 4860 825 4917 Conc.
859 4860 1034 4919 Tolet.
1065 4879 1137 4928 ιν,
1170 4878 1288 4918 can.
1319 4863 1405 4917 40.

576 4931 624 5000 c)
657 4932 825 4989 Conc.
850 4931 1005 4989 Brac.
1039 4950 1117 5000 ιιι,
1148 4948 1268 4988 can.
1324 4934 1373 4987 1.

614 5004 631 5069 )
664 5002 833 5060 Couc.
868 5002 1044 5060 Tolet.
1072 5020 1167 5066 xu,
1198 5020 1320 5059 can.
1353 5002 1403 5058 5.

551 5071 623 5140 (ei
657 5072 823 5129 Conc.
862 5071 1037 5130 Tolet.
1068 5091 1139 5139 IV,
1171 5090 1289 5130 can.
1332 5076 1418 5141 15,
1450 5073 1535 5129 14.

553 5141 622 5211 (Γ)
651 5142 819 5199 Cone.
853 5144 1094 5209 Valent.,
1121 5161 1241 5201 can.
1269 5147 1320 5201 1.

554 5211 629 5282 (gl
659 5212 827 5270 Cone.
872 5216 1044 5272 Tolet.
1077 5234 1148 5284 IV,
1174 5233 1294 5272 can.
1341 5218 1426 5272 11.

554 5284 631 5353 (Ιι)
664 5284 812 5351 l'hid.,
843 5303 963 5342 can.
990 5289 1072 5343 η.

554 5354 616 5427 (i)
650 5353 808 5427 Ibid,
837 5374 956 5413 can.
989 5361 1072 5415 10.

558 5424 623 5495 (jl
656 5424 814 5495 ἰωὰ,
844 5445 961 5484 can.
996 5431 1086 5493 15,
1121 5431 1207 5485 15.

554 5496 628 5563 (k)
659 5494 829 5567 Couc'.
865 5498 1038 5555 Tolet.
1073 5519 1149 5567 ιιι,
1182 5517 1302 5559 can.
1333 5503 1384 5559 2.

579 5570 618 5636 ι)
647 5564 817 5625 Cone.
851 5569 1054 5637 Tolet.,
1084 5564 1205 5628 can.
1250 5575 1333 5628 18.

576 5639 647 5705 m)
685 5638 834 5706 lbid.,
864 5656 981 5697 can.
1016 5642 1069 5698 9.

551 5710 632 5777 (η)
666 5707 818 5777 Ibid.,
851 5727 970 5767 can.
1005 5714 1056 5768 7.

555 5781 629 5851 (ρ)
659 5776 817 5851 ἔμω..
851 5797 970 5837 ean.
1002 5785 1088 5839 15-

552 5848 633 5918 (ῥ)
659 5848 818 5923 lbid.,
845 5869 965 5911 can.
1000 5855 1086 5912 is.

2272 4869 2317 4937 ιλ)
2342 4870 2507 4927 Cone.
2552 4869 2920 4937 Gerundense,
2945 4885 3066 4927 can.
3090 4869 3145 4925 2.

2272 4890 2297 4924 r
2342 4877 2507 4927 Cone.
2552 4877 2920 4937 Gerundense,
2945 4885 3066 4927 can.

2272 4877 2319 5013 si
2349 4941 2517 5013 Cone.
2544 4940 2718 4997 Tolet.
2752 4958 2846 5005 xu,
2881 4956 3007 5013 can1
3028 4940 3078 5013 1.

2245 5008 2314 5084 (ι)
2341 5012 2508 5069 Conc.
2540 5016 2719 5084 Braﬁc.,
2752 5029 2809 5084 ιι,
2836 5010 3072 5084 can._‘2§.
3105 5009 3268 5084 Cone.
3297 5008 3754 5084 Emeritan.,can.

2173 5079 2262 5138 14.
2294 5079 2526 5140 Sanctus
2548 5083 2700 5149 Isid,
2724 5083 2879 5150 epist.
2913 5080 2977 5135 ad
3020 5079 3236 5135 Ludel'r.

2247 5154 2321 5225 (u)
2363 5154 2528 5209 Conc.
2562 5153 2735 5225 Tolet.
2768 5168 2839 5218 1v,
2873 5151 3071 5225 ca_n.l.
3125 5151 3273 5206 Idem
3320 5151 3569 5211 Dominus
3609 5156 3760 5213 Iesus

2174 5222 2427 5289 Christus,
2458 5241 2589 5278 unus
2619 5224 2679 5277 de
2707 5231 2888 5276 sancta
2920 5222 3191 5285 Trinitate,
3224 5232 3327 5278 etc.

2244 5296 2316 5366 (υ)
2352 5294 2484 5348 Cod.
2519 5296 2621 5366 leg.
2658 5294 2847 5366 Yisig.,
2878 5293 2972 5347 lib.
3005 5309 3064 5348 ιι.
3102 5293 3222 5348 ΤοΙ.
3252 5309 3288 5360 ι,
3330 5294 3433 5365 leg.
3470 5298 3556 5365 11,
3589 5308 3643 5354 et
3666 5300 3756 5355 lib.

2171 5363 2263 5431 XII,
2298 5375 2336 5420 t.
2371 5383 2407 5430 ι,
2439 5382 2508 5431 1v,
2542 5363 2642 5431 leg.
2668 5363 2720 5417 6.

2298 5381 2336 5420 t.
2371 5383 2384 5419 ι
2439 5382 2489 5418 iv
2543 5381 2589 5418 te
2630 5405 2642 5417 .
2668 5381 2720 5417 υ.

2268 5438 2327 5506 as)
2368 5407 2571 5491 ﬁerum
2592 5381 2855 5503 Eilurgic.
2889 5435 2981 5506 lib.
3011 5451 3050 5501 ι,
3099 5449 3217 5503 cap.
3252 5434 3338 5501 12,
3371 5449 3506 5495 sect.
3537 5438 3587 5495 5.

2267 5508 2320 5577 y)
2357 5505 2724 5629 glabillonius,
2780 5506 2847 5561 de
2893 5505 3097 5577 Liturg.
3149 5505 3364 5576 Gallic,
3419 5511 3510 5566 lib.
3538 5527 3590 5575 ι,
3636 5525 3756 5582 cap.

2268 5593 2323 5629 Il.
2396 5616 2409 5629 .

2170 5578 2224 5646 3,
2268 5593 2323 5631 ιι.
2357 5578 2409 5629 9.

2268 5648 2317 5717 z)
2356 5646 2485 5702 Ibid.

2243 5649 2627 5794 §:h)lbsignctus
2654 5716 2953 5794 Germanus
2976 5719 3294 5778 Parisiensis
3324 5725 3375 5777 in
3400 5724 3757 5794 explicatione

2171 5788 2713 5913 MilssaéiGallicanaa,
2778 5788 2939 5848 Thes.
3005 5807 3131 5847 nov.
3190 5794 3413 5861 anecd.,
3474 5788 3612 5851 tom.
3674 5793 3755 5869 Υ,

2171 5876 2275 5913 (30.
2399 5898 2412 5913 .

2170 5876 2275 5915 ροι.
2325 5876 2385 5911 VI
2399 5898 2412 5913 ι

2276 4800 2328 4871 q)
2360 4801 2520 4869 Ibid.,
2542 4815 2663 4856 can.
2694 4799 2782 4855 17.

2248 4802 2507 5011 grgCouc.
2552 4869 2782 4961 Gerundl

2272 4961 2295 4996 s
2349 4941 2517 4998 Cone.
2544 4940 2718 4997 'lolet.
2752 4958 2782 4995 ιι
