4040 6356
190 365 263 420 25
1668 326 1827 386 ΡΒᾸΞ

1933 324 2057 383 TIO.
3419 329 3491 385 26

192 484 262 537 ad
292 471 683 552 prietegendum
713 469 1014 534 dicebatur,
1061 459 1364 518 Mozarabis
1390 473 1542 525 vero,
1592 457 1644 510 in
1675 454 1802 508 Mis-
1831 454 1883 512 Δ
1910 460 2067 507 natur
2088 453 2204 526 (m),
2239 452 2289 507 in
2319 451 2513 508 Missali
2542 450 2777 507 Ximenii
2805 453 2983 506 missa.
3016 450 3261 508 Secunda
3289 451 3343 505 in
3365 467 3493 508 nos-

194 548 303 638 sali‘
345 570 585 629 Ximenii
634 568 839 623 dictum
887 573 972 618 est
1014 560 1237 631 ofﬁcium
1283 556 1351 609 ad
1387 556 1601 608 missam
1649 548 1805 624 [xw].

200 665 408 726 Deinde
438 664 493 718 in
527 670 758 730 utraque
793 654 1033 723 liturgia,
1067 650 1341 705 Gallicana
1373 646 1579 701 scilicet
1607 651 1662 698 et
1687 640 1804 695 Mo—

201 759 479 822 zarabica,
521 754 755 824 hymnus
788 746 969 802 Gloria
999 745 1053 797 in
1084 741 1297 797 excelsis
1337 738 1545 794 canitur
1573 734 1670 808 (α),
1716 741 1811 787 aut

194 852 474 914 canticum
502 843 781 901 Zacharia:
830 837 1156 899 Benedictus,
1205 830 1353 901 quod
1404 828 1542 884 Galli
1588 825 1809 897 prophe-

199 949 335 1001 tiam
360 943 743 1009 nuncuparunt
773 932 871 1005 (θ).
916 928 1183 1000 Hymnum
1216 931 1310 976 aut
1336 921 1605 975 canticum
1637 917 1809 971 oratio

199 1036 580 1105 consequitur,
611 1044 731 1099 qua:
763 1027 815 1081 in
843 1021 1044 1079 Missali
1074 1016 1311 1072 Ximenii
1343 1014 1565 1085 proprio
1593 1011 1810 1066 nomine

200 1136 377 1193 caret,
426 1127 479 1181 in
507 1124 656 1179 libris
699 1116 992 1174 Gallicanis
1040 1112 1271 1167 collectio
1323 1116 1437 1180 post
1487 1105 1811 1177 prophetiam

204 1219 538 1294 quandoque
566 1212 879 1271 inscribitur
904 1208 997 1279 (c).
1041 1204 1235 1259 Postea
1266 1200 1498 1272 p0pulus
1523 1197 1808 1251 salutatur.

204 1290 295 1381 Et,
325 1315 379 1367 in
408 1321 635 1378 utraque
665 1304 897 1372 Iiturgia,
940 1296 1173 1353 formula
1203 1310 1308 1364 qua
1339 1290 1595 1347 sacerdos
1640 1302 1811 1357 popu-

204 1380 319 1462 lum
359 1405 565 1460 salutat
598 1398 787 1455 eadem
828 1403 927 1461 est,
978 1391 1233 1446 Dominus
1280 1388 1347 1441 sit
1390 1398 1591 1454 semper
1638 1380 1811 1435 vobis-

207 1517 325 1554 cum
356 1497 460 1569 (ά).

284 1566 376 1644 75.
420 1566 479 1642 In
519 1595 749 1654 utraque
796 1578 1010 1648 liturgia
1053 1583 1166 1631 tres
1225 1572 1477 1640 leguntur
1521 1566 1814 1636 Scriptura:

211 1682 511 1745 lectiones,
584 1692 691 1731 una
758 1689 791 1729 e
850 1669 1066 1735 Veteri,
1134 1665 1257 1721 duce
1317 1678 1348 1719 θ
1403 1661 1551 1716 Novo
1620 1657 1812 1714 Testa-

213 1783 402 1830 mento
434 1770 552 1844 (c).
598 1766 665 1822 Et
691 1772 817 1820 ante
864 1762 1127 1817 lectiones
1149 1755 1400 1811 indicitur
1423 1751 1697 1807 silentium
1725 1750 1811 1821 (ί).

1910 556 1994 602 tro
2038 548 2143 601 alia
2188 548 2374 611 oratio,
2408 547 2462 600 in
2504 544 2807 600 Missalibus
2833 532 3124 599 Gallicanis
3150 545 3384 600 collectio
3412 561 3496 600 se-

1910 643 2081 714 quitur
2104 640 2205 711 (n).
2252 639 2432 693 Tertia
2459 646 2582 709 post
2609 640 2821 694 nomina
2864 648 2968 691 tam
3001 638 3141 708 apud
3185 636 3500 695 Mozarabes

1911 750 2071 805 quam
2087 733 2224 805 apud
2240 730 2424 787 Gallos
2439 731 2633 787 dicitur
2658 732 2829 804 μνη,
2855 739 3048 801 quarta
3067 730 3209 800 apud
3244 738 3502 800 utrasque

1912 828 1981 880 ad
1996 844 2173 897 pacem
2197 826 2295 897 (ο),
2326 826 2511 893 quinta
2536 824 2721 889 Gallis,
2742 831 2827 878 aut
2846 825 3172 887 contestatio,
3208 832 3299 877 aut
3326 825 3504 877 immo-

1913 921 2041 975 latio
2070 922 2241 974 missa:
2288 918 2620 987 inscribitur,
2671 916 2971 972 Mozarabis
3000 918 3189 971 illatio.
3224 917 3350 986 Ejus
3374 932 3504 973 vero

1914 1013 2184 1083 appendix
2197 1012 2440 1081 utrisque
2458 1019 2569 1081 post
2582 1012 2807 1064 Sanctus
2832 1008 2908 1078 (ρ)
2928 1008 3140 1062 dicitur.
3162 1006 3256 1076 Eiq
3267 1023 3330 1061 ue
3342 1008 3503 1062 verba

1913 1105 2315 1161 consecratoria
2367 1103 2757 1157 elementorum
2808 1101 3183 1169 subjiciuntur.
3234 1099 3290 1153 ln
3333 1101 3508 1156 missis

1913 1206 2208 1270 martyrum
2239 1196 2542 1250 contestatio
2574 1193 2873 1258 Gallorum,
2922 1208 3033 1246 non
3062 1207 3216 1247 secus
3248 1207 3310 1246 ac
3342 1192 3509 1246 illatio

1915 1288 2278 1353 Mozarabum,
2310 1302 2495 1342 earum
2525 1301 2613 1340 res
2636 1294 2815 1355 gestas
2844 1292 2898 1339 et
2927 1290 3190 1338 tormenta
3219 1298 3336 1352 quae
3368 1283 3510 1353 passi

1916 1390 2041 1436 sunt
2070 1395 2496 1437 commemorare
2534 1379 2696 1441 solet,
2746 1377 3196 1448 quemadmodum
3229 1376 3511 1431 Hilduinus

1916 1472 2102 1537 abbas,
2145 1473 2196 1526 in
2224 1472 2451 1527 vetustis
2492 1469 2796 1526 Missalibus
2843 1466 3155 1533 Gallicanis,
3187 1467 3508 1522 observave-

1916 1562 2001 1619 ra't
2030 1564 2124 1636 (q).

1991 1657 2077 1711 77.
2133 1655 2361 1711 Peracta
2411 1654 2800 1711 elementorum
2851 1651 3301 1719 consecratione,
3358 1657 3511 1705 sexta

1921 1748 2095 1803 oratio
2143 1747 2430 1812 recitatur,
2480 1761 2640 1816 quam
2695 1745 2833 1799 Galli
2879 1751 2994 1815 post
3040 1744 3370 1813 mysterium,
3422 1747 3516 1796 aut

215 1866 271 1920 In
304 1821 543 1932 iuraque
572 1861 807 1929 hymnus
847 1865 1139 1924 puerorum
1184 1856 1311 1918 post
1357 1846 1647 1901 lectionem
1688 1856 1817 1913 pro-
1848 1821 1898 1883 Β
1926 1850 2041 1913 post
2086 1850 2280 1895 secreta
2321 1840 2596 1911 appellant
2638 1839 2710 1911 (r)
2736 1880 2750 1905 ,
2801 1838 3116 1893 Mozarabes
3163 1845 3279 1909 post
3327 1837 3513 1906 pridie.

214 1955 490 2025 pheticam
542 1949 800 2004 recitatur
842 1945 954 2016 (g),
1019 1953 1075 1997 et
1120 1938 1507 2009 responsorium
1549 1935 1695 2002 sive,
1742 1933 1821 1987 uti

214 2024 537 2099 Hozarabes
589 2041 913 2109 loquuntur,
954 2028 1493 2104 psalleudo.canitur
1538 2024 1636 2097 (h),
1700 2032 1823 2093 post

215 2137 512 2193 lectionem
542 2131 815 2201 Evangelii
848 2127 1039 2185 concio
1070 2121 1394 2188 habebatur,
1443 2126 1535 2172 aut
1562 2116 1816 2180 homelia,

214 2231 290 2286 de
322 2245 431 2299 qua
470 2226 610 2298 apud
648 2232 890 2281 sanctum
929 2221 1257 2276 Germanum
1302 2213 1490 2269 titulus
1519 2218 1693 2267 exstat
1735 2210 1817 2281 (i).

216 2322 431 2377 Preces
479 2319 671 2374 deinde
698 2326 754 2372 et
780 2314 1288 2370 catechumenorum
1337 2315 1499 2377 atque
1549 2303 1820 2374 poeniten-

230 2414 376 2468 tiuni
405 2410 645 2466 dimissio
691 2405 1167 2474 consequebantur,
1225 2401 1292 2455 de
1335 2398 1530 2469 quibus
1578 2393 1822 2449 meminit

224 2510 463 2559 sanctus
492 2500 790 2555 Germanus
818 2497 929 2566 (j),
960 2504 1014 2549 et
1038 2495 1088 2548 in
1112 2491 1309 2548 Missali
1338 2488 1575 2544 Ximenii
1606 2502 1713 2541 non
1747 2486 1822 2541 le-

221 2596 313 2650 via
341 2599 635 2664 supersunt
679 2588 898 2658 vestigia
933 2597 1035 2642 tam
1077 2600 1298 2657 precum
1345 2597 1506 2654 quam
1553 2579 1823 2635 missionis

226 2687 765 2744 catechumenorum.

298 2780 390 2834 76.
434 2777 662 2842 Deinde,
705 2777 757 2831 in
787 2785 1015 2843 utraque
1038 2771 1274 2840 Iiturgia,
1307 2768 1368 2823 ﬁt
1396 2766 1599 2823 oblatio
1636 2779 1826 2819 mune-

229 2890 342 2932 rum
376 2870 891 2932 eonsecrandorum,
944 2867 1101 2938 panis
1127 2864 1378 2920 nimirum
1406 2871 1460 2917 et
1490 2860 1621 2927 vini,
1664 2866 1719 2913 et
1749 2857 1829 2911 in-

233 2973 384 3028 terim
443 2969 661 3025 canitur
716 2964 1065 3033 sacriﬁcium,
1137 2957 1281 3031 quod
1325 2964 1514 3012 sancto
1560 2953 1830 3008 Germano

239 3079 409 3118 unum
440 3067 528 3115 est
560 3058 655 3129 (Is).
690 3055 853 3110 Facta
885 3052 1179 3113 oblatione,
1232 3048 1470 3116 Iotisque
1511 3042 1827 3106 sacerdotis,

245 3156 674 3227 presbyterorum
703 3148 1182 3212 ministrorumque
1210 3140 1460 3196 manibus
1477 3184 1491 3206 ,
1525 3139 1578 3191 in
1604 3144 1834 3203 utraque

246 3246 445 3316 liturgia
473 3240 734 3300 sacerdos
776 3237 1190 3301 confessionem,
1231 3233 1344 3289 sive
1389 3229 1703 3302 apologiam,
1753 3227 1833 3280 fa-

241 3340 407 3395 ciebat
446 3337 538 3409 (l).
578 3333 719 3389 Tum
761 3329 1035 3394 sacerdos,
1072 3327 1128 3381 in
1158 3333 1388 3394 utraque
1416 3321 1628 3390 liturgia
1664 3333 1835 3389 popu-

241 3431 347 3487 lum
374 3429 596 3495 salutat,
630 3434 705 3493 et,
736 3424 804 3480 ad
829 3423 1000 3477 altare
1027 3418 1307 3481 accedens,
1360 3424 1567 3486 septem
1596 3413 1719 3469 illas
1748 3427 1839 3467 so-

246 3522 447 3579 lemnes
474 3520 773 3582 orationes,
804 3516 1000 3586 quibus
1036 3513 1265 3583 liturgiae
1291 3509 1583 3573 Gallicana,
1625 3505 1836 3561 Gotho-

246 3613 501 3684 Ilispana,
550 3618 606 3666 et
650 3608 987 3665 Mozarabica
1030 3609 1302 3676 praecipue
1349 3608 1620 3666 constant,
1674 3608 1730 3654 et
1772 3599 1838 3655 ab

246 3704 364 3759 aliis
393 3703 823 3774 quibuscumque
851 3698 1270 3767 distinguuntur,
1309 3692 1505 3748 devote
1552 3690 1834 3746 recitabat.

249 3794 456 3849 Harum
510 3792 811 3847 orationum
856 3789 1011 3859 plura
1059 3793 1348 3857 supersunt
1397 3782 1728 3852 exemplaria
1785 3780 1840 3835 in

251 3884 461 3939 Βεεθιὶ
487 3881 732 3951 Geth'ico,
756 3880 903 3951 quod
928 3894 987 3934 re
1009 3876 1489 3951 ipsaGallicanum
1518 3881 1621 3939 est,
1655 3880 1710 3927 et
1739 3871 1839 3925 ali-

250 3984 395 4048 quot
420 3975 474 4029 in
504 3973 695 4029 Missali
720 3950 866 4044 quod
908 3950 1233 4025 Gallican‘um
1260 3978 1398 4023 vetus
1426 3967 1839 4034 inscripserunt,

249 4078 312 4124 ut
340 4066 564 4121 minime
608 4065 956 4120 dubitandum
990 4063 1060 4118 sit
1086 4061 1213 4131 quin
1261 4075 1339 4114 eae
1376 4058 1650 4113 orationes
1691 4069 1844 4110 eum-

251 4160 375 4217 dem
403 4160 646 4216 ordinem
676 4159 732 4213 in
760 4156 973 4225 Iiturgia
1019 4153 1293 4210 Gallicana
1335 4151 1631 4217 tenuerint,
1683 4163 1845 4219 quem

254 4256 311 4311 in
338 4252 540 4309 Missali
566 4250 800 4305 Ximenii
828 4249 1185 4304 retinuerunt.
1236 4244 1439 4299 Harum
1468 4244 1637 4313 prima
1684 4241 1739 4295 in
1783 4240 1844 4295 li-

252 4348 366 4423 bris
392 4344 685 4401 Gallicanis
714 4343 973 4415 praefatio,
1014 4347 1107 4395 aut
1132 4338 1372 4410 pratfalt'o
1401 4335 1575 4391 missae
1603 4332 1847 4390 denomi-

254 4526 408 4595 ./(a)
450 4521 943 4595 Sacramentarium
971 4517 1258 4581 Bobiense,
1270 4512 1844 4595 apudnhj’abillonium,

255 4584 443 4651 Πάώὶ
472 4595 592 4650 Ital.
624 4602 758 4647 tom.
790 4591 834 4656 l,
866 4599 1002 4659 part.
1032 4604 1090 4655 ιι,
1119 4602 1240 4659 pag.
1260 4584 1552 4659 281L282.

328 4670 408 4737 (li)
448 4666 681 4737 Sanctus
707 4653 1045 4737 Ger_m'a_nus_,_
1068 4653 1345 4737 in'eiplic.
1379 4653 1676 4737 Miss._Gal.

445 4735 658 4809 Missale
706 4730 1195 4809 Gallo-Gothicum,
1223 4725 1379 4782 'alias
1431 4725 1736 4789 Gothicum,
1797 4725 1849 4779 in

257 4802 425 4864 missa
454 4806 757 4861 Nativitatis
789 4802 1019 4857 Domini.

329 4882 417 4949 (Δ)
467 4879 697 4949 Sanctus
722 4874 999 4949 Gerasam,
1033 4872 1087 4925 in
1117 4869 1274 4949 Expl.
1308 4866 1455 4949 miss.
1487 4866 1677 4949 Gallic.

330 4936 413 5077 if),
464 4947 860 5003 Lectionarium
930 4936 1286 4996 Luxoviedse.
1361 4936 1850 4992 Sacramentarium

257 5023 334 5076 Bo
382 5024 557 5076 iense.
608 5016 842 5071 Sanctus
894 5012 1103 5077 Germ.,
1157 5013 1210 5065 in
1257 5008 1411 5077 Expl.
1464 5010 1611 5063 miss.
1661 5005 1850 5062 Gallic.

301 5023 557 5077 obiense.
608 5023 842 5071 Sanctus
894 5023 1103 5077 Germ.,
1157 5028 1210 5065 In
1257 5023 1411 5077 EXpI.
1464 5023 1611 5063 ηυδε.
1661 5023 1850 5062 uamc.

257 5026 557 5077 Bobiense.
608 5026 842 5071 Sanctus
894 5026 1103 5077 Germ.,
1157 5028 1210 5065 In
1257 5026 1411 5079 nxpl.
1464 5026 1611 5063 ηυδε.
1661 5026 1776 5061 uan

256 5092 501 5148 Sanctus
540 5088 830 5155 Gregorius
850 5083 1211 5155 Turonensis,
1230 5080 1492 5155 Hi_st.__l_ib.
1526 5095 1595 5155 ιχ,
1619 5092 1666 5155 _c_.
1696 5078 1780 5133 16.

339 5147 413 5235 7f)
461 5147 693 5216 Sanctus
718 5155 1034 5220 Germanus,
1087 5155 1139 5208 in
1173 5151 1329 5221 Expl.
1361 5150 1506 5204 Miss.
1538 5147 1675 5203 Gall.

334 5165 423 5304 ig)
464 5232 694 5304 Sanctus
719 5224 1019 5281 Germanus
1048 5265 1063 5290 ,
1091 5222 1244 5287 ibid.,
1266 5229 1321 5277 et
1345 5219 1645 5276 Leetionar.

464 5232 694 5307 Sanctus
719 5219 1063 5290 Germanus,
1091 5219 1321 5287 ibid.,et
1345 5219 1645 5276 Leetionar.
1676 5220 1854 5275 Luxo-

257 5298 481 5370 vie‘n'se,
517 5318 571 5356 n.
604 5298 657 5352 8.

335 5362 705 5447 (h)jSanctus
747 5366 1037 5435 Gregorius
1064 5363 1413 5430 Turonensis,
1442 5362 1582 5418 Hist.
1612 5362 1708 5417 lib.
1741 5377 1857 5432 vur,

260 5446 389 5519 cap.
428 5446 482 5519 δε

339 5505 432 5591 ζί)
469 5517 527 5571 In
556 5511 767 5583 Explic.
798 5508 972 5564 missze
992 5505 1295 5571 Gallicanae,
1328 5506 1417 5561 ubi
1444 5505 1627 5564 titulus
1657 5506 1732 5561 De
1760 5505 1861 5561 ho-

264 5595 630 5733 magilis,
667 5654 757 5711 ubi
795 5661 877 5710 est
906 5650 1093 5707 titulus
1133 5648 1198 5704 de
1234 5647 1604 5703 Catccumino.

343 5727 426 5801 (κ’)
450 5727 599 5801 Ibid-

344 5788 421 5876 (ις
463 5798 679 5876 Missale
726 5795 1044 5876 Gothicam,
1096 5807 1157 5876 re
1209 5792 1322 5860 ipsa
1351 5788 1747 5876 ‘Gallicainuru,
1804 5789 1860 5843 in

266 5860 447 5932 missa
475 5870 587 5927 diei
623 5867 918 5935 Paschalis,
958 5864 1118 5921 habet
1156 5860 1431 5931 exemplar
1457 5860 1729 5931 Apologia:
1770 5874 1859 5917 sa-

1929 1935 1983 1990 In
2016 1944 2242 2005 utraque
2263 1935 2476 2003 liturgia
2527 1933 2880 2004 consequitur
2930 1931 3218 2002 confractio
3269 1929 3517 1984 dominici

1924 2029 2176 2099 corporis,
2201 2034 2489 2081 utsanctus
2509 2024 2799 2093 Gregorius
2821 2022 3148 2077 Turonensis
3168 2019 3515 2092 quuitur(s),

1924 2129 1978 2175 et
2034 2119 2245 2174 interim
2273 2158 2286 2182 ,
2334 2117 2460 2172 dum
2506 2115 2817 2172 sacerdotes
2863 2114 2914 2169 in
2966 2129 3058 2168 ara
3113 2111 3245 2166 illud
3276 2110 3518 2166 confrin-

1923 2222 2077 2283 gunt,
2104 2213 2511 2283 confractorium
2542 2210 2751 2266 canitur
2803 2207 2868 2281 (t)
2894 2248 2907 2273 ,
2962 2216 3017 2262 et
3046 2205 3261 2262 tandem
3293 2205 3518 2276 septima

1923 2305 2096 2359 oratio
2120 2343 2134 2367 ,
2164 2318 2282 2372 qua:
2311 2301 2587 2355 Dominica
2616 2309 2727 2363 est,
2781 2301 3039 2354 recitatur
3061 2339 3078 2366 ,
3129 2298 3312 2353 illiuue
3340 2296 3521 2352 brevis

1924 2395 2098 2450 oratio
2127 2393 2471 2463 prazmittitur
2492 2432 2505 2455 ,
2537 2400 2660 2445 ante
2685 2392 2976 2445 orationem
3018 2389 3353 2444 Dominicam
3397 2386 3522 2441 Gal-

1924 2485 1990 2541 lis
2012 2484 2153 2539 dicta
2179 2526 2194 2552 ,
2226 2491 2282 2538 et
2310 2482 2661 2553 subsequitur
2693 2481 2794 2535 alia
2821 2522 2837 2547 ,
2863 2495 2983 2550 quae
3025 2479 3212 2535 iisdem
3243 2487 3360 2550 post
3401 2494 3522 2533 ora-

1928 2578 2120 2633 tionem
2173 2575 2503 2629 Dominicam
2536 2572 2643 2645 (u)
2676 2574 3010 2629 nominatur.
3072 2572 3167 2627 ﬂis
3221 2571 3521 2635 absolutis,

1926 2669 1982 2725 in
2004 2679 2232 2737 utraque
2266 2668 2514 2736 liturgia,
2548 2665 2607 2718 lit
2651 2665 2955 2720 commistio
3005 2663 3248 2734 corporis
3299 2670 3355 2717 et
3401 2662 3526 2717 san-

1927 2763 2101 2831 guinis
2124 2760 2334 2816 Domini
2362 2760 2467 2831 (υ)
2492 2800 2506 2825 ,
2534 2766 2648 2813 tum
2679 2757 2931 2813 sacerdos
2954 2755 3156 2827 populo
3183 2753 3526 2810 benedictio-

1930 2870 2054 2911 nem
2112 2853 2417 2923 impertitur
2440 2891 2456 2918 ,
2486 2851 2577 2921 qui
2623 2864 2758 2906 voce
2787 2848 3001 2904 diaconi
3031 2847 3178 2918 prius
3206 2845 3529 2900 monebatur

1932 2961 1993 3008 ut
2018 2966 2077 3008 se
2105 2950 2414 3006 bumiliaret
2444 2944 2807 3003 benedictioni
2836 2944 2942 3015 (ai)
2971 2984 2982 2996 .
3008 2941 3142 2996 Data
3192 2937 3528 2995 benedictio-

1934 3060 2037 3113 ne,
2066 3043 2365 3099 cauebatur
2401 3039 2543 3112 quod
2590 3036 2789 3093 Missali
2838 3034 3076 3090 Ximenii
3125 3032 3196 3086 ad
3230 3029 3529 3085 accedentes

1937 3138 2238 3196 inscribitur
2271 3139 2288 3208 (
2316 3155 2348 3208 ῃ
2372 3136 2391 3208 )
2416 3177 2432 3202 ,
2464 3134 2521 3189 tit
2544 3132 2739 3189 deinde
2777 3129 3122 3195 communio;
3146 3142 3253 3198 qua
3279 3131 3529 3196 peracta,

1941 3235 1993 3289 in
2026 3242 2252 3301 utraque
2299 3227 2512 3297 Iilurgia
2539 3267 2555 3293 ,
2597 3224 2873 3282 orationes
2922 3230 3046 3293 post
3092 3216 3531 3276 communionem

1939 3328 1957 3398 (
1984 3326 2044 3398 z)
2076 3324 2372 3380 recitantur
2391 3361 2407 3387 ,
2436 3336 2500 3376 ac
2527 3319 2754 3391 populus
2782 3316 3086 3373 dimittitur.
3116 3313 3305 3367 Plures
3346 3308 3436 3364 alii
3463 3306 3533 3363 ri.

1938 3397 2031 3473 tus
2054 3415 2175 3470 addi
2206 3420 2469 3484 possunt,
2504 3410 2592 3480 qui
2624 3425 2653 3464 a
2679 3406 2850 3463 Gallis
2877 3405 3080 3477 pariter
3105 3443 3119 3470 ,
3149 3410 3315 3473 atque
3340 3414 3372 3454 a
3424 3397 3532 3452 Go-

1940 3508 2353 3578 tho-llispanis,
2411 3515 2467 3561 et
2517 3504 2890 3559 Mozarabibus
2946 3497 3382 3569 usurpabantur,
3435 3491 3532 3546 sed

1939 3603 2200 3658 hactenus
2228 3599 2422 3669 prolati
2470 3595 2744 3652 sufﬁciunt
2773 3594 2841 3649 ad
2870 3590 3212 3664 probandum
3259 3585 3533 3654 Iiturgiam

1939 3696 2169 3752 Missalis
2192 3693 2424 3750 Ximenii
2458 3692 2593 3747 adeo
2619 3689 2849 3746 similem
2876 3701 2999 3742 esse
3026 3683 3197 3741 veteri
3224 3679 3532 3745 Gallicanm,

1941 3797 2001 3845 ut
2030 3803 2134 3843 una
2166 3796 2329 3855 atque
2354 3784 2543 3840 eadem
2566 3822 2582 3848 ,
2610 3780 2751 3836 haud
2782 3778 3052 3834 immerito
3071 3816 3086 3841 ,
3119 3774 3303 3829 haberi
3341 3770 3532 3841 possit.

1946 3902 1974 3974 §
2003 3900 2088 3955 Vl.
2107 3898 2250 3954 Satis
2276 3898 2335 3964 ﬁt
2360 3911 2537 3950 eorum
2566 3888 2947 3960 difﬁcultatibus
2975 3886 3061 3956 qui
3087 3887 3366 3952 opinantur
3394 3880 3534 3931 litur-

1979 3993 2117 4063 giam
2143 3985 2379 4042 Missalis
2429 3982 2657 4037 Ximenii
2699 3979 2951 4032 diversam
2991 3988 3102 4028 esse
3140 3988 3171 4025 a
3201 3968 3497 4025 Gallicana.

2019 4130 2106 4192 '78.
2137 4129 2255 4185 Non
2284 4130 2475 4197 ignoro
2496 4125 2643 4180 viros
2672 4120 2935 4193 quosdam
2993 4114 3233 4173 eruditos
3287 4112 3536 4182 opinatos

1946 4240 2065 4284 esse
2096 4224 2363 4293 Iiturgiam
2410 4217 2802 4275 Mozarabicam
2854 4227 2955 4267 nec
3006 4205 3510 4275 Gotho-llispanam

1948 4332 2123 4387 neque
2169 4315 2428 4371 Gallicam
2484 4309 2783 4368 habendam
2837 4320 2976 4363 esse.
3025 4303 3199 4368 Nam,
3254 4298 3538 4368 inquiunt,

1951 4499 2203 4557 cerdotis.
2248 4498 2403 4552 Aliud
2433 4503 2516 4552 est
2540 4496 2594 4550 in
2633 4486 3066 4549 Sacramentario
3096 4481 3371 4545 Bobiensi,
3410 4492 3535 4550 pag.

1878 4559 1929 4620 D
1957 4571 2082 4639 s75,
2113 4580 2167 4625 et
2194 4570 2431 4639 tertiumi
2456 4569 2517 4639 in
2545 4559 3035 4639 Missali__)_liinenii.

2024 4627 2118 4784 ἕνῇ)
2152 4640 2373 4767 ἦξξῗειιθ
2399 4638 2707 4699 Gothicam,
2740 4632 2955 4688 Missale
2983 4627 3315 4683 Gallicanum
3360 4630 3532 4677 vetus.

2050 4730 2082 4767 n
2213 4729 2224 4765 I
2273 4750 2286 4763 .

2050 4713 2107 4767 nl
2152 4713 2286 4767 Ibid.

2050 4782 2099 4855 ο)
2150 4782 2276 4855 Ibid.

2046 4861 2105 4921 pi
2152 4854 2283 4909 Ibid.

2152 4907 2468 5006 llilduinus,
2500 4927 2657 4991 epist.
2713 4917 2780 4972 ad
2835 4915 3091 4971 Ludovic.
3138 4910 3325 4972 Pium,
3375 4907 3539 4959 Areo.

1954 4995 2199 5070 paelicis
2227 4995 2522 5070 valuisse:

2029 5058 2098 5139 (ν)
2124 5058 2335 5139 Missale
2364 5064 2600 5131 Gothic.,
2630 5060 2839 5117 Missale
2865 5058 2982 5139 Gal.
3016 5065 3184 5111 vetus.

2043 5128 2111 5211 (ἐ)
2142 5138 2217 5211 De
2245 5137 2396 5192 Glor.
2437 5128 2685 5211 martyr”
2724 5148 2843 5211 cap:
2879 5128 2970 5211 87-ζ
3049 5196 3079 5211 μ
3362 5190 3430 5211 με

2147 5210 2381 5266 Sanctus
2452 5198 2707 5261 German.
2743 5245 2757 5271 ,
2793 5198 2873 5256 'in
2931 5198 3297 5267 Explicatione
3362 5198 3536 5245 missae

2032 5312 2036 5344 ι
2082 5300 2151 5339 rc.

1960 5288 2593 5433 GagllfOSanctusnGerw
2639 5346 2795 5416 Expl.
2825 5340 2996 5433 ‘miss.
3049 5338 3276 5401 Gallic.,
3329 5331 3541 5386 Missale

1960 5421 2244 5490 Gotliicum
2264 5468 2277 5492 ,
2310 5433 2367 5482 et
2393 5421 2926 5492 Gallicanumvetus.

2059 5485 2108 5570 ὑ)
2156 5485 2840 5570 Sanctus_Germ_.,__lbid_-n
2956 5566 2966 5570 _
3061 5549 3250 5570 “in”,

2059 5506 2108 5570 υ)
2156 5506 2385 5554 Sanctus
2430 5506 2637 5556 Germ.,
2671 5506 2800 5541 mnu.

2032 5506 2113 5647 ita)
2136 5571 2362 5647 §anctus
2379 5567 2560 5647 Germ.
2578 5560 2716 5647 ibid;
2736 5566 2789 5647 et
2808 5556 3037 5639 sanctus
3059 5549 3318 5608 Caesarius
3340 5541 3518 5597 Arelat

1959 5629 2109 5705 ιιοίηἷ
2143 5642 2209 5708 8,
2241 5643 2382 5695 inter
2407 5637 2578 5708 editas
2606 5646 2636 5684 a
2670 5629 2914 5708 _BaLuzio.

2408 5690 2587 5759 Germ.
2626 5745 2640 5769 ,
2670 5702 2722 5755 in
2751 5700 2904 5764 Expl.
2938 5696 3082 5778 miss.
3111 5690 3226 5749 Gal.

2034 5718 2110 5859 (si
2137 5782 2347 5839 Missale
2373 5776 2538 5833 Goth.
2568 5783 2623 5831 et
2658 5781 2769 5829 vet.
2815 5770 3005 5825 Gallic.

2034 5768 2108 5860 {:5
2137 5768 2347 5839 Missale
2373 5776 2538 5833 Goth.
2568 5783 2623 5831 et
2658 5781 2769 5829 vet.
2815 5768 3005 5825 Gallic.
