4040 6356
220 302 291 361 as
1688 294 2080 354 pit/arum.
3438 310 3512 369 κ

219 419 383 481 modo
405 419 462 475 in
488 430 724 487 numero
751 422 809 473 et
834 414 1145 487 prolixitate
1172 414 1475 471 orationum
1505 415 1814 473 missarum-
1842 417 1895 476 Α
1920 412 2151 467 hostiam
2176 420 2231 467 et
2259 414 2486 472 calicem
2524 422 2731 472 tectum
2763 417 2931 488 ﬁliola
2961 419 3177 475 elevare
3202 436 3217 487 ς
3264 427 3510 494 tempore

217 529 347 585 que,
369 511 465 571 sed
484 512 539 566 in
560 510 747 566 verbis
760 509 921 564 etiam
946 516 1109 578 atque
1133 508 1188 563 in
1212 516 1467 563 contextu
1487 506 1811 576 discrepare,

215 606 347 675 quin
396 604 585 674 plures
628 602 968 657 admittenda:
1011 601 1122 656 sint
1168 601 1395 669 liturgiae
1436 598 1714 666 Romanae,
1747 599 1814 654 ab

216 697 488 764 invicem,
519 710 620 765 pro
650 694 942 751 liissalium
982 708 1229 756 numero,
1262 692 1657 747 dissentientes.
1701 691 1813 747 No-

214 796 368 845 verat
393 802 615 859 quoque
638 802 801 845 unam
822 800 942 843 esse
965 784 1230 853 liturgiam
1256 783 1812 853 Constantinopolita-

214 895 363 946 nam,
398 880 505 937 etsi
524 879 687 941 missa
711 876 1083 947 Chrysostomi
1103 874 1313 931 diversa
1335 873 1663 945 quandoque
1684 874 1754 928 sit
1782 888 1813 933 a
1856 928 1863 933 _

214 972 527 1037 Basiliam;
575 984 737 1027 unam
781 983 902 1025 esse
947 967 1215 1036 liturgiam
1257 966 1534 1039 Syriacam
1583 967 1635 1021 in
1666 975 1813 1021 tanta

213 1064 481 1126 varietate
509 1062 924 1133 Anaphorarum
944 1077 959 1126 ;
982 1074 1144 1115 unam
1180 1074 1300 1114 esse
1328 1058 1625 1129 Copticam,
1650 1074 1810 1113 unam

210 1154 658 1219 Alexandrinam,
698 1155 945 1224 quamvis
974 1154 1150 1208 missxe
1174 1153 1347 1207 sancti
1394 1151 1592 1219 Marci,
1638 1153 1811 1208 sancti

212 1248 416 1313 Basilii.
448 1249 623 1308 Sancti
663 1248 871 1319 Cyrilli,
918 1255 975 1303 et
1016 1247 1190 1303 sancti
1219 1244 1487 1315 Gregorii,
1537 1248 1590 1302 in
1629 1248 1809 1304 multis

213 1339 557 1397 dissentiant.
592 1337 763 1397 Unam
791 1339 1024 1407 denique
1068 1336 1232 1393 misse
1270 1338 1536 1407 liturgiam
1580 1339 1811 1397 Gallica-

213 1445 356 1495 nam,
386 1431 635 1499 quamvis
658 1430 779 1488 libri
808 1430 1048 1486 Iissales
1075 1438 1129 1485 et
1154 1428 1478 1484 Lectionarii
1500 1429 1809 1501 frequenter

212 1540 319 1580 non
362 1523 798 1590 concordabant,
851 1523 931 1580 uti
979 1538 1048 1578 ex
1091 1522 1157 1578 iis
1184 1522 1275 1593 qui
1324 1521 1497 1578 adhuc
1524 1534 1808 1594 supersunt

214 1618 487 1687 conjicere
510 1618 655 1675 licet.

279 1708 369 1765 83.
404 1709 663 1777 Quamvis
693 1708 855 1778 igitur
882 1706 1097 1763 Missale
1123 1705 1471 1765 Mozarahum
1516 1707 1569 1761 in
1598 1708 1803 1763 oratio-

1919 504 2195 560 Adventus
2223 503 2400 561 omitti
2448 514 2666 564 cantum
2714 509 2899 581 hymni
2929 508 3111 566 Gloria
3154 512 3212 566 in
3254 515 3507 585 excelsis;

1917 594 2131 652 Missale
2158 599 2512 654 mutationem
2560 601 2849 670 quamdam
2897 618 3114 673 passum
3144 619 3263 662 esse
3289 605 3344 662 in
3383 624 3509 665 ora-

1916 688 2155 745 tiuncula
2198 690 2409 756 Adesto,
2464 692 2662 759 adesto,
2708 692 2831 747 Iesu
2878 693 3029 763 bone,
3077 711 3198 766 qua!
3251 700 3509 767 prtecedit

1916 786 2317 840 consecratoria
2346 784 2543 841 Christi
2572 788 2736 842 verba
2761 805 2777 854 ;
2828 803 3020 844 omnes
3065 789 3237 845 ferme
3264 792 3507 849 rubricas

1913 879 2207 937 Dominicae
2233 880 2559 951 Palmarum,
2590 881 2735 938 ierim
2764 883 2984 954 quintm,
3009 892 3065 939 et
3092 892 3258 941 sextae
3287 886 3509 955 majoris

1914 973 2267 1030 hebdomade
2294 989 2326 1029 e
2355 974 2556 1035 Missaii
2587 973 3134 1032 Romano-Toletano
3160 977 3507 1048 depromptas

1914 1080 2064 1131 esse;
2113 1066 2167 1120 in
2198 1065 2398 1121 Missali
2428 1064 2662 1122 Ximenii
2711 1067 3005 1123 desiderari
3045 1069 3320 1125 rubricam
3368 1070 3508 1125 hanc

1914 1158 2073 1230 [xxi],
2104 1174 2266 1228 quam
2298 1158 2549 1217 Etherius
2577 1167 2633 1214 et
2686 1160 2885 1215 Beatus
2913 1162 3214 1216 retulerunt
3244 1161 3315 1233 (ο)
3350 1180 3362 1213 :
3390 1178 3507 1215 cum

1912 1251 2253 1324 Evangelium
2282 1270 2315 1305 α
2354 1252 2510 1307 levita
2539 1269 2693 1321 super
2718 1252 2885 1306 altare
2927 1253 3145 1321 levatur,
3172 1254 3395 1323 primum
3423 1254 3505 1306 di-

1912 1346 2042 1399 citur
2068 1342 2206 1401 LAUS
2228 1360 2355 1407 't'tat,
2383 1352 2431 1397 et
2455 1342 2520 1396 ab
2550 1345 2785 1398 omnibus
2832 1345 3174 1415 respondetur
3208 1345 3347 1399 LAUS
3378 1360 3503 1408 TIBI,

1911 1432 2119 1489 DOIINI
2148 1450 2255 1489 nux
2279 1450 2523 1488 suum:
2553 1449 2764 1489 cunam:
2789 1451 2802 1498 ;
2834 1435 2974 1489 hanc
2997 1433 3156 1488 aliam
3187 1434 3455 1489 rubricam
3487 1449 3502 1485 ;

1912 1522 2131 1588 Quando
2158 1526 2343 1579 chorus
2370 1525 2497 1579 dicit
2520 1541 2694 1581 rscsn
2725 1542 2870 1580 usus
2896 1527 3118 1592 accipiat
3138 1527 3377 1580 sacerdos
3406 1542 3506 1595 pa-

1908 1632 2014 1670 cem
2040 1617 2102 1671 de
2125 1628 2382 1687 patena...
2416 1627 2465 1671 et
2486 1619 2574 1671 det
2598 1635 2712 1672 eam
2734 1618 2974 1683 diacono,
2996 1619 3073 1672 uel
3103 1635 3281 1688 puero,
3309 1626 3358 1670 et
3381 1634 3507 1686 puer

1908 1710 1990 1763 det
2015 1712 2225 1780 populo,
2247 1710 2484 1765 additam
2516 1710 2679 1767 fuisse
2703 1709 2927 1775 Missali,
2951 1717 3236 1778 postquam
3264 1724 3368 1778 pax
3390 1709 3507 1763 dari

214 1801 366 1856 nibus
403 1810 462 1856 et
502 1802 555 1856 in
586 1800 907 1861 lectionibus
948 1798 1351 1868 Scripturarum
1397 1813 1505 1852 non
1545 1813 1668 1853 raro
1697 1799 1805 1854 dis-
1834 1791 1885 1851 Β
1907 1808 2081 1869 empta
2111 1810 2193 1855 est
2240 1800 2439 1854 tabella
2468 1799 2720 1868 quadam,
2771 1814 2889 1869 qum
2918 1807 3071 1868 porta
3099 1815 3229 1868 pace
3256 1797 3506 1867 Hispanis

213 1895 407 1961 sentiat
437 1910 467 1949 a
494 1893 694 1951 Missali
716 1892 1129 1948 Gallo-Gothico
1153 1891 1301 1964 [xx],
1331 1899 1385 1947 et
1407 1908 1437 1946 a
1467 1891 1807 1949 Lecrionario

212 1985 561 2052 Luxoviensi,
592 2000 699 2041 non
743 1983 871 2040 inde
896 1984 1245 2053 consequitur
1289 1984 1389 2038 hos
1435 1983 1603 2039 libros
1632 1984 1708 2038 ad‘
1726 1984 1806 2038 di-

210 2093 394 2136 versas
422 2078 669 2149 liturgias
698 2077 1037 2147 pertinuisse,
1071 2084 1163 2131 aut
1202 2072 1562 2140 Gallicanam,
1595 2073 1805 2131 Gotho-

208 2166 526 2240 Hispsnam,
557 2178 615 2227 et
659 2169 1046 2225 Mosarabicam
1074 2183 1235 2224 unam
1264 2168 1618 2238 eamdemque
1656 2168 1805 2224 litur-

206 2264 352 2332 giam
382 2279 490 2319 non
516 2263 700 2321 fuisse.
727 2263 891 2329 Nam,
917 2278 1039 2319 cum
1069 2263 1121 2315 in
1152 2261 1353 2316 Missali
1390 2259 1804 2316 Gallo-Gothico

212 2354 359 2409 idem
386 2363 553 2426 typus
579 2355 857 2423 liturgicus
883 2356 1199 2419 inveniatur,
1230 2353 1320 2422 qui
1359 2354 1413 2411 in
1458 2352 1657 2407 Missali
1684 2352 1803 2409 Ilo-

215 2446 479 2499 zarabum
506 2444 759 2513 Ximenii,
788 2454 840 2499 et
867 2446 921 2499 in
943 2454 1164 2516 utroque
1193 2444 1391 2499 Missali
1422 2444 1799 2513 deprehenda-

210 2544 301 2589 tur
334 2536 481 2590 idem
527 2551 794 2601 numerus,
840 2537 978 2592 idem
1008 2529 1156 2603 ordo,
1189 2537 1484 2606 eademque
1523 2535 1802 2606 dispositio

206 2630 552 2696 orationum,
602 2631 921 2698 lectionum,
974 2633 1355 2701 actionumque
1401 2630 1798 2699 iiturgicarum,

206 2722 362 2776 ambo
392 2722 450 2776 hi
481 2722 603 2777 libri
629 2723 880 2779 censendi
907 2732 1034 2778 sunt
1063 2723 1128 2777 ad
1160 2738 1324 2777 unam
1357 2721 1709 2790 eamdemque
1738 2721 1799 2775 li-

206 2814 432 2883 turgiam
463 2815 756 2884 pertinere,
780 2832 896 2885 quae
917 2816 971 2870 in
994 2815 1165 2872 Gallia
1190 2815 1317 2870 olim
1342 2824 1506 2883 atque
1529 2814 1581 2868 in
1611 2812 1799 2884 Hispa-

208 2905 284 2958 nia
310 2922 414 2961 usu
447 2915 506 2961 et
534 2908 689 2977 praxi
718 2906 1081 2963 Ecclesiarum
1109 2915 1327 2977 recepta
1356 2906 1474 2961 fuit.
1508 2904 1549 2957 E
1573 2905 1799 2960 diversi-

212 3004 304 3052 tate
331 3007 522 3052 autem
550 2998 844 3054 Missalium
874 3000 930 3054 id
961 3015 1127 3055 unum
1154 2998 1392 3066 legitime
1421 2998 1600 3068 colligi
1624 3005 1801 3069 potest

214 3100 290 3143 eas
311 3104 341 3143 a
370 3089 607 3145 diversis
635 3090 947 3147 auctoribus
973 3090 1138 3146 fuisse
1163 3089 1509 3159 compositas.

1907 1901 2283 1962 nuncupatur;
2324 1892 2553 1946 formam
2596 1891 2780 1961 hymni
2810 1889 2991 1949 Gloria
3036 1891 3090 1943 in
3139 1889 3357 1942 excelsis
3386 1904 3506 1957 qua:

1907 1987 1962 2041 in
1991 1986 2189 2043 Missali
2234 1985 2467 2041 Ximenii
2500 1986 2698 2054 legitur
2726 1985 3066 2053 desumptam
3094 1996 3213 2037 esse
3243 1996 3273 2035 e
3302 1980 3506 2035 Missali

1906 2076 2169 2133 Toletano
2188 2094 2201 2143 ;
2226 2077 2465 2143 demum,
2484 2072 2623 2132 teste
2639 2074 2895 2131 Roblesio
2911 2074 3013 2145 (ἡ,
3031 2072 3243 2128 Missale
3262 2070 3506 2135 Mazara-

1903 2171 2032 2226 bum
2062 2171 2374 2241 inscriptum
2392 2170 2553 2225 fuisse
2576 2169 2791 2223 Missale
2813 2166 3185 2237 mistum,quia
3214 2165 3505 2222 mandante

1904 2261 2158 2317 Iimenio
2171 2264 2432 2332 pleraque
2447 2263 2766 2327 recentiora,
2783 2260 3158 2315 Mozarabibus
3170 2260 3374 2328 ignota,
3388 2259 3504 2315 fue-

1903 2362 2030 2408 runt
2059 2354 2311 2416 immista,
2344 2369 2463 2422 quae
2492 2369 2523 2407 e
2550 2353 2745 2407 Missali
2775 2352 3038 2407 Toletano
3070 2351 3498 2421 desumpserant.

1974 2446 2062 2501 95.
2096 2446 2222 2501 [hec
2260 2454 2405 2512 sunt,
2438 2461 2556 2517 quae
2585 2446 2784 2502 Missali
2820 2455 3007 2499 nostro
3045 2445 3272 2515 opponit
3316 2444 3499 2499 erudi-

1904 2546 1991 2593 tus
2020 2536 2095 2593 Le
2130 2537 2297 2603 Brun,
2346 2546 2403 2593 et
2438 2553 2557 2608 quae
2588 2539 2655 2591 ab
2684 2538 2802 2592 aliis
2833 2538 3032 2607 passim
3083 2536 3245 2605 objici
3299 2536 3497 2593 solent.

1903 2632 2108 2699 Quibus
2146 2632 2262 2702 ipse
2304 2631 2560 2687 nonnulla
2603 2630 2794 2699 adjeci.
2838 2628 2895 2684 Si
2942 2629 3077 2700 quid
3117 2630 3260 2685 enim
3305 2628 3503 2684 oﬁ‘endi

1903 2724 2046 2793 quod
2076 2741 2104 2779 a
2136 2724 2333 2779 ritibus
2359 2723 2830 2793 Gotho-Hispanis
2859 2723 3167 2792 discrepare
3197 2721 3499 2787 videbatur,

1904 2814 1959 2868 in
2015 2815 2156 2869 uotis
2208 2815 2459 2869 iudicavi.
2518 2814 2643 2869 Hmc
2681 2823 2860 2869 tamen
2919 2814 3216 2883 integritati
3276 2814 3503 2883 liturgite

1904 2906 2132 2960 Missalis
2160 2904 2396 2962 Ximenii
2442 2922 2549 2961 non
2588 2908 2658 2959 ita
2691 2914 2905 2971 nocent,
2949 2914 3011 2965 ut
3058 2904 3503 2975 Gellio-Hispana

1904 2997 2009 3053 dici
2037 3006 2289 3067 nequeat.
2337 2996 2607 3069 Quidquid
2632 2999 2776 3053 enim
2800 2996 3112 3051 Mozarabes
3150 2999 3498 3061 innovarunt,

1903 3088 1956 3143 id
1984 3105 2143 3143 omne
2171 3098 2263 3142 aut
2288 3086 2339 3143 in
2371 3090 2556 3158 paucis
2580 3090 2785 3152 missis,
2818 3096 2911 3143 aut
2932 3089 2984 3142 in
3027 3089 3254 3143 rubricis
3280 3088 3501 3158 quibus-

271 3178 349 3234 90.
382 3179 657 3250 Denique,
689 3180 833 3250 quod
859 3182 1005 3239 addit
1035 3182 1131 3251 (α),
1164 3181 1434 3250 liturgiam
1462 3180 1793 3235 Gallicanam
1822 3159 1866 3221 Ο
1897 3181 2019 3235 dam
2044 3181 2411 3251 reponendum
2439 3189 2541 3247 est,
2594 3197 2658 3237 ac
2697 3182 2871 3236 missze
2922 3181 3265 3235 Mozarabicze
3310 3195 3501 3236 ontnes

215 3269 258 3329 in
277 3287 487 3328 canone
515 3273 809 3328 multarum
838 3275 1120 3339 missarum
1163 3290 1194 3329 a
1233 3273 1570 3329 Mozarabico
1598 3273 1791 3327 discri-

211 3366 407 3432 minari,
436 3368 602 3436 plane
638 3358 841 3423 fallitur
866 3387 879 3421 :
906 3384 1026 3423 nam
1054 3368 1231 3423 misste
1261 3366 1571 3427 Gallicanae,
1592 3375 1648 3421 et
1676 3365 1791 3427 Mo-

208 3458 455 3515 urabicat
484 3475 754 3515 canonem
783 3462 1002 3516 omnino
1044 3476 1152 3516 non
1192 3460 1423 3523 habent,
1470 3460 1519 3512 in
1552 3474 1613 3513 ea
1646 3459 1793 3514 vocis

207 3556 518 3625 acceptione
546 3571 653 3625 qua
684 3558 887 3612 utimur
913 3573 1036 3613 cum
1061 3558 1127 3612 de
1155 3558 1315 3612 missa
1347 3558 1583 3611 Romana
1614 3572 1793 3613 sermo

205 3656 293 3701 est.
331 3648 678 3706 Uratluttcula
708 3651 794 3705 illa
822 3653 1033 3719 Adesto,
1067 3652 1267 3717 adesto,
1306 3651 1431 3705 Jesu
1477 3653 1625 3716 bene,
1659 3660 1790 3719 etc.,

205 3740 543 3797 manifestum
570 3751 653 3798 est
680 3746 1043 3800 recentiorum
1084 3744 1426 3799 Mozarabum
1458 3744 1793 3798 additamen-

205 3842 350 3899 tum,
382 3851 486 3891 nec
524 3852 711 3892 nomen
739 3841 955 3894 canonis
986 3848 1243 3894 meretur.
1287 3837 1576 3905 Perperam
1626 3836 1790 3891 etiam

202 3925 378 3994 aliqui
408 3928 625 3982 nomine
650 3932 854 3986 canonis
879 3932 1151 3986 donarunt
1179 3931 1478 3985 orationem
1510 3938 1627 3999 post
1653 3928 1794 3984 San-

200 4027 332 4081 ctus,
368 4033 495 4088 qua:
522 4020 782 4091 appendix
814 4023 1069 4077 illationis
1099 4024 1203 4075 diri
1230 4022 1405 4079 debet.

258 4109 286 4183 ς
312 4108 425 4167 WL
460 4110 817 4189 Respondetur
840 4116 904 4171 iis
932 4115 1019 4189 qui
1046 4115 1191 4169 uixmt
1220 4114 1479 4187 t't'mrgiam
1503 4109 1737 4168 Hirsutis

686 4187 916 4245 Ximenii
944 4187 1175 4244 'vitiatam
1200 4204 1328 4243 esse.

271 4274 357 4333 9i.
386 4275 611 4347 Maioris
639 4288 722 4340 est
749 4281 1007 4339 momenti
1036 4280 1139 4341 alia
1180 4280 1475 4344 accusatio,
1527 4277 1793 4345 liturgiam

203 4366 592 4429 lounbicam
620 4373 851 4433 missalis
878 4372 1112 4435 Ximenii
1137 4373 1271 4431 adeo
1297 4372 1538 4429 vitiatam
1564 4384 1705 4439 esse,
1735 4375 1798 4431 ut

204 4464 380 4520 eadem
411 4465 519 4523 dici
565 4478 800 4537 nequeat
825 4477 987 4539 atque
1020 4465 1489 4537 Gellio-Hispana.
1523 4463 1678 4523 Hanc
1704 4478 1794 4519 ac-

1894 3271 2119 3327 formam
2152 3272 2440 3341 genuinam
2495 3271 2724 3340 liturgite
2755 3270 3219 3340 Gotho-Hispanaa
3256 3270 3499 3325 retinue-

1892 3380 2039 3435 runt,
2066 3386 2165 3426 nec
2189 3386 2293 3426 una
2316 3380 2397 3425 est
2426 3385 2612 3427 earum
2638 3385 2759 3441 quae
2806 3369 3049 3426 ordinem
3074 3369 3375 3426 Romanum
3407 3376 3502 3425 aut

1892 3464 2303 3519 Ambrosianum
2331 3473 2588 3521 sectetur.

1965 3558 2054 3614 9i.
2106 3558 2356 3614 Rubricac
2409 3574 2537 3614 vero
2566 3574 2701 3628 quas
2748 3570 3006 3628 tanquam
3056 3566 3307 3613 recentes
3361 3556 3499 3625 obji-

1893 3649 2074 3711 ciunt,
2119 3659 2174 3705 et
2206 3651 2381 3705 minus
2427 3651 2607 3705 multa!
2651 3659 2807 3718 sunt,
2841 3652 3074 3706 maxime
3120 3651 3163 3704 si
3212 3664 3334 3704 cum
3385 3657 3498 3704 tota

1894 3742 2038 3796 mole
2081 3742 2315 3797 missalis
2340 3742 2708 3809 conferantur,
2741 3753 2794 3798 et
2822 3743 3112 3811 integritati
3143 3742 3275 3795 ritus
3301 3740 3497 3794 Gothi).

1894 3831 2115 3902 Hispani
2158 3838 2347 3903 parum
2401 3835 2662 3889 otiiciunt.
2734 3836 2890 3901 Quod
2920 3845 2978 3889 ut
3026 3834 3223 3889 clarius
3274 3840 3494 3902 pateat,

1893 3922 2137 3976 rubricas
2164 3923 2263 3976 has
2291 3924 2343 3976 in
2372 3921 2575 3976 classes
2606 3923 2813 3992 aliquot
2834 3922 3035 3976 divido.

1966 4011 2055 4066 95.
2088 4011 2148 4065 Et
2181 4013 2234 4066 in
2275 4013 2448 4081 prima
2480 4012 2652 4068 classe
2678 4028 2770 4070 eas
2798 4014 3044 4071 rubricas
3096 4013 3306 4072 colloco
3328 4055 3343 4083 ,
3374 4026 3493 4083 tunc

1894 4110 2139 4163 vetustos
2180 4102 2317 4160 ritus
2345 4102 2827 4176 Gellio-Hispanos
2856 4105 2921 4159 ad
2971 4105 3285 4160 memoriam
3334 4119 3496 4159 revo-

1895 4208 2065 4264 cant,
2114 4214 2343 4268 quorum
2397 4199 2640 4268 reliquim
2688 4199 2935 4269 quaadam
2986 4207 3152 4262 sunt,
3206 4197 3296 4267 qui
3349 4204 3499 4253 certe

1896 4289 2205 4358 antiquitati
2226 4286 2459 4348 Missalis
2482 4289 2712 4358 ejusque
2741 4290 2975 4359 liturgite
3001 4288 3297 4357 integritati
3340 4287 3497 4341 mini-

1896 4396 1986 4437 me
2030 4381 2232 4437 obsunt
2264 4423 2277 4446 ,
2305 4382 2418 4436 imo
2469 4381 2873 4453 quodammodo
2921 4391 3169 4452 prosunt.
3221 4370 3496 4449 Ejusmodi

1896 4480 1990 4527 est.
2016 4473 2231 4529 rubrica
2256 4473 2348 4527 illa
2374 4488 2479 4542 qua
2536 4474 2590 4527 in
2638 4474 2800 4528 missa
2850 4474 3019 4527 votiva
3070 4472 3367 4526 omnimodo
3394 4515 3407 4537 ,
3440 4478 3497 4525 et

203 4557 531 4615 mntioqu
590 4575 703 4629 pra:
745 4538 956 4619 cateris
1000 4574 1193 4629 magna
1242 4559 1559 4619 eruditionis
1605 4560 1791 4629 specie
1820 4538 1951 4619 l)in
1982 4564 2158 4635 missis
2213 4538 2596 4620 defunctorum
2653 4567 2910 4620 sacerdos
2960 4543 3214 4619 monetur
3269 4573 3329 4617 ut
3379 4572 3496 4633 post

204 4660 478 4716 promovet
507 4648 569 4705 P.
598 4649 792 4710 Petrus
837 4652 912 4719 Le
940 4651 1085 4709 Brun
1115 4652 1212 4725 (b).
1262 4656 1392 4724 Qum
1421 4656 1511 4711 alii
1557 4655 1785 4726 sparsim

202 4743 523 4813 scripserant
542 4745 596 4801 in
615 4761 780 4803 unum
801 4748 1062 4816 congerit,
1084 4752 1302 4821 suisque
1320 4749 1787 4807 observationibus

204 4842 351 4900 auset
378 4842 438 4894 et
474 4834 730 4892 illustrat.

266 4926 352 4985 92.
386 4928 458 4985 At
485 4928 615 4998 quid
638 4930 855 4988 tandem
886 4933 1147 5003 opponit?
1176 4935 1419 5002 scilicet,
1444 4937 1788 5007 presbyteros

203 5016 582 5086 Mazarahicos.
606 5024 919 5095 priusquam
941 5040 1123 5083 sacras
1143 5038 1323 5084 vestes
1343 5029 1585 5093 induant,
1609 5030 1789 5086 dicere

203 5107 315 5174 Ave,
357 5108 566 5175 Maria;
598 5113 814 5181 quando
843 5114 911 5168 ad
941 5130 1089 5171 aram
1132 5118 1412 5185 accedunt,
1444 5120 1676 5189 primum
1703 5118 1786 5173 di-

202 5212 318 5254 cere
340 5201 446 5256 Are
472 5200 670 5271 Har-ia,
716 5219 779 5259 ac
807 5205 1003 5262 deinde
1031 5208 1423 5266 confessionem
1467 5213 1646 5267 facere
1672 5231 1686 5279 ;
1720 5214 1788 5267 ab

201 5303 307 5357 ara,
326 5292 572 5348 absoluta
593 5296 777 5362 missa,
802 5313 1128 5367 recessuros,
1154 5301 1333 5358 dicere
1353 5304 1524 5370 Salve,
1552 5305 1785 5377 Regina;

204 5382 411 5447 quando
444 5385 696 5441 amictum
744 5388 991 5456 induunt,
1039 5391 1218 5451 dicere
1262 5394 1497 5466 lmpoue,
1546 5394 1783 5462 Domine,

206 5478 298 5525 etc.
332 5474 606 5545 (amictus,
639 5479 842 5548 inquit,
878 5483 1120 5552 tempore
1165 5484 1390 5541 Leandri
1420 5496 1473 5543 et
1517 5487 1701 5544 lsidori
1734 5490 1784 5544 in

206 5578 298 5619 usu
340 5583 449 5623 non
492 5570 685 5642 erat);
734 5572 872 5629 facta
921 5575 1309 5634 elementorum
1357 5585 1783 5649 consecratione,

270 5678 342 5749 (α)
369 5680 503 5736 ibid.

239 5748 342 5829 _(b)
471 5751 661 5809 Petrus
676 5754 765 5834 ise
796 5755 966 5834 bruti,
1003 5758 1301 5834 Explicatio
1330 5763 1523 5834 Μίδεω,
1557 5774 1685 5819 tom.
1721 5767 1783 5834 ll,

202 5816 411 5876 dissert.
439 5838 504 5899 ν,
539 5834 643 5881 art.
673 5825 741 5895 2,
796 5827 824 5899 θ
858 5827 908 5895 t,
942 5816 1063 5903 pag.
1085 5816 1538 5915 'sotfizdiiicin's
1558 5816 1782 5893 cum;

1889 4658 2206 4727 sacriﬁcium
2262 4657 2409 4712 dicat
2468 4655 2633 4728 Kyrie
2684 4658 2877 4718 eteison
2901 4695 2917 4721 ,
2998 4663 3055 4711 et
3125 4655 3324 4710 chorus
3350 4695 3365 4721 ,
3433 4660 3493 4709 ut

1889 4753 2215 4824 respondeat
2242 4752 2448 4807 Christe
2480 4754 2674 4807 eleison
2699 4793 2714 4818 ,
2755 4750 2915 4822 Hyrie
2939 4750 3135 4805 eleison
3165 4791 3181 4817 ,
3226 4763 3348 4819 qua)
3378 4761 3492 4801 vcs-

1888 4844 2016 4913 tigia
2061 4842 2307 4912 quaedam
2362 4843 2587 4900 retinuit
2635 4858 2845 4914 precum
2895 4841 3158 4911 ﬁdelium,
3213 4840 3265 4894 in
3296 4837 3492 4907 quibus

1889 4936 1957 4991 ad
1977 4936 2217 5006 singulas
2245 4937 2464 4993 diaconi
2494 4936 2809 5007 petitiones,
2840 4935 3090 5005 populus,
3146 4932 3288 4986 elata
3313 4943 3447 4984 voce
3469 4971 3484 4994 ,

1889 5027 2252 5098 respondebat
2281 5026 2443 5101 Kyrie
2462 5027 2678 5093 eleison,
2707 5037 2763 5081 et
2790 5026 2995 5080 Christe
3022 5024 3231 5078 eteison.

1960 5122 2046 5177 96.
2077 5121 2337 5177 Secundae
2388 5121 2573 5177 classis
2622 5120 2854 5175 rubricm
2901 5118 2968 5172 ad
3004 5116 3197 5169 missas
3248 5113 3486 5183 privatas

1888 5215 2182 5285 pertinent,
2217 5214 2282 5268 ad
2306 5228 2397 5270 eas
2426 5213 2633 5268 scilicet
2670 5226 2804 5280 quas
2834 5208 3116 5280 presbyter
3153 5205 3272 5260 sine
3301 5206 3486 5261 minis-

1888 5316 2095 5361 trorum
2167 5313 2428 5375 apparatu
2501 5302 2780 5367 faciebat,
2845 5296 3108 5367 ejusmodi
3187 5306 3314 5353 sunt
3366 5314 3485 5369 quae

1889 5407 2113 5454 monent
2164 5399 2537 5471 presbyterum
2592 5406 2651 5453 ut
2719 5397 2832 5465 ipse
2883 5392 3027 5448 dicat
3086 5392 3335 5458 Oremus,
3370 5393 3484 5461 ipse

1890 5492 2054 5545 Aures
2102 5492 2172 5544 ad
2222 5490 2538 5555 Dominum,
2581 5489 2697 5557 ipse
2746 5483 3114 5554 Evangelium,
3146 5484 3481 5553 Apostolum,

1889 5592 1945 5639 et
1993 5585 2309 5656 prophetam
2364 5585 2507 5654 legat
2537 5624 2552 5649 ,
2603 5580 2815 5651 aliaque
2861 5580 3005 5636 dicat
3050 5588 3106 5638 et
3160 5578 3321 5657 faciat
3364 5593 3482 5646 quae

1892 5698 2107 5757 Parisiis

1965 5776 2071 5845 (cr)
2106 5771 2264 5845 lell
2294 5770 2506 5845 advers.
2541 5769 2865 5845 Eiipantum.

1966 5844 1982 5911 (
2008 5837 2079 5912 ά)
2105 5842 2159 5898 In
2194 5841 2307 5898 Vita
2337 5837 2901 5911 cardinalis'Ximenii,
2932 5856 3052 5912 cap.
3085 5837 3173 5893 52.
