4040 6356
540 304 605 363 51
1993 295 2381 355 ΡΒΕΙΡΔΤΙΟ.
3736 307 3802 363 39

539 418 594 472 in
642 412 806 471 missa
850 412 1077 470 solemni
1123 412 1475 470 diaconorum
1531 417 1722 467 erant.
1795 408 1888 464 lla:
1936 416 2118 464 autem
2146 409 2197 467 Δ
2295 409 2417 466 10οζ
2469 411 2669 479 Quarta
2718 414 2906 471 classis
2970 430 3063 473 eas
3110 416 3351 493 rubricas
3388 419 3801 490 complectitur,

537 507 764 564 rubricae
788 506 959 561 ferme
984 521 1174 562 omnes
1202 507 1435 575 antiquae
1464 510 1609 559 sunt.
1643 503 1777 557 Nam
1808 502 2121 558 sacerdotes

537 597 728 655 Gotbo=
744 597 985 669 Hispani,
1004 614 1126 654 cum
1148 598 1263 653 sine
1284 597 1543 652 ministris
1562 610 1715 651 sacra
1737 593 1997 654 facerent,
2018 594 2120 664 ipsi

538 707 602 748 ea
631 692 862 760 agebant
885 708 1003 763 qua:
1033 694 1084 746 in
1134 693 1291 747 missa
1324 691 1552 746 solemni
1580 691 1839 746 diaconus
1865 689 2115 745 faciebat.

608 783 696 838 97.
731 783 1168 839 Praetereundum
1215 797 1325 837 non
1374 790 1459 837 est
1486 782 1719 838 Missalia
1771 784 1948 849 mis’ta,
2002 783 2117 839 sive

536 875 828 948 plenaria,
879 877 1038 946 quale
1066 884 1149 931 est
1186 875 1401 931 Missale
1442 874 1677 931 Ximenii
1702 892 1721 940 η,
1751 877 2022 947 praecipue
2050 876 2118 930 a‘d

536 984 693 1025 usum
745 969 1082 1024 sacerdOtum
1148 970 1242 1039 qui
1293 983 1447 1024 sacra
1506 968 1757 1040 privatim
1809 968 2113 1035 faciebant,

536 1062 729 1135 [uti]
759 1061 1057 1132 composita
1086 1060 1252 1118 fuisse
1279 1104 1293 1126 ,
1324 1073 1418 1116 aut
1466 1077 1652 1116 eorum
1703 1062 1793 1132 qui
1872 1061 2117 1118 ecclesiis

533 1157 802 1214 ruralibus
818 1164 872 1209 et
890 1156 1222 1212 tenuioribus
1232 1156 1628 1221 deserviebant,
1644 1157 1839 1225 quibus
1858 1156 2114 1211 librorum

532 1262 809 1302 sacrorum
828 1249 984 1318 copia
1017 1258 1071 1302 et
1097 1248 1465 1303 ministrorum
1495 1256 1788 1317 apparatus
1807 1246 2109 1302 deﬁciebat.

601 1336 688 1392 98.
722 1337 778 1392 In
808 1338 987 1394 missis
1015 1347 1197 1393 autem
1224 1339 1446 1409 privatis
1486 1335 1608 1393 c’u'm
1652 1353 1759 1393 non
1789 1336 1943 1392 ﬁeret
1985 1354 2113 1393 con-

529 1428 613 1483 dio
641 1470 655 1493 ,
691 1444 794 1485 nec
823 1425 1160 1500 public'ornm
1208 1430 1582 1501 ptenitentium
1608 1474 1623 1498 ,
1666 1438 1721 1484 et
1766 1430 2112 1486 catechume-

530 1537 724 1576 norum
782 1522 1143 1589 dimissiones,
1184 1521 1252 1577 'de
1278 1523 1559 1589 concione,
1616 1522 1686 1578 de
1732 1522 1981 1592 precibus
2013 1537 2113 1592 pro

528 1614 957 1685 paenitentibus,
990 1630 1111 1670 cum
1160 1614 1265 1669 illis
1314 1629 1506 1668 manus
1557 1615 2006 1684 imponerentur,
2060 1621 2115 1669 et

528 1704 598 1783 d‘e
643 1720 830 1759 eorum
861 1713 916 1759 et
952 1706 1459 1773 catechumenorum
1516 1706 1882 1774 prostratione
1906 1747 1920 1770 ,
1954 1714 2114 1775 atque

2222 517 2340 573 qua:
2384 506 2733 561 caeremonias
2756 507 3010 578 quasdam
3061 509 3389 565 recentiores
3419 510 3491 565 ita
3537 511 3801 581 dirigunt,

2223 602 2281 648 ut
2305 605 2456 651 m‘ore
2485 598 2706 668 antiquo
2748 597 2899 654 fiant.
2954 600 3034 655 Ad
3078 602 3217 658 bane
3262 602 3487 657 classem
3532 605 3806 674 pertinent

2219 686 2627 744 benedictiones
2673 690 3019 747 candelarum
3047 734 3063 761 ,
3128 694 3216 750 die
3261 692 3707 766 Purificationis,
3751 707 3807 753 et

2220 777 2512 846 Cinerum,
2563 782 2695 838 feria
2749 794 2979 853 quarta,
3029 787 3083 848 in
3132 786 3310 856 capite
3351 786 3560 856 jejunii,
3592 803 3805 847 earum-

2218 886 2325 941 que
2352 873 2595 929 rubricaa.
2642 874 2750 930 Sed
2797 892 2971 946 neque
3017 878 3101 933 hac
3153 878 3397 934 ofﬁciunt
3449 882 3627 950 prisco
3676 882 3805 937 ritui

2218 961 2659 1039 Gotho-Hispano
2690 986 2703 1021 :
2736 983 2858 1022 nam
2885 984 3006 1024 cum
3053 968 3278 1024 formam
3325 979 3586 1026 vetustam
3634 973 3803 1027 bene-

2218 1057 2427 1113 dicendi
2489 1061 2796 1129 retineant,
2864 1062 2932 1117 ad
2985 1062 3251 1133 liturgiam
3299 1062 3803 1137 Gotho-Hispanam

2218 1153 2489 1221 pertinere
2520 1156 2807 1211 censenda:
2829 1162 2975 1209 sunt.

2288 1243 2411 1299 101.
2453 1244 2649 1311 Quinta
2677 1246 2860 1302 classis
2905 1262 2999 1303 eas
3046 1248 3205 1304 habet
3251 1250 3493 1307 rubricas
3540 1255 3807 1309 recentio-

2215 1351 2304 1391 res
2329 1377 2345 1404 ,
2387 1337 2582 1407 quibus
2610 1340 2885 1393 orationes
2912 1338 3141 1395 Mlssalis
3180 1342 3576 1398 contradicunt.
3608 1344 3808 1399 Dolen-

2216 1427 2340 1483 dum
2370 1443 2499 1483 sane
2526 1430 2625 1485 has
2653 1444 2684 1483 e
2707 1429 2904 1487 Missali
2931 1433 3168 1488 sublatas
3193 1450 3300 1489 non
3334 1434 3495 1493 fuisse
3519 1476 3534 1502 ,
3583 1438 3756 1509 [mn
3788 1438 3808 1511 j

2216 1537 2336 1577 cum
2380 1522 2519 1593 typis
2547 1522 2818 1579 ederetur.
2849 1524 3206 1581 Nihilominus
3236 1528 3545 1597 antiquitati
3568 1511 3809 1600 liturgi-J:

2216 1612 2442 1668 Missalis
2471 1616 2638 1669 nostri
2670 1631 2858 1686 parum
2890 1626 3125 1687 nocent,
3174 1634 3359 1674 secum
3410 1622 3551 1676 enim
3577 1661 3592 1687 ,
3647 1631 3707 1676 ut
3734 1624 3809 1677 ita

2219 1703 2391 1758 dicam
2415 1744 2431 1772 ,
2464 1720 2620 1759 suum
2680 1706 2932 1761 deferunt
2985 1708 3330 1763 antidotum:
3370 1710 3633 1779 ejusmodi
3682 1721 3812 1768 sunt

528 1777 596 1851 ’ab
625 1796 857 1851 ecclesia
889 1796 1187 1865 ejectione,
1224 1796 1277 1849 in
1332 1795 1482 1850 libris
1522 1794 1821 1851 Missalibus
1866 1795 2118 1865 plenariis
2149 1777 2199 1839 Β
2224 1795 2455 1849 rubricae
2503 1794 2669 1851 oflicii
2718 1798 2925 1853 sabbati
2975 1800 3187 1865 sancti,
3217 1816 3336 1868 quae
3391 1777 3707 1872 prmcipiunt
3750 1810 3811 1857 ut

528 1903 651 1942 raro
677 1887 735 1941 lit
766 1888 985 1942 mentio.
1009 1886 1064 1940 In
1105 1886 1406 1955 hujusmodi
1434 1885 1584 1942 libris
1605 1902 1728 1942 raro
1750 1887 1912 1943 etiam
1934 1903 2121 1958 preces

527 1980 817 2035 diaconicae
892 1979 1275 2044 inveniuntur,
1339 1993 1462 2032 nam
1529 1978 1830 2046 diaconus,
1902 1981 2118 2049 quando

529 2072 793 2142 ejusmodi
822 2071 997 2127 missis
1019 2072 1383 2137 imerviebat,
1438 2070 1711 2129 inferioris
1761 2074 1939 2129 clerici
1997 2090 2116 2129 mu-

527 2180 655 2220 nere
702 2165 1044 2236 fungebatur.

601 2259 690 2313 99.
716 2258 773 2312 ιιι
805 2260 966 2313 missa
995 2256 1464 2327 Gotho-Hispana,
1491 2266 1545 2313 et
1574 2258 1626 2313 in
1656 2258 1990 2314 Mozarabica
2017 2274 2113 2314 an-

529 2350 750 2420 tiquitus
791 2350 957 2405 semel
1008 2359 1212 2405 tantum
1244 2348 1577 2405 Eucharistia
1635 2350 1943 2405 elevabatur
1990 2360 2114 2422 post

524 2442 725 2497 dictum
782 2440 852 2495 Te
894 2451 1174 2513 prwstante
1203 2442 1279 2513 (α)
1307 2482 1321 2505 ,
1352 2443 1518 2497 semel
1568 2443 1730 2497 etiam
1761 2442 1922 2495 fiebat
1976 2460 2110 2511 apo-

524 2534 684 2605 logia,
740 2550 828 2587 seu
850 2535 1106 2605 confessio
1134 2535 1230 2606 (b),
1264 2543 1320 2590 et
1347 2534 1514 2590 semel
1539 2532 1701 2589 fiebat
1728 2548 2113 2590 commemora-

524 2626 603 2679 tio
628 2626 892 2690 vivorum,
910 2634 965 2679 et
988 2624 1385 2691 defunctorum,
1415 2634 1469 2679 et
1493 2625 1660 2680 semel
1688 2624 1941 2679 sacerdos
1967 2624 2112 2681 dice-

524 2716 619 2772 bat
642 2715 878 2771 Introibo
908 2719 976 2771 ad
996 2719 1162 2772 altare
1188 2716 1306 2783 Dei,
1357 2731 1461 2773 etc.
1484 2717 1552 2770 At
1580 2717 1909 2772 recentiores
1932 2716 2111 2772 Moza—

524 2808 683 2865 rabes
712 2811 765 2865 in
793 2811 952 2866 missa
985 2827 1079 2866 sua
1107 2812 1190 2866 bis
1218 2812 1400 2866 dicunt
1427 2811 1681 2876 Introibo,
1736 2812 1925 2877 semel,
1956 2827 2110 2869 more

526 2901 773 2958 Romano
803 2945 815 2967 ,
852 2904 997 2972 prius
1041 2918 1203 2971 quam
1234 2902 1489 2957 sacerdos
1519 2902 1585 2956 ad
1613 2903 1783 2957 altare
1812 2904 2105 2960 ascendat.

524 3002 579 3050 et
606 2994 821 3058 iterum,
871 3010 1024 3049 more
1052 2992 1517 3064 Gotho-llispano,
1558 2995 1883 3064 priusquam
1911 2996 2111 3052 illatio-

2220 1887 2603 1943 benedicantur
2628 1890 2867 1959 quinque
2883 1892 3227 1960 granathuris
3250 1908 3408 1949 cereo
3432 1895 3697 1964 infigenda
3710 1896 3806 1969 (c);

2218 1988 2277 2034 ut
2325 1978 2587 2035 Diaconus
2631 1983 2740 2053 ipse
2770 1984 2833 2037 de
2880 1985 3090 2039 lucerna
3137 1987 3386 2040 accendat
3436 2004 3633 2042 cereum
3667 1988 3806 2059 (ά).

2217 2070 2420 2138 Quibus
2485 2076 2772 2143 apponitur
2825 2078 2996 2131 oratio
3064 2093 3182 2147 quae
3254 2080 3561 2135 inscribitur
3631 2081 3809 2137 Bene—

2215 2163 2379 2218 dictio
2434 2166 2619 2231 cerei,
2675 2166 2787 2238 (e)
2819 2182 2851 2221 e
2878 2183 2982 2238 qua
3024 2168 3284 2227 habemus
3331 2186 3549 2227 cereum
3596 2171 3808 2227 Gotho-

2216 2252 2515 2324 Hispanum
2562 2271 2593 2310 e
2621 2271 2745 2311 cera
2802 2258 2919 2312 alba
2973 2258 3237 2313 duntaxat
3287 2268 3345 2315 et
3394 2277 3597 2332 papyro
3644 2260 3812 2317 fuisse

2214 2346 2575 2417 compositum
2632 2348 2761 2419 (ί).
2824 2347 2902 2403 11ιὶ
2953 2365 3086 2405 vero
3158 2352 3384 2407 rubrica:
3450 2369 3568 2423 qua:
3620 2360 3813 2407 monet

2212 2439 2499 2494 diaconum
2555 2447 2613 2494 ut
2668 2455 2883 2496 cereum
2939 2442 3200 2503 accendat
3250 2444 3579 2500 contradicit
3634 2444 3811 2501 oratio

2213 2529 2284 2582 ad
2312 2530 2682 2584 benedicendos
2728 2532 2972 2586 diacones
3004 2533 3104 2604 (g),
3136 2542 3190 2587 et
3219 2548 3282 2587 ea
3319 2549 3424 2602 qua
3469 2534 3811 2588 benedicitur

2212 2636 2401 2677 cereus
2452 2623 2765 2690 priusquam
2817 2624 2870 2677 in
2920 2625 3206 2680 ecclesiam
3256 2623 3531 2679 deferatur
3578 2625 3658 2697 (h)
3691 2627 3807 2691 ,‘in

2211 2724 2317 2779 qua
2343 2712 2598 2767 sacerdos
2636 2714 2710 2766 ait
2734 2729 2794 2769 se
2822 2729 3041 2770 cereum
3089 2716 3423 2770 accendisse.
3484 2715 3692 2771 Eodem
3723 2732 3809 2772 re-

2210 2805 2453 2860 vocanda
2491 2814 2572 2860 est
2602 2806 2812 2861 rubrica
2845 2807 2933 2862 illa
2964 2824 3069 2877 qua
3100 2810 3420 2879 prohibetur
3450 2826 3520 2865 ne
3546 2810 3600 2865 in
3634 2811 3803 2866 missa

2211 2894 2390 2951 Crenas
2417 2896 2695 2953 dominica
2723 2914 2828 2968 pax
2856 2898 3004 2952 detur
3029 2942 3044 2965 ,
3090 2909 3145 2953 et
3174 2916 3243 2955 ne
3272 2900 3553 2971 presbyter
3580 2902 3812 2972 accipiat

2212 3008 2399 3063 pacem
2425 3032 2439 3058 ,
2474 2993 2559 3047 cui
2586 2993 2908 3049 contradicit
2952 2995 3127 3048 oratio
3157 2995 3226 3047 ad
3248 3012 3426 3066 pacem
3454 3038 3469 3064 ,
3498 3012 3617 3066 qua:
3667 3013 3806 3067 pra:-

523 3101 647 3141 nem
673 3086 912 3155 incipiat.
972 3086 1230 3140 Similiter
1281 3086 1360 3139 bis
1409 3084 1802 3141 confessionem
1858 3086 2103 3155 faciunt,
2137 3139 2181 3161 η
2214 3087 2357 3143 cedit
2389 3086 2489 3159 (i)
2517 3127 2533 3152 ,
2564 3096 2619 3142 et
2649 3088 2825 3142 oratio
2855 3087 2925 3140 ad
2947 3090 3233 3142 orationem
3267 3087 3593 3143 Dominicam
3625 3129 3639 3154 ,
3691 3104 3811 3159 quae

524 3170 753 3248 primum
781 3177 886 3231 ritu
918 3177 1185 3238 Romano,
1236 3178 1545 3247 priusquam
1601 3178 1857 3234 sacerdos
1883 3182 1949 3235 ad
1976 3182 2106 3237 alta-

523 3286 583 3326 re
608 3268 903 3332 ascendat,
935 3280 989 3321 et
1014 3270 1234 3334 iterum,
1267 3268 1371 3323 ritu
1425 3267 1879 3340 Gotho-Hispano
1906 3313 1920 3338 ,
1953 3282 2106 3329 ante-

522 3377 684 3432 quam
722 3362 897 3418 oratio
928 3362 1085 3417 missa
1115 3361 1326 3417 dicitur.
1347 3360 1444 3417 Bis
1470 3377 1687 3433 quoque
1713 3361 2106 3421 Eucharistiam

521 3457 578 3514 in
608 3457 770 3512 missa
800 3455 1056 3510 attollunt
1083 3500 1097 3525 ,
1155 3463 1216 3509 ut
1239 3454 1494 3509 adoretur
1522 3471 1550 3510 a
1579 3457 1779 3527 populo
1805 3498 1819 3523 ,
1877 3460 2107 3528 primum

522 3553 630 3609 ritu
682 3551 1025 3618 recentiore,
1082 3550 1262 3604 statim
1305 3549 1443 3605 facta
1495 3553 1944 3619 consecratione,
2000 3555 2110 3610 ele-

522 3654 652 3701 vant
683 3661 881 3716 corpus
910 3652 965 3699 et
992 3643 1309 3712 sanguinem
1342 3644 1594 3709 Domini,
1650 3654 1704 3699 et
1759 3647 1953 3701 iterum
2004 3648 2111 3701 ritu

523 3745 737 3794 vetusto
790 3733 1275 3804 Gellio-Hispano;
1331 3744 1454 3803 post
1480 3750 1543 3789 ea
1600 3738 1799 3804 verba,
1849 3737 1918 3792 Te
1948 3754 2112 3807 prter-

526 3838 682 3892 tante,
709 3837 839 3896 etc.,
877 3841 1068 3896 panem
1113 3833 1357 3880 sanctum
1388 3826 1546 3882 altius
1591 3828 1822 3883 elevant.
1851 3829 2108 3884 Vivorum

525 3921 753 3989 denique
806 3926 860 3974 et
888 3926 1222 3973 mortuorum
1271 3919 1354 3974 bis
1404 3923 1978 3977 commemorationem
2031 3922 2114 3977 fa-

526 4011 691 4071 ciunt,
750 4010 980 4078 primum
1030 4009 1135 4063 ritu
1182 4008 1654 4082 Gotho-Hispano,
1710 4013 1837 4067 dum
1891 4014 2112 4071 nomina

525 4103 855 4165 recitantur,
888 4110 942 4154 et
969 4102 1143 4157 oratio
1171 4112 1286 4172 post
1316 4106 1527 4158 nomina
1553 4106 1770 4175 dicitur,
1804 4114 1861 4161 et
1890 4122 2110 4177 rursus,

526 4196 695 4251 fracto
745 4211 976 4265 corpore
1023 4197 1273 4265 Domini,
1322 4200 1629 4269 priusquam
1671 4200 1886 4255 dicatur
1938 4203 2115 4259 oratio

526 4286 802 4342 Dominica
832 4330 847 4355 ,
879 4289 1183 4344 recentiore
1212 4289 1444 4359 quodam
1476 4291 1762 4358 instituto,
1804 4291 1863 4345 lit
1889 4308 2116 4348 memen-

529 4392 577 4434 to
608 4395 705 4449 pro
735 4380 868 4435 vivis
896 4389 952 4436 et
998 4380 1311 4451 priusquam
1368 4382 1811 4450 communicent,
1865 4391 2116 4442 tenentes

2168 3178 2182 3199 ‘
2214 3182 2267 3235 in
2297 3180 2487 3235 eadem
2544 3180 2706 3235 missa
2758 3181 3106 3249 consequitur
3130 3183 3147 3250 (
3164 3182 3191 3252 j
3221 3181 3239 3250 )
3272 3223 3288 3250 ,
3339 3191 3412 3247 et,
3446 3183 3592 3251 quod
3642 3182 3812 3250 magis

2210 3273 2511 3328 mirandum
2536 3310 2551 3337 ,
2596 3272 2673 3326 illi
2702 3272 2991 3342 Opponitur
3018 3272 3313 3341 antiphona
3363 3272 3556 3327 Pacem
3600 3291 3770 3328 meam
3792 3314 3811 3341 ,

2211 3376 2343 3431 etc.,
2394 3379 2555 3435 quam
2585 3363 2773 3420 eadem
2802 3363 3017 3419 rubrica
3054 3364 3295 3430 mandat,
3339 3371 3398 3418 ut
3422 3374 3674 3420 cantetur
3705 3367 3815 3436 (k);

2212 3456 2479 3523 Quorsum
2519 3456 2662 3510 enim
2695 3455 3062 3525 praescribitur
3111 3464 3172 3509 ut
3218 3463 3469 3510 cantetur
3516 3457 3811 3526 antiphona

2212 3548 2300 3603 illa
2330 3565 2449 3619 qua:
2479 3549 2532 3603 in
2578 3548 2742 3603 missa
2776 3556 2901 3602 tunc
2926 3547 3100 3603 solum
3128 3547 3333 3602 cantari
3388 3547 3563 3613 solet,
3593 3548 3812 3617 quando

2211 3655 2317 3711 pax
2345 3640 2502 3695 datur
2532 3640 2685 3711 (t),si
2717 3641 2769 3695 in
2801 3640 2901 3695 hac
2919 3641 3083 3695 missa
3113 3655 3219 3711 pax
3240 3640 3455 3695 omnino
3479 3656 3588 3695 non
3619 3642 3812 3696 detur?

2286 3732 2406 3786 102.
2438 3732 2661 3787 Demum
2710 3732 2893 3788 classis
2924 3732 3114 3788 ultima
3158 3730 3513 3787 recentiorum
3565 3732 3810 3787 rubrica-

2214 3841 2332 3881 rum
2361 3826 2426 3881 iis
2468 3834 2680 3880 constat
2724 3826 2919 3896 quibus
2962 3826 3235 3881 orationes
3284 3824 3632 3896 actionesque
3674 3824 3810 3880 diri.

2215 3926 2432 3985 guntur,
2446 3931 2563 3987 quae
2587 3917 2801 3971 missam
2820 3925 2914 3971 aut
2933 3916 3259 3986 praecedunt,
3276 3924 3369 3970 aut
3383 3924 3807 3984 consequuntur.

2216 4008 2489 4080 Ejusmodi
2517 4018 2641 4065 sunt
2666 4025 2787 4080 quae
2829 4012 3181 4082 praescribunt
3206 4010 3474 4064 orationes
3505 4008 3812 4065 recitandas

2217 4120 2247 4159 a
2275 4104 2555 4159 sacerdote
2584 4104 2800 4175 quando
2830 4119 3013 4158 sacras
3040 4110 3219 4158 vestes
3249 4102 3439 4167 induit,
3471 4110 3526 4156 et
3552 4118 3645 4157 eas
3678 4119 3812 4172 quas

2217 4197 2408 4251 recitat
2435 4204 2721 4266 antequam
2766 4194 2830 4247 ad
2863 4194 3033 4247 altare
3068 4192 3347 4257 ascendat,
3382 4200 3437 4247 et
3462 4207 3616 4261 quas,
3649 4193 3810 4247 abso-

2218 4288 2331 4344 luto
2365 4304 2539 4356 sacro,
2594 4290 2785 4343 recitat
2831 4288 2897 4341 ab
2945 4286 3102 4341 altari
3141 4286 3416 4342 recedens.
3464 4286 3591 4342 Haec
3632 4296 3813 4341 autem

2218 4382 2524 4451 antiquitati
2553 4380 2779 4436 Missalis
2808 4378 3041 4434 Ximenii
3074 4394 3261 4449 parum
3292 4388 3519 4447 nocent,
3555 4378 3815 4447 quemad-

527 4484 688 4525 tnann
728 4471 1045 4540 particulam
1074 4471 1253 4525 Gloria
1279 4514 1293 4537 ,
1324 4470 1525 4526 faciunt
1553 4481 1806 4528 memento
1837 4487 1938 4544 pro
1966 4489 2111 4530 mor—
2136 4506 2196 4571 Β
2218 4472 2436 4528 modum
2458 4488 2556 4527 nec
2586 4472 2884 4541 impediunt
2900 4471 3186 4542 quominus
3209 4470 3425 4539 liturgia
3454 4469 3694 4523 Romana
3715 4485 3815 4523 an-

526 4565 650 4618 tuis.
675 4562 791 4619 Jam
818 4581 946 4621 vero
977 4566 1149 4620 tertia:
1171 4565 1355 4620 classis
1377 4575 1502 4621 sunt
1531 4568 1758 4622 rubricae
1778 4583 1966 4623 omnes
1992 4584 2112 4639 quae

527 4663 724 4725 praeter
752 4670 954 4711 morem
1000 4653 1505 4725 Gotho-Hispanum
1560 4657 1799 4727 dirigunt
1845 4659 1985 4715 hanc
2014 4661 2117 4716 ite-

527 4759 698 4805 ratam
768 4749 1006 4818 ejusdem
1079 4749 1414 4804 caeremonire
1484 4750 1778 4806 actionem.
1835 4753 1925 4806 Ha:
1982 4768 2115 4809 vero

532 4842 685 4896 ubric
708 4856 753 4895 ω
781 4856 887 4895 non
917 4840 1144 4895 multum
1174 4848 1373 4894 nocent
1404 4840 1703 4909 integritati
1728 4842 1954 4912 liturgiae
1984 4859 2115 4900 nos-

531 4940 666 5001 trae,
721 4933 985 5002 siquidem
1037 4931 1170 4986 ritus
1221 4946 1357 5000 quos
1408 4930 1643 5001 dirigunt
1704 4935 1909 5004 antiqui
1940 4946 2117 5003 sunt,

530 5024 772 5094 quamvis
800 5032 951 5078 extra
981 5022 1157 5077 locum
1203 5021 1481 5091 antiquum
1529 5024 1721 5080 iterato
1748 5027 2115 5095 perliciantur.

604 5207 681 5275 (a)
704 5206 840 5260 Vide
893 5213 1051 5261 notas
1096 5217 1214 5274 pag.
1252 5202 1377 5259 542.

605 5273 679 5347 (ιι)
706 5277 965 5347 Apologia
1008 5273 1389 5347 sacerdotisiet
1418 5273 1688 5332 confessio
1717 5275 1857 5332 idem
1901 5288 2115 5345 sonant,

533 5355 592 5401 ut
615 5344 673 5402 in
706 5344 849 5401 notis
878 5344 1057 5402 monui
1087 5361 1208 5416 pag.
1244 5344 1367 5400 537.

605 5419 678 5489 (e)
725 5418 933 5489 tlt'issale
963 5417 1327 5489 Mozarabum,
1362 5430 1484 5487 pag.
1520 5416 1644 5471 175.

604 5488 687 5559 (d)
725 5488 885 5556 Ibid,
914 5504 1037 5558 pag.
1075 5488 1199 5542 m.

606 5562 676 5627 (e)
718 5559 871 5631 ibid,
905 5574 1023 5631 pag.
1059 5560 1183 5615 177.

608 5631 684 5703 (f)
717 5629 928 5687 Missale
969 5632 1334 5695 Mozarabum,
1380 5646 1501 5703 pag.
1560 5631 1678 5683 177.
1741 5630 1864 5685 Non
1894 5632 1974 5685 hic
2006 5631 2123 5685 thu-

537 5701 927 5759 reisiadoletur
981 5705 1191 5769 ﬂamma
1242 5701 1568 5771 virgultis...
1637 5702 1726 5757 sed
1779 5718 1897 5755 cera
1952 5704 2119 5772 famu-

534 5774 676 5830 latur
716 5791 783 5830 ea:
836 5777 1051 5841 lumine,
1105 5789 1220 5844 qua
1257 5788 1360 5827 non
1408 5773 1658 5842 polluitur
1709 5789 1774 5828 ea;
1816 5784 2120 5842 parente....

2219 4565 2367 4635 tiqua
2410 4566 2499 4631 sit,
2558 4564 3002 4632 et‘Gregoriana;
3051 4580 3173 4618 nam
3203 4578 3263 4618 se
3309 4564 3457 4633 ipsas
3480 4563 3659 4616 statim
3689 4576 3816 4631 pro-

2218 4655 2350 4711 dunt
2376 4668 2431 4711 et
2456 4655 2853 4725 quodammodo
2884 4664 3037 4710 extra
3072 4655 3338 4724 liturgiam
3361 4664 3501 4707 sunt.

2292 4748 2415 4803 103.
2446 4748 2540 4803 His
2568 4750 2641 4803 ita
2689 4747 3006 4813 distributis,
3055 4747 3122 4800 ad
3165 4746 3400 4815 singulas
3446 4746 3817 4815 oppositiones

2220 4841 2279 4897 P.
2302 4841 2373 4896 Le
2387 4841 2531 4896 Brun
2553 4842 2799 4911 expedita
2814 4850 2965 4897 estet
2984 4840 3149 4896 facilis
3169 4842 3468 4911 responsio.
3494 4839 3560 4894 Et
3583 4840 3815 4911 primum

2220 4936 2448 5005 opponit
2472 4935 2739 4990 rubricam
2783 4950 2887 5003 qua
2920 4936 3285 5002 praescribitur
3330 4944 3387 4988 ut
3424 4936 3704 5007 presbyter
3735 4942 3818 4989 ter

2221 5035 2313 5081 aut
2335 5035 2525 5096 quater
2553 5026 2695 5080 dicat
2725 5026 2845 5091 Ave,
2878 5022 3077 5088 Maria,
3113 5032 3400 5094 antequam
3429 5041 3608 5080 sacras
3635 5031 3818 5079 vestes

2222 5221 2447 5285 papyrus
2471 5204 2627 5285 etiam
2658 5202 2801 5255 niveo
2829 5200 3079 5285 adaperta
3118 5202 3209 5255 sub
3234 5205 3456 5285 tegmine
3484 5206 3819 5283 ﬂammarum

2222 5275 2517 5357 Obsequitur
2569 5275 2975 5329 incremento...
3049 5275 3184 5345 favet
3229 5275 3429 5344 ignibu‘s
3483 5292 3563 5329 res
3616 5275 3816 5326 nutrita

2222 5346 2533 5418 gurgitibus.

2296 5417 2371 5487 (g)
2414 5415 2628 5487 Missale
2659 5413 3025 5487 Mozarabnin,
3059 5429 3178 5487 pag.
3216 5413 3334 5470 l75.

2320 5485 2359 5540 It
2413 5485 2568 5550 lbid.,
2598 5500 2719 5555 pag.
2748 5485 2872 5539 175.

2320 5488 2374 5627 εἴ
2408 5556 2565 5627 lbid.,
2596 5570 2725 5627 p,ag._
2752 5558 2872 5611 165.

2318 5556 2370 5639 ε)
2406 5556 2565 5639 ait.
2596 5558 2875 5639 nas-.193:-

2324 5626 2373 5696 ἱ)
2405 5626 2566 5697 lbid.,
2597 5626 2725 5697 pag;
2755 5628 2876 5682 tot.

2322 5700 2374 5767 It)
2404 5696 2575 5769 ilbid.,
2608 5714 2729 5769 pag.
2752 5696 2879 5769 195.

2325 5744 2373 5840 δ’
2401 5744 2575 5843 ιῇἆξῖ
2590 5744 2729 5842 μέιῖ
2745 5744 2870 5826 ἑή
