4040 6356
248 353 319 409 53

1728 340 1809 397 PB
1820 338 2116 398 EFATIO.

3468 346 3539 402 δι

250 463 455 528 induat,
502 469 561 517 et
615 474 832 527 rursus,
882 465 1171 527 antequam
1218 457 1613 514 confessionem
1660 456 1842 523 faciat,
1870 459 1925 522 Α
1949 465 2043 530 pat
2089 456 2357 514 rubricam
2408 470 2515 528 qua
2567 456 2878 531 praecipitur
2932 466 3029 526 ut,
3088 459 3311 531 prolatis
3363 463 3540 522 verbis

246 559 370 623 Ave,
424 554 610 610 Maria
643 555 805 611 dicat.
858 551 966 609 Sed
1018 552 1103 607 bas
1142 551 1367 608 rubricae
1405 566 1527 622 quae
1581 550 1725 607 circa
1764 551 1854 606 illa

250 663 537 709 versantur
565 667 690 722 quas
731 651 951 707 missam
998 648 1312 719 praecedunt
1340 656 1395 704 et
1422 657 1879 719 consequuntur,

246 744 310 799 ad
349 743 631 813 liturgiam
677 742 865 798 stricte
892 757 1000 797 non
1028 740 1316 812 pertinent,
1364 756 1517 796 suam
1559 741 1855 797 novitatem

244 837 378 892 satis
408 836 560 892 clare
604 836 863 907 produnt,
892 851 961 891 ne
1008 834 1237 904 liturgiaa
1283 845 1549 904 noceant;
1589 836 1680 892 ille
1707 844 1857 893 certe

246 926 426 981 iulans
482 927 537 981 in
568 928 732 982 rebus
762 926 1021 997 liturgicis
1069 926 1328 983 dicendus
1373 928 1479 984 erit
1519 928 1612 999 qui
1642 937 1857 999 putaret

246 1018 420 1075 hosce
446 1020 587 1074 ritus
634 1019 1112 1091 Gotho-Hispanos
1157 1034 1296 1076 esse.
1346 1020 1568 1078 Demum
1617 1022 1663 1078 si
1711 1022 1853 1092 ejus-

249 1110 395 1164 modi
425 1111 709 1167 orationes
739 1122 847 1167 non
887 1113 961 1167 ita
989 1112 1217 1182 liturgite
1262 1112 1518 1169 Romanae
1548 1121 1765 1182 nocent,
1798 1122 1855 1169 ut

252 1198 427 1271 [mu]
500 1200 833 1271 Gregoriana
890 1201 1116 1257 dicenda
1169 1218 1287 1260 non
1328 1203 1423 1269 sit,
1474 1219 1577 1259 nec
1632 1202 1857 1272 liturgiaa

249 1288 482 1344 Missalis
521 1289 754 1347 Χίωοηίιί
784 1293 975 1349 obesse
1018 1301 1265 1363 possunt,
1315 1302 1373 1349 ut
1412 1282 1856 1365 Gotho-llispana

250 1383 477 1438 minime
504 1393 807 1439 censeatur.

320 1474 446 1530 104.
481 1475 639 1542 Quod
668 1476 816 1532 addit
837 1479 1079 1533 amictum
1111 1478 1252 1536 inter
1280 1488 1461 1537 vestes
1488 1480 1853 1538 sacerdotales

252 1574 501 1637 tempore
552 1568 784 1624 Leandri
830 1579 884 1625 et
939 1570 1131 1627 lsidori
1188 1572 1367 1628 locum
1418 1589 1528 1630 non
1580 1575 1849 1641 habuisse,

251 1659 607 1727 quaestionem
636 1659 704 1715 de
731 1661 996 1716 vocabulo
1027 1663 1282 1718 instituit.
1331 1662 1465 1719 Nam
1510 1664 1578 1720 de
1606 1680 1666 1721 re
1708 1663 1853 1721 Ordo

250 1748 531 1807 Romanus
560 1753 984 1823 antiquissimus,
1011 1753 1227 1810 Missale
1247 1766 1517 1825 nostrum,
1549 1765 1605 1814 et
1634 1764 1853 1814 sanctus

1958 552 2402 621 consecratoriis,
2458 550 2699 607 elevetur
2748 564 2944 622 corpus
2981 551 3215 621 Domini,
3272 560 3328 608 et
3378 554 3541 622 calix,

1958 649 2132 699 teetus
2161 640 2321 697 ﬁliola
2364 642 2460 713 (i),
2491 648 2547 697 at
2588 650 2737 699 certe
2766 657 2875 699 non
2904 643 3171 714 ignoravit
3217 644 3378 700 ritum
3423 645 3539 703 ele-

1958 734 2115 790 vandi
2145 732 2561 800 Eucharistiam,
2591 733 2648 789 in
2676 733 2860 799 missa,
2893 742 2953 790 ut
2979 750 3010 790 a
3057 735 3256 806 populo
3284 735 3452 793 videri
3489 746 3546 795 et

1955 825 2171 882 adorari
2198 833 2378 896 queat,
2425 832 2697 881 vetustum
2726 840 2867 894 esse,
2899 836 2956 882 et
2983 842 3051 884 ex
3078 827 3143 884 iis
3171 828 3265 899 qui
3302 828 3356 883 in
3386 828 3546 887 Occi-

1961 916 2138 974 dentis
2181 918 2385 988 pariter
2435 926 2491 974 et
2518 917 2753 975 Orientis
2798 918 3026 989 liturgiis
3053 908 3401 975 inveniuntur
3430 920 3541 994 (j).

1957 1008 2113 1077 Quod
2151 1026 2282 1066 vero
2311 1011 2492 1067 statim
2522 1018 2646 1081 post
2684 1011 3108 1068 consecrationis
3136 1012 3302 1068 verba
3344 1012 3547 1068 elevari

1955 1103 2319 1177 praecipiatur,
2363 1104 2513 1178 [xxv]
2542 1105 2609 1160 ad
2651 1119 2744 1161 eas
2789 1106 3028 1162 rubricas
3074 1113 3362 1163 revocatur
3404 1121 3546 1177 quas,

1955 1195 2243 1251 recentiori
2292 1210 2412 1264 usu,
2460 1194 2623 1250 ritum
2670 1196 2971 1266 antiquum,
3021 1196 3188 1252 semel
3234 1203 3442 1252 tantum
3490 1197 3548 1252 in

1954 1288 2120 1344 missa
2170 1287 2353 1357 peragi
2401 1286 2642 1357 solitum,
2698 1288 2936 1355 iterum,
2990 1295 3141 1342 extra
3188 1288 3366 1344 locum
3405 1288 3550 1345 anti-

1954 1392 2143 1449 quum,
2170 1378 2286 1433 ﬁeri
2335 1378 2615 1434 mandant.
2659 1376 2799 1433 Olim
2845 1377 2989 1434 enim
3034 1377 3090 1432 in
3141 1378 3300 1434 missa
3345 1378 3552 1435 Gotho—

1955 1468 2213 1544 l‘lispana,
2259 1480 2314 1527 et
2359 1471 2694 1527 Mozarabica
2723 1482 2921 1542 corpus
2950 1469 3155 1544 Christi
3175 1471 3341 1527 semel
3389 1471 3551 1527 attol-

1955 1563 2185 1630 lebatur,
2217 1578 2360 1619 nunc
2388 1578 2543 1630 vero,
2572 1569 2629 1618 et
2668 1562 2736 1617 ab
2765 1562 2970 1633 aliquot
3004 1561 3232 1628 saeculis,
3262 1561 3344 1616 bis
3374 1560 3552 1616 eleva-

1957 1666 2062 1726 tur,
2095 1669 2203 1713 tam
2258 1657 2311 1712 in
2340 1657 2504 1713 missa
2556 1655 2916 1721 Mozarabica,
2967 1670 3128 1725 quam
3163 1654 3234 1709 tiu
3285 1653 3551 1709 Romana.

1952 1736 2118 1819 Cujus
2140 1750 2220 1806 rei
2245 1764 2432 1820 causa,
2474 1756 2535 1804 ut
2559 1762 2747 1804 omnes
2774 1754 2998 1814 norunt,
3029 1748 3097 1803 ab
3123 1746 3314 1803 haeresi
3354 1746 3553 1801 Beren-

250 1840 554 1901 Germanus
574 1831 895 1901 Parisiensis
920 1846 995 1918 (α)
1024 1828 1315 1903 ostendunt
1345 1841 1637 1919 Romanos,
1668 1848 1854 1905 Gallos

1962 1840 2090 1907 garii
2130 1839 2361 1910 petenda
2404 1844 2509 1906 est,
2556 1837 2621 1892 ad
2652 1852 2811 1908 quam
2860 1845 3049 1908 aperte
3090 1835 3453 1892 damnandam
3495 1835 3551 1889 in

252 1940 304 1988 et
333 1933 625 2005 Hispanos,
648 1936 789 1991 inter
807 1946 988 1993 vestes
1007 1939 1376 1995 sacerdotales
1405 1955 1569 1994 unam
1600 1939 1853 1995 habuisse

251 2036 355 2091 qua
382 2024 587 2079 collum
619 2026 872 2094 tegebant
900 2034 955 2082 et
974 2026 1263 2088 humeros.
1291 2027 1443 2083 Hanc
1464 2028 1608 2085 Ordo
1654 2029 1853 2085 Roma-

254 2129 373 2183 nus,
419 2127 477 2172 et
502 2116 718 2173 Mlssale
744 2118 1092 2175 Mozarabum
1126 2120 1201 2191 (ὁ)
1232 2121 1600 2187 anaboladium
1642 2137 1853 2177 nuncu-

252 2223 407 2283 pant,
438 2230 599 2284 quam
638 2231 826 2272 vocem
875 2217 1106 2273 Romani
1135 2216 1364 2276 Ordines
1410 2221 1654 2275 amictum
1685 2221 1855 2276 inter-

255 2313 542 2373 pretantur
572 2309 668 2376 (c),
712 2317 768 2362 et
808 2312 947 2378 apud
996 2310 1327 2378 Mozarabes,
1378 2313 1445 2367 ab
1500 2328 1643 2367 anno
1693 2311 1852 2378 1050,

270 2396 498 2451 amictus
524 2398 663 2451 inter
690 2408 866 2454 vestes
892 2400 1179 2457 sacerdotis
1202 2403 1586 2458 recensebatur
1609 2403 1711 2473 (ά).

345 2486 469 2540 105.
512 2486 659 2545 Scite
698 2492 1066 2547 animadvertit
1092 2492 1149 2548 P.
1183 2493 1259 2549 Le
1304 2494 1449 2553 Brun
1493 2496 1856 2552 recentiorem

260 2591 379 2634 esse
409 2581 678 2636 rubricam
724 2599 830 2653 qua
875 2586 1188 2655 prohibetur
1232 2604 1301 2644 ne
1344 2588 1534 2645 diebus
1562 2590 1858 2646 Dominicis

258 2680 313 2728 et
331 2672 539 2730 festivis
566 2674 845 2732 Adventus
872 2678 1105 2749 hymnus
1151 2680 1333 2736 Gloria
1356 2684 1412 2736 in
1437 2684 1654 2738 excelsis
1680 2694 1859 2740 cante-

256 2773 342 2819 tur
370 2766 425 2820 in
454 2767 619 2827 missa
652 2768 746 2839 (e),
775 2777 831 2823 at
871 2769 988 2825 haec
1015 2771 1081 2825 ad
1112 2787 1232 2827 eam
1263 2773 1490 2829 classem
1520 2774 1857 2830 rubricarum

256 2860 493 2927 pertinet
529 2860 615 2913 cui
657 2861 931 2917 orationes
962 2864 1362 2933 contradicunt,
1408 2865 1482 2918 illi
1528 2865 1673 2919 enim
1714 2866 1859 2920 clare

258 2960 605 3019 opponuntur
632 2953 908 3009 orationes
935 2970 1070 3025 quas
1090 2956 1421 3011 recentiores
1448 2955 1764 3011 Mozarabes
1804 2956 1860 3011 in

258 3042 426 3097 missis
458 3042 740 3100 Adventus
768 3046 1022 3109 recitant,
1068 3062 1188 3116 quae
1232 3047 1462 3118 probant
1501 3048 1663 3103 ritum
1694 3048 1858 3103 omit-

261 3135 394 3189 tendi
423 3136 691 3207 hymnum
715 3137 896 3193 Gloria
929 3140 1115 3209 inepte
1138 3140 1205 3195 ab
1233 3140 1298 3196 iis
1325 3149 1636 3210 susceptum
1664 3138 1850 3197 fuisse.

1954 1928 2126 1986 Gallia
2170 1930 2401 2001 primum
2448 1929 2751 1985 institutum
2792 1926 2894 1983 fuit
2941 1935 3029 1997 ut,
3083 1926 3306 1999 prolatis
3356 1941 3548 1982 conse-

1956 2025 2211 2081 crationis
2240 2024 2439 2092 verbis,
2488 2024 2633 2079 illico
2682 2037 2879 2093 corpus
2904 2028 2959 2078 et
3005 2020 3222 2091 sanguis
3260 2018 3495 2084 Domini,
3521 2033 3553 2073 a

1955 2119 2157 2189 populo
2186 2118 2486 2185 adoranda,
2516 2117 2893 2173 attollerentur
2921 2131 2953 2171 a
2983 2114 3287 2182 sacerdote,
3318 2127 3553 2182 eumque

1956 2210 2120 2265 ritum
2135 2210 2254 2268 aliae
2283 2210 2525 2266 ecclesiae
2547 2215 2927 2279 susceperunt,
2952 2206 3194 2277 Hispani,
3220 2221 3363 2261 anno
3388 2203 3548 2274 1255,

1958 2302 2011 2356 in
2041 2302 2273 2357 concilio
2302 2300 2586 2356 Valentino
2618 2302 2729 2372 (It),
2772 2309 2828 2355 et
2866 2313 3010 2355 anno
3042 2298 3201 2364 1525,
3236 2297 3291 2352 in
3320 2296 3552 2359 concilio

1957 2390 2246 2462 Toletano,
2290 2407 2597 2463 praecepere
2644 2398 2703 2445 ut
2753 2406 2951 2461 corpus
2980 2399 3036 2445 et
3070 2389 3288 2458 sanguis
3331 2388 3551 2454 Christi,

1957 2484 2138 2540 statim
2188 2491 2311 2555 post
2361 2482 2866 2547 consecrationem,
2939 2482 3297 2535 elevarentur.
3351 2478 3555 2546 Quibus

1958 2573 2193 2630 decretis
2225 2573 2536 2629 Mozarabes
2557 2573 3019 2643 obtemperarunt,
3050 2579 3107 2627 et
3132 2571 3293 2626 simul
3320 2570 3555 2641 priscam

1959 2668 2403 2725 consuetudinem
2433 2664 2680 2721 elevandi
2705 2679 2905 2735 corpus
2924 2663 3158 2727 Domini,
3183 2662 3251 2716 ad
3279 2676 3343 2717 ea
3365 2661 3553 2727 verba,

1958 2758 2150 2814 Fidem
2175 2776 2329 2831 quam
2355 2758 2509 2814 corde
2554 2757 2810 2812 credimus
2841 2774 2931 2812 ore
2977 2765 3148 2810 autem
3194 2754 3426 2809 dicamus
3456 2753 3499 2824 (ι
3515 2753 3555 2823 ),

1960 2865 2078 2919 quae
2134 2849 2375 2921 Symboli
2422 2849 2798 2905 recitationem
2844 2847 3185 2920 praecedunt,
3242 2852 3556 2910 constanter

1960 2942 2322 2998 retinuerunt.

2033 3032 2155 3088 109.
2198 3031 2353 3099 Quod
2376 3046 2503 3089 vero
2523 3033 2747 3089 calicem
2770 3031 2934 3089 ﬁliola
2955 3038 3161 3087 tectum
3184 3031 3419 3099 elevem,
3447 3046 3556 3086 non

1961 3133 2046 3181 est
2064 3126 2199 3181 ritus
2218 3139 2431 3190 recens,
2456 3133 2515 3179 ut
2540 3123 2601 3180 P.
2620 3124 2695 3179 Le
2717 3123 2862 3179 Brun
2886 3124 3136 3194 opinatus
3157 3131 3260 3190 est,
3283 3123 3376 3179 sed
3398 3122 3557 3193 plane

326 3227 440 3280 106,
490 3227 633 3283 male
683 3238 863 3285 autem
896 3230 1175 3286 contendi;
1218 3230 1279 3284 Ρ,
1314 3230 1389 3286 Le
1429 3231 1577 3286 Brun
1624 3232 1853 3287 formam
1878 3211 1926 3275 C
1959 3225 2221 3283 vetustus,
2247 3232 2355 3279 non
2376 3217 2592 3286 quidem
2616 3216 3117 3288 Gotho-Hispanus,
3139 3216 3234 3274 sed
3260 3216 3552 3283 Romanus,

262 3318 431 3390 hymni
466 3318 670 3387 Gloria,
703 3336 825 3389 quae
862 3322 916 3376 in
941 3321 1141 3377 Missali
1169 3321 1401 3377 Ximenii
1439 3330 1634 3385 exstat,
1668 3337 1860 3378 recen-

263 3408 447 3464 tiorem
478 3425 623 3476 esse,
656 3418 822 3481 atque
867 3426 898 3466 e
942 3410 1139 3467 Missali
1189 3411 1728 3468 Romano—Toletano
1758 3414 1855 3469 de-

157 3498 165 3505 ’
263 3510 589 3569 promptam.
626 3501 799 3557 Varia:
844 3502 1004 3573 hujus
1051 3505 1235 3575 hymni
1282 3503 1578 3570 Editiones,
1630 3506 1773 3561 inter
1796 3521 1857 3562 se

264 3603 369 3644 non
396 3592 529 3645 nihil
557 3592 947 3664 discrepantes,
989 3597 1285 3665 antiquitus
1314 3598 1851 3669 circumferebantur,

257 3697 489 3752 quarum
527 3702 646 3755 quae
700 3688 953 3757 primaeva
998 3690 1068 3745 sit
1115 3691 1332 3746 difﬁcile
1384 3690 1532 3747 dictu
1578 3701 1681 3758 est,
1731 3707 1853 3747 cum

258 3788 452 3830 omnes
482 3776 536 3830 in
572 3776 858 3834 Codicibus
908 3780 1140 3850 antiquis
1190 3781 1551 3837 inveniantur.
1603 3782 1681 3837 Ea
1725 3798 1855 3839 vero

260 3862 457 3933 hymni
501 3863 671 3921 Gloria
710 3867 959 3935 formula,
991 3885 1109 3939 quae
1138 3870 1192 3926 in
1220 3870 1421 3928 Missali
1458 3871 1692 3928 Ximenii
1717 3874 1854 3943 legi-

268 3959 381 4019 tur,
412 3963 588 4010 exstat
628 3959 675 4011 in
704 3961 923 4029 antiquo
963 3960 1163 4017 Codice
1196 3961 1478 4029 Vaticano,
1509 3978 1540 4017 e
1583 3980 1689 4032 quo
1734 3979 1855 4019 eam

260 4043 436 4099 edidit
468 4061 573 4099 em.
624 4045 941 4105 Thomasius
971 4050 1065 4123 (f),
1115 4052 1361 4107 eamdem
1401 4053 1619 4108 exhibet
1664 4054 1856 4109 Sacra-

260 4135 587 4191 mentarium
633 4137 900 4195 Bobiense
943 4141 1042 4211 (g),
1086 4142 1440 4212 eamdemque
1479 4158 1511 4198 e
1565 4134 1856 4201 Codicibus

266 4224 574 4294 Anglicanis
603 4230 769 4284 edidit
790 4228 1039 4288 Usserius
1070 4231 1180 4305 (It);
1209 4233 1403 4301 quibus
1436 4233 1696 4303 probatur
1718 4236 1858 4292 hanc

263 4315 447 4387 hymni
499 4318 779 4377 formulam
835 4330 1101 4378 vetustam
1154 4338 1292 4390 esse,
1347 4340 1520 4397 eaque
1568 4324 1852 4397 Hispanos,

261 4405 441 4463 Gallos
464 4418 521 4463 et
560 4410 763 4481 Anglos
793 4413 920 4468 olim
952 4429 1077 4469 usos
1104 4429 1239 4470 esse.

331 4499 456 4556 107.
501 4505 591 4569 At,
639 4505 811 4575 inquit
838 4507 1074 4561 eruditus
1101 4506 1175 4563 Le
1212 4506 1379 4577 Brun,
1411 4507 1643 4565 formula
1672 4508 1857 4581 hymni

1959 3316 2019 3363 ut
2043 3308 2170 3364 alibi
2198 3308 2427 3363 ostendo
2458 3307 2573 3381 (m).

2029 3400 2148 3455 110.
2192 3399 2310 3456 Non
2340 3400 2520 3456 abnuo
2551 3401 2943 3457 oratiunculam
2964 3400 3177 3469 Adesto,
3207 3402 3406 3469 adesto,
3426 3399 3553 3456 Iesu

1958 3493 2108 3562 bone,
2138 3500 2270 3560 etc.,
2294 3508 2325 3548 a
2345 3491 2668 3562 Mozarabis,
2688 3493 2829 3549 inter
2851 3494 3150 3550 orationem
3176 3501 3290 3563 post
3320 3500 3549 3558 sanctus,

1956 3591 2013 3641 et
2040 3585 2207 3640 verba
2235 3585 2637 3640 consecratoria
2667 3584 2932 3654 adjectam
2973 3600 3111 3651 esse,
3154 3592 3211 3639 ut
3251 3584 3389 3641 bene
3430 3600 3550 3639 tuo—

1955 3684 2050 3731 net
2078 3674 2141 3730 P.
2173 3675 2249 3731 Le
2273 3674 2437 3744 Brun,
2477 3679 2569 3746 qui
2618 3676 2781 3732 etiam
2830 3677 3210 3733 animadvertit
3236 3691 3400 3732 voces
3442 3684 3558 3744 post

1954 3772 2125 3844 pridie
2154 3771 2209 3826 in
2237 3770 2437 3827 Missali
2462 3769 2695 3827 Ximenii
2723 3758 3046 3839 desiderari;
3070 3780 3123 3825 at
3151 3771 3339 3836 harum
3360 3784 3554 3825 vocum

1956 3865 2225 3921 defectum
2257 3866 2446 3922 titulus
2473 3866 2587 3936 ipse
2617 3866 2912 3931 orationis,
2937 3880 3057 3934 quze
3086 3864 3554 3919 consecrationem

1958 3959 2325 4029 consequitur,
2349 3966 2407 4012 et
2429 3972 2549 4026 qua:
2570 3966 2885 4012 constanter
2902 3965 3018 4027 post
3038 3954 3207 4025 pridie
3226 3953 3553 4022 inscribitur,

1958 4059 2146 4120 aperte
2174 4049 2394 4105 indicat.
2422 4048 2536 4105 lmo
2558 4049 2721 4104 etiam
2751 4048 2956 4103 indicat
2978 4046 3370 4104 oratiunculam
3391 4046 3556 4101 Ades-

1958 4154 2035 4213 to,
2066 4151 2263 4216 pratter
2309 4157 2516 4199 morem
2557 4142 2861 4211 antiquum,
2889 4156 2998 4212 quo
3019 4139 3183 4196 verba
3211 4147 3559 4198 consecrato-

1957 4235 2038 4290 ria
2066 4235 2322 4290 extremis
2349 4233 2568 4290 vocibus
2597 4232 2859 4288 orationis
2899 4241 3015 4302 post
3057 4229 3284 4286 Sanctus
3323 4244 3557 4286 connec-

1962 4327 2232 4389 tebantur,
2292 4341 2323 4379 a
2379 4325 2681 4381 Mozarabis
2738 4323 3003 4394 adjectam
3054 4322 3239 4379 fuisse.
3300 4322 3559 4391 Adeoque

1959 4415 2203 4470 delectus
2225 4415 2309 4471 hic
2325 4423 2381 4470 et
2402 4414 2747 4485 interpolatio
2768 4413 2833 4467 ad
2854 4413 3080 4468 classem
3102 4426 3293 4467 eorum
3316 4408 3561 4466 revocari

1961 4508 2181 4578 debent,
2224 4509 2421 4578 quibus
2450 4508 2725 4563 orationes
2754 4505 2983 4561 Missalis
3011 4504 3407 4560 contradicunt.

263 4592 465 4661 Gloria,
492 4612 612 4666 qua:
655 4599 709 4652 in
754 4598 1028 4656 Breviario
1058 4601 1396 4657 Mozarabum
1440 4603 1744 4669 adhibetur,
1775 4603 1856 4660 di-
1886 4594 1940 4655 Β
2037 4601 2160 4656 111.
2202 4599 2369 4656 Recte
2397 4600 2560 4655 etiam
2592 4597 2971 4654 animadvertit
3001 4598 3056 4652 P.
3083 4595 3159 4651 Le
3182 4595 3326 4650 Brun
3353 4594 3407 4649 in
3432 4592 3558 4651 Mis-

263 4700 415 4742 versa
445 4697 531 4744 est
559 4690 627 4745 ab
652 4706 718 4746 ea
757 4708 876 4761 quin
923 4694 976 4749 in
1023 4693 1220 4749 Missali
1266 4695 1476 4764 legitur.
1507 4695 1623 4750 Non
1654 4697 1852 4765 abnuo,

266 4780 354 4833 sed
384 4780 513 4836 inde
557 4784 701 4840 male
743 4786 949 4853 colligit
976 4786 1258 4841 formulam
1291 4786 1517 4843 Missalis
1544 4797 1637 4843 aut
1670 4804 1857 4844 recen-

262 4877 370 4925 tem
421 4887 561 4941 esse,
611 4888 706 4932 aut
744 4879 921 4934 minus
966 4882 1239 4949 antiquam
1294 4879 1525 4936 formula
1577 4880 1853 4937 Breviarii.

260 4958 395 5017 Nam
420 4972 655 5037 utraque
670 4971 914 5041 antiqua,
944 4979 999 5027 et
1026 4980 1255 5043 utraque
1279 4972 1418 5042 apud
1449 4956 1858 5045 Gotho-Hispa-

260 5066 363 5110 nos
388 5058 608 5115 usitata.

335 5143 459 5201 108.
504 5148 710 5207 Deinde
736 5148 799 5206 P.
834 5150 910 5209 Le
938 5151 1109 5222 Brun,
1137 5160 1393 5225 tanquam
1423 5162 1697 5213 recentem
1737 5156 1855 5213 cul-

336 5343 533 5431 (a)_ln_
567 5350 797 5431 epistola
846 5353 1145 5431 de__ol'licio
1194 5360 1493 5431 communi,
1537 5358 1697 5419 Thes.
1727 5376 1852 5420 nov.

267 5418 487 5491 aueed._,
519 5418 651 5477 tom.
684 5422 750 5491 ν,
777 5425 884 5482 col.
911 5425 981 5481 87

335 5490 393 5555 (ιη
456 5488 533 5545 Pa
579 5488 745 5549 .174.

336 5490 415 5629 (εἰ
449 5506 579 5618 Οιτῗ.
612 5562 771 5623 Rom.
812 5582 875 5629 tt.
904 5577 961 5626 et
1006 5587 1061 5629 tv
1088 5569 1154 5629 Hi

266 5557 579 5687 i9rd.
612 5562 771 5623 Rom.
812 5582 875 5637 ιι,
904 5577 961 5626 et
1006 5587 1061 5629 tv
1088 5569 1380 5646 Hittorpii,
1408 5583 1467 5632 et
1501 5593 1556 5633 ttt
1588 5586 1643 5635 et
1669 5595 1721 5635 v1
1750 5578 1860 5635 Ma-

338 5700 421 5843 ξάῖ
449 5704 751 5789 concilium
776 5710 1093 5784 Cojacense,
1124 5730 1243 5787 cap.
1278 5716 1331 5773 5.

362 5783 390 5827 ε
449 5774 667 5835 Missale
693 5780 1057 5843 Mozarabum.
1082 5800 1205 5843 nati.
1232 5790 1285 5842 1.

362 5774 414 5857 ρ
449 5774 667 5857 δείδεδιθ
693 5774 1057 5857 Moesi-apum,
1079 5774 1207 5857 'pag:
1232 5790 1285 5842 1.

341 5843 412 5917 (1)
449 5846 691 5925 Operam
717 5861 849 5912 tom.
882 5854 971 5926 III,
1002 5843 1126 5930 pag.
1154 5843 1283 5915 316.

1960 4697 2062 4753 sali
2104 4704 2292 4752 nostro
2319 4711 2430 4752 non
2460 4696 2565 4764 legi
2597 4694 2744 4760 illud,
2778 4694 2922 4749 Laus
2951 4693 3064 4760 tibi,
3096 4700 3231 4760 etc.,
3260 4708 3379 4763 quae
3406 4691 3555 4745 diee-

1960 4790 2156 4846 bantur
2170 4788 2387 4859 quando
2408 4789 2670 4844 diaconus
2689 4787 3037 4857 Evangelium
3059 4786 3127 4842 de
3143 4787 3295 4841 altari
3313 4782 3552 4840 tollebat.

1959 4882 2069 4941 Sed
2098 4902 2220 4941 cum
2250 4886 2338 4941 hic
2361 4885 2498 4941 ritus
2524 4885 2592 4940 sit
2619 4884 2904 4940 missarum
2933 4881 3275 4944 solemnium,
3307 4892 3415 4931 non
3440 4882 3559 4930 erat

1960 4991 2057 5041 cur
2086 4976 2287 5033 Missali
2313 4977 2475 5032 misto
2499 4974 2808 5033 inferretur.
2856 4975 3010 5043 Nam,
3041 4982 3098 5029 ut
3126 4971 3256 5038 dixi,
3286 4967 3554 5039 ejusmodi

1959 5067 2197 5124 Missalia
2244 5069 2514 5140 praecipue
2572 5071 2877 5140 excogitata
2925 5076 2982 5124 et
3028 5070 3310 5135 compacta
3358 5060 3559 5118 fuerint

1960 5160 2015 5217 in
2043 5177 2198 5219 usum
2229 5161 2691 5233 presbyterorum,
2719 5164 2813 5236 qui
2839 5161 3076 5235 privatas
3102 5157 3295 5219 missas
3317 5156 3557 5215 celebra-

2150 5362 2275 5437 Pag.
2301 5363 2428 5422 281.

2034 5366 2109 5491 ti)
2150 5366 2428 5449 Pag.?81.
2686 5439 2699 5451 υ

2034 5437 2230 5520 LL98
2255 5440 2430 5520 lgibus
2457 5437 2750 5520 Symbolts,
2780 5447 2904 5505 pag.
2921 5432 3023 5520 ~53.

2057 5505 2102 5578 il
2124 5508 2339 5565 Missale
2368 5505 2880 5578 Mozarabum_,‘pag-
2898 5505 2969 5578 n5“-

2035 5574 2111 5646 (λζ)
2154 5579 2289 5635 Vide
2322 5586 2497 5644 notas,
2532 5593 2651 5646 pag.
2687 5574 2786 5629 541
2818 5574 2874 5632 et
2895 5575 3021 5637 5.52.
3086 5644 3127 5646 Μ

2035 5644 2112 5721 (is)
2148 5648 2303 5717 Apud
2333 5665 2437 5721 emi.
2471 5644 2545 5703 de
2563 5644 2809 5717 Aguirre,
2840 5646 3051 5705 Concil.
3084 5644 3235 5717 Hisp.
3293 5652 3425 5701 tom.
3454 5644 3550 5714 Ill,

1963 5719 2098 5794 pag.
2111 5722 2216 5794 509
2244 5719 2451 5794 (δι-ξπ).

2035 5792 2098 5872 (ι)
2116 5791 2283 5872 giliis:
2309 5789 2601 5872 Μοέθνεδη
2638 5806 2761 5872 res;
2783 5790 2836 5845 θ-

2039 5806 2098 5861 υ)
2128 5806 2283 5846 MISS.
2309 5806 2601 5854 mozaran.,
2638 5806 2702 5860 pa
2748 5806 2793 5846 ,ι

2039 5862 2133 5933 (m)
2174 5860 2308 5917 Vide
2333 5868 2490 5917 natas
2516 5874 2640 5933 pag.
2666 5806 2793 5918 52L
