4040 6356
509 270 581 333 se
1972 250 2365 311 PRABFATIO.
3723 256 3795 314 ιο

508 384 671 445 terat,
692 373 917 433 candide
936 386 1233 445 exponens,
1254 371 1355 429 sibi
1376 369 1685 427 mandatum
1701 366 1862 423 fuisse
1882 366 2088 431 scribit,
2122 366 2175 427 Α
2200 376 2348 420 certe
2378 378 2597 422 necesse
2632 380 2741 421 non
2769 365 2867 421 fuit
2896 372 3077 423 tacere
3111 368 3181 423 de
3222 367 3611 428 additamentis
3656 368 3795 441 istis,

512 478 569 527 ut
597 468 970 538 antiquitatem
999 466 1251 521 intactam
1283 469 1635 537 prteservaret
1666 462 1763 533 (α),
1793 475 1899 514 non
1936 457 2097 513 modo

509 560 897 643 inseutentiis,
949 558 1043 614 sed
1073 558 1125 612 in
1171 556 1390 613 vocibus
1436 556 1619 621 etiam,
1670 561 1831 623 atque
1882 550 2097 618 litteris,

510 669 582 712 ne
617 652 744 725 quid
770 667 958 709 eorum
986 666 1104 722 qua:
1145 649 1610 719 in’manuscriptis
1638 646 1926 703 Codicibus
1954 646 2099 715 lege-

510 746 707 803 bantur
729 744 988 811 demeret,
1034 757 1171 798 neve
1210 751 1459 808 mutaret,
1507 740 1601 795 sed
1629 754 1747 810 qua:
1777 740 1831 794 in
1875 740 2100 796 vetustis

510 836 872 892 monumentis
902 835 1094 891 litteris
1124 832 1369 890 Gothicis
1410 828 1633 887 exarata
1660 830 1897 897 fuerant,
1928 830 2099 905 [xxx]

510 942 577 985 ea
605 927 828 984 totidem
852 926 1053 991 verbis,
1082 925 1273 981 litteris
1301 923 1626 993 vulgaribus,
1660 920 1891 978 fideliter
1922 931 2091 977 trans-

510 1018 703 1089 cripta,
738 1018 876 1089 typis
917 1017 1123 1073 edenda
1173 1021 1405 1070 curaret.
1453 1011 1523 1068 Et
1566 1012 2004 1084 quandoquidem
2047 1012 2103 1069 in

515 1111 739 1167 vetustis
790 1110 1076 1168 Codicibus
1137 1108 1380 1179 quaedam
1432 1108 1779 1163 inveniuntur
1842 1108 2103 1179 temporis

512 1202 705 1273 injuria
733 1202 932 1268 deleta,
974 1199 1252 1255 Xitn'enius
1283 1208 1615 1271 praeceperat
1646 1216 1713 1256 ne
1743 1180 1972 1255 Ortisius
2002 1200 2103 1255 ista

512 1303 715 1351 temere
762 1292 1052 1365 suppleret,
1112 1291 1230 1360 sed,
1274 1291 1365 1347 ubi
1419 1300 1741 1362 supererant
1783 1290 2103 1363 fugientium

512 1390 809 1446 litterarum
840 1384 1085 1453 vestigia,
1132 1384 1251 1455 styli
1290 1400 1393 1439 non
1446 1393 1644 1437 mutato
1685 1384 1839 1437 ductu
1870 1383 2000 1456 (ὁ),
2048 1391 2107 1439 ιιι

512 1483 689 1538 locum
714 1476 990 1543 reﬁceret;
1025 1476 1115 1531 ubi
1145 1490 1273 1531 vero
1304 1492 1372 1531 ne
1418 1475 1717 1530 litterarum
1743 1475 1960 1544 quidem
1987 1490 2107 1529 ves-

514 1576 642 1645 tigia
671 1578 1067 1638 remanserant,
1099 1578 1176 1636 ut,
1209 1570 1479 1623 enucleata
1506 1571 1738 1635 veritate,
1768 1568 1969 1623 collato
2000 1568 2107 1624 sci-

512 1666 639 1722 licet
660 1680 783 1721 cum
825 1662 986 1719 sociis
1012 1662 1214 1729 studio,
1248 1662 1473 1733 aliisque
1504 1660 1795 1718 Codicibus
1824 1661 2107 1731 inspeCtis,

2203 468 2256 514 et
2299 468 2545 531 po:teros
2594 460 2810 517 silentio
2854 461 3063 531 fallere,
3110 470 3167 517 ut
3190 463 3474 519 crederent
3504 464 3632 520 nihil
3664 464 3797 522 Mis-

2201 554 2300 608 sali
2347 554 2731 624 interpolatum
2777 553 2961 611 fuisse.
3028 556 3208 623 Quare
3262 558 3310 614 si
3357 559 3487 629 quid
3532 560 3801 630 ejusmodi

2203 645 2441 701 additum
2470 646 2669 701 Missali
2708 644 2913 715 fuisset,
2946 647 3194 716 Ortisius,
3227 658 3416 721 utpote
3456 652 3539 707 vir
3573 654 3798 722 probus,

2202 738 2270 793 de
2301 753 2367 793 eo
2393 739 2613 794 minime
2642 739 2915 797 tacuisset.
2948 739 3221 798 Ponamus
3245 743 3388 799 enim
3418 740 3701 814 Ortisiurn,
3732 745 3803 800 ob

2204 826 2558 897 ignorantiam
2604 828 2809 898 antiqui
2851 829 2986 887 ritus
3042 831 3277 899 Gothici,
3328 838 3581 889 eoactum
3636 832 3805 890 fuisse

2204 923 2479 979 orationes
2519 924 2728 994 aliquot
2756 931 2812 979 et
2844 924 3051 996 aliquot
3092 918 3335 985 rubricas
3375 945 3405 984 e
3453 928 3654 985 Missali
3699 930 3805 987 To-

2202 1015 2384 1072 letano
2416 1018 2470 1073 in
2514 1018 2731 1075 Missale
2776 1021 3123 1076 Mozarabum
3173 1019 3485 1089 transferre,
3535 1038 3717 1078 nonne
3752 1029 3806 1079 et

2205 1110 2439 1166 solertiae
2465 1126 2577 1167 suae
2606 1112 2821 1168 laudem
2855 1114 3153 1184 retulisset,
3197 1114 3312 1184 qui,
3362 1114 3547 1184 paucis
3576 1114 3807 1175 rubricis

2206 1204 2651 1274 orationibusque
2690 1206 2937 1276 adjectis,
2991 1223 3147 1263 usum
3194 1206 3419 1277 liturgite
3470 1205 3806 1265 Gotho-His-

2206 1310 2357 1365 pana-
2383 1295 2692 1365 expeditum
2718 1296 3042 1363 reddiderat,
3060 1305 3115 1352 et
3136 1295 3255 1351 ﬁdei
3273 1298 3492 1366 pariter,
3515 1296 3605 1365 qui
3620 1296 3688 1351 de
3705 1296 3808 1351 hac

2207 1401 2268 1442 re
2305 1395 2417 1441 tota
2466 1386 2704 1443 lectores
2742 1386 2971 1443 candide
3018 1396 3325 1453 monuerat,
3377 1396 3432 1441 et
3474 1389 3810 1443 recentiores

2208 1479 2343 1535 ritus
2371 1480 2438 1535 ab
2466 1480 2702 1550 antiquis
2727 1479 3081 1535 distinxerat?
3126 1480 3233 1535 Sed
3276 1494 3400 1535 cum
3429 1478 3659 1534 Ortisius
3690 1479 3810 1534 uul-

2210 1572 2302 1627 libi
2346 1573 2533 1627 innuat
2560 1573 2700 1628 sein
2732 1572 2929 1628 Missali
2978 1572 3272 1642 quidquam
3300 1571 3533 1627 edidisse
3578 1572 3719 1642 quod
3754 1572 3810 1626 in

2214 1661 2363 1719 libris
2390 1662 2743 1719 Mozarabicis
2768 1679 2875 1719 non
2904 1662 3184 1717 invenerat
3208 1661 3411 1735 [uxr],
3445 1662 3561 1732 ejus
3593 1662 3811 1718 silentio

513 1759 759 1814 lacunam
786 1764 1132 1813 restauraret.
1166 1754 1295 1823 Quae
1322 1756 1512 1825 optimi
1544 1755 1834 1811 cardinalis
1855 1756 2108 1810 mandata
2143 1743 2189 1805 Β
2217 1752 2347 1807 lides
2389 1762 2473 1808 est
2515 1754 2843 1822 adhibenda,
2894 1768 2994 1809 nee
3022 1753 3316 1823 putandum
3361 1755 3535 1809 virum
3581 1754 3813 1825 pruden-

514 1849 795 1922 prolitetur
820 1848 1049 1905 Ortisius
1074 1864 1153 1915 se,
1207 1863 1404 1919 magno
1441 1863 1563 1903 cum
1594 1848 1783 1904 labore
1810 1864 1874 1905 ac
1900 1864 2107 1905 summa

516 1941 622 1997 ﬁde
651 1950 969 1998 exsecutum
999 1956 1139 2007 esse,
1192 1940 1319 1995 vitia
1348 1939 1594 2009 quaedam
1623 1939 2026 2010 orthographia:
2053 1954 2113 1996 se

518 2033 861 2099 emenda’sse,
937 2033 1253 2103 fugientium
1308 2031 1799 2101 manuscriptorum
1853 2031 2114 2086 librorum

518 2124 879 2193 characteres,
908 2123 963 2179 in
990 2131 1202 2180 veteres
1228 2122 1528 2178 litterarum
1558 2121 1751 2177 ductus
1783 2137 1927 2177 novo
1966 2130 2113 2176 atra-

518 2224 703 2272 mento
733 2216 994 2283 immisso,
1051 2231 1355 2282 revocasse,
1405 2216 1699 2273 sententias
1728 2224 1783 2271 et
1812 2230 1974 2272 voces
2002 2214 2113 2271 dis-

520 2312 765 2380 tinxisse,
792 2311 1031 2383 dispersa
1059 2311 1316 2366 Breviarii
1348 2311 1525 2366 ofﬁcia
1558 2311 1610 2365 in
1645 2327 1809 2365 unum
1839 2310 2117 2381 collegisse

520 2404 594 2475 (ο)
625 2412 788 2477 atque
827 2404 1171 2460 coordinasse
1200 2392 1446 2459 testatur.
1475 2402 1634 2458 Aliud
1664 2403 1957 2474 quidquam
1984 2417 2120 2473 prae-

522 2499 725 2556 stitisse
749 2514 809 2555 se
839 2498 1059 2555 minime
1090 2497 1271 2564 tradit,
1322 2497 1619 2553 traditurus
1668 2497 1874 2567 utique,
1920 2513 1963 2552 s1
1994 2497 2121 2551 Mis-

522 2593 650 2649 salis
680 2592 923 2648 ordinem
952 2598 1233 2657 mutasset,
1276 2590 1321 2645 si
1350 2590 1592 2648 rubricas
1622 2605 1812 2653 novas,
1847 2603 2121 2658 novasque

525 2685 821 2750 orationes,
875 2684 1152 2751 missasve,
1202 2682 1577 2739 Mozarabibus
1624 2690 1783 2737 antea
1813 2681 2117 2747 inusitatas,

526 2780 594 2836 de
621 2779 819 2836 Missali
846 2778 1132 2847 Toletano,
1164 2788 1256 2835 aut
1282 2778 1496 2834 aliunde
1544 2779 1761 2849 petitas,
1814 2777 2119 2846 adjecisset.

527 2874 661 2931 Nam
690 2874 791 2930 cui‘
820 2874 965 2929 bono
1006 2872 1286 2939 tacuisset,
1341 2888 1459 2942 quae
1508 2887 1630 2927 cum
1677 2870 1838 2925 laude
1888 2868 2122 2923 Editoris

529 2964 707 3036 palam
741 2963 855 3019 fieri
894 2971 1167 3033 poterant,
1216 2978 1317 3019 nec
1345 2962 1462 3018 sine
1508 2961 1705 3017 damno
1755 2958 2024 3016 Editionis
2070 2966 2127 3015 et

531 3056 769 3115 Editoris
808 3056 1023 3112 macula
1060 3056 1268 3112 taceri?

2213 1855 2321 1901 tem
2351 1854 2406 1902 et
2435 1848 2688 1917 probum,
2738 1855 2799 1903 ut
2826 1856 3075 1919 posteros
3105 1847 3333 1916 falleret,
3366 1848 3553 1906 laudes
3580 1865 3704 1905 suas
3734 1857 3815 1904 ta-

2213 1953 2337 1995 cere
2369 1940 2625 1996 voluisse.

2294 2031 2413 2085 ηδ.
2457 2031 2752 2100 Caeterum,
2801 2035 3241 2107 quandoquidem
3290 2038 3420 2093 satis
3468 2048 3675 2094 certum
3730 2048 3816 2095 est

2217 2124 2435 2181 missam
2464 2126 2857 2185 Mozarabicam
2886 2130 2979 2185 diu
3002 2139 3126 2185 ante
3154 2132 3526 2202 episcopatum
3567 2132 3817 2188 cardina-

2219 2217 2285 2273 lis
2322 2217 2552 2275 Ximenii
2593 2221 2647 2275 in
2697 2222 2830 2278 urbe
2880 2223 3140 2279 Toletana
3189 2226 3441 2295 expedite
3487 2225 3820 2280 celebratam

2221 2324 2367 2375 esse;
2418 2313 2526 2367 imo
2566 2313 2800 2382 aliquem
2844 2314 2961 2384 ejus
2992 2331 3187 2383 usum,
3233 2316 3301 2372 ab
3342 2317 3617 2372 eversione
3661 2316 3822 2385 regni

2222 2401 2619 2472 Visigothorum
2645 2405 2711 2458 ad
2743 2405 2883 2461 hanc
2911 2422 3080 2476 usque
3101 2408 3264 2474 diem,
3294 2407 3468 2464 Toleti
3496 2407 3817 2474 obtinuisse,

2222 2509 2447 2550 necesse
2474 2505 2556 2550 est
2577 2495 2768 2551 falsum
2798 2512 2918 2552 esse
2942 2497 3003 2552 P.
3032 2497 3107 2553 Le
3138 2498 3298 2563 Brun,
3330 2498 3643 2567 opinantem
3670 2499 3821 2565 igno-

2223 2589 2454 2642 rantiam
2503 2589 2709 2659 antiqui
2750 2591 2882 2646 ritus
2910 2591 3161 2657 Gothici,
3204 2592 3259 2646 in
3308 2606 3471 2647 causa
3522 2589 3685 2646 fuisse
3722 2604 3821 2644 cur

2225 2677 2441 2735 Missale
2470 2679 2815 2736 Mozarabum
2862 2682 3247 2753 interpolatum
3296 2680 3477 2736 fuerit.
3509 2680 3679 2747 Nam,
3725 2690 3824 2737 aut

2227 2768 2539 2827 Mozarabes
2570 2772 2874 2841 ignorantia
2904 2776 3112 2844 antiqui
3158 2776 3291 2830 ritus
3320 2790 3427 2829 non
3457 2773 3779 2829 laborabant
3804 2814 3819 2839 ,

2229 2869 2322 2916 aut
2350 2878 2470 2918 cum
2514 2864 2615 2919 hac
2645 2865 2945 2934 ignorantia
2987 2867 3055 2938 (si
3099 2882 3163 2922 ea
3214 2865 3557 2939 tenebantur)
3602 2866 3824 2921 missam

2228 2974 2380 3016 suam
2411 2962 2693 3034 commode
2718 2964 2994 3019 celebrare
3023 2972 3295 3033 poterant.

2304 3050 2425 3106 l29.
2466 3051 2582 3108 Non
2609 3054 2767 3110 latuit
2798 3054 3106 3110 Ximenium
3136 3054 3452 3111 Mozarabes
3475 3097 3489 3123 ,
3540 3056 3698 3125 longo
3724 3071 3823 3110 an-

604 3151 725 3205 1‘26.
769 3149 903 3204 Nam
934 3164 1093 3205 nemo
1122 3148 1340 3218 negabit
1367 3148 1468 3203 ista
1498 3147 1699 3215 omnia,
1731 3161 1850 3215 qua:
1878 3152 2127 3201 recenset
2149 3111 2203 3181 θ
2233 3158 2425 3197 norum
2454 3144 2681 3201 decursu
2714 3146 2806 3218 (e),
2837 3148 3078 3203 rubricas
3107 3148 3368 3219 quasdam
3394 3157 3449 3205 et
3468 3150 3820 3205 caeremonias

535 3243 838 3308 Boblesius,
866 3241 1068 3298 Missali
1097 3242 1335 3312 potuisse
1369 3241 1531 3311 adjici
1557 3241 1671 3296 sine
1698 3240 1897 3297 damno
1924 3238 2129 3295 Editio-

533 3335 639 3403 nis,
680 3334 727 3389 si
771 3331 1077 3402 Ximenius,
1122 3341 1215 3387 aut
1268 3333 1447 3403 potius
1500 3331 1750 3400 Ortisius,
1807 3332 1875 3387 de
1921 3331 2131 3387 addita-

534 3427 733 3484 mentis
764 3435 1016 3497 posteros
1040 3426 1359 3483 monuisset.
1394 3431 1483 3494 At,
1514 3425 1659 3480 nulla
1707 3424 1981 3496 praemissa
2039 3422 2132 3478 ad-

536 3519 857 3587 monitione,
897 3518 1110 3576 Missale
1135 3518 1397 3589 potuisse,
1439 3517 1554 3573 sine
1601 3516 1798 3573 damno
1846 3515 2129 3583 Editionis,

537 3609 875 3682 interpolari,
910 3624 1069 3665 nemo
1097 3624 1206 3664 nou
1232 3606 1468 3678 negabit.
1503 3605 1633 3672 Quis
1663 3615 1844 3661 autem
1875 3606 1991 3660 sine
2021 3613 2132 3661 tes-

538 3702 767 3759 timonio
807 3699 1086 3772 scriptoris
1117 3698 1295 3754 idonei
1339 3706 1396 3752 et
1436 3696 1725 3768 synchroni
1772 3696 1872 3750 sibi
1903 3694 2135 3750 suadere

538 3792 741 3863 poterit
767 3790 1095 3848 cardinalem
1121 3788 1448 3854 Ximenium,
1481 3787 1653 3841 virum
1682 3785 1907 3856 probum
1930 3794 1983 3841 et
2005 3800 2134 3856 pru-

540 3882 779 3951 dentem,
828 3882 1101 3953 egregium
1130 3896 1267 3952 opus
1294 3878 1524 3935 Missalis
1554 3877 1876 3933 Mozarabici
1921 3876 2132 3943 vitiari,

542 3983 792 4047 posteros
845 3973 1045 4044 decipi,
1096 3974 1232 4029 ritus
1288 3971 1563 4028 Romanos
1610 3987 1709 4042 pro
1760 3970 2135 4039 Mozarabicis,

543 4064 879 4121 recentiores
907 4078 1007 4134 pro
1036 4062 1288 4133 antiquis,
1321 4062 1580 4117 venditari
1613 4062 1879 4118 voluisse?

617 4160 741 4214 127.
782 4159 874 4227 At,
917 4158 1092 4229 inquit
1138 4157 1197 4212 Ρ.
1248 4156 1324 4212 Le
1368 4157 1534 4221 Brun,
1563 4157 1732 4213 series
1773 4159 1979 4228 antiqui
2005 4159 2141 4216 ritus

546 4249 759 4311 Gothici
801 4254 1169 4324 ignorabatur,
1205 4249 1346 4306 unde
1376 4249 1574 4306 Ortisio
1607 4249 1830 4322 ejusque
1857 4253 2019 4309 sociis
2047 4267 2142 4308 ne-

547 4363 698 4403 cesse
725 4347 825 4406 fuit
851 4346 1067 4403 missale
1100 4345 1443 4401 Mozarabum
1469 4344 1624 4400 novis
1662 4345 1852 4402 ritibus
1877 4362 1908 4402 e
1942 4345 2142 4402 Missali

548 4441 813 4496 Toletano
839 4439 1020 4511 petitis
1067 4439 1356 4505 instruere,
1399 4444 1457 4492 ut
1486 4438 1649 4493 missa
1680 4438 2016 4497 Mozarabica
2047 4456 2143 4497 ex-

550 4530 732 4601 pedite
759 4529 1127 4586 celebraretur
1155 4526 1256 4599 (d).
1288 4526 1486 4585 Demus
1512 4527 1619 4585 hoc
1655 4528 1715 4584 P.
1758 4529 1835 4587 Le
1860 4530 2026 4588 Bruu.
2071 4534 2143 4588 At

723 4778 942 4932 .tllbolgfer
969 4847 1254 4930 epistolam
1287 4846 1672 4904 dedicatoriam
1719 4849 1994 4908 Breviario
2020 4850 2140 4908 Mo-

554 4934 806 4990 zaramco
836 4934 1185 4990 praemissam.

632 4989 1063 5116 adggépetrus
1116 4989 1192 5045 Le
1236 4989 1401 5046 Brun.
1455 4990 1661 5064 Explic.
1709 4992 1922 5063 missa,
1977 5002 2016 5048 t.
2067 4993 2141 5062 ll,

559 5076 686 5133 pag.
720 5076 843 5133 nos.

633 5133 704 5205 (e)
746 5132 826 5186 Ab
855 5148 998 5205 anno
1027 5134 1171 5188 enim
1201 5133 1325 5202 7H,
1356 5144 1448 5189 aut
1474 5134 1597 5201 712,
1625 5151 1733 5205 quo
1756 5149 1977 5204 regnum
2002 5136 2145 5192 Visi-

596 5203 846 5275 othorum
891 5203 1145 5261 Saraceni
1174 5215 1518 5271 everterunt,
1563 5203 1759 5261 ad'an.
1812 5203 1990 5274 i500,
2038 5222 2146 5275 quo

584 5272 1037 5357 [lissaleAXimeuii
1072 5274 1578 5357 editutn_fuit,anni
1615 5275 1783 5333 ferme
1822 5272 2148 5349 septingenti

563 5348 839 5417 octoginta
868 5356 923 5403 et
950 5356 1076 5404 octo
1103 5348 1537 5417 intercipiuntur.

634 5416 713 5489 (f)
751 5416 1018 5475 Credibile
1045 5427 1128 5474 est
1146 5416 1467 5474 Mozarabes
1516 5433 1611 5473 eos
1644 5419 1780 5474 ritus
1808 5419 2003 5474 invitos
2031 5434 2151 5473 sus-

563 5489 770 5559 cepisse
793 5530 808 5556 ,
854 5490 1046 5562 quibus
1072 5490 1367 5559 orationes,
1396 5503 1531 5562 quas
1560 5490 1629 5562 ⁸ἱιι
1661 5490 2152 5562 missa_recita_ha_nt

564 5558 752 5631 aperte
777 5558 1146 5632 onponuntur,
1177 5562 1322 5632 quod
1344 5569 1473 5632 post
1501 5559 1688 5613 initum
1717 5561 1785 5615 ab
1816 5558 2059 5629 Eugenio
2085 5559 2151 5614 lll

562 5630 931 5701 pontificatum
959 5632 1245 5700 contigisse
1272 5630 1510 5695 videtur;
1558 5632 1603 5686 is
1643 5632 1783 5701 enim
1834 5632 1885 5685 in
1923 5631 2151 5701 epistola

565 5700 782 5775 (detqua
807 5720 909 5760 ent.
938 5704 1006 5758 de
1034 5703 1276 5775 Agujrre,
1309 5709 1438 5775 tom.
1469 5702 1538 5775 ill
1558 5700 1918 5775 conc.llisp.,
1943 5700 1997 5771 p.
2026 5701 2149 5771 562,

567 5771 619 5821 et
649 5771 916 5844 Labbeus,
945 5782 1079 5831 tom.
1098 5771 1159 5829 ’Χ
1180 5772 1411 5838 Concil.,
1442 5774 1547 5831 col.
1582 5774 1721 5831 1099
1741 5771 2059 5845 meminere)
2086 5775 2154 5832 ad

650 4708 705 4849 αξ
735 4706 930 4789 Epist.,
972 4703 1311 4761 Dedicatoria
1340 4703 1537 4760 Missali
1566 4706 1864 4775 praemissa.
1882 4743 1887 4755 ς

625 4715 699 4920 ἓξ)
740 4778 942 4904 illbdgfer
969 4847 1254 4916 epistolam
1287 4846 1672 4904 dedicatoriam
1719 4849 1887 4906 Brevi:

2232 3234 2695 3307 Gotho-Hispanis
2743 3239 2995 3311 ignotas,
3050 3241 3103 3294 in
3150 3256 3306 3296 suam
3367 3242 3674 3311 liturgiatu,
3732 3251 3827 3297 aut

2232 3337 2452 3399 sponte,
2487 3340 2580 3385 aut
2628 3330 2792 3385 invite
2823 3332 2936 3403 (ι’),
2983 3331 3371 3396 intromisisse,
3406 3348 3498 3389 eas
3528 3342 3708 3389 tamen
3740 3334 3828 3388 in-

2234 3428 2407 3477 tactas
2431 3422 2653 3478 retineri
2681 3422 2870 3487 voluit,
2905 3440 3013 3480 non
3042 3424 3187 3480 enim
3236 3425 3313 3480 illi
3352 3426 3685 3495 propositum
3712 3425 3829 3480 fue-

2234 3522 2317 3567 rat
2346 3513 2576 3583 priscam
2595 3511 3165 3585 Gotho-Hispanorum
3194 3513 3528 3571 sacrificandi
3558 3524 3612 3570 et
3648 3515 3829 3571 ol'licia

2236 3605 2600 3661 ecclesiastica
2625 3606 2860 3661 obeundi
2883 3622 3129 3662 normam
3154 3622 3339 3678 puram
3370 3616 3423 3662 et
3462 3616 3647 3678 putam
3673 3607 3833 3661 exhi-

2235 3699 2387 3763 bere,
2420 3700 2515 3754 sed
2552 3699 2603 3754 id
2634 3715 2798 3754 unum
2825 3700 3086 3755 duntaxat
3112 3700 3351 3766 curabat,
3402 3707 3493 3764 ut,
3538 3696 3738 3751 Missali
3770 3706 3834 3752 et

2237 3791 2517 3848 Breviario
2545 3792 2859 3848 charactere
2903 3794 3121 3862 usitato,
3168 3792 3307 3863 typis
3335 3790 3492 3847 editis
3517 3829 3533 3856 ,
3578 3790 3743 3843 missa
3773 3797 3835 3845 et

2238 3883 2475 3941 ofﬁcium
2518 3882 2913 3939 Mozarabicum
2961 3900 3028 3939 eo
3075 3884 3181 3939 ritu
3210 3898 3317 3952 quo
3363 3897 3461 3939 suo
3504 3888 3750 3951 tempore
3778 3888 3836 3935 et

2239 3985 2364 4033 ante
2384 3984 2602 4032 centum
2618 3985 2673 4031 et
2699 3976 2931 4047 amplius
2957 3990 3127 4030 annos
3150 3973 3265 4028 ﬁeri
3291 3972 3541 4029 solebant
3568 3972 3623 4026 in
3652 3978 3836 4041 poste«-

2239 4081 2358 4122 rum
2409 4065 2618 4123 facilius
2664 4067 3086 4122 celebrarentur.
3146 4065 3326 4130 Quare
3368 4062 3570 4119 Ortisio
3609 4065 3837 4132 ejusque

2240 4160 2396 4216 sociis
2424 4160 2776 4216 mandaverat
2808 4168 2868 4215 ut
2906 4160 3072 4215 libros
3096 4157 3493 4229 manuscriptos
3522 4156 3751 4212 Missalis
3778 4163 3838 4212 et

2242 4250 2500 4309 Breviarii
2530 4252 2874 4308 Mozarabum
2896 4251 3180 4320 diligenter
3200 4256 3653 4318 recognoscerent
3668 4290 3685 4317 ,
3712 4262 3840 4303 eos-

2243 4362 2349 4418 que
2378 4347 2693 4402 charactere
2734 4345 2936 4399 usitato
2990 4343 3345 4413 transcriptos
3389 4341 3555 4412 praclo
3601 4339 3839 4409 subjice-

2247 4446 2402 4505 rent;
2456 4436 2643 4492 iisdem
2677 4443 2857 4490 tamen
2903 4434 3213 4490 facultatem
3243 4447 3351 4486 non
3379 4429 3528 4486 dedit
3573 4427 3841 4499 purgandi

2247 4528 2459 4586 Missale
2488 4539 2544 4584 et
2571 4526 2905 4583 Breviarium
2932 4526 3000 4581 ab
3029 4525 3410 4580 additamentis
3450 4520 3793 4579 Mozarabum
3820 4559 3841 4588 ,

2247 4711 2447 4765 clerum
2474 4713 2529 4761 et
2556 4704 2812 4776 populum
2846 4700 3165 4776 Toletanum
3194 4699 3460 4776 scribens,
3489 4694 3846 4776 conqueritur

2246 4766 2985 4845 Mozarabes'ArchiepisCOpo
3029 4774 3276 4827 Toletano
3314 4766 3846 4845 obedientiamtfene-

2246 4860 2450 4921 gantes,
2481 4848 2724 4902 ecclesias
2759 4838 2820 4899 de
2847 4838 3004 4921 manu
3037 4846 3285 4921 (nieorum
3316 4842 3556 4921 recipere,
3591 4849 3639 4891 et
3670 4838 3724 4891 in
3754 4854 3849 4899 sos

2248 4912 2522 4975 crementis
2551 4921 2843 4981 missarum,
2874 4925 2921 4968 et
2950 4918 3002 4967 in
3034 4916 3151 4967 aliis
3182 4913 3369 4965 divinis
3395 4912 3605 4980 ofﬁciis,
3631 4919 3849 4962 tonsura

2248 5008 2444 5064 quoque
2475 4990 2699 5064 cleriwli
2726 4996 2774 5040 et
2798 4987 3133 5064 vestimentis,
3164 5000 3309 5064 suam
3335 4984 3600 5064 antiquom
3623 4994 3851 5033 consue-

2252 5053 2478 5116 ittdinem
2508 5060 2866 5129 subsequentes
2890 5098 2901 5117 ,
2947 5054 3009 5107 ab
3040 5055 3327 5129 apostolica
3356 5054 3474 5129 sede
3496 5053 3853 5129 diverso_se_n-

2252 5135 2347 5186 tire
2373 5118 2702 5202 prwsumere.
2734 5118 3084 5202 Quapropter
3107 5126 3326 5178 mandat
3350 5118 3854 5202 universi_tatLTole-

2250 5190 2519 5266 tano'rum,
2553 5190 2798 5271 quatenus
2830 5190 3144 5271 Mozatjabes
3173 5202 3456 5271 moneant,
3475 5200 3531 5245 ut
3560 5192 3615 5245 in
3650 5190 3855 5271 Slus-ra-

2251 5274 2437 5327 mentis
2463 5261 2762 5334 missarum,
2793 5278 2841 5323 et
2862 5270 2917 5322 in
2943 5269 3061 5322 aliis
3090 5267 3276 5320 divinis
3308 5265 3486 5336 officiis
3517 5280 3549 5315 a
3589 5261 3858 5315 catholica

2251 5344 2488 5397 Ecclesia
2512 5342 2783 5396 dissentire
2810 5341 2872 5393 de
2914 5350 3099 5395 cwtero
3144 5354 3245 5391 non
3270 5347 3585 5407 prwsumant
3611 5373 3627 5399 ,
3675 5339 3730 5386 et
3759 5346 3858 5385 ar-

2253 5415 2601 5484 chiepiscopo
2635 5413 2917 5484 Toletano,
2948 5414 2992 5465 si
3037 5412 3090 5463 in
3112 5410 3274 5479 ipsius
3295 5407 3559 5484 provincia
3584 5418 3859 5484 remanere

2251 5470 2834 5550 voluérintiobediant,
2858 5470 3069 5554 ejusque
3090 5470 3349 5554 praecepta
3378 5478 3664 5554 observent.
3695 5470 3861 5528 Unde

2252 5546 2681 5624 conjicere'lict:t
2718 5546 3049 5617 Meiarabés,
3083 5546 3173 5621 qui
3208 5546 3467 5624 hactenus
3490 5546 3694 5618 priscas
3723 5558 3862 5624 suas

2253 5622 2668 5683 consuetudines
2696 5626 3140 5687 observaverant,
3170 5622 3387 5687 exinde,
3418 5635 3488 5674 ne
3527 5623 3860 5686 cogerentur

2254 5700 2429 5755 solum
2459 5707 2693 5762 vertere,
2727 5705 3029 5763 tonsuram,
3059 5702 3264 5755 vestem
3288 5689 3630 5763 clericalem_,
3648 5695 3725 5763 Aet
3755 5700 3857 5740 ηις

2224 5770 2432 5849 _b‘ricas
2458 5758 2720 5842 quasdam
2748 5758 3044 5836 Romanas,
3068 5764 3214 5821 haud
3239 5769 3437 5833 sponte
3470 5758 3775 5817 admisisse.
