4040 6356
198 354 265 408 η
1684 357 2074 419 ριξΑειτΑΤιο.

3435 392 3506 454 50

195 482 301 535 tes,
359 484 717 540 consequens
769 468 981 525 videtur
1032 470 1335 530 Romanam
1382 475 1647 546 liturgiam
1701 494 1807 534 non
1836 478 1884 536 Δ
1914 480 2102 539 ritibus
2143 483 2401 557 Iiturgicis
2430 504 2616 551 earum
2648 495 3011 559 Ecclesiarum
3056 516 3407 566 assueverant
3445 512 3504 572 in

197 562 358 618 modo
382 562 437 617 iu
466 571 583 617 tota
602 565 770 628 Italia,
801 564 895 619 sed
921 563 971 618 in
996 564 1177 622 Africa
1200 583 1434 638 quoque,
1458 571 1509 624 in
1536 569 1814 642 Hispania,

193 666 243 708 et
284 656 341 709 itt
394 654 601 717 Gallia.
642 671 674 710 a
717 655 903 726 primis
952 655 1075 712 ﬁ'de‘i
1108 661 1440 729 praeconibus
1460 673 1813 735 propagatam

193 749 397 816 fuisse;
443 749 707 805 ere‘dibile
755 752 901 805 enim
948 760 1033 806 est
1083 752 1284 821 primos
1322 755 1533 811 illarum
1575 760 1813 827 gentium

190 843 501 911 apostolos,
526 843 593 898 ad
620 843 782 899 ﬁdem
812 845 1087 902 conversis
1113 847 1348 917 populis,
1378 864 1499 903 eam
1530 852 1811 909 tradidisse

189 933 562 997 sacriﬁcandi,
597 936 785 991 orandi
816 944 872 990 et
910 947 1249 993 sacramenta
1282 941 1603 999 conficiendi
1633 945 1806 1002 admi-

189 1026 571 1094 nistraudique
602 1021 715 1101 [seu]
760 1026 1009 1095 formam,
1039 1044 1202 1099 quam
1235 1032 1335 1101 ip’si
1384 1035 1438 1088 in
1468 1036 1586 1091 sinu
1618 1035 1808 1094 Eccle-

187 1116 283 1172 sia:
347 1118 610 1172 Romanae
656 1120 973 1176 didicerant.
1027 1119 1145 1177 Hoc
1201 1136 1578 1193 argumentum
1630 1129 1804 1198 prima

188 1210 374 1281 specie
414 1208 631 1277 efﬁcax,
683 1215 1007 1270 auctoritate
1048 1217 1219 1271 sancti
1276 1218 1483 1285 Isidori,
1535 1230 1591 1275 et
1635 1222 1806 1279 sancti

191 1301 444 1372 Gregorii
501 1302 591 1356 VI-I
636 1305 1004 1375 conﬁrmant,
1066 1307 1377 1380 adduntque
1440 1311 1801 1382 fragmentum

190 1391 579 1463 Scorialense,
633 1401 689 1450 et
744 1396 973 1451 concilia
1020 1395 1259 1468 Hispana
1307 1399 1695 1459 llliberitanum
1746 1412 1803 1461 et

192 1483 522 1541 Toletanum
554 1489 803 1558 primum.
1692 1498 1696 1503 ’

257 1577 386 1632 155.
448 1577 763 1650 Praeterea,
813 1583 1088 1655 inquiunt,
1134 1592 1358 1644 sanctus
1430 1586 1697 1658 Leander,
1743 1599 1801 1648 et

188 1679 408 1726 sanctus
472 1669 713 1728 Isidorus
774 1686 1201 1745 composuerunt
1258 1678 1560 1750 Iiturgiam,
1634 1696 1793 1749 quam

189 1761 482 1816 concilium
524 1761 848 1820 Toletanum
893 1782 946 1821 tv
975 1770 1316 1839 approbavit,
1349 1780 1425 1841 et,
1480 1785 1540 1828 ut
1591 1776 1706 1830 sola
1735 1773 1791 1831 in

191 1853 447 1909 Ecclesiis
516 1857 670 1925 regni
736 1858 1141 1928 Visigothorum
1210 1863 1624 1933 observaretur,
1690 1869 1801 1926 suis
1829 1850 1882 1912 Β

190 1945 423 2002 decretis
482 1948 774 2004 mandavit.
830 1949 982 2007 Hanc
1034 1953 1347 2025 liturgiam,
1402 1972 1562 2026 quam
1610 1970 1799 2029 postea

186 2036 590 2095 Muzarabicam
634 2043 1013 2112 appellarunt,
1058 2056 1259 2115 negant
1306 2064 1428 2104 esse
1484 2050 1795 2119 primmvam

186 2127 414 2185 formam
468 2133 777 2190 celebrandi
823 2137 1023 2203 divina,
1070 2153 1231 2207 quam
1257 2142 1488 2211 apostoli
1517 2144 1569 2198 in
1606 2142 1797 2214 Hispa-

185 2221 329 2276 niam
377 2225 707 2294 attulerunt,
756 2237 943 2299 utpote
979 2245 1120 2300 qure,
1174 2236 1372 2288 saeculo
1402 2235 1664 2292 duntaxat
1700 2252 1789 2305 vu,

184 2315 407 2369 concilii
433 2317 680 2373 Toletani
710 2336 761 2374 tv
791 2324 1115 2380 auctoritate
1143 2326 1360 2382 invecta
1402 2337 1505 2385 est.

263 2402 397 2460 154.
435 2405 537 2460 Hae
564 2419 686 2463 sunt
720 2414 998 2482 praecipuae
1033 2416 1188 2485 hujus
1216 2421 1500 2476 sententia:
1528 2422 1789 2494 rationes,

192 2509 362 2561 quam
412 2498 765 2568 suspiciosam
810 2502 935 2560 facit
974 2509 1262 2577 priscorum
1293 2520 1574 2568 auctorum
1622 2516 1788 2570 silen-

184 2588 348 2657 tium,
384 2604 567 2659 neque
602 2592 944 2652 fundamenta
977 2601 1167 2668 quibus
1210 2604 1457 2663 innititur
1497 2615 1605 2661 tam
1637 2607 1789 2665 ﬁrma

182 2688 305 2734 sunt
335 2696 505 2750 quam
528 2697 809 2755 apparent.
836 2689 967 2746 Nam
992 2709 1097 2749 non
1127 2698 1259 2753 satis
1280 2708 1495 2755 constat
1517 2717 1612 2757 eos
1642 2703 1788 2759 solos

182 2768 231 2822 in
260 2768 531 2839 Hispania
564 2778 907 2836 constituisse
940 2780 1229 2852 Ecclesias,
1260 2805 1399 2860 quos
1420 2791 1610 2848 beatus
1650 2809 1785 2864 apo-

184 2862 345 2918 uoltis
364 2863 565 2922 Petrus
593 2868 817 2940 ejusque
841 2889 1184 2935 successores
1204 2881 1331 2937 illuc
1353 2885 1782 2953 evangelizatum

186 2956 441 3012 miserunt
476 2974 587 3015 :ex
637 2961 742 3019 hoc
772 2966 915 3020 enim
957 2983 1185 3025 numero
1238 2970 1462 3044 Hispani
1510 2978 1786 3047 excipiunt

187 3061 420 3106 sanctum
452 3050 719 3111 Iacobum
750 3056 1036 3130 Majorem,
1063 3072 1119 3118 et
1148 3066 1217 3119 ab
1248 3070 1593 3137 antiquorum
1630 3072 1784 3127 testi-

192 3142 353 3197 monio
381 3146 743 3215 excipiendus
766 3159 849 3205 est
876 3156 1157 3222 apostolus
1192 3155 1413 3225 Paulus,
1456 3161 1563 3215 imo
1591 3172 1645 3216 et
1667 3162 1779 3232 ipse

197 3235 552 3300 apostolorum
614 3240 860 3310 princeps
906 3241 1136 3313 Petrus,
1184 3263 1345 3318 quem
1404 3223 1466 3306 in
1522 3223 1782 3324 Hispania
1811 3223 1858 3286 ο

191 3326 500 3392 praedicasse
542 3330 711 3400 aliqui
744 3338 1076 3393 contendunt
1105 3340 1538 3414 (o)..Discipulos
1582 3347 1788 3417 aliquot

186 3415 231 3469 iu
257 3416 519 3489 Hispania
566 3423 853 3495 reliquisse
880 3439 1128 3487 sanctum
1174 3433 1435 3490 Jacobum
1477 3415 1784 3507 apostolum

184 3506 314 3562 fama
345 3511 549 3578 prodit.
588 3513 815 3571 Paqum
858 3522 1187 3591 apostolum,
1229 3526 1403 3582 nullos
1434 3528 1484 3581 in
1518 3506 1783 3599 Hispania

182 3600 528 3659 constituisse
579 3603 892 3679 Ecclesias,
941 3612 1206 3682 siquidem
1255 3618 1309 3672 in
1356 3620 1422 3674 iis
1473 3622 1783 3691 regionibus

183 3696 661 3765 erangelizaverit,
712 3704 921 3759 creditu
980 3707 1196 3763 dillicile
1242 3719 1345 3765 est.
1408 3711 1663 3784 Idemque
1714 3718 1783 3773 de

181 3788 429 3854 apostolo
471 3788 634 3848 Petro
662 3794 949 3851 dicendum
990 3800 1222 3856 videtur.
1253 3800 1407 3860 Unde
1435 3823 1540 3861 non
1573 3817 1654 3862 est
1684 3826 1782 3866 cur

181 3876 431 3933 dicamus
452 3881 715 3953 Hispanos
739 3887 1008 3960 liturgiam
1042 3892 1341 3951 Romanam
1375 3914 1478 3954 una
1519 3916 1641 3955 cum
1673 3902 1780 3959 ﬁde

181 3966 392 4025 Christi
445 3978 749 4047 suscepisse.
810 3981 926 4039 Imo
982 3989 1243 4055 suspicari
1299 3991 1423 4046 licet
1471 4009 1567 4049 eos
1618 3996 1779 4050 aliam

181 4062 474 4129 quamdam
521 4066 693 4125 divina
738 4073 977 4131 obeundi
1024 4093 1269 4135 normam
1302 4098 1331 4138 a
1380 4082 1605 4154 Jacobo,
1654 4097 1708 4143 et
1746 4104 1777 4144 a

182 4147 363 4219 Petro,
395 4154 486 4210 vel
514 4172 544 4211 a
577 4156 746 4217 Paulo
777 4166 1047 4235 apostolo,
1082 4173 1377 4242 accepisse.

248 4243 371 4299 155.
400 4247 509 4303 Sed
539 4265 799 4321 ponamus
819 4259 1186 4327 apostolorum
1214 4268 1486 4323 neminem
1513 4269 1565 4324 in
1581 4269 1775 4342 Hispa-

182 4336 261 4390 nia
295 4342 640 4411 praedicasse,
674 4347 943 4419 ﬁdemque
968 4351 1167 4410 Christi
1207 4355 1474 4428 Hispanos
1503 4365 1778 4434 accepisse

182 4429 240 4483 ab
263 4432 328 4487 iis
348 4448 491 4500 quos
511 4440 795 4508 apostolus
820 4441 1015 4501 Petrus
1036 4447 1262 4518 ejusque
1290 4467 1629 4509 successores
1652 4457 1777 4512 illuc

180 4526 603 4592 evangelizatum
636 4533 919 4600 miserunt,
954 4552 1061 4593 non
1092 4540 1218 4596 inde
1246 4544 1509 4600 continuo
1530 4549 1776 4615 sequitur

182 4615 480 4681 primaevam
528 4620 889 4692 Hispanorum
929 4629 1541 4700 Iilurgiam'Romanam
1588 4639 1770 4709 fuisse,

185 4718 292 4757 nam
322 4707 470 4763 haud
494 4711 810 4771 incredibile
835 4726 917 4771 est
944 4723 1273 4790 apostolicos
1300 4728 1464 4789 viros,
1503 4729 1669 4784 Roma
1706 4707 1771 4785 ad

182 4799 571 4863 j‘rteiicandum
603 4807 814 4876 missos,
849 4813 1174 4885 quandoque
1214 4816 1439 4873 formam
1470 4821 1770 4891 litmgicam

180 4890 459 4948 tradidisse
491 4893 811 4966 Romanam,
850 4905 1176 4975 quandoque
1206 4908 1438 4964 formam
1462 4927 1490 4965 a
1524 4912 1769 4970 Romana

179 4979 434 5038 diversam
484 4986 804 5047 instituisse.
831 4993 986 5061 Quod
1028 5006 1139 5052 tum
1194 5002 1430 5054 maxime
1478 5006 1768 5075 contigisse

180 5072 381 5142 opinor,
414 5091 537 5131 cum
567 5084 852 5149 apostoiici
897 5086 971 5140 illi
1003 5093 1261 5161 episcopi,
1294 5095 1386 5162 qui
1419 5094 1605 5151 Romae
1634 5072 1769 5154 cou-

180 5164 332 5216 stituti
358 5165 578 5223 fuerant
598 5174 929 5242 sacerdotes,
958 5178 1062 5235 ﬁde
1086 5180 1410 5249 Christiana,
1436 5188 1488 5241 in
1514 5188 1768 5251 Ecclesiis

178 5251 324 5323 Asse,
379 5258 552 5327 Syriae
605 5276 699 5319 aut
752 5265 1057 5340 Palestina),
1104 5272 1316 5343 imbuti,
1368 5278 1662 5352 disciplinae
1711 5293 1766 5341 et

238 5409 879 5510 (.‘fl._32'.‘39t“?"i-‘93“-
908 5424 958 5510 Χ
982 5424 1127 5510 his.
1160 5446 1281 5502 tma-
1323 5433 1449 5510 405.
1480 5454 1626 5494 num.
1664 5441 1761 5510 16;

680 5474 689 5475 ,
778 5474 877 5477 η
931 5474 940 5480 ,
984 5474 1103 5482 η...
1198 5474 1225 5485 ..
1270 5475 1281 5486 .
1324 5474 1427 5489 πυ
1670 5474 1732 5495 .υ

176 5474 643 5574 ﬂagitat-"Saucius,
673 5474 742 5574 d'e
771 5474 1192 5556 Pmdicatiotier
1205 5474 1573 5574 apostoldrum
1593 5474 1762 5570 .Petri

174 5555 224 5600 et
246 5548 393 5629 Pauli
419 5556 471 5610 in
507 5548 782 5629 Hispania.

330 5620 1002 5715 Josgpli‘Vice‘comesLd‘e
1031 5644 1200 5715 antiq.
1253 5649 1428 5705 missae
1457 5652 1628 5715 Sacr.,
1662 5657 1755 5715 lib.

170 5697 632 5794 ll,£:\tpl.‘jEtn.
664 5697 1045 5794 Retia,ndivina
1073 5697 1647 5794 pssimsaipi‘éafis.

199 5764 803 5866 .IifLOptatusucontra
823 5764 1175 5866 'Parrnenien;
1210 5790 1299 5846 lib.
1400 5764 1598 5866 epist:
1629 5770 1755 5857 con-

199 5834 266 5844 ,,,
386 5833 400 5838 -
573 5833 584 5840 ,
1210 5833 1299 5846 ...μ
1335 5833 1377 5847 η
1400 5835 1414 5860 ,
1441 5833 1598 5866 opm.
1629 5833 1755 5857 μη.-

165 5833 268 5890 cun
290 5836 474 5901 Carth.
500 5844 571 5901 ad
600 5844 974 5909 Innocentium
1000 5853 1023 5910 Ι
1050 5872 1267 5931 papam,
1318 5864 1459 5922 inter
1501 5871 1757 5941 epistolas

1917 577 2109 646 quibus
2156 580 2409 655 baptizati
2452 588 2684 648 fuerant.

1986 671 2107 728 156.
2151 675 2227 733 De
2264 683 2464 739 sanctis
2506 684 2798 759 Trophimo
2844 702 2900 751 et
2938 695 3144 753 Irenaeo
3172 698 3339 757 refert
3366 718 3506 762 ano-

1913 777 2105 835 nymus
2132 766 2428 844 Spelmani,
2457 780 2644 836 ambos
2673 782 2843 840 Roma
2895 788 2947 842 in
2986 789 3214 847 Galliam
3244 795 3311 849 ad
3339 811 3506 853 evan-

1911 857 2246 923 gelizandum
2294 867 2487 924 missos
2532 887 2671 940 esse,
2703 875 2961 935 Irenaeum
2986 897 3223 954 quoque,
3257 903 3287 941 a
3313 896 3504 946 sancto

1911 944 2191 1007 Clemente
2212 970 2348 1024 papa
2374 961 2684 1034 episcopum
2714 944 3043 1039 ordinatum,
3068 944 3127 1031 et
3147 944 3503 1049 Trophimum

1908 1042 2087 1109 prodit
2117 1062 2320 1104 cursum
2368 1053 2659 1114 Romanum
2704 1060 2867 1119 Gallis
2897 1067 3197 1139 tradidisse,
3239 1042 3502 1133 frenorum

1907 1144 2036 1187 vero
2086 1151 2298 1193 cursum
2346 1144 2684 1218 Asiaticum,
2737 1170 2965 1225 eamque
3022 1177 3265 1218 normam
3320 1166 3504 1224 divina

1906 1222 2213 1326 celebrandi
2244 1248 2364 1303 qua:
2395 1249 2583 1308 postea
2612 1245 2825 1316 liturgia
2846 1222 3120 1308 Gallicana
3148 1254 3290 1313 dtcta
3316 1268 3418 1326 est,
3445 1222 3502 1316 ili

1904 1309 2074 1370 Gallia
2106 1325 2343 1380 omnium
2373 1332 2601 1399 primum
2634 1337 2767 1412 [xu]
2797 1340 3113 1401 instituisse.

1977 1409 2099 1517 tsi.
2142 1416 2275 1473 Aliis
2296 1437 2511 1494 quoque
2556 1409 2861 1490 Occidentis
2905 1445 2961 1492 et
3002 1439 3194 1496 Africae
3220 1440 3499 1517 Ecclesiis,

1901 1500 2028 1568 quid
2050 1504 2226 1563 simile
2248 1515 2543 1585 contigisse
2565 1536 2721 1591 reor;
2747 1542 2893 1592 nam,
2926 1540 2984 1584 ut
3011 1536 3377 1593 concedamus
3404 1555 3504 1596 eo-

1899 1605 2019 1647 rum
2078 1602 2355 1666 apostolos
2407 1607 2591 1665 Romae
2647 1617 2960 1675 missionem
3026 1634 3081 1679 et
3134 1629 3502 1688 sacerdotium

1899 2066 1989 2123 Sic
2022 2069 2434 2136 Mediolanensis
2462 2080 2702 2143 Ecclesia
2734 2104 2884 2146 suam
2911 2090 3097 2148 habuit
3127 2094 3416 2167 liturgiam,
3465 2116 3501 2157 a

1898 2156 2141 2219 Romana
2172 2166 2225 2221 in
2250 2171 2433 2227 multis
2457 2173 2881 2250 dissentientem,
2926 2201 3062 2257 quae,
3114 2187 3219 2244 etsi
3262 2188 3500 2246 Ambro-

1895 2248 2046 2305 siana
2072 2255 2470 2331 denominetur,
2504 2274 2685 2324 tamen
2711 2280 2797 2327 est
2822 2285 3009 2332 sancto
3040 2278 3327 2337 Ambrosio
3356 2281 3500 2339 anti-

1895 2343 2054 2412 quior
2085 2346 2181 2416 (b).
2215 2349 2453 2410 Africani
2498 2373 2651 2414 suam
2700 2379 2919 2435 quoque
2972 2370 3261 2439 habebant,
3309 2375 3361 2429 in
3389 2392 3496 2446 qua

1894 2442 2049 2488 erant
2078 2436 2483 2500 benedictiones
2520 2450 2859 2522 episcOpales
2890 2459 2984 2528 (ε),
3017 2475 3207 2529 preces
3253 2464 3496 2521 diaconi-

1892 2537 1971 2577 cre
2002 2526 2105 2598 (ά),
2137 2529 2335 2601 aliique
2357 2537 2493 2591 ritus
2513 2554 2542 2592 a
2569 2539 2825 2600 Romanis
2852 2526 3068 2616 diversi,
3092 2567 3319 2620 quorum
3351 2572 3495 2614 unus

1894 2626 2011 2671 erat
2038 2620 2299 2679 solemnis
2342 2626 2572 2686 formula
2602 2636 2907 2703 postulandi
2936 2639 3193 2711 Spiritum
3223 2658 3492 2718 sanctum,

1891 2708 1961 2759 ad
2012 2717 2423 2773 consecrandum
2469 2725 2785 2795 sacriﬁcium
2849 2735 3084 2802 corporis
3131 2746 3181 2790 et
3218 2741 3493 2811 sanguinis

1889 2798 2105 2857 Domini
2135 2807 2228 2875 (e).
2263 2806 2399 2864 Galli
2432 2828 2661 2885 quoque
2687 2833 2838 2874 suam
2868 2830 2924 2877 et
2941 2798 3174 2895 Hispani
3221 2798 3370 2885 suain
3421 2832 3491 2886 Ii-

1888 2894 2117 2960 turgiam
2149 2897 2450 2958 aRomana
2498 2905 2900 2968 dissentientem
2946 2894 3239 2986 habebant,
3297 2923 3493 2993 quibus

1890 2981 2108 3050 planum
2141 2997 2224 3042 est
2250 2991 2394 3046 viros
2416 2998 2766 3066 apostolicos,
2800 3001 2971 3059 Roma
3010 3007 3077 3061 ad
3118 2996 3492 3079 evangelizan-

1888 3073 2013 3128 dum
2038 3078 2252 3146 missos,
2285 3083 2419 3138 ritus
2448 3084 2725 3144 Romanos
2746 3091 3034 3161 aliquando
3062 3113 3169 3152 non
3204 3102 3489 3160 tradidisse

1886 3165 2146 3225 Ecclesiis
2168 3188 2197 3226 a
2227 3189 2288 3229 se
2336 3178 2391 3231 in
2432 3181 2737 3237 nationibus
2765 3186 3013 3244 fundatis.
3072 3190 3249 3256 Quare
3275 3194 3489 3253 etiamsi

1892 3272 2167 3321 constaret
2196 3268 2213 3340 (
2241 3271 2385 3339 quod
2414 3273 2573 3343 plane
2619 3293 2727 3333 non
2782 3283 3032 3353 constat)
3064 3284 3327 3356 Hispanos
3374 3304 3487 3347 non

1892 3354 2029 3410 alios
2058 3358 2307 3417 habuisse
2338 3364 2459 3421 ﬁdei
2492 3382 2765 3434 praecones
2811 3387 2972 3442 quam
3028 3354 3173 3448 quos
3205 3382 3485 3450 apostolus

1889 3446 2081 3506 Petrus
2105 3464 2196 3508 aut
2226 3456 2339 3523 ejus
2367 3473 2710 3519 successores
2734 3468 3129 3527 constituerunt
3147 3476 3483 3546 sacerdotes,

1889 3554 1997 3593 non
2031 3541 2153 3598 inde
2181 3546 2418 3614 legitime
2457 3551 2817 3614 deduceretur
2844 3576 2940 3617 eos
2969 3563 3037 3617 ab
3063 3564 3217 3620 initio
3246 3568 3484 3625 imbutos

1888 3631 2053 3688 fuisse
2083 3634 2294 3709 Iiturgia
2338 3651 2391 3697 et
2419 3645 2606 3703 ritibus
2652 3650 2928 3709 Romanis.
2983 3655 3273 3728 Opponunt
3299 3670 3481 3719 tamen

1887 3737 2131 3783 sanctum
2160 3729 2447 3802 lsidorum,
2479 3740 2569 3809 qui
2599 3742 2774 3798 missa:
2821 3744 3189 3817 Hispaniensis
3235 3762 3483 3810 sanctum

1886 3816 2103 3875 Petrum
2141 3828 2383 3894 agnoscit
2411 3841 2713 3903 auctorem,
2744 3837 2886 3891 unde
2912 3842 3236 3898 concludunt
3261 3848 3480 3904 missam

1884 3907 2023 3967 hanc
2049 3930 2155 3968 non
2178 3918 2334 3970 aliam
2358 3919 2521 3975 fuisse
2550 3940 2708 3992 quam
2758 3926 3075 3984 Romanam.
3119 3932 3289 3999 Quam
3331 3939 3479 3995 enim

1883 4003 2042 4057 aliam
2068 4016 2284 4064 sanctus
2307 4009 2500 4066 Petrus
2528 4014 2780 4085 Hispanis
2808 4020 3061 4089 traderet,
3084 4039 3244 4095 quam
3270 4043 3389 4099 quae
3409 4033 3479 4090 ab

1880 4112 1947 4152 eo
1980 4099 2233 4155 Romanis
2257 4103 2450 4158 tradita
2484 4105 2691 4163 fuerat?
2718 4110 2796 4166 En
2821 4116 2982 4169 verba
3020 4121 3191 4175 sancti
3217 4121 3479 4197 doctoris,
3563 4188 3571 4196 ,

1882 4204 1913 4243 e
1945 4191 2085 4248 libro
2119 4196 2293 4265 primo
2321 4196 2388 4252 de
2416 4199 2616 4257 Ofﬁciis
2645 4205 3039 4272 ecclesiasticis,
3065 4215 3238 4284 capite
3267 4191 3479 4277 decimo

1880 4285 2092 4354 quinto,
2109 4290 2194 4343 cui
2218 4291 2404 4346 titulus
2427 4292 2505 4349 De
2519 4298 2678 4352 missa
2706 4311 2754 4353 et
2785 4303 3125 4374 orationibus,
3150 4308 3428 4383 desumpta
3455 4333 3472 4371 :

1883 4380 2027 4439 Ordo
2051 4389 2224 4444 missa:
2251 4392 2328 4445 vel
2356 4397 2653 4452 orationum
2667 4400 2850 4469 quibus
2878 4406 3051 4460 oblata
3081 4406 3191 4464 Deo
3216 4413 3476 4483 sacriﬁcia

1880 4489 2243 4534 consecrantur
2269 4487 2490 4551 primum
2520 4507 2553 4542 a
2579 4502 2758 4546 sancte
2787 4493 2945 4550 Petro
2973 4506 3048 4552 est
3075 4501 3355 4568 institutus,
3387 4521 3476 4559 cu-

1802 4586 1851 4646 D
1870 4568 1961 4638 jus
2011 4571 2286 4630 celebratio
2312 4593 2416 4632 uno
2464 4581 2738 4651 eodemque
2771 4590 2923 4642 modo
2969 4593 3235 4648 universus
3272 4600 3475 4669 peragit

1878 4658 2034 4714 orbis.
2067 4661 2223 4719 Hunc
2263 4665 2439 4724 locum
2485 4670 2754 4729 diﬁicilem
2799 4693 2917 4734 esse
2961 4698 3121 4737 netno
3160 4701 3277 4742 .non
3304 4689 3468 4755 vidit;

1873 4766 1998 4805 nam
2021 4764 2236 4809 sanctus
2265 4758 2456 4816 doctor
2504 4763 2742 4833 loquitur
2780 4769 2847 4823 de
2899 4772 3074 4829 missa:
3100 4778 3291 4832 ordine
3319 4779 3469 4846 cujus

1874 4845 2165 4904 celebratio
2192 4866 2295 4905 uno
2323 4854 2598 4929 eodemque
2625 4860 2776 4916 modo
2805 4865 3087 4923 universus
3134 4871 3338 4940 peragit
3378 4886 3469 4935 or,-

1871 4935 1955 4990 bis
1979 4954 1991 4989 :
2016 4953 2261 5006 quaenam
2284 4954 2464 5000 autem
2496 4948 2612 5005 haec
2632 4951 2789 5006 fuerit
2821 4955 3310 5028 liturgia,quisnam
3333 4962 3467 5018 ordo

1870 5028 2064 5096 missae,
2106 5030 2317 5090 difficile
2372 5038 2519 5094 dictu
2555 5043 2680 5097 est?
2732 5043 2929 5117 Utique
2974 5060 3189 5105 sanctus
3228 5049 3467 5111 Isidorus

1870 5124 2071 5194 optime
2091 5140 2318 5185 noverat
2340 5133 2521 5203 plures
2543 5148 2596 5191 et
2620 5138 2760 5194 inter
2781 5157 2839 5196 se
2880 5142 3199 5196 dissidentes
3222 5142 3468 5215 Iiturgias

1868 5231 1967 5271 suo
1996 5225 2239 5290 tempore
2262 5226 2548 5283 exstitisse.
2582 5229 2838 5295 Qumnam
2870 5232 3029 5300 igitur
3058 5245 3117 5285 ea
3152 5236 3314 5307 missa
3367 5238 3468 5292 fuit

1868 5317 2027 5373 quam
2056 5307 2347 5365 arbitratus
2398 5320 2481 5367 est
2534 5330 2725 5373 omnes
2754 5316 3016 5371 Ecclesias
3044 5334 3148 5374 uno
3186 5323 3467 5393 eodemque

1865 5463 2036 5549 sancti
2047 5464 2359 5549 "augustini
2374 5472 2533 5549 epist.
2560 5472 2681 5537 I75,
2712 5472 2818 5549 Ed:
2846 5473 3072 5549 Maurin.

1932 5534 2296 5620 (d)‘Te_rttntI|.,
2329 5534 2618 5620 d_e'Attitn.,
2644 5534 2852 5620 capL9;
2880 5541 3016 5602 idem
3031 5549 3297 5620 LApolog.
3332 5566 3452 5620 cap.

1862 5603 1964 5690 59,
1986 5614 2040 5659 ct
2065 5608 2140 5690 ad
2174 5603 2629 5690 Scapttlatn,_
2748 5603 2977 5675 Sanctus
3018 5603 3203 5690 Cypra,
3236 5603 3302 5676 ad

1862 5685 2019 5732 metr.
2046 5696 2059 5743 ;
2092 5680 2254 5745 idem,
2284 5680 2445 5749 epist.
2475 5683 2541 5736 15
2572 5680 2625 5739 et
2655 5684 2745 5741 55.

1933 5750 2002 5821 (εἴ)
2035 5750 2267 5830 Sanctus
2300 5753 2661 5830 [fulgentij
2681 5759 2750 5815 ad
2792 5758 3039 5827 Monim.,
3088 5762 3180 5819 lib.
3234 5776 3272 5830 Ι,
3301 5776 3352 5817 c.
3381 5762 3451 5828 2;

1860 5817 1952 5876 lib;
1982 5817 2042 5890 it,
2074 5837 2192 5893 cap.
2228 5822 2279 5890 6,
2312 5821 2365 5891 8,
2392 5817 2445 5889 9,
2479 5824 2570 5895 IO,
2600 5817 2688 5884 12.
