  <div class='ocr_page' id='page_1' title='image "/cluster/home/n/w/nwhite01/storage/ocr_20150623/85/hvd.32044015469455/033.png"; bbox 0 0 4040 6356; ppageno 0'>
   <div class='ocr_carea' id='block_1_1' title="bbox 534 343 3822 419">
    <p class='ocr_par' dir='ltr' id='par_1_1' title="bbox 534 343 3822 419">
     <span class='ocr_line' id='line_1_1' title="bbox 534 343 3822 419; baseline -0.004 -11"><span class='ocrx_word' id='word_1_1' title='bbox 534 348 606 408; x_wconf 78' lang='lat'><strong>55</strong></span> <span class='ocrx_word' id='word_1_2' title='bbox 1906 346 1909 349; x_wconf 63' lang='lat'><em>‘</em></span> <span class='ocrx_word' id='word_1_3' title='bbox 1973 343 2364 401; x_wconf 75' lang='lat' dir='ltr'><strong>PlUEFATIO.</strong></span> <span class='ocrx_word' id='word_1_4' title='bbox 3747 363 3822 419; x_wconf 63' lang='grc' dir='ltr'>δα</span> 
     </span>
    </p>
   </div>
   <div class='ocr_carea' id='block_1_2' title="bbox 532 442 3823 541">
    <p class='ocr_par' dir='ltr' id='par_1_2' title="bbox 532 442 3823 541">
     <span class='ocr_line' id='line_1_2' title="bbox 532 442 3823 541; baseline 0.003 -24"><span class='ocrx_word' id='word_1_5' title='bbox 532 442 605 518; x_wconf 49' lang='lat' dir='ltr'><strong>Et</strong></span> <span class='ocrx_word' id='word_1_6' title='bbox 638 456 859 516; x_wconf 61' lang='lat' dir='ltr'><strong>mihim’e</strong></span> <span class='ocrx_word' id='word_1_7' title='bbox 887 446 1441 532; x_wconf 47' lang='lat' dir='ltr'><strong>probatur&#39;llispanos</strong></span> <span class='ocrx_word' id='word_1_8' title='bbox 1467 458 1567 514; x_wconf 86' lang='lat' dir='ltr'><strong>has</strong></span> <span class='ocrx_word' id='word_1_9' title='bbox 1605 456 2023 515; x_wconf 79' lang='lat' dir='ltr'><strong>consuetudines</strong></span> <span class='ocrx_word' id='word_1_10' title='bbox 2053 458 2121 514; x_wconf 90' lang='lat' dir='ltr'><strong>ab</strong></span> <span class='ocrx_word' id='word_1_11' title='bbox 2152 463 2194 521; x_wconf 79' lang='grc' dir='ltr'><strong>Α</strong></span> <span class='ocrx_word' id='word_1_12' title='bbox 2229 464 2313 513; x_wconf 91' lang='lat' dir='ltr'><strong>est</strong></span> <span class='ocrx_word' id='word_1_13' title='bbox 2341 457 2407 513; x_wconf 93' lang='lat' dir='ltr'><strong>de</strong></span> <span class='ocrx_word' id='word_1_14' title='bbox 2451 458 2661 530; x_wconf 86' lang='lat' dir='ltr'><strong>liturgia</strong></span> <span class='ocrx_word' id='word_1_15' title='bbox 2702 462 2891 538; x_wconf 81' lang='lat' dir='ltr'><strong>[mn]</strong></span> <span class='ocrx_word' id='word_1_16' title='bbox 2944 462 3208 534; x_wconf 86' lang='lat' dir='ltr'><strong>Romana,</strong></span> <span class='ocrx_word' id='word_1_17' title='bbox 3259 482 3593 541; x_wconf 85' lang='lat' dir='ltr'><strong>consequens</strong></span> <span class='ocrx_word' id='word_1_18' title='bbox 3634 480 3721 531; x_wconf 86' lang='lat' dir='ltr'><strong>est</strong></span> <span class='ocrx_word' id='word_1_19' title='bbox 3757 482 3823 534; x_wconf 75' lang='lat' dir='ltr'><strong>ut</strong></span> 
     </span>
    </p>
   </div>
   <div class='ocr_carea' id='block_1_3' title="bbox 532 549 3822 630">
    <p class='ocr_par' dir='ltr' id='par_1_3' title="bbox 532 549 3822 630">
     <span class='ocr_line' id='line_1_3' title="bbox 532 549 3822 630; baseline 0.003 -16"><span class='ocrx_word' id='word_1_20' title='bbox 532 557 770 614; x_wconf 81' lang='lat' dir='ltr'><strong>Ecclesia</strong></span> <span class='ocrx_word' id='word_1_21' title='bbox 802 557 1045 613; x_wconf 79' lang='lat' dir='ltr'><strong>Romana</strong></span> <span class='ocrx_word' id='word_1_22' title='bbox 1077 558 1373 628; x_wconf 83' lang='lat' dir='ltr'><strong>accepisse.</strong></span> <span class='ocrx_word' id='word_1_23' title='bbox 1426 557 1559 611; x_wconf 85' lang='lat' dir='ltr'><strong>Nam</strong></span> <span class='ocrx_word' id='word_1_24' title='bbox 1586 556 1852 626; x_wconf 85' lang='lat' dir='ltr'><strong>jejunium</strong></span> <span class='ocrx_word' id='word_1_25' title='bbox 1882 555 2124 624; x_wconf 87' lang='lat' dir='ltr'><strong>sabbati,</strong></span> <span class='ocrx_word' id='word_1_26' title='bbox 2228 549 2473 607; x_wconf 86' lang='lat' dir='ltr'><strong>dicamus</strong></span> <span class='ocrx_word' id='word_1_27' title='bbox 2504 552 2773 624; x_wconf 87' lang='lat' dir='ltr'><strong>liturgiam</strong></span> <span class='ocrx_word' id='word_1_28' title='bbox 2800 554 3336 630; x_wconf 87' lang='lat' dir='ltr'><strong>Gotho-Hispanam,</strong></span> <span class='ocrx_word' id='word_1_29' title='bbox 3368 562 3481 619; x_wconf 89' lang='lat' dir='ltr'><strong>sive</strong></span> <span class='ocrx_word' id='word_1_30' title='bbox 3508 562 3822 625; x_wconf 77' lang='lat' dir='ltr'><strong>Mozarabi-</strong></span> 
     </span>
    </p>
   </div>
   <div class='ocr_carea' id='block_1_4' title="bbox 528 645 3817 722">
    <p class='ocr_par' dir='ltr' id='par_1_4' title="bbox 528 645 3817 722">
     <span class='ocr_line' id='line_1_4' title="bbox 528 645 3817 722; baseline 0 -16"><span class='ocrx_word' id='word_1_31' title='bbox 528 653 636 707; x_wconf 86' lang='lat' dir='ltr'><strong>hoc</strong></span> <span class='ocrx_word' id='word_1_32' title='bbox 663 652 784 722; x_wconf 88' lang='lat' dir='ltr'><strong>ipso</strong></span> <span class='ocrx_word' id='word_1_33' title='bbox 812 666 1023 706; x_wconf 84' lang='lat' dir='ltr'><strong>canone</strong></span> <span class='ocrx_word' id='word_1_34' title='bbox 1050 649 1237 705; x_wconf 89' lang='lat' dir='ltr'><strong>Patres</strong></span> <span class='ocrx_word' id='word_1_35' title='bbox 1258 647 1569 703; x_wconf 89' lang='lat' dir='ltr'><strong>llliberitani</strong></span> <span class='ocrx_word' id='word_1_36' title='bbox 1598 648 1972 717; x_wconf 86' lang='lat' dir='ltr'><strong>instituerunt,</strong></span> <span class='ocrx_word' id='word_1_37' title='bbox 1999 664 2124 705; x_wconf 90' lang='lat' dir='ltr'><strong>cum</strong></span> <span class='ocrx_word' id='word_1_38' title='bbox 2226 657 2365 711; x_wconf 81' lang='lat' dir='ltr'><strong>cam,</strong></span> <span class='ocrx_word' id='word_1_39' title='bbox 2398 645 2488 699; x_wconf 82' lang='lat' dir='ltr'><strong>diu</strong></span> <span class='ocrx_word' id='word_1_40' title='bbox 2516 653 2641 700; x_wconf 83' lang='lat' dir='ltr'><strong>ante</strong></span> <span class='ocrx_word' id='word_1_41' title='bbox 2683 655 2898 703; x_wconf 75' lang='lat' dir='ltr'><strong>mtatem</strong></span> <span class='ocrx_word' id='word_1_42' title='bbox 2954 649 3189 707; x_wconf 82' lang='lat' dir='ltr'><strong>Leandri</strong></span> <span class='ocrx_word' id='word_1_43' title='bbox 3226 663 3282 709; x_wconf 90' lang='lat' dir='ltr'><strong>et</strong></span> <span class='ocrx_word' id='word_1_44' title='bbox 3308 652 3503 710; x_wconf 85' lang='lat' dir='ltr'><strong>lsidori</strong></span> <span class='ocrx_word' id='word_1_45' title='bbox 3556 657 3817 717; x_wconf 73' lang='lat' dir='ltr'><strong>usitatam</strong></span> 
     </span>
    </p>
   </div>
   <div class='ocr_carea' id='block_1_5' title="bbox 530 735 3825 815">
    <p class='ocr_par' dir='ltr' id='par_1_5' title="bbox 530 735 3825 815">
     <span class='ocr_line' id='line_1_5' title="bbox 530 735 3825 815; baseline -0.001 -18"><span class='ocrx_word' id='word_1_46' title='bbox 530 750 690 797; x_wconf 84' lang='lat' dir='ltr'><strong>antea</strong></span> <span class='ocrx_word' id='word_1_47' title='bbox 718 741 944 804; x_wconf 75' lang='lat' dir='ltr'><strong>minime</strong></span> <span class='ocrx_word' id='word_1_48' title='bbox 973 742 1375 796; x_wconf 80' lang='lat' dir='ltr'><strong>observaretur.</strong></span> <span class='ocrx_word' id='word_1_49' title='bbox 1398 739 1631 805; x_wconf 85' lang='lat' dir='ltr'><strong>Etenim,</strong></span> <span class='ocrx_word' id='word_1_50' title='bbox 1657 747 1719 796; x_wconf 89' lang='lat' dir='ltr'><strong>ut</strong></span> <span class='ocrx_word' id='word_1_51' title='bbox 1744 741 2124 797; x_wconf 77' lang='lat' dir='ltr'><strong>animadvertit</strong></span> <span class='ocrx_word' id='word_1_52' title='bbox 2224 735 2407 793; x_wconf 74' lang='lat' dir='ltr'><strong>fuisse.</strong></span> <span class='ocrx_word' id='word_1_53' title='bbox 2442 736 2549 794; x_wconf 87' lang='lat' dir='ltr'><strong>Sed</strong></span> <span class='ocrx_word' id='word_1_54' title='bbox 2572 741 2696 811; x_wconf 89' lang='lat' dir='ltr'><strong>quia</strong></span> <span class='ocrx_word' id='word_1_55' title='bbox 2722 757 2834 797; x_wconf 87' lang='lat' dir='ltr'><strong>non</strong></span> <span class='ocrx_word' id='word_1_56' title='bbox 2862 742 3170 814; x_wconf 80' lang='lat' dir='ltr'><strong>defuerunt,</strong></span> <span class='ocrx_word' id='word_1_57' title='bbox 3202 763 3303 803; x_wconf 81' lang='lat' dir='ltr'><strong>nec</strong></span> <span class='ocrx_word' id='word_1_58' title='bbox 3330 747 3546 815; x_wconf 70' lang='lat' dir='ltr'><strong>desum,</strong></span> <span class='ocrx_word' id='word_1_59' title='bbox 3567 753 3670 807; x_wconf 63' lang='lat' dir='ltr'><strong>viri</strong></span> <span class='ocrx_word' id='word_1_60' title='bbox 3694 768 3825 810; x_wconf 70' lang='lat' dir='ltr'><strong>em.</strong></span> 
     </span>
    </p>
   </div>
   <div class='ocr_carea' id='block_1_6' title="bbox 526 830 2122 907">
    <p class='ocr_par' dir='ltr' id='par_1_6' title="bbox 526 830 2122 907">
     <span class='ocr_line' id='line_1_6' title="bbox 526 830 2122 907; baseline -0.002 -16"><span class='ocrx_word' id='word_1_61' title='bbox 526 834 745 891; x_wconf 69' lang='lat' dir='ltr'><strong>Gabriel</strong></span> <span class='ocrx_word' id='word_1_62' title='bbox 776 835 1131 905; x_wconf 88' lang='lat' dir='ltr'><strong>Albaspineus</strong></span> <span class='ocrx_word' id='word_1_63' title='bbox 1152 832 1253 904; x_wconf 89' lang='lat' dir='ltr'><strong>(a),</strong></span> <span class='ocrx_word' id='word_1_64' title='bbox 1268 832 1459 903; x_wconf 91' lang='lat' dir='ltr'><strong>jejunii</strong></span> <span class='ocrx_word' id='word_1_65' title='bbox 1482 830 1654 907; x_wconf 76' lang='lat' dir='ltr'><strong>[XLVI]</strong></span> <span class='ocrx_word' id='word_1_66' title='bbox 1679 833 2122 904; x_wconf 77' lang='lat' dir='ltr'><strong>superimpositio-</strong></span> 
     </span>
    </p>
   </div>
   <div class='ocr_carea' id='block_1_7' title="bbox 524 925 2119 997">
    <p class='ocr_par' dir='ltr' id='par_1_7' title="bbox 524 925 2119 997">
     <span class='ocr_line' id='line_1_7' title="bbox 524 925 2119 997; baseline -0.003 -12"><span class='ocrx_word' id='word_1_67' title='bbox 524 946 645 984; x_wconf 83' lang='lat' dir='ltr'><strong>nem</strong></span> <span class='ocrx_word' id='word_1_68' title='bbox 693 929 987 989; x_wconf 88' lang='lat' dir='ltr'><strong>celebrare,</strong></span> <span class='ocrx_word' id='word_1_69' title='bbox 1020 933 1102 981; x_wconf 89' lang='lat' dir='ltr'><strong>est</strong></span> <span class='ocrx_word' id='word_1_70' title='bbox 1123 925 1390 996; x_wconf 84' lang='lat' dir='ltr'><strong>jejunium</strong></span> <span class='ocrx_word' id='word_1_71' title='bbox 1437 926 1735 997; x_wconf 84' lang='lat' dir='ltr'><strong>imponere,</strong></span> <span class='ocrx_word' id='word_1_72' title='bbox 1768 926 1914 995; x_wconf 91' lang='lat' dir='ltr'><strong>quod</strong></span> <span class='ocrx_word' id='word_1_73' title='bbox 1960 934 2119 981; x_wconf 87' lang='lat' dir='ltr'><strong>antea</strong></span> 
     </span>
    </p>
   </div>
   <div class='ocr_carea' id='block_1_8' title="bbox 524 1015 2119 1088">
    <p class='ocr_par' dir='ltr' id='par_1_8' title="bbox 524 1015 2119 1088">
     <span class='ocr_line' id='line_1_8' title="bbox 524 1015 2119 1088; baseline -0.004 -12"><span class='ocrx_word' id='word_1_74' title='bbox 524 1022 631 1076; x_wconf 82' lang='lat' dir='ltr'><strong>non</strong></span> <span class='ocrx_word' id='word_1_75' title='bbox 651 1021 1053 1077; x_wconf 73' lang='lat' dir='ltr'><strong>observabatur.</strong></span> <span class='ocrx_word' id='word_1_76' title='bbox 1072 1016 1225 1073; x_wconf 86' lang='lat' dir='ltr'><strong>Unde</strong></span> <span class='ocrx_word' id='word_1_77' title='bbox 1245 1024 1472 1088; x_wconf 85' lang='lat' dir='ltr'><strong>apparet</strong></span> <span class='ocrx_word' id='word_1_78' title='bbox 1500 1016 1752 1087; x_wconf 85' lang='lat' dir='ltr'><strong>Hispanis</strong></span> <span class='ocrx_word' id='word_1_79' title='bbox 1774 1015 2119 1072; x_wconf 86' lang='lat' dir='ltr'><strong>consuetudi-</strong></span> 
     </span>
    </p>
   </div>
   <div class='ocr_carea' id='block_1_9' title="bbox 523 1106 2114 1182">
    <p class='ocr_par' dir='ltr' id='par_1_9' title="bbox 523 1106 2114 1182">
     <span class='ocr_line' id='line_1_9' title="bbox 523 1106 2114 1182; baseline -0.005 -12"><span class='ocrx_word' id='word_1_80' title='bbox 523 1130 646 1170; x_wconf 83' lang='lat' dir='ltr'><strong>nem</strong></span> <span class='ocrx_word' id='word_1_81' title='bbox 678 1116 818 1169; x_wconf 86' lang='lat' dir='ltr'><strong>hanc</strong></span> <span class='ocrx_word' id='word_1_82' title='bbox 840 1111 1121 1182; x_wconf 86' lang='lat' dir='ltr'><strong>jejunandi</strong></span> <span class='ocrx_word' id='word_1_83' title='bbox 1144 1109 1233 1166; x_wconf 88' lang='lat' dir='ltr'><strong>die</strong></span> <span class='ocrx_word' id='word_1_84' title='bbox 1257 1109 1479 1165; x_wconf 90' lang='lat' dir='ltr'><strong>Sabbati</strong></span> <span class='ocrx_word' id='word_1_85' title='bbox 1509 1108 1577 1163; x_wconf 90' lang='lat' dir='ltr'><strong>ab</strong></span> <span class='ocrx_word' id='word_1_86' title='bbox 1604 1108 1758 1163; x_wconf 92' lang='lat' dir='ltr'><strong>initio</strong></span> <span class='ocrx_word' id='word_1_87' title='bbox 1779 1123 1887 1164; x_wconf 88' lang='lat' dir='ltr'><strong>non</strong></span> <span class='ocrx_word' id='word_1_88' title='bbox 1921 1106 2114 1175; x_wconf 83' lang='lat' dir='ltr'><strong>fuisse;</strong></span> 
     </span>
    </p>
   </div>
   <div class='ocr_carea' id='block_1_10' title="bbox 520 1200 2113 1271">
    <p class='ocr_par' dir='ltr' id='par_1_10' title="bbox 520 1200 2113 1271">
     <span class='ocr_line' id='line_1_10' title="bbox 520 1200 2113 1271; baseline -0.005 -8"><span class='ocrx_word' id='word_1_89' title='bbox 520 1215 572 1263; x_wconf 91' lang='lat' dir='ltr'><strong>et</strong></span> <span class='ocrx_word' id='word_1_90' title='bbox 604 1224 672 1264; x_wconf 77' lang='lat' dir='ltr'><strong>ex</strong></span> <span class='ocrx_word' id='word_1_91' title='bbox 699 1208 802 1263; x_wconf 85' lang='lat' dir='ltr'><strong>hac</strong></span> <span class='ocrx_word' id='word_1_92' title='bbox 829 1206 989 1261; x_wconf 82' lang='lat' dir='ltr'><strong>unica</strong></span> <span class='ocrx_word' id='word_1_93' title='bbox 1020 1205 1431 1269; x_wconf 86' lang='lat' dir='ltr'><strong>consuetudine,</strong></span> <span class='ocrx_word' id='word_1_94' title='bbox 1462 1216 1584 1271; x_wconf 77' lang='lat' dir='ltr'><strong>quae</strong></span> <span class='ocrx_word' id='word_1_95' title='bbox 1613 1200 1679 1256; x_wconf 92' lang='lat' dir='ltr'><strong>ad</strong></span> <span class='ocrx_word' id='word_1_96' title='bbox 1701 1200 1971 1270; x_wconf 87' lang='lat' dir='ltr'><strong>liturgiam</strong></span> <span class='ocrx_word' id='word_1_97' title='bbox 2004 1216 2113 1255; x_wconf 90' lang='lat' dir='ltr'><strong>non</strong></span> 
     </span>
    </p>
   </div>
   <div class='ocr_carea' id='block_1_11' title="bbox 518 1292 2110 1369">
    <p class='ocr_par' dir='ltr' id='par_1_11' title="bbox 518 1292 2110 1369">
     <span class='ocr_line' id='line_1_11' title="bbox 518 1292 2110 1369; baseline -0.004 -15"><span class='ocrx_word' id='word_1_98' title='bbox 518 1298 793 1369; x_wconf 86' lang='lat' dir='ltr'><strong>pertinet,</strong></span> <span class='ocrx_word' id='word_1_99' title='bbox 848 1297 991 1353; x_wconf 88' lang='lat' dir='ltr'><strong>male</strong></span> <span class='ocrx_word' id='word_1_100' title='bbox 1044 1296 1229 1353; x_wconf 83' lang='lat' dir='ltr'><strong>inferri</strong></span> <span class='ocrx_word' id='word_1_101' title='bbox 1281 1296 1551 1367; x_wconf 89' lang='lat' dir='ltr'><strong>Hispanos</strong></span> <span class='ocrx_word' id='word_1_102' title='bbox 1593 1293 1853 1349; x_wconf 81' lang='lat' dir='ltr'><strong>Romanis</strong></span> <span class='ocrx_word' id='word_1_103' title='bbox 1898 1292 2110 1359; x_wconf 88' lang='lat' dir='ltr'><strong>ritibus,</strong></span> 
     </span>
    </p>
   </div>
   <div class='ocr_carea' id='block_1_12' title="bbox 515 1390 2110 1461">
    <p class='ocr_par' dir='ltr' id='par_1_12' title="bbox 515 1390 2110 1461">
     <span class='ocr_line' id='line_1_12' title="bbox 515 1390 2110 1461; baseline -0.003 -12"><span class='ocrx_word' id='word_1_104' title='bbox 515 1394 717 1450; x_wconf 64' lang='lat' dir='ltr'><strong>saeculo</strong></span> <span class='ocrx_word' id='word_1_105' title='bbox 764 1410 839 1461; x_wconf 85' lang='lat' dir='ltr'><strong>iv,</strong></span> <span class='ocrx_word' id='word_1_106' title='bbox 869 1392 1086 1448; x_wconf 88' lang='lat' dir='ltr'><strong>deditos</strong></span> <span class='ocrx_word' id='word_1_107' title='bbox 1131 1392 1314 1449; x_wconf 88' lang='lat' dir='ltr'><strong>fuisse.</strong></span> <span class='ocrx_word' id='word_1_108' title='bbox 1367 1390 1549 1445; x_wconf 84' lang='lat' dir='ltr'><strong>Altera</strong></span> <span class='ocrx_word' id='word_1_109' title='bbox 1600 1405 1733 1445; x_wconf 87' lang='lat' dir='ltr'><strong>vero</strong></span> <span class='ocrx_word' id='word_1_110' title='bbox 1772 1390 2110 1446; x_wconf 89' lang='lat' dir='ltr'><strong>consuetudo</strong></span> 
     </span>
    </p>
   </div>
   <div class='ocr_carea' id='block_1_13' title="bbox 515 1480 2108 1555">
    <p class='ocr_par' dir='ltr' id='par_1_13' title="bbox 515 1480 2108 1555">
     <span class='ocr_line' id='line_1_13' title="bbox 515 1480 2108 1555; baseline -0.004 -14"><span class='ocrx_word' id='word_1_111' title='bbox 515 1484 763 1555; x_wconf 89' lang='lat' dir='ltr'><strong>quotidie</strong></span> <span class='ocrx_word' id='word_1_112' title='bbox 809 1482 1202 1540; x_wconf 82' lang='lat' dir='ltr'><strong>Eucharistiam</strong></span> <span class='ocrx_word' id='word_1_113' title='bbox 1231 1480 1551 1553; x_wconf 85' lang='lat' dir='ltr'><strong>accipiendi,</strong></span> <span class='ocrx_word' id='word_1_114' title='bbox 1573 1492 1769 1551; x_wconf 62' lang='lat' dir='ltr'><strong>praeter</strong></span> <span class='ocrx_word' id='word_1_115' title='bbox 1808 1481 2108 1537; x_wconf 80' lang='lat' dir='ltr'><strong>Romanam</strong></span> 
     </span>
    </p>
   </div>
   <div class='ocr_carea' id='block_1_14' title="bbox 512 1572 2107 1648">
    <p class='ocr_par' dir='ltr' id='par_1_14' title="bbox 512 1572 2107 1648">
     <span class='ocr_line' id='line_1_14' title="bbox 512 1572 2107 1648; baseline -0.004 -15"><span class='ocrx_word' id='word_1_116' title='bbox 512 1586 570 1634; x_wconf 93' lang='lat' dir='ltr'><strong>et</strong></span> <span class='ocrx_word' id='word_1_117' title='bbox 600 1576 869 1648; x_wconf 77' lang='lat' dir='ltr'><strong>Hispaniae</strong></span> <span class='ocrx_word' id='word_1_118' title='bbox 913 1573 1204 1640; x_wconf 88' lang='lat' dir='ltr'><strong>Ecclesias,</strong></span> <span class='ocrx_word' id='word_1_119' title='bbox 1235 1575 1305 1629; x_wconf 89' lang='lat' dir='ltr'><strong>ab</strong></span> <span class='ocrx_word' id='word_1_120' title='bbox 1350 1573 1469 1627; x_wconf 89' lang='lat' dir='ltr'><strong>aliis</strong></span> <span class='ocrx_word' id='word_1_121' title='bbox 1494 1572 1816 1643; x_wconf 88' lang='lat' dir='ltr'><strong>quibusdam</strong></span> <span class='ocrx_word' id='word_1_122' title='bbox 1851 1572 2107 1629; x_wconf 87' lang='lat' dir='ltr'><strong>observa-</strong></span> 
     </span>
    </p>
   </div>
   <div class='ocr_carea' id='block_1_15' title="bbox 510 1680 2102 1829">
    <p class='ocr_par' dir='ltr' id='par_1_15' title="bbox 510 1680 2102 1829">
     <span class='ocr_line' id='line_1_15' title="bbox 510 1680 2102 1829; baseline 0 -16"><span class='ocrx_word' id='word_1_123' title='bbox 510 1680 708 1815; x_wconf 47' lang='lat' dir='ltr'><strong>“illi;</strong></span> <span class='ocrx_word' id='word_1_124' title='bbox 759 1759 917 1814; x_wconf 82' lang='lat' dir='ltr'><strong>Aliud</strong></span> <span class='ocrx_word' id='word_1_125' title='bbox 933 1765 1311 1829; x_wconf 79' lang='lat' dir='ltr'><strong>argumentum</strong></span> <span class='ocrx_word' id='word_1_126' title='bbox 1329 1757 1604 1813; x_wconf 89' lang='lat' dir='ltr'><strong>econcilio</strong></span> <span class='ocrx_word' id='word_1_127' title='bbox 1631 1757 1805 1827; x_wconf 91' lang='lat' dir='ltr'><strong>primo</strong></span> <span class='ocrx_word' id='word_1_128' title='bbox 1835 1756 2102 1813; x_wconf 91' lang='lat' dir='ltr'><strong>Toletano</strong></span> 
     </span>
    </p>
   </div>
   <div class='ocr_carea' id='block_1_16' title="bbox 2222 829 3817 917">
    <p class='ocr_par' dir='ltr' id='par_1_16' title="bbox 2222 829 3817 917">
     <span class='ocr_line' id='line_1_16' title="bbox 2222 829 3817 917; baseline 0.013 -33"><span class='ocrx_word' id='word_1_129' title='bbox 2222 829 2321 885; x_wconf 90' lang='lat' dir='ltr'><strong>diti</strong></span> <span class='ocrx_word' id='word_1_130' title='bbox 2345 832 2543 902; x_wconf 88' lang='lat' dir='ltr'><strong>quibus</strong></span> <span class='ocrx_word' id='word_1_131' title='bbox 2592 850 2909 905; x_wconf 88' lang='lat' dir='ltr'><strong>persuasum</strong></span> <span class='ocrx_word' id='word_1_132' title='bbox 2953 846 3038 895; x_wconf 91' lang='lat' dir='ltr'><strong>est</strong></span> <span class='ocrx_word' id='word_1_133' title='bbox 3088 839 3358 911; x_wconf 84' lang='lat' dir='ltr'><strong>liturgiam</strong></span> <span class='ocrx_word' id='word_1_134' title='bbox 3389 841 3817 917; x_wconf 81' lang='lat' dir='ltr'><strong>Mozarahicam,</strong></span> 
     </span>
    </p>
   </div>
   <div class='ocr_carea' id='block_1_17' title="bbox 2220 921 3818 998">
    <p class='ocr_par' dir='ltr' id='par_1_17' title="bbox 2220 921 3818 998">
     <span class='ocr_line' id='line_1_17' title="bbox 2220 921 3818 998; baseline 0.011 -21"><span class='ocrx_word' id='word_1_135' title='bbox 2220 937 2320 978; x_wconf 86' lang='lat' dir='ltr'><strong>seu</strong></span> <span class='ocrx_word' id='word_1_136' title='bbox 2367 921 2912 998; x_wconf 89' lang='lat' dir='ltr'><strong>Gotho-Hispanam,</strong></span> <span class='ocrx_word' id='word_1_137' title='bbox 2969 939 3220 989; x_wconf 82' lang='lat' dir='ltr'><strong>auctores</strong></span> <span class='ocrx_word' id='word_1_138' title='bbox 3265 933 3515 991; x_wconf 88' lang='lat' dir='ltr'><strong>habuisse</strong></span> <span class='ocrx_word' id='word_1_139' title='bbox 3567 947 3818 995; x_wconf 89' lang='lat' dir='ltr'><strong>sanctum</strong></span> 
     </span>
    </p>
   </div>
   <div class='ocr_carea' id='block_1_18' title="bbox 2219 1014 3819 1100">
    <p class='ocr_par' dir='ltr' id='par_1_18' title="bbox 2219 1014 3819 1100">
     <span class='ocr_line' id='line_1_18' title="bbox 2219 1014 3819 1100; baseline 0.011 -29"><span class='ocrx_word' id='word_1_140' title='bbox 2219 1014 2545 1089; x_wconf 86' lang='lat' dir='ltr'><strong>Leandrum,</strong></span> <span class='ocrx_word' id='word_1_141' title='bbox 2562 1028 2910 1078; x_wconf 88' lang='lat' dir='ltr'><strong>autsanctum</strong></span> <span class='ocrx_word' id='word_1_142' title='bbox 2926 1021 3208 1094; x_wconf 82' lang='lat' dir='ltr'><strong>Isidorum,</strong></span> <span class='ocrx_word' id='word_1_143' title='bbox 3227 1036 3319 1082; x_wconf 89' lang='lat' dir='ltr'><strong>aut</strong></span> <span class='ocrx_word' id='word_1_144' title='bbox 3332 1038 3607 1100; x_wconf 91' lang='lat' dir='ltr'><strong>utrosque,</strong></span> <span class='ocrx_word' id='word_1_145' title='bbox 3623 1046 3819 1089; x_wconf 87' lang='lat' dir='ltr'><strong>eorum</strong></span> 
     </span>
    </p>
   </div>
   <div class='ocr_carea' id='block_1_19' title="bbox 2218 1102 3821 1195">
    <p class='ocr_par' dir='ltr' id='par_1_19' title="bbox 2218 1102 3821 1195">
     <span class='ocr_line' id='line_1_19' title="bbox 2218 1102 3821 1195; baseline 0.014 -35"><span class='ocrx_word' id='word_1_146' title='bbox 2218 1119 2533 1177; x_wconf 89' lang='lat' dir='ltr'><strong>argumenta</strong></span> <span class='ocrx_word' id='word_1_147' title='bbox 2557 1113 2660 1169; x_wconf 92' lang='lat' dir='ltr'><strong>hoc</strong></span> <span class='ocrx_word' id='word_1_148' title='bbox 2687 1114 2807 1170; x_wconf 91' lang='lat' dir='ltr'><strong>loco</strong></span> <span class='ocrx_word' id='word_1_149' title='bbox 2837 1116 3193 1173; x_wconf 83' lang='lat' dir='ltr'><strong>examinanda</strong></span> <span class='ocrx_word' id='word_1_150' title='bbox 3221 1102 3364 1187; x_wconf 74' lang='lat' dir='ltr'><strong>sunt,</strong></span> <span class='ocrx_word' id='word_1_151' title='bbox 3387 1130 3469 1187; x_wconf 92' lang='lat' dir='ltr'><strong>ut,</strong></span> <span class='ocrx_word' id='word_1_152' title='bbox 3500 1122 3567 1179; x_wconf 91' lang='lat' dir='ltr'><strong>iis</strong></span> <span class='ocrx_word' id='word_1_153' title='bbox 3595 1126 3821 1195; x_wconf 85' lang='lat' dir='ltr'><strong>amotis,</strong></span> 
     </span>
    </p>
   </div>
   <div class='ocr_carea' id='block_1_20' title="bbox 2215 1202 3821 1287">
    <p class='ocr_par' dir='ltr' id='par_1_20' title="bbox 2215 1202 3821 1287">
     <span class='ocr_line' id='line_1_20' title="bbox 2215 1202 3821 1287; baseline 0.012 -34"><span class='ocrx_word' id='word_1_154' title='bbox 2215 1202 2509 1273; x_wconf 82' lang='lat' dir='ltr'><strong>antiquitas</strong></span> <span class='ocrx_word' id='word_1_155' title='bbox 2555 1204 2785 1274; x_wconf 72' lang='lat' dir='ltr'><strong>liturgize</strong></span> <span class='ocrx_word' id='word_1_156' title='bbox 2829 1207 3060 1265; x_wconf 83' lang='lat' dir='ltr'><strong>Missalis</strong></span> <span class='ocrx_word' id='word_1_157' title='bbox 3085 1214 3255 1269; x_wconf 88' lang='lat' dir='ltr'><strong>nostri</strong></span> <span class='ocrx_word' id='word_1_158' title='bbox 3310 1213 3507 1270; x_wconf 89' lang='lat' dir='ltr'><strong>clarius</strong></span> <span class='ocrx_word' id='word_1_159' title='bbox 3536 1226 3821 1287; x_wconf 86' lang='lat' dir='ltr'><strong>appareat.</strong></span> 
     </span>
    </p>
   </div>
   <div class='ocr_carea' id='block_1_21' title="bbox 2286 1293 3818 1378">
    <p class='ocr_par' dir='ltr' id='par_1_21' title="bbox 2286 1293 3818 1378">
     <span class='ocr_line' id='line_1_21' title="bbox 2286 1293 3818 1378; baseline 0.012 -30"><span class='ocrx_word' id='word_1_160' title='bbox 2286 1293 2409 1348; x_wconf 82' lang='grc'><strong>175.</strong></span> <span class='ocrx_word' id='word_1_161' title='bbox 2450 1294 2548 1350; x_wconf 87' lang='lat' dir='ltr'><strong>Est</strong></span> <span class='ocrx_word' id='word_1_162' title='bbox 2576 1306 2756 1353; x_wconf 89' lang='lat' dir='ltr'><strong>autem</strong></span> <span class='ocrx_word' id='word_1_163' title='bbox 2810 1301 3346 1361; x_wconf 83' lang='lat' dir='ltr'><strong>animadvertendum</strong></span> <span class='ocrx_word' id='word_1_164' title='bbox 3397 1308 3609 1378; x_wconf 91' lang='lat' dir='ltr'><strong>aliquos</strong></span> <span class='ocrx_word' id='word_1_165' title='bbox 3658 1325 3818 1365; x_wconf 84' lang='lat' dir='ltr'><strong>com-</strong></span> 
     </span>
    </p>
   </div>
   <div class='ocr_carea' id='block_1_22' title="bbox 2212 1386 3823 1471">
    <p class='ocr_par' dir='ltr' id='par_1_22' title="bbox 2212 1386 3823 1471">
     <span class='ocr_line' id='line_1_22' title="bbox 2212 1386 3823 1471; baseline 0.011 -31"><span class='ocrx_word' id='word_1_166' title='bbox 2212 1386 2535 1455; x_wconf 90' lang='lat' dir='ltr'><strong>positionem</strong></span> <span class='ocrx_word' id='word_1_167' title='bbox 2567 1388 2795 1445; x_wconf 86' lang='lat' dir='ltr'><strong>Missalis</strong></span> <span class='ocrx_word' id='word_1_168' title='bbox 2823 1399 2878 1447; x_wconf 90' lang='lat' dir='ltr'><strong>et</strong></span> <span class='ocrx_word' id='word_1_169' title='bbox 2906 1390 3164 1450; x_wconf 88' lang='lat' dir='ltr'><strong>Breviarii</strong></span> <span class='ocrx_word' id='word_1_170' title='bbox 3205 1412 3234 1451; x_wconf 91' lang='lat' dir='ltr'><strong>a</strong></span> <span class='ocrx_word' id='word_1_171' title='bbox 3274 1396 3501 1467; x_wconf 67' lang='lat' dir='ltr'><strong>liturgiaa</strong></span> <span class='ocrx_word' id='word_1_172' title='bbox 3542 1402 3823 1471; x_wconf 78' lang='lat' dir='ltr'><strong>composi-</strong></span> 
     </span>
    </p>
   </div>
   <div class='ocr_carea' id='block_1_23' title="bbox 2212 1477 3819 1552">
    <p class='ocr_par' dir='ltr' id='par_1_23' title="bbox 2212 1477 3819 1552">
     <span class='ocr_line' id='line_1_23' title="bbox 2212 1477 3819 1552; baseline 0.012 -21"><span class='ocrx_word' id='word_1_173' title='bbox 2212 1477 2357 1533; x_wconf 90' lang='lat' dir='ltr'><strong>tione</strong></span> <span class='ocrx_word' id='word_1_174' title='bbox 2386 1479 2605 1535; x_wconf 91' lang='lat' dir='ltr'><strong>minime</strong></span> <span class='ocrx_word' id='word_1_175' title='bbox 2634 1481 2983 1552; x_wconf 77' lang='lat' dir='ltr'><strong>distinguere,</strong></span> <span class='ocrx_word' id='word_1_176' title='bbox 3028 1496 3085 1543; x_wconf 90' lang='lat' dir='ltr'><strong>et</strong></span> <span class='ocrx_word' id='word_1_177' title='bbox 3132 1486 3205 1542; x_wconf 92' lang='lat' dir='ltr'><strong>ita</strong></span> <span class='ocrx_word' id='word_1_178' title='bbox 3232 1487 3298 1543; x_wconf 93' lang='lat' dir='ltr'><strong>de</strong></span> <span class='ocrx_word' id='word_1_179' title='bbox 3326 1492 3636 1546; x_wconf 89' lang='lat' dir='ltr'><strong>auctoribus</strong></span> <span class='ocrx_word' id='word_1_180' title='bbox 3685 1492 3819 1550; x_wconf 79' lang='lat' dir='ltr'><strong>Mis-</strong></span> 
     </span>
    </p>
   </div>
   <div class='ocr_carea' id='block_1_24' title="bbox 2209 1569 3823 1653">
    <p class='ocr_par' dir='ltr' id='par_1_24' title="bbox 2209 1569 3823 1653">
     <span class='ocr_line' id='line_1_24' title="bbox 2209 1569 3823 1653; baseline 0.009 -29"><span class='ocrx_word' id='word_1_181' title='bbox 2209 1569 2337 1626; x_wconf 91' lang='lat' dir='ltr'><strong>salis</strong></span> <span class='ocrx_word' id='word_1_182' title='bbox 2379 1578 2434 1625; x_wconf 92' lang='lat' dir='ltr'><strong>et</strong></span> <span class='ocrx_word' id='word_1_183' title='bbox 2462 1570 2719 1629; x_wconf 87' lang='lat' dir='ltr'><strong>Breviarii</strong></span> <span class='ocrx_word' id='word_1_184' title='bbox 2760 1575 2929 1646; x_wconf 89' lang='lat' dir='ltr'><strong>loqui,</strong></span> <span class='ocrx_word' id='word_1_185' title='bbox 2960 1592 3025 1633; x_wconf 85' lang='lat' dir='ltr'><strong>ac</strong></span> <span class='ocrx_word' id='word_1_186' title='bbox 3054 1578 3098 1632; x_wconf 90' lang='lat' dir='ltr'><strong>si</strong></span> <span class='ocrx_word' id='word_1_187' title='bbox 3138 1577 3297 1634; x_wconf 90' lang='lat' dir='ltr'><strong>iidem</strong></span> <span class='ocrx_word' id='word_1_188' title='bbox 3348 1579 3547 1636; x_wconf 82' lang='lat' dir='ltr'><strong>fuerint</strong></span> <span class='ocrx_word' id='word_1_189' title='bbox 3586 1582 3823 1653; x_wconf 64' lang='lat' dir='ltr'><strong>liturgias</strong></span> 
     </span>
    </p>
   </div>
   <div class='ocr_carea' id='block_1_25' title="bbox 2209 1661 3824 1748">
    <p class='ocr_par' dir='ltr' id='par_1_25' title="bbox 2209 1661 3824 1748">
     <span class='ocr_line' id='line_1_25' title="bbox 2209 1661 3824 1748; baseline 0.011 -31"><span class='ocrx_word' id='word_1_190' title='bbox 2209 1661 2553 1721; x_wconf 83' lang='lat' dir='ltr'><strong>Mozarabum</strong></span> <span class='ocrx_word' id='word_1_191' title='bbox 2611 1668 2961 1738; x_wconf 84' lang='lat' dir='ltr'><strong>conditores,</strong></span> <span class='ocrx_word' id='word_1_192' title='bbox 3011 1687 3132 1727; x_wconf 92' lang='lat' dir='ltr'><strong>cum</strong></span> <span class='ocrx_word' id='word_1_193' title='bbox 3188 1681 3369 1729; x_wconf 89' lang='lat' dir='ltr'><strong>tamen</strong></span> <span class='ocrx_word' id='word_1_194' title='bbox 3423 1676 3555 1730; x_wconf 85' lang='lat' dir='ltr'><strong>satis</strong></span> <span class='ocrx_word' id='word_1_195' title='bbox 3606 1678 3824 1748; x_wconf 81' lang='lat' dir='ltr'><strong>perspi-</strong></span> 
     </span>
    </p>
   </div>
   <div class='ocr_carea' id='block_1_26' title="bbox 2207 1758 3817 1833">
    <p class='ocr_par' dir='ltr' id='par_1_26' title="bbox 2207 1758 3817 1833">
     <span class='ocr_line' id='line_1_26' title="bbox 2207 1758 3817 1833; baseline 0.012 -24"><span class='ocrx_word' id='word_1_196' title='bbox 2207 1770 2365 1811; x_wconf 89' lang='lat' dir='ltr'><strong>cuum</strong></span> <span class='ocrx_word' id='word_1_197' title='bbox 2406 1758 2477 1812; x_wconf 88' lang='lat' dir='ltr'><strong>sit</strong></span> <span class='ocrx_word' id='word_1_198' title='bbox 2505 1759 2650 1815; x_wconf 90' lang='lat' dir='ltr'><strong>aliud</strong></span> <span class='ocrx_word' id='word_1_199' title='bbox 2695 1776 2815 1818; x_wconf 89' lang='lat' dir='ltr'><strong>esse</strong></span> <span class='ocrx_word' id='word_1_200' title='bbox 2860 1762 3076 1819; x_wconf 75' lang='lat' dir='ltr'><strong>Missale</strong></span> <span class='ocrx_word' id='word_1_201' title='bbox 3103 1764 3322 1833; x_wconf 82' lang='lat' dir='ltr'><strong>aliquod</strong></span> <span class='ocrx_word' id='word_1_202' title='bbox 3353 1776 3446 1821; x_wconf 90' lang='lat' dir='ltr'><strong>aut</strong></span> <span class='ocrx_word' id='word_1_203' title='bbox 3475 1768 3817 1828; x_wconf 81' lang='lat' dir='ltr'><strong>Breviarium</strong></span> 
     </span>
    </p>
   </div>
   <div class='ocr_carea' id='block_1_27' title="bbox 510 1838 3822 1930">
    <p class='ocr_par' dir='ltr' id='par_1_27' title="bbox 510 1838 3822 1930">
     <span class='ocr_line' id='line_1_27' title="bbox 510 1838 3822 1930; baseline 0.004 -20"><span class='ocrx_word' id='word_1_204' title='bbox 510 1855 818 1910; x_wconf 89' lang='lat' dir='ltr'><strong>desumunt.</strong></span> <span class='ocrx_word' id='word_1_205' title='bbox 836 1851 1649 1917; x_wconf 87' lang='lat' dir='ltr'><strong>lneoenim,canonesecundo.</strong></span> <span class='ocrx_word' id='word_1_206' title='bbox 1670 1850 2102 1922; x_wconf 90' lang='lat' dir='ltr'><strong>permissumfuit</strong></span> <span class='ocrx_word' id='word_1_207' title='bbox 2131 1838 2180 1899; x_wconf 89' lang='grc' dir='ltr'><strong>Β</strong></span> <span class='ocrx_word' id='word_1_208' title='bbox 2206 1864 2556 1922; x_wconf 85' lang='lat' dir='ltr'><strong>componere,</strong></span> <span class='ocrx_word' id='word_1_209' title='bbox 2582 1862 2637 1909; x_wconf 90' lang='lat' dir='ltr'><strong>et</strong></span> <span class='ocrx_word' id='word_1_210' title='bbox 2677 1855 2824 1912; x_wconf 90' lang='lat' dir='ltr'><strong>aliud</strong></span> <span class='ocrx_word' id='word_1_211' title='bbox 2867 1857 3137 1929; x_wconf 84' lang='lat' dir='ltr'><strong>liturgiam</strong></span> <span class='ocrx_word' id='word_1_212' title='bbox 3186 1860 3442 1917; x_wconf 92' lang='lat' dir='ltr'><strong>condere.</strong></span> <span class='ocrx_word' id='word_1_213' title='bbox 3484 1861 3663 1930; x_wconf 85' lang='lat' dir='ltr'><strong>Quare</strong></span> <span class='ocrx_word' id='word_1_214' title='bbox 3701 1867 3822 1924; x_wconf 73' lang='lat' dir='ltr'><strong>htec</strong></span> 
     </span>
    </p>
   </div>
   <div class='ocr_carea' id='block_1_28' title="bbox 510 1945 2104 2018">
    <p class='ocr_par' dir='ltr' id='par_1_28' title="bbox 510 1945 2104 2018">
     <span class='ocr_line' id='line_1_28' title="bbox 510 1945 2104 2018; baseline -0.001 -15"><span class='ocrx_word' id='word_1_215' title='bbox 510 1948 837 2018; x_wconf 74' lang='lat' dir='ltr'><strong>pmnitentes</strong></span> <span class='ocrx_word' id='word_1_216' title='bbox 848 1947 912 2001; x_wconf 89' lang='lat' dir='ltr'><strong>ad</strong></span> <span class='ocrx_word' id='word_1_217' title='bbox 926 1947 1152 2016; x_wconf 88' lang='lat' dir='ltr'><strong>gradum</strong></span> <span class='ocrx_word' id='word_1_218' title='bbox 1166 1945 1385 2001; x_wconf 86' lang='lat' dir='ltr'><strong>lectoris</strong></span> <span class='ocrx_word' id='word_1_219' title='bbox 1398 1945 1793 2008; x_wconf 90' lang='lat' dir='ltr'><strong>assumere,ubi</strong></span> <span class='ocrx_word' id='word_1_220' title='bbox 1806 1954 1900 1999; x_wconf 89' lang='lat' dir='ltr'><strong>aut</strong></span> <span class='ocrx_word' id='word_1_221' title='bbox 1916 1961 2104 2001; x_wconf 91' lang='lat' dir='ltr'><strong>neces-</strong></span> 
     </span>
    </p>
   </div>
   <div class='ocr_carea' id='block_1_29' title="bbox 508 2038 2102 2109">
    <p class='ocr_par' dir='ltr' id='par_1_29' title="bbox 508 2038 2102 2109">
     <span class='ocr_line' id='line_1_29' title="bbox 508 2038 2102 2109; baseline -0.003 -13"><span class='ocrx_word' id='word_1_222' title='bbox 508 2041 640 2097; x_wconf 88' lang='lat' dir='ltr'><strong>sitas</strong></span> <span class='ocrx_word' id='word_1_223' title='bbox 671 2040 745 2095; x_wconf 92' lang='lat' dir='ltr'><strong>ita</strong></span> <span class='ocrx_word' id='word_1_224' title='bbox 776 2040 1048 2109; x_wconf 70' lang='lat' dir='ltr'><strong>exigebat,</strong></span> <span class='ocrx_word' id='word_1_225' title='bbox 1068 2048 1158 2093; x_wconf 89' lang='lat' dir='ltr'><strong>aut</strong></span> <span class='ocrx_word' id='word_1_226' title='bbox 1181 2038 1512 2109; x_wconf 87' lang='lat' dir='ltr'><strong>approbabat</strong></span> <span class='ocrx_word' id='word_1_227' title='bbox 1542 2038 1992 2106; x_wconf 80' lang='lat' dir='ltr'><strong>consuetudo,ita</strong></span> <span class='ocrx_word' id='word_1_228' title='bbox 2019 2047 2102 2091; x_wconf 80' lang='lat' dir='ltr'><strong>ta-</strong></span> 
     </span>
    </p>
   </div>
   <div class='ocr_carea' id='block_1_30' title="bbox 509 2128 2101 2203">
    <p class='ocr_par' dir='ltr' id='par_1_30' title="bbox 509 2128 2101 2203">
     <span class='ocr_line' id='line_1_30' title="bbox 509 2128 2101 2203; baseline -0.001 -19"><span class='ocrx_word' id='word_1_229' title='bbox 509 2147 646 2195; x_wconf 81' lang='lat' dir='ltr'><strong>men,</strong></span> <span class='ocrx_word' id='word_1_230' title='bbox 671 2138 726 2183; x_wconf 89' lang='lat' dir='ltr'><strong>ut</strong></span> <span class='ocrx_word' id='word_1_231' title='bbox 750 2130 784 2184; x_wconf 93' lang='lat' dir='ltr'><strong>ii</strong></span> <span class='ocrx_word' id='word_1_232' title='bbox 812 2129 1153 2203; x_wconf 77' lang='lat' dir='ltr'><strong>Evangelium</strong></span> <span class='ocrx_word' id='word_1_233' title='bbox 1166 2137 1215 2182; x_wconf 87' lang='lat' dir='ltr'><strong>et</strong></span> <span class='ocrx_word' id='word_1_234' title='bbox 1230 2129 1533 2199; x_wconf 78' lang='lat' dir='ltr'><strong>Apostolum</strong></span> <span class='ocrx_word' id='word_1_235' title='bbox 1545 2145 1647 2183; x_wconf 86' lang='lat' dir='ltr'><strong>non</strong></span> <span class='ocrx_word' id='word_1_236' title='bbox 1666 2128 1910 2200; x_wconf 80' lang='lat' dir='ltr'><strong>legerent.</strong></span> <span class='ocrx_word' id='word_1_237' title='bbox 1926 2129 2101 2184; x_wconf 89' lang='lat' dir='ltr'><strong>Etca-</strong></span> 
     </span>
    </p>
   </div>
   <div class='ocr_carea' id='block_1_31' title="bbox 509 2219 2099 2292">
    <p class='ocr_par' dir='ltr' id='par_1_31' title="bbox 509 2219 2099 2292">
     <span class='ocr_line' id='line_1_31' title="bbox 509 2219 2099 2292; baseline -0.001 -14"><span class='ocrx_word' id='word_1_238' title='bbox 509 2239 652 2279; x_wconf 92' lang='lat' dir='ltr'><strong>none</strong></span> <span class='ocrx_word' id='word_1_239' title='bbox 671 2232 865 2292; x_wconf 86' lang='lat' dir='ltr'><strong>quarto</strong></span> <span class='ocrx_word' id='word_1_240' title='bbox 884 2223 1193 2277; x_wconf 88' lang='lat' dir='ltr'><strong>mandatum</strong></span> <span class='ocrx_word' id='word_1_241' title='bbox 1215 2222 1313 2275; x_wconf 91' lang='lat' dir='ltr'><strong>fuit</strong></span> <span class='ocrx_word' id='word_1_242' title='bbox 1336 2229 1393 2275; x_wconf 93' lang='lat' dir='ltr'><strong>ut</strong></span> <span class='ocrx_word' id='word_1_243' title='bbox 1407 2219 2099 2290; x_wconf 88' lang='lat' dir='ltr'><strong>subdiaconus,quidefun-</strong></span> 
     </span>
    </p>
   </div>
   <div class='ocr_carea' id='block_1_32' title="bbox 504 2310 2101 2387">
    <p class='ocr_par' dir='ltr' id='par_1_32' title="bbox 504 2310 2101 2387">
     <span class='ocr_line' id='line_1_32' title="bbox 504 2310 2101 2387; baseline -0.002 -15"><span class='ocrx_word' id='word_1_244' title='bbox 504 2326 589 2372; x_wconf 87' lang='lat' dir='ltr'><strong>cta</strong></span> <span class='ocrx_word' id='word_1_245' title='bbox 606 2317 784 2387; x_wconf 92' lang='lat' dir='ltr'><strong>priore</strong></span> <span class='ocrx_word' id='word_1_246' title='bbox 802 2331 970 2370; x_wconf 83' lang='lat' dir='ltr'><strong>uxore</strong></span> <span class='ocrx_word' id='word_1_247' title='bbox 988 2313 1279 2369; x_wconf 86' lang='lat' dir='ltr'><strong>secundam</strong></span> <span class='ocrx_word' id='word_1_248' title='bbox 1294 2314 1542 2377; x_wconf 78' lang='lat' dir='ltr'><strong>duxerat,</strong></span> <span class='ocrx_word' id='word_1_249' title='bbox 1558 2313 1625 2365; x_wconf 91' lang='lat' dir='ltr'><strong>ad</strong></span> <span class='ocrx_word' id='word_1_250' title='bbox 1638 2310 1860 2379; x_wconf 86' lang='lat' dir='ltr'><strong>gradum</strong></span> <span class='ocrx_word' id='word_1_251' title='bbox 1884 2312 2101 2369; x_wconf 84' lang='lat' dir='ltr'><strong>lectoris</strong></span> 
     </span>
    </p>
   </div>
   <div class='ocr_carea' id='block_1_33' title="bbox 501 2404 2095 2479">
    <p class='ocr_par' dir='ltr' id='par_1_33' title="bbox 501 2404 2095 2479">
     <span class='ocr_line' id='line_1_33' title="bbox 501 2404 2095 2479; baseline -0.001 -16"><span class='ocrx_word' id='word_1_252' title='bbox 501 2409 835 2473; x_wconf 88' lang='lat' dir='ltr'><strong>detrudatnr,</strong></span> <span class='ocrx_word' id='word_1_253' title='bbox 860 2410 931 2462; x_wconf 81' lang='lat' dir='ltr'><strong>ita</strong></span> <span class='ocrx_word' id='word_1_254' title='bbox 960 2418 1015 2461; x_wconf 90' lang='lat' dir='ltr'><strong>ut</strong></span> <span class='ocrx_word' id='word_1_255' title='bbox 1042 2406 1383 2479; x_wconf 72' lang='lat' dir='ltr'><strong>Evangelia»:</strong></span> <span class='ocrx_word' id='word_1_256' title='bbox 1410 2413 1458 2459; x_wconf 91' lang='lat' dir='ltr'><strong>et</strong></span> <span class='ocrx_word' id='word_1_257' title='bbox 1480 2404 1781 2471; x_wconf 79' lang='lat' dir='ltr'><strong>Apostolum</strong></span> <span class='ocrx_word' id='word_1_258' title='bbox 1803 2423 1909 2461; x_wconf 83' lang='lat' dir='ltr'><strong>non</strong></span> <span class='ocrx_word' id='word_1_259' title='bbox 1938 2406 2095 2479; x_wconf 84' lang='lat' dir='ltr'><strong>legat.</strong></span> 
     </span>
    </p>
   </div>
   <div class='ocr_carea' id='block_1_34' title="bbox 506 2499 2099 2573">
    <p class='ocr_par' dir='ltr' id='par_1_34' title="bbox 506 2499 2099 2573">
     <span class='ocr_line' id='line_1_34' title="bbox 506 2499 2099 2573; baseline -0.001 -15"><span class='ocrx_word' id='word_1_260' title='bbox 506 2501 655 2559; x_wconf 85' lang='lat' dir='ltr'><strong>Unde</strong></span> <span class='ocrx_word' id='word_1_261' title='bbox 685 2503 920 2558; x_wconf 86' lang='lat' dir='ltr'><strong>inferunt</strong></span> <span class='ocrx_word' id='word_1_262' title='bbox 973 2502 1259 2573; x_wconf 86' lang='lat' dir='ltr'><strong>Hispanos,</strong></span> <span class='ocrx_word' id='word_1_263' title='bbox 1320 2501 1539 2556; x_wconf 89' lang='lat' dir='ltr'><strong>ineunte</strong></span> <span class='ocrx_word' id='word_1_264' title='bbox 1569 2499 1765 2553; x_wconf 68' lang='lat' dir='ltr'><strong>saeculo</strong></span> <span class='ocrx_word' id='word_1_265' title='bbox 1794 2515 1848 2565; x_wconf 93' lang='lat' dir='ltr'><strong>v,</strong></span> <span class='ocrx_word' id='word_1_266' title='bbox 1880 2502 2099 2556; x_wconf 85' lang='lat' dir='ltr'><strong>missam</strong></span> 
     </span>
    </p>
   </div>
   <div class='ocr_carea' id='block_1_35' title="bbox 497 2592 2096 2662">
    <p class='ocr_par' dir='ltr' id='par_1_35' title="bbox 497 2592 2096 2662">
     <span class='ocr_line' id='line_1_35' title="bbox 497 2592 2096 2662; baseline -0.003 -11"><span class='ocrx_word' id='word_1_267' title='bbox 497 2598 605 2651; x_wconf 90' lang='lat' dir='ltr'><strong>ritu</strong></span> <span class='ocrx_word' id='word_1_268' title='bbox 653 2596 899 2651; x_wconf 80' lang='lat' dir='ltr'><strong>Romano</strong></span> <span class='ocrx_word' id='word_1_269' title='bbox 928 2594 1255 2661; x_wconf 86' lang='lat' dir='ltr'><strong>celebrasse,</strong></span> <span class='ocrx_word' id='word_1_270' title='bbox 1284 2592 1338 2647; x_wconf 89' lang='lat' dir='ltr'><strong>in</strong></span> <span class='ocrx_word' id='word_1_271' title='bbox 1386 2607 1492 2662; x_wconf 89' lang='lat' dir='ltr'><strong>qua</strong></span> <span class='ocrx_word' id='word_1_272' title='bbox 1533 2592 1672 2645; x_wconf 60' lang='lat' dir='ltr'><strong>binas</strong></span> <span class='ocrx_word' id='word_1_273' title='bbox 1720 2592 2096 2646; x_wconf 82' lang='lat' dir='ltr'><strong>tantummodo</strong></span> 
     </span>
    </p>
   </div>
   <div class='ocr_carea' id='block_1_36' title="bbox 498 2681 2096 2761">
    <p class='ocr_par' dir='ltr' id='par_1_36' title="bbox 498 2681 2096 2761">
     <span class='ocr_line' id='line_1_36' title="bbox 498 2681 2096 2761; baseline -0.006 -14"><span class='ocrx_word' id='word_1_274' title='bbox 498 2690 814 2761; x_wconf 80' lang='lat' dir='ltr'><strong>legebantur</strong></span> <span class='ocrx_word' id='word_1_275' title='bbox 842 2689 1136 2759; x_wconf 71' lang='lat' dir='ltr'><strong>Scriptum</strong></span> <span class='ocrx_word' id='word_1_276' title='bbox 1165 2686 1447 2750; x_wconf 88' lang='lat' dir='ltr'><strong>lectiones,</strong></span> <span class='ocrx_word' id='word_1_277' title='bbox 1478 2681 1832 2754; x_wconf 87' lang='lat' dir='ltr'><strong>Evangelium</strong></span> <span class='ocrx_word' id='word_1_278' title='bbox 1862 2684 2096 2752; x_wconf 80' lang='lat' dir='ltr'><strong>scilicet,</strong></span> 
     </span>
    </p>
   </div>
   <div class='ocr_carea' id='block_1_37' title="bbox 497 2775 1411 2851">
    <p class='ocr_par' dir='ltr' id='par_1_37' title="bbox 497 2775 1411 2851">
     <span class='ocr_line' id='line_1_37' title="bbox 497 2775 1411 2851; baseline -0.005 -17"><span class='ocrx_word' id='word_1_279' title='bbox 497 2791 553 2836; x_wconf 91' lang='lat' dir='ltr'><strong>et</strong></span> <span class='ocrx_word' id='word_1_280' title='bbox 576 2779 917 2851; x_wconf 83' lang='lat' dir='ltr'><strong>Apostolum,</strong></span> <span class='ocrx_word' id='word_1_281' title='bbox 952 2778 1067 2833; x_wconf 87' lang='lat' dir='ltr'><strong>sive</strong></span> <span class='ocrx_word' id='word_1_282' title='bbox 1096 2775 1411 2848; x_wconf 81' lang='lat' dir='ltr'><strong>Epistulam.</strong></span> 
     </span>
    </p>
   </div>
   <div class='ocr_carea' id='block_1_38' title="bbox 570 2864 2095 2939">
    <p class='ocr_par' dir='ltr' id='par_1_38' title="bbox 570 2864 2095 2939">
     <span class='ocr_line' id='line_1_38' title="bbox 570 2864 2095 2939; baseline -0.002 -14"><span class='ocrx_word' id='word_1_283' title='bbox 570 2874 695 2928; x_wconf 86' lang='grc'><strong>170.</strong></span> <span class='ocrx_word' id='word_1_284' title='bbox 727 2871 835 2928; x_wconf 89' lang='lat' dir='ltr'><strong>Sed</strong></span> <span class='ocrx_word' id='word_1_285' title='bbox 865 2872 918 2927; x_wconf 94' lang='lat' dir='ltr'><strong>id</strong></span> <span class='ocrx_word' id='word_1_286' title='bbox 945 2872 1085 2926; x_wconf 92' lang='lat' dir='ltr'><strong>male</strong></span> <span class='ocrx_word' id='word_1_287' title='bbox 1113 2870 1393 2939; x_wconf 89' lang='lat' dir='ltr'><strong>colligunt.</strong></span> <span class='ocrx_word' id='word_1_288' title='bbox 1425 2864 1561 2921; x_wconf 89' lang='lat' dir='ltr'><strong>Nam</strong></span> <span class='ocrx_word' id='word_1_289' title='bbox 1604 2865 1796 2922; x_wconf 88' lang='lat' dir='ltr'><strong>Patres</strong></span> <span class='ocrx_word' id='word_1_290' title='bbox 1844 2865 2095 2922; x_wconf 82' lang='lat' dir='ltr'><strong>Toletani</strong></span> 
     </span>
    </p>
   </div>
   <div class='ocr_carea' id='block_1_39' title="bbox 496 2965 2096 3036">
    <p class='ocr_par' dir='ltr' id='par_1_39' title="bbox 496 2965 2096 3036">
     <span class='ocr_line' id='line_1_39' title="bbox 496 2965 2096 3036; baseline -0.005 -14"><span class='ocrx_word' id='word_1_291' title='bbox 496 2983 599 3023; x_wconf 89' lang='lat' dir='ltr'><strong>nec</strong></span> <span class='ocrx_word' id='word_1_292' title='bbox 644 2966 835 3021; x_wconf 88' lang='lat' dir='ltr'><strong>lectori</strong></span> <span class='ocrx_word' id='word_1_293' title='bbox 882 2965 1239 3036; x_wconf 63' lang='lat' dir='ltr'><strong>paenitentum</strong></span> <span class='ocrx_word' id='word_1_294' title='bbox 1268 2976 1301 3016; x_wconf 93' lang='lat' dir='ltr'><strong>e</strong></span> <span class='ocrx_word' id='word_1_295' title='bbox 1330 2973 1558 3016; x_wconf 90' lang='lat' dir='ltr'><strong>numero</strong></span> <span class='ocrx_word' id='word_1_296' title='bbox 1585 2967 1884 3031; x_wconf 87' lang='lat' dir='ltr'><strong>assumpto,</strong></span> <span class='ocrx_word' id='word_1_297' title='bbox 1920 2974 2096 3028; x_wconf 89' lang='lat' dir='ltr'><strong>neque</strong></span> 
     </span>
    </p>
   </div>
   <div class='ocr_carea' id='block_1_40' title="bbox 495 3050 2092 3127">
    <p class='ocr_par' dir='ltr' id='par_1_40' title="bbox 495 3050 2092 3127">
     <span class='ocr_line' id='line_1_40' title="bbox 495 3050 2092 3127; baseline -0.005 -13"><span class='ocrx_word' id='word_1_298' title='bbox 495 3059 828 3115; x_wconf 86' lang='lat' dir='ltr'><strong>snhdiacono</strong></span> <span class='ocrx_word' id='word_1_299' title='bbox 853 3058 1068 3127; x_wconf 85' lang='lat' dir='ltr'><strong>bigamo</strong></span> <span class='ocrx_word' id='word_1_300' title='bbox 1104 3055 1339 3109; x_wconf 88' lang='lat' dir='ltr'><strong>oflicium</strong></span> <span class='ocrx_word' id='word_1_301' title='bbox 1368 3053 1589 3109; x_wconf 86' lang='lat' dir='ltr'><strong>lectoris</strong></span> <span class='ocrx_word' id='word_1_302' title='bbox 1613 3051 1965 3119; x_wconf 88' lang='lat' dir='ltr'><strong>interdicunt,</strong></span> <span class='ocrx_word' id='word_1_303' title='bbox 1998 3050 2092 3107; x_wconf 88' lang='lat' dir='ltr'><strong>sed</strong></span> 
     </span>
    </p>
   </div>
   <div class='ocr_carea' id='block_1_41' title="bbox 494 3143 2088 3220">
    <p class='ocr_par' dir='ltr' id='par_1_41' title="bbox 494 3143 2088 3220">
     <span class='ocr_line' id='line_1_41' title="bbox 494 3143 2088 3220; baseline -0.006 -13"><span class='ocrx_word' id='word_1_304' title='bbox 494 3150 834 3207; x_wconf 83' lang='lat' dir='ltr'><strong>solummodo</strong></span> <span class='ocrx_word' id='word_1_305' title='bbox 865 3150 1153 3220; x_wconf 89' lang='lat' dir='ltr'><strong>prohibent</strong></span> <span class='ocrx_word' id='word_1_306' title='bbox 1173 3163 1241 3202; x_wconf 94' lang='lat' dir='ltr'><strong>ne</strong></span> <span class='ocrx_word' id='word_1_307' title='bbox 1269 3145 1435 3199; x_wconf 88' lang='lat' dir='ltr'><strong>libros</strong></span> <span class='ocrx_word' id='word_1_308' title='bbox 1462 3145 1593 3201; x_wconf 74' lang='lat' dir='ltr'><strong>Novi</strong></span> <span class='ocrx_word' id='word_1_309' title='bbox 1619 3143 1860 3200; x_wconf 82' lang='lat' dir='ltr'><strong>Foeleris</strong></span> <span class='ocrx_word' id='word_1_310' title='bbox 1890 3144 2088 3211; x_wconf 80' lang='lat' dir='ltr'><strong>legant.</strong></span> 
     </span>
    </p>
   </div>
   <div class='ocr_carea' id='block_1_42' title="bbox 497 3213 2168 3312">
    <p class='ocr_par' dir='ltr' id='par_1_42' title="bbox 497 3213 2168 3312">
     <span class='ocr_line' id='line_1_42' title="bbox 497 3213 2168 3312; baseline -0.006 -13"><span class='ocrx_word' id='word_1_311' title='bbox 497 3242 650 3299; x_wconf 89' lang='lat' dir='ltr'><strong>Unde</strong></span> <span class='ocrx_word' id='word_1_312' title='bbox 678 3213 1027 3312; x_wconf 78' lang='lat' dir='ltr'><strong>consequitur</strong></span> <span class='ocrx_word' id='word_1_313' title='bbox 1076 3241 1129 3293; x_wconf 91' lang='lat' dir='ltr'><strong>in</strong></span> <span class='ocrx_word' id='word_1_314' title='bbox 1180 3238 1342 3294; x_wconf 90' lang='lat' dir='ltr'><strong>missa</strong></span> <span class='ocrx_word' id='word_1_315' title='bbox 1389 3236 1647 3307; x_wconf 87' lang='lat' dir='ltr'><strong>Hispana,</strong></span> <span class='ocrx_word' id='word_1_316' title='bbox 1677 3245 1871 3307; x_wconf 53' lang='lat' dir='ltr'><strong>praeter</strong></span> <span class='ocrx_word' id='word_1_317' title='bbox 1899 3235 2093 3292; x_wconf 81' lang='lat' dir='ltr'><strong>Testa-</strong></span> <span class='ocrx_word' id='word_1_318' title='bbox 2120 3213 2168 3276; x_wconf 69' lang='grc' dir='ltr'>ο</span> 
     </span>
    </p>
   </div>
   <div class='ocr_carea' id='block_1_43' title="bbox 492 3330 2088 3403">
    <p class='ocr_par' dir='ltr' id='par_1_43' title="bbox 492 3330 2088 3403">
     <span class='ocr_line' id='line_1_43' title="bbox 492 3330 2088 3403; baseline -0.005 -10"><span class='ocrx_word' id='word_1_319' title='bbox 492 3348 733 3394; x_wconf 87' lang='lat' dir='ltr'><strong>mentum</strong></span> <span class='ocrx_word' id='word_1_320' title='bbox 782 3337 1012 3403; x_wconf 83' lang='lat' dir='ltr'><strong>Novum,</strong></span> <span class='ocrx_word' id='word_1_321' title='bbox 1043 3334 1241 3389; x_wconf 90' lang='lat' dir='ltr'><strong>lectum</strong></span> <span class='ocrx_word' id='word_1_322' title='bbox 1273 3332 1439 3388; x_wconf 84' lang='lat' dir='ltr'><strong>luisse</strong></span> <span class='ocrx_word' id='word_1_323' title='bbox 1463 3331 1871 3387; x_wconf 86' lang='lat' dir='ltr'><strong>Testamentum</strong></span> <span class='ocrx_word' id='word_1_324' title='bbox 1900 3330 2088 3397; x_wconf 85' lang='lat' dir='ltr'><strong>Vetus,</strong></span> 
     </span>
    </p>
   </div>
   <div class='ocr_carea' id='block_1_44' title="bbox 494 3423 2093 3502">
    <p class='ocr_par' dir='ltr' id='par_1_44' title="bbox 494 3423 2093 3502">
     <span class='ocr_line' id='line_1_44' title="bbox 494 3423 2093 3502; baseline -0.006 -15"><span class='ocrx_word' id='word_1_325' title='bbox 494 3431 639 3502; x_wconf 88' lang='lat' dir='ltr'><strong>quod</strong></span> <span class='ocrx_word' id='word_1_326' title='bbox 666 3430 854 3485; x_wconf 89' lang='lat' dir='ltr'><strong>lectori</strong></span> <span class='ocrx_word' id='word_1_327' title='bbox 884 3426 1169 3499; x_wconf 88' lang='lat' dir='ltr'><strong>poenitenti</strong></span> <span class='ocrx_word' id='word_1_328' title='bbox 1198 3435 1254 3480; x_wconf 90' lang='lat' dir='ltr'><strong>et</strong></span> <span class='ocrx_word' id='word_1_329' title='bbox 1281 3426 1639 3492; x_wconf 74' lang='lat' dir='ltr'><strong>sulidiacono,</strong></span> <span class='ocrx_word' id='word_1_330' title='bbox 1672 3426 1765 3495; x_wconf 89' lang='lat' dir='ltr'><strong>qui</strong></span> <span class='ocrx_word' id='word_1_331' title='bbox 1794 3423 2093 3479; x_wconf 87' lang='lat' dir='ltr'><strong>secundam</strong></span> 
     </span>
    </p>
   </div>
   <div class='ocr_carea' id='block_1_45' title="bbox 494 3516 2093 3589">
    <p class='ocr_par' dir='ltr' id='par_1_45' title="bbox 494 3516 2093 3589">
     <span class='ocr_line' id='line_1_45' title="bbox 494 3516 2093 3589; baseline -0.004 -10"><span class='ocrx_word' id='word_1_332' title='bbox 494 3526 721 3579; x_wconf 82' lang='lat' dir='ltr'><strong>duxerat</strong></span> <span class='ocrx_word' id='word_1_333' title='bbox 750 3537 998 3585; x_wconf 81' lang='lat' dir='ltr'><strong>uxorem,</strong></span> <span class='ocrx_word' id='word_1_334' title='bbox 1031 3519 1214 3589; x_wconf 86' lang='lat' dir='ltr'><strong>legere</strong></span> <span class='ocrx_word' id='word_1_335' title='bbox 1241 3534 1567 3574; x_wconf 86' lang='lat' dir='ltr'><strong>concessum</strong></span> <span class='ocrx_word' id='word_1_336' title='bbox 1598 3519 1719 3573; x_wconf 88' lang='lat' dir='ltr'><strong>fuit.</strong></span> <span class='ocrx_word' id='word_1_337' title='bbox 1754 3516 1931 3587; x_wconf 86' lang='lat' dir='ltr'><strong>Atque</strong></span> <span class='ocrx_word' id='word_1_338' title='bbox 1955 3516 2093 3572; x_wconf 90' lang='lat' dir='ltr'><strong>adeo</strong></span> 
     </span>
    </p>
   </div>
   <div class='ocr_carea' id='block_1_46' title="bbox 493 3610 2095 3684">
    <p class='ocr_par' dir='ltr' id='par_1_46' title="bbox 493 3610 2095 3684">
     <span class='ocr_line' id='line_1_46' title="bbox 493 3610 2095 3684; baseline -0.005 -13"><span class='ocrx_word' id='word_1_339' title='bbox 493 3618 714 3671; x_wconf 67' lang='lat' dir='ltr'><strong>missam</strong></span> <span class='ocrx_word' id='word_1_340' title='bbox 785 3614 1076 3684; x_wconf 89' lang='lat' dir='ltr'><strong>Hispanam</strong></span> <span class='ocrx_word' id='word_1_341' title='bbox 1107 3651 1123 3677; x_wconf 96' lang='lat'><strong>,</strong></span> <span class='ocrx_word' id='word_1_342' title='bbox 1171 3626 1314 3667; x_wconf 88' lang='lat' dir='ltr'><strong>anno</strong></span> <span class='ocrx_word' id='word_1_343' title='bbox 1388 3610 1917 3682; x_wconf 88' lang='lat' dir='ltr'><strong>quadringentesimo</strong></span> <span class='ocrx_word' id='word_1_344' title='bbox 1971 3623 2095 3664; x_wconf 72' lang='lat' dir='ltr'><strong>aera:</strong></span> 
     </span>
    </p>
   </div>
   <div class='ocr_carea' id='block_1_47' title="bbox 492 3702 2093 3775">
    <p class='ocr_par' dir='ltr' id='par_1_47' title="bbox 492 3702 2093 3775">
     <span class='ocr_line' id='line_1_47' title="bbox 492 3702 2093 3775; baseline -0.006 -8"><span class='ocrx_word' id='word_1_345' title='bbox 492 3711 853 3775; x_wconf 60' lang='lat' dir='ltr'><strong>Christiana},</strong></span> <span class='ocrx_word' id='word_1_346' title='bbox 906 3708 960 3762; x_wconf 92' lang='lat' dir='ltr'><strong>in</strong></span> <span class='ocrx_word' id='word_1_347' title='bbox 1006 3706 1301 3762; x_wconf 89' lang='lat' dir='ltr'><strong>lectionum</strong></span> <span class='ocrx_word' id='word_1_348' title='bbox 1363 3721 1588 3761; x_wconf 89' lang='lat' dir='ltr'><strong>numero</strong></span> <span class='ocrx_word' id='word_1_349' title='bbox 1620 3744 1639 3772; x_wconf 92' lang='lat'><strong>,</strong></span> <span class='ocrx_word' id='word_1_350' title='bbox 1690 3720 1812 3761; x_wconf 91' lang='lat' dir='ltr'><strong>cum</strong></span> <span class='ocrx_word' id='word_1_351' title='bbox 1878 3702 2093 3773; x_wconf 86' lang='lat' dir='ltr'><strong>liturgia</strong></span> 
     </span>
    </p>
   </div>
   <div class='ocr_carea' id='block_1_48' title="bbox 496 3795 2093 3867">
    <p class='ocr_par' dir='ltr' id='par_1_48' title="bbox 496 3795 2093 3867">
     <span class='ocr_line' id='line_1_48' title="bbox 496 3795 2093 3867; baseline -0.007 -8"><span class='ocrx_word' id='word_1_352' title='bbox 496 3803 725 3859; x_wconf 87' lang='lat' dir='ltr'><strong>Missalis</strong></span> <span class='ocrx_word' id='word_1_353' title='bbox 776 3798 1048 3867; x_wconf 68' lang='lat' dir='ltr'><strong>Ximenii,</strong></span> <span class='ocrx_word' id='word_1_354' title='bbox 1079 3814 1191 3855; x_wconf 91' lang='lat' dir='ltr'><strong>non</strong></span> <span class='ocrx_word' id='word_1_355' title='bbox 1236 3814 1371 3855; x_wconf 87' lang='lat' dir='ltr'><strong>vero</strong></span> <span class='ocrx_word' id='word_1_356' title='bbox 1420 3813 1543 3855; x_wconf 90' lang='lat' dir='ltr'><strong>cum</strong></span> <span class='ocrx_word' id='word_1_357' title='bbox 1575 3795 1819 3852; x_wconf 83' lang='lat' dir='ltr'><strong>Romana</strong></span> <span class='ocrx_word' id='word_1_358' title='bbox 1862 3808 2093 3850; x_wconf 86' lang='lat' dir='ltr'><strong>concor-</strong></span> 
     </span>
    </p>
   </div>
   <div class='ocr_carea' id='block_1_49' title="bbox 494 3898 673 3953">
    <p class='ocr_par' dir='ltr' id='par_1_49' title="bbox 494 3898 673 3953">
     <span class='ocr_line' id='line_1_49' title="bbox 494 3898 673 3953; baseline 0 0"><span class='ocrx_word' id='word_1_359' title='bbox 494 3898 673 3953; x_wconf 89' lang='lat' dir='ltr'><strong>dasse.</strong></span> 
     </span>
    </p>
   </div>
   <div class='ocr_carea' id='block_1_50' title="bbox 567 3981 2091 4056">
    <p class='ocr_par' dir='ltr' id='par_1_50' title="bbox 567 3981 2091 4056">
     <span class='ocr_line' id='line_1_50' title="bbox 567 3981 2091 4056; baseline -0.006 -14"><span class='ocrx_word' id='word_1_360' title='bbox 567 3988 691 4042; x_wconf 88' lang='grc'><strong>171.</strong></span> <span class='ocrx_word' id='word_1_361' title='bbox 724 3986 849 4042; x_wconf 71' lang='lat' dir='ltr'><strong>Haec</strong></span> <span class='ocrx_word' id='word_1_362' title='bbox 871 3992 999 4041; x_wconf 91' lang='lat' dir='ltr'><strong>sunt</strong></span> <span class='ocrx_word' id='word_1_363' title='bbox 1018 3994 1335 4055; x_wconf 88' lang='lat' dir='ltr'><strong>argumenta</strong></span> <span class='ocrx_word' id='word_1_364' title='bbox 1360 3984 1557 4056; x_wconf 88' lang='lat' dir='ltr'><strong>quibus</strong></span> <span class='ocrx_word' id='word_1_365' title='bbox 1581 3981 1957 4038; x_wconf 89' lang='lat' dir='ltr'><strong>demonstrare</strong></span> <span class='ocrx_word' id='word_1_366' title='bbox 1994 3990 2091 4034; x_wconf 87' lang='lat' dir='ltr'><strong>co-</strong></span> 
     </span>
    </p>
   </div>
   <div class='ocr_carea' id='block_1_51' title="bbox 496 4070 2091 4148">
    <p class='ocr_par' dir='ltr' id='par_1_51' title="bbox 496 4070 2091 4148">
     <span class='ocr_line' id='line_1_51' title="bbox 496 4070 2091 4148; baseline -0.006 -13"><span class='ocrx_word' id='word_1_367' title='bbox 496 4081 607 4136; x_wconf 88' lang='lat' dir='ltr'><strong>nati</strong></span> <span class='ocrx_word' id='word_1_368' title='bbox 635 4090 783 4134; x_wconf 82' lang='lat' dir='ltr'><strong>sunt~</strong></span> <span class='ocrx_word' id='word_1_369' title='bbox 806 4078 1076 4148; x_wconf 88' lang='lat' dir='ltr'><strong>Hispanos</strong></span> <span class='ocrx_word' id='word_1_370' title='bbox 1104 4094 1138 4132; x_wconf 85' lang='lat' dir='ltr'><strong>a</strong></span> <span class='ocrx_word' id='word_1_371' title='bbox 1163 4079 1294 4134; x_wconf 89' lang='lat' dir='ltr'><strong>viris</strong></span> <span class='ocrx_word' id='word_1_372' title='bbox 1319 4076 1635 4147; x_wconf 86' lang='lat' dir='ltr'><strong>apostolicis</strong></span> <span class='ocrx_word' id='word_1_373' title='bbox 1664 4074 1935 4142; x_wconf 85' lang='lat' dir='ltr'><strong>liturgiam</strong></span> <span class='ocrx_word' id='word_1_374' title='bbox 1977 4070 2091 4126; x_wconf 79' lang='lat' dir='ltr'><strong>Ro-</strong></span> 
     </span>
    </p>
   </div>
   <div class='ocr_carea' id='block_1_52' title="bbox 495 4161 2092 4236">
    <p class='ocr_par' dir='ltr' id='par_1_52' title="bbox 495 4161 2092 4236">
     <span class='ocr_line' id='line_1_52' title="bbox 495 4161 2092 4236; baseline -0.006 -11"><span class='ocrx_word' id='word_1_375' title='bbox 495 4186 709 4226; x_wconf 85' lang='lat' dir='ltr'><strong>manam</strong></span> <span class='ocrx_word' id='word_1_376' title='bbox 738 4184 845 4225; x_wconf 90' lang='lat' dir='ltr'><strong>una</strong></span> <span class='ocrx_word' id='word_1_377' title='bbox 874 4185 997 4225; x_wconf 88' lang='lat' dir='ltr'><strong>cum</strong></span> <span class='ocrx_word' id='word_1_378' title='bbox 1031 4168 1134 4224; x_wconf 80' lang='lat' dir='ltr'><strong>[ide</strong></span> <span class='ocrx_word' id='word_1_379' title='bbox 1154 4167 1355 4223; x_wconf 88' lang='lat' dir='ltr'><strong>Christi</strong></span> <span class='ocrx_word' id='word_1_380' title='bbox 1384 4167 1683 4236; x_wconf 88' lang='lat' dir='ltr'><strong>accepisse,</strong></span> <span class='ocrx_word' id='word_1_381' title='bbox 1706 4179 1938 4234; x_wconf 90' lang='lat' dir='ltr'><strong>quorum</strong></span> <span class='ocrx_word' id='word_1_382' title='bbox 1986 4161 2092 4217; x_wconf 87' lang='lat' dir='ltr'><strong>alia</strong></span> 
     </span>
    </p>
   </div>
   <div class='ocr_carea' id='block_1_53' title="bbox 492 4257 2091 4332">
    <p class='ocr_par' dir='ltr' id='par_1_53' title="bbox 492 4257 2091 4332">
     <span class='ocr_line' id='line_1_53' title="bbox 492 4257 2091 4332; baseline -0.009 -10"><span class='ocrx_word' id='word_1_383' title='bbox 492 4268 725 4332; x_wconf 89' lang='lat' dir='ltr'><strong>incerta,</strong></span> <span class='ocrx_word' id='word_1_384' title='bbox 752 4266 855 4320; x_wconf 90' lang='lat' dir='ltr'><strong>alia</strong></span> <span class='ocrx_word' id='word_1_385' title='bbox 887 4265 1043 4330; x_wconf 90' lang='lat' dir='ltr'><strong>levia,</strong></span> <span class='ocrx_word' id='word_1_386' title='bbox 1074 4264 1178 4318; x_wconf 89' lang='lat' dir='ltr'><strong>alia</strong></span> <span class='ocrx_word' id='word_1_387' title='bbox 1204 4271 1331 4319; x_wconf 92' lang='lat' dir='ltr'><strong>sunt</strong></span> <span class='ocrx_word' id='word_1_388' title='bbox 1357 4276 1479 4331; x_wconf 64' lang='lat' dir='ltr'><strong>qua:</strong></span> <span class='ocrx_word' id='word_1_389' title='bbox 1508 4262 1562 4315; x_wconf 91' lang='lat' dir='ltr'><strong>in</strong></span> <span class='ocrx_word' id='word_1_390' title='bbox 1591 4257 1918 4314; x_wconf 91' lang='lat' dir='ltr'><strong>contrariam</strong></span> <span class='ocrx_word' id='word_1_391' title='bbox 1962 4270 2091 4327; x_wconf 88' lang='lat' dir='ltr'><strong>par-</strong></span> 
     </span>
    </p>
   </div>
   <div class='ocr_carea' id='block_1_54' title="bbox 495 4351 2091 4418">
    <p class='ocr_par' dir='ltr' id='par_1_54' title="bbox 495 4351 2091 4418">
     <span class='ocr_line' id='line_1_54' title="bbox 495 4351 2091 4418; baseline -0.007 -1"><span class='ocrx_word' id='word_1_392' title='bbox 495 4371 603 4417; x_wconf 89' lang='lat' dir='ltr'><strong>tem</strong></span> <span class='ocrx_word' id='word_1_393' title='bbox 634 4362 790 4418; x_wconf 81' lang='lat' dir='ltr'><strong>facile</strong></span> <span class='ocrx_word' id='word_1_394' title='bbox 818 4362 1178 4417; x_wconf 82' lang='lat' dir='ltr'><strong>deducuntur.</strong></span> <span class='ocrx_word' id='word_1_395' title='bbox 1211 4357 1366 4413; x_wconf 86' lang='lat' dir='ltr'><strong>Nunc</strong></span> <span class='ocrx_word' id='word_1_396' title='bbox 1387 4357 1455 4412; x_wconf 88' lang='lat' dir='ltr'><strong>ad</strong></span> <span class='ocrx_word' id='word_1_397' title='bbox 1482 4370 1576 4411; x_wconf 89' lang='lat' dir='ltr'><strong>eas</strong></span> <span class='ocrx_word' id='word_1_398' title='bbox 1605 4353 1849 4408; x_wconf 86' lang='lat' dir='ltr'><strong>rationes</strong></span> <span class='ocrx_word' id='word_1_399' title='bbox 1883 4351 2091 4406; x_wconf 79' lang='lat' dir='ltr'><strong>exami-</strong></span> 
     </span>
    </p>
   </div>
   <div class='ocr_carea' id='block_1_55' title="bbox 493 4446 2090 4524">
    <p class='ocr_par' dir='ltr' id='par_1_55' title="bbox 493 4446 2090 4524">
     <span class='ocr_line' id='line_1_55' title="bbox 493 4446 2090 4524; baseline -0.008 -13"><span class='ocrx_word' id='word_1_400' title='bbox 493 4455 700 4511; x_wconf 90' lang='lat' dir='ltr'><strong>nandas</strong></span> <span class='ocrx_word' id='word_1_401' title='bbox 728 4465 964 4522; x_wconf 87' lang='lat' dir='ltr'><strong>transeo,</strong></span> <span class='ocrx_word' id='word_1_402' title='bbox 997 4455 1192 4524; x_wconf 91' lang='lat' dir='ltr'><strong>quibus</strong></span> <span class='ocrx_word' id='word_1_403' title='bbox 1230 4451 1559 4524; x_wconf 88' lang='lat' dir='ltr'><strong>persuadere</strong></span> <span class='ocrx_word' id='word_1_404' title='bbox 1582 4448 1775 4503; x_wconf 87' lang='lat' dir='ltr'><strong>volunt</strong></span> <span class='ocrx_word' id='word_1_405' title='bbox 1818 4446 2090 4516; x_wconf 85' lang='lat' dir='ltr'><strong>liturgiam</strong></span> 
     </span>
    </p>
   </div>
   <div class='ocr_carea' id='block_1_56' title="bbox 493 4541 2090 4621">
    <p class='ocr_par' dir='ltr' id='par_1_56' title="bbox 493 4541 2090 4621">
     <span class='ocr_line' id='line_1_56' title="bbox 493 4541 2090 4621; baseline -0.007 -16"><span class='ocrx_word' id='word_1_406' title='bbox 493 4549 1015 4621; x_wconf 77' lang='lat' dir='ltr'><strong>Gellio-Hispanam,</strong></span> <span class='ocrx_word' id='word_1_407' title='bbox 1047 4564 1143 4606; x_wconf 91' lang='lat' dir='ltr'><strong>seu</strong></span> <span class='ocrx_word' id='word_1_408' title='bbox 1189 4544 1614 4609; x_wconf 83' lang='lat' dir='ltr'><strong>Mozarabicam,</strong></span> <span class='ocrx_word' id='word_1_409' title='bbox 1644 4541 1842 4597; x_wconf 66' lang='lat' dir='ltr'><strong>saeculo</strong></span> <span class='ocrx_word' id='word_1_410' title='bbox 1871 4555 1945 4595; x_wconf 84' lang='lat' dir='ltr'><strong>vn</strong></span> <span class='ocrx_word' id='word_1_411' title='bbox 1995 4554 2090 4594; x_wconf 82' lang='lat' dir='ltr'><strong>ex-</strong></span> 
     </span>
    </p>
   </div>
   <div class='ocr_carea' id='block_1_57' title="bbox 496 4636 2092 4713">
    <p class='ocr_par' dir='ltr' id='par_1_57' title="bbox 496 4636 2092 4713">
     <span class='ocr_line' id='line_1_57' title="bbox 496 4636 2092 4713; baseline -0.006 -12"><span class='ocrx_word' id='word_1_412' title='bbox 496 4646 785 4713; x_wconf 84' lang='lat' dir='ltr'><strong>cogitatam</strong></span> <span class='ocrx_word' id='word_1_413' title='bbox 807 4644 991 4710; x_wconf 85' lang='lat' dir='ltr'><strong>fuisse,</strong></span> <span class='ocrx_word' id='word_1_414' title='bbox 1017 4654 1072 4699; x_wconf 91' lang='lat' dir='ltr'><strong>et</strong></span> <span class='ocrx_word' id='word_1_415' title='bbox 1096 4659 1127 4698; x_wconf 90' lang='lat' dir='ltr'><strong>a</strong></span> <span class='ocrx_word' id='word_1_416' title='bbox 1154 4642 1285 4697; x_wconf 89' lang='lat' dir='ltr'><strong>viris</strong></span> <span class='ocrx_word' id='word_1_417' title='bbox 1310 4640 1512 4696; x_wconf 84' lang='lat' dir='ltr'><strong>sanctis</strong></span> <span class='ocrx_word' id='word_1_418' title='bbox 1534 4638 1784 4694; x_wconf 90' lang='lat' dir='ltr'><strong>Leandro</strong></span> <span class='ocrx_word' id='word_1_419' title='bbox 1809 4646 1863 4693; x_wconf 92' lang='lat' dir='ltr'><strong>et</strong></span> <span class='ocrx_word' id='word_1_420' title='bbox 1885 4636 2092 4692; x_wconf 83' lang='lat' dir='ltr'><strong>Isidoro</strong></span> 
     </span>
    </p>
   </div>
   <div class='ocr_carea' id='block_1_58' title="bbox 497 4728 2093 4806">
    <p class='ocr_par' dir='ltr' id='par_1_58' title="bbox 497 4728 2093 4806">
     <span class='ocr_line' id='line_1_58' title="bbox 497 4728 2093 4806; baseline -0.003 -15"><span class='ocrx_word' id='word_1_421' title='bbox 497 4736 549 4791; x_wconf 95' lang='lat' dir='ltr'><strong>in</strong></span> <span class='ocrx_word' id='word_1_422' title='bbox 576 4752 697 4791; x_wconf 91' lang='lat' dir='ltr'><strong>eum</strong></span> <span class='ocrx_word' id='word_1_423' title='bbox 719 4752 880 4806; x_wconf 91' lang='lat' dir='ltr'><strong>quem</strong></span> <span class='ocrx_word' id='word_1_424' title='bbox 912 4746 1103 4806; x_wconf 76' lang='lat' dir='ltr'><strong>postea</strong></span> <span class='ocrx_word' id='word_1_425' title='bbox 1130 4736 1374 4791; x_wconf 87' lang='lat' dir='ltr'><strong>ordinem</strong></span> <span class='ocrx_word' id='word_1_426' title='bbox 1397 4732 1623 4788; x_wconf 89' lang='lat' dir='ltr'><strong>retinuit</strong></span> <span class='ocrx_word' id='word_1_427' title='bbox 1643 4732 1906 4802; x_wconf 89' lang='lat' dir='ltr'><strong>digestam</strong></span> <span class='ocrx_word' id='word_1_428' title='bbox 1928 4728 2093 4787; x_wconf 84' lang='lat' dir='ltr'><strong>fuisse</strong></span> 
     </span>
    </p>
   </div>
   <div class='ocr_carea' id='block_1_59' title="bbox 494 4831 1023 4902">
    <p class='ocr_par' dir='ltr' id='par_1_59' title="bbox 494 4831 1023 4902">
     <span class='ocr_line' id='line_1_59' title="bbox 494 4831 1023 4902; baseline -0.008 -15"><span class='ocrx_word' id='word_1_429' title='bbox 494 4839 657 4902; x_wconf 88' lang='lat' dir='ltr'><strong>atque</strong></span> <span class='ocrx_word' id='word_1_430' title='bbox 686 4831 1023 4900; x_wconf 83' lang='lat' dir='ltr'><strong>dispositam.</strong></span> 
     </span>
    </p>
   </div>
   <div class='ocr_carea' id='block_1_60' title="bbox 499 4936 2092 5017">
    <p class='ocr_par' dir='ltr' id='par_1_60' title="bbox 499 4936 2092 5017">
     <span class='ocr_line' id='line_1_60' title="bbox 499 4936 2092 5017; baseline -0.006 -18"><span class='ocrx_word' id='word_1_431' title='bbox 499 4946 525 5017; x_wconf 84' lang='lat'><strong>§</strong></span> <span class='ocrx_word' id='word_1_432' title='bbox 553 4943 641 4999; x_wconf 83' lang='lat' dir='ltr'><strong>XI.</strong></span> <span class='ocrx_word' id='word_1_433' title='bbox 664 4946 747 4998; x_wconf 83' lang='lat' dir='ltr'><strong>An</strong></span> <span class='ocrx_word' id='word_1_434' title='bbox 774 4954 985 4999; x_wconf 78' lang='lat' dir='ltr'><strong>sanctus</strong></span> <span class='ocrx_word' id='word_1_435' title='bbox 1008 4942 1243 5017; x_wconf 55' lang='lat' dir='ltr'><strong>Leander</strong></span> <span class='ocrx_word' id='word_1_436' title='bbox 1264 4949 1443 5017; x_wconf 65' lang='lat' dir='ltr'><strong>auctor</strong></span> <span class='ocrx_word' id='word_1_437' title='bbox 1473 4939 1737 4995; x_wconf 78' lang='lat' dir='ltr'><strong>habendus</strong></span> <span class='ocrx_word' id='word_1_438' title='bbox 1763 4938 1829 4993; x_wconf 82' lang='lat' dir='ltr'><strong>sit</strong></span> <span class='ocrx_word' id='word_1_439' title='bbox 1867 4936 2092 5006; x_wconf 75' lang='lat' dir='ltr'><strong>liturgia:</strong></span> 
     </span>
    </p>
   </div>
   <div class='ocr_carea' id='block_1_61' title="bbox 1062 5013 1539 5083">
    <p class='ocr_par' dir='ltr' id='par_1_61' title="bbox 1062 5013 1539 5083">
     <span class='ocr_line' id='line_1_61' title="bbox 1062 5013 1539 5083; baseline -0.004 -15"><span class='ocrx_word' id='word_1_440' title='bbox 1062 5013 1310 5069; x_wconf 77' lang='lat' dir='ltr'><strong>Gotho-ﬂ</strong></span> <span class='ocrx_word' id='word_1_441' title='bbox 1319 5014 1539 5083; x_wconf 73' lang='lat' dir='ltr'><strong>ispanw.</strong></span> 
     </span>
    </p>
   </div>
   <div class='ocr_carea' id='block_1_62' title="bbox 572 5099 2091 5176">
    <p class='ocr_par' dir='ltr' id='par_1_62' title="bbox 572 5099 2091 5176">
     <span class='ocr_line' id='line_1_62' title="bbox 572 5099 2091 5176; baseline -0.006 -15"><span class='ocrx_word' id='word_1_442' title='bbox 572 5109 692 5165; x_wconf 76' lang='lat'><strong>179..</strong></span> <span class='ocrx_word' id='word_1_443' title='bbox 725 5110 859 5163; x_wconf 87' lang='lat' dir='ltr'><strong>Cum</strong></span> <span class='ocrx_word' id='word_1_444' title='bbox 915 5108 1056 5162; x_wconf 85' lang='lat' dir='ltr'><strong>circa</strong></span> <span class='ocrx_word' id='word_1_445' title='bbox 1088 5107 1351 5176; x_wconf 83' lang='lat' dir='ltr'><strong>originem</strong></span> <span class='ocrx_word' id='word_1_446' title='bbox 1382 5104 1609 5174; x_wconf 65' lang='lat' dir='ltr'><strong>Iiturgim</strong></span> <span class='ocrx_word' id='word_1_447' title='bbox 1663 5101 1964 5172; x_wconf 76' lang='lat' dir='ltr'><strong>Hispanicae</strong></span> <span class='ocrx_word' id='word_1_448' title='bbox 1994 5099 2091 5154; x_wconf 90' lang='lat' dir='ltr'><strong>du-</strong></span> 
     </span>
    </p>
   </div>
   <div class='ocr_carea' id='block_1_63' title="bbox 495 5195 2092 5277">
    <p class='ocr_par' dir='ltr' id='par_1_63' title="bbox 495 5195 2092 5277">
     <span class='ocr_line' id='line_1_63' title="bbox 495 5195 2092 5277; baseline -0.008 -17"><span class='ocrx_word' id='word_1_449' title='bbox 495 5207 619 5277; x_wconf 80' lang='lat' dir='ltr'><strong>plex</strong></span> <span class='ocrx_word' id='word_1_450' title='bbox 651 5204 917 5257; x_wconf 75' lang='lat' dir='ltr'><strong>hactenus</strong></span> <span class='ocrx_word' id='word_1_451' title='bbox 944 5200 1209 5254; x_wconf 80' lang='lat' dir='ltr'><strong>sententia</strong></span> <span class='ocrx_word' id='word_1_452' title='bbox 1233 5197 1413 5264; x_wconf 89' lang='lat' dir='ltr'><strong>fuerit,</strong></span> <span class='ocrx_word' id='word_1_453' title='bbox 1436 5198 1537 5252; x_wconf 88' lang='lat' dir='ltr'><strong>alia</strong></span> <span class='ocrx_word' id='word_1_454' title='bbox 1570 5213 1755 5253; x_wconf 89' lang='lat' dir='ltr'><strong>eorum</strong></span> <span class='ocrx_word' id='word_1_455' title='bbox 1783 5195 1875 5265; x_wconf 92' lang='lat' dir='ltr'><strong>qui</strong></span> <span class='ocrx_word' id='word_1_456' title='bbox 1907 5202 2092 5249; x_wconf 90' lang='lat' dir='ltr'><strong>tenent</strong></span> 
     </span>
    </p>
   </div>
   <div class='ocr_carea' id='block_1_64' title="bbox 497 5286 2092 5368">
    <p class='ocr_par' dir='ltr' id='par_1_64' title="bbox 497 5286 2092 5368">
     <span class='ocr_line' id='line_1_64' title="bbox 497 5286 2092 5368; baseline -0.007 -17"><span class='ocrx_word' id='word_1_457' title='bbox 497 5297 805 5368; x_wconf 73' lang='lat' dir='ltr'><strong>primmvam</strong></span> <span class='ocrx_word' id='word_1_458' title='bbox 850 5294 1115 5361; x_wconf 89' lang='lat' dir='ltr'><strong>liturgiam</strong></span> <span class='ocrx_word' id='word_1_459' title='bbox 1147 5290 1507 5362; x_wconf 86' lang='lat' dir='ltr'><strong>Hispanorum</strong></span> <span class='ocrx_word' id='word_1_460' title='bbox 1539 5306 1570 5343; x_wconf 87' lang='lat' dir='ltr'><strong>a</strong></span> <span class='ocrx_word' id='word_1_461' title='bbox 1624 5288 1866 5343; x_wconf 77' lang='lat' dir='ltr'><strong>Romana</strong></span> <span class='ocrx_word' id='word_1_462' title='bbox 1898 5286 2092 5341; x_wconf 88' lang='lat' dir='ltr'><strong>distin-</strong></span> 
     </span>
    </p>
   </div>
   <div class='ocr_carea' id='block_1_65' title="bbox 496 5375 2090 5456">
    <p class='ocr_par' dir='ltr' id='par_1_65' title="bbox 496 5375 2090 5456">
     <span class='ocr_line' id='line_1_65' title="bbox 496 5375 2090 5456; baseline -0.008 -14"><span class='ocrx_word' id='word_1_463' title='bbox 496 5388 766 5456; x_wconf 85' lang='lat' dir='ltr'><strong>guendam</strong></span> <span class='ocrx_word' id='word_1_464' title='bbox 817 5400 926 5439; x_wconf 91' lang='lat' dir='ltr'><strong>non</strong></span> <span class='ocrx_word' id='word_1_465' title='bbox 979 5399 1119 5449; x_wconf 83' lang='lat' dir='ltr'><strong>esse,</strong></span> <span class='ocrx_word' id='word_1_466' title='bbox 1151 5384 1281 5451; x_wconf 87' lang='lat' dir='ltr'><strong>alia,</strong></span> <span class='ocrx_word' id='word_1_467' title='bbox 1312 5384 1437 5438; x_wconf 85' lang='lat' dir='ltr'><strong>huic</strong></span> <span class='ocrx_word' id='word_1_468' title='bbox 1468 5381 1741 5453; x_wconf 86' lang='lat' dir='ltr'><strong>opposita,</strong></span> <span class='ocrx_word' id='word_1_469' title='bbox 1775 5393 1966 5432; x_wconf 78' lang='lat' dir='ltr'><strong>eorum</strong></span> <span class='ocrx_word' id='word_1_470' title='bbox 1997 5375 2090 5445; x_wconf 90' lang='lat' dir='ltr'><strong>qui</strong></span> 
     </span>
    </p>
   </div>
   <div class='ocr_carea' id='block_1_66' title="bbox 497 5470 2091 5550">
    <p class='ocr_par' dir='ltr' id='par_1_66' title="bbox 497 5470 2091 5550">
     <span class='ocr_line' id='line_1_66' title="bbox 497 5470 2091 5550; baseline -0.006 -15"><span class='ocrx_word' id='word_1_471' title='bbox 497 5487 683 5535; x_wconf 88' lang='lat' dir='ltr'><strong>tenent</strong></span> <span class='ocrx_word' id='word_1_472' title='bbox 712 5479 979 5550; x_wconf 86' lang='lat' dir='ltr'><strong>Hispanos</strong></span> <span class='ocrx_word' id='word_1_473' title='bbox 1004 5480 1072 5534; x_wconf 91' lang='lat' dir='ltr'><strong>ab</strong></span> <span class='ocrx_word' id='word_1_474' title='bbox 1102 5479 1255 5533; x_wconf 89' lang='lat' dir='ltr'><strong>initio</strong></span> <span class='ocrx_word' id='word_1_475' title='bbox 1286 5491 1350 5531; x_wconf 91' lang='lat' dir='ltr'><strong>ea</strong></span> <span class='ocrx_word' id='word_1_476' title='bbox 1378 5472 1714 5531; x_wconf 86' lang='lat' dir='ltr'><strong>sacrificandi</strong></span> <span class='ocrx_word' id='word_1_477' title='bbox 1760 5470 1931 5525; x_wconf 88' lang='lat' dir='ltr'><strong>forma</strong></span> <span class='ocrx_word' id='word_1_478' title='bbox 1963 5485 2091 5526; x_wconf 91' lang='lat' dir='ltr'><strong>usos</strong></span> 
     </span>
    </p>
   </div>
   <div class='ocr_carea' id='block_1_67' title="bbox 500 5567 2092 5646">
    <p class='ocr_par' dir='ltr' id='par_1_67' title="bbox 500 5567 2092 5646">
     <span class='ocr_line' id='line_1_67' title="bbox 500 5567 2092 5646; baseline -0.006 -17"><span class='ocrx_word' id='word_1_479' title='bbox 500 5590 619 5644; x_wconf 78' lang='lat' dir='ltr'><strong>quae</strong></span> <span class='ocrx_word' id='word_1_480' title='bbox 641 5583 828 5646; x_wconf 90' lang='lat' dir='ltr'><strong>postea</strong></span> <span class='ocrx_word' id='word_1_481' title='bbox 854 5574 1187 5631; x_wconf 84' lang='lat' dir='ltr'><strong>Mozarahica</strong></span> <span class='ocrx_word' id='word_1_482' title='bbox 1207 5573 1355 5628; x_wconf 89' lang='lat' dir='ltr'><strong>dicta</strong></span> <span class='ocrx_word' id='word_1_483' title='bbox 1381 5578 1483 5635; x_wconf 88' lang='lat' dir='ltr'><strong>est,</strong></span> <span class='ocrx_word' id='word_1_484' title='bbox 1510 5567 1731 5625; x_wconf 85' lang='lat' dir='ltr'><strong>exclusa</strong></span> <span class='ocrx_word' id='word_1_485' title='bbox 1756 5568 1947 5637; x_wconf 87' lang='lat' dir='ltr'><strong>prima,</strong></span> <span class='ocrx_word' id='word_1_486' title='bbox 1971 5580 2092 5637; x_wconf 63' lang='lat' dir='ltr'><strong>quae</strong></span> 
     </span>
    </p>
   </div>
   <div class='ocr_carea' id='block_1_68' title="bbox 576 5746 2087 5828">
    <p class='ocr_par' dir='ltr' id='par_1_68' title="bbox 576 5746 2087 5828">
     <span class='ocr_line' id='line_1_68' title="bbox 576 5746 2087 5828; baseline -0.005 -18"><span class='ocrx_word' id='word_1_487' title='bbox 576 5758 655 5828; x_wconf 90' lang='lat' dir='ltr'><strong>(a)</strong></span> <span class='ocrx_word' id='word_1_488' title='bbox 680 5756 739 5812; x_wconf 89' lang='lat' dir='ltr'><strong>In</strong></span> <span class='ocrx_word' id='word_1_489' title='bbox 769 5752 1237 5814; x_wconf 77' lang='lat' dir='ltr'><strong>observationibus</strong></span> <span class='ocrx_word' id='word_1_490' title='bbox 1265 5749 1334 5807; x_wconf 87' lang='lat' dir='ltr'><strong>ad</strong></span> <span class='ocrx_word' id='word_1_491' title='bbox 1371 5763 1635 5807; x_wconf 87' lang='lat' dir='ltr'><strong>canonem</strong></span> <span class='ocrx_word' id='word_1_492' title='bbox 1657 5746 1729 5803; x_wconf 75' lang='grc'><strong>26</strong></span> <span class='ocrx_word' id='word_1_493' title='bbox 1750 5746 1947 5804; x_wconf 84' lang='lat' dir='ltr'><strong>conciti</strong></span> <span class='ocrx_word' id='word_1_494' title='bbox 1973 5746 2087 5803; x_wconf 85' lang='lat' dir='ltr'><strong>Eli-</strong></span> 
     </span>
    </p>
   </div>
   <div class='ocr_carea' id='block_1_69' title="bbox 500 5826 2088 5972">
    <p class='ocr_par' dir='ltr' id='par_1_69' title="bbox 500 5826 2088 5972">
     <span class='ocr_line' id='line_1_69' title="bbox 500 5826 2088 5972; baseline -0.001 -20"><span class='ocrx_word' id='word_1_495' title='bbox 500 5826 1020 5972; x_wconf 37' lang='lat' dir='ltr'><strong>beilli?ntiiuilielnius</strong></span> <span class='ocrx_word' id='word_1_496' title='bbox 1065 5894 1234 5965; x_wconf 83' lang='lat' dir='ltr'><strong>Cave,</strong></span> <span class='ocrx_word' id='word_1_497' title='bbox 1270 5892 1504 5951; x_wconf 87' lang='lat' dir='ltr'><strong>Historia</strong></span> <span class='ocrx_word' id='word_1_498' title='bbox 1547 5893 1873 5965; x_wconf 87' lang='lat' dir='ltr'><strong>scriptorum</strong></span> <span class='ocrx_word' id='word_1_499' title='bbox 1910 5891 2088 5951; x_wconf 91' lang='lat' dir='ltr'><strong>eccle-</strong></span> 
     </span>
    </p>
   </div>
   <div class='ocr_carea' id='block_1_70' title="bbox 2206 1944 3821 2028">
    <p class='ocr_par' dir='ltr' id='par_1_70' title="bbox 2206 1944 3821 2028">
     <span class='ocr_line' id='line_1_70' title="bbox 2206 1944 3821 2028; baseline 0.01 -30"><span class='ocrx_word' id='word_1_500' title='bbox 2206 1944 2313 2001; x_wconf 90' lang='lat' dir='ltr'><strong>duo</strong></span> <span class='ocrx_word' id='word_1_501' title='bbox 2355 1946 2428 2002; x_wconf 92' lang='lat' dir='ltr'><strong>ita</strong></span> <span class='ocrx_word' id='word_1_502' title='bbox 2458 1946 2766 2018; x_wconf 88' lang='lat' dir='ltr'><strong>distinguo,</strong></span> <span class='ocrx_word' id='word_1_503' title='bbox 2798 1960 2859 2006; x_wconf 91' lang='lat' dir='ltr'><strong>ut</strong></span> <span class='ocrx_word' id='word_1_504' title='bbox 2908 1952 3070 2008; x_wconf 91' lang='lat' dir='ltr'><strong>modo</strong></span> <span class='ocrx_word' id='word_1_505' title='bbox 3125 1953 3193 2008; x_wconf 91' lang='lat' dir='ltr'><strong>de</strong></span> <span class='ocrx_word' id='word_1_506' title='bbox 3240 1956 3551 2011; x_wconf 84' lang='lat' dir='ltr'><strong>auctoribus</strong></span> <span class='ocrx_word' id='word_1_507' title='bbox 3591 1958 3821 2028; x_wconf 71' lang='lat' dir='ltr'><strong>liturgia:</strong></span> 
     </span>
    </p>
   </div>
   <div class='ocr_carea' id='block_1_71' title="bbox 2205 2037 3820 2120">
    <p class='ocr_par' dir='ltr' id='par_1_71' title="bbox 2205 2037 3820 2120">
     <span class='ocr_line' id='line_1_71' title="bbox 2205 2037 3820 2120; baseline 0.008 -27"><span class='ocrx_word' id='word_1_508' title='bbox 2205 2037 2679 2112; x_wconf 77' lang='lat' dir='ltr'><strong>Gotho-HiSpanae,</strong></span> <span class='ocrx_word' id='word_1_509' title='bbox 2706 2058 2802 2099; x_wconf 88' lang='lat' dir='ltr'><strong>seu</strong></span> <span class='ocrx_word' id='word_1_510' title='bbox 2833 2042 3202 2110; x_wconf 72' lang='lat' dir='ltr'><strong>Mozarabicre,</strong></span> <span class='ocrx_word' id='word_1_511' title='bbox 3230 2054 3442 2115; x_wconf 86' lang='lat' dir='ltr'><strong>agatur,</strong></span> <span class='ocrx_word' id='word_1_512' title='bbox 3474 2058 3662 2120; x_wconf 89' lang='lat' dir='ltr'><strong>postea</strong></span> <span class='ocrx_word' id='word_1_513' title='bbox 3683 2066 3820 2107; x_wconf 78' lang='lat' dir='ltr'><strong>vero</strong></span> 
     </span>
    </p>
   </div>
   <div class='ocr_carea' id='block_1_72' title="bbox 2205 2134 3819 2199">
    <p class='ocr_par' dir='ltr' id='par_1_72' title="bbox 2205 2134 3819 2199">
     <span class='ocr_line' id='line_1_72' title="bbox 2205 2134 3819 2199; baseline 0.007 -12"><span class='ocrx_word' id='word_1_514' title='bbox 2205 2140 2265 2187; x_wconf 92' lang='lat' dir='ltr'><strong>ut</strong></span> <span class='ocrx_word' id='word_1_515' title='bbox 2311 2148 2489 2190; x_wconf 89' lang='lat' dir='ltr'><strong>sermo</strong></span> <span class='ocrx_word' id='word_1_516' title='bbox 2544 2134 2638 2189; x_wconf 83' lang='lat' dir='ltr'><strong>tlat</strong></span> <span class='ocrx_word' id='word_1_517' title='bbox 2684 2136 2753 2192; x_wconf 90' lang='lat' dir='ltr'><strong>de</strong></span> <span class='ocrx_word' id='word_1_518' title='bbox 2793 2137 3108 2193; x_wconf 89' lang='lat' dir='ltr'><strong>auctoribus</strong></span> <span class='ocrx_word' id='word_1_519' title='bbox 3160 2138 3421 2195; x_wconf 88' lang='lat' dir='ltr'><strong>Breviarii</strong></span> <span class='ocrx_word' id='word_1_520' title='bbox 3477 2149 3533 2197; x_wconf 92' lang='lat' dir='ltr'><strong>et</strong></span> <span class='ocrx_word' id='word_1_521' title='bbox 3586 2141 3819 2199; x_wconf 84' lang='lat' dir='ltr'><strong>Missalis</strong></span> 
     </span>
    </p>
   </div>
   <div class='ocr_carea' id='block_1_73' title="bbox 2205 2224 2580 2284">
    <p class='ocr_par' dir='ltr' id='par_1_73' title="bbox 2205 2224 2580 2284">
     <span class='ocr_line' id='line_1_73' title="bbox 2205 2224 2580 2284; baseline 0.013 -5"><span class='ocrx_word' id='word_1_522' title='bbox 2205 2224 2580 2284; x_wconf 82' lang='lat' dir='ltr'><strong>Mozarabum.</strong></span> 
     </span>
    </p>
   </div>
   <div class='ocr_carea' id='block_1_74' title="bbox 2275 2318 3819 2393">
    <p class='ocr_par' dir='ltr' id='par_1_74' title="bbox 2275 2318 3819 2393">
     <span class='ocr_line' id='line_1_74' title="bbox 2275 2318 3819 2393; baseline 0.01 -22"><span class='ocrx_word' id='word_1_523' title='bbox 2275 2318 2397 2372; x_wconf 72' lang='grc'><strong>174.</strong></span> <span class='ocrx_word' id='word_1_524' title='bbox 2451 2319 2689 2375; x_wconf 87' lang='lat' dir='ltr'><strong>Primum</strong></span> <span class='ocrx_word' id='word_1_525' title='bbox 2733 2320 2917 2393; x_wconf 83' lang='lat' dir='ltr'><strong>itaque</strong></span> <span class='ocrx_word' id='word_1_526' title='bbox 2966 2322 3158 2379; x_wconf 90' lang='lat' dir='ltr'><strong>volunt</strong></span> <span class='ocrx_word' id='word_1_527' title='bbox 3208 2335 3455 2383; x_wconf 89' lang='lat' dir='ltr'><strong>sanctum</strong></span> <span class='ocrx_word' id='word_1_528' title='bbox 3502 2325 3819 2385; x_wconf 90' lang='lat' dir='ltr'><strong>Leandrum</strong></span> 
     </span>
    </p>
   </div>
   <div class='ocr_carea' id='block_1_75' title="bbox 2203 2412 3819 2491">
    <p class='ocr_par' dir='ltr' id='par_1_75' title="bbox 2203 2412 3819 2491">
     <span class='ocr_line' id='line_1_75' title="bbox 2203 2412 3819 2491; baseline 0.008 -26"><span class='ocrx_word' id='word_1_529' title='bbox 2203 2412 2366 2467; x_wconf 87' lang='lat' dir='ltr'><strong>fuisse</strong></span> <span class='ocrx_word' id='word_1_530' title='bbox 2383 2422 2659 2469; x_wconf 88' lang='lat' dir='ltr'><strong>auctorem</strong></span> <span class='ocrx_word' id='word_1_531' title='bbox 2684 2414 2914 2485; x_wconf 68' lang='lat' dir='ltr'><strong>liturgire</strong></span> <span class='ocrx_word' id='word_1_532' title='bbox 2936 2417 3116 2486; x_wconf 87' lang='lat' dir='ltr'><strong>hujus,</strong></span> <span class='ocrx_word' id='word_1_533' title='bbox 3139 2419 3286 2488; x_wconf 87' lang='lat' dir='ltr'><strong>quia,</strong></span> <span class='ocrx_word' id='word_1_534' title='bbox 3312 2419 3481 2486; x_wconf 90' lang='lat' dir='ltr'><strong>aiunt,</strong></span> <span class='ocrx_word' id='word_1_535' title='bbox 3502 2420 3819 2491; x_wconf 84' lang='lat' dir='ltr'><strong>aptissimus</strong></span> 
     </span>
    </p>
   </div>
   <div class='ocr_carea' id='block_1_76' title="bbox 2202 2505 3817 2587">
    <p class='ocr_par' dir='ltr' id='par_1_76' title="bbox 2202 2505 3817 2587">
     <span class='ocr_line' id='line_1_76' title="bbox 2202 2505 3817 2587; baseline 0.007 -27"><span class='ocrx_word' id='word_1_536' title='bbox 2202 2505 2534 2563; x_wconf 86' lang='lat' dir='ltr'><strong>fuitsanctus</strong></span> <span class='ocrx_word' id='word_1_537' title='bbox 2552 2507 2925 2581; x_wconf 87' lang='lat' dir='ltr'><strong>Leander,qui</strong></span> <span class='ocrx_word' id='word_1_538' title='bbox 2951 2511 3223 2581; x_wconf 88' lang='lat' dir='ltr'><strong>liturgiam</strong></span> <span class='ocrx_word' id='word_1_539' title='bbox 3241 2514 3385 2582; x_wconf 89' lang='lat' dir='ltr'><strong>genti</strong></span> <span class='ocrx_word' id='word_1_540' title='bbox 3412 2514 3817 2587; x_wconf 75' lang='lat' dir='ltr'><strong>Visigothorym</strong></span> 
     </span>
    </p>
   </div>
   <div class='ocr_carea' id='block_1_77' title="bbox 2203 2597 3816 2671">
    <p class='ocr_par' dir='ltr' id='par_1_77' title="bbox 2203 2597 3816 2671">
     <span class='ocr_line' id='line_1_77' title="bbox 2203 2597 3816 2671; baseline 0.005 -18"><span class='ocrx_word' id='word_1_541' title='bbox 2203 2597 2467 2656; x_wconf 89' lang='lat' dir='ltr'><strong>conderet</strong></span> <span class='ocrx_word' id='word_1_542' title='bbox 2491 2600 2586 2671; x_wconf 73' lang='grc' dir='ltr'><strong>(ὁ),</strong></span> <span class='ocrx_word' id='word_1_543' title='bbox 2611 2600 2878 2671; x_wconf 89' lang='lat' dir='ltr'><strong>siquidem</strong></span> <span class='ocrx_word' id='word_1_544' title='bbox 2903 2602 3021 2671; x_wconf 86' lang='lat' dir='ltr'><strong>ejus</strong></span> <span class='ocrx_word' id='word_1_545' title='bbox 3051 2603 3312 2658; x_wconf 90' lang='lat' dir='ltr'><strong>industria</strong></span> <span class='ocrx_word' id='word_1_546' title='bbox 3343 2606 3410 2658; x_wconf 92' lang='lat' dir='ltr'><strong>ad</strong></span> <span class='ocrx_word' id='word_1_547' title='bbox 3441 2604 3601 2661; x_wconf 85' lang='lat' dir='ltr'><strong>fidem</strong></span> <span class='ocrx_word' id='word_1_548' title='bbox 3625 2606 3816 2661; x_wconf 87' lang='lat' dir='ltr'><strong>catho-</strong></span> 
     </span>
    </p>
   </div>
   <div class='ocr_carea' id='block_1_78' title="bbox 2201 2692 3816 2762">
    <p class='ocr_par' dir='ltr' id='par_1_78' title="bbox 2201 2692 3816 2762">
     <span class='ocr_line' id='line_1_78' title="bbox 2201 2692 3816 2762; baseline 0.007 -16"><span class='ocrx_word' id='word_1_549' title='bbox 2201 2692 2362 2748; x_wconf 89' lang='lat' dir='ltr'><strong>licam</strong></span> <span class='ocrx_word' id='word_1_550' title='bbox 2390 2695 2629 2748; x_wconf 83' lang='lat' dir='ltr'><strong>revocati</strong></span> <span class='ocrx_word' id='word_1_551' title='bbox 2675 2694 2911 2762; x_wconf 84' lang='lat' dir='ltr'><strong>fuerant,</strong></span> <span class='ocrx_word' id='word_1_552' title='bbox 2941 2705 3014 2751; x_wconf 89' lang='lat' dir='ltr'><strong>et.</strong></span> <span class='ocrx_word' id='word_1_553' title='bbox 3038 2698 3244 2752; x_wconf 88' lang='lat' dir='ltr'><strong>addunt</strong></span> <span class='ocrx_word' id='word_1_554' title='bbox 3269 2708 3514 2754; x_wconf 90' lang='lat' dir='ltr'><strong>sanctum</strong></span> <span class='ocrx_word' id='word_1_555' title='bbox 3543 2697 3816 2757; x_wconf 86' lang='lat' dir='ltr'><strong>Isidorum</strong></span> 
     </span>
    </p>
   </div>
   <div class='ocr_carea' id='block_1_79' title="bbox 2200 2784 3813 2862">
    <p class='ocr_par' dir='ltr' id='par_1_79' title="bbox 2200 2784 3813 2862">
     <span class='ocr_line' id='line_1_79' title="bbox 2200 2784 3813 2862; baseline 0.006 -22"><span class='ocrx_word' id='word_1_556' title='bbox 2200 2785 2480 2855; x_wconf 88' lang='lat' dir='ltr'><strong>scripsisse</strong></span> <span class='ocrx_word' id='word_1_557' title='bbox 2524 2785 2597 2857; x_wconf 89' lang='lat' dir='ltr'><strong>(c)</strong></span> <span class='ocrx_word' id='word_1_558' title='bbox 2642 2784 2950 2843; x_wconf 88' lang='lat' dir='ltr'><strong>Leandrum</strong></span> <span class='ocrx_word' id='word_1_559' title='bbox 2975 2829 2990 2856; x_wconf 95' lang='lat'><strong>,</strong></span> <span class='ocrx_word' id='word_1_560' title='bbox 3023 2788 3077 2844; x_wconf 93' lang='lat' dir='ltr'><strong>in</strong></span> <span class='ocrx_word' id='word_1_561' title='bbox 3129 2789 3530 2847; x_wconf 87' lang='lat' dir='ltr'><strong>Ecclesiasticis</strong></span> <span class='ocrx_word' id='word_1_562' title='bbox 3568 2790 3813 2862; x_wconf 79' lang='lat' dir='ltr'><strong>Oﬂieiis,</strong></span> 
     </span>
    </p>
   </div>
   <div class='ocr_carea' id='block_1_80' title="bbox 2200 2878 3816 2954">
    <p class='ocr_par' dir='ltr' id='par_1_80' title="bbox 2200 2878 3816 2954">
     <span class='ocr_line' id='line_1_80' title="bbox 2200 2878 3816 2954; baseline 0.005 -23"><span class='ocrx_word' id='word_1_563' title='bbox 2200 2892 2307 2931; x_wconf 80' lang='lat' dir='ltr'><strong>non</strong></span> <span class='ocrx_word' id='word_1_564' title='bbox 2336 2893 2493 2947; x_wconf 73' lang='lat' dir='ltr'><strong>parvo</strong></span> <span class='ocrx_word' id='word_1_565' title='bbox 2523 2878 2695 2933; x_wconf 78' lang='lat' dir='ltr'><strong>studio</strong></span> <span class='ocrx_word' id='word_1_566' title='bbox 2726 2878 3033 2947; x_wconf 88' lang='lat' dir='ltr'><strong>laborasse,</strong></span> <span class='ocrx_word' id='word_1_567' title='bbox 3063 2897 3182 2950; x_wconf 75' lang='lat' dir='ltr'><strong>qua:</strong></span> <span class='ocrx_word' id='word_1_568' title='bbox 3213 2883 3379 2938; x_wconf 90' lang='lat' dir='ltr'><strong>verba</strong></span> <span class='ocrx_word' id='word_1_569' title='bbox 3429 2891 3619 2954; x_wconf 85' lang='lat' dir='ltr'><strong>putant</strong></span> <span class='ocrx_word' id='word_1_570' title='bbox 3646 2884 3713 2939; x_wconf 91' lang='lat' dir='ltr'><strong>ad</strong></span> <span class='ocrx_word' id='word_1_571' title='bbox 3743 2885 3816 2941; x_wconf 83' lang='lat' dir='ltr'><strong>li-</strong></span> 
     </span>
    </p>
   </div>
   <div class='ocr_carea' id='block_1_81' title="bbox 2203 2968 3814 3043">
    <p class='ocr_par' dir='ltr' id='par_1_81' title="bbox 2203 2968 3814 3043">
     <span class='ocr_line' id='line_1_81' title="bbox 2203 2968 3814 3043; baseline 0.005 -18"><span class='ocrx_word' id='word_1_572' title='bbox 2203 2970 2389 3039; x_wconf 70' lang='lat' dir='ltr'><strong>turgize</strong></span> <span class='ocrx_word' id='word_1_573' title='bbox 2416 2968 2877 3042; x_wconf 71' lang='lat' dir='ltr'><strong>Gotho-Hispana:</strong></span> <span class='ocrx_word' id='word_1_574' title='bbox 2920 2974 3374 3043; x_wconf 90' lang='lat' dir='ltr'><strong>compositionem</strong></span> <span class='ocrx_word' id='word_1_575' title='bbox 3413 2975 3672 3033; x_wconf 88' lang='lat' dir='ltr'><strong>alludere.</strong></span> <span class='ocrx_word' id='word_1_576' title='bbox 3704 2976 3814 3033; x_wconf 84' lang='lat' dir='ltr'><strong>Sed</strong></span> 
     </span>
    </p>
   </div>
   <div class='ocr_carea' id='block_1_82' title="bbox 2200 3064 3813 3139">
    <p class='ocr_par' dir='ltr' id='par_1_82' title="bbox 2200 3064 3813 3139">
     <span class='ocr_line' id='line_1_82' title="bbox 2200 3064 3813 3139; baseline 0.006 -22"><span class='ocrx_word' id='word_1_577' title='bbox 2200 3064 2467 3118; x_wconf 83' lang='lat' dir='ltr'><strong>undenam</strong></span> <span class='ocrx_word' id='word_1_578' title='bbox 2499 3064 2805 3121; x_wconf 89' lang='lat' dir='ltr'><strong>habuerunt</strong></span> <span class='ocrx_word' id='word_1_579' title='bbox 2850 3066 3117 3137; x_wconf 89' lang='lat' dir='ltr'><strong>Hispanos</strong></span> <span class='ocrx_word' id='word_1_580' title='bbox 3165 3068 3457 3139; x_wconf 91' lang='lat' dir='ltr'><strong>episcopos</strong></span> <span class='ocrx_word' id='word_1_581' title='bbox 3488 3068 3715 3125; x_wconf 88' lang='lat' dir='ltr'><strong>formam</strong></span> <span class='ocrx_word' id='word_1_582' title='bbox 3745 3069 3813 3126; x_wconf 84' lang='lat' dir='ltr'><strong>li-</strong></span> 
     </span>
    </p>
   </div>
   <div class='ocr_carea' id='block_1_83' title="bbox 2202 3155 3813 3229">
    <p class='ocr_par' dir='ltr' id='par_1_83' title="bbox 2202 3155 3813 3229">
     <span class='ocr_line' id='line_1_83' title="bbox 2202 3155 3813 3229; baseline 0.007 -21"><span class='ocrx_word' id='word_1_583' title='bbox 2202 3155 2389 3225; x_wconf 67' lang='lat' dir='ltr'><strong>turgite</strong></span> <span class='ocrx_word' id='word_1_584' title='bbox 2414 3171 2608 3211; x_wconf 86' lang='lat' dir='ltr'><strong>novam</strong></span> <span class='ocrx_word' id='word_1_585' title='bbox 2634 3199 2650 3223; x_wconf 96' lang='lat'><strong>,</strong></span> <span class='ocrx_word' id='word_1_586' title='bbox 2680 3159 2750 3214; x_wconf 93' lang='lat' dir='ltr'><strong>ob</strong></span> <span class='ocrx_word' id='word_1_587' title='bbox 2782 3158 3010 3214; x_wconf 90' lang='lat' dir='ltr'><strong>reditum</strong></span> <span class='ocrx_word' id='word_1_588' title='bbox 3055 3159 3458 3229; x_wconf 80' lang='lat' dir='ltr'><strong>Visigothorum</strong></span> <span class='ocrx_word' id='word_1_589' title='bbox 3489 3164 3555 3217; x_wconf 90' lang='lat' dir='ltr'><strong>ad</strong></span> <span class='ocrx_word' id='word_1_590' title='bbox 3582 3164 3813 3220; x_wconf 85' lang='lat' dir='ltr'><strong>catholi-</strong></span> 
     </span>
    </p>
   </div>
   <div class='ocr_carea' id='block_1_84' title="bbox 2200 3248 3815 3315">
    <p class='ocr_par' dir='ltr' id='par_1_84' title="bbox 2200 3248 3815 3315">
     <span class='ocr_line' id='line_1_84' title="bbox 2200 3248 3815 3315; baseline 0.006 -13"><span class='ocrx_word' id='word_1_591' title='bbox 2200 3261 2317 3302; x_wconf 88' lang='lat' dir='ltr'><strong>cam</strong></span> <span class='ocrx_word' id='word_1_592' title='bbox 2364 3248 2837 3315; x_wconf 92' lang='lat' dir='ltr'><strong>communionem,</strong></span> <span class='ocrx_word' id='word_1_593' title='bbox 2885 3250 2938 3303; x_wconf 90' lang='lat' dir='ltr'><strong>in</strong></span> <span class='ocrx_word' id='word_1_594' title='bbox 2985 3265 3110 3306; x_wconf 89' lang='lat' dir='ltr'><strong>suas</strong></span> <span class='ocrx_word' id='word_1_595' title='bbox 3139 3250 3408 3309; x_wconf 82' lang='lat' dir='ltr'><strong>Ecclesias</strong></span> <span class='ocrx_word' id='word_1_596' title='bbox 3452 3255 3815 3311; x_wconf 80' lang='lat' dir='ltr'><strong>intromittere</strong></span> 
     </span>
    </p>
   </div>
   <div class='ocr_carea' id='block_1_85' title="bbox 2198 3343 3809 3417">
    <p class='ocr_par' dir='ltr' id='par_1_85' title="bbox 2198 3343 3809 3417">
     <span class='ocr_line' id='line_1_85' title="bbox 2198 3343 3809 3417; baseline 0.006 -21"><span class='ocrx_word' id='word_1_597' title='bbox 2198 3343 2476 3399; x_wconf 84' lang='lat' dir='ltr'><strong>voluisse?</strong></span> <span class='ocrx_word' id='word_1_598' title='bbox 2524 3344 2653 3410; x_wconf 88' lang='lat' dir='ltr'><strong>Quis</strong></span> <span class='ocrx_word' id='word_1_599' title='bbox 2684 3361 2917 3413; x_wconf 86' lang='lat' dir='ltr'><strong>unquam</strong></span> <span class='ocrx_word' id='word_1_600' title='bbox 2962 3348 3307 3417; x_wconf 84' lang='lat' dir='ltr'><strong>antiquorum</strong></span> <span class='ocrx_word' id='word_1_601' title='bbox 3334 3349 3401 3404; x_wconf 90' lang='lat' dir='ltr'><strong>de</strong></span> <span class='ocrx_word' id='word_1_602' title='bbox 3429 3350 3530 3406; x_wconf 87' lang='lat' dir='ltr'><strong>hac</strong></span> <span class='ocrx_word' id='word_1_603' title='bbox 3574 3351 3809 3406; x_wconf 51' lang='lat' dir='ltr'><strong>innova‘</strong></span> 
     </span>
    </p>
   </div>
   <div class='ocr_carea' id='block_1_86' title="bbox 2200 3436 3814 3511">
    <p class='ocr_par' dir='ltr' id='par_1_86' title="bbox 2200 3436 3814 3511">
     <span class='ocr_line' id='line_1_86' title="bbox 2200 3436 3814 3511; baseline 0.007 -21"><span class='ocrx_word' id='word_1_604' title='bbox 2200 3436 2347 3491; x_wconf 90' lang='lat' dir='ltr'><strong>tione</strong></span> <span class='ocrx_word' id='word_1_605' title='bbox 2370 3436 2698 3491; x_wconf 85' lang='lat' dir='ltr'><strong>mentionem</strong></span> <span class='ocrx_word' id='word_1_606' title='bbox 2730 3438 2899 3493; x_wconf 87' lang='lat' dir='ltr'><strong>fecit?</strong></span> <span class='ocrx_word' id='word_1_607' title='bbox 2926 3438 2994 3491; x_wconf 87' lang='lat' dir='ltr'><strong>At</strong></span> <span class='ocrx_word' id='word_1_608' title='bbox 3024 3440 3066 3494; x_wconf 90' lang='lat' dir='ltr'><strong>si</strong></span> <span class='ocrx_word' id='word_1_609' title='bbox 3091 3441 3208 3496; x_wconf 89' lang='lat' dir='ltr'><strong>sine</strong></span> <span class='ocrx_word' id='word_1_610' title='bbox 3248 3442 3591 3511; x_wconf 87' lang='lat' dir='ltr'><strong>antiquorum</strong></span> <span class='ocrx_word' id='word_1_611' title='bbox 3623 3452 3814 3503; x_wconf 81' lang='lat' dir='ltr'><strong>aucto.-</strong></span> 
     </span>
    </p>
   </div>
   <div class='ocr_carea' id='block_1_87' title="bbox 2198 3530 3811 3606">
    <p class='ocr_par' dir='ltr' id='par_1_87' title="bbox 2198 3530 3811 3606">
     <span class='ocr_line' id='line_1_87' title="bbox 2198 3530 3811 3606; baseline 0.006 -23"><span class='ocrx_word' id='word_1_612' title='bbox 2198 3530 2361 3586; x_wconf 88' lang='lat' dir='ltr'><strong>ritate</strong></span> <span class='ocrx_word' id='word_1_613' title='bbox 2390 3530 2705 3599; x_wconf 80' lang='lat' dir='ltr'><strong>excogitata</strong></span> <span class='ocrx_word' id='word_1_614' title='bbox 2736 3540 2820 3587; x_wconf 92' lang='lat' dir='ltr'><strong>est</strong></span> <span class='ocrx_word' id='word_1_615' title='bbox 2848 3533 3007 3602; x_wconf 92' lang='lat' dir='ltr'><strong>hujus</strong></span> <span class='ocrx_word' id='word_1_616' title='bbox 3034 3549 3187 3589; x_wconf 79' lang='lat' dir='ltr'><strong>novae</strong></span> <span class='ocrx_word' id='word_1_617' title='bbox 3218 3535 3464 3604; x_wconf 70' lang='lat' dir='ltr'><strong>liturgite,</strong></span> <span class='ocrx_word' id='word_1_618' title='bbox 3495 3536 3547 3590; x_wconf 95' lang='lat' dir='ltr'><strong>in</strong></span> <span class='ocrx_word' id='word_1_619' title='bbox 3576 3537 3811 3606; x_wconf 81' lang='lat' dir='ltr'><strong>gratiam</strong></span> 
     </span>
    </p>
   </div>
   <div class='ocr_carea' id='block_1_88' title="bbox 2198 3619 3812 3695">
    <p class='ocr_par' dir='ltr' id='par_1_88' title="bbox 2198 3619 3812 3695">
     <span class='ocr_line' id='line_1_88' title="bbox 2198 3619 3812 3695; baseline 0.006 -19"><span class='ocrx_word' id='word_1_620' title='bbox 2198 3620 2375 3690; x_wconf 89' lang='lat' dir='ltr'><strong>gentis</strong></span> <span class='ocrx_word' id='word_1_621' title='bbox 2404 3619 2706 3677; x_wconf 84' lang='lat' dir='ltr'><strong>Gothorum</strong></span> <span class='ocrx_word' id='word_1_622' title='bbox 2737 3625 3078 3694; x_wconf 89' lang='lat' dir='ltr'><strong>compositio,</strong></span> <span class='ocrx_word' id='word_1_623' title='bbox 3108 3642 3285 3681; x_wconf 89' lang='lat' dir='ltr'><strong>nonne</strong></span> <span class='ocrx_word' id='word_1_624' title='bbox 3312 3636 3565 3695; x_wconf 83' lang='lat' dir='ltr'><strong>tanquam</strong></span> <span class='ocrx_word' id='word_1_625' title='bbox 3598 3644 3812 3685; x_wconf 81' lang='lat' dir='ltr'><strong>nierum</strong></span> 
     </span>
    </p>
   </div>
   <div class='ocr_carea' id='block_1_89' title="bbox 2198 3712 3810 3789">
    <p class='ocr_par' dir='ltr' id='par_1_89' title="bbox 2198 3712 3810 3789">
     <span class='ocr_line' id='line_1_89' title="bbox 2198 3712 3810 3789; baseline 0.007 -23"><span class='ocrx_word' id='word_1_626' title='bbox 2198 3714 2513 3783; x_wconf 79' lang='lat' dir='ltr'><strong>figmentum</strong></span> <span class='ocrx_word' id='word_1_627' title='bbox 2544 3716 2691 3786; x_wconf 88' lang='lat' dir='ltr'><strong>rejici</strong></span> <span class='ocrx_word' id='word_1_628' title='bbox 2731 3716 2931 3773; x_wconf 87' lang='lat' dir='ltr'><strong>debet?</strong></span> <span class='ocrx_word' id='word_1_629' title='bbox 2956 3720 3190 3776; x_wconf 84' lang='lat' dir='ltr'><strong>maxime</strong></span> <span class='ocrx_word' id='word_1_630' title='bbox 3220 3736 3341 3775; x_wconf 88' lang='lat' dir='ltr'><strong>cum</strong></span> <span class='ocrx_word' id='word_1_631' title='bbox 3381 3721 3532 3789; x_wconf 85' lang='lat' dir='ltr'><strong>plura</strong></span> <span class='ocrx_word' id='word_1_632' title='bbox 3564 3712 3671 3775; x_wconf 76' lang='lat' dir='ltr'><strong>sint</strong></span> <span class='ocrx_word' id='word_1_633' title='bbox 3706 3736 3810 3778; x_wconf 89' lang='lat' dir='ltr'><strong>nec</strong></span> 
     </span>
    </p>
   </div>
   <div class='ocr_carea' id='block_1_90' title="bbox 2198 3807 3806 3883">
    <p class='ocr_par' dir='ltr' id='par_1_90' title="bbox 2198 3807 3806 3883">
     <span class='ocr_line' id='line_1_90' title="bbox 2198 3807 3806 3883; baseline 0.003 -20"><span class='ocrx_word' id='word_1_634' title='bbox 2198 3807 2339 3863; x_wconf 86' lang='lat' dir='ltr'><strong>levia</strong></span> <span class='ocrx_word' id='word_1_635' title='bbox 2369 3818 2682 3878; x_wconf 87' lang='lat' dir='ltr'><strong>argumenta</strong></span> <span class='ocrx_word' id='word_1_636' title='bbox 2724 3827 2844 3882; x_wconf 68' lang='lat' dir='ltr'><strong>quae</strong></span> <span class='ocrx_word' id='word_1_637' title='bbox 2887 3813 3214 3883; x_wconf 87' lang='lat' dir='ltr'><strong>persuadent</strong></span> <span class='ocrx_word' id='word_1_638' title='bbox 3256 3812 3574 3867; x_wconf 88' lang='lat' dir='ltr'><strong>catholicam</strong></span> <span class='ocrx_word' id='word_1_639' title='bbox 3606 3811 3806 3882; x_wconf 88' lang='lat' dir='ltr'><strong>Hispa-</strong></span> 
     </span>
    </p>
   </div>
   <div class='ocr_carea' id='block_1_91' title="bbox 2198 3902 3807 3974">
    <p class='ocr_par' dir='ltr' id='par_1_91' title="bbox 2198 3902 3807 3974">
     <span class='ocr_line' id='line_1_91' title="bbox 2198 3902 3807 3974; baseline 0.003 -20"><span class='ocrx_word' id='word_1_640' title='bbox 2198 3915 2392 3955; x_wconf 90' lang='lat' dir='ltr'><strong>norum</strong></span> <span class='ocrx_word' id='word_1_641' title='bbox 2423 3902 2707 3959; x_wconf 87' lang='lat' dir='ltr'><strong>ecclesiam</strong></span> <span class='ocrx_word' id='word_1_642' title='bbox 2738 3905 2984 3962; x_wconf 86' lang='lat' dir='ltr'><strong>eamdem</strong></span> <span class='ocrx_word' id='word_1_643' title='bbox 3015 3905 3301 3961; x_wconf 90' lang='lat' dir='ltr'><strong>retinuisse</strong></span> <span class='ocrx_word' id='word_1_644' title='bbox 3330 3903 3558 3959; x_wconf 88' lang='lat' dir='ltr'><strong>formam</strong></span> <span class='ocrx_word' id='word_1_645' title='bbox 3588 3904 3807 3974; x_wconf 85' lang='lat' dir='ltr'><strong>liturgi-</strong></span> 
     </span>
    </p>
   </div>
   <div class='ocr_carea' id='block_1_92' title="bbox 2197 3993 3805 4065">
    <p class='ocr_par' dir='ltr' id='par_1_92' title="bbox 2197 3993 3805 4065">
     <span class='ocr_line' id='line_1_92' title="bbox 2197 3993 3805 4065; baseline 0.002 -16"><span class='ocrx_word' id='word_1_646' title='bbox 2197 4009 2317 4050; x_wconf 90' lang='lat' dir='ltr'><strong>cam</strong></span> <span class='ocrx_word' id='word_1_647' title='bbox 2341 4002 2466 4065; x_wconf 88' lang='lat' dir='ltr'><strong>post</strong></span> <span class='ocrx_word' id='word_1_648' title='bbox 2487 3996 2897 4051; x_wconf 88' lang='lat' dir='ltr'><strong>conversionem</strong></span> <span class='ocrx_word' id='word_1_649' title='bbox 2921 3997 3092 4065; x_wconf 86' lang='lat' dir='ltr'><strong>gentis</strong></span> <span class='ocrx_word' id='word_1_650' title='bbox 3114 3993 3437 4061; x_wconf 88' lang='lat' dir='ltr'><strong>Gothorum,</strong></span> <span class='ocrx_word' id='word_1_651' title='bbox 3459 4009 3622 4065; x_wconf 87' lang='lat' dir='ltr'><strong>quam</strong></span> <span class='ocrx_word' id='word_1_652' title='bbox 3644 4003 3805 4053; x_wconf 81' lang='lat' dir='ltr'><strong>antea</strong></span> 
     </span>
    </p>
   </div>
   <div class='ocr_carea' id='block_1_93' title="bbox 2196 4086 2669 4156">
    <p class='ocr_par' dir='ltr' id='par_1_93' title="bbox 2196 4086 2669 4156">
     <span class='ocr_line' id='line_1_93' title="bbox 2196 4086 2669 4156; baseline 0.006 -17"><span class='ocrx_word' id='word_1_653' title='bbox 2196 4086 2669 4156; x_wconf 88' lang='lat' dir='ltr'><strong>frequentaverat.</strong></span> 
     </span>
    </p>
   </div>
   <div class='ocr_carea' id='block_1_94' title="bbox 2268 4174 3803 4248">
    <p class='ocr_par' dir='ltr' id='par_1_94' title="bbox 2268 4174 3803 4248">
     <span class='ocr_line' id='line_1_94' title="bbox 2268 4174 3803 4248; baseline 0.005 -20"><span class='ocrx_word' id='word_1_654' title='bbox 2268 4174 2394 4230; x_wconf 82' lang='grc'><strong>175.</strong></span> <span class='ocrx_word' id='word_1_655' title='bbox 2424 4176 2494 4230; x_wconf 86' lang='lat' dir='ltr'><strong>At</strong></span> <span class='ocrx_word' id='word_1_656' title='bbox 2513 4218 2529 4244; x_wconf 97' lang='lat'><strong>,</strong></span> <span class='ocrx_word' id='word_1_657' title='bbox 2560 4177 2827 4248; x_wconf 90' lang='lat' dir='ltr'><strong>inquiunt,</strong></span> <span class='ocrx_word' id='word_1_658' title='bbox 2859 4175 3087 4245; x_wconf 64' lang='lat' dir='ltr'><strong>liturgiae</strong></span> <span class='ocrx_word' id='word_1_659' title='bbox 3126 4175 3520 4246; x_wconf 91' lang='lat' dir='ltr'><strong>appellationes</strong></span> <span class='ocrx_word' id='word_1_660' title='bbox 3546 4177 3803 4248; x_wconf 88' lang='lat' dir='ltr'><strong>supplent</strong></span> 
     </span>
    </p>
   </div>
   <div class='ocr_carea' id='block_1_95' title="bbox 2196 4269 3802 4340">
    <p class='ocr_par' dir='ltr' id='par_1_95' title="bbox 2196 4269 3802 4340">
     <span class='ocr_line' id='line_1_95' title="bbox 2196 4269 3802 4340; baseline 0.002 -15"><span class='ocrx_word' id='word_1_661' title='bbox 2196 4269 2464 4325; x_wconf 87' lang='lat' dir='ltr'><strong>defectum</strong></span> <span class='ocrx_word' id='word_1_662' title='bbox 2508 4273 2852 4340; x_wconf 89' lang='lat' dir='ltr'><strong>antiquorum</strong></span> <span class='ocrx_word' id='word_1_663' title='bbox 2881 4269 3226 4339; x_wconf 85' lang='lat' dir='ltr'><strong>scriptorum,</strong></span> <span class='ocrx_word' id='word_1_664' title='bbox 3273 4278 3330 4325; x_wconf 86' lang='lat' dir='ltr'><strong>et</strong></span> <span class='ocrx_word' id='word_1_665' title='bbox 3358 4269 3653 4326; x_wconf 87' lang='lat' dir='ltr'><strong>ostendunt</strong></span> <span class='ocrx_word' id='word_1_666' title='bbox 3678 4287 3802 4328; x_wconf 87' lang='lat' dir='ltr'><strong>eam</strong></span> 
     </span>
    </p>
   </div>
   <div class='ocr_carea' id='block_1_96' title="bbox 2196 4361 3810 4438">
    <p class='ocr_par' dir='ltr' id='par_1_96' title="bbox 2196 4361 3810 4438">
     <span class='ocr_line' id='line_1_96' title="bbox 2196 4361 3810 4438; baseline 0.002 -21"><span class='ocrx_word' id='word_1_667' title='bbox 2196 4365 2248 4417; x_wconf 87' lang='lat' dir='ltr'><strong>in</strong></span> <span class='ocrx_word' id='word_1_668' title='bbox 2277 4363 2502 4431; x_wconf 86' lang='lat' dir='ltr'><strong>gratiam</strong></span> <span class='ocrx_word' id='word_1_669' title='bbox 2535 4365 2706 4433; x_wconf 87' lang='lat' dir='ltr'><strong>gentis</strong></span> <span class='ocrx_word' id='word_1_670' title='bbox 2736 4362 3035 4427; x_wconf 80' lang='lat' dir='ltr'><strong>Gothorum</strong></span> <span class='ocrx_word' id='word_1_671' title='bbox 3063 4362 3335 4417; x_wconf 87' lang='lat' dir='ltr'><strong>conditam</strong></span> <span class='ocrx_word' id='word_1_672' title='bbox 3368 4361 3531 4417; x_wconf 78' lang='lat' dir='ltr'><strong>fuisse</strong></span> <span class='ocrx_word' id='word_1_673' title='bbox 3556 4381 3569 4416; x_wconf 87' lang='lat'><strong>:</strong></span> <span class='ocrx_word' id='word_1_674' title='bbox 3591 4379 3715 4419; x_wconf 87' lang='lat' dir='ltr'><strong>nam</strong></span> <span class='ocrx_word' id='word_1_675' title='bbox 3746 4379 3810 4438; x_wconf 77' lang='grc' dir='ltr'><strong>ει</strong></span> 
     </span>
    </p>
   </div>
   <div class='ocr_carea' id='block_1_97' title="bbox 2196 4452 3805 4524">
    <p class='ocr_par' dir='ltr' id='par_1_97' title="bbox 2196 4452 3805 4524">
     <span class='ocr_line' id='line_1_97' title="bbox 2196 4452 3805 4524; baseline 0.002 -16"><span class='ocrx_word' id='word_1_676' title='bbox 2196 4452 2417 4510; x_wconf 79' lang='lat' dir='ltr'><strong>Gothica</strong></span> <span class='ocrx_word' id='word_1_677' title='bbox 2444 4455 2698 4524; x_wconf 87' lang='lat' dir='ltr'><strong>appellari</strong></span> <span class='ocrx_word' id='word_1_678' title='bbox 2727 4455 2887 4518; x_wconf 89' lang='lat' dir='ltr'><strong>solet,</strong></span> <span class='ocrx_word' id='word_1_679' title='bbox 2910 4463 2966 4510; x_wconf 90' lang='lat' dir='ltr'><strong>et</strong></span> <span class='ocrx_word' id='word_1_680' title='bbox 2988 4452 3453 4523; x_wconf 78' lang='lat' dir='ltr'><strong>Gallio-Hispana.</strong></span> <span class='ocrx_word' id='word_1_681' title='bbox 3482 4453 3666 4510; x_wconf 81' lang='lat' dir='ltr'><strong>Recte.</strong></span> <span class='ocrx_word' id='word_1_682' title='bbox 3692 4455 3805 4511; x_wconf 87' lang='lat' dir='ltr'><strong>Sed</strong></span> 
     </span>
    </p>
   </div>
   <div class='ocr_carea' id='block_1_98' title="bbox 2198 4547 3802 4619">
    <p class='ocr_par' dir='ltr' id='par_1_98' title="bbox 2198 4547 3802 4619">
     <span class='ocr_line' id='line_1_98' title="bbox 2198 4547 3802 4619; baseline -0.001 -16"><span class='ocrx_word' id='word_1_683' title='bbox 2198 4548 2282 4603; x_wconf 74' lang='lat' dir='ltr'><strong>ha:</strong></span> <span class='ocrx_word' id='word_1_684' title='bbox 2329 4548 2718 4619; x_wconf 89' lang='lat' dir='ltr'><strong>appellationes</strong></span> <span class='ocrx_word' id='word_1_685' title='bbox 2768 4547 2908 4617; x_wconf 89' lang='lat' dir='ltr'><strong>apud</strong></span> <span class='ocrx_word' id='word_1_686' title='bbox 2952 4547 3283 4601; x_wconf 82' lang='lat' dir='ltr'><strong>recentiores</strong></span> <span class='ocrx_word' id='word_1_687' title='bbox 3314 4548 3687 4602; x_wconf 81' lang='lat' dir='ltr'><strong>tantummodo</strong></span> <span class='ocrx_word' id='word_1_688' title='bbox 3716 4547 3802 4602; x_wconf 82' lang='lat' dir='ltr'><strong>in-</strong></span> 
     </span>
    </p>
   </div>
   <div class='ocr_carea' id='block_1_99' title="bbox 2198 4641 3801 4712">
    <p class='ocr_par' dir='ltr' id='par_1_99' title="bbox 2198 4641 3801 4712">
     <span class='ocr_line' id='line_1_99' title="bbox 2198 4641 3801 4712; baseline 0 -16"><span class='ocrx_word' id='word_1_689' title='bbox 2198 4642 2508 4709; x_wconf 88' lang='lat' dir='ltr'><strong>veniuntur,</strong></span> <span class='ocrx_word' id='word_1_690' title='bbox 2528 4643 2671 4712; x_wconf 85' lang='lat' dir='ltr'><strong>apud</strong></span> <span class='ocrx_word' id='word_1_691' title='bbox 2699 4642 2994 4711; x_wconf 89' lang='lat' dir='ltr'><strong>scriptores</strong></span> <span class='ocrx_word' id='word_1_692' title='bbox 3024 4641 3303 4711; x_wconf 86' lang='lat' dir='ltr'><strong>antiquos,</strong></span> <span class='ocrx_word' id='word_1_693' title='bbox 3327 4641 3417 4710; x_wconf 91' lang='lat' dir='ltr'><strong>qui</strong></span> <span class='ocrx_word' id='word_1_694' title='bbox 3443 4652 3573 4699; x_wconf 89' lang='lat' dir='ltr'><strong>ante</strong></span> <span class='ocrx_word' id='word_1_695' title='bbox 3601 4656 3801 4697; x_wconf 88' lang='lat' dir='ltr'><strong>annum</strong></span> 
     </span>
    </p>
   </div>
   <div class='ocr_carea' id='block_1_100' title="bbox 2194 4733 3657 4805">
    <p class='ocr_par' dir='ltr' id='par_1_100' title="bbox 2194 4733 3657 4805">
     <span class='ocr_line' id='line_1_100' title="bbox 2194 4733 3657 4805; baseline -0.003 -15"><span class='ocrx_word' id='word_1_696' title='bbox 2194 4733 2729 4805; x_wconf 85' lang='lat' dir='ltr'><strong>septingentesimum</strong></span> <span class='ocrx_word' id='word_1_697' title='bbox 2760 4733 3060 4803; x_wconf 89' lang='lat' dir='ltr'><strong>scripsere,</strong></span> <span class='ocrx_word' id='word_1_698' title='bbox 3091 4733 3316 4788; x_wconf 81' lang='lat' dir='ltr'><strong>minime</strong></span> <span class='ocrx_word' id='word_1_699' title='bbox 3343 4742 3657 4789; x_wconf 77' lang='lat' dir='ltr'><strong>recurrunt.</strong></span> 
     </span>
    </p>
   </div>
   <div class='ocr_carea' id='block_1_101' title="bbox 2267 4823 3807 4897">
    <p class='ocr_par' dir='ltr' id='par_1_101' title="bbox 2267 4823 3807 4897">
     <span class='ocr_line' id='line_1_101' title="bbox 2267 4823 3807 4897; baseline 0.003 -19"><span class='ocrx_word' id='word_1_700' title='bbox 2267 4825 2391 4879; x_wconf 80' lang='grc'><strong>176.</strong></span> <span class='ocrx_word' id='word_1_701' title='bbox 2425 4823 2659 4892; x_wconf 86' lang='lat' dir='ltr'><strong>Deinde,</strong></span> <span class='ocrx_word' id='word_1_702' title='bbox 2691 4826 2784 4896; x_wconf 88' lang='lat' dir='ltr'><strong>qui</strong></span> <span class='ocrx_word' id='word_1_703' title='bbox 2813 4841 2911 4897; x_wconf 90' lang='lat' dir='ltr'><strong>pro</strong></span> <span class='ocrx_word' id='word_1_704' title='bbox 2935 4833 3254 4896; x_wconf 83' lang='lat' dir='ltr'><strong>argumento</strong></span> <span class='ocrx_word' id='word_1_705' title='bbox 3284 4824 3514 4893; x_wconf 72' lang='lat' dir='ltr'><strong>litungize</strong></span> <span class='ocrx_word' id='word_1_706' title='bbox 3554 4824 3670 4893; x_wconf 86' lang='lat' dir='ltr'><strong>ejus</strong></span> <span class='ocrx_word' id='word_1_707' title='bbox 3700 4840 3807 4882; x_wconf 83' lang='lat' dir='ltr'><strong>no-</strong></span> 
     </span>
    </p>
   </div>
   <div class='ocr_carea' id='block_1_102' title="bbox 2192 4916 3807 4989">
    <p class='ocr_par' dir='ltr' id='par_1_102' title="bbox 2192 4916 3807 4989">
     <span class='ocr_line' id='line_1_102' title="bbox 2192 4916 3807 4989; baseline 0.001 -16"><span class='ocrx_word' id='word_1_708' title='bbox 2192 4917 2338 4973; x_wconf 89' lang='lat' dir='ltr'><strong>mina</strong></span> <span class='ocrx_word' id='word_1_709' title='bbox 2360 4917 2686 4989; x_wconf 86' lang='lat' dir='ltr'><strong>producunt,</strong></span> <span class='ocrx_word' id='word_1_710' title='bbox 2712 4921 2896 4987; x_wconf 89' lang='lat' dir='ltr'><strong>utique</strong></span> <span class='ocrx_word' id='word_1_711' title='bbox 2925 4928 3126 4974; x_wconf 81' lang='lat' dir='ltr'><strong>norunt</strong></span> <span class='ocrx_word' id='word_1_712' title='bbox 3153 4934 3274 4973; x_wconf 84' lang='lat' dir='ltr'><strong>eam</strong></span> <span class='ocrx_word' id='word_1_713' title='bbox 3305 4916 3698 4973; x_wconf 72' lang='lat' dir='ltr'><strong>Mazarabicam</strong></span> <span class='ocrx_word' id='word_1_714' title='bbox 3726 4918 3807 4974; x_wconf 78' lang='lat' dir='ltr'><strong>di-</strong></span> 
     </span>
    </p>
   </div>
   <div class='ocr_carea' id='block_1_103' title="bbox 2194 5011 3801 5083">
    <p class='ocr_par' dir='ltr' id='par_1_103' title="bbox 2194 5011 3801 5083">
     <span class='ocr_line' id='line_1_103' title="bbox 2194 5011 3801 5083; baseline -0.001 -15"><span class='ocrx_word' id='word_1_715' title='bbox 2194 5020 2339 5068; x_wconf 82' lang='lat' dir='ltr'><strong>ctam</strong></span> <span class='ocrx_word' id='word_1_716' title='bbox 2369 5027 2509 5075; x_wconf 87' lang='lat' dir='ltr'><strong>esse,</strong></span> <span class='ocrx_word' id='word_1_717' title='bbox 2542 5028 2646 5066; x_wconf 88' lang='lat' dir='ltr'><strong>non</strong></span> <span class='ocrx_word' id='word_1_718' title='bbox 2677 5013 2891 5083; x_wconf 88' lang='lat' dir='ltr'><strong>quidem</strong></span> <span class='ocrx_word' id='word_1_719' title='bbox 2930 5012 3057 5079; x_wconf 80' lang='lat' dir='ltr'><strong>quia</strong></span> <span class='ocrx_word' id='word_1_720' title='bbox 3111 5012 3164 5066; x_wconf 91' lang='lat' dir='ltr'><strong>in</strong></span> <span class='ocrx_word' id='word_1_721' title='bbox 3196 5011 3424 5079; x_wconf 84' lang='lat' dir='ltr'><strong>gratiam</strong></span> <span class='ocrx_word' id='word_1_722' title='bbox 3454 5011 3801 5066; x_wconf 82' lang='lat' dir='ltr'><strong>Mozarabum</strong></span> 
     </span>
    </p>
   </div>
   <div class='ocr_carea' id='block_1_104' title="bbox 2193 5104 3804 5176">
    <p class='ocr_par' dir='ltr' id='par_1_104' title="bbox 2193 5104 3804 5176">
     <span class='ocr_line' id='line_1_104' title="bbox 2193 5104 3804 5176; baseline -0.002 -13"><span class='ocrx_word' id='word_1_723' title='bbox 2193 5109 2489 5176; x_wconf 84' lang='lat' dir='ltr'><strong>composita</strong></span> <span class='ocrx_word' id='word_1_724' title='bbox 2536 5105 2742 5172; x_wconf 89' lang='lat' dir='ltr'><strong>fuerat,</strong></span> <span class='ocrx_word' id='word_1_725' title='bbox 2784 5104 2877 5159; x_wconf 82' lang='lat' dir='ltr'><strong>sed</strong></span> <span class='ocrx_word' id='word_1_726' title='bbox 2927 5104 3050 5175; x_wconf 82' lang='lat' dir='ltr'><strong>quia</strong></span> <span class='ocrx_word' id='word_1_727' title='bbox 3082 5104 3396 5160; x_wconf 84' lang='lat' dir='ltr'><strong>Mozarahes</strong></span> <span class='ocrx_word' id='word_1_728' title='bbox 3437 5120 3499 5159; x_wconf 87' lang='lat' dir='ltr'><strong>ea</strong></span> <span class='ocrx_word' id='word_1_729' title='bbox 3550 5104 3601 5158; x_wconf 90' lang='lat' dir='ltr'><strong>in</strong></span> <span class='ocrx_word' id='word_1_730' title='bbox 3632 5104 3804 5160; x_wconf 84' lang='lat' dir='ltr'><strong>sacris</strong></span> 
     </span>
    </p>
   </div>
   <div class='ocr_carea' id='block_1_105' title="bbox 2194 5196 3800 5267">
    <p class='ocr_par' dir='ltr' id='par_1_105' title="bbox 2194 5196 3800 5267">
     <span class='ocr_line' id='line_1_105' title="bbox 2194 5196 3800 5267; baseline -0.001 -12"><span class='ocrx_word' id='word_1_731' title='bbox 2194 5200 2383 5256; x_wconf 90' lang='lat' dir='ltr'><strong>ofliciis</strong></span> <span class='ocrx_word' id='word_1_732' title='bbox 2405 5199 2711 5254; x_wconf 85' lang='lat' dir='ltr'><strong>utebantur.</strong></span> <span class='ocrx_word' id='word_1_733' title='bbox 2739 5196 2936 5252; x_wconf 83' lang='lat' dir='ltr'><strong>Eadem</strong></span> <span class='ocrx_word' id='word_1_734' title='bbox 2961 5198 3170 5254; x_wconf 86' lang='lat' dir='ltr'><strong>ratione</strong></span> <span class='ocrx_word' id='word_1_735' title='bbox 3200 5196 3634 5267; x_wconf 75' lang='lat' dir='ltr'><strong>Gauro-Hispana</strong></span> <span class='ocrx_word' id='word_1_736' title='bbox 3655 5198 3800 5253; x_wconf 87' lang='lat' dir='ltr'><strong>dicta</strong></span> 
     </span>
    </p>
   </div>
   <div class='ocr_carea' id='block_1_106' title="bbox 2193 5288 3799 5360">
    <p class='ocr_par' dir='ltr' id='par_1_106' title="bbox 2193 5288 3799 5360">
     <span class='ocr_line' id='line_1_106' title="bbox 2193 5288 3799 5360; baseline -0.004 -11"><span class='ocrx_word' id='word_1_737' title='bbox 2193 5299 2294 5358; x_wconf 84' lang='lat' dir='ltr'><strong>est,</strong></span> <span class='ocrx_word' id='word_1_738' title='bbox 2324 5300 2379 5346; x_wconf 91' lang='lat' dir='ltr'><strong>et</strong></span> <span class='ocrx_word' id='word_1_739' title='bbox 2409 5289 2649 5355; x_wconf 80' lang='lat' dir='ltr'><strong>Gothica,</strong></span> <span class='ocrx_word' id='word_1_740' title='bbox 2675 5305 2783 5345; x_wconf 90' lang='lat' dir='ltr'><strong>non</strong></span> <span class='ocrx_word' id='word_1_741' title='bbox 2811 5290 2936 5360; x_wconf 87' lang='lat' dir='ltr'><strong>quia</strong></span> <span class='ocrx_word' id='word_1_742' title='bbox 2967 5290 3107 5360; x_wconf 90' lang='lat' dir='ltr'><strong>apud</strong></span> <span class='ocrx_word' id='word_1_743' title='bbox 3131 5288 3339 5345; x_wconf 88' lang='lat' dir='ltr'><strong>Gothos</strong></span> <span class='ocrx_word' id='word_1_744' title='bbox 3370 5299 3510 5353; x_wconf 85' lang='lat' dir='ltr'><strong>orta,</strong></span> <span class='ocrx_word' id='word_1_745' title='bbox 3539 5297 3633 5343; x_wconf 90' lang='lat' dir='ltr'><strong>aut</strong></span> <span class='ocrx_word' id='word_1_746' title='bbox 3656 5288 3799 5358; x_wconf 89' lang='lat' dir='ltr'><strong>apud</strong></span> 
     </span>
    </p>
   </div>
   <div class='ocr_carea' id='block_1_107' title="bbox 2193 5381 3799 5455">
    <p class='ocr_par' dir='ltr' id='par_1_107' title="bbox 2193 5381 3799 5455">
     <span class='ocr_line' id='line_1_107' title="bbox 2193 5381 3799 5455; baseline -0.001 -16"><span class='ocrx_word' id='word_1_747' title='bbox 2193 5397 2309 5448; x_wconf 91' lang='lat' dir='ltr'><strong>eos,</strong></span> <span class='ocrx_word' id='word_1_748' title='bbox 2339 5382 2649 5453; x_wconf 87' lang='lat' dir='ltr'><strong>priusquam</strong></span> <span class='ocrx_word' id='word_1_749' title='bbox 2695 5382 2749 5436; x_wconf 89' lang='lat' dir='ltr'><strong>in</strong></span> <span class='ocrx_word' id='word_1_750' title='bbox 2779 5381 3090 5455; x_wconf 86' lang='lat' dir='ltr'><strong>Hispaniam</strong></span> <span class='ocrx_word' id='word_1_751' title='bbox 3119 5383 3428 5445; x_wconf 87' lang='lat' dir='ltr'><strong>venissent,</strong></span> <span class='ocrx_word' id='word_1_752' title='bbox 3462 5382 3514 5436; x_wconf 91' lang='lat' dir='ltr'><strong>in</strong></span> <span class='ocrx_word' id='word_1_753' title='bbox 3548 5397 3646 5436; x_wconf 92' lang='lat' dir='ltr'><strong>usu</strong></span> <span class='ocrx_word' id='word_1_754' title='bbox 3676 5382 3799 5437; x_wconf 83' lang='lat' dir='ltr'><strong>fue-</strong></span> 
     </span>
    </p>
   </div>
   <div class='ocr_carea' id='block_1_108' title="bbox 2194 5472 3798 5551">
    <p class='ocr_par' dir='ltr' id='par_1_108' title="bbox 2194 5472 3798 5551">
     <span class='ocr_line' id='line_1_108' title="bbox 2194 5472 3798 5551; baseline -0.001 -20"><span class='ocrx_word' id='word_1_755' title='bbox 2194 5484 2277 5531; x_wconf 87' lang='lat' dir='ltr'><strong>rat</strong></span> <span class='ocrx_word' id='word_1_756' title='bbox 2301 5474 2412 5545; x_wconf 86' lang='lat' dir='ltr'><strong>(d);</strong></span> <span class='ocrx_word' id='word_1_757' title='bbox 2443 5473 2537 5529; x_wconf 84' lang='lat' dir='ltr'><strong>sed</strong></span> <span class='ocrx_word' id='word_1_758' title='bbox 2556 5474 2682 5545; x_wconf 89' lang='lat' dir='ltr'><strong>quia</strong></span> <span class='ocrx_word' id='word_1_759' title='bbox 2706 5474 2926 5546; x_wconf 87' lang='lat' dir='ltr'><strong>Hispani</strong></span> <span class='ocrx_word' id='word_1_760' title='bbox 2953 5472 3161 5551; x_wconf 72' lang='lat' dir='ltr'><strong>[xum]</strong></span> <span class='ocrx_word' id='word_1_761' title='bbox 3183 5483 3239 5529; x_wconf 91' lang='lat' dir='ltr'><strong>et</strong></span> <span class='ocrx_word' id='word_1_762' title='bbox 3262 5473 3523 5544; x_wconf 80' lang='lat' dir='ltr'><strong>Visigothi</strong></span> <span class='ocrx_word' id='word_1_763' title='bbox 3551 5474 3603 5528; x_wconf 92' lang='lat' dir='ltr'><strong>in</strong></span> <span class='ocrx_word' id='word_1_764' title='bbox 3632 5488 3798 5530; x_wconf 89' lang='lat' dir='ltr'><strong>unam</strong></span> 
     </span>
    </p>
   </div>
   <div class='ocr_carea' id='block_1_109' title="bbox 2191 5566 3798 5638">
    <p class='ocr_par' dir='ltr' id='par_1_109' title="bbox 2191 5566 3798 5638">
     <span class='ocr_line' id='line_1_109' title="bbox 2191 5566 3798 5638; baseline -0.001 -13"><span class='ocrx_word' id='word_1_765' title='bbox 2191 5566 2588 5638; x_wconf 85' lang='lat' dir='ltr'><strong>quodammodo</strong></span> <span class='ocrx_word' id='word_1_766' title='bbox 2618 5578 2832 5638; x_wconf 88' lang='lat' dir='ltr'><strong>gentem</strong></span> <span class='ocrx_word' id='word_1_767' title='bbox 2864 5577 2918 5626; x_wconf 91' lang='lat' dir='ltr'><strong>et</strong></span> <span class='ocrx_word' id='word_1_768' title='bbox 2947 5569 3001 5624; x_wconf 91' lang='lat' dir='ltr'><strong>in</strong></span> <span class='ocrx_word' id='word_1_769' title='bbox 3023 5583 3183 5622; x_wconf 88' lang='lat' dir='ltr'><strong>unam</strong></span> <span class='ocrx_word' id='word_1_770' title='bbox 3209 5567 3529 5625; x_wconf 82' lang='lat' dir='ltr'><strong>catholicam</strong></span> <span class='ocrx_word' id='word_1_771' title='bbox 3552 5581 3798 5623; x_wconf 88' lang='lat' dir='ltr'><strong>commu-</strong></span> 
     </span>
    </p>
   </div>
   <div class='ocr_carea' id='block_1_110' title="bbox 2191 5743 3758 5816">
    <p class='ocr_par' dir='ltr' id='par_1_110' title="bbox 2191 5743 3758 5816">
     <span class='ocr_line' id='line_1_110' title="bbox 2191 5743 3758 5816; baseline -0.001 -12"><span class='ocrx_word' id='word_1_772' title='bbox 2191 5748 2534 5806; x_wconf 83' lang='lat' dir='ltr'><strong>siasticorum</strong></span> <span class='ocrx_word' id='word_1_773' title='bbox 2566 5749 2826 5806; x_wconf 86' lang='lat' dir='ltr'><strong>litteraria</strong></span> <span class='ocrx_word' id='word_1_774' title='bbox 2845 5791 2860 5813; x_wconf 90' lang='lat'><strong>,</strong></span> <span class='ocrx_word' id='word_1_775' title='bbox 2891 5747 2982 5803; x_wconf 90' lang='lat' dir='ltr'><strong>ubi</strong></span> <span class='ocrx_word' id='word_1_776' title='bbox 3020 5748 3089 5803; x_wconf 85' lang='lat' dir='ltr'><strong>de</strong></span> <span class='ocrx_word' id='word_1_777' title='bbox 3118 5755 3311 5803; x_wconf 91' lang='lat' dir='ltr'><strong>sancto</strong></span> <span class='ocrx_word' id='word_1_778' title='bbox 3342 5743 3593 5801; x_wconf 88' lang='lat' dir='ltr'><strong>Leandro</strong></span> <span class='ocrx_word' id='word_1_779' title='bbox 3622 5746 3758 5816; x_wconf 88' lang='lat' dir='ltr'><strong>agit.</strong></span> 
     </span>
    </p>
   </div>
   <div class='ocr_carea' id='block_1_111' title="bbox 2266 5819 3260 5891">
    <p class='ocr_par' dir='ltr' id='par_1_111' title="bbox 2266 5819 3260 5891">
     <span class='ocr_line' id='line_1_111' title="bbox 2266 5819 3260 5891; baseline -0.002 -18"><span class='ocrx_word' id='word_1_780' title='bbox 2266 5820 2338 5891; x_wconf 85' lang='lat' dir='ltr'><strong>(c)</strong></span> <span class='ocrx_word' id='word_1_781' title='bbox 2388 5824 2463 5877; x_wconf 80' lang='lat' dir='ltr'><strong>De</strong></span> <span class='ocrx_word' id='word_1_782' title='bbox 2493 5821 2635 5877; x_wconf 81' lang='lat' dir='ltr'><strong>Viris</strong></span> <span class='ocrx_word' id='word_1_783' title='bbox 2664 5821 2986 5891; x_wconf 73' lang='lat' dir='ltr'><strong>illustribus,</strong></span> <span class='ocrx_word' id='word_1_784' title='bbox 3008 5834 3140 5891; x_wconf 82' lang='lat' dir='ltr'><strong>cap.</strong></span> <span class='ocrx_word' id='word_1_785' title='bbox 3171 5819 3260 5891; x_wconf 65' lang='lat' dir='ltr'><strong>4i.</strong></span> 
     </span>
    </p>
   </div>
   <div class='ocr_carea' id='block_1_112' title="bbox 2265 5887 3788 5964">
    <p class='ocr_par' dir='ltr' id='par_1_112' title="bbox 2265 5887 3788 5964">
     <span class='ocr_line' id='line_1_112' title="bbox 2265 5887 3788 5964; baseline 0 -17"><span class='ocrx_word' id='word_1_786' title='bbox 2265 5887 2346 5963; x_wconf 74' lang='grc' dir='ltr'><strong>(α)</strong></span> <span class='ocrx_word' id='word_1_787' title='bbox 2388 5891 2619 5961; x_wconf 88' lang='lat' dir='ltr'><strong>Gothos,</strong></span> <span class='ocrx_word' id='word_1_788' title='bbox 2649 5901 2894 5964; x_wconf 88' lang='lat' dir='ltr'><strong>tempore</strong></span> <span class='ocrx_word' id='word_1_789' title='bbox 2922 5887 3154 5946; x_wconf 80' lang='lat' dir='ltr'><strong>Gallieni</strong></span> <span class='ocrx_word' id='word_1_790' title='bbox 3183 5888 3434 5961; x_wconf 77' lang='lat' dir='ltr'><strong>Augusti,</strong></span> <span class='ocrx_word' id='word_1_791' title='bbox 3464 5887 3667 5946; x_wconf 86' lang='lat' dir='ltr'><strong>Christi</strong></span> <span class='ocrx_word' id='word_1_792' title='bbox 3695 5899 3788 5947; x_wconf 59' lang='lat' dir='ltr'><strong>re»</strong></span> 
     </span>
    </p>
   </div>
  </div>
