4040 6356
213 323 271 379 5.,
1652 303 2045 363 PREFATIO.
2119 335 2123 339 -
3439 315 3510 374 ss

212 435 423 491 nionem
455 427 856 492 coalescentes,
885 426 1025 481 hanc
1051 421 1396 480 sacrificandi
1421 423 1651 504 formam
1679 423 1815 478 reti-
1843 423 1898 484 Α
1923 421 2183 479 industria
2214 421 2491 493 Tperfecta,
2518 423 2850 482 mentionem
2892 424 3128 493 fecisset,
3174 425 3240 482 de
3285 426 3514 498 liturgiae

214 533 461 590 nuerunt,
479 537 720 593 eamque
735 520 903 576 solam
926 519 980 574 in
1003 517 1154 574 omni
1171 516 1569 587 Visigothorum
1593 515 1820 586 imperio

213 617 452 675 adhiberi
477 616 795 678 voluerunt,
813 613 945 667 satis
975 619 1149 682 aptea
1166 609 1467 666 Neotericis
1496 617 1552 664 et
1569 608 1817 674 Gothica,

213 721 258 769 et
287 707 751 778 Gothi-Hispana
783 705 928 760 dicta
961 711 1064 758 est.
1095 702 1202 758 Sed
1245 701 1367 757 inde
1391 701 1534 756 male
1563 700 1822 770 colligunt

213 822 324 861 eam
359 805 418 859 in
451 802 684 872 gratiam
732 799 913 870 gentis
941 797 1240 854 Gothorum
1268 810 1298 848 a
1328 802 1518 850 sancto
1550 792 1819 862 Leandro,

212 905 299 950 aut
329 895 401 950 ab
430 893 542 949 alio
571 905 925 963 quocunque,
955 887 1119 942 fuisse
1146 886 1528 957 compositam.

281 989 410 1042 ΓΠ.
443 987 603 1056 Quod
624 993 810 1041 autem
841 983 1067 1047 addunt,
1091 989 1339 1036 sanctum
1370 977 1698 1046 Leandrum,
1724 975 1821 1031 Isi-

213 1082 348 1136 doro
368 1080 598 1146 teste,in
619 1077 984 1134 ecclesiasticis
1006 1072 1343 1146 0]ﬁciis,non
1367 1090 1526 1145 parvo
1550 1071 1826 1128 laborasse

213 1174 407 1240 studio,
438 1188 630 1228 verum
659 1170 875 1241 quidem
906 1176 1006 1235 est,
1039 1167 1136 1222 sed
1165 1166 1232 1221 ad
1275 1166 1494 1221 missam
1521 1163 1826 1220 Mozarabi-

214 1281 356 1332 cam,
384 1280 486 1318 seu
537 1261 1040 1331 Gellio-Hispanam
1090 1257 1226 1313 nihil
1274 1258 1548 1327 pertinet,
1581 1265 1638 1310 ut
1691 1255 1827 1310 infra

217 1357 539 1422 ostendam,
589 1355 808 1424 quando
844 1353 911 1408 de
955 1360 1178 1406 auclore
1223 1349 1454 1404 Missalis
1499 1347 1828 1404 Mozarabici

217 1463 396 1504 sermo
423 1446 532 1500 erit
575 1444 676 1512 (α),
721 1457 785 1496 ea
831 1441 975 1497 enim
1024 1439 1190 1494 verba
1231 1436 1606 1492 tantummodo
1651 1436 1826 1506 respi-

218 1543 364 1598 ciunt
412 1538 789 1594 Orationalem
837 1537 1062 1600 librum,
1110 1547 1273 1603 quem
1317 1539 1533 1589 sanctus
1579 1529 1830 1586 Leander

222 1637 627 1701 composuerat.

287 1724 412 1777 I78.
451 1723 516 1777 P.
542 1722 733 1777 Petrus
753 1721 826 1776 Le
847 1721 992 1776 Brun
1015 1734 1125 1775 non
1150 1719 1312 1774 modo
1335 1717 1561 1774 assumit
1579 1705 1827 1773 sanctum

224 1817 532 1872 Leandrum
579 1814 850 1884 liturgiam
880 1810 1387 1881 Gotho-Ilispanam
1428 1809 1830 1880 composuisse,

221 1912 307 1966 sed
330 1910 652 1965 methodum
677 1923 890 1980 quoque
913 1907 1076 1962 tradit
1095 1921 1259 1976 quam
1290 1906 1342 1960 in
1367 1919 1432 1960 ea
1457 1904 1828 1975 componenda

220 2014 440 2061 secutus
461 2013 548 2060 est
573 2002 669 2075 (b).
695 2002 810 2058 Non
839 2001 1005 2070 enim,
1039 2000 1235 2071 inquit,
1262 1999 1532 2070 putandus
1557 2009 1640 2054 est
1672 1998 1830 2054 Lean-

220 2098 314 2153 der
337 2098 592 2151 ordinem
622 2096 843 2151 omnino
873 2109 1075 2150 novum
1121 2093 1479 2161 excogitasse,
1511 2091 1620 2146 imo
1651 2091 1830 2161 potius

223 2205 483 2260 magnam
513 2197 718 2258 partem
744 2197 986 2243 veterum
1017 2185 1220 2241 rituum
1242 2181 1602 2241 Ecclesiarum
1632 2181 1828 2252 Hispa-

223 2281 332 2336 niae
377 2281 704 2346 retinuisse,
751 2280 944 2349 quibus
991 2277 1176 2348 plures
1233 2273 1524 2331 Orientalis
1576 2271 1829 2328 Ecclesia:

230 2373 684 2438 consuetudines,
712 2373 890 2441 plures
917 2370 1078 2426 etiam
1123 2367 1458 2434 Gallicauas,
1493 2366 1739 2431 inseruit,
1771 2372 1831 2420 ut

237 2462 520 2532 liturgiam
553 2462 806 2517 conderet
833 2477 952 2532 qua:
981 2461 1221 2516 omnibus
1252 2459 1511 2529 placeret.
1542 2458 1611 2513 At
1638 2466 1828 2514 contra

227 2554 551 2609 Honoratus
580 2570 608 2607 a
639 2553 834 2608 Sancta
865 2553 1030 2606 Maria
1076 2553 1328 2622 opinatur
1372 2558 1621 2606 sanctum
1652 2549 1831 2605 Lean-

225 2647 384 2702 drum
410 2663 597 2701 novum
619 2645 850 2700 ordinent
879 2645 1103 2716 liturgia:
1133 2645 1438 2716 apposuisse
1460 2643 1556 2716 (ο),
1588 2643 1677 2698 cui
1703 2650 1830 2699 ante

224 2755 348 2796 eum
383 2738 540 2794 multi
571 2740 738 2793 sancti
767 2738 1006 2808 episcopi
1045 2753 1237 2793 manus
1265 2737 1646 2792 adhibuerant.

297 2832 422 2886 I79.
472 2831 544 2885 At
591 2845 660 2886 ne
703 2832 945 2886 dicamus
985 2840 1232 2887 sanctum
1280 2829 1586 2886 Leandrum
1642 2835 1829 2885 novum

224 2929 460 2984 ordinem
520 2941 826 2996 novamque
870 2923 1044 2999 [χιιι]
1093 2925 1503 2995 dispositionem
1561 2921 1824 2995 liturgia'e.

227 3032 418 3095 praeter
470 3022 664 3076 allatas
711 3021 984 3084 rationes,
1031 3019 1286 3090 prohibet
1329 3019 1603 3074 silentium
1654 3018 1828 3074 sancti

230 3115 438 3181 lsidori,
475 3122 530 3168 et
560 3113 782 3167 Patrum
826 3113 1181 3169 conciliorum
1230 3110 1477 3167 Toletani
1507 3124 1562 3166 ιιι
1593 3118 1647 3166 et
1673 3127 1744 3166 ιν.
1779 3109 1827 3166 Is

236 3208 382 3270 enim,
409 3207 502 3263 cui
524 3215 674 3261 certe
695 3214 845 3274 gesta
872 3206 1129 3275 praeclara
1152 3204 1334 3260 fratris
1354 3204 1435 3260 sui
1466 3205 1669 3274 optime
1701 3212 1827 3258 nota

233 3311 407 3366 erant,
442 3317 554 3356 non
606 3300 950 3370 praetermisit
1000 3298 1226 3353 Leandri
1255 3299 1362 3369 ﬁde
1390 3307 1542 3369 atque
1568 3299 1829 3352 industria

230 3394 419 3451 factum
449 3409 572 3450 esse
597 3403 651 3447 ut
674 3394 850 3464 populi
877 3395 1042 3464 gentis
1066 3391 1350 3447 Gothorum
1373 3392 1436 3445 ab
1459 3392 1660 3446 Ariana
1690 3393 1830 3445 insa-

229 3488 313 3540 nia
341 3488 407 3540 ad
435 3487 596 3555 [idem
644 3485 955 3539 catholicam
997 3493 1389 3547 reverterentur,
1437 3499 1715 3555 operaque
1761 3485 1829 3540 ab

228 3594 297 3633 co
324 3578 626 3648 composita
663 3585 916 3632 accurate
966 3584 1252 3643 recenset,
1281 3577 1348 3631 de
1387 3576 1596 3645 liturgia
1649 3585 1826 3632 tamen

228 3687 291 3726 eo
321 3671 648 3741 composita,
675 3662 742 3724 de
769 3687 900 3724 novo
945 3670 1125 3724 ordine
1170 3669 1237 3724 ab
1278 3683 1344 3724 eo
1385 3671 1554 3726 veteri
1601 3670 1830 3739 lilurgize

229 3763 394 3827 dato,
448 3779 518 3818 ne
563 3762 788 3817 verbum
831 3761 1047 3832 quidem
1094 3762 1338 3832 profert,
1389 3762 1634 3832 quamvis
1679 3763 1830 3818 locus

232 3855 498 3908 monebat
525 3862 584 3907 ut
608 3869 724 3908 cum
754 3853 821 3909 de
852 3852 1212 3909 conversione
1240 3852 1565 3922 Gothorum,
1597 3852 1828 3908 Leandri

229 4011 440 4082 ligione
488 4010 650 4065 imbui
691 4011 954 4082 coepisse,
1003 4011 1336 4068 Sozomenus
1357 4053 1372 4073 .
1408 4011 1498 4065 lib.
1531 4026 1590 4077 ιι,
1621 4025 1741 4082 cap.
1770 4009 1826 4077 5,

228 4079 487 4153 prodidit,
522 4097 551 4134 a
582 4079 822 4137 fidelibus
852 4083 1053 4149 edocti,
1083 4098 1216 4151 (μσς
1263 4100 1293 4138 e
1340 4082 1566 4138 Gallatia
1593 4124 1608 4150 ,
1653 4079 1829 4137 Ponto

229 4163 281 4208 et
308 4153 676 4222 Cappadocia,
706 4155 947 4223 captivos
985 4155 1272 4218 duxerant,
1316 4155 1458 4208 inter
1498 4169 1634 4223 quos
1663 4153 1827 4222 aliqui

228 4225 445 4279 fuerunt
482 4225 784 4296 presbyteri
811 4234 864 4279 et
891 4226 1149 4296 episcopi,
1179 4227 1271 4294 qui
1300 4225 1588 4279 sanctitate
1619 4241 1828 4296 morum

228 4309 284 4350 et
330 4295 720 4349 miraculormu
771 4295 1161 4352 dono’multos
1205 4313 1238 4351 e
1285 4297 1515 4350 barbara
1568 4304 1728 4364 gente
1759 4295 1830 4349 ad

227 4375 432 4421 rectam
467 4368 624 4420 Iidem
655 4369 982 4437 perduxere,
1029 4369 1219 4437 quibus
1263 4368 1528 4436 baptisma
1577 4368 1828 4422 contule-

227 4447 368 4492 runt.
404 4437 753 4506 Conventns,
784 4454 934 4494 more
961 4437 1419 4502 Christianorum,
1451 4452 1613 4508 agere
1649 4452 1827 4507 coepe-

227 4519 369 4571 runt,
403 4520 458 4562 et
502 4510 759 4564 ecclesias
807 4512 1223 4574 constituerunt,
1259 4511 1308 4564 in
1341 4511 1536 4580 quibus
1565 4509 1856 4580 episcopi,-

231 4582 561 4650 presbyteri,
593 4581 835 4644 diaconi,
867 4583 1078 4648 clerus,
1119 4578 1371 4636 monachi
1400 4590 1451 4635 et
1491 4581 1642 4649 plebs
1672 4578 1828 4634 Chri-

229 4654 398 4707 stiana
426 4652 646 4705 fuerunt
670 4694 685 4716 ,
718 4661 880 4721 atque
910 4653 1097 4720 procul
1134 4652 1296 4706 dubio
1342 4652 1446 4706 illis
1477 4651 1687 4716 Iiturgia
1720 4665 1828 4705 non

230 4721 392 4793 defuit
420 4765 436 4791 ,
459 4737 569 4778 nec
594 4722 814 4777 defuere
843 4725 1120 4793 martyria.
1171 4722 1404 4793 sanctus
1444 4721 1828 4792 Hieronymus,

230 4794 295 4847 ad
328 4792 555 4858 Letam,
607 4795 766 4864 epist.
803 4793 922 4855 107,
976 4792 1162 4850 sciibit
1209 4792 1506 4864 Gothorum
1559 4793 1831 4847 exercitus

227 4865 585 4919 ecclesiarum
628 4862 1022 4920 circumtulisse
1068 4864 1319 4920 tentoria.
1352 4862 1513 4918 Gothi
1546 4864 1703 4918 fidem
1735 4878 1830 4918 ca-

229 4937 484 5006 thoiicam
534 4938 601 4989 ab
632 4937 786 4991 initio
825 4945 1212 5006 susceperunt,
1245 4947 1433 5005 p05tea
1462 4949 1620 5006 vero,
1664 4949 1832 5003 opere

232 5004 466 5059 Valentis
497 5007 746 5077 Augusti,
777 5008 842 5062 ad
865 5004 1068 5062 sectam
1093 5004 1350 5061 Arianam
1369 5007 1408 5059 ii
1439 5005 1628 5077 saltem
1658 5013 1833 5060 trans-

229 5077 408 5150 ierunt
436 5079 545 5150 qui
566 5075 786 5147 {patria
818 5080 980 5150 pulsn,
1006 5080 1058 5132 in
1086 5077 1260 5150 Italia,
1291 5087 1347 5131 et
1374 5077 1427 5131 in
1470 5075 1750 5150 His_pan_ia,
1779 5085 1834 5132 et

227 5148 276 5201 in
305 5147 508 5211 Gallia,
542 5146 842 5204 Gothorum
893 5164 1058 5218 regna
1089 5148 1508 5203 cons1ituerunt.
1544 5147 1620 5201 De
1649 5146 1832 5202 Theo-

226 5221 414 5272 dorico
461 5227 702 5275 secundo
735 5221 1136 5289 Visigothorutn
1176 5233 1304 5288 rege
1349 5218 1603 5274 Sidonius
1630 5220 1833 5288 Apolli-

228 5293 438 5354 narius,
482 5292 574 5344 lib.
609 5309 662 5359 ι,
707 5293 863 5361 epist.
897 5292 958 5352 2,
1006 5290 1236 5346 scribit:
1266 5292 1615 5345 Antelucanos
1660 5307 1833 5344 sacer-

226 5363 400 5413 dotum
432 5379 643 5416 suorum
673 5375 829 5418 cattus
856 5364 1070 5418 minimo
1101 5362 1346 5416 comitatu
1387 5361 1612 5431 expetit,
1643 5363 1834 5432 grandi

228 5434 501 5486 sedulitate
549 5447 842 5500 veneratur,
893 5450 1221 5504 quanquam,
1263 5432 1307 5485 si
1355 5449 1521 5487 sermo
1567 5442 1829 5497 secretus,

228 5519 387 5565 possis
408 5507 824 5560 animadvertere
849 5507 986 5576 quod
1006 5513 1171 5559 servet
1195 5504 1298 5558 ista
1325 5521 1420 5574 pro
1442 5505 1829 5576 consuetudine,

227 5577 391 5636 potius
421 5592 576 5646 quam
606 5595 701 5646 pro
732 5578 1000 5646 religione.
1035 5576 1292 5642 Quaenam
1341 5583 1520 5629 autem
1575 5575 1736 5630 fuerit
1766 5577 1832 5630 li-

229 5648 401 5715 turgia
428 5644 735 5701 Gothorum
761 5688 775 5712 ,
827 5644 988 5702 nemo
1037 5647 1300 5702 hactenus
1320 5688 1335 5711 ,
1377 5646 1478 5700 nisi
1507 5646 1830 5717 divinando,

225 5724 462 5792 statuere
489 5720 700 5792 potuit,
732 5734 801 5772 an
846 5718 1118 5792 liturgiam
1169 5717 1516 5792 mutaverint_
1543 5727 1832 5792 postquam

225 5786 279 5857 i_n
311 5786 559 5844 haeresim
593 5791 853 5845 Arianam
883 5786 1076 5857 dilapsi
1102 5797 1246 5853 sunt,
1280 5797 1352 5855 et,
1379 5787 1553 5857 patria
1585 5786 1742 5857 pulsi,
1778 5790 1832 5845 in

226 5806 279 5836 ιη
311 5806 559 5844 naeresun
593 5806 853 5845 arianam
883 5806 988 5844 (Illa
1030 5806 1076 5845 SI
1102 5806 1246 5853 sunt,
1280 5806 1352 5855 et,
1379 5806 1553 5857 patria
1585 5806 1742 5857 pUISl,
1778 5806 1827 5844 in

226 5855 476 5930 Thracia,
509 5861 564 5918 in
593 5860 780 5930 Italia,
807 5862 863 5918 in
891 5806 1084 5928 Gallia,
1116 5869 1174 5918 et
1211 5859 1468 5931 HiSpania
1495 5859 1827 5918 domicilium

1926 513 2393 588 Gotho-Hispana:
2413 526 2634 574 auctore
2656 519 2984 590 loqueretur,
3007 534 3110 575 nec
3136 519 3515 590 ambigendum

1923 607 2158 675 videtur,
2190 610 2320 678 quin
2366 609 2434 665 de
2480 625 2546 666 eo
2591 612 2925 666 mentionem
2954 609 3194 680 fecisset,
3225 611 3269 666 si
3297 621 3519 670 sanctus

1923 698 2172 756 Leander
2201 701 2245 756 is
2271 701 2460 757 fuisset
2493 702 2582 773 qui
2627 718 2822 758 novam
2867 704 3132 773 liturgiam
3177 703 3518 776 condiderat,

1924 801 2016 847 aut
2042 795 2211 849 veteri
2240 810 2440 850 novum
2469 796 2712 853 ordinem
2742 798 2795 852 in
2833 797 3062 867 gratiam
3101 798 3276 868 gentis
3308 797 3518 869 Visigo-

1925 887 2140 941 thorum
2174 887 2457 944 tribuerat.

1999 976 2122 1031 180.
2161 977 2345 1048 Neque
2383 979 2678 1049 putandum
2709 989 2790 1037 est
2817 981 3005 1037 Patres
3032 982 3248 1038 concilii
3270 980 3521 1038 Toletani

1925 1086 1978 1128 tv
2003 1080 2250 1128 sanctum
2275 1071 2582 1128 Leandrum
2629 1073 3018 1130 innominatum
3059 1076 3522 1146 prmtermissuros

1926 1164 2112 1230 fuisse,
2143 1165 2189 1219 si
2229 1179 2346 1220 eam
2378 1164 2605 1220 formam
2649 1166 2878 1237 liturgiaa
2906 1167 3369 1238 Gotbo-Hispanaa
3420 1168 3523 1223 tri-

1928 1253 2132 1311 buisset
2157 1272 2317 1328 quam
2349 1260 2457 1313 suis
2489 1259 2721 1316 decretis
2749 1261 3189 1332 comprobarunt.
3241 1261 3350 1315 Cur
3377 1261 3522 1317 enim

1930 1357 2205 1404 auctorem
2234 1350 2349 1419 ejus
2379 1351 2604 1421 liturgizze
2642 1353 2888 1419 silerent,
2944 1368 3106 1422 quam
3155 1354 3221 1408 ab
3267 1354 3524 1412 omnibus

1930 1439 2186 1496 Ecclesiis
2234 1441 2502 1512 Hispanias
2548 1454 2604 1499 et
2635 1444 2818 1500 Galliae
2861 1445 3105 1501 Gothica:
3147 1447 3201 1501 in
3244 1455 3524 1516 posterum

1931 1535 2209 1592 observari
2253 1538 2588 1593 voluerunt?
2631 1539 2700 1594 At
2725 1541 2902 1596 nullus
2931 1550 3052 1596 erat
3080 1541 3378 1596 istiusmodi
3427 1554 3527 1594 au-

1930 1637 2050 1684 ctor
2079 1644 2238 1700 quem
2269 1629 2571 1698 laudarent,
2620 1633 2665 1686 si
2713 1633 2856 1688 enim
2900 1633 2946 1688 is
2989 1634 3306 1699 exstitisset,
3335 1633 3525 1702 utique

1935 1726 2148 1790 tempus
2177 1721 2459 1787 inutiliter,
2509 1731 2587 1778 tot
2616 1723 2848 1779 decretis
2885 1725 3028 1780 circa
3077 1740 3189 1780 rem
3222 1725 3526 1794 liturgicam

1864 1803 1909 1862 Β
1937 1814 2231 1870 condendis
2278 1815 2502 1870 minime
2542 1816 2835 1884 trivissent,
2884 1817 2981 1872 sed
3026 1818 3237 1872 ratione
3293 1816 3527 1886 quadam

1932 1908 2104 1977 magis
2132 1909 2385 1979 expedita
2433 1925 2548 1965 rem
2595 1917 2764 1965 totam
2811 1910 2998 1979 paucis
3040 1909 3217 1964 verbis
3261 1908 3527 1964 confecis-

1932 2011 2078 2069 sent,
2108 2003 2469 2074 prmcipiendo
2516 2013 2574 2059 ut
2617 1981 2912 2060 secundm
2943 2003 3188 2059 ordinem
3219 2009 3382 2073 atque
3409 2017 3528 2058 me-

1931 2097 2158 2152 thodum
2209 2112 2239 2150 a
2286 2104 2477 2153 sancto
2518 2096 2767 2152 Leandro
2799 2097 2918 2167 (aut
2947 2097 3014 2151 ab
3044 2095 3150 2151 alio
3179 2109 3528 2165 quocunque,

1931 2188 1979 2242 si
2009 2188 2155 2243 ullus
2180 2188 2447 2257 ejusmodi
2476 2189 2796 2252 exstitisset)
2826 2188 3097 2254 traditam,
3136 2201 3224 2242 res
3262 2186 3442 2241 divina
3472 2186 3530 2241 in

1931 2288 2209 2351 posterum
2257 2279 2430 2335 fieret.
2483 2279 2554 2333 At
2581 2279 2658 2334 illi
2705 2280 2885 2350 plures
2931 2292 3167 2334 canones
3205 2278 3358 2346 queis
3387 2277 3522 2332 ritus

1931 2373 2286 2429 emendarent
2332 2371 2620 2427 condidere
2644 2414 2660 2440 ,
2705 2373 2895 2442 iisque,
2927 2371 3081 2442 quasi
3111 2370 3335 2426 totidem
3371 2370 3532 2424 testi-

1930 2466 2053 2534 bus,
2087 2465 2380 2535 probarunt
2410 2464 2676 2534 liturgiam
2705 2478 2738 2518 a
2767 2472 2958 2518 sancto
2985 2461 3232 2517 Leandro
3257 2460 3530 2532 composi-

1932 2566 2042 2613 tam
2072 2558 2274 2613 nullam
2301 2558 2521 2614 omnino
2551 2557 2842 2612 exstitisse.

2003 2647 2129 2703 lSl.
2170 2648 2250 2703 Ad
2281 2647 2624 2718 conjecturas
2669 2661 2801 2703 vero
2831 2645 3028 2717 quibus
3069 2643 3312 2714 indulget
3359 2643 3420 2698 P.
3453 2643 3531 2700 Le

1931 2740 2078 2798 Brun
2107 2741 2153 2797 si
2178 2742 2299 2812 quis
2330 2741 2640 2808 attenderit,
2669 2740 2716 2797 is
2745 2739 2988 2812 profecto
3017 2739 3256 2794 inveniet
3280 2752 3404 2793 eum
3427 2736 3533 2794 sibi

1931 2835 1986 2891 in
2011 2850 2078 2892 eo
2109 2835 2519 2900 contradicere,
2551 2833 2698 2905 quod
2727 2833 2873 2888 dicat
2909 2831 3216 2888 Leandrum
3244 2831 3378 2886 ritus
3407 2830 3532 2901 plu-

1931 2943 2020 2985 res
2047 2927 2356 2984 Gallicanos
2383 2926 2613 2997 liturgiaa
2642 2923 3105 2995 Gotho-Hispanae
3135 2923 3444 2988 inseruisse,
3476 2929 3534 2978 et

1931 3021 1986 3076 in
2015 3036 2082 3076 eo
2129 3021 2276 3090 quod
2321 3020 2471 3074 addit
2500 3019 2579 3090 (ά)
2628 3019 2874 3074 ordinem
2914 3017 3224 3086 antiquum,
3275 3029 3434 3084 quem
3476 3015 3534 3070 iu

1930 3112 2146 3182 liturgia
2195 3110 2648 3180 Gotho-Ilispana
2695 3109 2984 3165 observare
3032 3108 3160 3163 licet
3204 3107 3460 3178 precipue
3499 3122 3534 3160 α

1933 3209 2104 3279 prisco
2148 3208 2250 3260 ritu
2293 3204 2564 3259 Gallicana
2613 3204 2803 3258 venire.
2845 3200 2902 3256 Si
2934 3201 3115 3269 enim,
3166 3204 3308 3272 quod
3350 3198 3410 3252 Ρ.
3462 3198 3535 3255 Le

1934 3302 2078 3356 Brun
2111 3299 2308 3355 fatetur
2339 3299 2410 3369 (e)
2433 3342 2448 3364 ,
2482 3297 2694 3366 liturgia
2725 3295 3004 3351 Gallicana
3026 3295 3218 3351 eadem
3249 3295 3376 3351 olim
3413 3294 3534 3349 fue-

1933 3396 2005 3451 rit
2032 3405 2194 3465 atque
2239 3394 2508 3463 Hispana,
2558 3392 2692 3447 ordo
2723 3391 2976 3461 antiquus
3020 3389 3248 3459 liturgite
3286 3388 3536 3459 Hispana

1933 3503 2039 3543 non
2070 3486 2423 3558 proveniebat
2451 3499 2481 3539 a
2509 3485 2723 3552 liturgia
2749 3483 3027 3540 Gallicana
3048 3526 3064 3551 ,
3109 3483 3205 3538 sed
3231 3483 3347 3553 ipse
3376 3483 3534 3536 litur-

1931 3582 2016 3651 gia
2047 3580 2322 3636 Gallicana
2351 3579 2611 3634 dicendus
2635 3586 2738 3634 est.
2773 3578 2883 3634 Nec
2910 3595 3047 3650 opus
3073 3588 3191 3635 erat
3225 3589 3282 3634 ut
3315 3587 3537 3634 sanctus

1932 3672 2179 3727 Leander
2219 3672 2448 3740 liturgiae
2494 3670 2956 3740 GothooHispanze
2987 3673 3369 3743 compositioni
3401 3672 3535 3725 ritus

1933 3764 2240 3822 Gallicanos
2268 3765 2566 3831 insereret,
2617 3763 2878 3845 siquidem
2924 3764 3087 3819 iidem
3134 3773 3290 3819 erant
3329 3764 3540 3818 Gotho-

1933 3860 2175 3935 Hispani.

1931 4003 2288 4092 collocarunt,
2316 4027 2385 4067 an
2415 4008 3260 4092 liturgia_Gon.stantinopolitana
3287 4007 3340 4092 in
3370 4007 3538 4063 Thra-

1933 4090 2058 4152 cia;
2108 4101 2175 4139 au
2223 4080 2496 4147 Remana,
2541 4099 2608 4137 an
2647 4080 3091 4152 Mediolanensis,
3127 4081 3180 4134 in
3223 4080 3414 4144 Italia;
3467 4095 3537 4136 an

1932 4151 2208 4213 Gallicana
2235 4166 2290 4212 et
2319 4155 2552 4224 HiSpana
2580 4155 2633 4209 in
2660 4152 2831 4209 Gallia
2853 4160 2907 4224 et
2937 4153 2988 4206 in
3012 4151 3268 4224 Ilispania
3294 4152 3373 4205 usi
3396 4152 3534 4219 sint;

1933 4246 2000 4284 an
2029 4229 2370 4296 Ostrogothis
2395 4222 2450 4283 et
2481 4226 2775 4295 Visigotliis
2805 4223 2995 4278 eadem
3024 4222 3204 4296 fuerit,
3226 4239 3300 4296 an
3326 4224 3539 4296 diversa

1934 4301 2167 4368 liturgia.
2195 4293 2392 4354 Omnia
2423 4293 2628 4352 incerta
2659 4309 2713 4352 et
2739 4296 2989 4368 obscura.
3034 4293 3187 4368 Haud
3221 4295 3540 4368 incredibile

1932 4365 2146 4426 videtur
2179 4370 2386 4427 Gothos
2431 4369 2602 4440 patria
2650 4368 2830 4440 lingua
2866 4365 3384 4440 _in_g_sacris_olliciis
3412 4380 3539 4440 usos

1935 4459 2075 4505 esse,
2110 4444 2235 4497 hinc
2279 4435 2465 4496 eorum
2491 4443 2628 4494 ritus
2656 4435 2822 4504 Italis,
2856 4435 3024 4491 Gallis
3053 4447 3110 4491 et
3138 4436 3412 4505 Hispanis,
3439 4438 3542 4491 mi-

1937 4529 2036 4568 nus
2066 4515 2179 4568 noti
2203 4514 2448 4578 fuerunt,
2478 4511 2670 4579 quibus
2701 4511 2886 4573 etiam,
2913 4511 2982 4563 ob
3024 4509 3361 4578 impietatem
3387 4508 3542 4563 Aria-

1937 4600 2082 4648 nam,
2115 4584 2448 4653 contemptui
2478 4590 2635 4637 erant
2665 4591 2719 4636 et
2747 4580 3116 4653 detestationi.

2006 4656 2084 4727 (a)
2132 4650 2440 4727 Honoratus
2469 4669 2500 4707 a
2529 4654 2727 4727 Sancta
2773 4651 2968 4718 Maria,
3018 4650 3271 4727 animati.
3298 4651 3354 4727 in
3378 4665 3537 4727 usum

1934 4721 2081 4792 crit.,
2105 4733 2238 4781 tom.
2268 4724 2355 4789 Ill,
2381 4725 2472 4780 lib.
2498 4739 2551 4789 v,
2571 4724 2785 4779 dissert.
2811 4738 2891 4790 ιη,
2913 4730 3015 4777 art.
3037 4722 3090 4788 5,
3109 4735 3231 4791 pag.
3251 4721 3387 4792 146,
3403 4722 3538 4775 scri-

1935 4800 2013 4853 bit
2038 4790 2286 4852 sanctum
2311 4797 2574 4852 lsidorum
2614 4794 3060 4849 animadvertisse
3087 4790 3334 4848 sanctum
3366 4790 3541 4844 Lean-

1934 4871 2090 4923 drum
2116 4869 2424 4923 incubuisse
2453 4867 2837 4922 ecclesiasticis
2866 4863 3079 4928 ofﬁciis,
3103 4875 3159 4919 et
3181 4865 3350 4918 missa:
3377 4877 3539 4915 cere-

1935 4941 2121 4994 maniis
2152 4939 2498 4993 restituendis.
2535 4937 2643 4992 Sed
2674 4938 2789 4992 hare
2814 4936 3005 4991 ultima
3030 4935 3194 4991 verba
3240 4932 3382 5002 apud
3415 4947 3538 4987 san-

1937 5021 2085 5065 ctum
2117 5010 2382 5065 lsidorum
2413 5026 2520 5063 non
2551 5011 2823 5078 leguntur.

2007 5083 2084 5152 (ὁ)
2131 5081 2188 5136 P.
2221 5079 2411 5135 Petrus
2433 5081 2512 5136 Le
2542 5073 2706 5146 Brun,
2738 5078 2937 5152 Expos.
2967 5079 3137 5142 miss.,
3164 5082 3202 5130 t.
3232 5073 3295 5141 Il,
3326 5074 3454 5131 diss.
3479 5091 3539 5147 v,

2007 5161 2042 5205 t.
2072 5154 2124 5205 l.
2155 5166 2277 5205 nati.
2312 5151 2437 5205 279.

1937 5161 2042 5207 art.
2072 5154 2124 5220 1,
2155 5166 2277 5220 pag.
2312 5154 2437 5205 279.

2008 5166 2462 5297 iii’iiiiiiﬁaiiitih
2491 5239 2644 5297 usum
2675 5224 2822 5297 crit.,
2847 5231 2974 5276 tom.
3009 5217 3094 5297 Ill,
3115 5217 3208 5297 lib.
3226 5233 3281 5284 v,
3304 5219 3432 5297 diss.
3459 5235 3537 5297 tu,

1936 5291 2038 5350 art.
2061 5291 2125 5362 ’5,
2157 5311 2268 5350 sec.
2299 5295 2352 5357 lt,
2383 5309 2505 5365 pag.
2538 5295 2658 5349 146.
2693 5295 2759 5347 In
2789 5295 2886 5346 hac
2913 5308 2988 5365 re,
3016 5291 3208 5365 inquit,
3243 5291 3408 5362 magis
3433 5293 3538 5344 veri

1935 5369 2102 5421 simile
2122 5377 2197 5422 est
2219 5363 2406 5421 multos
2425 5363 2634 5422 sanctos
2656 5367 2918 5434 episcopos
2941 5363 3165 5434 liturgia:
3187 5364 3302 5416 huic
3324 5377 3539 5431 operam

1937 5441 2170 5502 dedisse;
2204 5447 2440 5493 sanctum
2480 5439 2776 5493 Leandrum
2803 5435 2849 5486 ei
2877 5450 3062 5488 novum
3101 5435 3338 5488 ordinem
3369 5449 3536 5502 appo-

1936 5511 2301 5582 suisseLalque
2330 5509 2679 5571 additionibus
2708 5503 3016 5582 quibusdam
3044 5505 3262 5582 ditasse:

2009 5583 2086 5651 (ά)
2111 5573 2337 5651 Εχριἰο.
2370 5582 2562 5644 missae,
2596 5573 2729 5651 tom.
2755 5575 2822 5651 Il,
2853 5578 2983 5651 diss.
3015 5593 3070 5643 v,
3104 5585 3207 5651 art.
3243 5574 3377 5651 ἥκῃ.
3407 5573 3534 5651 3354.

2009 5645 2078 5778 Se)
2112 5645 2268 5718 Ibid.,
2297 5660 2399 5705 art.
2432 5653 2566 5733 4,.p.
2600 5646 2724 5714 554,
2757 5647 3012 5703 distincte
3040 5647 3226 5702 scribit
3266 5645 3533 5726 liturgiam

2009 5746 2013 5777 l
2039 5724 2266 5778 licanam
2299 5725 2458 5778 ferme
2482 5728 2758 5778 integram.
2788 5722 2974 5776 saltem
3001 5717 3176 5778 quoad
3203 5719 3446 5778 formam,
3476 5729 3533 5767 in

1935 5716 2266 5780 Gallicanam
2297 5725 2458 5793 ferme
2482 5716 2758 5793 integram,
2788 5722 2974 5776 saltem
3001 5717 3176 5790 quoad
3202 5719 3446 5788 formam,
3476 5716 3533 5767 in

1936 5795 2145 5851 Missali
2171 5791 2420 5860 Ximenii,
2454 5791 2622 5846 adhuc
2650 5794 2836 5862 vigere.
