4040 6356
253 382 321 442 61
1731 363 1863 425 PRA

1975 365 2123 424 ιἸἸΟ.
3486 369 3557 424 62

249 510 379 558 tana
406 505 461 557 et
483 493 849 554 Orientalium
877 489 1121 547 diversas
1149 487 1391 546 actiones
1414 484 1695 557 liturgicas
1722 500 1852 541 con-
1880 483 1935 545 A
1956 480 2149 539 Isidori
2197 481 2549 553 scripserunt,
2597 479 2666 537 de
2691 494 2822 539 cura
2872 482 3164 541 condendae
3203 483 3431 555 liturgiae
3476 482 3558 543 illi

249 597 504 653 stituunt.
550 589 684 647 Nam
715 585 890 644 Graeci
935 584 1091 657 prius
1129 582 1328 638 Sancta
1358 581 1548 635 sanctis
1579 579 1782 643 dicunt,
1811 586 1867 633 et

253 689 449 747 deinde
493 684 734 742 hostiam
764 681 1022 748 frangunt
1054 679 1069 748 (
1088 694 1120 731 a
1141 676 1185 747 ),
1215 690 1372 744 quem
1404 688 1611 728 morem
1650 671 1863 740 liturgia

252 780 622 842 Alexandrina
674 775 859 831 sancti
907 770 1071 828 Marci
1119 769 1312 824 retinet
1373 767 1491 839 (ὁ).
1543 766 1611 821 At
1666 765 1866 822 Gotho-

251 877 480 950 Ilispani
506 875 654 947 prius
669 884 869 944 panem
897 873 1142 922 sanctum
1164 862 1437 933 frangunt,
1460 870 1516 918 et
1532 870 1646 916 tum
1669 861 1866 916 Sancta

252 974 456 1029 sanctis
486 969 671 1025 dicunt
699 966 815 1039 (c).
846 963 1119 1019 Praeterea
1149 969 1260 1015 tam
1289 959 1465 1015 Graeci
1494 974 1655 1030 quam
1677 958 1866 1013 Orien-

252 1067 416 1129 tales,
448 1060 662 1134 quando
719 1058 917 1114 Sancta
961 1056 1155 1112 sanctis
1186 1052 1396 1122 dicunt,
1426 1059 1624 1123 corpus
1652 1049 1866 1106 Doinini

252 1159 539 1223 attollunt,
580 1162 642 1210 ut
684 1170 716 1208 a
770 1150 973 1224 populo
1014 1148 1288 1213 videatur,
1337 1154 1392 1201 et
1450 1144 1862 1217 adoretur(d);

251 1248 425 1325 [-1.11]
457 1258 512 1303 at
556 1243 998 1317 Gotho—Ilispani
1042 1241 1110 1296 ad
1164 1256 1229 1296 ea
1254 1238 1423 1295 verba
1476 1239 1709 1295 hostiam
1755 1254 1865 1294 non

253 1346 495 1407 elevant,
530 1340 625 1397 sed
645 1341 1007 1411 fragmentum
1036 1337 1231 1394 hostim
1254 1337 1310 1392 in
1339 1334 1563 1391 calicem
1590 1335 1867 1390 dimittunt

256 1435 377 1508 (e).
431 1432 551 1488 Non
596 1442 679 1488 est
726 1432 889 1505 igitur
915 1447 1014 1487 cur
1049 1445 1208 1485 aures
1251 1428 1466 1499 patulas
1513 1426 1578 1482 iis
1627 1428 1866 1498 prmbere

258 1531 557 1589 debeamus
590 1529 681 1599 qui
713 1525 1040 1599 persuadere
1069 1525 1316 1581 nituntur
1345 1522 1616 1592 liturgiam
1657 1520 1866 1579 Gutho-

256 1626 555 1697 Hispanam
586 1640 615 1677 a
657 1628 847 1678 sancto
894 1617 1166 1685 Leandro,
1222 1615 1449 1687 aliisque
1502 1612 1866 1669 celeberrimis

254 1720 407 1783 Viris,
439 1717 750 1773 Graecorum
793 1708 1130 1769 caeremoniis
1178 1706 1340 1763 fuisse
1378 1707 1699 1776 inspersam,
1741 1720 1864 1760 cum

256 1827 327 1867 ne
342 1826 507 1865 unum
525 1807 743 1880 quidem
764 1803 927 1859 ritum
956 1802 1230 1871 assignare
1243 1808 1617 1871 queuntquem
1642 1812 1865 1852 necesse

254 1908 327 1959 sit
355 1862 994 1969 fateriéotho-Hispanos
1024 1910 1051 1949 a
1067 1862 1273 1950 braccis
1288 1900 1380 1947 aut
1404 1862 1862 1948 ab-Orientalibus
1894 1862 1941 1923 Β

253 2004 540 2051 mutuatos
567 2007 712 2048 esse.

335 2108 365 2180 ᾗ
389 2106 507 2162 XII.
534 2108 617 2161 An
642 2112 860 2180 sanch
885 2102 1121 2180 Isidorus
1168 2108 1349 2155 auctor
1375 2099 1532 2171 fuerit
1566 2099 1791 2171 liturgia:

602 2199 611 2208 ’
818 2172 1285 2245 Gallio-Hispania.

336 2270 465 2326 183.
523 2270 640 2323 Alia
668 2269 871 2339 Opinio,
902 2282 1020 2336 quae
1063 2273 1308 2320 sanctum
1337 2263 1600 2319 Isidorum
1634 2264 1862 2335 liturgiae

256 2361 739 2430 Cottio-Hispanae
767 2368 1039 2415 auctorem
1066 2357 1328 2430 agnoscit,
1357 2356 1499 2428 apud
1530 2357 1863 2414 recentiores

267 2459 458 2529 magis
486 2465 709 2526 accepta
730 2464 783 2511 et
803 2454 1109 2524 pervulgata
1138 2461 1213 2507 est
1237 2452 1338 2523 (ί).
1367 2449 1444 2505 Ea
1471 2450 1669 2521 duplici
1697 2465 1859 2520 argu-

255 2558 464 2607 mento
494 2549 729 2603 fulcitur.
774 2546 1012 2601 Primum
1055 2552 1135 2600 est
1160 2551 1378 2614 recepta
1420 2542 1694 2597 hominum
1734 2557 1859 2612 per-

254 2642 471 2707 suasio,
486 2640 714 2709 liturgim
726 2638 1087 2710 appellatione
1101 2652 1220 2707 quae
1236 2635 1538 2691 Isidoriaua
1554 2635 1862 2690 nominatur

252 2736 604 2795 conﬁrmata.
634 2734 791 2788 Aliud
820 2740 906 2788 est
932 2732 1142 2787 concilii
1166 2729 1355 2784 Patres
1369 2728 1616 2783 Toletani
1646 2745 1699 2783 1v
1722 2728 1862 2784 hanc

252 2829 601 2903 provinciam
620 2837 809 2884 sancto
825 2825 1033 2881 Isidoro
1046 2824 1279 2887 dedisse,
1295 2831 1353 2878 ut
1372 2821 1595 2877 formam
1633 2821 1863 2891 liturgite

258 2931 639 2996 componeret,
666 2937 851 2993 quam,
874 2928 1055 2975 amota
1085 2923 1354 2975 varietate
1373 2917 1590 2983 rituum,
1608 2915 1862 2973 Ecclesiae

262 3034 452 3075 omnes
480 3015 754 3088 Hispaniae
778 3024 834 3071 et
861 3013 1047 3070 Galliae
1076 3011 1324 3067 Gothica:
1353 3010 1407 3065 in
1434 3016 1713 3081 posterum
1758 3009 1860 3064 ob-

266 3116 563 3165 servarent.

334 3200 459 3257 l89.
515 3199 587 3255 At
606 3199 723 3255 haec
752 3198 917 3255 etiam
939 3197 1123 3268 opinio
1155 3196 1504 3265 antiquorum
1535 3193 1861 3249 auctoritate
1884 3238 1940 3306 α

264 3302 431 3356 caret,
477 3300 535 3348 et
584 3292 751 3346 meris
801 3290 1126 3359 conjecturis
1174 3290 1378 3343 nititur.
1408 3288 1688 3344 Neminem
1710 3287 1853 3341 enim

266 3386 609 3453 antiquorum
656 3382 919 3436 hactenus
970 3380 1195 3436 laudare
1226 3387 1521 3450 potuerunt
1572 3378 1663 3448 qui
1709 3378 1859 3432 litur-

262 3478 407 3546 giam
476 3472 987 3544 Gotho-Ilispanam
1053 3471 1413 3527 nominaverit
1482 3468 1858 3526 Isidorianam.

260 3569 621 3625 Guitmundus
670 3567 963 3637 episcopus
1014 3566 1346 3632 Aversanus,
1403 3565 1498 3633 qui
1546 3580 1690 3618 anno
1712 3572 1863 3619 octo-

256 3663 468 3734 gesimo
497 3676 661 3733 supra
685 3660 1030 3717 millesimum
1056 3676 1177 3716 certe
1216 3659 1533 3714 Christianae
1576 3657 1862 3712 defunctus

262 3756 521 3823 traditur,
551 3754 789 3809 omnium
818 3754 1225 3825 antiquissimus
1256 3753 1453 3807 citatur
1482 3751 1574 3821 qui
1618 3758 1860 3805 sanctum

257 3846 536 3903 Isidorum
603 3845 812 3903 Missale
875 3847 1147 3919 quoddam
1208 3845 1506 3915 Hispanum
1574 3843 1861 3911 scripsisse

262 3940 475 3997 dixerit
503 3939 620 4011 (g),
651 3948 707 3995 ut
748 3942 943 3996 mirum
988 3940 1059 3994 sit
1104 3939 1385 3994 Nicolaum
1437 3936 1752 4001 Antonium,
1780 3936 1861 3988 vi-

258 4048 381 4093 rum
406 4032 629 4089 doctum
659 4042 711 4088 et
734 4041 1047 4089 accuratum
1069 4032 1350 4103 scripsisse
1381 4029 1863 4102 (lt)1sidoriamun

262 4142 448 4180 nomen
508 4124 780 4181 Breviario
839 4126 1117 4183 ctMissali
1170 4123 1517 4181 Mozarabico
1568 4123 1631 4177 ab
1679 4124 1865 4179 ultima

263 4219 572 4289 antiquitate
599 4220 920 4277 attributum
943 4234 1083 4276 esse.

332 4314 456 4369 I90.
511 4314 700 4383 Neque
723 4314 867 4369 aliud
919 4329 1026 4383 quo
1053 4321 1276 4368 utuntur
1330 4320 1708 4383 argumentum
1748 4330 1864 4371 ma-

256 4406 387 4476 joris
415 4406 682 4460 momenti
712 4413 816 4461 est.
847 4404 1022 4475 Vulgo
1054 4404 1274 4475 quidem
1301 4404 1541 4474 iactatur
1570 4405 1862 4462 concilium

259 4497 583 4555 Toletanum
639 4514 694 4554 tv
724 4512 911 4554 curam
981 4496 1251 4553 condendi
1314 4513 1508 4553 novam
1566 4497 1867 4567 Liturgiam

1970 578 2244 650 imposita,
2276 586 2331 632 et
2355 578 2422 634 de
2445 576 2751 643 conscripta
2776 578 2843 633 ab
2867 593 2933 635 eo
2965 576 3143 655 [Lm]
3166 580 3381 650 liturgia
3404 593 3558 635 men-

1969 672 2171 726 tionem
2203 668 2743 742 laceredebuissent,
2771 671 2838 730 de
2867 683 3097 746 utraque
3154 682 3335 731 tamen
3390 672 3558 730 altum

1967 769 2248 825 siluerunt.

2040 868 2166 923 191:
2203 866 2391 939 Neque
2424 884 2585 926 causa
2629 875 2746 924 erat
2782 883 2879 924 cur
2919 866 3108 922 Patres
3144 864 3359 921 concilii
3397 863 3561 921 Tole-

1969 962 2079 1017 tani
2117 979 2171 1018 1v
2200 980 2392 1019 munus
2419 962 2803 1033 componendae
2831 944 3024 1017 novam
3066 959 3292 1028 Iiturgize
3320 958 3552 1014 formam

1969 1062 2155 1111 sancto
2175 1055 2382 1112 Isidoro
2409 1056 2571 1113 ullive
2595 1054 3013 1110 committerent.
3046 1048 3154 1107 Illis
3175 1067 3305 1106 sane
3326 1050 3561 1106 maxime

1968 1147 2121 1203 cordi
2149 1156 2268 1204 erat
2294 1159 2352 1203 ut
2379 1164 2485 1204 una
2513 1156 2569 1204 et
2596 1148 2784 1203 eadem
2810 1146 2983 1203 forma
3010 1144 3319 1201 celebrandi
3358 1150 3563 1215 myste-

1967 1242 2049 1296 ria
2088 1252 2143 1298 et
2177 1242 2541 1300 ecclesiastica
2582 1241 2816 1298 obeundi
2858 1240 3032 1297 ofﬁcia
3069 1240 3123 1294 in
3168 1237 3314 1294 omni
3346 1236 3557 1305 Visigo-

1968 1335 2183 1391 thorum
2210 1350 2378 1407 regno
2405 1337 2685 1408 aequaliter
2713 1337 3109 1400 observaretur,
3138 1350 3366 1406 eamque
3392 1334 3562 1388 intro-

1966 1427 2236 1484 duxerunt
2262 1446 2422 1502 quam
2462 1440 2651 1501 postea
2681 1429 2921 1485 Ecclesia
2964 1428 3402 1499 Gotho-Ilispana
3428 1441 3559 1482 cou-

1968 1530 2176 1578 stanter
2202 1522 2443 1577 retinuit.
2476 1522 2583 1578 Sed
2612 1522 2786 1578 forma
2824 1522 3071 1591 liturgica
3114 1536 3254 1576 nova
3284 1536 3391 1576 nou
3422 1526 3557 1586 erat,

1967 1631 2143 1687 neque
2186 1614 2437 1672 Ecclesiis
2477 1615 2749 1687 Hispaniae
2791 1622 2845 1670 et
2887 1612 3073 1669 Gallia:
3120 1614 3326 1682 ignota,
3364 1611 3457 1668 sed
3497 1626 3561 1668 ea

1967 1706 2105 1778 ipsa,
2158 1708 2242 1764 cui
2292 1708 2707 1764 immemorabili
2756 1706 3144 1763 consuetudine
3187 1712 3559 1761 assueverant.

1966 1800 2105 1856 Cum
2139 1801 2297 1871 igitur
2327 1801 2515 1858 Patres
2546 1801 2791 1858 Toletani
2820 1802 2874 1857 id
2903 1817 3069 1857 unum
3098 1800 3311 1870 assequi
3336 1799 3559 1866 vellent,

1968 1906 2028 1951 ut
2053 1900 2333 1968 antiquum
2364 1898 2725 1969 Hispanorum
2766 1891 3030 1963 ordinem,
3070 1895 3296 1951 sublatis
3333 1894 3562 1948 innova-

1968 1992 2225 2061 tionibus,
2265 2009 2454 2049 omnes
2504 1991 2756 2049 Ecclesia:
2798 1992 2946 2061 regni
2990 1989 3392 2060 Visigotborutn
3434 1987 3564 2043 reti-

1968 2093 2182 2150 nerent,
2230 2086 2376 2141 nulla
2419 2085 2526 2141 illis
2566 2100 2728 2141 causa
2775 2091 3058 2155 supererat
3094 2098 3191 2139 cur
3228 2079 3563 2151 provinciam

1967 2185 2158 2231 sancto
2182 2174 2391 2231 Isidoro
2419 2176 2762 2248 imponerent
2788 2191 2988 2232 novum
3017 2175 3254 2244 aliquem
3282 2172 3483 2227 rituum
3509 2179 3565 2227 et

1968 2272 2407 2324 caeremoniarum
2433 2268 2676 2325 ordinem
2700 2268 3079 2342 componendi.

2037 2361 2161 2417 l9‘2.
2187 2361 2477 2426 Prmterea,
2501 2363 2634 2418 satis
2652 2363 2997 2418 manifestum
3020 2370 3103 2417 est
3124 2362 3394 2431 liturgiam
3417 2361 3562 2416 illam

1968 2470 2132 2526 quam
2161 2462 2378 2510 sanctus
2406 2453 2639 2510 Isidorus
2670 2455 2722 2509 in
2771 2454 2920 2509 libris
2966 2454 3079 2509 suis
3125 2456 3193 2509 de
3224 2454 3558 2509 ecclesiasti-

1968 2545 2046 2600 cis
2098 2544 2300 2599 Ofﬁciis
2350 2546 2583 2600 illustrat
2626 2555 2680 2601 et
2738 2546 2972 2617 explicat
3014 2561 3125 2601 non
3189 2546 3347 2601 aliam
3397 2560 3560 2615 quam

1965 2634 2497 2707 Gotbo-Ilispanam
2530 2653 2669 2706 esse,
2720 2637 2869 2693 illam
2923 2637 3131 2694 scilicet
3171 2652 3333 2707 quam
3374 2638 3562 2692 conci-

1965 2727 2095 2783 lium
2148 2727 2471 2784 Toletanum
2508 2745 2562 2784 ιν
2593 2745 2691 2784 sua
2728 2730 3053 2784 auctoritate
3098 2728 3463 2794 confirmavit,
3507 2736 3564 2783 et

1967 2822 2242 2891 stabilivit,
2272 2830 2328 2878 et
2366 2823 2531 2878 etiam
2573 2822 2703 2877 satis
2733 2830 2883 2877 certo
2924 2830 3141 2878 constat
3172 2830 3419 2877 sanctum
3461 2819 3561 2877 Isi—

1966 2915 2158 2972 dorum
2221 2916 2388 2972 libros
2446 2916 2515 2971 de
2586 2917 2961 2973 ecclesiasticis
3030 2915 3228 2972 Ofﬁciis
3284 2916 3565 2987 scripsisse

1968 3018 2256 3082 antequam
2289 3010 2577 3066 concilium
2605 3009 2925 3066 Toletanum
2956 3028 3010 3067 Iv
3037 3010 3424 3075 celebraretur,
3467 3025 3564 3065 eos

1968 3109 2112 3165 enim
2160 3109 2327 3163 libros
2380 3106 2659 3177 Fulgentio
2711 3106 3010 3175 Astigitano
3078 3106 3358 3176 episcopo,
3411 3103 3563 3159 fratri

1968 3216 2088 3269 suo,
2152 3200 2539 3269 inscripserat,
2571 3199 2695 3268 qui,
2738 3199 2886 3268 prius
2918 3213 3081 3267 quam
3121 3197 3409 3252 concilium
3459 3196 3566 3251 hoc

1970 3297 2310 3364 conveniret,
2338 3296 2424 3367 pie
2454 3294 2685 3359 obierat,
2712 3293 3003 3365 sedemque
3031 3293 3263 3348 Abentio
3302 3298 3559 3357 cemerat,

1968 3394 2046 3449 uti
2063 3408 2127 3448 ex
2144 3389 2630 3459 subscriptionibus
2648 3388 3025 3458 episcoporum
3042 3394 3283 3458 apparet.
3300 3386 3418 3441 lam
3434 3398 3564 3439 vero

1969 3485 2191 3554 planum
2234 3490 2319 3538 est
2345 3478 2535 3534 Patres
2592 3477 2749 3547 hujus
2791 3477 3004 3533 concilii
3049 3492 3157 3531 non
3206 3475 3566 3531 demandasse

1970 3585 2158 3632 sancto
2200 3574 2404 3631 Isidoro
2436 3587 2625 3630 curam
2675 3569 3032 3642 componendi
3062 3570 3356 3638 liturgiam,
3403 3583 3567 3637 quam

1970 3672 2175 3741 Optime
2200 3677 2486 3735 noverant,
2499 3667 2589 3722 diu
2614 3673 2771 3721 antea
2794 3665 3151 3736 compositam
3176 3663 3362 3728 fuisse,
3389 3671 3444 3718 et
3466 3678 3567 3718 usu

1973 3763 2388 3835 frequentatam,
2429 3776 2610 3831 neque
2639 3758 2898 3815 credibile
2941 3768 3024 3816 est
3053 3766 3111 3813 ut
3144 3756 3466 3819 Cassander,
3498 3754 3565 3808 ad

1971 3857 2272 3913 Pamelium
2325 3855 2587 3916 scribens,
2628 3852 3085 3905 animadverterat
3127 3857 3370 3903 sanctqu
3397 3846 3561 3899 Iside.

1969 3964 2114 4015 rum,
2145 3947 2292 4001 libris
2324 3945 2428 3999 illis
2458 3944 2526 3997 de
2556 3941 2760 3995 Ofﬁciis
2789 3939 3191 4001 ecclesiasticis,
3228 3952 3357 3992 eam
3386 3935 3563 4007 expli-

1970 4056 2124 4096 casse
2153 4047 2207 4094 et
2237 4036 2535 4095 illustrasse
2572 4035 2845 4103 liturgiam
2875 4048 3037 4103 quam
3068 4032 3185 4101 ipse
3223 4030 3559 4086 condiderat.

2042 4131 2165 4187 195.
2213 4131 2439 4186 Demqu
2486 4135 2705 4184 sanctus
2733 4125 2987 4193 Isidorus,
3039 4125 3093 4180 ἂι
3147 4123 3296 4180 brevi
3336 4122 3562 4193 prologo

1971 4241 2131 4297 quem
2166 4224 2316 4280 libris
2357 4221 2428 4277 de
2458 4220 2656 4276 Ofﬁciis
2693 4219 3077 4276 ecclesiasticis
3112 4218 3399 4290 praemisit,
3431 4232 3562 4287 pro-

1969 4318 2142 4375 fessus
2170 4317 2439 4372 dictarunt
2466 4331 2526 4371 se
2555 4314 2748 4386 quibus
2788 4314 3101 4370 auctoribus
3125 4322 3242 4369 arta
3278 4316 3471 4384 fuerint
3499 4329 3564 4368 ea

1970 4427 2089 4482 quae
2126 4413 2182 4467 in
2223 4408 2428 4466 Ofﬁciis
2475 4407 2858 4465 ecclesiasticis
2907 4407 3266 4473 celebrantur,
3311 4423 3424 4462 nou
3473 4422 3561 4460 se-

1969 4506 2277 4577 metipsum,
2308 4520 2417 4560 non
2450 4501 2775 4568 Leandrum,
2807 4517 2907 4557 nec
2935 4503 3071 4558 alios
3098 4502 3325 4572 liturgiaz
3354 4500 3564 4557 Gothtr

258 4600 449 4648 sancto
475 4590 687 4648 Isidoro
718 4591 1072 4661 imposuisse;
1104 4599 1160 4645 at
1200 4590 1313 4645 haec
1343 4589 1570 4646 assertio
1600 4591 1858 4663 antiquo-
1889 4621 1944 4681 ι)
1968 4598 2217 4665 Hispanae
2240 4607 2490 4654 auctores
2510 4595 2776 4665 agnoscit,
2796 4609 2955 4664 quam
2976 4594 3307 4665 Scriputram
3328 4609 3559 4657 sacram,

266 4702 380 4741 rum
400 4687 730 4741 auctoritate
747 4686 967 4741 minime
982 4685 1223 4753 fulcitur,
1245 4685 1311 4740 de
1338 4700 1401 4740 ea
1420 4685 1543 4740 silet
1566 4686 1855 4742 concilium

261 4779 589 4836 Toletanum
621 4796 697 4846 tv,
743 4780 911 4849 quod,
958 4781 1005 4839 si
1052 4781 1103 4835 id
1150 4780 1390 4834 muneris
1431 4789 1626 4836 sancto
1650 4779 1860 4837 Isidoro

249 4873 559 4941 tribuisset,
590 4887 859 4928 canonem
891 4871 960 4926 de
990 4886 1056 4927 ea
1084 4886 1165 4937 re,
1197 4879 1255 4925 ut
1286 4870 1403 4925 ﬁeri
1454 4870 1613 4935 solet,
1668 4871 1859 4939 utique

245 4965 655 5021 constituisset.
689 4961 879 5018 Canon
926 4971 1107 5019 autem
1144 4961 1407 5032 ejusmodi
1438 4960 1615 5017 nullus
1662 4969 1859 5019 exstat.

242 5058 477 5114 Braulio
502 5057 1181 5129 quoque,etiiildefonsus,
1207 5057 1299 5129 qui
1319 5055 1385 5112 de
1406 5055 1659 5127 operibus
1689 5057 1864 5114 sancti

325 5221 404 5286 (η)
441 5217 670 5273 Ευρῐιοι.
697 5216 891 5277 Gneo,
915 5229 1039 5286 pag.
1070 5213 1160 5269 66.
1185 5214 1284 5269 Ed.
1318 5214 1466 5286 Ven.
1489 5213 1648 5269 1750.

316 5290 403 5399 ab)
456 5288 788 5345 Renaudot..
839 5285 943 5343 Lit.
984 5285 1218 5355 Orient.,
1266 5295 1398 5341 tom.
1449 5285 1505 5355 I,
1543 5298 1667 5356 pag.
1722 5286 1860 5356 161,

239 5364 650 5519 ίὸῗέ)νῇ1ξςεριιε
694 5432 992 5495 Mozarab.,
1043 5444 1168 5502 pag.
1213 5430 1266 5494 6,
1325 5444 1448 5500 pag.
1482 5428 1607 5497 232,
1640 5438 1696 5486 et
1734 5437 1863 5486 nota

236 5522 383 5644 mil
400 5506 677 5633 archol.
723 5575 920 5640 Graec"
942 5574 1198 5645 ,pag.»65.
1259 5573 1588 5645 Renaudot.,
1613 5572 1717 5628 Lit.
1742 5572 1858 5641 Or.,

230 5658 388 5703 tnui.
424 5648 465 5703 Ι.
501 5666 556 5715 p.
585 5648 655 5703 25
676 5661 730 5703 et
757 5645 882 5711 265,
919 5643 1052 5701 tum.
1082 5643 1155 5716 II,
1183 5662 1235 5717 p.
1278 5646 1368 5711 40,
1422 5643 1538 5698 Ml.

313 5726 399 5787 te)
436 5719 651 5774 Missale
706 5719 1075 5783 Mozarabum,
1098 5735 1149 5788 p.
1177 5720 1227 5782 6,
1256 5717 1381 5773 252.

316 5793 407 5860 (ﬂ
439 5791 601 5844 Card.
645 5790 929 5857 Baronius,
953 5791 1005 5844 in
1030 5791 1251 5855 Annal.,
1274 5793 1339 5844 ad
1362 5805 1449 5843 an.
1472 5788 1596 5844 655.
1616 5788 1861 5860 Mabillo—

222 5858 401 5927 nius,
428 5862 495 5915 de
522 5862 728 5931 Liturg.
746 5860 960 5925 Gallio,
983 5862 1076 5915 lib.
1099 5878 1137 5928 ι,
1160 5877 1279 5931 cap.
1301 5861 1354 5923 4,
1374 5876 1520 5914 num.
1541 5860 1591 5915 8.
1614 5858 1861 5927 Nicolaus

222 5934 551 6001 Antonius,
585 5932 724 5988 Bibl.
750 5942 859 5987 vet.
884 5931 1056 6000 Ilisp.,
1096 5940 1234 6003 part.
1267 5949 1302 5999 ι,
1334 5946 1455 6002 pag.
1486 5931 1608 5999 269,
1654 5947 1707 5985 n.
1734 5931 1855 5986 194.

1968 4693 2337 4763 apostolorum
2371 4688 2730 4750 traditionem,
2762 4703 2950 4744 eorum
2984 4689 3233 4745 nimirum
3264 4688 3357 4757 qui
3384 4687 3437 4741 ia
3464 4685 3559 4739 Hi-

1968 4784 2155 4855 spania
2203 4783 2469 4841 Ecclesias
2500 4780 2898 4838 constituerunt
2965 4789 3021 4836 et
3050 4779 3299 4839 Ecclesiae
3326 4790 3558 4836 consue-

1970 4877 2231 4932 tudinem.

2038 4972 2163 5030 194.
2212 4972 2356 5029 Nihil
2401 4971 2565 5041 igitur
2613 4968 2953 5053 auctoritatis
3004 4968 3157 5023 hisce
3216 4961 3561 5033 opinionibus

1970 5067 2309 5125 tribuendum
2351 5076 2434 5123 est
2470 5081 2591 5137 quae
2626 5074 2880 5123 sanctum
2918 5064 3253 5126 uasorum,
3290 5068 3387 5115 aut
3429 5074 3559 5115 san-

1968 5223 2203 5301 Joanncs
2241 5225 2497 5301 Mariana,
2531 5224 2597 5279 de
2625 5225 2787 5301 rebus
2812 5221 3097 5301 Hispania,
3133 5217 3223 5273 lib.
3256 5233 3327 5283 vi,
3361 5232 3479 5288 cap.
3504 5215 3557 5284 5,

1969 5306 2027 5352 et
2050 5298 2135 5351 alii
2169 5306 2421 5353 auctores
2444 5294 2686 5365 Hispani,
2712 5296 2848 5349 bene
2878 5290 3052 5365 multi,
3079 5304 3216 5359 quos
3247 5304 3443 5345 omnes
3469 5304 3560 5365 no-

1967 5369 2210 5423 minatim
2238 5383 2523 5423 recensere
2545 5360 2703 5422 nimis
2730 5368 2943 5431 longum
2970 5360 3129 5425 foret,
3156 5368 3385 5429 quorum
3437 5360 3555 5429 pler

1968 5455 2121 5510 rique
2152 5450 2428 5495 auctorem
2459 5440 2686 5508 hturgize
2739 5436 2805 5489 ab
2835 5440 3060 5490 auctore
3096 5434 3325 5490 lliissalis
3372 5431 3556 5504 Moza—

1968 5511 2136 5567 rabici
2162 5530 2268 5565 non
2295 5513 2647 5568 distinguunt.

1967 5526 2136 5567 ηυιοι
2162 5530 2268 5565 non
2295 5526 2647 5567 (llSlﬂllellnI.

2063 5528 2136 5566 ιιῡι
2162 5530 2268 5565 non
2295 5526 2647 5580 (tlsmtguunt.

2063 5584 2115 5653 ρ)
2149 5581 2526 5646 Guitmuntlus,
2570 5584 2637 5635 de
2663 5578 3015 5653 corporiset
3039 5577 3326 5653 sanguinis
3345 5575 3554 5631 Christi

1966 5656 2020 5709 in
2042 5649 2380 5711 Eucharistia
2409 5654 2657 5713 veritate,
2689 5649 2777 5704 ubi
2816 5651 2889 5707 de
2915 5650 3117 5706 Missali
3150 5650 3411 5719 Hispano,
3442 5661 3551 5701 non

1966 5736 2146 5781 autem
2170 5728 2236 5781 de
2258 5726 2491 5793 liturgia,
2514 5722 2771 5793 loquitur.
3264 5792 3271 5793 γ
3436 5792 3443 5793 γ
3604 5740 3607 5743 ’

2037 5798 2463 5925 (Ιηὲιὲἓωίοιιιθο.
2495 5792 2604 5851 vet.
2641 5794 2818 5869 Hisp.,
2877 5795 2969 5851 lib.
3003 5810 3060 5865 v,
3101 5807 3220 5865 cap.
3247 5792 3302 5859 4-,
3334 5809 3388 5847 n.
3422 5792 3553 5859 l99,

2037 5886 2084 5925 κ.
2225 5908 2238 5924 .
