4040 6356
516 343 587 400 63

1977 341 2368 400 ΡΒᾸΕΡΑἸΊΟ.

3743 356 3830 428 61:1

511 470 657 517 ctum
710 458 971 517 lsidorum
1021 461 1251 532 liturgiae
1301 462 1481 520 Gotho
1504 494 1529 506 -
1550 461 1800 535 Hispanae
1853 471 2105 521 auctores
2133 470 2183 530 Α
2210 481 2367 538 quam
2398 462 2739 541 Evangelium
2767 471 3097 542 μηδίσειαν,
3146 484 3280 546 etc.,
3317 484 3373 533 et
3400 479 3722 550 praecipiunt
3755 479 3827 538 ut

515 562 570 609 et
613 553 923 611 conditores
962 557 1277 626 praedicant.
1309 557 1445 612 Sunt
1472 558 1615 613 enim
1658 572 1809 612 mera
1836 558 2108 615 recentio-

511 660 631 699 rum
666 645 937 715 ligmenta,
971 656 1096 717 post
1125 664 1158 702 χ
1188 656 1244 702 et
1282 664 1336 702 ιι
1362 646 1618 702 sreeulum
1652 647 1797 703 nullo
1827 656 1979 705 certo
2008 665 2110 703 au-

511 745 664 795 ctore
694 748 835 806 orta,
864 741 932 795 ab
961 741 1025 796 iis
1053 739 1248 796 deinde
1291 750 1586 812 propagata
1618 740 1711 811 qui
1740 740 1874 797 ritus
1902 743 2110 811 patrios

510 830 880 888 celéberrimis
926 843 1233 887 sanctorum
1275 828 1504 886 Leandri
1544 839 1599 885 et
1640 830 1829 886 Isidori
1871 833 2108 887 nomini-

508 924 629 980 bus.
666 924 953 998 VTan'quam
992 933 1147 981 scuto
1184 924 1441 994 quodam,
1479 933 1667 980 contra
1707 924 2110 996 impugnatores

508 1025 795 1086 protegere
822 1025 983 1087 atque
1006 1016 1169 1071 tutari
1198 1016 1528 1071 nitebantur.

581 1097 704 1161 195.
768 1108 877 1169 At,
946 1106 1240 1175 inquiunt,
1301 1108 1492 1163 saltem
1560 1110 1967 1166 concedendum
2024 1120 2109 1168 est

506 1198 686 1253 datam
734 1197 898 1253 fuisse
946 1208 1140 1255 sancto
1168 1198 1376 1256 Isidoro
1416 1216 1599 1256 curam
1650 1204 1983 1275 expurgandi
2021 1220 2106 1262 ve-

507 1299 677 1345 terem
726 1289 1000 1360 liturgi'am
1061 1292 1130 1346 ab
1186 1292 1625 1349 innovationibus
1677 1310 1834 1363 quae,
1892 1298 2105 1367 episco-

503 1398 697 1452 porum
755 1385 1003 1451 incuria,
1054 1385 1109 1439 in
1164 1400 1285 1440 eam
1338 1386 1700 1456 irrepserant,
1754 1403 1980 1459 eamque
2035 1390 2105 1445 ob

503 1487 721 1527 causam
772 1474 1041 1543 l-iturgiam
1099 1473 1288 1531 Gotho
1313 1475 1654 1547 -Hispanam
1706 1476 1840 1550 [Liv
1865 1479 1905 1551 J,
1963 1480 2104 1535 haud

503 1565 778 1621 immerito
853 1564 1209 1622 Isidorianam
1262 1583 1382 1623 esse
1430 1568 1778 1639 appellatam.
1839 1570 2104 1643 Equidem

500 1658 697 1728 opinor
737 1674 846 1714 non
893 1660 1055 1715 modo
1109 1660 1165 1716 in
1218 1661 1282 1716 iis
1331 1677 1451 1731 qua:
1492 1662 1558 1716 ad
1608 1662 1878 1733 liturgiam
1931 1666 2102 1737 perti-

500 1759 650 1817 nent,
701 1752 798 1807 sed
842 1751 896 1807 in
934 1755 1143 1809 caeteris
1171 1769 1388 1825 quoque
1437 1756 1598 1826 hujus
1641 1759 1856 1813 concilii
1881 1763 2105 1817 canoni-

2216 560 2395 615 laudes
2425 570 2549 632 post
2575 564 2775 619 lectum
2798 564 3150 638 Evangelium
3172 578 3476 628 eantentur.
3505 570 3598 627 Hac
3622 589 3815 645 voces,

2212 670 2337 710 cum
2384 657 2672 712 admodum
2713 659 3025 731 frequenter
3062 664 3115 719 in
3154 665 3303 721 hisce
3347 665 3581 723 decretis
3628 685 3817 724 recur-

2212 756 2357 818 rant,
2400 752 2710 821 ostendunt,
2763 755 2910 824 quod
2957 756 3193 825 aiebam,
3243 760 3381 816 ritus
3431 776 3569 830 quos
3621 760 3815 818 Patrts

2211 841 2585 911 approbarunt
2614 861 2715 901 nec
2740 857 3011 917 recentes,
3043 866 3222 922 neque
3252 851 3469 922 ignotos
3500 853 3690 920 fuisse,
3716 854 3815 911 sed

2205 932 2319 1003 jam
2353 946 2513 991 antea
2544 939 2743 1008 passim
2772 953 3045 1012 receptos,
3075 944 3275 1000 abusus
3313 962 3445 1002 vero
3476 962 3683 1016 paucos
3712 948 3812 1002 ad-

2209 1026 2443 1095 misisse,
2471 1038 2532 1083 ut
2560 1032 2650 1101 qui
2684 1034 2924 1089 nonnulli
2948 1045 3004 1090 et
3031 1037 3244 1109 quidam
3270 1037 3375 1095 dici
3408 1044 3691 1111 potuerint

2286 1118 2407 1174 197.
2441 1121 2627 1195 Neque
2674 1130 3193 1195 praetermittendum
3235 1133 3469 1199 videtur,
3501 1136 3555 1190 in
3602 1144 3685 1191 tot
3715 1137 3807 1194 de-

2208 1214 2394 1280 cretis,
2426 1231 2545 1285 quae
2573 1217 2642 1273 de
2671 1219 2833 1275 rebus
2864 1222 3126 1292 liturgicis
3154 1227 3383 1282 concilia
3424 1227 3663 1300 Hispana
3692 1233 3813 1287 edi-

2208 1306 2357 1374 dere,
2387 1324 2456 1363 ne
2486 1325 2648 1364 unum
2678 1313 2895 1382 quidem
2927 1316 3176 1384 inveniri,
3208 1318 3322 1393 [ιν]
3350 1336 3459 1390 quo
3492 1332 3587 1377 aut
3616 1340 3813 1382 nume-

2207 1415 2320 1467 rus,
2375 1410 2466 1456 aut
2512 1404 2664 1470 ordo,
2711 1408 3060 1465 constituitur
3104 1411 3319 1467 illarum
3352 1424 3559 1485 septem
3609 1418 3817 1475 solem-

2206 1491 2360 1545 nium
2414 1494 2762 1563 orationum,
2810 1499 3007 1568 quibus
3057 1502 3270 1571 liturgia
3321 1502 3817 1581 Gotho-HiSpana

2206 1584 2441 1640 maxime
2494 1596 2728 1655 constat,
2784 1598 2840 1645 et
2878 1591 2945 1645 ab
2985 1592 3105 1649 aliis
3152 1596 3473 1665 secernitur,
3518 1600 3672 1669 cujus
3724 1603 3813 1658 rei

2207 1694 2315 1735 non
2346 1681 2449 1735 alia
2479 1684 2619 1738 ratio
2650 1693 2877 1755 apparet
2918 1703 3078 1757 quam
3108 1690 3232 1759 quia
3280 1692 3395 1748 baro
3439 1695 3707 1764 praecipua
3748 1702 3810 1751 et

2206 1775 2438 1829 maxima
2491 1792 2615 1846 pars
2644 1778 2872 1847 liturgiaa
2900 1782 3172 1837 constanti
3212 1799 3312 1838 usu
3342 1784 3395 1838 in
3427 1786 3679 1841 omnibus
3707 1785 3805 1840 Hi-

496 1843 597 1899 buS
625 1844 920 1901 condendis
944 1847 1239 1945 ρτωοὶριξεε
1268 1856 1449 1917 Partes
1472 1851 1642 1945 $809“
1671 1850 1862 1945 “mori
1884 1854 2089 1925 fuisse;
2122 1841 2171 1902 Β
2196 1868 2395 1937 spanis:
2422 1841 2679 1924 Ecclesiis
2709 1841 2901 1927 eodem
2931 1872 3124 1928 ordine
3153 1889 3369 1945 semper
3385 1876 3654 1932 celebrata
3678 1877 3802 1935 fuit.

497 1939 543 1989 Ps
572 1937 715 1991 enim
743 1938 952 2011 synodo
992 1939 1225 2009 praefuit,
1256 1946 1312 1995 et
1345 1955 1538 2009 magna
1580 1941 1842 1999 doctrina:
1885 1954 1940 2000 et
1967 1962 2096 2002 san-

496 2030 697 2085 ctitatis
753 2030 893 2087 lania
944 2032 1192 2101 vigebat;
1248 2033 1641 2104 nihilominus,
1700 2051 1823 2091 cum
1878 2038 2093 2108 liturgia

495 2119 947 2193 Gallio-Hispana
968 2165 984 2192 ,
1015 2123 1157 2193 apud
1186 2125 1437 2194 antiquos
1465 2126 1757 2195 scriptores
1788 2127 2091 2185 Isidoriana

490 2230 599 2271 nou
647 2218 979 2288 appelletur,
1031 2229 1087 2273 et
1134 2234 1371 2275 canones
1422 2237 1611 2278 omnes
1668 2224 1883 2279 concilii
1924 2224 2087 2282 Tole-

488 2310 601 2364 tani
629 2327 682 2365 iv
710 2312 981 2366 communi
1010 2310 1231 2366 Patrum
1263 2314 1481 2367 nomine
1508 2314 1636 2369 editi
1666 2315 1798 2385 sint,
1829 2319 2088 2374 emenda-

486 2402 563 2458 tio
588 2402 814 2473 liturgia:
840 2405 1055 2459 videtur
1082 2406 1265 2474 potius
1294 2407 1388 2461 toti
1436 2408 1669 2465 concilio
1700 2426 1866 2481 quam
1898 2424 2086 2471 sancto

488 2493 692 2550 Isidoro
726 2496 1029 2551 tribuenda.

486 2609 514 2679 ᾗ
556 2608 689 2663 Xll-l.
732 2610 813 2683 An
861 2611 1077 2683 liturgia
1117 2610 1564 2683 Gothofllispaita
1618 2616 1682 2668 ab
1727 2619 2083 2683 apostolorum

555 2698 660 2735 tero
705 2682 774 2733 ad
812 2682 1073 2760 excidium
1113 2685 1259 2760 regni
1298 2682 1687 2756 Visigothorum
1727 2682 1783 2740 in
1814 2686 2082 2760 Hispania

554 2762 854 2807 constanter
882 2753 1181 2807 obtinuerit.

552 2866 677 2922 196.
707 2866 825 2921 Jam
854 2883 984 2924 vero
1012 2870 1280 2943 liturgiam
1311 2888 1472 2943 quam
1503 2877 1718 2931 concilii
1747 2876 1996 2934 Toletani
2026 2896 2079 2935 tv

478 2958 671 3014 Patres
700 2960 1075 3028 emendarunt,
1107 2972 1163 3017 et
1188 2965 1383 3034 solam,
1412 2966 1479 3021 ab
1509 2967 1777 3034 omnibus,
1806 2967 1858 3022 in
1881 2969 2075 3026 missa-

474 3068 593 3107 rum
653 3054 1044 3122 celebratione,
1091 3065 1146 3112 et
1193 3059 1246 3113 in
1305 3060 1585 3115 matutinis
1638 3062 2074 3133 vespertinisque

472 3146 765 3215 precibus,
820 3148 1049 3218 aliisque
1101 3150 1487 3208 ecclesiasticis
1552 3154 1763 3221 olliciis,
1824 3158 2070 3214 adhiberi

2199 1960 2256 2015 Si
2286 1961 2432 2015 enim
2462 1962 2515 2016 in
2544 1962 2685 2019 banc
2724 1973 2933 2035 partem
2962 1967 3199 2023 varietas
3246 1967 3425 2040 aliqua
3471 1979 3565 2024 aut
3598 1972 3801 2028 abusus

2198 2052 2529 2124 irrepsisset,
2579 2057 2769 2128 procul
2816 2057 2981 2113 dubio
3009 2060 3250 2130 episcopi
3277 2060 3329 2115 in
3376 2062 3595 2132 synodis
3622 2060 3801 2120 reme-

2194 2144 2340 2200 dium
2389 2147 2568 2201 statim
2617 2147 3001 2215 adhibuissent,
3047 2153 3500 2219 quemadmodum
3541 2169 3571 2208 a
3601 2156 3799 2220 couci-_

2195 2239 2250 2294 lii
2276 2239 2523 2296 Toletani
2557 2256 2608 2295 tv
2657 2242 2904 2299 Patribus
2934 2243 3137 2299 factum
3183 2253 3286 2310 est,
3330 2247 3421 2315 qui
3464 2262 3673 2310 canone
3698 2250 3797 2305 de-

2192 2334 2334 2389 cimo
2384 2334 2647 2402 insignem
2698 2351 2996 2405 paucorum
3052 2337 3281 2393 abusum
3338 2339 3683 2407 castigarunt,
3753 2355 3791 2396 a

2190 2425 2387 2494 quibus
2416 2425 2591 2479 oratio
2642 2424 2922 2481 Dominica
2966 2426 3156 2483 diebus
3197 2426 3460 2483 duntaxat
3493 2428 3791 2486 Dominicis

2189 2516 2541 2581 recitabatur,
2571 2526 2759 2571 contra
2779 2533 2917 2586 quos
2940 2517 3179 2573 decrevit
3200 2520 3438 2590 synodus
3468 2530 3526 2575 ut
3559 2522 3794 2593 quisquis

2188 2609 2536 2673 sacerdotum,
2588 2608 2665 2661 rel
2708 2608 3086 2679 subjacentt'ttm
3123 2612 3446 2679 clericorum,
3499 2613 3636 2668 hanc
3674 2631 3791 2669 ora-

2188 2700 2381 2753 tionem
2420 2698 2750 2754 Dominicam
2798 2702 3043 2771 quotidie,
3094 2710 3185 2756 aut
3238 2704 3293 2758 in
3341 2703 3562 2775 publico,
3608 2715 3698 2760 aut
3731 2708 3788 2762 in

2184 2791 2385 2859 privato
2409 2791 2585 2861 ofﬁcio
2607 2793 2930 2860 prteterierit,
2954 2805 3165 2865 propter
3186 2794 3480 2867 superbiam
3494 2798 3787 2868 judicatus,

2183 2881 2386 2937 ordinis
2414 2883 2494 2935 sui
2524 2882 2721 2937 honore
2747 2884 3036 2940 mulctetur.

2256 2972 2378 3028 198.
2420 2973 2720 3044 Praeterea,
2772 2976 3002 3047 liturgiae
3029 2978 3486 3050 Gotho~Hispanze
3526 2981 3695 3038 multa
3725 2992 3787 3039 et

2180 3066 2407 3135 insignia
2437 3077 2731 3123 occurrunt
2760 3070 3011 3138 vestigia,
3057 3077 3166 3124 tam
3216 3071 3270 3125 in
3314 3074 3561 3129 conciliis
3594 3076 3784 3145 llispa-

2180 3160 2263 3213 nis
2293 3176 2452 3230 quam
2486 3162 2537 3215 in
2569 3163 2945 3231 scriptoribus,
2974 3173 3027 3218 et
3057 3164 3294 3220 maxime
3326 3166 3379 3220 in
3420 3166 3698 3224 Breviario
3727 3180 3785 3225 et

471 3240 754 3294 voluerunt
777 3279 793 3307 ,
825 3257 944 3296 eam
974 3258 1113 3307 esse,
1154 3258 1319 3313 quam
1362 3247 1431 3301 ab
1469 3250 1729 3316 apostolis
1773 3252 1883 3306 suis
1914 3267 2069 3309 acce-
2096 3221 2143 3282 ο
2178 3254 2231 3309 in
2262 3254 2460 3310 Mi-sali
2492 3267 2699 3319 nostro,
2730 3264 2787 3309 et
2814 3257 2864 3310 in
2887 3256 3185 3312 Orationali
3210 3256 3440 3315 Gothico
3463 3260 3777 3328 Blanchinii,

470 3340 617 3401 ptam
667 3330 903 3402 Hispana
943 3335 1348 3389 Catholicorum
1400 3336 1639 3393 Ecclesia
1690 3344 1913 3410 perenni
1969 3360 2069 3400 usu

467 3423 789 3490 retinuerat,
838 3434 1034 3495 praeter
1086 3428 1349 3482 hactenus
1378 3427 1539 3495 dicta,
1590 3431 1741 3500 plura
1778 3444 1903 3488 sunt
1946 3450 2066 3505 qua:

468 3518 815 3586 persuadent.
872 3518 1007 3573 Nam
1065 3520 1119 3573 in
1166 3519 1399 3575 decretis
1447 3521 1605 3591 hujus
1656 3526 1901 3591 concilii,
1946 3545 2067 3598 qua:

469 3610 614 3664 circa
664 3611 895 3681 liturgite
936 3614 1383 3669 constitutionem
1432 3626 1733 3684 versantur,
1765 3621 1845 3674 ha:
1873 3637 2062 3690 voces,

466 3703 729 3767 nonnulli,
762 3704 997 3775 quidam,
1022 3703 1251 3774 aliaeque
1280 3705 1504 3774 similes,
1538 3706 1849 3777 frequenter
1874 3729 2063 3768 recur-

467 3802 613 3861 runt,
654 3810 773 3864 quae
800 3794 944 3849 haud
993 3796 1223 3851 obscure
1251 3796 1491 3854 indicant
1518 3801 1717 3859 abusus
1758 3813 1812 3859 et
1838 3804 2065 3862 innova-

468 3886 647 3942 tiones
674 3902 793 3955 qua:
823 3885 1181 3942 emendantur
1210 3886 1375 3946 fuisse
1405 3906 1722 3961 paucorum,
1766 3896 1902 3952 ritus
1936 3914 2064 3954 vero

464 3987 521 4035 et
563 3981 912 4035 cteremonias
947 3995 1067 4050 quae
1109 3983 1529 4054 constituuntur,
1559 3997 1613 4043 et
1641 3993 1912 4047 communi
1958 3990 2059 4046 Pa-

466 4079 610 4125 trum
664 4085 799 4125 voce
852 4074 1263 4144 approbantur,
1311 4094 1342 4134 a
1399 4082 1637 4136 maxima
1698 4084 2061 4140 Ecclesiarum

464 4171 621 4234 parte
650 4170 807 4217 antea
830 4163 995 4221 fuisse
1024 4166 1187 4236 longo
1216 4185 1317 4223 usu
1344 4180 1592 4242 receptas
1616 4180 1672 4226 et
1693 4177 2059 4230 conﬁrmatas.

464 4256 573 4321 Sic,
608 4258 841 4328 exempli
871 4275 1064 4327 causa,
1095 4276 1269 4316 canon
1314 4265 1577 4333 septimus
1613 4266 1777 4321 habet
1806 4284 1822 4323 :
1848 4267 2063 4339 Compe—

464 4349 649 4413 rimus,
701 4350 838 4419 quod
888 4367 980 4420 per
1024 4366 1334 4408 NONNULLAS
1373 4352 1661 4420 Ecclesias,
1697 4359 1751 4410 in
1781 4359 1865 4411 die
1902 4370 2065 4414 sexta:

466 4442 614 4513 feria:
641 4443 901 4508 passionis
934 4440 1241 4509 Dominica,
1256 4445 1449 4501 clausis
1481 4446 1811 4503 basilicarum
1841 4450 2059 4522 foribus,

465 4548 558 4587 nec
605 4531 894 4588 celebratur
941 4535 1198 4605 ofﬁcium,
1251 4553 1346 4591 nec
1392 4540 1567 4608 passio
1596 4539 1811 4597 Domini
1858 4545 2062 4614 populis

466 4626 808 4695 prtedicatur.
842 4627 978 4681 Tum
1016 4631 1292 4684 communi
1343 4632 1584 4687 omnium
1625 4635 1843 4690 nomine
1873 4640 2060 4706 praeci-

466 4718 614 4788 pitur
642 4726 702 4773 ut
730 4718 818 4774 die
848 4719 1075 4775 Veneris
1105 4728 1296 4777 sancto
1338 4722 1433 4778 liat
1457 4723 1716 4791 ofﬁcium,
1748 4729 2061 4799 mysterium

467 4812 642 4867 crucis
690 4813 1033 4883 praedicetur,
1090 4822 1146 4869 et
1189 4816 1474 4871 criminum
1528 4820 1858 4889 indulgentia
1915 4824 2061 4879 clara

465 4919 600 4959 voce
646 4905 713 4960 ab
764 4905 910 4960 omni
939 4907 1140 4977 populo
1170 4910 1492 4978 postuletur.
1536 4911 1627 4967 Sic
1670 4929 1842 4969 canon
1887 4931 2061 4975 nonus

464 4997 633 5052 habet
678 4999 907 5063 lucerna,
957 5009 1008 5054 et
1053 5017 1227 5056 cereus
1267 5004 1322 5056 in
1352 5006 1634 5076 pervigiliis
1664 5006 1888 5064 Pascha:
1920 5011 2062 5078 apud

466 5106 709 5156 nussum
740 5089 1004 5147 Ecclesias
1033 5111 1138 5149 non
1168 5093 1552 5164 benedicuntur,
1594 5107 1724 5164 etc.,
1756 5102 2061 5173 praecipitur

467 5182 666 5239 deinde
694 5190 753 5238 ut
781 5186 1079 5253 quotannis,
1096 5186 1316 5244 lucerna
1346 5198 1402 5244 et
1429 5204 1619 5246 cereus
1643 5191 2055 5250 benedicentur.

468 5275 562 5332 Sic
587 5292 797 5355 canone
822 5279 1138 5337 duodecimo
1165 5282 1221 5335 in
1242 5298 1536 5346 QUIBUSDAM
1566 5302 1763 5357 quoque
1791 5286 2061 5357 Hispania:

468 5368 721 5425 Ecclesiis
758 5371 936 5426 laudes
973 5383 1087 5443 post
1121 5375 1427 5447 Apostolum
1478 5377 1841 5446 decantantur,
1888 5380 2062 5449 prius-

542 5528 620 5600 (a)
661 5527 790 5604 pan.
816 5531 872 5586 4.
897 5531 1097 5589 Rursus
1118 5538 1257 5591 dicat
1277 5536 1673 5591 archidiaconus
1694 5533 1920 5592 Eamne
1942 5551 2057 5604 vos,

468 5608 519 5655 et
546 5601 817 5677 congestim
842 5619 1018 5658 omnes
1048 5617 1283 5677 surgant.

544 5669 620 5740 (ὁ)
648 5669 728 5728 De
772 5672 873 5730 hac
902 5669 1290 5731 consuetudine
1335 5677 1488 5733 testis
1524 5686 1607 5732 est
1654 5674 1976 5734 Prudentius
2007 5680 2059 5733 in

468 5742 675 5815 hymno
699 5745 885 5814 quinto
900 5746 1338 5815 Cathemerinon.

566 5812 615 5937 :1)
656 5812 734 5870 De
760 5813 1163 5895 eccles..plﬁc.,
1196 5817 1288 5871 lib.
1322 5833 1360 5884 ι,
1403 5832 1522 5886 cap.
1551 5818 1637 5899 15.

605 5882 625 5937 ὶ
655 5886 1117 5937 Anathemattsmo
1149 5887 1216 5937 M
1239 5887 1403 5937 habet
1434 5906 1449 5937 :
1502 5888 1563 5937 SI
1592 5906 1637 5937 αι

656 5815 733 5870 De
760 5815 1163 5895 eccles..plﬁc.,
1196 5817 1288 5871 lib.
1322 5833 1360 5884 ι,
1403 5832 1522 5886 cap.
1551 5818 1637 5899 15.
1666 5891 1676 5903 υ
1910 5894 1920 5905 ⁸
2026 5896 2036 5908 ο

602 5882 625 5956 )
655 5886 1117 5942 Anathemattsmo
1149 5887 1216 5944 14
1239 5887 1403 5944 habet
1434 5906 1449 5942 :
1502 5888 1563 5945 St
1592 5906 1705 5961 quis
1736 5906 1836 5945 non
1868 5892 2061 5949 dixerit

2175 3358 2235 3402 ut
2278 3349 2497 3402 minime
2541 3348 2892 3403 dubitandum
2940 3349 3010 3403 sit
3037 3350 3167 3418 quin
3198 3352 3313 3406 haec
3334 3366 3398 3406 ea
3441 3353 3513 3407 sit
3562 3353 3779 3423 liturgia

2175 3439 2261 3493 cui
2309 3455 2339 3493 a
2388 3451 2634 3509 suscepta
2686 3439 2789 3494 lide
2834 3440 3138 3496 Christiana
3190 3442 3411 3512 Hispani
3458 3453 3779 3499 constanter

2172 3530 2519 3591 adhazserjnt.
2550 3530 2617 3584 Et
2639 3539 2743 3585 uta
2778 3532 3007 3587 concilio
3040 3532 3469 3605 Tuletanorv(a)
3494 3534 3776 3606 incipiam,

2171 3622 2226 3676 iu
2258 3638 2324 3678 eo
2354 3624 2558 3678 mentio
2589 3624 2645 3677 ﬁt
2672 3624 2927 3681 solemnis
2958 3623 3230 3694 formulae,
3278 3625 3476 3697 Erigite
3500 3643 3620 3692 vos,
3662 3642 3773 3697 qua

2171 3716 2433 3772 diaconus
2463 3717 2719 3786 populum
2750 3717 3006 3771 monebat
3049 3726 3109 3772 ut
3137 3719 3303 3772 erecti
3333 3727 3585 3781 orarent,
3618 3732 3773 3771 eam-

2172 3808 2406 3876 demque
2438 3809 2647 3863 lllissale
2676 3807 2910 3863 Ximenii
2938 3809 3171 3863 retinuit.

2242 3901 2365 3955 199.
2407 3899 2631 3956 Canoue
2662 3916 2813 3955 nouo
2845 3899 2905 3952 lit
2934 3900 3138 3955 mentio
3169 3899 3236 3954 de
3265 3898 3483 3954 lucerna
3515 3906 3571 3953 et
3596 3913 3769 3965 aereo

2168 3992 2435 4064 paschali,
2482 3993 2573 4063 qui
2612 3992 2766 4062 juxta
2811 4000 3077 4047 vetustam
3124 3990 3391 4062 Hispania:
3421 3990 3767 4046 consuetudi-

2167 4102 2289 4140 nem
2318 4086 2391 4157 (ὁ)
2426 4086 2477 4141 in
2509 4086 2704 4156 vigiliis
2729 4086 3072 4157 paschalibus
3094 4085 3407 4140 solemniter
3436 4084 3772 4141 benedicun-

2168 4186 2276 4233 tur.
2327 4178 2548 4235 Canone
2588 4179 2871 4237 undecimo
2912 4186 3077 4247 agunt
3115 4178 3182 4232 de
3228 4177 3441 4231 alleluia
3480 4177 3765 4244 cauendo,

2169 4285 2331 4340 quem
2371 4271 2532 4324 ritum
2580 4270 2720 4340 apud
2768 4269 3036 4341 Hispanos
3062 4276 3335 4326 vetustum
3378 4283 3499 4324 esse
3538 4275 3771 4325 testatur

2166 4374 2385 4419 sanctus
2413 4362 2645 4420 Isidorus
2672 4364 2765 4437 (c).

2235 4458 2361 4512 200.
2402 4456 2623 4513 Canone
2650 4458 2861 4513 decimo
2893 4458 3053 4511 tertio
3100 4456 3277 4525 agitur
3324 4453 3391 4509 de
3433 4447 3609 4506 missis
3635 4491 3651 4517 ,
3696 4452 3768 4507 de

2167 4550 2435 4620 precibus,
2468 4551 2535 4603 de
2564 4550 2793 4620 hymnis,
2826 4547 2893 4601 de
2916 4546 3271 4608 orationibus,
3298 4558 3390 4598 seu
3418 4542 3487 4596 de
3508 4556 3763 4596 manuum

2167 4641 2600 4711 impositionibus
2629 4654 2768 4709 quis,
2801 4638 3067 4706 inquiunt,
3093 4646 3151 4689 ut
3183 4636 3395 4700 llereul,
3420 4636 3663 4687 admonet
3682 4641 3769 4686 at-

2165 4751 2262 4807 que
2288 4734 2525 4788 hortatur
2554 4732 2875 4787 Timotheum
2900 4732 3195 4801 Apostolus,
3231 4725 3427 4797 quibus
3470 4726 3646 4781 verbis
3668 4739 3767 4779 au-

2165 4836 2368 4883 ctorem
2397 4840 2507 4881 sua:
2530 4825 2755 4895 liturgize
2786 4830 3083 4894 agnoscunt
3106 4819 3329 4874 Paulum
3362 4819 3685 4889 apostolum.

2234 4917 2359 4973 201.
2399 4917 2698 4973 Concilium
2727 4917 3045 4972 Tuletanum
3072 4932 3149 4981 ιιι,
3176 4930 3316 4969 anno
3333 4912 3457 4979 589,
3483 4914 3535 4967 in
3560 4913 3763 4968 minori

2166 5010 2449 5079 doxologia
2483 5009 2663 5065 Gloria
2688 5018 2735 5062 et
2764 5010 2949 5075 honor,
2986 5018 3215 5063 vetusto
3239 5007 3602 5076 Hispanorum
3633 5009 3762 5075 ritu,

2164 5102 2450 5157 dicendum
2482 5117 2601 5157 esse
2631 5099 2884 5154 indicavit
2925 5101 3025 5171 (Α).
3054 5098 3278 5154 Canone
3306 5101 3546 5155 secundo
3575 5099 3769 5154 decre-

2163 5199 2240 5253 vit
2270 5207 2328 5252 ut
2375 5206 2501 5251 ante
2547 5196 2847 5250 orationem
2901 5196 3233 5251 Dominicam
3277 5194 3591 5266 Symbolum
3619 5194 3767 5250 Con-

2163 5295 2698 5367 stantinopolitanum
2730 5294 3009 5351 rccitetur.
3051 5291 3274 5347 Canoue
3310 5292 3597 5347 undecimo
3644 5306 3763 5345 me-

2164 5389 2322 5444 minit
2349 5388 2416 5443 de
2448 5385 2791 5457 impositione
2820 5401 3075 5442 manuum
3106 5385 3631 5456 superpeenitentes
3651 5423 3666 5449 ,
3707 5390 3769 5445 et

2163 5556 2353 5618 omnis
2376 5557 2445 5596 er
2470 5555 2644 5618 nomen
2662 5538 2854 5618 ΡΑτιιιε
2883 5557 2955 5597 ετ
2979 5541 3250 5618 FlLloLBr
3273 5540 3510 5618 Sriatrui
3534 5552 3761 5618 sancro,
3820 5600 3831 5604 η

2164 5613 2440 5667 anathema
2466 5615 2551 5677 sit,
2588 5613 2811 5667 formam
2844 5615 3102 5680 integram
3129 5609 3627 5678 Golho-llispanani
3659 5609 3761 5680 mi-

2162 5685 2310 5739 noris
2340 5684 2641 5758 doxologia:
2687 5678 3346 5758 conciliutu;Toletanum
3380 5698 3451 5745 iv,
3498 5695 3630 5758 can._
3656 5678 3759 5758 15,

2164 5755 2378 5810 tradidit
2407 5774 2418 5809 :
2456 5752 2655 5821 Gloria,
2683 5764 2731 5807 et
2762 5754 2924 5808 honor
2958 5753 3128 5818 Patri,
3162 5764 3210 5807 et
3242 5753 3401 5822 Filia,
3443 5760 3491 5806 et
3535 5752 3759 5822 Spiritui

2162 5837 2363 5897 sancto,
2395 5829 2449 5882 in
2481 5826 2669 5885 saecula
2698 5825 3024 5882 saeculorum.
3058 5826 3239 5879 Amen.
