4040 6356
281 302 345 367 85
1164 324 1167 327 ·
1190 316 1193 319 ‘
1756 292 1880 366 ΡΜ

1986 304 2147 366 ιτιο.
2584 313 2592 320 ’
3420 324 3421 327 ‘
3518 310 3590 378 δε

275 436 487 493 centone
514 412 992 501 vigesumo'tertio
1034 420 1107 480 de
1149 417 1529 480 festivitatibus
1574 430 1883 482 sanctorum
1911 436 1966 495 Α
1988 426 2136 482 brari
2164 423 2385 480 solitum
2410 420 2601 493 fuisse,
2631 433 2686 482 et
2712 441 2923 485 canone
2952 443 3099 485 nono
3138 429 3379 487 oﬂicium
3406 434 3587 491 eccle-

277 528 404 585 eizit.
818 567 840 585 .

309 542 470 674 8:02.
513 567 1188 675 Concilium.Bracarense
1216 626 1275 678 ιι,
1302 625 1446 665 anno
1478 608 1589 665 572
1609 650 1628 677 ,
1675 624 1890 667 canone

276 713 448 786 primo
481 707 762 765 mandavit
789 714 854 761 ut
880 702 1259 761 catechumeni
1276 700 1595 773 Symbolum
1622 701 1765 770 lidei,
1793 717 1891 773 per

274 811 388 864 dies
418 805 610 875 viginti
637 811 765 858 ante
796 800 1009 857 Pas‘cba
1030 799 1369 864 doceantur;
1400 813 1510 866 quo
1549 797 1714 853 etiam
1746 804 1886 852 tem-

275 915 408 971 pore
438 898 509 952 ad
532 897 894 968 purgationem
920 891 1199 947 exorcismi
1225 905 1321 947 eos
1346 905 1675 946 concurrere
1702 891 1885 960 jussit,

278 1009 509 1064 eamque
564 988 1019 1048 consuetudinem
1068 992 1342 1040 vetustam
1393 980 1526 1058 [va]
1571 982 1738 1040 fuisse
1790 984 1888 1039 do-

275 1098 363 1144 cet
395 1090 497 1156 (α).

343 1086 823 1233 Concilium
862 1171 1099 1243 primum
1142 1169 1518 1235 Bracarense‘,
1567 1184 1712 1225 anno
1742 1166 1884 1237 561,

278 1271 521 1342 capitulo
552 1268 733 1335 tertio,
765 1266 997 1322 formam
1028 1262 1250 1320 tradidit
1285 1277 1392 1333 qua
1436 1262 1686 1319 sacerdos
1713 1278 1887 1333 popu-

276 1362 388 1419 lum
419 1357 652 1426 salutat,
701 1367 758 1415 et
799 1374 906 1429 qua
953 1355 1186 1429 populus
1225 1354 1558 1425 respondere
1597 1353 1756 1409 debet
1784 1354 1884 1425 (ὁ),

277 1454 646 1527 pnecepitque
673 1460 735 1507 ut
762 1450 955 1507 eadem
998 1447 1268 1504 salutandi
1300 1446 1529 1503 formula
1561 1447 1799 1517 episcopi
1829 1456 1886 1502 et

277 1545 583 1618 presbyteri
612 1550 851 1600 utantur.
901 1538 1050 1595 Idem
1079 1537 1371 1594 concilium
1423 1537 1660 1608 capitulo
1695 1536 1786 1604 16,
1816 1536 1883 1591 17

277 1646 331 1694 et
356 1636 447 1703 ΞΙ,
484 1637 554 1691 de
581 1632 1101 1692 commemoratione
1120 1630 1521 1693 defunctorum,
1551 1645 1671 1700 qua:
1693 1630 1747 1685 in
1769 1645 1885 1686 ora-

274 1728 425 1785 tione
452 1736 571 1799 post
596 1726 834 1790 nomina,
865 1731 921 1779 et
942 1722 1071 1778 dum
1092 1722 1349 1793 diptycha
1374 1723 1695 1790 recitantur,
1719 1723 1797 1790 tit,
1827 1730 1884 1778 et

1988 517 2266 575 siasticum
2312 517 2629 586 celebrare,
2679 521 2993 591 antiphonas
3040 524 3213 593 facere
3252 523 3418 591 dixit,
3457 528 3586 597 quia

1988 609 2066 664 uti
2092 609 2256 665 modo
2280 608 2624 665 Mozarabum
2656 611 2921 684 ofﬁcium,
2966 615 3039 669 ita
3072 624 3199 672 tunc
3226 615 3587 689 Hispanorum

1990 718 2181 759 cursus
2203 703 2601 759 ecclesiasticus
2630 720 2696 759 ex
2719 706 3052 776 antiphonis,
3085 724 3211 764 cum
3234 711 3350 767 suis
3377 712 3586 769 oratio-

1989 796 2168 862 nibus,
2199 797 2468 867 praecipue
2494 798 2793 853 constabat.

2058 888 2185 945 207.
2226 890 2521 947 Concilium
2552 892 3091 963 Cmsaraugustanum
3122 896 3355 966 primum
3378 936 3395 964 ,
3438 913 3581 955 anno

1988 982 2114 1049 580,
2147 1000 2355 1039 canone
2384 992 2597 1054 quarto,
2630 985 2695 1040 de
2725 985 2972 1043 Adventu
3002 987 3216 1043 Domini
3240 990 3381 1058 agit,
3421 1006 3582 1061 quem

1987 1072 2043 1128 in
2070 1073 2326 1145 Hispania
2358 1073 2549 1131 festive
2576 1076 2927 1131 celebrabant
2958 1078 3051 1148 (e).
3082 1079 3383 1136 Concilium
3406 1082 3585 1138 Illibe-

1985 1166 2243 1234 ritanum,
2269 1180 2411 1221 anno
2442 1164 2566 1233 505,
2604 1165 2756 1238 [un]
2786 1169 3056 1238 prohibet,
3089 1185 3299 1227 canone
3322 1172 3581 1242 vigesimo

1987 1273 2152 1325 nono,
2178 1272 2246 1312 ne
2273 1258 2625 1328 energumeni
2647 1274 2842 1314 nomen
2870 1259 2939 1315 ad
2961 1260 3134 1317 altare
3154 1277 3276 1317 cum
3306 1263 3585 1320 oblatione

1985 1348 2266 1415 recitetur,
2296 1364 2404 1420 quo
2448 1348 2649 1405 indicat
2678 1350 2895 1406 nomina
2931 1351 2999 1407 ad
3039 1351 3209 1407 altare
3243 1353 3369 1408 olim
3402 1354 3453 1410 in
3493 1354 3587 1410 lli-

1984 1441 2172 1511 spania
2201 1440 2424 1495 recitata
2452 1441 2646 1509 fuiSse,
2683 1457 2847 1513 quem
2879 1458 3085 1499 morem
3117 1444 3294 1500 adhuc
3321 1446 3428 1501 ritu
3460 1462 3585 1517 pro-

1984 1535 2103 1607 prio
2126 1534 2819 1592 Mozarabesrctinueruut.
2848 1538 2915 1592 Et
2936 1553 3146 1594 canone
3167 1539 3580 1609 quadragesimo

1984 1636 2176 1685 octavo
2202 1628 2453 1698 prohibet
2482 1644 2551 1684 ne
2591 1630 2906 1685 sacerdotes
2934 1630 3100 1701 pedes
3127 1632 3310 1687 lavent
3338 1642 3585 1688 recenter

1982 1720 2401 1792 baptizatorum,
2424 1731 2543 1777 erat
2563 1723 2705 1777 enim
2735 1738 2853 1779 mos
2876 1725 3269 1781 vetustissimus
3292 1724 3582 1795 Hispaniae,

273 1819 343 1875 de
389 1827 562 1875 cantu
608 1818 937 1889 psalmorum
984 1816 1037 1869 in
1093 1812 1374 1871 funeribus
1411 1815 1714 1872 adhibendo
1766 1831 1878 1872 meo
1906 1808 1956 1870 B
1986 1823 2043 1870 et
2066 1814 2271 1883 Galliae,
2300 1816 2482 1872 lavare
2508 1816 2673 1889 pedes
2702 1817 3099 1890 neopbytorum
3127 1832 3159 1873 e
3185 1833 3340 1873 sacro
3367 1820 3583 1874 lavacro

272 1910 453 1966 mittit.

339 2001 472 2058 ΞΜ.
514 2001 817 2058 Concilium
840 1999 1219 2067 Valentinum,
1263 2016 1407 2058 anno
1447 2000 1570 2069 616,
1611 2003 1776 2073 capit.
1808 2003 1834 2057 1
1860 2045 1877 2072 ,

267 2092 565 2152 constituit
592 2100 654 2149 ut
680 2092 735 2147 in
770 2091 961 2148 ordine
996 2092 1297 2149 lectionum
1333 2094 1606 2163 legeretur
1639 2092 1881 2164 Evange~

269 2183 408 2243 lium
431 2196 561 2257 post
592 2186 928 2256 Apostolum,
954 2195 1009 2241 et
1030 2195 1088 2241 ut
1108 2188 1515 2245 catechumenis
1538 2190 1883 2259 permittatur

271 2276 551 2335 interesse
582 2281 835 2335 concioni
862 2280 1177 2346 sacerdotis,
1206 2281 1300 2351 qui
1335 2298 1455 2339 mos
1496 2290 1684 2352 postea
1729 2278 1882 2339 inva-

280 2368 412 2437 luit,
444 2388 570 2427 cum
595 2380 755 2427 antea
779 2372 987 2429 diversa
1005 2372 1159 2427 fuerit
1187 2372 1485 2443 disciplina:
1508 2375 1672 2430 ratio.

357 2462 491 2519 205.
533 2462 834 2521 Concilium
861 2465 1280 2533 Barcinonense,
1324 2482 1469 2524 anno
1500 2467 1632 2535 5&0,
1681 2471 1882 2525 consti-

270 2556 379 2612 tuit
411 2557 487 2627 (c)
530 2566 591 2613 ut
630 2559 869 2630 psalmus
911 2559 1381 2631 quinquagesimus
1425 2569 1553 2616 ante
1597 2561 1881 2619 Canticum

265 2645 511 2714 dicatur,
555 2657 611 2704 et
652 2656 713 2704 ut
753 2648 1061 2705 benedictio
1090 2651 1144 2705 in
1192 2651 1471 2707 matutinis
1508 2653 1760 2722 precibus
1786 2654 1882 2709 tri-

263 2736 471 2794 buatur
500 2737 749 2795 ﬁdelibus
786 2739 888 2812 (d),
918 2754 1041 2810 quae
1086 2741 1121 2794 ii
1165 2756 1307 2811 aegre
1354 2742 1659 2813 intelligent
1687 2746 1882 2814 quibus

264 2829 612 2888 Breviarium
639 2831 984 2888 Mozarabum
1008 2831 1269 2906 Ximenii,
1292 2843 1349 2890 et
1369 2836 1507 2891 ratio
1538 2836 1879 2907 persolvendi

263 2921 451 2979 divina
481 2920 662 2979 ofﬁcia
700 2924 842 2995 apud
861 2922 1349 2996 Gotho-Hispanos
1377 2927 1560 2998 ignota
1600 2936 1743 2983 sunt.
1772 2927 1881 2985 Eo-

266 3014 390 3073 dem
416 3030 641 3087 quoque
683 3024 896 3084 spectat
922 3032 1103 3073 canon
1144 3018 1451 3085 trigesimus
1493 3018 1709 3074 concilii
1737 3020 1881 3088 Aga-

1980 1908 2394 1980 egredientium,
2430 1910 2523 1981 qui
2554 1912 2689 1966 ritus
2728 1912 2833 1966 hoc
2869 1925 3077 1967 canone
3104 1905 3212 1967 non
3243 1911 3585 1982 prohibetur,

1981 2002 2078 2057 sed
2107 2004 2502 2071 tantummodo,
2525 2020 2594 2061 ne
2623 2005 2957 2069 sacerdotes,
2984 2004 3088 2059 hoc
3114 2010 3196 2059 est
3224 2017 3291 2058 ne
3320 2002 3584 2074 episcopi,

1982 2092 2167 2149 lavent
2192 2094 2356 2164 pedes
2377 2095 2777 2169 neophytorum
2805 2095 3163 2166 interdicitur,
3196 2111 3303 2152 non
3331 2111 3484 2160 vero,
3512 2109 3583 2149 ne

1982 2199 2015 2239 a
2060 2187 2428 2257 presbyteris,
2478 2188 2765 2259 levitisque
2808 2189 3058 2245 laventur
3108 2189 3206 2262 (Ῑ).
3261 2186 3382 2243 Alia
3425 2188 3581 2258 plura

1982 2279 2208 2348 vestigia
2238 2279 2465 2350 liturgiae
2493 2280 2952 2354 (letho-Hispanae
2983 2283 3036 2336 in
3061 2280 3305 2337 conciliis
3328 2279 3579 2350 Hispanis

1982 2381 2299 2441 recurrunt,
2345 2374 2440 2429 sed
2467 2388 2531 2429 ea
2571 2382 2834 2443 praetereo
2876 2390 2946 2430 ne
2973 2374 3161 2431 eadem
3194 2374 3392 2444 saepius
3420 2387 3583 2442 repe-

1986 2470 2189 2519 tantur.

2052 2557 2178 2613 208.
2198 2558 2315 2612 Alia
2332 2573 2460 2616 vero
2483 2558 2724 2629 ejusdem
2742 2558 2972 2628 liturgize
2986 2559 3213 2629 vestigia
3230 2560 3285 2615 in
3303 2559 3503 2617 Missali
3519 2567 3580 2616 et

1983 2648 2037 2704 in
2058 2648 2334 2705 Breviario
2364 2648 2734 2718 Mozarabum,
2757 2659 2923 2721 atque
2948 2651 3002 2706 in
3024 2648 3318 2708 Orationali
3344 2650 3581 2707 Gothico

1982 2743 2352 2810 inveniuntur,
2397 2744 2596 2814 quibus
2634 2752 2691 2801 et
2736 2744 2929 2801 horum
2976 2744 3236 2800 librorum
3266 2747 3581 2816 antiquitas,

1981 2843 2039 2891 et
2060 2834 2287 2905 liturgite
2306 2834 2758 2907 Gotho-Hispanaz
2782 2845 3074 2907 perpetuus
3096 2836 3147 2890 in
3173 2836 3427 2909 Hispania
3454 2854 3583 2893 usus

1981 2930 2430 2999 comprobantur,
2477 2938 2532 2985 et
2574 2930 2805 3001 primum
2854 2930 3094 2986 omnium
3137 2933 3373 2987 occurrit
3415 2932 3583 2986 illatio

1981 3020 2157 3075 missae
2211 3019 2415 3076 Natalis
2465 3020 2699 3086 Domini,
2782 3019 2913 3075 Vere
2964 3021 3249 3091 dignum...
3296 3022 3417 3092 quia
3462 3029 3581 3091 post

270 3106 514 3173 thensis;
546 3121 673 3161 nam
693 3107 990 3177 antiquitus
1014 3123 1208 3166 cursus
1223 3108 1531 3166 Gallicanus
1544 3110 1686 3165 idem
1708 3110 1879 3167 ferme
1922 3179 1950 3183 _
1982 3115 2147 3169 multa
2170 3123 2422 3183 tempora,
2441 3114 2497 3167 in
2521 3113 2619 3166 hac
2642 3113 2742 3178 die,
2768 3128 2911 3167 ANTE
2931 3128 3033 3167 non
3055 3128 3231 3167 unus
3260 3129 3582 3172 TEMPOBA...

272 3204 386 3252 erat
426 3197 526 3267 qui
563 3196 1071 3270 Cottio-Hispanus,
1125 3199 1193 3255 ad
1233 3215 1395 3270 quem
1444 3200 1605 3257 etiam
1647 3202 1882 3272 pertinet
1908 3179 1953 3240 C
1986 3205 2134 3261 nobis
2162 3179 2314 3259 natus
2353 3214 2430 3259 est
2459 3202 2694 3258 Christus
2732 3202 2885 3257 Jesus
2914 3201 3221 3274 Unigenitus
3252 3212 3436 3258 tuus...
3465 3218 3582 3272 qua:

273 3301 450 3344 canon
480 3287 728 3344 decimus
752 3290 967 3345 concilii
996 3288 1398 3357 Gerundensis,
1430 3307 1575 3347 anno
1607 3289 1709 3347 517
1739 3292 1885 3347 cele-

278 3375 446 3447 brati,
474 3394 586 3449 quo
606 3380 918 3451 praecipitur
933 3388 991 3435 ut
1015 3381 1195 3437 oratio
1215 3380 1494 3437 Dominica
1522 3381 1577 3437 in
1600 3382 1884 3438 matutinis

275 3480 333 3529 et
358 3473 688 3544 vespertinis
717 3471 971 3542 precibus
995 3471 1241 3542 quotidie
1267 3471 1504 3528 dicatur.

345 3562 473 3623 206.
516 3563 822 3621 Concilium
852 3562 1287 3633 Tarraconense,
1326 3580 1470 3620 anno
1498 3561 1622 3632 516,
1654 3579 1777 3635 cap.
1809 3562 1879 3630 4,

273 3657 549 3729 liturgiam
586 3659 880 3731 Hispanam
913 3667 1110 3715 statuta
1142 3659 1251 3716 Deo
1278 3660 1531 3716 solemnia
1558 3661 1882 3732 appellavit,

275 3760 474 3823 utpote
501 3767 621 3822 quae
643 3760 849 3809 statuto
875 3767 1106 3809 numero
1124 3794 1140 3822 ,
1182 3760 1237 3809 et
1260 3762 1411 3809 certo
1434 3754 1624 3808 ordine
1652 3753 1882 3825 ἀίδροεί-

285 3850 472 3914 tam
496 3843 787 3900 lectionum
819 3842 1136 3915 Scripturae,
1166 3845 1496 3909 orationum,
1525 3844 1878 3917 hymnorum,

282 3949 513 4007 precum
536 3943 591 3992 et
614 3935 1028 4007 antiphonarum
1057 3936 1359 3992 constabat.
1392 3935 1694 3991 Concilium
1720 3935 1880 3992 Tole-

278 4033 471 4082 tanum
502 4028 753 4099 primum,
800 4043 947 4083 anno
972 4026 1095 4092 400,
1126 4042 1335 4083 canone
1361 4026 1536 4098 primo
1568 4036 1623 4082 et
1650 4035 1878 4096 quarto,

277 4116 484 4175 indicat
523 4118 791 4191 Hispanos
819 4121 874 4176 in
919 4122 1083 4175 missa
1112 4128 1225 4175 tres
1255 4128 1348 4175 aut
1396 4120 1581 4191 plures
1619 4120 1881 4175 lectiones

276 4196 575 4280 recitasse,
614 4222 669 4268 et
696 4227 905 4270 canone
933 4212 1123 4282 quinto
1146 4253 1163 4280 ,
1200 4211 1417 4268 missam
1460 4209 1702 4282 quotidie
1737 4209 1880 4266 cele-

351 4352 426 4424 (a)
466 4354 637 4409 Cone.
680 4352 836 4410 Brac.
884 4368 951 4419 ιι,
1003 4368 1125 4408 can.
1156 4351 1180 4404 1
1215 4368 1228 4406 :
1284 4351 1533 4424 EpiscOpi
1575 4350 1759 4424 debent
1784 4351 1881 4406 hoc

280 4423 447 4496 modis
488 4424 726 4479 omnibus
753 4426 1035 4496 precipere
1058 4465 1100 4496 ,_
1122 4432 1197 4487 ut,
1246 4424 1377 4477 sicut
1425 4423 1623 4496 antiqui
1654 4438 1877 4496 canones

275 4494 457 4567 iubent
479 4537 495 4559 ,
544 4498 667 4550 ante
696 4492 804 4550 dies
853 4496 1033 4566 viginti
1082 4492 1319 4563 baptismi
1344 4532 1358 4554 ,
1404 4493 1478 4567 ad
1520 4492 1877 4567 purgationem

283 4563 581 4635 exortismi,
609 4563 959 4621 catechumeni
990 4575 1220 4629 currant,
1247 4566 1301 4617 in
1329 4564 1509 4635 quibus
1546 4564 1727 4635 viginti
1767 4563 1869 4618 die

284 4633 393 4700 bus,
425 4641 637 4692 omnino
660 4637 1036 4691 catechumenis
1061 4633 1384 4705 Symbolum,
1413 4634 1549 4706 quod
1572 4633 1667 4695 est,
1695 4634 1877 4706 Caeno

282 4720 333 4763 ut
362 4723 507 4763 unus
531 4709 691 4785 Dan!
730 4707 951 4785 Quae!
985 4705 1447 4785 ριιιιιξοτειξιςιειι,
1464 4706 1757 4785 specialiter
1767 4705 1876 4785 ilo-

282 4791 515 4834 ceantur.
566 4779 622 4834 In
654 4776 950 4834 Ora'tionali
979 4778 1231 4847 Gothico,
1258 4774 1587 4847 dies_viginti
1627 4776 1717 4844 qui
1766 4774 1876 4847 Do-

282 4851 534 4920 minicam
564 4850 870 4919 paschalem
903 4845 1231 4920 pracedunt,
1266 4848 1329 4901 de
1362 4845 1664 4920 Traditione
1694 4846 1878 4920 appel-

282 4918 483 4990 lantur,
522 4918 649 4991 quia
679 4922 743 4975 iis
771 4918 958 4975 diebus
993 4919 1311 4990 Symbolum
1342 4918 1591 4988 privatim
1627 4918 1877 4971 tradeba-

282 4998 368 5046 tur
396 4995 806 5047 catechumenis
826 4992 1279 5062 competentibus.

351 5064 428 5145 (ὁ)
461 5063 658 5145 Forma
683 5056 989 5145 salutandi,
1010 5134 1021 5143 _
1031 5064 1110 5145 uti
1138 5060 1299 5117 modo
1324 5060 1389 5145 in
1417 5056 1649 5145 concilio
1676 5057 1876 5145 Braca-

282 5128 422 5205 rensi
453 5136 653 5205 primo,
681 5149 801 5189 can.
835 5134 889 5199 1,
920 5134 1133 5201 legitur,
1166 5147 1229 5188 ea
1260 5140 1378 5187 est:
1408 5128 1664 5205 Dominus
1695 5132 1761 5183 sit
1791 5148 1878 5205 v_o-

284 5200 515 5276 biscum,
560 5200 919 5276 respondendi
961 5200 1132 5259 vero:
1184 5213 1235 5257 et
1280 5219 1393 5276 cum
1434 5200 1630 5276 Spiritu
1663 5211 1768 5276 tuo.
1803 5201 1878 5256 De

282 5273 381 5330 hac
405 5272 550 5332 nulla
582 5272 666 5331 est
686 5276 1007 5340 dillicultas;
1056 5284 1112 5328 at
1146 5290 1267 5329 cum
1298 5272 1875 5327 MiSsaleMozarabum

282 5359 595 5403 constanter
627 5348 825 5403 habeat
851 5346 1108 5402 Dominus
1153 5347 1220 5400 sit
1244 5360 1451 5400 δειινειι
1479 5344 1737 5398 vobiscum
1757 5384 1771 5409 ,
1823 5352 1879 5398 et

283 5414 419 5473 Galli
448 5419 577 5474 olim
606 5419 799 5474 eadem
828 5418 1000 5473 forma
1025 5419 1104 5472 usi
1134 5418 1274 5479 sint.
1320 5416 1771 5484 quemadmodum
1809 5430 1877 5467 ex

281 5502 469 5546 sancto
491 5491 768 5547 Germano
794 5490 1074 5554 habemus,
1106 5496 1201 5542 aut
1218 5486 1500 5542 dicendum
1525 5486 1651 5539 illud
1672 5501 1877 5539 ssurrzn

285 5558 335 5611 in
367 5570 516 5617 textu
558 5562 773 5618 concilii
804 5560 1071 5622 deiicere.
1114 5566 1211 5614 aut
1241 5560 1293 5612 in
1334 5555 1563 5613 formula
1608 5557 1875 5611 salutandi

286 5630 516 5701 aliquam
548 5635 868 5688 varietatem
896 5633 1024 5686 olim
1054 5629 1345 5687 exstitisse.

354 5706 424 5771 (ε)
464 5704 599 5761 Can.
633 5704 685 5759 1.

356 5775 434 5844 (ti)
468 5777 622 5841 Ibid.,
654 5792 780 5832 can.
806 5776 861 5829 2.

356 5840 429 5920 (ε)
467 5840 772 5906 Concilium
796 5846 1127 5917 Caesaraug.,
1172 5858 1293 5903 can.
1325 5842 1405 5902 ιε
1443 5840 1644 5915 Viginti
1677 5847 1730 5897 et
1771 5855 1878 5897 uno

1985 3296 2153 3353 verba
2183 3295 2603 3351 vetustissimam
2651 3295 3027 3364 antiquitatem
3079 3310 3190 3364 pra:
3229 3309 3287 3350 se
3332 3295 3477 3351 ferre
3501 3296 3582 3349 vi-

1984 3388 2201 3456 dentur,
2236 3403 2337 3444 nec
2361 3388 2651 3458 quidquam
2696 3386 2951 3457 prohibet
2991 3385 3279 3457 quominus
3319 3402 3349 3440 a
3394 3387 3583 3457 primis

1983 3480 2212 3551 liturgite
2232 3479 2623 3547 conditoribus,
2643 3495 2761 3536 aevo
2781 3478 3102 3551 apostolico,
3128 3480 3329 3550 scripta
3356 3479 3577 3546 fuerint,

1983 3574 2180 3645 quibus
2209 3590 2313 3629 non
2351 3583 2474 3629 ante
2498 3574 2662 3629 multa
2708 3582 2939 3644 tempora
2982 3571 3224 3628 Christus
3269 3579 3427 3627 natus
3476 3571 3580 3627 dici

2022 3668 2177 3724 otuit.

2022 3682 2177 3724 Otuu.

1983 3682 2020 3739 Ρ
2054 3758 2176 3814 209.
2193 3757 2496 3815 Occurrunt
2516 3758 2570 3812 in
2587 3755 2787 3813 Missali
2803 3763 2857 3811 et
2879 3756 2930 3810 in
2948 3755 3222 3811 Breviario
3234 3754 3581 3811 Mozarabum

1984 3851 2259 3907 orationes
2300 3862 2422 3919 quae
2472 3846 2791 3916 conscripta:
2834 3853 3099 3915 apparent
3144 3844 3360 3913 quando
3407 3845 3578 3899 cultus

1983 3944 2330 4015 profanorum
2361 3939 2641 3994 numinum
2682 3937 2859 3991 adhuc
2885 3936 3131 4005 vigebat,
3179 3949 3301 3988 cum
3342 3937 3581 3991 cruentis

1982 4030 2255 4087 sacriﬁciis
2278 4037 2335 4084 et
2360 4029 2508 4085 omni
2528 4034 2790 4100 apparatu
2814 4028 3013 4081 insanae
3038 4025 3435 4095 superstitionis
3461 4026 3537 4098 (g)
3561 4045 3576 4094 ;

1982 4141 2233 4197 magnam
2278 4141 2495 4197 quoque
2548 4124 2923 4194 antiquitatem
2969 4122 3114 4194 sapit
3168 4124 3340 4178 oratio
3390 4122 3579 4196 [Lvut]

1982 4217 2152 4274 Missa
2178 4234 2297 4290 qua:
2339 4218 2615 4275 Dominica
2656 4225 2843 4288 quarta
2893 4224 3018 4286 post
3055 4212 3260 4270 Pascha
3292 4216 3573 4282 recitatur,

1982 4352 2087 4417 die,
2118 4369 2149 4405 a
2180 4367 2270 4406 xvr
2301 4349 2427 4405 Kal.
2458 4348 2726 4415 Januarii,
2756 4365 2913 4421 usque
2955 4348 3026 4402 ad
3058 4346 3197 4421 diem
3222 4346 3536 4419 Epiphania:
3561 4390 3575 4411 ,

1982 4440 2098 4492 qua:
2124 4432 2197 4476 est
2222 4439 2313 4477 vm
2344 4420 2472 4475 ldus
2501 4421 2769 4492 Januarii,
2807 4419 3062 4474 continuis
3094 4419 3272 4472 diebus
3292 4461 3305 4484 ,
3337 4421 3481 4492 nulli
3508 4421 3577 4473 li-

1983 4490 2096 4547 ceat
2120 4494 2183 4546 de
2210 4494 2425 4546 ecclesia
2457 4510 2510 4545 se
2550 4491 2822 4544 absentare
2844 4531 2859 4555 ,
2908 4507 2998 4543 nec
3040 4491 3201 4544 latere
3225 4492 3277 4542 in
3309 4490 3574 4555 dantibus;

1984 4583 2076 4618 nec
2106 4565 2255 4616 nudis
2291 4563 2502 4627 pedibus
2528 4562 2764 4615 incedere
2789 4604 2802 4626 ,
2848 4561 2938 4614 sed
2967 4577 3272 4614 concurrere
3314 4568 3383 4613 ad
3409 4562 3576 4614 eccle-

1980 4636 2144 4698 siam;
2169 4636 2259 4717 qui
2284 4649 2393 4717 non
2418 4636 2777 4717 observaperit,
2810 4632 3087 4717 auat/tenta
3109 4632 3193 4717 sit:
3219 4630 3293 4683 Ab
3326 4632 3571 4711 universi:

1980 4702 2232 4776 episc0pis
2260 4706 2452 4776 dictum
2480 4712 2575 4766 est,
2611 4703 2899 4757 Anathema
2924 4705 3012 4776 sit.
3040 4702 3135 4776 Est
3172 4702 3283 4776 haec
3313 4702 3573 4776 antiquis-

1979 4772 2113 4832 sima
2161 4774 2419 4829 memoria
2446 4814 2462 4840 ,
2510 4788 2633 4845 qua:
2676 4783 2872 4839 exstat,
2914 4773 3270 4845 solemnitatis
3301 4772 3575 4845 Adventus

1980 4847 2228 4912 Domini,
2270 4838 2545 4914 quae,'ut'
2587 4844 2832 4909 videtur,
2880 4852 3038 4899 antea
3094 4844 3332 4914 instituta
3374 4838 3569 4914 fuerat.

1979 4916 2183 4973 Deinde
2211 4912 2645 4985 Go‘tho-llispani
2674 4916 2790 4983 ejus
2820 4916 3027 4969 initium
3054 4914 3120 4967 ad
3162 4912 3573 4985 feslunrsancti

1979 4989 2173 5044 Aciscli
2200 4979 2600 5051 protraxerunt.
2632 4979 2844 5040 Miésale
2867 4986 3161 5048 Mozarab.,
3197 4994 3319 5051 pag.
3353 4979 3476 5035 407.

2053 5059 2133 5131 (f)
2163 5052 2590 5132 Mediolancnses
2618 5072 2835 5128 quoque
2860 5056 3105 5132 solebant
3151 5052 3571 5132 pedespeophi-

1978 5123 2156 5186 torum
2206 5130 2419 5194 lavare,
2464 5137 2525 5183 ut
2590 5123 2809 5184 sanctus
2855 5123 3168 5181 Ambrosius
3214 5123 3268 5176 in
3316 5123 3453 5177 libro
3504 5126 3571 5180 de

1978 5200 2264 5273 Mysteriis,
2295 5216 2422 5273 cap:
2448 5199 2502 5265 6,
2532 5208 2587 5273 e_t
2616 5200 2682 5253 de
2710 5194 3094 5273 Sacramentis,
3127 5194 3216 5249 lib.
3251 5210 3339 5273 tu,
3369 5210 3486 5264 cap.
3517 5196 3567 5262 1,

1979 5264 2115 5338 ιι.’4,
2138 5264 2519 5326 ἰηόίρω.υειιε
2546 5271 2801 5326 Romanae
2824 5264 3079 5338 Ecclesia:
3100 5267 3403 5338 contrarius
3431 5275 3568 5332 erat,

1978 5351 2039 5398 ut
2061 5335 2253 5398 auctor
2279 5341 2349 5397 de
2377 5341 2765 5405 Sacramentis,
2790 5337 2884 5391 lib.
2908 5352 2986 5402 ιιι,
3016 5352 3067 5392 c.
3094 5337 3144 5403 1,
3166 5353 3221 5392 ιι.
3249 5335 3297 5397 5,
3318 5345 3566 5391 testatur.

2049 5414 2127 5487 (gl
2156 5412 2214 5487 In
2254 5412 2456 5469 bii-sali
2486 5412 2725 5487 Mosam,
2769 5421 2890 5479 pag.
2923 5406 3023 5487 68Δ
3060 5418 3142 5487 est
3184 5407 3569 5487 illatio.nii.~s'n

1978 5478 2273 5541 Dominica:
2299 5486 2543 5539 secunda:
2571 5488 2690 5550 post
2717 5478 2948 5552 octavas
2981 5478 3314 5552 Epiphaniae,
3358 5478 3409 5552 in
3427 5493 3563 5552 qua,

1973 5556 2151 5610 missa:
2200 5565 2391 5609 auctor
2439 5548 2723 5609 connibrens
2776 5548 3102 5606 sacriﬁcium
3149 5548 3567 5603 eucharisticum

1971 5642 2099 5683 cum
2148 5629 2385 5682 cruentis
2428 5622 2734 5697 sacriliciis,
2786 5623 3014 5697 inquit:
3042 5620 3171 5697 AIYon
3233 5620 3315 5672 hic
3362 5618 3565 5697 balatus

1976 5699 2167 5757 ovium,
2192 5715 2295 5751 non
2321 5697 2543 5764 mugitus
2566 5693 2734 5759 boum,
2769 5688 2873 5750 non
2898 5692 3179 5747 volatilium
3204 5707 3326 5764 vox,
3344 5688 3437 5764 sub
3462 5690 3563 5740 ictu

1975 5772 2157 5823 mortis
2187 5760 2427 5821 dolorem'
2442 5767 2645 5831 incutit,
2679 5783 2779 5819 non
2810 5768 2996 5819 horror
3022 5772 3097 5817 est
3143 5760 3432 5831 sanguinis,
3459 5771 3561 5831 non

1980 5839 2177 5912 fastidii
2207 5837 2455 5902 cruditas,
2486 5838 2575 5891 sed
2603 5825 2853 5892 mirabilis
2892 5846 3042 5905 atque
3068 5825 3321 5902 stupenda
3346 5839 3421 5886 est
3447 5825 3559 5881 llo-
