4040 6356
471 314 541 375 7|
1908 292 2308 359 PREFA'HO.
2392 308 2397 311 '

3686 282 3789 342 79

545 424 673 482 21Ἷ.
710 421 1072 489 Mabillonius,
1102 419 1195 492 qui
1226 414 1505 476 contendit
1527 412 1799 485 liturgiam
1822 410 2069 469 Mosara-
2096 415 2151 476 Α
2173 407 2376 466 Nomm
2402 403 2548 461 enim
2591 410 2678 461 est
2725 410 3000 474 receptam
3043 400 3100 458 in
3141 396 3385 457 Ecclesia
3427 397 3787 472 disciplinam

475 518 674 586 Dicam,
723 516 830 572 hoc
872 522 975 583 est,
1006 509 1529 581 Gotho'Hispanam,
1576 506 1756 563 minus
1798 503 2072 575 antiquam

475 626 598 670 use
618 625 779 681 quam
804 605 1137 664 Gallicanam
1161 604 1263 677 (a),
1294 610 1484 659 contra
1512 601 1658 657 hunc
1686 598 1866 656 locum
1895 596 2074 653 missae

476 705 653 765 sancti
701 703 916 762 Martini
965 702 1072 758 duo
1115 698 1362 771 opponit.
1413 696 1674 762 Primum,
1727 693 1900 765 inquit
1942 688 2076 748 illud

476 801 648 861 atatis
669 806 865 854 nostra:
905 810 1065 869 posse
1105 793 1347 867 protrahi
1393 792 1595 865 longius
1618 807 1777 860 quam
1819 789 1887 843 ad
1916 803 2077 843 unum

477 892 746 949 sceculum.
794 889 1012 955 Fateor,
1067 887 1113 943 si
1160 900 1340 942 sermo
1375 882 1518 940 foret
1554 886 1622 939 de
1666 882 1927 953 longaevis
1971 881 2076 937 illis

478 982 791 1040 hominibus
820 981 913 1051 qui
942 987 1070 1035 ante
1090 978 1363 1035 deluvium
1387 976 1657 1032 vixerunt.
1686 974 1797 1030 Sed
1822 972 2076 1046 quoniam

477 1082 727 1147 tempore
774 1072 949 1130 sancti
978 1071 1193 1128 Martini
1223 1069 1506 1127 hominum
1552 1069 1666 1125 vita
1694 1083 1804 1124 non
1832 1066 1935 1123 fuit
1959 1066 2080 1122 diu-

479 1172 694 1230 turnior
724 1185 887 1240 quam
915 1168 1081 1225 modo
1110 1174 1218 1235 est,
1248 1181 1313 1223 ea
1341 1181 1461 1237 quae
1487 1172 1614 1222 ante
1658 1179 1831 1221 annos
1860 1172 2078 1221 centum

478 1262 797 1321 acciderunt
839 1276 950 1317 non
978 1269 1133 1315 atate
1174 1266 1375 1325 nostra,
1425 1256 1523 1313 sed
1564 1264 1802 1327 patrum,
1830 1262 1926 1311 aut
1947 1269 2080 1312 avo-

480 1369 626 1423 rum,
672 1362 835 1410 :etate
861 1362 1012 1423 gesta
1061 1351 1397 1418 dicebantur,
1428 1348 1888 1422 quemadmodum
1916 1347 2081 1405 modo

480 1446 756 1504 dicuntur.

551 1537 679 1597 218.
720 1537 929 1595 Deinde
976 1538 1203 1610 opponit
1248 1538 1403 1593 verba
1447 1537 1547 1592 illa
1575 1536 1752 1592 aetatis
1778 1542 1979 1593 nostrae
2014 1548 2082 1589 ea:

480 1633 765 1704 οηιὶψὶοή
816 1631 1031 1703 liturgia
1078 1630 1344 1701 desumpta
1393 1631 1573 1702 fuisse.
1624 1628 1683 1685 Si
1725 1628 1806 1685 vir
1838 1627 2082 1684 eruditus

481 1724 704 1784 nomine
728 1723 953 1795 liturgia:
981 1721 1250 1791 intelligat
1277 1721 1489 1778 Missale
1511 1721 1731 1791 aliquod
1760 1728 1856 1777 aut
1882 1720 2081 1776 Sacra-

2175 515 2286 558 non
2316 497 2626 572 permisisse
2652 504 2713 554 ut
2732 496 2788 554 in
2816 497 2995 553 missis
3023 504 3081 553 et
3116 495 3170 551 iu
3199 494 3537 553 orationibus
3555 494 3788 567 publice

2175 591 2470 650 recitandis
2495 590 2779 662 Opinioncs
2803 589 3114 662 suspiciosae
3137 589 3525 646 insererentur.

2243 684 2367 740 220.
2407 684 2492 740 Ad
2519 684 2774 740 saeculum
2799 699 2853 740 vr
2877 682 3003 754 (nisi
3035 682 3192 749 forte,
3218 683 3365 753 quod
3386 681 3647 739 credibile
3662 691 3782 749 est,

2173 776 2449 847 antiquior
2474 775 2565 847 sit)
2593 776 2831 846 pertinet
2851 773 3023 831 forma
3052 774 3429 841 confessionis,
3460 789 3556 830 seu
3582 775 3791 845 apolo-

2175 872 2297 942 gite,
2329 886 2491 940 quam
2524 871 2580 925 in
2617 870 2778 926 missa
2807 869 3117 925 sacerdotes
3142 866 3367 939 Hispani
3398 868 3690 932 iaciebant,
3724 876 3788 923 et

2176 979 2342 1035 quam
2370 963 2545 1019 adhuc
2591 962 2646 1017 in
2695 961 2857 1017 missa
2896 960 3238 1016 Mozarabica
3284 962 3645 1032 recitant({):
3701 959 3787 1013 Ea

2177 1056 2321 1113 enim
2341 1057 2540 1126 scripta
2569 1055 2673 1111 fuit
2692 1054 2909 1126 quando
2931 1054 3121 1111 concio
3147 1054 3448 1109 sacerdotis
3469 1053 3790 1108 habebatur

2178 1156 2305 1221 post
2327 1148 2623 1220 apologiam
2651 1148 2750 1220 (g),
2776 1154 2942 1217 atque
2968 1146 3108 1207 adeo
3138 1153 3263 1217 post
3288 1145 3623 1201 oblationem
3655 1161 3787 1199 mu-

2177 1257 2391 1299 nerum.
2433 1241 2540 1299 Sed
2579 1257 2701 1298 cum
2741 1240 3030 1297 concilium
3082 1238 3445 1305 Valentinum,
3475 1253 3619 1293 anno
3651 1236 3789 1305 546,

2179 1335 2424 1391 ordinem
2471 1334 2649 1391 missae
2701 1332 2953 1404 Hispanas
3000 1332 3054 1388 in
3104 1330 3208 1386 hac
3261 1337 3417 1402 parte
3468 1329 3788 1395 mutaverit,

2180 1427 2543 1499 praecipiendo
2588 1435 2648 1482 ut
2676 1426 2866 1483 concio
2908 1425 3207 1484 sacerdotis
3250 1424 3305 1479 in
3334 1424 3497 1480 missa
3536 1423 3795 1480 catechu-

2181 1536 2467 1577 menorum
2513 1520 2828 1589 haberetur,
2873 1526 3101 1590 apparet
3140 1516 3370 1574 formam
3402 1517 3543 1574 hanc
3567 1516 3792 1573 confes-

2181 1611 2372 1682 sionis,
2401 1612 2536 1677 sive,
2561 1610 2639 1667 uti
2667 1611 2902 1675 aiebant,
2931 1610 3215 1681 apologir,
3244 1610 3597 1682 compositam
3624 1610 3794 1669 fuisse

2182 1704 2376 1763 saltem
2401 1704 2546 1760 circa
2574 1703 2784 1760 initium
2809 1703 2994 1760 saeculi
3023 1719 3095 1760 vr.

481 1814 828 1881 mentarium,
850 1792 961 1869 non
985 1827 1250 1885 repugno.
1276 1810 1503 1868 Planum
1524 1799 1775 1868 enim'est
1796 1812 2088 1883 plerasque
2116 1792 2167 1853 Β
2259 1793 2386 1852 221-
2427 1795 2509 1852 Ad
2551 1795 2669 1852 δαῖε
2716 1803 2962 1867 tempora
3012 1795 3137 1868 (ηίδί
3188 1794 3329 1853 “me
3372 1796 3648 1868 antiquior
3690 1797 3791 1869 εἰι)

484 1909 704 1977 missas,
749 1922 869 1978 quae
908 1906 1073 1963 modo
1117 1906 1173 1962 in
1204 1905 1408 1963 Missaii
1451 1904 1792 1962 Mozarabico
1820 1904 2090 1961 habentur

486 2016 559 2059 ex
603 2000 896 2072 antiquiori
950 1998 1133 2071 aliquo
1181 1997 1385 2055 Missali
1429 1994 1882 2069 Gotho-Hispano
1924 1995 2090 2054 fuisse

484 2092 858 2165 depromptas.
908 2091 1021 2148 Sed
1066 2090 1283 2148 Missale
1324 2090 1457 2146 illud
1500 2089 1742 2161 ejusdem
1791 2093 1927 2145 erat‘
1954 2089 2089 2145 ritus

486 2184 642 2255 cujus
688 2195 775 2243 est
820 2184 986 2241 missa
1029 2184 1203 2239 sancti
1251 2181 1492 2251 Martini,
1541 2181 1753 2238 scilicet
1788 2180 2089 2253 Hispanici,

486 2286 654 2348 atque
699 2278 838 2335 adeo
882 2276 1047 2333 missa
1091 2276 1266 2333 sancti
1316 2274 1554 2342 Martini,
1604 2274 1852 2345 quamvis
1877 2274 2006 2330 olim
2033 2274 2088 2330 in

486 2374 783 2445 antiquiori
819 2371 1020 2429 Missali
1066 2370 1341 2442 descripta
1377 2368 1562 2437 fuerit,
1608 2369 1664 2424 in
1710 2377 2088 2439 argumentum

487 2465 827 2536 antiquitatis
847 2465 987 2521 ritus
1013 2463 1240 2534 Hispani
1260 2472 1408 2520 recte
1429 2462 1733 2519 adducitur.
1755 2463 1849 2519 Sin
1869 2463 2091 2519 nomine

486 2556 717 2627 liturgia:
740 2556 902 2611 ritum
932 2556 1002 2611 ab
1024 2555 1265 2626 Hispano
1286 2552 1487 2609 Ordine
1506 2555 1779 2609 diversum
1802 2554 2087 2625 intelligat,

490 2646 571 2702 illi
600 2661 709 2702 non
752 2647 1043 2713 assentior,
1075 2646 1237 2716 eique
1264 2645 1427 2702 missa
1455 2645 1630 2701 sancti
1673 2645 1888 2701 Martini
1928 2660 2093 2716 oppo-

489 2733 657 2803 nitur,
688 2751 807 2807 qua:
833 2737 1033 2807 ubique
1061 2737 1225 2791 ritum
1253 2734 1765 2807 Gotho-Hispanum
1794 2752 2090 2808 repraeseno

492 2834 596 2896 tat,
650 2836 709 2882 et
754 2836 1074 2896 argumenta
1121 2828 1384 2884 hactenus
1434 2829 1645 2898 prolata
1695 2827 1855 2885 ﬁdem
1885 2826 2092 2885 faciunt

489 2916 765 2987 liturgiam
786 2915 1309 2990 Gotbo-Hispanam,
1340 2918 1497 2993 [uti]
1518 2928 1645 2976 ante
1668 2936 1866 2976 annum
1889 2916 2091 2977 Christi

491 3009 1078 3081 quadringentesimum
1099 3011 1155 3068 in
1183 3010 1442 3084 Hispania
1470 3014 1790 3071 obtinuisse.

562 3101 687 3158 219.
715 3103 811 3182 _Ad
833 3104 1089 3161 saeculum
1116 3120 1153 3160 v
1189 3104 1377 3161 referri
1406 3114 1587 3177 potest
1605 3108 1767 3164 missa
1796 3105 2090 3162 Dominicae

492 3197 694 3268 quintae
713 3176 835 3268 post
861 3196 1089 3265 Pascha,
1117 3199 1364 3270 quamvis
1389 3173 1548 3256 valde
1572 3199 1850 3271 probabile
1875 3201 1944 3255 sit
1964 3207 2091 3256 ante
2116 3173 2164 3238 (ἶ

493 3304 697 3344 annum
718 3289 1307 3359 quadringentesimum
1322 3290 1581 3361 scriptam
1596 3290 1783 3348 fuisse.
1803 3289 1933 3361 Ejus
1949 3290 2093 3347 enim

499 3380 689 3435 inlatio
721 3379 796 3451 (ὁ)
813 3379 975 3459 haud
1016 3380 1248 3438 obscure
1274 3381 1467 3438 alludit
1500 3382 1566 3437 ad
1596 3383 1904 3453 opinionem
1946 3382 2096 3439 illam

493 3486 659 3543 quam
690 3470 907 3528 Missale
936 3470 1274 3528 Gallicanum
1300 3482 1457 3531 vetus
1487 3474 1559 3547 (c)
1590 3482 1646 3531 et
1669 3473 1883 3531 Missale
1908 3472 2095 3531 Gallo-

498 3561 789 3620 Gothicum
834 3565 914 3636 (d)
965 3574 1151 3637 aperte
1199 3567 1437 3635 tradunt,
1492 3576 1550 3623 et
1591 3567 1936 3639 antiquorum
1985 3583 2097 3624 non

500 3659 663 3729 pauci
708 3667 998 3715 tenuerunt
1027 3659 1121 3733 (e).
1171 3660 1434 3718 Moriente
1474 3661 1687 3718 Christo
1715 3662 1945 3718 Domino
1988 3677 2097 3718 non

501 3748 666 3805 modo
696 3750 935 3805 animam
982 3750 1294 3821 humanam,
1340 3751 1438 3809 sed
1462 3751 1695 3808 Verbum
1723 3767 1941 3823 quoque
1969 3751 2095 3808 divi-

468 3854 471 3855 '
502 3857 653 3910 num,
681 3844 859 3900 soluta
903 3843 982 3923 ad
998 3845 1165 3903 breve
1214 3855 1427 3917 tempus
1453 3846 1793 3918 hypostatica
1821 3846 2040 3913 unione,
2066 3860 2098 3902 a

500 3951 667 3992 carne
697 3938 933 3994 humana
975 3938 1280 4009 seiunctum
1326 3939 1513 4007 luisse,
1559 3947 1617 3996 et
1643 3954 1841 4011 corpus
1866 3939 2102 3997 domini-

499 4044 625 4083 cum
666 4030 734 4084 ab
774 4032 955 4086 anima
983 4040 1040 4086 et
1068 4032 1246 4089 Verbo
1294 4042 1602 4105 separatum
1637 4032 1872 4105 iacuisse
1910 4034 1965 4090 in
2012 4049 2098 4091 se-

496 4119 707 4190 pulcro.
762 4119 889 4178 Haec
942 4132 1123 4179 autem
1166 4124 1353 4195 opinio
1404 4125 1597 4181 haeresi
1656 4125 1976 4196 Apollinarii
2042 4134 2099 4181 et

497 4212 856 4282 quorumdam
886 4214 1212 4271 Arianorum
1250 4215 1526 4272 erroribus
1565 4216 1726 4273 nimis
1764 4216 1951 4273 favens
1978 4225 2102 4288 post

496 4302 785 4359 concilium
827 4304 1270 4362 Chalcedonense
1310 4306 1447 4363 adeo
1478 4307 1658 4364 deseri
1696 4308 1882 4379 cmpit,
1914 4316 1975 4362 ut
2011 4307 2097 4362 vix

497 4395 764 4466 putandus
792 4398 862 4454 sit
885 4407 1078 4456 auctor
1104 4398 1264 4470 hujus
1290 4399 1469 4457 missae
1493 4400 1691 4458 saeculo
1718 4417 1771 4457 vt
1796 4401 2095 4473 scripsisse.

571 4574 648 4644 (a)
680 4573 758 4630 De
783 4575 996 4647 liturgia
1024 4576 1317 4647 Gallicana,
1363 4579 1453 4635 lib.
1503 4594 1546 4646 ι,
1576 4594 1695 4651 cap.
1730 4580 1784 4647 4,
1821 4596 1971 4636 num.
2003 4582 2091 4637 10.
2126 4575 2180 4637 D

572 4667 647 4748 (bl)
688 4668 852 4748 Miss__._
884 4671 1110 4748 Moz‘ar.,
1166 4689 1288 4745 pag.
1338 4673 1444 4730 245
1488 4674 1604 4729 :Et
1657 4676 1886 4748 spoliatis
1942 4694 2098 4735 carne

508 4737 767 4808 Verbum,
792 4742 921 4797 liber
942 4745 1010 4798 ad
1037 4737 1454 4819 infefosvpergis,
1486 4756 1594 4803 etc.

498 4830 833 4957 Paghgag.
892 4834 1039 4904 448,
1104 4838 1159 4892 in
1205 4838 1579 4895 immolatione
1623 4839 1800 4896 missas
1852 4842 2097 4900 clausum

577 4974 657 5043 (ιι)
687 4974 816 5050 Pag_.
863 4975 993 5046 548,
1038 4977 1138 5034 Ed.
1170 4979 1329 5036 Rom.
1385 4980 1544 5050 1680,
1598 4983 1653 5039 in
1684 4984 1888 5043 immo].
1918 4986 2099 5044 missae

502 5042 745 5099 clausum
770 5042 1012 5104 Pascha}.

574 5114 643 5187 (ε)
678 5114 813 5172 Vide
838 5127 995 5175 notas
1023 5134 1146 5191 pag.
1176 5120 1304 5191 549,
1324 5122 1450 5180 550.

500 5210 812 5353 pag)
848 5212 1079 5284 Mozar.,
1126 5231 1250 5289 pag.
1283 5216 1316 5271 5
1346 5238 1360 5274 :
1396 5220 1654 5279 Accedam
1683 5223 1755 5281 ad
1782 5231 1853 5292 te,
1882 5233 2011 5293 etc.,
2043 5233 2100 5282 et

577 5377 656 5459 (9)
690 5377 771 5432 Ex
815 5377 1262 5463 ipsis_Apologize
1304 5385 1482 5442 verbis
1532 5398 1759 5463 apparet
1807 5404 1926 5445 eam
1970 5396 2099 5463 ante

502 5454 818 5529 concionem
840 5454 1117 5529 recitatam
1138 5454 1334 5529 fuisse;
1358 5467 1552 5526 rogant
1570 5454 1713 5514 enim
1746 5470 1803 5515 ut
1822 5459 2094 5529 seraphim

502 5526 729 5603 mentem
771 5523 1074 5603 sacerdotis
1123 5526 1384 5596 enubilet,
1426 5523 1761 5603 docendique
1824 5523 2099 5587 materiam

503 5586 878 5656 subministret,
908 5604 1015 5649 etc.

578 5660 656 5744 (ξι)
888 5662 1114 5734 Mozar.,
1164 5685 1283 5744 pag.
1324 5670 1455 5744 291,
1483 5671 1537 5726 in
1567 5688 1672 5743 qua
1700 5673 1943 5744 quaedam
1974 5681 2101 5730 sunt

500 5731 698 5815 quibus
720 5732 946 5815 inducor
976 5748 1034 5793 ut
1071 5731 1289 5815 credant
1321 5731 1460 5810 hanc
1483 5731 1857 5804 missam-ante
1897 5760 2098 5804 annum

502 5802 1091 5878 quadringentesimum
1114 5808 1367 5884 scriptam
1396 5803 1541 5872 esse.

1906 5942 1917 5948 -
1929 5934 1997 5948 -..τ’

1750 5944 1917 5958 Αδομη⁹
1929 5944 1939 5948 ”

2188 1888 2425 1960 pertinet
2468 1888 2633 1945 missa
2677 1888 2853 1946 sancti
2881 1887 3145 1946 Vincentii
3188 1890 3438 1963 martyris
3471 1890 3573 1963 (It),
3599 1892 3653 1947 in
3682 1907 3795 1962 qua

2189 1989 2291 2047 est,
2320 1990 2519 2053 praeter
2544 1990 2883 2050 consuetam,
2925 1982 3031 2038 alia
3076 1982 3252 2039 oratio
3294 1983 3365 2038 ad
3414 1999 3614 2055 pacem,
3646 1985 3793 2041 anti-

2189 2076 2390 2145 quitus,
2419 2076 2499 2132 uti
2542 2075 2774 2143 videtur,
2821 2075 3112 2147 peculiaris
3153 2073 3410 2133 Ecclesia:
3435 2076 3791 2148 Caesaraugu-

2187 2178 2378 2238 stanae,
2409 2184 2530 2241 quae
2574 2170 2813 2228 tunicam
2853 2171 3027 2229 sancti
3047 2170 3321 2229 Vincentii
3346 2172 3631 2244 diligenter
3654 2189 3796 2232 con-

2188 2262 2441 2318 servabat
2466 2263 2555 2334 (ί).

2260 2355 2385 2411 222.
2428 2355 2633 2414 Eodem
2681 2358 2881 2425 saeculo
2933 2375 2986 2415 vr
3025 2357 3318 2425 deﬂuente,
3364 2375 3505 2417 anno
3536 2359 3663 2429 538,
3714 2362 3795 2434 (j)

2190 2446 2417 2519 Vigilius
2445 2449 2727 2521 epistolam
2753 2450 3079 2507 decretalem
3108 2452 3321 2524 scripsit
3345 2452 3411 2509 ad
3442 2452 3615 2527 [ιιιιι]
3660 2451 3797 2511 Pro-

2192 2538 2467 2610 futurum,
2527 2535 2912 2600 Bracarensem
2965 2545 3275 2617 episcopum
3301 2589 3317 2615 ,
3376 2546 3444 2603 de
3495 2562 3599 2617 qua
3651 2547 3797 2605 inh‘a

2192 2640 2437 2689 recurret
2465 2648 2668 2690 sermo.
2699 2632 2761 2691 In
2798 2650 2864 2691 ea
2893 2635 3119 2706 epistola
3150 2637 3323 2692 innuit
3349 2637 3491 2693 inter
3518 2637 3795 2708 liturgiam

2193 2722 2496 2781 Romanam
2541 2734 2598 2782 et
2624 2725 2918 2798 Hispanam
2957 2729 3010 2783 id
3056 2729 3381 2787 discriminis
3426 2731 3796 2805 intercedere,

2193 2819 2340 2889 quod
2363 2818 2620 2891 Hispana,
2652 2837 2753 2901 pro
2781 2822 2989 2879 dierum
3013 2821 3275 2880 festorum
3321 2841 3571 2896 numero,
3599 2827 3797 2884 missas

2196 2912 2583 2984 orationesque
2610 2913 2851 2972 diversas
2878 2914 3131 2981 haberet,
3176 2915 3418 2973 Romana
3461 2932 3593 2974 vero
3624 2918 3797 2990 (quod

2195 3005 2264 3062 de
2285 3021 2498 3064 canone
2522 3008 2700 3064 missa:
2744 3008 3152 3079 intelligendum
3198 3015 3305 3082 est)
3334 3012 3484 3067 nullo
3522 3019 3794 3083 tempore,

2196 3099 2409 3155 nullave
2454 3099 2847 3158 interveniente
2885 3100 3197 3171 festivitate,
3229 3118 3417 3174 preces
3458 3103 3682 3159 haberet
3708 3103 3798 3159 di-

2196 3207 2403 3259 versas,
2457 3193 2555 3250 sed
2597 3210 2815 3267 semper
2874 3196 3056 3252 eodem
3111 3206 3288 3253 tenore
3335 3197 3529 3253 oblatio
3576 3212 3799 3252 munera

2198 3294 2542 3342 consecraret.
2574 3286 2818 3359 Cumque
2845 3293 3089 3346 eamdem
3137 3291 3445 3348 orationum
3477 3291 3795 3347 missarum-

2198 3391 2305 3449 que
2332 3379 2649 3437 varietatem
2676 3381 2731 3437 in
2760 3381 2975 3453 liturgia
3000 3382 3339 3441 Mozarabica
3360 3383 3588 3440 Missalis
3609 3380 3797 3439 Xime-

2200 3470 2276 3527 nii
2318 3472 2649 3529 inveniamus
2676 3489 2797 3545 quae
2826 3475 2881 3530 in
2909 3474 3127 3546 liturgia
3172 3475 3410 3546 Hispana
3441 3476 3662 3530 ineunte
3689 3489 3798 3531 sae-

2199 3564 2323 3622 culo
2353 3580 2427 3633 vt,
2458 3566 2867 3637 observabatur,
2898 3567 3040 3623 haud
3069 3576 3273 3624 temere
3303 3582 3545 3623 asserere
3573 3579 3799 3636 possum

2200 3658 2469 3728 liturgiam
2508 3656 3015 3732 Gotho-Hispanam
3056 3667 3111 3716 et
3145 3658 3535 3714 Mozarabicam
3558 3671 3589 3712 a
3612 3657 3798 3728 prisca

2200 3750 2560 3823 Hispanorum
2588 3753 2802 3825 liturgia
2840 3755 3060 3810 minime
3088 3753 3391 3809 dissentire.

2272 3843 2400 3900 225.
2432 3842 2736 3903 Occurrunt
2762 3846 2816 3902 in
2841 3845 3041 3903 Missali
3065 3854 3273 3914 nostro,
3301 3845 3356 3901 in
3376 3832 3650 3900 Breviario
3672 3841 3797 3899 Mo-

2202 3938 2457 3993 zarabum
2510 3946 2565 3994 et
2605 3939 2659 3993 in
2698 3938 2999 3995 Orationali
3051 3937 3307 4007 Gothico,
3356 3937 3633 3994 orationes
3675 3950 3797 4006 qua:

2201 4028 2449 4084 alludunt
2475 4029 2542 4085 ad
2569 4030 2980 4101 persecutiones
3031 4046 3167 4102 quas
3195 4028 3458 4084 Catholici
3487 4028 3555 4083 ab
3583 4026 3799 4082 Arianis

2201 4122 2569 4194 patiebantur,
2612 4138 2842 4195 quarum
2865 4123 3060 4193 aliqua:
3108 4122 3296 4178 referri
3327 4127 3553 4191 possunt
3578 4120 3646 4175 ad
3673 4134 3801 4191 per-

2200 4216 2534 4273 secutionem
2574 4216 2878 4288 imperante
2926 4214 3245 4272 Constantio
3290 4214 3546 4270 adversus
3592 4212 3797 4268 clerum

2202 4309 2529 4366 catholicum
2568 4318 2792 4378 motam,
2820 4310 2940 4365 aliae
2959 4308 3026 4364 ad
3050 4307 3484 4380 persecutionem
3507 4306 3574 4361 ab
3600 4304 3798 4362 Eurico

2203 4399 2507 4458 Gothorum
2530 4416 2657 4472 rege
2680 4411 2883 4459 motam
2928 4400 3027 4474 (Ic).
3060 4401 3131 4457 At
3156 4401 3316 4457 nulla:
3341 4399 3669 4473 posteriores
3696 4398 3796 4453 ha-

2277 4585 2338 4657 (ἱ)
2363 4548 2593 4657 Sanctus
2634 4583 2860 4657 Gregor.
2886 4584 3347 4657 Turonen.,__Hi_st.
3376 4584 3568 4640 Franc.
3596 4583 3688 4639 lib.
3714 4598 3795 4650 ιιι,

2200 4654 2326 4727 cap.
2352 4655 2441 4709 29.
2476 4654 2609 4711 Vide
2634 4656 2795 4711 etiam
2827 4665 3003 4724 notas,
3028 4671 3149 4727 pag.
3186 4655 3309 4711 560.

2275 4746 2348 4817 (j)
2397 4745 2635 4817 Epistola
2688 4746 2864 4817 Vigilii
2892 4748 2960 4804 ad
3009 4746 3353 4803 Profuturum
3383 4748 3436 4802 in
3472 4746 3800 4817 aliisexem-

2200 4816 2440 4888 plaribus
2464 4817 2587 4872 data
2610 4827 2693 4874 est
2717 4817 2969 4875 Kalendis
2985 4818 3180 4886 Martii,
3209 4819 3501 4874 Volusiano
3518 4829 3571 4872 et
3587 4816 3797 4888 Joanne

2201 4887 2542 4955 consulibus;
2600 4889 2653 4945 in
2703 4890 2822 4944 aliis
2869 4890 3144 4944 Wilisario
3194 4899 3250 4945 et
3296 4889 3501 4945 Joanne
3534 4887 3647 4943 VV.
3685 4889 3793 4942 (Et).

2199 4974 2408 5028 conss.;
2458 4961 2512 5015 in
2558 4957 2759 5015 Codice
2788 4959 3102 5015 Colhertino
3132 4960 3215 5025 (ut
3259 4960 3313 5015 in
3357 4970 3482 5014 nota
3514 4960 3798 5027 marginali

2203 5032 2346 5101 apud
2396 5030 2748 5096 Harduinum,
2798 5030 3006 5086 Cnncil.
3042 5040 3082 5085 t.
3131 5031 3197 5098 ll,
3228 5032 3332 5087 col.
3375 5030 3537 5095 M29,
3578 5031 3795 5099 legitur.)

2203 5102 2329 5159 data
2382 5110 2466 5159 est
2512 5100 2698 5157 Romae
2727 5119 2806 5159 ιιι.
2852 5100 2971 5157 Kal.
3018 5101 3149 5159 Jul..
3200 5101 3386 5157 Flavio
3442 5100 3649 5157 Joanne
3679 5100 3792 5156 VC.

2204 5175 2447 5230 consule.
2489 5172 2768 5239 Silverius,
2811 5173 2899 5230 die
2946 5173 3015 5231 20
3044 5171 3185 5229 Junii
3225 5171 3347 5238 538,
3386 5174 3636 5227 mrumnis
3665 5186 3799 5227 con-

2202 5242 2379 5318 fectus
2424 5243 2808 5318 obiit;___quare
2846 5245 2903 5318 ‘si
2948 5245 3176 5318 epistola
3229 5243 3495 5318 datafuit
3539 5241 3797 5318 Halendis

2202 5313 2404 5387 Martii,
2432 5311 2955 5387 aVVigilionondum
2983 5311 3241 5386 pontiﬁce
3278 5316 3480 5387 scripta
3530 5314 3664 5387 fuit;
3698 5314 3796 5381 sed

2204 5386 2251 5442 si
2272 5386 2580 5457 exemplari
2616 5385 2929 5444 Colbertino
2959 5385 3096 5445 ﬁdes
3121 5385 3405 5455 habeatur,
3438 5386 3663 5457 Vigilius
3690 5400 3791 5456 po-

2206 5456 2308 5532 tuit
2347 5472 2466 5532 esse
2494 5457 2735 5532 pontifex
2774 5459 3045 5531 legitimus
3080 5460 3299 5532 quando
3327 5459 3468 5516 hanc
3507 5456 3797 5531 epistolam

2202 5527 2529 5586 decretalem
2550 5530 2782 5600 scripsit.

2272 5600 2350 5671 (It)
2384 5600 2629 5667 Euricus,
2650 5602 2749 5671 qui
2778 5610 2834 5657 et
2859 5601 3103 5671 Eoricus,
3134 5612 3191 5660 et
3216 5602 3434 5669 Evarix,
3482 5600 3796 5671 Visigolho-

2199 5670 2594 5742 rum’regnum,
2637 5670 2803 5727 fratre
2831 5670 3172 5732 Theodorico
3201 5675 3507 5740 interfecto,
3557 5670 3795 5742 occupa—

2198 5744 2298 5811 vit,
2335 5741 2446 5798 ara
2488 5742 2618 5812 504,
2667 5750 2727 5798 ut
2778 5743 2944 5801 habet
2984 5760 3205 5803 sanctus
3248 5744 3481 5802 Isidorus
3507 5744 3561 5799 in
3587 5741 3793 5798 Chron.

2201 5812 2531 5888 Gothorum,
2566 5828 2874 5888 seramque
2900 5814 2958 5873 in
3000 5816 3315 5877 Catholicos
3357 5815 3795 5889 persecutionem
