4040 6356
242 364 310 422 15
1713 360 1841 431 ΡΜ

1950 361 2103 420 ιΤΙΟ.
3440 360 3445 363 ⁷
3472 360 3541 441 τι

240 481 425 540 nenda
468 486 603 535 sunt
648 477 1032 549 persecutione
1076 476 1417 548 Leovigildi,
1465 480 1560 550 qui
1621 479 1843 535 ultimus
1871 485 1920 542 Δ
1946 479 2212 553 Hispanos
2250 484 2419 539 solam
2470 486 2784 555 obtinuisse,
2835 497 3031 561 praeter
3082 492 3344 549 hactenus
3370 495 3541 566 dicta,

240 588 425 644 regum
469 569 883 641 Yisigothorum
929 568 1225 627 Ecclesiam
1255 568 1545 644 Hispanam
1592 586 1848 644 persecu-

240 673 325 719 tus
353 671 457 720 est.

308 756 435 811 224.
469 755 551 813 Eo
579 755 724 813 enim
751 756 1047 825 exstincto,
1077 755 1361 827 Visigothi,
1418 773 1541 815 cum
1578 773 1706 830 rege
1743 776 1847 816 suo

237 847 583 917 Reccaredo,
612 846 682 903 ad
707 846 1016 905 Ecclesiam
1062 847 1385 904 catholicam
1430 850 1729 907 redierunt.
1779 850 1850 907 Et

236 940 399 995 simul
440 955 567 995 cmn
610 937 807 996 Gothis
834 953 1028 1010 magna
1056 937 1357 995 Suevorum
1392 942 1679 1000 multitudo
1709 944 1786 1014 (α)
1818 959 1849 999 a

238 1030 467 1102 perﬁdia
508 1029 709 1085 Ariana
753 1030 824 1085 ad
879 1029 1241 1086 orthodoxam
1270 1030 1430 1087 ﬁdem
1456 1049 1718 1093 conversa
1744 1045 1844 1092 est.

241 1120 545 1179 Concilium
572 1120 895 1177 Toletanum
942 1136 999 1178 Ill
1047 1129 1411 1178 convocatum
1459 1122 1577 1191 fuit,
1632 1125 1688 1180 in
1718 1141 1845 1196 quo,

240 1213 389 1286 quod
415 1212 487 1269 ad
507 1228 623 1269 rem
654 1213 958 1285 liturgicam
986 1212 1246 1283 pertinet,
1267 1215 1622 1271 constitutum
1666 1214 1766 1272 fuit
1791 1225 1849 1272 ut

238 1306 295 1362 in
318 1306 485 1361 missa
508 1306 825 1379 Symbolum
846 1303 1505 1377 Constantinopolitanum
1526 1308 1849 1365 recitaretur

236 1400 557 1471 priusquam
606 1399 885 1455 Dominica
950 1400 1225 1456 diceretur
1289 1402 1464 1458 oratio
1520 1401 1614 1474 (b).
1674 1403 1845 1471 Quem

236 1493 405 1549 ritum
449 1491 888 1565 Gotho—ﬂispani
913 1501 971 1549 et
1010 1492 1327 1551 Mozarahes
1352 1503 1668 1553 constanter
1715 1496 1846 1553 reti-

239 1595 501 1641 nuerunt.

308 1676 436 1733 225.
469 1678 603 1736 Post
635 1692 1048 1736 conversionem
1086 1679 1263 1749 gentis
1308 1678 1612 1735 Gothorum
1658 1678 1726 1735 ad
1753 1694 1844 1735 ca-

238 1772 502 1829 tholicam
551 1773 993 1829 communionem
1028 1780 1249 1827 sanctus
1291 1770 1548 1838 Isidorus,
1587 1771 1701 1841 jam
1730 1773 1844 1843 epi-

1940 577 2242 647 .persuadet
2269 580 2590 651 scriptorum
2613 583 3000 656 Hispanorum,
3027 596 3081 643 et
3110 590 3343 647 maxime
3368 596 3546 651 sancti

1952 665 2163 732 lsidori,
2192 668 2462 725 silentium
2489 673 2555 728 dc
2584 673 2689 729 alia
2715 690 3035 748 quacunque
3065 679 3277 750 litnrgia
3324 698 3443 753 quae
3491 686 3550 740 in

1952 758 2057 814 illis
2075 761 2387 829 regionibus
2412 763 2700 834 aliquando
2728 768 2782 825 in
2805 784 2906 824 usu
2933 768 3114 827 fuerit.
3145 772 3203 828 Si
3231 775 3373 828 enim
3408 792 3551 834 unus

1951 847 2253 917 excipiatur
2287 862 2483 915 canon,
2527 866 2688 920 quem
2729 869 2856 909 mox
2908 856 3250 922 examinabo,
3309 859 3442 915 nihil
3493 862 3551 919 in
3623 876 3629 883 ‘

1950 939 2322 1010 scriptoribus,
2372 942 2505 997 nihil
2533 944 2587 998 in
2631 945 2871 1002 conciliis
2895 945 3343 1017 Hispaniensibus
3392 953 3550 1010 inve-

1951 1034 2069 1089 nire
2094 1044 2174 1091 est
2220 1036 2365 1105 quod
2403 1038 2764 1108 suspicionem
2808 1052 3025 1097 moveat
3068 1042 3229 1097 aliam
3278 1044 3550 1116 liturgiani

1950 1144 2045 1184 eos
2092 1143 2328 1198 unquam
2382 1132 2683 1203 suscepisse
2736 1142 2931 1204 praeter
2981 1135 3121 1191 hanc
3169 1151 3331 1193 unam
3386 1153 3552 1209 quam

1949 1218 2453 1293 Gotho-Hispanam
2504 1232 2560 1280 et
2624 1232 2814 1295 postea
2862 1223 3256 1283 Mozarabicam
3306 1229 3552 1299 appella-

1948 1322 2094 1368 runt.

2017 1403 2144 1460 228.
2186 1405 2374 1463 Canon
2403 1423 2564 1477 quem
2595 1409 2845 1479 proxime
2871 1410 3102 1467 indicavi
3129 1420 3215 1468 est
3256 1413 3550 1482 vigesimus

1946 1497 2234 1564 secundus,
2270 1507 2385 1569 aut,
2409 1509 2471 1555 ut
2501 1500 2555 1555 in
2575 1501 2695 1556 aliis
2721 1500 3011 1559 Codicibus
3040 1505 3284 1575 ponitur,
3336 1508 3549 1576 capitu-

1946 1586 2057 1642 lum
2099 1598 2353 1658 quartum
2384 1589 2599 1645 concilii
2631 1590 2790 1659 primi
2836 1590 3185 1650 Bracarensis
3213 1610 3227 1647 :
3261 1592 3397 1649 Item
3426 1596 3547 1661 pla-

1944 1680 2050 1733 cuit
2090 1688 2146 1733 ut
2198 1680 2375 1735 eodem
2405 1681 2588 1736 ordine
2634 1684 2807 1738 missa:
2853 1684 3172 1739 celebrentur
3208 1685 3270 1739 ob
3311 1685 3547 1742 omnibus

1944 1784 2193 1833 quonono
2222 1770 2540 1844 Profuturus
2569 1773 2639 1843 (e)
2670 1774 2805 1843 (alii,
2835 1790 2959 1830 cum
2986 1775 3177 1831 Garsia
3203 1774 3419 1842 Loaisa,
3462 1778 3546 1833 le-

233 1882 462 1937 scopus,
512 1867 767 1923 hortante
816 1866 986 1923 fratre
1024 1882 1125 1923 suo
1166 1866 1451 1936 Fulgentio
1473 1909 1491 1935 ,
1542 1867 1843 1935 Astigitano
1878 1857 1919 1916 Β
1947 1873 2079 1933 gunt
2104 1879 2246 1928 QUEI
2279 1864 2614 1935 Profuturus)
2646 1866 2903 1936 quondam
2949 1865 3102 1937 hujus
3132 1868 3546 1937 metropolitanat

233 1960 504 2030 episcopo
528 2000 545 2028 ,
597 1958 767 2015 libros
815 1958 951 2014 duos
1001 1958 1071 2013 de
1135 1957 1517 2014 ecclesiasticis
1590 1954 1794 2014 Ofﬁciis
1822 1998 1839 2027 ,

231 2052 475 2123 scripsit,
523 2051 717 2122 quibus
744 2051 1015 2120 liturgiam
1050 2047 1552 2120 Gotho-Hispanam
1610 2051 1847 2106 illustra-

232 2143 334 2197 vit.
366 2141 481 2198 Hos
508 2142 695 2210 libros,
734 2150 796 2197 ut
824 2142 941 2213 ipse
961 2147 1211 2208 testatur,
1234 2157 1299 2196 ea:
1328 2142 1534 2212 scriptis
1562 2142 1846 2196 vetustissi-

230 2252 445 2291 morum
495 2245 766 2292 auctorum
810 2237 1135 2307 composuit,
1177 2249 1409 2304 quorum
1455 2234 1619 2291 etiam
1666 2235 1845 2291 verbis

233 2329 576 2400 quandoque
600 2344 730 2385 usus
748 2338 851 2385 est.
873 2329 1171 2386 Dolendum
1192 2344 1325 2385 sane
1366 2343 1436 2385 ne
1472 2328 1692 2384 nomina
1720 2328 1842 2399 qui-

238 2421 378 2475 dem
416 2420 645 2475 istorum
690 2418 864 2493 [un]
915 2422 1232 2491 scriptorum
1274 2434 1560 2490 superesse
1581 2459 1596 2485 ,
1649 2428 1704 2473 at
1740 2419 1846 2475 hoc

241 2509 449 2565 saltem
479 2524 549 2565 ex
578 2511 887 2567 testimonio
914 2512 1081 2567 sancti
1120 2511 1357 2567 doctoris
1400 2511 1681 2577 habemus,
1732 2525 1841 2565 non

235 2601 499 2658 defuisse
524 2602 822 2672 scriptores
847 2604 938 2672 qni
958 2604 1091 2660 ritus
1115 2613 1171 2660 et
1198 2604 1550 2660 caeremonias
1588 2602 1843 2659 Ecclesia:

234 2690 498 2762 Hispanae
538 2693 911 2750 vetustissimis
959 2696 1296 2767 temporibus
1320 2695 1525 2766 scripto
1556 2695 1843 2766 consigna-

234 2792 462 2840 verunt.

304 2875 435 2932 226.
464 2877 775 2950 'Elipandus
800 2878 1117 2947 Toletanus,
1164 2898 1220 2936 in
1250 2881 1478 2952 epistola
1500 2881 1567 2936 ad
1588 2881 1840 2936 Albinum

234 2970 327 3040 (e),
360 2971 548 3027 locum
564 2971 854 3041 quemdam
873 2973 1006 3029 citat
1032 2988 1101 3029 ex
1124 2973 1375 3030 oratione
1400 2988 1520 3043 qua:
1540 2972 1839 3027 Benedictio

235 3068 459 3117 lucerna
479 3063 791 3119 inscribitur
814 3065 918 3136 (d),
942 3080 1106 3134 quem
1133 3072 1325 3121 sancto
1343 3064 1547 3121 Isidoro
1573 3065 1837 3121 attribuit.

239 3150 302 3206 Et
326 3169 475 3210 nunc
500 3156 567 3208 ad
598 3155 888 3213 concilium
911 3154 1232 3212 Toletanum
1260 3172 1315 3213 IV
1343 3156 1651 3225 redivimus,
1677 3174 1706 3213 a
1728 3173 1838 3228 quo

241 3242 450 3314 liturgia
484 3244 956 3320 Gotho-Hispana,
1008 3261 1167 3317 quem
1225 3255 1307 3304 tot
1361 3248 1570 3305 indiciis
1623 3221 1839 3321 semper
1861 3221 1909 3286 (ἶ

240 3338 376 3405 apud
404 3337 675 3410 Hispanos
720 3339 957 3409 viguisse
1002 3339 1478 3411 deprehendimus,
1528 3342 1601 3396 ita
1635 3342 1841 3397 consti-

242 3438 350 3485 tuta
403 3441 457 3487 et
497 3430 823 3488 conﬁrmata
847 3433 967 3500 fuit,
1011 3443 1072 3489 ut
1099 3449 1163 3490 ea
1190 3434 1245 3490 in
1287 3443 1561 3506 posterum
1589 3433 1841 3492 Ecclesia

241 3538 428 3579 omnes
474 3524 752 3597 Hispania:
800 3533 861 3582 et
909 3524 1099 3582 Gallia:
1125 3523 1369 3583 Gothica:
1399 3527 1513 3583 sola
1542 3542 1656 3583 usa
1684 3535 1837 3594 sunt;

244 3615 424 3671 exciso
447 3624 652 3684 autem,
686 3616 1084 3674 Saracenon
1112 3620 1300 3686 armis,
1332 3631 1499 3688 regno
1528 3616 1838 3689 Visigotho-

244 3721 383 3775 run,
407 3706 651 3779 Hispani,
681 3709 777 3780 qui
811 3717 867 3765 et
889 3708 1205 3766 Mosarabes
1231 3709 1486 3781 appellati
1518 3718 1665 3777 sunt,
1694 3726 1842 3767 eam-

241 3795 368 3853 dem
388 3798 595 3863 solam,
612 3814 711 3869 per
735 3805 1011 3856 trecentos
1038 3808 1093 3857 et
1113 3800 1343 3872 amplius
1369 3815 1559 3867 annos,
1593 3801 1647 3856 in
1673 3801 1842 3858 sacris

239 3889 591 3945 celebrandis
626 3889 938 3947 adhibuere.
963 3889 1207 3963 Cumque
1224 3891 1340 3948 haec
1368 3891 1557 3948 eadem
1579 3892 1652 3947 sit
1678 3900 1842 3964 atque

237 3980 470 4051 liturgia
499 3979 722 4037 Missaiis
750 3980 1011 4051 Ximenii,
1050 3982 1190 4037 hanc
1241 3996 1461 4053 quoque
1488 3982 1842 4053 apostolicam

234 4073 496 4131 sortitam
522 4088 645 4131 esse
668 4075 934 4147 originem
974 4089 1222 4132 asserere
1248 4090 1551 4146 possumus.

238 4188 275 4260 ς
506 4188 591 4243 An
634 4189 849 4262 liturgia
903 4188 1144 4245 Romana
1184 4189 1249 4244 ab
1275 4188 1539 4262 _Ecclesiis
1566 4194 1842 4262 provincia:

314 4259 654 4402 {Brt‘zcarensis
679 4261 739 4315 in
762 4259 987 4317 concilio
1038 4263 1208 4333 primo
1258 4259 1576 4317 Bracarcnsi
1605 4274 1843 4336 suscepta

336 4346 386 4384 ia
415 4371 431 4386 .

336 4346 431 4386 κει.

316 4443 440 4500 227.
480 4445 780 4519 Liturgiam
823 4445 1325 4520 Gotho-Hispanam
1353 4448 1494 4521 apud
1546 4448 1843 4506 catholicos

230 4600 433 4664 movit,
463 4598 535 4681 de
560 4615 668 4670 qua
706 4600 956 4681 Sidonius
983 4602 1325 4681 Apollinaris,
1348 4616 1537 4681 auctor
1579 4610 1833 4681 synchro-
1860 4591 1917 4653 Ῑ)

224 4685 340 4723 nus
369 4671 703 4746 mentionem
732 4672 859 4746 limit
903 4671 1073 4746 Epist.
1122 4675 1214 4746 lib.
1247 4691 1338 4742 vn,
1370 4679 1525 4746 epist.
1552 4671 1684 4746 δίει
1709 4697 1834 4737 san-

222 4749 357 4821 gus
386 4738 685 4821 Gregorius
732 4738 1086 4821 Turonensis,
1133 4744 1273 4801 Hist.
1304 4738 1418 4821 Alib.’
1466 4765 1522 4813 tt,
1570 4738 1690 4821 cap.
1739 4752 1829 4809 25.

223 4807 561 4884 Immin,
608 4814 797 4879 inquit,
852 4807 1414 4884 passim‘perversitati
1466 4807 1609 4883 sum,
1637 4807 1833 4880 haeresi

216 4880 475 4945 Arianae,
506 4899 610 4935 non
639 4880 1034 4941 consentientes.
1091 4880 1318 4942 Clericos
1371 4880 1661 4945 carceribus
1690 4894 1832 4947 subi-

210 4951 406 5033 gebat.
429 4950 751 5033 Sacerdotes
781 4972 898 5010 vero
918 4958 1051 5033 alios
1081 4956 1237 5033 dabat
1266 4960 1468 5033 exsilio,
1502 4963 1632 5033 alios
1658 4963 1831 5033 gladio

207 5021 534 5102 truncabat.
596 5022 861 5102 saeviente
914 5026 1093 5102 Eu'rici
1147 5021 1557 5102 persecutione,
1606 5021 1833 5092 foitasse

203 5095 433 5174 scripta
467 5102 552 5148 est
577 5095 1071 5174 missaupominicge
1100 5095 1267 5174 ter-tim
1295 5110 1417 5169 post
1442 5111 1660 5174 octavas
1706 5103 1832 5174 Epi-

205 5164 479 5245 phaniae,
541 5165 696 5234 cujus
747 5166 958 5245 “ltitia,
992 5167 1142 5245 mss.
1189 5164 1325 5245 Mos".
1383 5187 1503 5245 pag.
1560 5173 1668 5242 7i,
1709 5164 1833 5245 post

203 5236 557 5315 perflatum
591 5238 828 5315 mysterii
860 5237 1135 5315 Trinitatis
1163 5236 1582 5315 explicationem
1610 5287 1625 5309 ,
1654 5236 1687 5299 ὸ
1710 5236 1828 5314 ’ᾳυει

198 5304 260 5382 in
304 5304 661 5382 Symbolum
692 5308 1113 5382 Athanasianum
1160 5304 1327 5365 multa
1382 5304 1639 5369 translata
1683 5304 1827 5382 su'nt,

197 5376 281 5453 ita
313 5376 620 5453 concludit
646 5393 666 5453 ς
694 5379 873 5453 l’er_te
912 5396 1072 5434 unum
1097 5397 1366 5453 verumque
1394 5382 1561 5439 Deum
1586 5376 1832 5442 constan;

1948 1954 2086 2009 sedis
2109 1957 2375 2027 episcopus
2412 1954 2479 2009 ab
2535 1956 2652 2027 ipsa
2696 1958 2996 2029 apostolica
3050 1959 3188 2013 sedis
3238 1961 3547 2017 auctoritate

1946 2047 2170 2115 suscepit
2196 2050 2467 2118 scriptum.

2016 2138 2145 2197 229.
2184 2139 2526 2196 Mabillonius
2548 2141 2619 2214 (f)
2658 2156 2725 2197 ex
2752 2143 2857 2199 hoc
2880 2157 3093 2200 canone
3116 2151 3367 2199 constare
3387 2152 3546 2214 putat

1947 2229 2241 2286 Romanum
2269 2232 2447 2301 ritum,
2475 2234 2660 2287 saltem
2705 2236 2761 2287 in
2788 2235 3055 2305 provincia
3082 2235 3414 2302 Bracarensi,
3450 2234 3545 2290 Vi-

1945 2324 2069 2395 gilio
2089 2324 2335 2395 pontifice
2360 2326 2590 2380 maximo
2616 2334 2908 2396 susceptum
2946 2328 3128 2396 fuisse.
3157 2325 3223 2381 Et
3249 2326 3543 2396 Cajetanus

1945 2414 2112 2470 Cenni
2130 2416 2228 2488 (g),
2245 2432 2314 2471 ex
2340 2417 2529 2472 eodem
2542 2432 2770 2483 canone,
2787 2426 2844 2473 et
2860 2433 2927 2473 ex
2943 2416 3147 2474 Codice
3163 2434 3433 2475 canonum
3457 2418 3540 2489 (Ii)

1944 2506 1999 2563 in
2021 2522 2129 2576 quo
2151 2506 2239 2563 hic
2260 2524 2433 2563 canon
2459 2506 2607 2580 [va]
2633 2508 2884 2576 refertur,
2910 2510 3117 2579 putavit
3138 2509 3355 2580 probari
3376 2523 3543 2581 posse

1944 2597 2215 2668 liturgiam
2243 2598 2547 2655 Romanam
2582 2599 2637 2655 in
2658 2615 2823 2658 omne
2862 2598 3181 2656 Gothorum
3201 2614 3427 2670 regnum
3457 2599 3542 2655 in-

1944 2689 2250 2746 tromissam
2272 2689 2457 2747 fuisse.
3238 2703 3249 2712 ‘

2013 2780 2139 2837 230.
2182 2780 2251 2837 At
2280 2797 2455 2838 canon
2483 2782 2851 2852 Bracarensis,
2878 2782 2984 2840 etsi
3021 2781 3246 2839 Missam
3272 2783 3337 2837 ab
3364 2784 3539 2839 omni-

1944 2874 2035 2929 bus
2062 2874 2239 2930 eodem
2282 2875 2465 2931 ordine
2510 2875 2870 2931 celebrandam
2914 2891 3028 2931 esse
3070 2875 3419 2948 praescribat,
3451 2884 3539 2944 et,

1945 2966 2264 3037 interposita
2294 2966 2607 3037 apostolica:
2652 2968 2797 3022 sedis
2825 2967 3148 3023 auctoritate
3170 3008 3186 3035 ,
3218 2967 3541 3023 varietatem

1945 3046 2144 3112 rituum
2186 3064 2242 3111 et
2287 3057 2731 3113 caeremoniarum
2765 3073 2796 3110 a
2832 3057 3119 3112 missarum
3171 3056 3541 3113 celebratione

1951 3147 2163 3203 auferre
2184 3156 2409 3204 conetur
2431 3189 2446 3215 ,
2498 3146 2798 3205 Romanam
2828 3157 3009 3203 tamen
3050 3147 3323 3217 liturgiam
3367 3149 3542 3207 susci-

1943 3242 2196 3313 piendam
2225 3256 2346 3297 esse
2385 3250 2573 3312 aperte
2599 3256 2708 3297 non
2737 3241 2998 3312 praecipit.
3026 3239 3144 3297 Non
3175 3241 3367 3312 ignoro
3392 3242 3565 3300 viros

1942 3334 2183 3390 eruditos
2230 3333 2563 3390 contendere
2609 3349 2871 3390 canonem
2917 3333 3064 3390 hunc
3120 3333 3216 3388 ad«
3251 3335 3540 3406 epistolam

1941 3430 2268 3487 decretalem
2298 3430 2503 3503 Vigilii,
2536 3429 2822 3487 Profuturo
2851 3416 3169 3487 Bracarensi
3195 3429 3537 3499 inscriptam,

1941 3523 2215 3593 alludere,
2268 3524 2324 3580 in
2346 3539 2454 3595 qua
2482 3523 2709 3596 epistola
2738 3532 2915 3579 exstat
2943 3521 3205 3580 articulus
3233 3522 3302 3577 de
3338 3520 3540 3577 Ordine

1943 3614 2212 3673 Romano.
2259 3616 2513 3673 Attamen
2532 3656 2550 3684 ,
2574 3616 2620 3673 si
2655 3624 2839 3687 patres
2866 3614 3225 3672 Bracarenses
3251 3612 3543 3669 voluerunt

1941 3706 2213 3779 liturgiam
2244 3708 2545 3765 Romanam
2568 3708 2623 3764 in
2668 3706 2971 3764 Suevorum
2996 3722 3221 3779 regnum
3250 3706 3537 3775 inducere,

1942 3816 2113 3871 quare
2139 3809 2248 3857 tam
2288 3802 2518 3858 obscure
2563 3800 2728 3857 locuti
2767 3800 2932 3855 sunt?
2977 3798 3158 3867 Quare
3202 3805 3391 3867 aperte
3428 3812 3540 3851 non

1943 3892 2195 3950 dixerunt
2218 3911 2233 3946 :
2262 3892 2397 3948 Item
2425 3894 2620 3964 placuit
2643 3902 2700 3946 ut
2726 3908 2903 3947 omnes
2930 3891 3112 3948 ordine
3138 3890 3378 3945 Romano
3408 3891 3538 3945 mis-

1942 4005 2028 4043 sas
2059 3986 2304 4059 faciant?
2328 3986 2422 4049 Si,
2452 3986 2558 4041 hoc
2585 3999 2696 4040 uno
2724 3997 2935 4039 canone
2954 4023 2972 4049 ,
2997 3989 3055 4039 et
3076 3983 3278 4038 rituum
3305 3997 3538 4039 concor-

1942 4078 2084 4134 diam
2110 4118 2127 4145 ,
2156 4085 2213 4133 et
2245 4076 2474 4147 liturgiaa
2522 4074 2780 4131 Romana:
2806 4073 3207 4146 susceptionem
3244 4073 3536 4144 complecti

1941 4171 2229 4227 voluerunt
2254 4212 2270 4238 ,
2295 4183 2464 4239 quare
2500 4177 2612 4223 tam
2654 4166 2904 4223 distincte
2949 4166 3181 4238 primum
3205 4164 3495 4221 edixerunt
3517 4205 3536 4235 ,

1942 4270 2001 4317 ut
2022 4261 2091 4317 de
2118 4276 2185 4317 eo
2212 4274 2373 4316 nemo
2401 4259 2650 4315 dubitare
2681 4258 2890 4330 possit,
2921 4257 3216 4315 sedundum
3244 4257 3381 4314 adeo
3411 4260 3538 4315 obs-

1942 4370 2103 4422 cure,
2138 4362 2197 4409 ut
2218 4354 2381 4409 etiam
2409 4369 2440 4409 a
2470 4353 2689 4409 nomine
2715 4352 2942 4422 liturgia:
2970 4350 3233 4408 Romanae
3258 4345 3537 4408 abstinue-

1941 4446 2093 4502 rint?
2137 4444 2326 4517 Neque
2356 4459 2426 4501 ex
2468 4443 2735 4501 Decretali
2785 4441 2961 4513 Vigilii
2990 4441 3056 4514 (ἴ)
3092 4441 3299 4499 eruitur
3337 4441 3535 4499 Braca-

2032 4603 2086 4662 ι)
2127 4605 2259 4662 Can.
2288 4601 2345 4658 2.
3508 4619 3527 4626 "

2030 4604 2259 4799 31ξῇξέ
2288 4604 2345 4728 ξ’
2366 4687 2459 4728 era
2486 4672 2714 4739 Alcuini,
2749 4679 2789 4726 t.
2829 4670 2899 4739 ιι,
2935 4670 3041 4728 col.
3070 4669 3198 4739 917,
3227 4668 3327 4725 Ed.
3352 4619 3531 4725 Paris:

2074 4753 2086 4799 l
2116 4746 2262 4799 Miss.
2298 4689 2590 4799 broaarab"
2617 4758 2737 4799 naa.
2767 4742 2888 4796 176.

2072 4753 2086 4811 )
2116 4746 2262 4801 Miss.
2298 4742 2590 4809 Mozarab.,
2617 4758 2737 4813 pag.
2767 4742 2888 4813 [ἰᾷ.

2029 4817 2081 4887 e)
2120 4817 2369 4887 Antiquae
2401 4811 2773 4887 Concilioruni
2791 4811 3063 4887 Editiones
3091 4812 3295 4887 habent
3314 4827 3529 4887 pauone-

1933 4882 2025 4951 no,
2048 4882 2322 4943 Editionés
2348 4901 2479 4940 vero
2500 4883 2701 4949 Labhe,
2731 4883 2988 4939 Harduini
3010 4893 3067 4938 et
3092 4883 3159 4939 de
3189 4882 3438 4952 Aguirre,
3469 4882 3525 4938 in

1934 4966 2086 5014 textu
2132 4959 2332 5012 habent
2355 4971 2522 5022 ausu,
2554 4958 2605 5011 in
2633 4956 2869 5024 margine
2896 4970 3168 5024 quonono.

2013 5028 2081 5102 (t)
2114 5028 2190 5102 De
2217 5027 2421 5102 Liturg.
2445 5022 2868 5102 Gallicai_ia,’li_b.
2903 5043 2938 5091 i,
2976 5022 3180 5102 cap.__4,
3215 5035 3336 5102 pag.
3364 5022 3453 5077 3i.

2008 5094 2084 5173 ('g')
2134 5099 2502 5225 Deﬁgtiquit.
2554 5096 2757 5153 Eccles.
2811 5094 3059 5167 Hispan;
3082 5094 3295 5149 dissert.
3330 5108 3427 5164 vn,
3470 5112 3526 5153 η.

2008 5215 2020 5225 .
2064 5185 2181 5225 032.
2327 5212 2339 5224 .

1936 5174 2020 5237 15,
2064 5185 2181 5237 pag.
2215 5174 2339 5225 550.

2006 5185 2339 5313 iniiinii?
2362 5240 2443 5296 tit.
2462 5239 2565 5313 #15,
2600 5241 2690 5313 ubi
2737 5241 2866 5302 btnc,
2892 5236 3028 5310 quod
3047 5236 3205 5313 juega
3234 5239 3525 5291 auctorita—

1935 5307 2033 5370 tem
2063 5307 2359 5383 apostolica:
2379 5312 2515 5366 sedis
2545 5330 2576 5365 a
2599 5311 2880 5383 Profuturo
2901 5307 3294 5383 metropolitano
3316 5324 3529 5383 suscep-

1936 5396 2041 5441 tam
2064 5377 2336 5437 missarum
2374 5384 2502 5438 ordo
2529 5377 2718 5436 debeat
2742 5377 3005 5433 celebrari.
3061 5377 3213 5433 Brac.
3262 5390 3298 5439 ε,
3350 5377 3432 5431 tit.
3470 5378 3524 5443 4,

2008 4603 2031 4889 ἓ

1934 5472 1964 5512 a
1995 5472 2114 5526 cap.
2145 5454 2233 5518 61,
2263 5464 2317 5509 et
2347 5470 2547 5519 rursus,
2576 5452 2730 5526 intra,
2762 5450 2826 5501 de
2854 5449 3074 5526 Pascha:
3103 5449 3519 5526 annuntiatione,

1934 5529 1998 5581 de
2018 5517 2225 5597 precum
2249 5525 2461 5597 ordine,
2490 5517 2543 5597 et
2569 5523 2931 5597 dc__inissarum
2959 5521 3302 5576 solemnitate.
3348 5517 3523 5590 Epist.

1935 5591 2215 5669 Vigilii_ad
2246 5591 2474 5669 Profut.,
2508 5595 2587 5669 tit.
2732 5591 2954 5669 19.98.
3060 5664 3072 5669 _
3253 5660 3267 5669 ι
3342 5658 3355 5669 Δ
3448 5659 3459 5669 _

2006 5658 2308 5739 (“Exstat
2335 5658 2701 5739 litecepistola
2732 5661 2907 5739 Vigilii
2935 5664 3076 5739 apud
3106 5660 3304 5739 em._de
3326 5658 3520 5739 é‘guir-

1933 5756 1992 5796 re
2012 5728 2032 5799 ξ
2051 5728 2231 5793 Ἑοηο.
2264 5736 2415 5803 Ηὲδμ.
2452 5744 2489 5788 t.
2510 5728 2579 5799 Il,
2612 5728 2872 5805 βίηςζῖἿὸ
2895 5774 2911 5800 ,
2934 5728 3075 5805 apud
3104 5732 3281 5805 La_bbe
3303 5766 3318 5792 ,
3343 5728 3514 5805 Cone.

198 5451 343 5525 tiens
376 5446 526 5525 ﬁdes
552 5449 762 5525 accipit.
794 5449 899 5504 Per
924 5459 973 5504 te
991 5453 1227 5525 uirtutem
1258 5446 1413 5507 sumit
1457 5456 1752 5525 inﬁrmitas,
1782 5466 1831 5513 et

532 5526 630 5599 est.
651 5520 708 5572 in
750 5522 1185 5599 persecutionibus
1214 5539 1442 5599 Aswpum,
1469 5517 1749 5599 quidquid,
1776 5529 1831 5583 in

192 5588 387 5645 mne
417 5588 680 5670 terribile,
711 5588 935 5646 neminis
986 5593 1059 5647 tui
1101 5588 1581 5667 confessionevfa'cis
1608 5588 1832 5670 faciliter

189 5676 504 5733 superare,
521 5668 640 5733 reple.

188 5748 189 5751 η
223 5729 602 5810 μ’(αλυςὴίς
631 5731 973 5810 Βξεοέπθάυε
1000 5750 1094 5791 rex
1116 5739 1168 5793 in
1202 5740 1467 5794 concione
1496 5756 1676 5795 coram
1702 5755 1837 5796 con-

184 5796 619 5880 ditio’ha‘bita;
654 5800 725 5880 E_t
756 5803 1042 5880 Sueuorum
1063 5811 1249 5879 gentis,
1291 5810 1385 5876 ait,
1418 5811 1625 5880 inﬁnita
1651 5815 1829 5867 multi-

1950 5821 1977 5866 ι.
2012 5796 2053 5864 V
2086 5852 2100 5874 ,
2128 5808 2251 5880 col.
2294 5796 2389 5859 51ἰ
2424 5845 2439 5871 ,
2472 5814 2528 5860 et
2553 5796 2709 5875 apud
2724 5796 3059 5861 Harduinum
3085 5849 3100 5873 ,
3155 5802 3327 5873 Conc.
3357 5806 3396 5851 t.
3430 5796 3471 5852 ll
3493 5836 3510 5863 ,

182 5876 331 5933 sudo
377 5872 469 5927 ad
492 5873 723 5928 veritatis
755 5875 1007 5945 originem
1036 5872 1398 5935 rEvocauimus.
1476 5872 1485 5880 ’
1512 5929 1516 5933 .
1936 5882 2041 5939 col.
2076 5872 2233 5945 i429.

523 5972 800 6033 rimo...
837 5929 1397 6036 iugi;
1512 5929 1516 5933 ’

1950 5929 2041 5939 'v-v
2082 5929 2139 5932 --
2188 5929 2231 5945 ῄι

2503 5962 2510 5969 ’
2636 5962 2643 5971 ’
3026 5968 3067 6030 3
