4040 6356
554 358 628 416 75
1993 333 2139 396 PBH

2251 331 2388 392 ⁸1³10.
3771 341 3846 400 το

553 358 628 421 75
1995 358 2388 396 rnmrnuu.
3771 358 3834 400 η

555 465 731 530 rensis
773 463 1065 538 provinciae
1118 458 1387 522 Ecclesiae
1434 455 1539 512 hoc
1574 459 1819 526 tempore
1854 429 2138 524 .litttrgiam
2165 453 2220 519 Α
2245 467 2364 510 rum
2392 451 2600 520 dierum
2629 450 2997 538 multitudine,
3030 452 3222 516 missas
3259 453 3523 522 haberent
3563 455 3834 528 diversas,

556 563 858 622 Romanam
889 556 1189 614 admisisse.

623 654 750 710 2‘51.
793 653 1109 708 Profuturus
1163 640 1509 707 Bracareusis
1569 638 1856 710 episcopus
1904 635 2135 692 Silverio

553 746 805 804 Pontiﬁci
835 744 1141 815 scripserat,
1175 751 1406 810 eumque
1434 734 1502 790 de
1529 731 1615 788 die
1643 728 1807 792 futuri
1839 728 2142 796 Paschatis,

552 841 618 898 de
648 839 823 902 forma
842 832 1200 907 baptismatis,
1219 827 1290 886 de
1314 825 1674 890 Ecclesiarum
1700 823 2140 888 consecratione,

551 932 780 1001 aliisque
807 930 874 986 de
900 927 1062 984 rebus
1084 966 1099 993 ,
1141 924 1622 990 interrogaverat,
1652 919 1792 976 inter
1817 933 1952 990 quas
1981 918 2145 975 etiam

548 1027 618 1081 de
667 1025 855 1082 ordine
880 1021 1056 1077 missae
1105 1017 1401 1082 Romanae,
1431 1029 1500 1068 an
1528 1029 1629 1085 pro
1657 1013 2060 1076 solcinnitatum
2091 1019 2146 1067 et

546 1121 810 1177 festorum
851 1128 1078 1171 numero
1119 1111 1364 1168 diversus
1401 1114 1581 1172 esset,
1634 1121 1702 1165 an
1744 1105 1885 1161 idem
1931 1118 2148 1175 semper

547 1208 732 1264 foret?
771 1205 906 1262 Huic
936 1201 1178 1275 epistolae
1204 1201 1221 1270 (
1251 1197 1477 1253 Silverio
1515 1195 1624 1268 jam
1653 1203 1744 1251 aut
1769 1203 1986 1268 mortuo
2009 1236 2027 1265 ,
2053 1201 2146 1252 aut

549 1300 604 1353 in
633 1298 883 1355 exsilium
912 1291 1232 1366 deportato)
1263 1291 1486 1359 Vigilius
1516 1289 1818 1360 respondit.

617 1389 739 1446 S32.
782 1388 884 1458 Et,
913 1387 1058 1458 quod
1087 1383 1155 1444 ad
1184 1398 1296 1440 rem
1328 1391 1565 1442 nostram
1595 1382 1759 1449 facit,
1791 1381 1909 1437 baic
1937 1379 2101 1444 habet
2127 1397 2139 1433 :

549 1485 800 1540 Ordinem
857 1496 1056 1553 quoque
1105 1494 1352 1550 precum,
1404 1476 1457 1528 in
1492 1475 1784 1532 celebritate
1832 1475 2140 1539 missarum,

546 1577 690 1631 nullo
720 1590 814 1629 nos
843 1581 1073 1642 tempore
1094 1609 1109 1634 ,
1141 1568 1282 1623 nulla
1307 1568 1580 1637 festivitate
1607 1609 1623 1634 ,
1661 1566 2020 1637 signiﬁcamus
2047 1566 2113 1618 Ita
2137 1590 2143 1605 -

546 1671 668 1726 bere
707 1669 959 1726 diversum
984 1705 1000 1732 ,
1042 1665 1134 1720 sed
1175 1679 1376 1733 semper
1402 1662 1580 1716 eodem
1613 1670 1788 1717 tenore
1813 1659 1986 1714 oblata
2034 1658 2144 1713 Deo

545 1779 766 1818 omnem
791 1774 1114 1816 consecrare.
1147 1754 1354 1822 Quoties
1382 1770 1498 1808 vero
1533 1752 1835 1814 Paschalis,
1869 1749 2146 1806 Pentecos-

2246 539 2504 600 Romanis
2550 555 2668 596 mos
2713 539 2902 600 similis
2948 537 3144 608 fuerit,
3195 549 3250 598 et
3295 543 3516 614 aequalis
3546 544 3841 608 missarum

2245 631 2532 687 multitudo
2579 639 2740 701 atque
2809 631 3058 688 varietas.
3117 632 3213 688 Cui
3263 636 3556 706 respondet
3605 637 3842 708 Yigilius

2246 725 2546 790 Ecclesiam
2573 725 2874 788 Romanam
2901 726 3040 796 hanc
3067 728 3373 794 orationum
3404 737 3707 800 etprecum
3737 750 3844 788 va-

2245 826 2496 888 rietatem
2543 839 2651 882 non
2694 823 3019 888 admittere,
3070 823 3162 892 sed
3199 840 3400 894 semper
3447 824 3626 894 eodem
3657 837 3840 884 tenore

2247 919 2420 976 oblata
2447 918 2556 975 Deo
2582 935 2794 976 munera
2825 933 3148 972 consecrare.
3179 915 3348 987 Eique
3378 925 3584 978 textum
3613 923 3840 978 canoni-

2246 1029 2322 1069 ca:
2348 1014 2512 1084 preci:
2564 1012 2731 1085 (nam
2762 1010 2830 1064 de
2876 1024 3086 1066 canone
3131 1010 3308 1066 missa:
3359 1011 3680 1082 loquebatur
3700 1017 3729 1085 -)
3780 1023 3846 1072 et

2247 1105 2522 1175 exemplar
2544 1103 2719 1158 missa:
2747 1099 3012 1170 paschalis
3053 1101 3242 1169 misit,
3276 1108 3335 1165 ut
3357 1143 3371 1167 ,
3423 1103 3488 1158 iis
3540 1105 3796 1174 inspectis
3826 1147 3844 1175 ,

2246 1198 2440 1256 seriem
2468 1196 2693 1265 liturgia‘:
2716 1194 2976 1260 Romana:
2999 1233 3015 1259 ,
3047 1194 3272 1263 ejusque
3293 1198 3360 1252 ab
3388 1195 3574 1254 ordine
3600 1196 3847 1268 Hispano

2247 1289 2658 1360 discrepantiam
2686 1330 2701 1357 ,
2733 1288 2928 1349 clarius
2956 1286 3318 1355 dignosceret.

2317 1382 2440 1438 257.
2483 1383 2549 1440 At
2576 1425 2590 1450 ,
2615 1382 2893 1453 inquiunt,
2923 1397 3098 1438 canon
3153 1382 3501 1439 Bracarensis
3528 1383 3676 1441 clare
3703 1401 3848 1455 pra)-

2247 1474 2380 1545 cipit
2423 1481 2481 1528 ut
2522 1474 2698 1529 missa:
2743 1473 2812 1530 ab
2859 1473 3111 1530 omnibus
3155 1490 3213 1528 eo
3261 1472 3445 1532 ordine.
3493 1474 3847 1533 celebrentur

2246 1585 2395 1641 quem
2427 1568 2737 1638 profuturus
2768 1567 2941 1622 Roma
2969 1568 3190 1622 missum
3224 1568 3451 1637 accepit.
3495 1568 3654 1634 Quod
3696 1569 3846 1625 idem

2246 1671 2330 1716 est
2359 1676 2421 1714 ac
2449 1660 2491 1715 si
2538 1660 2889 1728 praecepisset
2921 1669 2978 1714 ut
3022 1660 3198 1718 missm
3243 1659 3311 1714 ab
3353 1659 3603 1720 omnibus
3651 1664 3846 1718 ordine

2249 1751 2494 1808 Romano
2523 1752 2713 1808 tierent
2736 1791 2753 1819 ,
2785 1758 2952 1820 atque
2998 1750 3132 1808 adeo
3165 1759 3224 1805 ut
3253 1751 3468 1820 liturgia
3507 1751 3755 1812 Romana
3783 1755 3844 1811 in

545 1866 621 1912 tes
641 1899 656 1923 ,
687 1853 1001 1927 Epiphania:
1025 1892 1039 1918 ,
1069 1860 1467 1917 sanctorumque
1497 1846 1596 1901 Dei
1624 1848 1781 1917 fuerit
1807 1845 2009 1915 agenda
2035 1847 2142 1917 fes-
2174 1838 2221 1901 Β
2246 1852 2362 1902 tota
2391 1843 2639 1900 Gallaecia
2672 1844 3024 1915 reciperetur.
3073 1843 3416 1902 Ilabillouius
3438 1846 3662 1908 minime
3685 1848 3846 1904 dubi-

546 1951 718 2006 tivitas
734 1990 750 2016 ,
779 1946 984 2016 singula
1011 1943 1240 2013 capitula
1261 1941 1438 1996 diebus
1458 1949 1580 2007 apta
1604 1937 1925 2009 subjicimus,
1957 1938 2139 2010 quibus

543 2040 1083 2096 commemorationem
1131 2045 1326 2090 sanctae
1380 2033 1724 2088 solemnitatis
1755 2073 1769 2099 ,
1829 2042 1919 2086 aut
1962 2049 2140 2090 eorum

544 2135 764 2206 faciams
792 2148 1008 2204 quorum
1035 2129 1277 2186 natatitia
1306 2125 1620 2181 celebramus
1639 2165 1652 2178 .
1681 2125 1879 2179 Cretera
1903 2142 2022 2180 vero
2044 2143 2134 2180 or-

542 2226 665 2280 dine
698 2233 937 2282 consueto
968 2223 1344 2294 prosequimur.
1397 2217 1721 2289 Quaprnpter
1749 2228 1799 2272 et
1852 2219 2015 2288 ipsius
2046 2235 2138 2274 ca-

539 2324 745 2394 stanieta
765 2322 934 2393 precis
963 2330 1155 2376 textum
1181 2317 1464 2372 direximus
1483 2313 1657 2370 subter
1681 2313 1940 2384 adjectum
1961 2331 2136 2385 quam,

538 2395 652 2473 Deo
679 2416 904 2486 propitio
932 2456 946 2481 ,
978 2431 1043 2467 ea:
1071 2411 1358 2482 apostolica
1387 2407 1665 2462 traditione
1691 2407 1982 2471 accepimus
2009 2446 2021 2459 .
2071 2406 2139 2460 Et

543 2517 602 2562 ut
634 2507 862 2561 charitas
893 2515 980 2560 tua
1023 2512 1296 2574 cognoscat
1318 2498 1499 2572 quibus
1529 2499 1656 2554 locis
1680 2499 1853 2568 aliqua
1885 2500 2138 2568 festivita-

542 2600 681 2654 tibus
715 2609 839 2669 apta
896 2606 1162 2651 connectes
1188 2637 1202 2658 ,
1253 2593 1513 2661 pauc/udis
1542 2591 1644 2646 diei
1689 2605 1865 2659 preces
1895 2591 2138 2646 similiter

517 2759 520 2761 q
539 2691 611 2744 ad
606 2692 842 2761 jecimus.

611 2780 736 2834 255.
779 2779 910 2848 Quae
939 2779 1113 2848 Vigilii
1159 2778 1321 2834 verba
1370 2777 1436 2832 ad
1482 2776 1657 2832 missae
1686 2790 1949 2832 eanonem
1979 2817 1996 2844 ,
2027 2791 2137 2832 non

538 2876 720 2928 autem
751 2870 818 2924 ad
840 2869 1108 2938 integram
1131 2868 1350 2923 missam
1374 2866 1696 2928 Romanam,
1727 2865 2001 2935 pertinere
2023 2880 2140 2935 per-

535 2960 788 3030 apicuum
819 2967 921 3017 est.
982 2957 1114 3016 Nam
1141 2958 1291 3014 solus
1339 2958 1514 3014 missa:
1562 2955 1823 3012 Romanm
1845 2971 2019 3013 canon
2047 2972 2139 3013 eo-

541 3042 668 3100 dem
699 3051 889 3100 teuore
917 3047 1234 3102 constanter
1259 3040 1516 3096 recitatur
1541 3080 1556 3103 ,
1603 3054 1713 3094 non
1754 3054 1884 3096 vero
1915 3053 1979 3094 ea
2019 3052 2139 3109 qua:

538 3151 806 3194 canonem
839 3133 1152 3206 praecedunt
1194 3141 1251 3188 et
1293 3137 1718 3201 consequuntur.
1767 3127 1930 3188 Certe
1955 3172 1971 3199 ,
2003 3139 2138 3187 tem-

534 3244 674 3302 pore
699 3205 878 3298 Vigilii
903 3269 918 3294 ,
948 3227 1131 3284 multa:
1160 3234 1215 3282 et
1242 3225 1468 3281 diversae
1496 3225 1830 3296 praefationes
1873 3223 1926 3280 in
1955 3223 2135 3280 missis
2166 3205 2213 3270 (ἶ

534 3321 907 3382 recitabantur
923 3361 938 3388 ,
972 3327 1028 3375 et
1051 3319 1326 3375 orationes
1353 3315 1536 3372 multa:
1555 3317 1826 3385 variaque
1846 3323 1975 3370 ante
2003 3332 2142 3386 prat-

537 3413 790 3488 fationem
811 3451 827 3478 ,
859 3419 916 3468 et
937 3408 1190 3468 absoluto
1215 3421 1426 3466 canone
1443 3446 1459 3472 ,
1494 3406 1816 3462 dicebantur
1833 3447 1850 3474 ,
1880 3407 2142 3478 quemad-

534 3501 759 3563 modum
783 3499 1213 3558 Sacramentaria
1235 3505 1445 3557 vetusta
1471 3537 1486 3563 ,
1519 3494 1690 3570 [ωιγι]
1716 3496 2054 3554 Leonianum
2083 3506 2142 3555 et

536 3590 907 3661 Gelasimum,
931 3591 1327 3658 demonstrant.
1353 3590 1411 3648 ln
1437 3605 1648 3648 canone
1669 3604 1887 3662 quoque
1911 3590 2141 3660 capitula

536 3683 717 3744 diebus
740 3694 865 3757 apta
893 3685 1271 3753 inserebantur
1289 3684 1432 3756 infra
1453 3683 1709 3740 actionem
1726 3724 1742 3753 ,
1773 3683 1850 3744 uti
1877 3683 1933 3740 in
1955 3681 2144 3739 Sacra-

537 3778 810 3838 mentario
849 3777 1137 3844 Gelasiano
1166 3777 1350 3838 videre
1373 3786 1459 3834 est

608 3867 733 3924 254.
776 3868 893 3926 Hoc
921 3875 1103 3936 autem
1125 3883 1190 3936 ex
1211 3867 1564 3941 responsione
1591 3867 1773 3937 Vigilii
1798 3867 1930 3922 satis
1954 3876 2140 3940 aperte

533 3970 716 4036 patet,
750 3961 1020 4033 liturgiam
1049 3975 1157 4031 qua
1200 3959 1548 4018 Bracarensis
1579 3958 1858 4032 provincia
1889 3959 2141 4018 utebatur

536 4055 594 4122 in
621 4069 688 4111 eo
717 4069 749 4108 ει
779 4052 1023 4118 Romana
1069 4052 1236 4112 fuisse
1263 4051 1577 4110 dissimilem
1608 4093 1622 4115 ,
1651 4049 1796 4119 quod
1828 4049 1945 4106 lnrc
1973 4064 2138 4104 cauo-

541 4164 670 4217 netu
719 4144 980 4213 haberet,
1011 4156 1234 4214 precum
1265 4141 1542 4206 ordinem,
1574 4147 1628 4196 et
1651 4139 1948 4192 verborum
1981 4148 2137 4194 teno-

536 4257 657 4300 rem
681 4235 928 4296 eumdem
951 4241 1266 4304 constanter
1293 4229 1638 4293 retinentem,
1672 4225 1762 4281 illa
1785 4241 1916 4288 vero
1939 4227 2139 4288 nullam

482 4383 488 4388 .
539 4334 950 4400 missarpartem
977 4327 1340 4398 baberetquae
1366 4321 1640 4380 variabilis
1670 4337 1778 4382 non
1808 4321 2000 4386 fuerit;
2032 4337 2139 4391 quo

539 4430 772 4497 apparet
813 4421 1030 4488 missam
1058 4416 1463 4485 Bracarensium
1493 4412 1737 4484 eamdem
1769 4414 1932 4470 fuisse
1978 4420 2141 4484 atque

543 4513 1050 4585 Gotbo-Hispanam
1076 4551 1090 4577 ,
1137 4511 1191 4565 in
1214 4523 1318 4580 qua
1347 4509 1449 4564 ista
1480 4506 1766 4562 missarum
1788 4550 1803 4575 ,
1835 4521 2056 4576 precum
2086 4512 2141 4562 et

549 4609 862 4667 orationum
889 4605 1126 4659 varietas
1149 4601 1434 4656 manifeste
1457 4599 1713 4654 cernitur.

512 4680 518 4683 ’
615 4700 742 4756 255.
788 4700 875 4766 At,
907 4712 1029 4753 cum
1055 4696 1110 4751 in
1137 4693 1394 4750 decretali
1420 4693 1648 4763 epistola
1683 4691 1857 4762 Vigilii
1880 4691 2025 4754 nulla
2049 4691 2142 4748 [lat

542 4793 750 4854 mentio
777 4789 846 4848 de
874 4787 1088 4856 liturgia
1112 4785 1357 4847 Romana
1379 4783 1722 4854 suscipienda
1742 4825 1757 4852 ,
1789 4799 1852 4839 ac
1879 4800 1948 4838 ne
1977 4784 2138 4846 mini-

539 4902 689 4946 mum
738 4882 954 4954 quidem
1002 4878 1257 4934 indicium
1307 4876 1377 4932 sit
1417 4875 1737 4932 Bracarensi
1785 4875 2044 4948 episcopo
2085 4876 2139 4930 in

459 5042 467 5050 π
539 4981 786 5036 animum
834 4971 1050 5030 venisse
1078 4977 1356 5040 receptum
1397 4982 1508 5024 suae
1557 4966 1848 5037 provincia:
1889 4967 2136 5021 ordinem

538 5071 846 5142 liturgicum
893 5074 1141 5132 mutare,
1195 5079 1264 5118 ex
1291 5062 1396 5118 hac
1447 5059 1673 5131 epistola
1713 5059 1908 5115 deduci
1953 5059 2140 5128 nequit

537 5164 693 5233 regni
723 5163 1022 5217 Suevorum
1050 5154 1344 5223 Ecclesias,
1374 5153 1624 5209 abdicata
1652 5151 1910 5221 Hispana,
1936 5150 2137 5207 Roma-

539 5269 667 5312 nam
698 5253 966 5322 liturgiam
993 5250 1100 5305 hoc
1123 5257 1369 5316 tempore
1397 5243 1694 5300 admisisse.

613 5345 739 5402 256.
781 5343 969 5414 Neque
993 5343 1095 5397 alia
1124 5339 1335 5394 videtur
1383 5336 1545 5398 fuisse
1575 5351 1739 5391 causa
1771 5351 1867 5391 cur
1913 5335 2136 5405 Vigilius

543 5445 612 5502 de
656 5439 882 5510 liturgim
933 5435 1194 5492 Romanae
1245 5447 1455 5491 canone
1507 5430 1835 5488 mentionem
1897 5427 2134 5494 fecerit,

543 5549 706 5607 quam
726 5540 786 5586 ut
814 5527 1083 5585 Profuturi
1111 5526 1410 5582 curiositati
1436 5522 1808 5589 satisfaceret,
1840 5521 1932 5590 qui
1959 5559 1973 5584 ,
2000 5520 2136 5574 ritus

544 5628 821 5684 Romanos
849 5620 1110 5680 noscendi
1155 5619 1379 5690 cupidus
1421 5617 1733 5692 pontificem
1764 5616 2131 5679 interrogave-

547 5732 667 5788 rat,
701 5739 767 5777 an
793 5763 806 5789 ,
838 5716 1287 5790 quemadmodum
1318 5718 1372 5772 in
1413 5715 1690 5786 Hispania,
1726 5727 1823 5782 pro
1853 5709 2130 5779 liturgico-

621 5839 697 5910 (ιι)
739 5837 811 5891 De
843 5834 1043 5910 Liturg.
1075 5833 1262 5910 Gallic.
1290 5875 1305 5910 ,
1338 5832 1429 5910 lib.
1461 5847 1520 5910 ε..
1551 5845 1670 5898 cap.
1707 5826 1739 5878 4
1763 5839 1929 5910 ,pa'g.
1959 5822 2044 5910 Sil:

620 5893 695 5984 ibi
736 5910 810 5964 De
841 5893 1157 5975 antiquitate
1183 5893 1429 5959 Ecclesim
1461 5893 1706 5970 llispanw
1734 5940 1746 5963 ,
1793 5907 1828 5951 ι.
1865 5894 1904 5948 ll
1929 5935 1944 5960 ,
1995 5893 2120 5946 diss.

2244 1943 2322 1992 tat
2343 1935 2472 2006 quin
2502 1935 2635 1991 ordo
2662 1935 2753 1989 ille
2776 1932 2939 1996 fuerit
2985 1932 3304 1992 Gelasianus
3353 1936 3450 2007 (α).
3503 1937 3613 1994 Nec
3657 1943 3844 2009 negari

2242 2038 2419 2100 potest
2449 2029 2749 2082 Romanam
2779 2026 3098 2093 Ecclesiam,
3130 2028 3356 2084 sedente
3385 2027 3602 2098 Vigilio,
3639 2029 3840 2088 Sacra-

2242 2122 2508 2178 mentario
2537 2119 2827 2176 Gelasiano
2856 2135 3011 2175 usam
3044 2135 3188 2178 esse.

2313 2215 2437 2276 238.
2479 2214 2586 2270 Sed
2615 2231 2685 2269 ne
2708 2215 2951 2272 dicamus
2979 2213 3472 2276 Sacramentarium
3492 2213 3840 2279 Gelasimum

2243 2310 2306 2364 ad
2340 2307 2689 2364 Profuturum
2712 2308 2937 2366 missum
2966 2321 3088 2362 esse
3113 2347 3130 2375 ,
3153 2306 3334 2370 obstat
3357 2307 3538 2378 Vigilii
3568 2309 3798 2379 epistola
3822 2351 3836 2376 ,

2241 2402 2296 2462 in
2325 2417 2430 2471 qua
2457 2401 2646 2458 scribit
2681 2416 2743 2457 se
2767 2401 2942 2464 misere
2972 2415 3236 2458 canonem
3264 2409 3323 2466 et
3354 2401 3572 2464 missam
3604 2405 3842 2473 pascha-

2240 2492 2348 2550 lem
2397 2494 2609 2550 misisse
2634 2534 2648 2560 ,
2683 2493 2752 2549 de
2793 2491 3236 2552 Sacramentario
3283 2491 3573 2556 Gelasiano
3615 2511 3842 2564 prorsus

2241 2587 2383 2644 silet.
2415 2584 2565 2642 Unde
2607 2584 2898 2652 Cajetanus
2929 2584 3101 2650 Cenni
3134 2585 3208 2656 (ιι)
3250 2594 3396 2642 recte
3432 2585 3645 2655 quidem
3676 2597 3842 2656 negat

2241 2675 2736 2738 Sacramentarium
2791 2675 3139 2736 Gelasianum
3186 2673 3477 2730 Profuturo
3511 2675 3676 2734 fuisse
3703 2678 3840 2734 mis-

2242 2789 2362 2830 sum
2390 2790 2404 2840 ;
2436 2780 2493 2826 at
2517 2772 2572 2827 in
2603 2786 2670 2827 eo
2697 2771 2843 2842 quod
2869 2771 3016 2825 addit
3041 2815 3056 2838 ,
3103 2773 3359 2842 integrum
3386 2772 3620 2827 ordinent
3667 2775 3841 2830 misere

2245 2865 2500 2922 Romana:
2540 2864 2792 2935 Vigilium
2837 2863 2890 2920 in
2921 2863 3235 2936 Hispaniam
3285 2881 3392 2922 non
3437 2866 3650 2924 misisse
3674 2906 3690 2932 ,
3719 2868 3840 2923 viro

2243 2962 2458 3020 erudito
2504 2959 2727 3019 minime
2772 2959 3091 3025 assentiar;
3143 2957 3272 3018 mihi
3320 2959 3463 3016 enim
3512 2969 3719 3016 certum
3760 2971 3842 3016 est

2239 3057 2460 3114 missam
2491 3054 2654 3110 etiam
2681 3052 2990 3124 paschalem
3016 3091 3030 3117 ,
3063 3065 3231 3121 quam
3262 3049 3515 3121 Vigilium
3543 3050 3839 3109 Profuturo

2241 3149 2454 3207 misisse
2499 3154 2749 3212 constat,
2781 3144 3049 3216 integrum
3091 3142 3339 3202 ordinem
3369 3145 3545 3202 missae
3576 3146 3836 3204 Romanae

2247 3242 2588 3312 complexam
2616 3254 2758 3296 esse.

2315 3331 2440 3390 959.
2480 3331 2717 3388 Cennius
2755 3329 2917 3387 etiam
2947 3329 3271 3402 peculiarem
3299 3331 3607 3402 opinionem
3647 3331 3838 3405 [ιινιι]

2242 3429 2408 3486 habet
2426 3428 2566 3483 circa
2591 3425 2837 3482 ordinem
2888 3424 3194 3482 Romanum
3226 3439 3390 3498 quem
3420 3425 3672 3497 opinatur
3701 3425 3838 3480 Bra-

2239 3535 2513 3583 carenses,
2546 3532 2844 3590 omnesque
2871 3516 3140 3589 Hispanos
3164 3560 3180 3585 ,
3213 3519 3320 3576 hoc
3343 3527 3586 3589 tempore
3604 3560 3620 3586 ,
3651 3535 3834 3575 susce-

2243 3615 2388 3684 pisse
2417 3615 2510 3682 (c).
2562 3612 2726 3668 Putat
2753 3611 2898 3668 enim
2917 3611 3154 3666 orationi
3184 3620 3299 3680 post
3328 3619 3538 3666 sanctus
3565 3611 3837 3679 integrum

2241 3720 2506 3764 annonem
2537 3704 2842 3772 Romanum
2869 3702 3169 3774 subiectum
3191 3701 3387 3767 fuisse,
3420 3717 3528 3769 quo
3558 3701 3836 3771 absoluto,

2241 3803 2542 3858 orationem
2590 3811 2705 3874 post
2730 3812 2930 3860 secreta
2953 3843 2967 3868 ,
3012 3802 3125 3859 sive
3152 3809 3267 3871 post
3292 3799 3462 3870 pridie
3488 3838 3503 3863 ,
3544 3800 3837 3857 vocitatam

2242 3909 2381 3957 esse,
2415 3903 2470 3950 et
2498 3895 2704 3965 reliqua
2735 3937 2748 3960 ,
2775 3911 2944 3965 usque
2973 3895 3039 3949 ad
3067 3896 3240 3949 missa:
3279 3894 3438 3945 tinem
3470 3931 3486 3957 ,
3515 3907 3666 3946 more
3705 3908 3842 3950 con-

2239 3996 2399 4044 sueto
2420 3986 2654 4058 Hispano
2675 3989 2838 4044 tuisse
2860 3995 3094 4058 peracta.
3121 3986 3227 4042 Sed
3247 3982 3546 4054 bojusmodi
3568 3987 3721 4053 ordo,
3737 4004 3839 4045 nec

2243 4081 2540 4149 Romanus,
2571 4097 2747 4153 neque
2775 4081 3040 4152 Hispanus
3069 4083 3174 4136 dici
3215 4083 3408 4151 potuit.
3439 4081 3546 4138 Sed
3575 4081 3835 4138 confusus

2243 4175 2460 4244 quidam
2486 4215 2500 4240 ,
2531 4189 2599 4229 ex
2628 4183 2860 4238 utroque
2883 4171 3148 4234 conﬂatus
3171 4215 3184 4239 ,
3215 4175 3332 4242 qui,
3361 4186 3532 4244 usque
3561 4171 3631 4234 ad
3667 4173 3833 4240 tinem

2239 4267 2508 4321 orationis
2543 4274 2666 4336 post
2694 4265 2925 4321 Sanctus
2972 4266 3136 4322 ritum
3185 4264 3480 4336 Hispanum
3528 4265 3839 4331 retinebat,

2245 4366 2356 4413 tum
2380 4358 2444 4413 ad
2473 4357 2632 4413 tinem
2664 4374 2835 4428 usque
2863 4360 3086 4415 canonis
3134 4359 3438 4413 Romanum
3468 4401 3482 4425 ,
3532 4373 3595 4413 ac
3619 4357 3837 4412 demum

2243 4465 2363 4522 quae
2409 4467 2675 4508 eanonem
2726 4461 3131 4524 consequuntur
3171 4464 3330 4508 more
3382 4451 3620 4523 Hispano
3677 4451 3840 4522 perti-

2250 4553 2416 4600 ceret.

2318 4655 2440 4714 250.
2471 4657 2693 4723 Verum,
2725 4672 2847 4714 cum
2873 4657 2961 4713 hic
2982 4656 3234 4712 confusus
3253 4653 3391 4716 ordo
3421 4653 3698 4710 Romanus
3729 4669 3840 4710 non

2245 4750 2335 4818 sit,
2378 4765 2478 4804 nec
2498 4765 2529 4802 a
2551 4748 2760 4818 Vigilio,
2798 4765 2973 4819 neque
2993 4751 3061 4805 ab
3083 4749 3395 4819 apostolicae
3422 4749 3567 4804 sedis
3594 4748 3840 4804 auctori-

2246 4850 2374 4908 tate,
2402 4842 2455 4896 in
2477 4840 2792 4913 Hispaniam
2825 4843 3042 4911 missus,
3075 4841 3143 4896 de
3169 4856 3236 4897 eo
3265 4856 3439 4897 canon
3487 4839 3840 4895 Bracarensis

2244 4935 2467 5004 intelligi
2493 4937 2699 5006 nequit.
2732 4935 2839 4990 Sed
2865 4951 3045 5005 neque
3075 4936 3142 4991 de
3167 4933 3458 4992 Gelasiano
3498 4933 3691 4992 ordine
3749 4931 3840 4987 in-

2244 5032 2564 5100 telligendus
2612 5039 2736 5095 est;
2794 5045 2918 5084 nam
2964 5031 3065 5086 etsi
3110 5030 3273 5083 missa
3327 5028 3624 5093 Paschalis,
3671 5040 3841 5096 quam

2246 5125 2466 5202 Vigilius
2512 5125 2580 5179 ad
2630 5123 2974 5180 Profuturum
3017 5123 3258 5190 miserat,
3304 5120 3574 5177 Gelasiani
3624 5119 3840 5175 ordinis

2239 5220 2424 5291 fuerit,
2448 5237 2558 5278 non
2588 5221 2712 5286 ideo
2738 5231 2917 5280 tamen
2941 5221 3163 5284 miserat
3186 5226 3264 5284 ut,
3299 5218 3418 5286 ejus
3461 5218 3650 5279 instar,
3697 5215 3833 5272 Pro-

2240 5317 2450 5372 futurus
2479 5317 2673 5373 missas
2698 5316 3009 5372 Gelasianas
3051 5321 3428 5383 componeret,
3460 5327 3579 5380 qua:
3614 5311 3666 5365 iu
3707 5309 3839 5364 Gal-

2240 5411 2402 5468 laecia:
2447 5409 2705 5468 Ecclesiis
2747 5410 3118 5478 recitarentur.
3151 5406 3208 5463 Si
3233 5405 3376 5462 enim
3410 5407 3516 5462 hoc
3556 5404 3632 5460 illi
3691 5419 3839 5458 curm

2237 5503 2446 5575 fuisset,
2495 5506 2763 5575 integrum
2798 5499 3290 5562 Sacramentarium
3317 5496 3684 5558 Gelasianum.
3726 5510 3836 5548 non
3911 5502 3915 5504 ‘

2236 5599 2449 5653 unicam
2521 5599 2638 5667 ejus
2690 5598 2923 5660 missam,
2957 5596 3009 5649 in
3067 5590 3380 5662 Hispaniam
3447 5587 3698 5650 ausisset,
3751 5584 3837 5638 fa-

2233 5691 2385 5747 cilius
2428 5707 2659 5764 namque
2713 5702 2767 5747 et
2798 5686 3098 5759 expeditius
3151 5691 3268 5740 erat
3317 5676 3836 5743 Sacramentarium,

2235 5827 2302 5865 VII
2330 5851 2344 5875 ,
2378 5826 2497 5880 pag.
2528 5807 2651 5862 55L

2429 5874 2565 5936 Ibid.
