4040 6356
286 228 355 284 17
1726 224 2117 285 primario.
3505 254 3576 313 78

278 344 672 416 transcribere,
704 354 762 402 et
790 344 857 401 ad
884 357 1013 401 usus
1033 342 1396 417 Hispanorum
1443 348 1880 411 accommodare,
1911 341 1969 406 Δ
2046 343 2189 445 _245_.
2215 344 2404 407 Patres
2438 350 2611 445 igitur
2626 350 2899 428 Toletani,
2921 357 3017 433 qui
3043 359 3099 423 in
3138 332 3242 420 hac
3288 378 3369 434 re,
3413 364 3578 445 longe

274 456 441 512 quam
473 455 679 496 novum
702 452 1049 509 componere.

344 530 482 585 24L
536 530 773 587 Causam
805 540 937 587 vero
982 530 1055 587 ob
1109 546 1271 603 quam
1319 530 1539 604 Vigilius
1578 532 1882 591 Romanum

274 639 551 681 canonem
583 633 638 679 et
682 624 904 680 missam
931 624 1242 695 paschalem
1271 625 1323 681 in
1353 624 1664 698 Hispaniam
1713 628 1880 696 misit,

271 717 387 788 ipse
454 718 512 773 in
560 717 791 789 epistola
822 718 966 774 lianc
995 733 1160 773 unam
1190 720 1447 790 assignat,
1478 728 1539 775 ut
1560 719 1876 790 Profuturo,

272 811 527 879 diligenti
574 812 880 867 alienorum
936 812 1135 867 rituum
1190 811 1513 883 indagatori,
1567 831 1674 871 non
1718 817 1880 873 modo

272 886 610 976 praecipuam
664 914 897 975 partem,
958 922 1079 976 quae
1132 907 1185 961 in
1239 924 1451 965 canone
1495 911 1595 965 sita
1627 920 1731 981 est,
1782 913 1877 969 sed

279 1012 499 1052 omnem
557 999 736 1053 missae
789 998 1049 1055 Romamn
1093 1000 1337 1056 ordinem
1387 1002 1486 1059 sub
1541 1014 1759 1075 aspectu
1803 1007 1875 1061 ita

276 1098 509 1158 poneret
553 1099 613 1145 ut
644 1093 841 1147 seriem
900 1092 1016 1162 ejus
1060 1101 1222 1165 atque
1271 1094 1675 1167 dispositionem
1705 1101 1878 1157 oculis

275 1184 437 1238 etiam
483 1186 771 1255 percipere
803 1183 1189 1256 facile‘posset.

341 1274 476 1330 242.
522 1278 798 1333 Canonem
822 1294 949 1333 vero
978 1277 1365 1336 Bracarensem
1413 1282 1727 1353 vigesimum
1792 1301 1877 1341 se-

276 1372 513 1426 cundum
537 1373 817 1426 conditum
852 1372 1038 1438 fuisse,
1075 1390 1184 1429 non
1212 1383 1272 1429 ut
1294 1377 1345 1430 in
1378 1374 1680 1437 Suevorum
1707 1393 1874 1447 regno

274 1461 489 1530 liturgia
514 1462 803 1517 Gelasiana
837 1466 1221 1533 susciperetur,
1248 1467 1344 1523 sed
1371 1466 1634 1523 duntaxat
1663 1478 1722 1523 ut
1754 1485 1876 1525 con-

274 1555 459 1609 cordia
489 1556 543 1609 in
592 1554 876 1610 Missarum
908 1557 1277 1614 celebratione
1331 1559 1694 1630 induceretur,
1746 1579 1873 1635 per-

276 1645 503 1699 suadent
529 1661 768 1701 canones
791 1645 1033 1701 decimus
1056 1664 1247 1716 nonus,
1280 1651 1587 1719 vigesimus,
1612 1660 1667 1707 et
1723 1655 1871 1723 vige-

277 1733 449 1788 simus
468 1737 700 1804 primus,
728 1735 968 1805 ejusdem
1014 1739 1228 1808 synodi,
1254 1743 1346 1811 qui
1377 1758 1565 1799 omnes
1596 1752 1761 1813 agunt
1803 1746 1871 1801 de

274 1823 472 1879 rituum
502 1826 795 1881 concordia
810 1842 1108 1899 omnesque
1134 1834 1329 1888 sanciri
1353 1833 1569 1890 fuerunt
1586 1846 1869 1907 postquam

276 1914 464 1972 fuisset
484 1920 675 1973 retecta
693 1922 981 1976 auctoritas
1003 1924 1144 1978 sedis
1188 1929 1489 1997 apostolica:
1517 1931 1586 1983 ad
1608 1932 1871 2001 quondam

276 2006 618 2080 Profuturum
647 2013 846 2067 directa
875 2017 1195 2087 episcopum.

348 2098 467 2155 243.
530 2101 800 2159 Prmterea
860 2106 1135 2163 silentium
1180 2111 1555 2183 episcoporum
1604 2115 1873 2174 Callaeciae

277 2193 373 2263 qui
400 2197 622 2251 concilio
653 2197 916 2255 Toletano
940 2218 992 2255 tv
1023 2202 1379 2261 interfuerunt
1399 2206 1703 2267 luculenter
1744 2229 1874 2284 pro-

280 2283 383 2338 bat
418 2284 686 2343 Ecclesias
721 2288 1006 2360 Callaeciae,
1039 2300 1285 2364 tempore
1332 2297 1472 2352 illius
1495 2302 1729 2369 concilii,
1763 2303 1872 2359 Ro-

292 2376 465 2430 manis
498 2377 694 2433 ritibus
729 2380 946 2435 minime
992 2383 1225 2440 addictas
1257 2386 1439 2443 fuisse.
1508 2389 1679 2447 Nemo
1727 2395 1869 2449 enim

296 2464 509 2532 ignorat
554 2471 880 2525 auctoritate
907 2475 1110 2529 concilii
1140 2476 1388 2533 Toletani
1439 2496 1489 2534 tv
1523 2484 1871 2539 concordiam

286 2558 591 2628 liturgicam
615 2561 871 2621 Ecclesiis
898 2568 1057 2623 totius
1088 2570 1299 2640 imperii
1326 2571 1729 2643 Visigothorum
1751 2594 1869 2632 res-

286 2650 495 2706 titutam
527 2668 667 2720 esse,
703 2664 757 2710 et
783 2658 1015 2726 priscum
1048 2661 1409 2731 Hispanorum
1438 2668 1747 2724 celebrandi
1780 2688 1868 2726 or-

278 2745 456 2801 dinem
493 2747 565 2801 ita
596 2748 993 2823 conﬁrmatum,
1021 2765 1079 2810 ut
1108 2757 1212 2812 hoc
1240 2776 1348 2814 uno
1380 2760 1433 2814 in
1464 2771 1744 2832 posterum
1791 2766 1867 2820 uti

276 2842 595 2912 permissum
644 2843 820 2900 fuerit.
874 2846 1161 2914 Quomodo
1212 2862 1396 2907 autem
1444 2854 1644 2911 factum
1676 2866 1757 2913 est
1810 2869 1871 2913 ut

274 2928 535 2988 Gallrccite
556 2935 815 3003 praesules
843 2939 977 2994 muti
996 2949 1051 2993 et
1077 2942 1316 3011 elingues
1340 2945 1613 3010 sederent,
1652 2948 1867 3020 quando

274 3040 424 3079 usum
452 3025 688 3095 liturgia:
714 3026 978 3086 Romana:
1008 3032 1110 3087 sibi
1140 3032 1507 3105 Ecclesiisque
1543 3038 1655 3092 suis
1695 3039 1867 3094 inter-

276 3115 374 3173 dici
427 3118 950 3187 animadverterunt,
985 3124 1069 3179 cui
1097 3122 1233 3195 jam,
1278 3135 1335 3182 ut
1405 3131 1717 3198 assumitur,
1767 3148 1869 3203 per

277 3224 439 3265 annos
466 3227 633 3283 supra
684 3214 1025 3283 septuaginta
1071 3217 1452 3275 adhaeserant?
1488 3238 1657 3292 quare
1703 3225 1869 3282 totius

276 3302 561 3371 provincize
605 3307 1052 3363 consuetudinem
1085 3309 1105 3383 [
1135 3310 1344 3385 vatn]
1378 3316 1593 3370 concilii
1640 3318 1869 3375 celebris

279 3395 596 3451 auctoritate
622 3396 921 3468 inductam,
966 3409 1021 3455 et
1054 3401 1310 3459 Romana:
1341 3405 1598 3463 Ecclesiae
1638 3426 1868 3467 venera-

281 3483 474 3539 tionem
498 3502 609 3542 non
632 3500 1004 3560 opposuerunt
1022 3494 1046 3547 ?
1062 3493 1229 3565 lluju<
1252 3514 1383 3555 sane
1404 3501 1606 3556 silentii
1629 3520 1734 3560 non
1760 3506 1865 3562 alia

280 3576 412 3631 ratio
440 3576 624 3634 aﬁerri
662 3591 840 3652 potest
870 3600 1029 3656 quam
1058 3588 1182 3658 quia
1206 3590 1419 3661 liturgia
1445 3592 1690 3651 Romana
1722 3599 1866 3670 apud

279 3662 535 3723 Callaecia:
560 3671 793 3741 populos
822 3689 921 3727 usu
944 3685 997 3729 et
1027 3680 1176 3747 praxi
1213 3694 1491 3754 nunquam
1532 3662 1861 3747 obtinuerat.

345 3754 467 3812 ω.
498 3759 741 3831 Denique
762 3779 891 3818 cura
915 3769 1201 3837 peculiaris
1226 3786 1385 3842 quam
1442 3779 1731 3835 concilium
1762 3780 1869 3838 To-

281 3847 521 3905 letanutn
556 3870 606 3907 tv
645 3865 906 3925 posuerat
933 3859 989 3913 in
1028 3861 1093 3916 iis
1129 3866 1610 3925 consuetudinibus
1649 3874 1868 3942 provin-

288 3940 490 3998 ciarum
533 3948 818 4005 evellendis
845 3966 967 4022 qua:
1012 3953 1272 4026 liturgicaa
1315 3964 1619 4020 concordiae
1649 3940 1869 4025 abesse

277 4046 545 4110 poterant,
567 4042 725 4112 plane
756 4046 1045 4115 persuadet
1071 4048 1206 4106 ritus
1235 4051 1509 4113 Romanos
1538 4057 1592 4113 in
1613 4057 1864 4118 Gallrecia

275 4130 498 4186 usitatos
528 4134 752 4189 minime
776 4133 961 4193 fuisse.
984 4136 1139 4209 Nam,
1169 4149 1229 4195 ut
1254 4143 1358 4200 hoc
1381 4162 1488 4202 uno
1518 4152 1771 4222 exemplo
1800 4169 1863 4209 u-

275 4228 373 4290 tar,
404 4237 529 4278 cum
558 4223 848 4280 concilium
880 4226 1109 4299 primum
1132 4230 1463 4292 Bracarense
1487 4242 1866 4301 auctoritatem

274 4308 561 4369 Laodiceni
595 4314 810 4373 concilii
846 4314 924 4388 (a)
969 4327 1236 4389 secutum,
1278 4326 1643 4397 prohibuisset
1685 4333 1761 4405 (ὁ)
1799 4350 1868 4391 ne

1893 3078 1941 3143 ϐ

1988 438 2211 493 minoris
2236 441 2520 509 momenti,
2550 443 2686 500 adeo
2714 447 2891 505 severi
2919 465 2979 507 se
3007 451 3391 527 exhibuerant,
3448 438 3571 516 siin

1986 526 2233 587 Gallmcia
2262 532 2531 603 vigentem
2570 535 3053 609 deprehendissent
3076 544 3351 620 liturgiam
3378 526 3381 527 ν
3407 546 3571 610 Gela-

1984 622 2209 691 sianam,
2229 641 2348 683 eam
2360 628 2747 692 innominatam
2760 636 2946 710 utique
2957 656 3065 698 non
3086 645 3573 714 praetermisissent.

1984 714 2091 772 Sed
2124 728 2218 774 aut
2246 729 2433 790 aperte
2482 725 2856 796 sustulissent;
2889 740 3000 800 aut,
3032 735 3198 807 quod,
3230 752 3329 813 pro
3378 736 3575 811 Hispa-

1984 825 2177 867 norum
2221 827 2349 885 erga
2387 814 2689 875 Romanam
2715 817 3013 880 Ecclesiam
3043 830 3368 898 reverentia,
3400 832 3571 903 magis

1983 901 2243 959 credibile
2271 913 2370 974 est,
2424 907 2543 978 ejus
2572 926 2726 966 usum
2777 912 2834 969 in
2862 913 3117 972 Gallazcia
3165 918 3279 975 suis
3336 901 3570 980 decretis

1982 994 2409 1057 conﬁrmassent.
2460 1000 2569 1057 Sed
2598 1003 3040 1076 quandoquidem,
3082 1011 3369 1067 concilium
3417 1011 3579 1071 Tole-

1981 1093 2162 1141 tanum
2185 1104 2238 1143 tv
2270 1090 2436 1145 altum
2468 1092 2592 1149 silet
2621 1094 2689 1150 de
2736 1094 2993 1152 Romanis
3029 1098 3243 1171 ritibus,
3273 1109 3330 1157 et
3362 1112 3577 1161 constat

1978 1179 2149 1233 solam
2182 1181 2448 1253 liturgiam
2491 1182 2990 1257 Gellio-Hispanam
3014 1190 3065 1245 in
3100 1189 3356 1263 Hispania
3409 1204 3467 1252 et
3520 1198 3576 1253 in

1978 1267 2150 1325 Gallia
2167 1270 2391 1329 Gothica
2416 1283 2537 1352 post
2558 1274 2662 1331 hoc
2684 1275 2985 1335 Concilium
3011 1281 3330 1352 obtinuisse,
3352 1284 3577 1345 minime

1978 1361 2331 1419 dubitandum
2357 1344 2574 1421 videtur
2593 1369 2721 1438 quin
2748 1369 3009 1443 Catholici
3041 1372 3093 1427 in
3118 1344 3370 1430 Callaecia
3399 1344 3575 1431 eidem

1978 1452 2204 1523 liturgia:
2252 1472 2467 1527 semper
2521 1460 2844 1515 adhazserlut
2901 1478 3063 1532 quam
3112 1465 3333 1536 reliqum
3379 1465 3575 1538 Hispa-

1977 1548 2187 1602 niarum
2218 1552 2509 1618 provinciae
2541 1561 2855 1609 constanter
2885 1557 3241 1612 retinuerant.

2051 1642 2077 1714 ς
2102 1641 2213 1697 XV.
2248 1644 2326 1698 De
2346 1647 2589 1715 prinurva
2611 1647 2813 1717 origine
2844 1649 3067 1721 liturgire
3089 1650 3380 1708 Gallicam:
3406 1655 3549 1726 inqui

1905 1715 1947 1776 Β
1976 1734 2127 1789 ritur.
2165 1733 2231 1787 Et
2260 1753 2325 1788 an
2350 1753 2414 1788 ea:
2447 1715 2710 1807 Hispania
2733 1740 2788 1791 in
2821 1715 3066 1807 Galliam,
3098 1758 3166 1795 an
3189 1744 3357 1813 potius
3377 1760 3405 1797 e
3435 1715 3564 1798 Gal-

1978 1825 2049 1879 lia
2080 1827 2134 1879 in
2170 1826 2493 1891 Hispaniam
2520 1837 2810 1901 prepagata
2831 1831 3007 1899 fuerit.

2049 1917 2173 1971 2M.
2208 1918 2504 1988 Liturgiam
2554 1917 2888 1975 Gallicanam
2930 1921 3069 1977 adeo
3119 1922 3351 1978 similem
3411 1922 3578 1981 fuisse

1977 2008 2461 2080 (letho-Hispanas,
2484 2018 2541 2065 ut
2569 2026 2674 2066 una
2698 2019 2861 2083 atque
2888 2013 3080 2069 eadem
3109 2014 3297 2070 haberi
3318 2017 3575 2087 potuerit,

1976 2115 2043 2153 ex
2071 2100 2335 2155 hactenus
2355 2101 2515 2157 dictis
2530 2103 2662 2157 satis
2684 2111 2871 2173 aperte
2898 2110 3135 2161 constat.
3162 2105 3317 2163 Nunc
3373 2108 3441 2163 de
3467 2109 3579 2179 pri-

1977 2195 2077 2247 mis
2100 2194 2219 2261 ejus
2245 2194 2563 2251 auctoribus
2590 2195 2816 2265 ejusque
2831 2197 3086 2267 primmva
3108 2199 3315 2269 origine
3342 2200 3579 2256 breviter

1976 2284 2265 2351 agendum,
2296 2285 2361 2338 de
2384 2300 2491 2358 qua
2523 2286 2794 2355 duplicem
2844 2289 3156 2358 opinionem
3206 2291 3405 2347 inveni.
3458 2293 3578 2349 Alia

1976 2373 2236 2441 Hilduini,
2269 2355 2686 2445 Sand'ionysiani
2716 2355 2928 2433 abbatis
2956 2380 3049 2448 qui
3090 2380 3366 2448 liturgiant
3413 2382 3578 2436 Galli-

1974 2483 2163 2524 canam
2187 2466 2312 2522 fidei
2336 2469 2386 2522 in
2410 2467 2594 2523 Galliis
2616 2467 2982 2539 pmcdicationi
3014 2486 3251 2526 cetevam
3275 2472 3427 2528 facit.
3456 2474 3572 2529 Alia

1974 2559 2231 2630 anonymi
2260 2558 2555 2629 Spelmani,
2594 2560 2687 2628 qui
2726 2574 2844 2615 eam
2892 2568 3018 2630 post
3058 2571 3371 2633 susceptam
3414 2563 3574 2619 (idem

1973 2650 2335 2706 Christianam
2370 2652 2423 2705 in
2451 2648 2681 2706 Galliam
2706 2652 2923 2707 venisse
2952 2652 3131 2707 docet.
3165 2652 3475 2725 Hilduiuus,
3508 2656 3576 2711 ad

1973 2738 2305 2797 Ludovicutu
2334 2738 2489 2795 Pium
2514 2741 2756 2797 scribens
2776 2741 2845 2797 de
2864 2742 3028 2797 rebus
3048 2744 3214 2812 gestis
3234 2747 3411 2801 sancti
3442 2746 3569 2801 Dio-

1972 2834 2112 2904 nysii
2130 2830 2756 2906 (d),[t.x1x]Parisiomm
2771 2834 3032 2905 episcopi,
3050 2835 3190 2891 inter
3205 2846 3455 2894 auctores
3474 2840 3573 2909 qui

1972 2925 2104 2980 Acta
2129 2926 2304 2981 sancti
2324 2927 2593 2998 martyris,
2619 2928 2835 2997 scriptis
2856 2929 3373 2984 commendaverant
3397 2972 3415 2999 ,
3442 2947 3567 2986 cum

1972 3015 2231 3073 Vesbium
2260 3018 2549 3087 quemdam
2599 3018 2907 3072 laudasset:
2940 3016 3099 3086 Huic,
3138 3019 3332 3088 inquit,
3366 3022 3567 3091 astipu-

1973 3111 2073 3165 lari
2096 3112 2331 3165 videntur
2360 3112 2705 3183 antiquissimi
2732 3120 2782 3165 et
2805 3112 2965 3165 nimia
2987 3118 3236 3168 vetustate
3266 3131 3395 3185 pene
3442 3132 3570 3171 con-

1971 3203 2164 3268 sumpti
2190 3201 2431 3257 Missales
2460 3202 2600 3269 libri,
2625 3204 2943 3257 continentes
2968 3203 3141 3258 missa:
3160 3204 3397 3260 ordinem
3428 3224 3570 3263 more

1973 3293 2266 3362 Gallicana,
2298 3312 2383 3359 QUI
2414 3313 2478 3350 se
2507 3310 2672 3351 lNl'l‘lO
2704 3312 2962 3352 aecumst
3003 3314 3147 3353 FIDE!
3192 3314 3245 3354 IN
3276 3315 3379 3355 tua
3431 3296 3570 3355 ecet-

1970 3401 2203 3441 DENTALI
2228 3400 2396 3442 PLAGA
2418 3402 2517 3441 EST
2546 3402 2791 3451 HABITUS,
2838 3403 2997 3459 usque
3046 3404 3144 3460 quo
3192 3396 3423 3444 tenorem
3471 3406 3567 3461 quo

1970 3496 2108 3534 nunc
2152 3480 2346 3534 utimur
2394 3478 2688 3535 Romanum
2742 3482 3040 3551 susceperit.
3095 3480 3325 3552 Aliaque
3361 3481 3565 3545 subdit,

1970 3573 2171 3642 quibus
2196 3572 2493 3643 antiquitas
2521 3570 2819 3629 Missalium
2840 3574 3064 3629 istorum
3100 3574 3475 3643 conﬁrmatur,
3515 3586 3572 3631 et

1970 3665 2214 3721 innuitur
2239 3671 2491 3721 sanctum
2536 3663 2849 3737 Dionysium
2896 3665 3125 3722 formam
3152 3668 3292 3724 hanc
3336 3668 3567 3737 liturgiat

1970 3754 2138 3811 Gallis
2163 3754 2471 3822 tradidisse,
2494 3764 2557 3811 ut
2576 3757 2797 3826 planum
2814 3758 2901 3823 sit,
2923 3757 3081 3828 juxta
3094 3770 3332 3814 mentem
3364 3758 3570 3813 ΗΡΙάυί-

1969 3847 2024 3900 ηἰ
2073 3846 2345 3916 liturgiam
2395 3846 2727 3901 Gallicanam
2776 3863 2881 3901 una
2928 3864 3052 3902 cum
3105 3848 3211 3903 ﬁde
3258 3846 3566 3904 Christiana

1968 3941 2023 3995 in
2041 3939 2213 3995 Gallia
2247 3950 2451 4007 natam,
2477 3950 2572 3996 aut
2597 3941 2787 3997 saltem
2811 3943 2985 3999 illuca
3002 3944 3188 4014 primis
3207 3933 3385 4017 gentis
3410 3962 3570 4018 apos-

1970 4031 2096 4087 tolis
2122 4030 2357 4087 delatam
2386 4030 2574 4097 fuisse,
2610 4047 2710 4089 nec
2730 4029 2940 4104 Gallos,
2972 4042 3171 4106 pmter
3212 4037 3354 4095 hanc
3375 4054 3561 4109 unam,

1970 4119 2199 4178 formam
2222 4123 2525 4179 celebrandi
2556 4123 2736 4181 divina
2764 4125 2928 4181 ullam
2956 4128 3260 4199 agnovisse,
3279 4140 3565 4203 antequam

1970 4213 2191 4286 Pipinus
2230 4225 2285 4272 et
2313 4216 2538 4273 Carolus
2568 4216 2793 4288 Magnus
2840 4220 3113 4291 liturglam
3152 4219 3569 4299 Gregorianam,

1973 4309 2241 4377 abrogata
2272 4306 2500 4377 Gallica,
2532 4307 2792 4368 Ecclesiis
2812 4311 3130 4371 intulerunt.

272 4403 449 4475 hymni
472 4404 715 4462 humano
745 4405 960 4477 ingenio
981 4415 1266 4483 compositi
1290 4417 1341 4472 in
1362 4416 1606 4479 Ecclesia
1619 4403 1870 4487 cancren.

2038 4421 2165 4477 248.
2180 4423 2249 4475 At
2260 4438 2559 4495 anonymus
2569 4421 2843 4494 Spelmani
2859 4424 2933 4493 (e)
2949 4425 3167 4481 tradidit
3177 4427 3406 4499 primam
3420 4438 3473 4485 et
3485 4444 3572 4487 ve-

274 4504 385 4563 tnr,
432 4496 630 4555 Patres
670 4496 915 4556 Toletani
949 4517 1209 4561 canouem
1251 4508 1395 4567 hunc
1442 4512 1825 4584 Bracarensem
1849 4569 1864 4597 ,

272 4599 453 4646 contra
469 4600 752 4663 receptum
766 4606 974 4649 morem
985 4594 1348 4657 Ecclesiarum
1376 4602 1645 4676 Hispania:
1664 4624 1719 4668 et
1740 4594 1871 4674 Gal-

272 4676 350 4733 liae
374 4679 681 4747 conditum,
716 4696 816 4737 suo
846 4682 1065 4740 decreto
1091 4685 1187 4758 (c)
1213 4688 1560 4764 abrogarunt,
1614 4702 1865 4774 imposita

274 4770 849 4829 excommunicationis
875 4790 1033 4846 poena
1061 4777 1126 4834 iis
1157 4781 1248 4851 qui
1278 4782 1509 4855 hymnos
1544 4770 1773 4861 rejicere
1801 4815 1868 4855 eo

270 4864 496 4921 nomine
523 4864 643 4920 ausi
670 4863 891 4932 fuerint,
914 4869 1058 4937 quod
1079 4870 1318 4929 humano
1344 4876 1561 4946 ingenio
1581 4888 1869 4958 compositi

267 4956 524 5025 fuissent,
546 4968 678 5043 inec
719 4958 770 5013 in
812 4959 1005 5016 divinis
1034 4962 1329 5036 Scripturis
1360 4968 1686 5040 legerentur.

339 5095 423 5233 iii
452 5094 599 5222 ἓξὲξ
625 5096 721 5233 ἓέἲ

340 5164 423 5237 (b)
461 5166 599 5222 Can.
625 5169 713 5238 5|,
746 5170 880 5227 alias
896 5172 984 5228 i2.

340 5241 414 5298 (ο)
448 5239 587 5292 (Ian.
621 5239 707 5298 15.
740 5243 872 5298 alias
894 5243 977 5298 12.

340 5245 414 5305 (e)
448 5245 587 5292 (Ian.
621 5245 707 5307 15,
740 5245 872 5298 alias
894 5245 977 5299 η.

342 5307 424 5378 (d)
460 5306 653 5363 Exstat
680 5316 821 5385 apud
872 5314 1088 5371 Surium
1122 5334 1293 5375 mens.
1323 5320 1515 5380 Octob.
1566 5341 1685 5398 pag.
1744 5328 1867 5399 659,

271 5375 371 5432 Ed.
407 5378 702 5437 Colonien.
906 5414 927 5435 ο

906 5414 927 5435 ο

342 5453 417 5544 te)
473 5449 743 5544 lienricug
797 5457 1147 5544 Spelmanus,
1195 5470 1335 5544 tom._
1375 5466 1631 5544 Ilionei].
1690 5472 1866 5544 Magn.

273 5518 434 5608 RritQ,
476 5536 599 5608 pag.
627 5524 761 5608 177,
792 5518 1112 5599 scriptorem
1134 5518 1655 5608 'quemdain‘ediilil,

277 5593 603 5687 tulumjfecit
622 5594 880 5683 Cantuunt
896 5593 1201 5687 etcursu‘unt
1222 5593 1681 5687 ecclesiasticarum
1693 5593 1869 5687 origo,

278 5678 342 5713 ex
372 5665 552 5742 codice
574 5683 671 5721 ms.
699 5674 1059 5755 rctustissimo.
1088 5676 1288 5741 (Iudex,
1330 5680 1500 5747 inquit
1530 5665 1870 5755 Spei-inaniis;

278 5737 515 5804 Scriptus
545 5748 661 5793 erat
695 5744 991 5799 charactere
1030 5763 1129 5799 non
1170 5737 1323 5815 plane
1370 5737 1637 5813 suxonico.

1981 4514 2331 4573 tustissimam
2345 4511 2623 4569 Gallorum
2638 4513 2908 4582 liturgiam
2923 4513 3221 4575 Romanam
3249 4518 3433 4592 fuisse,
3449 4538 3570 4578 auc-

1972 4623 2253 4683 toremque
2266 4606 2517 4663 habuisse
2530 4615 2773 4662 sanctum
2790 4605 3008 4665 Petrum
3025 4612 3395 4682 apostolorum
3417 4615 3564 4685 prin-

1972 4706 2147 4775 cipem
2173 4703 2269 4774 (ί).
2296 4700 2450 4755 Hunc
2472 4700 2735 4767 ordinem,
2766 4701 2957 4771 inquit,
2981 4714 3196 4761 sanctus
3218 4704 3563 4775 Trepltimus,

1974 4793 2309 4852 Arelatensis
2332 4792 2641 4863 episcopus,
2663 4800 2719 4848 et
2738 4803 2960 4851 sanctus
2980 4794 3565 4868 Photinus,episcopus

1970 4885 2369 4956 Lugdunensis,
2394 4893 2450 4939 et
2468 4893 2691 4957 martyr,
2713 4886 2941 4956 apostoli
2965 4886 3109 4942 Petri
3130 4886 3436 4956 discipulus,
3466 4901 3561 4942 ec-

1972 4981 2152 5041 clesiis
2179 4996 2313 5053 quas
2338 4980 2391 5049 in
2420 4978 2593 5037 Gallia
2613 4980 3004 5038 constituerant
3034 4980 3188 5054 primi
3219 4980 3506 5039 tradidere.

1972 5124 2139 5191 sueto;
2161 5116 2475 5191 frequenter
2501 5117 2721 5191 mut_ilus
2748 5124 2888 5191 erat,
2917 5125 2971 5174 et
2990 5116 3263 5191 erroribus
3289 5133 3564 5191 gramma-

1973 5190 2219 5272 ticalibus
2267 5189 2527 5271 scatebat.
2554 5187 2753 5272 AIEtas
2776 5190 2950 5272 h‘ujus
2982 5189 3262 5272 scriptoris
3298 5187 3560 5272 anonytni

1972 5259 2192 5329 ejusque
2222 5259 2392 5329 patria
2420 5260 2615 5329 ignota:
2636 5268 2777 5315 sunt.
2803 5257 3024 5329 Videtur
3051 5262 3350 5327 monachus
3382 5257 3560 5319 Luxu-

1970 5328 2191 5396 viensis,
2224 5328 2312 5405 qui
2336 5328 2952 5405 amcitlovrtscripset‘it.
2982 5328 3097 5405 Hoc
3112 5347 3394 5405 anonymo
3424 5335 3562 5392 seri-

2014 5412 2128 5473 tore
2170 5397 2336 5455 uti—tur
2382 5397 2845 5473 Mabillonius,'in
2892 5397 3368 5473 Disquisilione’de
3397 5421 3558 5467 cursu

2014 5417 2128 5456 tore
2170 5417 2336 5455 untur
2382 5417 2746 5465 manutontus,
2794 5417 2845 5454 tn
2894 5417 3273 5470 vtsqmsutone
3301 5417 3368 5473 (te
3397 5421 3558 5467 cursu

1971 5417 2270 5537 lGallicano,
2312 5481 2367 5526 et
2396 5471 2769 5525 animadvertit
2797 5484 2920 5525 eum
2962 5489 3141 5528 cursus
3182 5474 3559 5530 ecclesiasticos

1974 5561 2087 5599 cum
2110 5544 2324 5616 liturgia
2348 5540 2695 5616 confundere.

2046 5616 2120 5685 (Γ)
2148 5611 2460 5683 Anonyntns
2505 5632 2534 5686 :_
2552 5611 2741 5686 Beatus
2773 5612 3031 5685 Troﬁmus
3062 5618 3328 5686 episcopus
3366 5618 3558 5686 Arela-

1976 5684 2153 5751 tensis,
2181 5693 2229 5737 et
2272 5694 2475 5736 sanctus
2514 5684 2728 5739 l’otittus
2779 5684 2991 5756 munitur,
3035 5684 3319 5755 episcopus
3349 5685 3530 5756 Lugdu

1975 5759 2171 5823 ncnsis,
2223 5757 2500 5824 discipulus
2548 5758 2714 5808 sancti
2774 5758 2911 5811 Petri
2961 5757 3284 5827 Apostoli....
3348 5771 3552 5810 rursum
