4040 6356
496 250 567 306 τε,
1949 240 2335 299 peiurum.
2618 268 2625 275 ς
3710 251 3787 308 so

480 336 483 339 ἤ
541 323 690 418 ’249.
730 359 868 426 Sed,
914 368 976 416 ut
1018 358 1161 417 idem
1208 358 1418 425 subdit,
1466 364 1590 428 post
1634 361 1867 411 mortem
1918 352 2093 409 sancti
2119 358 2168 417 Α
2198 363 2381 427 putam
2408 358 2715 426 retinuerit,
2746 374 2815 415 an
2845 359 2999 417 abea
3022 360 3413 432 aliquantulum
3441 364 3743 418 recesserit.

493 452 734 521 Pbotini,
774 461 993 511 sanctus
1032 450 1292 517 lrenaeus,
1326 452 1419 521 qui
1444 449 1633 506 Romae
1666 464 1699 505 a
1735 455 1923 505 sancto
1968 446 2091 505 Cle-

491 553 677 601 mente
704 560 845 617 papa
878 543 1057 601 fuerat
1076 542 1357 602 ordinatus
1380 541 1664 613 episcopus
1692 538 2087 610 Lugdunensis,

490 638 766 697 diversum
818 638 1065 695 ordinem
1141 634 1449 696 celebrandi
1519 633 1705 691 divina
1758 628 1946 688 Gallos
1992 632 2093 687 do-

490 730 607 787 cuit
645 730 745 802 (a),
776 730 891 800 qui,
923 744 1021 801 per
1060 742 1251 785 omnes
1275 724 1570 781 Galliarum
1592 723 1866 781 Ecclesias
1893 738 2091 796 propa-

488 834 667 896 gatus,
690 824 919 896 liturgia:
939 819 1227 877 Gallicana!
1255 833 1457 875 nomen
1481 818 1734 875 obtinuit.

561 915 688 971 250.
730 913 902 984 Hujus
946 912 1173 981 liturgia:
1196 910 1513 982 primaevum
1553 917 1830 966 auctorem
1885 923 2092 981 anony-

418 998 421 1001 ’
489 1022 613 1063 mus
640 1007 890 1078 perhibet
916 1013 1163 1062 sanctum
1193 1001 1459 1059 Joannem
1501 1004 1812 1072 apostolum
1842 1007 1898 1055 et
1926 1014 2092 1055 evan-

490 1098 769 1166 gelistam,
790 1096 884 1166 qui
922 1095 1066 1152 hanc
1094 1094 1327 1151 formam
1353 1093 1589 1151 obeundi
1611 1093 1791 1149 divina
1833 1089 2092 1148 Ecclesiis

490 1188 633 1244 Asiae
668 1187 903 1253 tradidit,
935 1187 1192 1259 additque
1215 1193 1463 1243 sanctum
1488 1184 1871 1256 Polycarpum,
1905 1184 2093 1254 Smyr-

491 1300 717 1341 nensem
744 1284 1062 1355 episcopum
1100 1289 1158 1338 et
1192 1290 1487 1352 martyrem
1529 1278 1804 1334 celebrem
1838 1318 1854 1346 ,
1899 1274 2091 1331 eodem

491 1376 684 1434 ordine
731 1376 910 1432 ollicia
957 1374 1140 1431 divina
1192 1371 1486 1446 perfecisse
1514 1411 1531 1440 ,
1577 1370 1861 1441 eidemque
1904 1384 2091 1425 assue-

490 1470 636 1527 vissc
664 1480 910 1527 sanctum
937 1469 1199 1527 Irenaeum
1216 1508 1233 1536 ,
1258 1466 1387 1524 dum
1416 1466 1472 1522 in
1500 1464 1626 1523 Asia
1663 1463 1958 1536 discipulus
1986 1462 2093 1520 Po-

490 1561 698 1633 lycarpi
726 1570 1054 1618 versaretur.

561 1652 688 1708 251.
731 1654 933 1722 Quare,
964 1653 1009 1708 si
1034 1660 1252 1709 vetusto
1280 1653 1405 1706 huic
1427 1648 1679 1719 scriptori
1706 1647 1841 1703 ﬁdes
1886 1646 2091 1702 habea-

2265 446 2389 504 254.
2430 447 2511 505 Ex
2538 450 2604 507 iis
2632 466 2760 508 vero
2788 468 2911 523 qua:
2938 453 3113 510 adhuc
3142 454 3198 509 in
3228 461 3379 510 textu
3407 456 3662 527 anonymi
3690 473 3792 513 su-

2196 554 2419 614 persunt
2442 542 2600 601 facile
2628 554 2710 602 est
2738 547 3017 618 percipere
3048 563 3264 605 cursum
3296 548 3459 614 hunc,
3490 552 3603 606 sive
3630 548 3793 605 Asia-

2196 637 2381 705 ticum,
2412 639 2527 695 sive
2553 638 2890 697 Gallicanum
2911 641 3131 707 dixeris,
3161 641 3412 697 eumdem
3443 642 3605 695 fuisse
3626 650 3798 712 atque

2193 725 2727 803 Gotho-Hispanum,
2782 741 3009 803 uterque
3064 733 3207 789 enim
3259 733 3451 790 iisdem
3505 735 3799 787 constabat

2193 822 2455 893 partibus,
2500 824 2709 880 scilicet
2766 823 3242 891 modulationibus,
3281 825 3451 889 sonis,
3522 822 3796 890 laudibus,
3846 809 3859 821 ’

2193 914 2572 984 responsoriis,
2624 915 2956 985 antipbonis,
3006 931 3129 972 cum
3182 915 3295 971 suis
3338 912 3697 979 orationibus,
3739 922 3800 969 et

2193 1003 2597 1076 Scripturarum
2651 1008 3012 1077 lectionibus,
3068 1006 3522 1078 quemadmodum
3588 1004 3799 1060 descri-

2193 1100 2434 1170 ptionem
2482 1101 2737 1173 anonymi
2790 1116 2981 1157 cursus
3028 1097 3292 1155 Gallicani
3348 1114 3469 1154 cum
3518 1097 3799 1153 Breviario

2194 1193 2538 1251 Mozarabuni
2581 1194 2879 1252 conferenti
2911 1195 3135 1266 patebit.
3167 1192 3322 1249 Unde
3354 1191 3511 1247 nobis
3534 1191 3801 1259 colligere

2194 1286 2321 1342 licet
2372 1286 2639 1359 liturgiam
2688 1285 3293 1345 Asiatico-Gallicanam
3338 1284 3483 1340 haud
3522 1283 3800 1339 diversam

2195 1379 2471 1434 exstitisse
2494 1395 2524 1433 a
2554 1377 3025 1450 Gotho-Hispana.

2264 1472 2389 1530 255.
2433 1474 2714 1531 Hilduinus
2742 1490 2959 1545 quoque
3002 1471 3145 1529 haud
3194 1484 3337 1540 aegre
3365 1484 3637 1540 anonymo
3665 1484 3801 1525 con-

2194 1566 2366 1623 ciliari
2410 1576 2609 1636 potest,
2657 1567 2819 1622 ambo
2862 1566 3006 1620 enim
3059 1564 3391 1622 conveniunt
3418 1564 3473 1619 in
3503 1563 3803 1618 asserenda

2195 1657 2517 1727 antiquitate
2544 1658 2770 1727 liturgue
2800 1656 3109 1723 Gallicanae,
3139 1665 3195 1712 et
3224 1657 3278 1712 in
3300 1657 3418 1725 ejus
3440 1671 3564 1711 cum
3589 1650 3802 1710 G'otbu-

492 1753 602 1814 ων,
643 1761 823 1800 cum“
848 1741 998 1817 [ιιι]
1027 1744 1141 1798 Sive
1166 1742 1295 1799 0'49
1321 1782 1337 1809 υ
1360 1738 1664 1795 Gallicam“
1692 1739 1746 1795 ίη
1785 1738 1912 1794 Αδίδ
1940 1747 2093 1794 Onus
2126 1746 2168 1806 Β
2194 1744 2431 1819 Hispana
2460 1762 2726 1803 consensu
2756 1746 3069 1803 indicando.
3116 1750 3187 1800 At
3212 1744 3499 1801 Hilduinus
3528 1760 3652 1801 cum
3689 1745 3801 1799 sci~

491 1846 597 1904 est,
628 1852 661 1892 a
710 1844 901 1892 sancto
940 1833 1151 1891 Joanne
1196 1833 1447 1905 apostolo
1476 1833 1775 1888 institutus.
1816 1830 1923 1887 Sed
1958 1844 2094 1899 quo-

438 1932 441 1941 “
491 1929 640 1985 niam
667 1926 871 1985 Paulus
915 1927 1195 1999 apostolus
1223 1927 1466 1983 omnium
1504 1926 1708 1996 primus
1742 1922 2091 1994 Evangelium

492 2024 551 2078 in
579 2021 705 2077 Asia
743 2020 1095 2092 pradicavit,
1127 2028 1184 2075 et
1209 2017 1481 2075 Ecclesias
1523 2016 1849 2084 constituit,
1899 2015 2094 2085 quibus

497 2114 687 2185 utique
714 2112 945 2183 liturgim
975 2112 1223 2168 ordinem
1270 2110 1442 2180 dedit,
1486 2109 1630 2165 haud
1668 2107 1983 2164 incredibile
2011 2113 2094 2161 est

494 2205 741 2262 ordinem
771 2204 1030 2261 Asianum
1058 2218 1091 2257 a
1120 2210 1309 2258 sancto
1335 2200 1548 2257 Joanne
1575 2199 1898 2263 institutum,
1929 2196 2094 2267 pluri-

492 2313 640 2353 mam
680 2295 969 2353 retinuisse
996 2293 1331 2365 primigenia:
1359 2293 1501 2349 illius
1537 2292 1766 2363 liturgia:
1808 2289 2021 2347 Asiana
2061 2304 2093 2343 a

470 2389 668 2463 -Paulo
698 2388 927 2445 traditze.

566 2482 688 2536 252.
723 2481 908 2549 Qualis
935 2488 1117 2537 autem
1146 2480 1312 2537 fuerit
1336 2481 1471 2537 ordo
1502 2479 1595 2537 ille
1616 2478 1889 2536 Asiaticus
1923 2477 2095 2534 sancti

495 2574 736 2639 Joannis,
777 2588 1079 2645 anonymus
1121 2587 1231 2627 non
1276 2572 1458 2637 docet,
1491 2585 1595 2626 nec
1631 2570 1807 2636 nobis,
1840 2569 1895 2624 in
1944 2577 2095 2624 tanto

496 2676 802 2737 temporum
837 2663 1143 2731 intervallo,
1184 2672 1239 2718 et
1265 2662 1465 2717 rituum
1508 2677 1788 2718 sacrorum
1818 2660 2094 2717 vicissitu-

495 2759 644 2827 dine,
674 2756 944 2827 conjicere
969 2756 1113 2812 licet.
1142 2754 1201 2810 1d
1230 2770 1396 2811 unum
1426 2753 1642 2810 videtur
1669 2752 1946 2821 credibile,
1971 2768 2095 2808 eum

495 2864 749 2920 magnam
790 2849 1105 2904 afﬁnitatem
1135 2846 1388 2901 habuisse
1415 2861 1541 2902 cum
1582 2844 1674 2900 illa
1717 2844 1933 2914 liturgia
1977 2860 2096 2915 qua:

494 2939 694 2996 smculo
723 2955 778 2995 γι
805 2945 1040 2994 exeunte
1067 2937 1122 2992 in
1151 2934 1324 2991 Gallia
1356 2934 1597 3005 vigebat.
1627 2932 1763 2989 Nam
1794 2949 2097 3005 anonymus

497 3038 684 3102 aperte
726 3031 803 3086 ait
835 3037 1083 3086 sanctum
1129 3026 1393 3084 Joannem
1435 3026 1823 3097 evangelistam
1871 3026 2097 3096 primum

498 3138 705 3177 cursum
760 3118 1028 3175 Gallorum
1073 3119 1412 3185 decantasse,
1464 3117 1588 3173 inde
1634 3125 1825 3189 postea
1870 3116 2091 3173 beatum
2122 3106 2169 3172 Ο

497 3213 876 3287 Polycarpum,
898 3212 1215 3283 discipulum
1244 3209 1476 3281 apostoli
1499 3206 1753 3276 Joannis,
1787 3217 1842 3265 et
1873 3208 2093 3265 demum

496 3315 745 3365 sanctum
789 3304 1051 3362 lrenmum
1092 3302 1312 3359 tertium
1360 3302 1530 3371 ipsum
1578 3317 1785 3356 cursum
1825 3301 1881 3356 in
1922 3300 2093 3356 Gallia

496 3409 768 3457 cantasse.
797 3398 936 3453 Cum
966 3402 1148 3453 autem
1178 3408 1394 3450 cursum
1424 3392 1722 3449 Asiaticum
1766 3390 2095 3449 Gallicanum

499 3496 763 3559 nominet,
786 3491 1077 3550 verisimile
1104 3498 1188 3547 est
1215 3506 1433 3547 cursum
1458 3489 1737 3546 Gallorum
1758 3489 1941 3547 saeculi
1960 3505 2012 3545 vi
2041 3498 2096 3546 et

498 3604 592 3657 vn,
616 3604 724 3659 quo
752 3595 998 3657 tempore
1026 3598 1328 3654 anonymus
1353 3582 1637 3653 scripsisse
1665 3581 1920 3648 creditur,
1952 3580 2096 3637 haud

499 3681 818 3738 dissimilem
837 3677 1002 3732 fuisse
1028 3674 1207 3731 cursui
1230 3673 1472 3730 Asiatico
1504 3674 1681 3729 sancti
1707 3671 1950 3729 Joannis.

570 3772 696 3828 255.
739 3768 823 3824 An
853 3783 985 3824 vero
1014 3767 1155 3824 idem
1195 3782 1419 3839 prorsus
1446 3766 1725 3823 habendus
1752 3766 1824 3822 sit
1847 3764 1980 3821 ordo
2008 3764 2099 3820 ille

501 3864 769 3923 Asiaticus
807 3869 971 3930 atque
1013 3858 1320 3915 Gallicanus
1345 3858 1527 3914 sazculi
1567 3873 1640 3925 vr,
1684 3866 1775 3912 aut
1805 3874 1895 3925 vn,
1929 3856 2097 3912 ambi-

501 3973 667 4028 guum
711 3964 814 4012 est.
862 3952 997 4011 Nam
1034 3969 1334 4026 anonymus
1360 3952 1571 4027 videtur
1599 3952 1838 4008 indicare
1880 3968 2099 4008 cursum

502 4049 838 4115 Asiaticum,
877 4054 1162 4119 postquam
1192 4046 1246 4101 in
1275 4044 1447 4102 Gallia
1492 4054 1743 4115 receptus
1788 4052 1890 4110 est,
1932 4059 2099 4114 opere

503 4140 790 4197 doctorum
816 4137 1055 4193 virorum
1084 4135 1367 4201 lectiones,
1398 4134 1815 4199 modulationes,
1847 4134 2099 4203 antipho-

502 4249 621 4301 nas,
670 4230 1034 4303 responsoria,
1080 4243 1246 4284 sonos
1298 4234 1355 4282 et
1401 4227 1661 4290 alleluias,
1720 4225 2011 4295 recepisse,
2068 4239 2100 4280 e

502 4340 658 4383 sacra
686 4324 969 4396 Scriptura
995 4320 1329 4391 desumptas,
1359 4327 1523 4389 atque
1549 4318 1686 4374 adeo
1712 4317 1960 4373 nonnihil
1982 4332 2101 4374 mu-

504 4425 677 4474 tatum
706 4416 890 4472 fuisse.
919 4412 1049 4479 Sed,
1080 4412 1226 4483 quod
1254 4410 1543 4467 dolendum
1572 4418 1671 4475 est,
1699 4411 1752 4465 in
1784 4417 1937 4464 textu
1966 4424 2098 4465 ano-

506 4510 672 4583 nymi,
698 4510 807 4565 hoc
833 4507 981 4576 loco,
1001 4506 1208 4561 lacuna:
1236 4501 1581 4559 inveniuntur
1602 4501 1699 4573 (li),
1716 4516 1835 4571 quae
1856 4501 2099 4572 scriptio-

506 4604 590 4659 nis
614 4601 811 4659 scriem
840 4600 1187 4668 abrumpunt,
1219 4602 1275 4651 et
1302 4593 1600 4663 impediunt
1624 4609 1695 4649 ne
1722 4592 2099 4663 dignoscemus

506 4711 576 4751 an
613 4692 829 4764 liturgia
877 4689 1157 4746 Gallicana
1205 4687 1433 4742 formam
1483 4685 1776 4742 Asiaticam
1817 4701 2009 4757 puram
2044 4696 2101 4742 et

509 4853 805 4908 Romanum
832 4850 887 4904 in
924 4846 1187 4911 Galleis...
1220 4845 1566 4901 tradiderunt.
1599 4844 1725 4901 Haec
1761 4861 1883 4902 cum
1911 4848 2102 4904 distin-

508 4934 597 4979 cte
628 4925 680 4977 in
722 4933 987 4991 anonymo
1011 4919 1317 4991 _lcgantur,_
1331 4917 1513 4991 nescio
1553 4917 1826 4991 quomodo
1858 4919 2101 4991 Habilio-

510 4995 648 5057 nius,
693 4992 747 5046 in
785 4985 934 5060 Disq.
993 4988 1061 5044 de
1096 4985 1259 5060 curs._
1279 4985 1445 5060 Galb,
1486 4985 1609 5057 pag.
1650 4987 1776 5051 580,
1826 4989 2104 5059 scripserit

510 5056 728 5119 cursum
775 5056 1063 5117 Asiaticum
1121 5059 1175 5113 in
1223 5056 1425 5113 Gallias
1479 5056 1805 5128 propagasse
1856 5056 2103 5115 sanctum

511 5132 864 5201 Tropbimum
888 5127 1547 5201 Arelatensem,_sanctum
1572 5127 1886 5199 Photiuum,
1916 5138 1972 5186 et
1990 5146 2106 5187 san-

512 5198 658 5261 ctum
684 5201 944 5259 Irenaeum
965 5200 1251 5271 episcopos
1281 5198 1707 5269 Lugdunenses?

584 5275 662 5344 (ιι)
694 5272 1029 5345 Anonymus,
1078 5280 1359 5345 postquam
1414 5271 1676 5327 retulerat
1725 5271 2104 5345 sanctumlre-

512 5339 711 5409 nae-uin,
754 5339 958 5406 Romae,
990 5360 1021 5397 a
1068 5339 1256 5397 sancto
1299 5339 1580 5413 Clemente
1620 5358 1759 5413 papa
1797 5342 2101 5397 ordinatum

513 5417 674 5472 fuisse
703 5415 1034 5485 episcopum,
1082 5413 1149 5467 de
1187 5428 1345 5469 cursu
1388 5410 1665 5468 Gallic-ano
1695 5410 1930 5485 subdit:
1967 5413 2107 5467 San-

513 5499 622 5542 ctus
669 5482 906 5540 Joannes
952 5485 1264 5554 euangelista
1315 5486 1534 5554 primum
1586 5500 1790 5537 cursum
1837 5482 2105 5554 Gallorum

515 5557 825 5621 decantauit,
856 5556 977 5610 inde
1003 5553 1179 5625 postea
1229 5553 1404 5625 beatus
1448 5553 1787 5625 Polycarpus,
1820 5553 2103 5623 discipulus

514 5627 684 5683 sancti
708 5628 948 5691 Joannis,
971 5624 1090 5680 inde
1116 5634 1293 5693 postea
1324 5624 1631 5687 Hicreneus,
1659 5626 1742 5694 qui
1785 5625 1879 5693 fuit
1906 5625 2106 5692 cpisco-

517 5716 612 5769 pus
663 5696 1019 5769 Lugdunensis
1057 5694 1248 5765 Gallei,
1296 5697 1476 5751 tertius
1524 5696 1650 5765 ipse,
1700 5695 1866 5764 ipsum
1897 5711 2102 5751 cursum

517 5768 807 5831 decantauit
835 5770 887 5823 in
919 5768 1177 5825 Gallcis...

2194 1847 2277 1892 ret
2306 1838 2573 1906 liturgiam
2603 1837 2937 1894 Gallicanam
2970 1836 3113 1907 apud
3134 1835 3466 1892 Parisienses
3485 1851 3517 1891 a
3538 1844 3799 1906 suscepta

2195 1929 2297 1985 fide
2322 1928 2631 1986 Christiana
2672 1932 2727 1986 in
2779 1946 2878 1987 usu
2920 1929 3115 1997 fuisse,
3147 1930 3344 2001 quibus
3372 1944 3404 1984 a
3446 1938 3638 1985 sancto
3674 1928 3803 1985 Dio-

2195 2026 2370 2097 nysio,
2401 2024 2658 2081 Ecclesia
2684 2023 2989 2091 conditore,
3014 2024 3213 2079 tradita
3243 2022 3441 2090 fuerat,
3473 2022 3528 2078 in
3549 2038 3617 2079 eo
3646 2038 3801 2078 erra-

2194 2114 2289 2180 vit,
2320 2115 2463 2185 quod
2494 2115 2765 2185 putaverit
2795 2112 2967 2187 [uxr]
3004 2124 3251 2171 sanctum
3294 2113 3611 2186 Dionysium
3638 2123 3803 2170 aetate

2195 2207 2494 2277 apostolica
2528 2207 2745 2273 vixisse,
2778 2215 2833 2261 et
2862 2207 3007 2262 inter
3028 2207 3231 2277 primos
3252 2206 3412 2261 ﬁdem
3438 2204 3800 2261 Christianam

2194 2301 2250 2355 in
2294 2298 2465 2355 Gallia
2514 2300 2854 2370 pradicasse.
2899 2303 2968 2355 At
3023 2300 3069 2354 si
3112 2314 3235 2354 cum
3276 2308 3495 2369 recepta
3541 2299 3803 2369 opinione

2196 2408 2460 2462 ponamus
2480 2401 2728 2449 sanctum
2769 2392 3104 2462 Dionysium,
3135 2390 3438 2462 imperante
3462 2391 3646 2457 Decio,
3670 2390 3802 2447 Gal-

2196 2482 2323 2537 liam
2350 2483 2684 2550 illustrasse,
2720 2482 2851 2537 nihil
2900 2482 3006 2537 erit
3044 2481 3099 2537 in
3128 2480 3383 2552 opinione
3413 2478 3651 2536 Hilduini
3677 2496 3802 2552 quin

2198 2591 2469 2646 anonymo
2495 2574 2855 2631 contradicat.

2266 2666 2391 2722 256.
2423 2666 2828 2722 Eruditissimus
2875 2664 3221 2721 Mabillonius
3259 2663 3615 2733 quaastionem
3645 2663 3796 2719 serio

2200 2763 2429 2818 instituit
2452 2761 2525 2834 (ε)
2546 2801 2562 2827 ,
2613 2777 2682 2816 an
2706 2760 2918 2830 liturgia
2949 2759 3227 2816 Gallicana
3255 2766 3419 2814 aetate
3458 2757 3787 2828 praccsscrit

2199 2852 2514 2923 Hispanam,
2556 2852 2664 2918 vel,
2700 2860 2759 2906 ut
2784 2851 2873 2907 ille
2905 2850 3166 2921 loquitur,
3198 2848 3611 2914 Hosarabicam,
3651 2849 3800 2920 eique

2201 2945 2423 3016 formam
2475 2953 2524 2997 et
2565 2943 2858 3013 exemplum
2903 2942 3202 3011 prwbuert't.
3253 2940 3361 2997 Nec
3405 2939 3669 2995 dubitavit
3715 2952 3803 2993 se-

2201 3039 2433 3093 cundum
2463 3035 2795 3092 Gallicanam
2819 3035 3191 3105 pronuntiare.
3224 3031 3413 3100 Quam,
3443 3032 3634 3103 inquit,
3664 3032 3805 3084 anti-

2198 3130 2429 3199 quiorem
2470 3144 2582 3182 esse
2609 3124 3061 3197 Gotho-Hispaua
3084 3125 3249 3179 multa
3279 3124 3613 3196 persuadent.
3645 3122 3804 3178 Scili-

2197 3229 2288 3277 cet
2314 3220 2392 3293 (d)
2424 3219 2693 3290 liturgiam
2720 3216 3052 3273 Gallicanam
3077 3226 3327 3273 auctores
3356 3216 3607 3271 habuisse
3636 3214 3798 3269 Hila-

2197 3314 2353 3379 rium,
2382 3309 2641 3365 lluswum
2664 3318 2716 3364 et
2742 3309 3037 3374 Sidonium,
3071 3307 3467 3363 Mozarabicam
3496 3322 3631 3363 vero
3655 3306 3805 3377 ipsos

2198 3402 2472 3474 Hispanos
2500 3402 2569 3456 ad
2591 3400 2889 3455 Leandrum
2920 3409 2969 3454 ct
2993 3399 3257 3455 Isidorum
3289 3400 3468 3453 saeculi
3495 3415 3568 3454 vn
3598 3401 3803 3466 episco-

2199 3511 2315 3567 pos,
2346 3502 2604 3563 tanquam
2634 3490 2702 3546 ad
2731 3506 2859 3547 suos
2889 3501 3163 3559 auctores,
3209 3506 3489 3547 revocare.
3539 3489 3804 3546 Eamdem

2198 3584 2556 3656 quaestionem
2597 3588 2856 3637 retractat
2889 3578 2953 3634 P.
2982 3578 3221 3637 Joannes
3269 3580 3456 3635 Pinius
3489 3582 3585 3651 (c),
3642 3595 3805 3650 argu-

2199 3687 2383 3734 menta
2410 3676 2703 3733 Mabillonii
2746 3676 2863 3732 fuse
2906 3674 3092 3743 refert,
3123 3691 3297 3747 eaque
3336 3676 3590 3731 evincere
3638 3687 3806 3746 negat

2201 3774 2445 3829 ordinem
2473 3768 2809 3826 Gallicanum
2839 3770 3198 3840 antiquiorem
3228 3783 3347 3824 esse
3372 3767 3633 3837 Hispano,
3675 3770 3801 3826 eive

2201 3865 2430 3921 formam
2460 3872 2555 3918 aut
2583 3863 2862 3933 exemplar
2890 3862 3201 3933 praebuisse.

2272 3955 2398 4011 257.
2424 3954 2570 4011 Sane
2598 3962 2916 4023 argumenta
2945 3952 3238 4008 Mabillonii
3267 3951 3463 4008 debilia
3492 3959 3620 4007 sunt
3638 3993 3654 4018 ,
3681 3960 3804 4008 ete-

2202 4049 2311 4102 nim
2354 4054 2569 4103 constat
2598 4046 2870 4115 liturgiam
2898 4044 3191 4113 Hispanam
3220 4043 3312 4098 diu
3342 4051 3470 4097 ante
3498 4042 3802 4099 Leandrum

2203 4152 2258 4196 et
2284 4141 2548 4196 lsidorum
2577 4139 2631 4193 iu
2660 4138 2921 4209 Hispania
2942 4138 3262 4203 obtinuisse,
3286 4144 3344 4192 et
3369 4136 3638 4205 liturgiam
3667 4134 3801 4191 Gal-

2205 4235 2432 4291 licanam
2447 4241 2663 4287 aetatem
2679 4229 2891 4298 Hilarii,
2910 4228 3121 4284 Sidonii
3146 4237 3203 4284 et
3222 4226 3408 4283 Μυδωὶ
3432 4226 3800 4298 praecessisse.

2203 4327 2345 4395 Qui,
2402 4325 2650 4397 quamvis
2699 4323 2885 4382 libros.
2916 4322 3195 4393 liturgicos
3251 4322 3558 4389 ediderint,
3618 4333 3805 4378 tamen

2204 4427 2458 4475 auctores
2484 4416 2716 4472 habendi
2744 4431 2852 4471 non
2882 4423 3007 4469 sunt
3033 4415 3261 4483 liturgia:
3286 4412 3596 4471 Gallicanae.

2125 4476 2182 4538 Ῐ)
2274 4509 2401 4565 258.
2429 4510 2537 4567 Sed
2583 4523 2707 4563 cum
2747 4506 3093 4563 Mabillonius
3136 4476 3388 4563 docuerit
3419 4506 3495 4578 (f)
3527 4506 3805 4575 liturgiam

2204 4603 2539 4661 Gallicanam
2594 4608 2651 4655 et
2700 4599 3062 4668 Toletanam,
3114 4614 3210 4655 seu
3265 4596 3801 4677 Gotho-Hispanam,

2204 4694 2449 4751 eamdem
2478 4706 2618 4758 esse,
2650 4691 2819 4747 miror
2841 4691 3014 4747 virum
3044 4690 3319 4746 eruditum
3344 4690 3490 4747 serio
3519 4690 3805 4762 inquirere

2275 4849 2350 4920 εὑ)
2383 4849 2699 4920 Anonymus
2729 4865 2739 4899 :
2776 4845 3087 4915 Hicrcneus,
3116 4848 3201 4917 qui
3232 4846 3328 4916 fuit
3358 4845 3629 4920 episcopus
3661 4843 3808 4920 Lua-

2203 4916 2448 4973 duncnsis
2472 4916 2659 4980 Gallei,
2693 4920 2875 4972 tertius
2913 4920 3041 4986 ipse,
3078 4916 3246 4980 ipsum
3273 4931 3477 4970 cursum
3506 4916 3807 4971 decantauit

2205 4993 2257 5045 in
2288 4988 2549 5044 Galleis...
2592 4988 2714 5041 inde
2744 5004 2771 5041 e
2799 4989 3256 5051 modulationibus,
3298 4987 3457 5040 series
3496 4987 3807 5054 Scriptura-

2206 5078 2318 5115 rum
2367 5058 2503 5114 Noui
2533 5076 2593 5113 ac
2635 5058 2829 5112 Veteris
2862 5057 3176 5111 Testamenti
3221 5058 3541 5110 diversorum
3570 5056 3805 5126 pruden-

2206 5134 2398 5185 tium...
2430 5134 2653 5185 virorum
2683 5129 2887 5197 paginis
2936 5144 3040 5182 non
3070 5127 3134 5181 de
3161 5128 3405 5198 propriis,
3430 5128 3521 5180 sed
3548 5127 3805 5198 dersacris

2207 5202 2493 5272 Scripturis
2525 5207 2825 5272 receperunt
2868 5197 3199 5267 antiphonas,
3253 5206 3302 5251 et
3332 5197 3681 5272 responsoria,
3708 5214 3807 5251 seu

2207 5268 2429 5326 sonus...
2480 5279 2529 5325 et
2566 5270 2801 5324 alleluias
2828 5280 3243 5338 composuerunt,
3290 5278 3339 5322 et
3384 5284 3477 5338 per
3506 5268 3803 5323 universum

2206 5342 2381 5397 orbem
2410 5352 2667 5396 terrarum
2690 5341 2817 5396 ordo
2845 5356 3025 5394 cursus
3053 5351 3149 5394 est.

2307 5420 2353 5476 c)
2390 5415 2462 5468 De
2494 5412 2696 5480 Liturg.
2725 5408 2939 5481 Gallic.,
2972 5411 3064 5467 lib.
3093 5427 3135 5481 ι,
3164 5425 3285 5482 cap.
3317 5408 3373 5478 4,
3403 5425 3457 5463 n.
3489 5408 3543 5464 4.

2304 5486 2358 5550 d)
2392 5483 2546 5548 lbid.,
2580 5500 2635 5537 ll.
2673 5482 2702 5533 '7
2729 5493 2785 5539 et
2808 5482 2861 5535 8.

2301 5547 2350 5626 ε)
2380 5547 2559 5609 Tract.
2610 5552 2748 5609 Hist.
2803 5553 3004 5626 Chron.
3056 5553 3124 5608 de
3152 5552 3322 5622 antiq.
3370 5549 3572 5622 Liturg.
3616 5547 3796 5623 Hisp.,

2208 5624 2339 5693 cap.
2364 5630 2416 5686 5.
2448 5635 2582 5681 sect.
2614 5626 2668 5691 6,
2697 5641 2726 5679 a
2759 5642 2813 5679 ιι.
2847 5624 2971 5679 145.

2284 5690 2350 5773 (Γ)
2384 5698 2458 5753 De
2487 5696 2693 5769 Liturg.
2726 5693 2942 5764 Gallic.,
2974 5695 3067 5752 lib.
3098 5713 3133 5764 ι,
3163 5710 3283 5766 cap.
3316 5694 3372 5763 5,
3403 5708 3458 5749 n.
3489 5690 3541 5749 9.
