4040 6356
251 439 313 496 εί
1706 430 2094 490 PREFATIO.
3467 446 3536 511 ες

255 553 486 607 voluisse
513 558 638 605 utra
675 550 860 640 barum
891 548 1166 640 antiquior
1195 546 1458 640 fugerit,iet
1483 546 1637 640 alteri
1649 562 1843 640 exem-
1871 549 1923 609 Α
1949 554 2016 608 ab
2047 553 2112 608 iis
2139 556 2404 628 episcopis
2452 573 2621 629 quos,
2663 561 2818 632 juxta
2865 569 3132 622 vetustam
3170 559 3535 640 Hispanorum

251 644 367 715 plar
397 643 712 713 praebuerit.
740 638 797 695 In
823 639 1077 696 eumdem
1118 638 1351 708 lapidem
1388 639 1610 708 impegit
1648 637 1709 691 P.
1745 636 1846 693 Pe-

249 747 366 793 trus
399 737 475 792 Le
502 736 671 802 Brun,
699 737 940 807 quicum
971 735 1242 791 docuisset
1277 735 1352 805 (α)
1384 734 1652 802 liturgiam
1681 732 1838 788 Galli-

247 844 480 896 canam,
531 830 714 882 saltem
743 827 917 900 quoad
958 829 1209 897 formam,
1260 827 1312 880 in
1339 824 1535 880 Missali
1567 824 1849 880 cardinalis

246 921 491 976 Ximenii
519 921 695 976 adhuc
719 922 929 989 vigere,
979 927 1034 974 et
1065 919 1306 988 pluribus
1337 918 1661 974 ostendisset
1689 918 1846 972 litur-

248 1013 394 1080 giam
445 1010 842 1065 Mozarabicam
874 1007 1169 1064 Gallicanae
1196 1008 1522 1062 simillimam
1552 1007 1717 1062 fuisse
1743 1006 1842 1077 (ὁ),

249 1103 573 1173 Gallosque,
606 1102 803 1158 steculo
834 1118 917 1167 Ix,
974 1116 1290 1172 persuasum
1323 1100 1572 1156 habuisse
1602 1100 1846 1156 eamdem

244 1196 522 1264 liturgiam
551 1210 654 1265 qua
680 1193 901 1264 Hispani
927 1192 1215 1248 utebantur
1244 1192 1297 1246 in
1327 1190 1500 1246 Gallia
1528 1191 1843 1254 obtinuisse,

246 1289 568 1356 priusquam
615 1284 840 1354 Pipinus
891 1293 946 1339 et
995 1283 1223 1338 Carolus
1273 1283 1494 1350 Magnus
1543 1281 1846 1336 Romanum

243 1378 498 1432 ordinem
542 1377 594 1430 in
639 1376 866 1432 Galliam
919 1375 1261 1439 intulerunt,
1311 1373 1451 1428 i'dem
1502 1373 1847 1428 nihilominus

243 1470 481 1523 asseruit
538 1469 810 1537 liturgiam
864 1465 1201 1520 Gallicanam
1254 1465 1530 1535 exemplar
1576 1464 1848 1519 exstitisse

242 1560 740 1632 GothmHispanae,
789 1569 844 1614 et
877 1568 1124 1614 sanctum
1168 1558 1468 1613 Leandrum
1501 1558 1681 1628 plures
1711 1559 1848 1611 ritus

241 1653 556 1708 Gallicanos
609 1654 662 1707 in
709 1652 982 1721 liturgiam
1031 1648 1326 1721 Hispanam
1377 1651 1716 1705 transtulisse
1748 1650 1845 1721 (ε),

241 1744 380 1798 adeo
413 1753 475 1797 ut
503 1758 567 1798 ea
596 1745 887 1798 vetustatis
936 1744 1148 1812 species
1188 1758 1305 1810 qua:
1336 1743 1388 1797 in
1414 1743 1630 1812 liturgia
1661 1742 1845 1797 Moza-

239 1835 425 1890 rabica
456 1835 697 1890 cernitur
723 1835 790 1888 ab
818 1834 1010 1889 ordine
1039 1831 1319 1889 Gallicano
1350 1843 1591 1889 mutuata
1618 1834 1800 1889 fuerit.

1957 648 2320 717 traditionem,
2350 651 2533 708 Romae
2558 655 2832 714 ordinatos
2852 660 3082 730 apostoli
3109 661 3299 719 Petrus
3327 672 3383 719 et
3397 662 3540 720 Pau-

1953 738 2034 794 lus
2064 741 2115 794 in
2161 741 2470 813 Hispaniam
2517 746 2870 816 prmdicatum
2912 752 3195 808 miserunt.
3246 755 3348 820 Qui
3391 756 3533 811 hanc

1951 830 2179 887 formam
2208 834 2492 902 Asianam,
2541 847 2730 908 utpote
2762 841 2903 896 haud
2942 843 3257 900 dissimilem
3305 845 3537 917 liturgim

1954 938 2056 994 qua
2087 926 2364 994 apostolus
2386 925 2583 984 Paulus
2611 931 2664 984 in
2679 929 2935 1002 Hispania
2963 949 3090 990 usus
3117 935 3315 1003 fuerat,
3346 936 3538 994 Eccie-
3593 996 3603 1003 ,

1951 1018 2044 1073 siis
2071 1034 2101 1073 a
2131 1034 2190 1075 se
2218 1022 2526 1077 constitutis
2551 1023 2905 1081 tradiderunt.
2937 1026 3062 1084 Haec
3087 1037 3147 1083 ut
3175 1031 3228 1084 in
3260 1046 3320 1086 re
3348 1031 3542 1086 admo-
3610 1036 3614 1040 ’

1950 1107 2074 1162 dum
2103 1111 2352 1180 obscura,
2400 1123 2457 1168 et
2485 1114 2639 1183 cujus
2658 1115 2862 1171 nullam
2891 1131 3030 1187 pene
3080 1120 3328 1176 notitiam
3359 1123 3542 1179 habe-

1950 1215 2092 1267 mus,
2143 1211 2394 1272 tanquam
2426 1221 2646 1275 prorsus
2697 1223 2805 1262 non
2851 1208 3181 1266 incredibilia
3215 1212 3360 1268 dicta
3407 1215 3538 1276 sint,

1951 1310 2092 1349 nunc
2121 1296 2187 1349 ad
2218 1305 2466 1354 auctores
2495 1299 2721 1357 Missalis
2752 1303 3073 1362 Mozarabici
3105 1307 3353 1363 devenio.

1953 1384 1980 1456 δ
2013 1385 2148 1440 XVI.
2182 1388 2261 1441 An
2293 1400 2500 1444 sanctus
2525 1393 2783 1463 Leander,
2814 1407 2902 1451 aut
2921 1409 3130 1454 sanctus
3153 1401 3412 1468 Isidorus,
3444 1411 3538 1456 aut

1985 1487 2194 1532 sanctus
2223 1479 2467 1536 Julianus
2493 1495 2672 1539 auctor
2701 1489 2856 1558 fuerit
2887 1488 3124 1545 Missalis
3154 1491 3494 1548 Mozarabici.

2019 1568 2144 1624 263.
2179 1571 2334 1641 Apud
2367 1573 2634 1643 Hispanos
2677 1579 2919 1649 aliasque
2964 1592 3153 1650 gentes
3201 1585 3400 1653 passim
3446 1585 3538 1641 ad-

1950 1662 2109 1718 missa
2141 1673 2302 1733 atque
2331 1667 2548 1736 vulgata
2576 1671 2761 1740 opinio
2793 1683 2908 1738 est,
2955 1690 3077 1745 quae
3103 1675 3320 1733 Missale
3349 1678 3538 1733 Moza-

1949 1755 2178 1820 rabum,
2230 1756 2333 1810 hoc
2381 1767 2467 1812 est
2523 1759 3073 1832 Gotho-Hispanum,
3122 1776 3215 1821 aut
3269 1783 3300 1821 a
3348 1777 3538 1825 sancto

1950 1843 2219 1913 Leandro,
2245 1854 2340 1900 aut
2366 1863 2394 1902 a
2423 1859 2610 1906 sancto
2642 1851 2873 1919 Isidoro,
2925 1863 3018 1910 aut
3044 1857 3113 1911 ab
3158 1865 3393 1927 utroque
3419 1859 3536 1914 edi-

310 1945 440 1999 259.
477 1945 570 2002 His
612 1947 774 2016 igitur
803 1954 859 2002 et
889 1945 1154 2000 similibus
1186 1947 1580 2015 prmiermisds,
1607 1963 1726 2016 qua:
1757 1962 1836 2003 se-
1873 1917 1922 1978 Β
1951 1946 2062 1992 tum
2092 1939 2256 1997 fuisse
2286 1950 2453 1998 tenet.
2488 1942 2555 1998 Et
2582 1945 2673 1999 alii
2700 1917 2914 2013 quidem
2938 1947 2991 2001 in
3025 1947 3129 2004 hoc
3157 1917 3352 2018 insigni
3373 1965 3540 2020 opere

237 2041 320 2094 rio
354 2040 426 2096 de
468 2057 574 2096 una
613 2048 776 2112 atque
806 2040 997 2096 eadem
1048 2041 1262 2109 Iiturgia
1304 2041 1496 2110 agitari
1545 2049 1842 2110 nequeunt,

237 2136 412 2207 qumri
443 2142 622 2205 potest
651 2149 718 2187 an
749 2141 961 2188 vetusta
992 2133 1110 2188 bmc
1132 2131 1305 2188 forma
1339 2134 1517 2187 divina
1548 2131 1726 2188 ofﬁcia
1754 2149 1839 2188 ce-

236 2227 512 2289 lebrandi,
544 2241 704 2295 quam
733 2233 946 2280 constat
970 2224 1217 2279 eamdem
1249 2225 1538 2295 aliquando
1567 2227 1619 2279 in
1653 2226 1842 2297 Hispa-

241 2320 360 2382 nia,
391 2327 447 2372 et
475 2319 530 2371 in
559 2315 733 2370 Gallia
762 2317 1022 2384 viguisse,
1053 2317 1366 2385 primaevam
1397 2333 1548 2371 suam
1579 2318 1841 2386 originem

243 2407 564 2476 Hispaniae,
608 2422 676 2459 an
702 2407 878 2474 potius
905 2406 1083 2462 Gallia:
1122 2408 1350 2476 debeat,
1400 2418 1456 2464 et
1495 2409 1689 2464 deinde
1717 2425 1782 2464 an
1811 2425 1843 2465 e

250 2499 432 2555 Gallia
468 2501 518 2554 in
551 2500 889 2571 Hispaniam,
937 2519 1004 2558 an
1028 2505 1206 2574 potius
1231 2521 1299 2560 ex
1333 2504 1591 2575 Hispania
1625 2507 1674 2560 in
1715 2505 1842 2560 Gal-

239 2589 378 2645 liam
409 2590 707 2647 devenerit.

313 2699 511 2776 [Lxxn]
546 2703 671 2757 260.
726 2705 930 2772 Quibus
981 2707 1526 2778 interrogationibus,
1575 2708 1678 2763 nisi
1707 2706 1842 2764 ﬁdes

235 2795 564 2850 adhibeatur
607 2811 883 2869 anonymo
934 2800 1247 2870 Spelmani,
1302 2801 1464 2866 nihil,
1513 2816 1618 2855 non
1668 2801 1843 2856 dicam

237 2886 409 2950 certi,
463 2886 558 2942 sed
607 2889 750 2958 quod
796 2890 1078 2959 probabile
1127 2892 1228 2957 sit,
1275 2892 1593 2962 responderi
1639 2900 1837 2962 potest.

239 2979 306 3032 At
347 2979 394 3033 si
435 2979 701 3050 placuerit
739 2995 1013 3054 anonymo
1063 2984 1323 3051 credere,
1374 2985 1727 3053 interroganti
1774 2998 1842 3038 an

241 3072 453 3141 liturgia
482 3070 955 3144 Gotbo-Hispana,
1006 3091 1127 3146 quae
1175 3086 1230 3130 et
1255 3076 1532 3132 Gallicana
1567 3089 1672 3147 est,
1723 3085 1844 3132 orta

241 3163 306 3217 sit
333 3162 386 3216 in
417 3162 705 3234 Hispania,
734 3180 803 3220 an
832 3175 1016 3236 potius
1047 3170 1097 3220 in
1127 3168 1299 3222 Gallia
1321 3211 1336 3234 ,
1365 3170 1646 3239 responsio
1675 3167 1844 3224 facilis

243 3263 319 3311 est
343 3265 399 3310 et
424 3256 712 3326 expedita,
764 3272 885 3313 eam
915 3273 1091 3328 neque
1121 3261 1172 3314 in
1202 3259 1407 3328 Gallia,
1459 3275 1636 3329 neque
1665 3259 1717 3314 in
1744 3258 1842 3314 Hi-

241 3351 449 3419 spania,
497 3350 594 3405 sed
624 3352 677 3404 in
723 3351 853 3405 Asia
895 3351 1108 3406 initium
1150 3353 1413 3422 coepisse,
1461 3351 1552 3406 ubi
1581 3366 1612 3406 a
1653 3359 1842 3408 sancto

243 3438 448 3495 Joanne
495 3439 748 3511 apostolo
797 3442 1042 3497 instituta
1085 3441 1206 3509 fuit,
1259 3443 1401 3498 unde
1448 3443 1502 3497 in
1549 3442 1780 3498 Galliam
1810 3459 1843 3499 a

245 3545 431 3588 sancto
456 3532 666 3589 Irenaeo
695 3534 960 3590 translata
991 3543 1094 3610 est.

312 3648 436 3702 261.
468 3648 550 3703 Ad
581 3649 807 3705 alteram
835 3663 969 3704 vero
995 3647 1496 3718 interrogationem,
1526 3663 1595 3704 an
1618 3663 1649 3705 e
1668 3647 1844 3705 Gallia

248 3738 298 3793 in
332 3738 649 3809 Hispaniam
677 3740 939 3796 translata
972 3741 1152 3804 fuerit,
1181 3739 1456 3795 difﬁcilior
1483 3750 1565 3796 est
1591 3749 1646 3796 et
1673 3742 1844 3812 magis

246 3831 498 3887 intricata
538 3835 842 3904 responsio.
876 3833 1009 3888 Nam
1040 3849 1146 3890 non
1187 3843 1431 3906 apparet,
1478 3843 1675 3904 praeter
1700 3836 1842 3890 hanc

248 3940 452 3989 unam,
506 3927 639 3994 apud
663 3925 931 3997 Hispanos
980 3928 1232 3996 antiquos
1261 3928 1420 3981 aliain
1458 3941 1845 3998 quamcunque

243 4014 481 4071 formam
525 4016 823 4088 liturgicam
855 4019 909 4073 in
937 4018 1212 4090 mysteriis
1239 4017 1644 4072 Catholicorum
1678 4018 1845 4072 usita-

245 4116 354 4162 tam
393 4108 560 4163 fuisse
593 4126 606 4163 :
639 4119 854 4165 constat
887 4110 1048 4164 etiam
1076 4153 1091 4176 ,
1134 4117 1381 4180 tempore
1421 4110 1593 4164 sancti
1632 4108 1840 4174 Irenaei,

246 4211 297 4257 et
325 4203 491 4258 etiam
516 4213 700 4270 antea,
747 4200 1018 4259 Ecclesias
1060 4202 1111 4256 in
1144 4201 1401 4272 Hispania
1431 4202 1598 4258 fuisse
1642 4203 1846 4258 consti-

243 4305 420 4362 tutas,
465 4310 588 4365 quae.
617 4295 804 4366 utique
835 4294 1050 4363 liturgia
1099 4310 1208 4349 non
1254 4294 1533 4349 carebant.
1586 4293 1844 4364 Equibus

245 4388 616 4456 consequitur,
650 4397 705 4441 et
738 4396 983 4456 tempore
1011 4388 1182 4442 sancti
1213 4386 1427 4455 Irenzei,
1470 4395 1527 4442 et
1555 4396 1681 4441 ante
1729 4385 1845 4454 ejus

245 4491 480 4546 aetatem,
522 4479 792 4551 Hispanos
821 4481 922 4537 hac
951 4481 1123 4536 forma
1153 4479 1404 4550 liturgica
1426 4495 1546 4550 quae
1574 4481 1624 4534 in
1655 4479 1845 4550 Hispa-

248 4574 330 4626 nia
381 4571 870 4642 Gotho-Hispana,
917 4572 970 4626 in
1015 4569 1220 4637 Gallia,
1272 4569 1548 4626 Gallicana
1576 4569 1718 4625 dicta
1761 4577 1845 4624 est

1949 2033 2149 2104 primas
2176 2046 2356 2106 partes
2384 2049 2572 2094 sancte
2602 2039 2868 2108 Leandro,
2915 2042 3180 2099 secundas
3225 2052 3415 2100 sancto
3442 2044 3540 2102 Isi-

1948 2123 2084 2179 doro
2113 2125 2376 2192 tribuunt,
2400 2129 2487 2183 alii
2519 2142 2710 2186 contra
2730 2130 3033 2188 Leandrum
3063 2149 3200 2205 opus
3228 2135 3537 2201 inchoasse,

1949 2215 2206 2271 Isidornm
2229 2219 2517 2288 perfecisse
2539 2222 2745 2278 volunt.

2017 2309 2140 2362 264.
2167 2309 2272 2364 Sed
2302 2311 2384 2365 ba:
2411 2312 2694 2381 opiniones
2720 2315 2952 2384 antiquis
2981 2317 3177 2385 ignota
3200 2314 3394 2384 erant,
3432 2319 3550 2374 nec'

1947 2401 2087 2454 enim
2119 2416 2217 2469 pro
2247 2401 2310 2455 iis
2347 2401 2483 2457 ullus
2530 2406 2728 2458 citatur
2754 2404 2961 2460 Auctor
2985 2407 3080 2475 qui
3107 2415 3236 2463 ante
3264 2409 3537 2464 excidium

1946 2492 2096 2560 regni
2142 2491 2542 2560 Visigothorum
2592 2493 2886 2564 scripserit.
2950 2495 3066 2560 Qua
3119 2497 3278 2552 unica
3320 2498 3534 2554 ratione

1946 2583 2442 2652 argumentationes
2489 2599 2678 2640 omnes
2706 2595 2761 2640 et
2802 2584 3129 2653 conjecturae
3169 2589 3533 2645 recentiorum

1947 2675 2064 2730 falsi
2092 2677 2509 2732 convincuntur.
2549 2675 2832 2744 Quomodo
2861 2681 3006 2734 enim
3047 2681 3166 2735 sine
3195 2679 3407 2754 [Lxxnt]
3438 2695 3538 2736 an-

1947 2769 2221 2839 tiquorum
2256 2769 2565 2826 testimonio
2613 2770 2955 2826 innotescere
2992 2772 3169 2841 potuit
3215 2773 3536 2829 recentioris

1946 2860 2046 2914 azvi
2071 2859 2428 2930 scriptoribus
2454 2870 2671 2917 sanctos
2701 2861 3002 2918 Leandrum
3031 2871 3086 2918 et
3113 2863 3375 2921 Isidorum
3403 2864 3533 2921 Mis-

1946 2953 2074 3009 salis
2100 2952 2532 3025 Gotho-Hispani
2564 2962 2813 3011 auctores
2841 2957 3156 3012 exstitisse?
3193 2965 3411 3013 sanctus
3437 2958 3537 3013 Isi-

1947 3047 2133 3114 dorus,
2181 3048 2234 3103 in
2265 3048 2401 3102 libro
2430 3047 2498 3104 de
2526 3048 2664 3103 Viris
2694 3049 2988 3106 illustribus
3018 3049 3121 3122 (ά),
3165 3065 3332 3121 opera
3359 3053 3536 3107 sancti

1947 3139 2177 3196 Leandri
2209 3150 2478 3205 recenset,
2510 3141 2638 3208 quin
2669 3140 2736 3196 de
2757 3141 2956 3196 Missali
2980 3143 3310 3200 mentionem
3336 3145 3531 3199 faciat:

1951 3232 2018 3288 In
2047 3233 2405 3288 ecclesiasticis
2437 3233 2627 3303 ofﬁciis
2659 3248 2761 3287 non
2790 3249 2948 3300 parvo
2970 3233 3228 3289 laboravit
3256 3235 3428 3290 studio
3443 3236 3537 3290 :‘in

1954 3337 2056 3383 toto
2085 3329 2222 3381 enim
2243 3313 2536 3395 Psalterio,
2585 3326 2777 3397 duplici
2806 3324 3071 3393 Editione,
3116 3329 3382 3383 orationes
3409 3345 3539 3383 con-

1945 3423 2178 3492 scripsit,
2225 3422 2280 3475 in
2304 3421 2564 3492 sacriﬁcio
2590 3438 2792 3493 quoque
2832 3422 3071 3476 laudibus
3122 3432 3276 3495 atque
3301 3422 3538 3479 Psalmis

1943 3515 2108 3568 multa
2137 3513 2274 3567 dulci
2301 3530 2427 3568 sono
2451 3515 2758 3584 composuit.
2809 3513 3071 3569 Nimirum
3104 3522 3325 3570 sanctus
3363 3515 3540 3572 Lean-

1945 3605 2040 3658 der
2077 3601 2382 3658 Orationale
2409 3604 2640 3675 scripsit,
2666 3604 2811 3674 quod
2841 3604 2924 3660 bis
2952 3604 3140 3672 edidit,
3172 3604 3368 3660 librum
3397 3620 3536 3675 quo-

1943 3710 2050 3766 que
2083 3697 2497 3766 Sacriﬁciorum,
2545 3696 2962 3768 antipbonarum
2989 3697 3195 3753 scilicet
3220 3712 3341 3768 quae
3371 3713 3536 3754 cane-

1945 3791 2145 3846 bantur
2189 3793 2314 3847 dum
2367 3792 2597 3863 populus
2641 3791 2920 3848 offerebat.
2967 3792 3189 3847 Librum
3254 3792 3530 3858 Laudum,

1943 3895 2064 3951 qua:
2106 3882 2247 3937 lecto
2296 3881 2588 3950 Evangelio
2617 3883 2969 3947 canebantur,
3020 3891 3075 3936 et
3100 3881 3433 3937 Psalmorum
3462 3883 3534 3936 li-

1944 3974 2139 4038 brum,
2193 3989 2382 4030 eorum
2441 3975 2696 4043 scilicet,
2745 3977 2840 4046 qui
2883 3975 2938 4030 in
2987 3976 3150 4031 missa
3201 3973 3538 4032 canebantur

1947 4067 2040 4138 (e),
2069 4068 2393 4138 composuit.
2443 4067 2501 4122 ln
2531 4068 2616 4123 bis
2640 4074 2819 4124 autem
2847 4067 3027 4124 nullus
3056 4076 3143 4124 est
3169 4067 3306 4124 liber
3342 4065 3538 4124 Missa-

1945 4162 2028 4230 lis,
2071 4177 2230 4232 quem
2262 4160 2508 4233 profecto
2537 4171 2758 4218 sanctus
2785 4161 3020 4218 Isidorus
3049 4177 3160 4218 non
3189 4161 3484 4218 omisisset.

2016 4279 2138 4334 265.
2182 4279 2388 4336 Eodem
2428 4290 2746 4350 argumento
2791 4280 3073 4337 conﬁcitur
3095 4291 3341 4337 sanctum
3366 4280 3539 4336 Isido-

1944 4386 2061 4424 rum
2090 4379 2365 4426 auctorem
2396 4387 2504 4426 non
2535 4386 2655 4426 esse
2693 4370 2922 4427 Missalis
2943 4370 3395 4441 Gotho-Hispani,
3441 4386 3540 4426 seu

1945 4460 2288 4518 Mozarabici.
2316 4459 2551 4534 Operum
2577 4463 2693 4531 ejus
2715 4463 3016 4532 catalogum
3046 4470 3271 4518 texuere
3320 4449 3542 4518 sanctus

1945 4553 2160 4609 Braulio
2189 4553 2700 4624 Ctesaraugustanus
2744 4556 3031 4626 episcopus
3074 4558 3178 4626 (ι’),
3216 4557 3307 4626 qui
3352 4564 3540 4612 sancto

249 4675 369 4714 usos
397 4675 520 4714 esse
539 4702 554 4724 ,
607 4659 736 4729 quin
777 4674 840 4713 ea
866 4673 933 4714 ex
961 4657 1135 4713 Gallia
1180 4658 1232 4712 in
1263 4656 1574 4728 Hispaniam
1605 4657 1841 4712 devene-
1871 4644 1926 4704 Ῑ)
1949 4647 2152 4705 Isidoro
2183 4650 2337 4704 annis
2365 4650 2534 4706 ferme
2557 4650 2742 4706 decem
2770 4661 3046 4721 superstes
3065 4653 3216 4719 vixit,
3241 4661 3297 4708 et
3321 4660 3540 4708 sanctus

249 4749 332 4804 rit.
381 4749 837 4820 Quandoquidem
889 4757 1107 4806 sanctus
1151 4747 1386 4803 lrenaeus
1430 4763 1549 4803 eam
1574 4748 1626 4802 in
1674 4747 1846 4802 Gallia

250 4843 503 4897 adhibere
532 4842 698 4912 cmpit
724 4849 1010 4912 postquam
1033 4841 1319 4910 episcopus
1346 4840 1624 4894 ordinatus
1653 4847 1757 4905 est,
1788 4846 1847 4892 ut

252 4949 550 5005 anonymus
580 4941 832 4995 testatur,
863 4945 1023 5000 quem
1049 4946 1214 4986 unum
1245 4936 1298 4985 in
1323 4930 1425 4984 bac
1453 4944 1512 4984 re
1537 4929 1726 4984 ducem
1751 4930 1846 4983 ha-

254 5024 459 5080 bemus.

320 5118 445 5172 262.
478 5118 665 5187 Igitur,
717 5117 974 5188 quoniam
1004 5123 1212 5172 vetusta
1255 5117 1370 5172 haec
1409 5113 1635 5184 liturgia:
1675 5113 1846 5169 forma

257 5221 284 5261 e
306 5207 475 5263 Gallia
507 5209 562 5264 in
588 5209 900 5280 Hispaniam
929 5216 1225 5278 propagata
1275 5223 1382 5262 non
1409 5216 1517 5273 est,
1564 5215 1618 5261 et
1642 5221 1849 5277 anony-

260 5316 369 5354 mus
393 5302 526 5358 dicit
549 5317 667 5358 eam
696 5318 765 5358 ex
791 5301 917 5356 Asia
941 5301 995 5355 in
1018 5298 1246 5354 Galliam
1273 5315 1435 5369 Opere
1459 5302 1628 5354 sancti
1662 5298 1847 5353 Irenaci

260 5391 556 5462 devenisse,
587 5392 902 5449 incredibile
941 5407 1049 5446 non
1075 5399 1160 5447 est
1188 5389 1431 5446 eamdem
1462 5390 1738 5460 aliquanto
1767 5391 1846 5445 ci-

262 5486 360 5543 tius
388 5504 457 5544 ex
487 5488 616 5544 Asia
657 5488 712 5542 in
756 5486 1071 5557 Hispaniam
1121 5500 1338 5556 quoque
1387 5485 1618 5540 delatam
1660 5485 1844 5550 fuisse,

262 5649 403 5770 θήρ)
439 5649 644 5721 Explic.
671 5649 867 5718 Missas,
899 5657 1033 5705 tom.
1056 5647 1122 5713 Il,
1154 5647 1369 5706 dissert.
1401 5663 1454 5714 v,
1484 5655 1588 5702 art.
1621 5645 1685 5710 4,
1721 5657 1842 5715 pag.

297 5719 405 5873 72,5)
430 5792 588 5873 ibid.»
621 5809 742 5864 pag.
773 5791 900 5873 ξξεξ.

333 5863 400 5930 (ε)
436 5863 593 5928 Ibid.,
625 5863 751 5935 pag.
783 5864 906 5920 554.

335 5935 411 6004 Id)
435 5936 568 6006 Cap.
598 5935 686 5992 ΔΗ.

1948 4737 2286 4794 Ilildefonsus
2325 4739 2437 4811 (ς),
2490 4741 2776 4810 episcopus
2821 4741 3135 4815 Toletanps,
3189 4744 3281 4812 qui
3335 4743 3536 4796 nullum

1947 4829 2064 4899 ejus
2104 4839 2532 4885 commemorant
2561 4832 2754 4886 librum
2807 4831 3134 4902 liturgicum,
3164 4842 3358 4902 praeter
3401 4831 3540 4888 duos

1947 4924 2012 4979 de
2055 4922 2254 4978 Ofﬁciis
2309 4923 2706 4979 ecclesiasticis.
2754 4925 2817 4979 lli
2867 4926 3029 4994 igitur
3079 4940 3202 4981 cum
3252 4921 3466 4976 Missale
3504 4937 3538 4978 a

1948 5022 2134 5070 sancto
2159 5013 2368 5070 Isidoro
2395 5015 2758 5086 conscriptum
2781 5033 2889 5072 non
2912 5014 3249 5086 agnoverint,
3267 5013 3540 5069 recentio-

1948 5123 2035 5163 res
2063 5108 2154 5176 qui
2195 5115 2318 5178 post
2346 5107 2600 5163 saeculum
2646 5124 2700 5163 ιι
2736 5108 2920 5164 vixere
2949 5103 3198 5161 audiendi
3245 5119 3352 5160 non
3392 5113 3540 5171 sunt,

1949 5198 2164 5269 quando
2196 5198 2349 5253 nobis
2374 5199 2702 5268 persuadere
2723 5207 2988 5255 conantur
3015 5193 3230 5249 Missale
3284 5194 3538 5252 Mozara-

1948 5294 2074 5350 bum
2109 5309 2139 5348 a
2165 5300 2352 5349 sancto
2381 5293 2605 5350 doctore
2643 5291 2999 5363 compositum
3024 5287 3208 5345 fuisse.

2021 5386 2142 5440 266.
2177 5386 2380 5442 Horum
2410 5401 2440 5440 e
2471 5385 2654 5458 primis
2684 5384 2780 5437 fuit
2805 5380 3197 5448 Guitmundus,
3231 5380 3537 5438 Aversanus

1950 5481 2253 5551 episcopus,
2305 5479 2397 5550 qui
2447 5480 2501 5534 in
2549 5490 2712 5547 opere
2750 5471 2895 5542 quod
2925 5483 3112 5530 contra
3149 5473 3534 5543 Berengarium

2023 5641 2093 5714 (ε)
2125 5642 2201 5696 De
2239 5632 2526 5714 sacriﬁcio,
2579 5633 2692 5714 sive
2736 5633 3147 5714 offertoriisLde
3174 5633 3537 5714 _laudibus_et

1950 5701 2040 5769 de‘
2067 5701 2279 5784 psalmis
2319 5701 2428 5777 egit
2475 5713 2690 5760 sanctus
2736 5701 2970 5762 Isidorus
3014 5701 3115 5759 οσ.
3174 5703 3211 5757 I.
3271 5719 3314 5767 ι,
3346 5717 3396 5758 c.
3443 5701 3533 5773 14,

1954 5784 2176 5923 15insin
2203 5849 2378 5923 elogio
2403 5846 2664 5923 operibus
2688 5849 2858 5903 sancti
2882 5845 3067 5923 l‘sidori
3089 5841 3385 5914 praemisso.

2023 5917 2101 5997 (ᾖ)
2133 5922 2206 5980 De
2236 5917 2374 5976 Viris
2401 5917 2718 5989 illustribus,
2748 5932 2869 5990 cap.
2891 5917 2944 5971 9.
