4040 6356
499 407 568 464 83
1947 401 2344 458 ΡΒᾹΞΡΛΤΙΟ.
3716 405 3784 462 84

497 524 712 596 scripsit
741 523 815 594 (ο)
846 522 1060 578 Missale
1089 521 1431 576 Mozarabum
1461 520 1655 587 citans,
1714 519 1844 577 illud
1891 527 2077 576 sancto
2105 522 2161 582 Α
2183 532 2292 574 non
2317 517 2557 588 abstulit,
2583 519 2678 576 sed
2699 519 2922 591 singulis
2969 522 3267 592 provinciis
3293 536 3438 589 suas,
3481 521 3536 578 in
3568 520 3673 580 ha'c
3699 538 3781 598 re,

496 615 700 675 Isidoro
720 607 984 672 attribuit.
1007 611 1365 670 Guitmundus
1385 620 1564 669 autem
1587 627 1728 669 anno
1749 612 2084 682 octogesimo

495 725 658 784 supra
679 707 1025 766 millesimum
1052 705 1249 762 obiisse
1275 704 1524 761 traditur.

565 805 690 862 267.
719 803 792 861 At
818 803 934 860 base
958 801 1144 872 opinio
1167 800 1377 856 videtur
1415 800 1467 854 in
1499 797 1751 870 Hispania
1807 799 2004 856 saeculo
2032 818 2086 858 xi

494 908 640 966 nata,
669 907 727 956 et
754 898 807 953 in
835 895 1071 952 vicinam
1095 892 1348 960 Galliam,
1391 901 1446 948 et
1483 891 1645 946 etiam
1676 893 1727 946 in
1757 889 1990 959 ltaliam,’
2016 892 2084 947 ab

493 991 558 1047 iis
588 996 879 1062 propagata
908 987 1001 1058 qui
1027 986 1164 1043 ritus
1184 983 1556 1040 Mozarabicos
1583 990 1772 1040 contra
1804 983 2084 1054 impugna-

493 1089 661 1147 tores,
685 1079 1012 1135 auctoritate
1032 1076 1204 1132 sancti
1223 1065 1432 1143 lsidori,
1463 1074 1601 1130 tueri
1629 1076 1964 1144 satagebant.
1987 1073 2082 1130 Li-

493 1174 665 1244 turgia
714 1174 856 1230 enim
889 1169 1358 1242 Cottio-Hispana,
1387 1184 1492 1238 qua
1516 1169 1830 1224 Mozarabes
1858 1167 2084 1222 uteban-

493 1272 598 1331 tur,
623 1280 746 1321 cum
769 1264 914 1336 apud
940 1263 1247 1320 Romanum
1271 1259 1581 1333 pontiﬁcem
1605 1271 1852 1316 accusata
1875 1259 2082 1326 fuisset,

489 1355 713 1430 Hispani
738 1357 797 1413 in
820 1356 1035 1412 italiam
1087 1355 1370 1426 episcopos
1425 1355 1634 1424 aliquot
1680 1354 1961 1419 miserunt,
1992 1354 2085 1422 qui

491 1465 712 1506 causam
759 1450 962 1505 rituum
1006 1445 1467 1504 Mozarabicorum
1513 1454 1755 1515 agerent,
1786 1459 2084 1514 eorumque

487 1556 734 1599 normam
785 1539 1140 1597 consecrandi
1185 1538 1579 1596 Eucharistiam
1626 1538 1916 1608 legitimam
1963 1553 2085 1594 esse

487 1630 943 1687 demonstrarent.
995 1629 1036 1684 li
1093 1645 1237 1685 anno
1285 1629 1570 1684 millesimo
1619 1629 1976 1698 sexagesimo,
2029 1629 2084 1683 in

488 1719 721 1776 concilio
750 1716 1064 1788 Mantuano,
1093 1735 1277 1776 coram
1322 1719 1628 1775 Alexandro
1656 1717 1700 1773 ll
1747 1718 2002 1790 pontiﬁce
2031 1727 2086 1775 et

489 1813 758 1885 episcopis
798 1813 1158 1883 congregatis,
1193 1807 1359 1869 libros
1397 1828 1524 1867 suos
1572 1811 1848 1880 liturgicos
1877 1812 2082 1867 exami-

2191 611 2609 668 consuetudines
2635 614 2874 669 i'e‘tinere
2902 613 3133 670 intactas
3161 614 3424 686 permisit.

2259 701 2383 758 27o.
2426 701 2491 758 Et
2519 704 2647 760 hinc
2674 705 2820 760 aliud
2849 715 3222 776 argumentum
3245 704 3542 761 desumitur
3564 704 3632 760 ad
3659 720 3784 775 pro-

2187 793 2426 850 bandum
2465 811 2642 867 neque
2693 806 2937 852 sanctum
2978 797 3305 862 Leandrum,
3337 813 3513 868 neque
3537 807 3781 854 sanctum

2188 882 2450 941 lsidorum
2473 897 2722 945 auctores
2744 905 2862 944 esse
2885 889 3112 945 Missalis
3133 888 3474 946 Mozaraliici.
3501 889 3616 946 Hoc
3638 891 3783 946 enim

2189 976 2404 1034 Missale
2455 996 2562 1035 non
2619 992 2734 1036 erat
2782 997 3070 1039 commune
3119 984 3216 1039 toti
3267 982 3558 1053 llispanim,
3608 999 3784 1054 neque

2189 1075 2464 1143 proprium
2509 1076 2797 1144 provincias
2827 1075 3058 1134 Baetica.
3091 1077 3184 1132 sed
3224 1076 3524 1142 Toletantn,
3547 1077 3652 1131 hoc
3683 1088 3784 1144 est,

2189 1164 2631 1236 Carthaginensis
2655 1172 2941 1240 provinciae
2961 1172 3248 1238 peculiare.
3284 1169 3438 1226 Nulla
3464 1179 3645 1225 autem
3669 1177 3788 1224 erat

2188 1260 2326 1316 ratio
2363 1277 2459 1316 cur
2505 1263 2952 1333 metropolitanns
2982 1263 3192 1318 Baztica:
3243 1278 3431 1319 curam
3484 1269 3786 1319 assumeret

2188 1352 2563 1408 conscribendi
2609 1352 2823 1409 Missale
2854 1355 3038 1410 usibus
3061 1353 3353 1425 provincia:
3375 1353 3652 1409 Toletana:
3673 1352 3785 1409 sitt-

2187 1443 2449 1515 gulariter
2476 1443 2825 1500 destinatum.

2258 1536 2384 1592 271.
2425 1535 2651 1593 Demum
2691 1537 3004 1608 Elipandus,
3037 1555 3160 1596 cum
3196 1540 3410 1596 Missale
3435 1541 3543 1596 hoc
3567 1541 3780 1608 citaret,

2189 1628 2304 1696 ejus
2332 1638 2582 1685 auctores
2629 1645 2736 1685 non
2771 1629 3093 1698 Leandrum,
3152 1647 3258 1687 non
3290 1630 3576 1700 lsillorum,
3605 1632 3784 1688 nomi-

2187 1722 2356 1788 navit,
2390 1723 2483 1777 sed
2515 1721 2944 1792 praedecessores
2989 1738 3119 1780 suos
3157 1725 3444 1795 episcopos
3472 1724 3784 1792 Toletanos,

2187 1810 2504 1881 Eugenium,
2532 1813 2903 1872 Hildelonsum
2931 1825 2985 1871 et
3025 1814 3295 1871 Julianum
3327 1817 3426 1888 (f).
3480 1817 3659 1886 lisque
3689 1832 3784 1887 po-

497 1904 710 1962 nandos
732 1905 1046 1972 exhibuere,
1067 1921 1392 1977 omnemque
1408 1922 1625 1962 causam
1655 1907 1726 1960 ita
1749 1913 1993 1975 egerunt,
2026 1913 2086 1960 ut
2117 1902 2164 1964 Β
2188 1904 2294 1959 tius
2322 1920 2483 1975 quam
2512 1913 2700 1960 sancto
2755 1904 2962 1961 lsidoro
3015 1906 3296 1961 tribuenda
3336 1915 3420 1962 est
3444 1905 3704 1964 Breviarii
3731 1916 3785 1964 et

487 2011 518 2052 a
545 1997 800 2069 pontiﬁce
840 2006 894 2055 et
944 1999 1197 2056 universo
1225 2000 1454 2056 concilio
1503 2000 1714 2070 liturgia
1742 1999 2078 2056 Mozarabica

488 2089 786 2160 approbata
809 2089 969 2147 fuerit
992 2091 1088 2162 (ὁ).
1119 2090 1323 2148 Exinde
1347 2093 1400 2147 in
1430 2093 1579 2148 ltalia
1621 2109 1837 2164 quoque
1859 2109 2081 2163 compo-

484 2176 610 2233 sitio
639 2168 867 2236 Missalis
894 2175 1218 2238 Mozarabici
1261 2192 1448 2238 sancto
1486 2181 1691 2239 lsidoro
1720 2183 1879 2239 tribui
1905 2191 2078 2254 coepta

487 2277 571 2324 est
599 2271 823 2346 [mtva

479 2394 484 2422 ς
557 2359 681 2417 268.
722 2361 977 2420 Nonnulli
1019 2373 1278 2436 putarunt
1325 2367 1612 2422 concilium
1661 2365 1985 2423 Toletanum
2027 2385 2079 2424 ιν

484 2459 805 2528 praecepisse
844 2467 908 2514 ut
953 2459 1007 2514 in
1053 2460 1203 2516 omni
1254 2458 1652 2529 Visigothorum
1703 2475 1874 2530 regno
1912 2478 2079 2517 unum

484 2559 630 2607 esset
657 2549 889 2616 Missale,
935 2561 993 2607 et
1039 2569 1208 2608 unum
1234 2552 1608 2622 Breviarium,
1663 2569 1959 2624 eorumque
2014 2557 2080 2610 li-

484 2638 705 2695 brorum
725 2641 1092 2712 componendi
1112 2659 1300 2699 curam
1329 2653 1514 2700 saneto
1537 2644 1739 2700 lsidoro
1769 2647 2082 2703 mandatam

487 2729 651 2788 fuisse
690 2731 782 2804 (c).
832 2732 940 2790 Sed
966 2734 1082 2789 haec
1106 2734 1290 2804 opinio
1316 2737 1664 2803 antiquorum
1703 2736 1955 2808 suffragio
1980 2739 2078 2793 mi-

483 2821 632 2880 nime
655 2823 875 2880 fulcitur
895 2825 990 2896 qui
1017 2821 1282 2882 Breviarii
1309 2835 1402 2883 aut
1423 2826 1655 2884 Missalis
1694 2843 1727 2884 a
1767 2838 1958 2885 sancto
1987 2829 2084 2884 lsi-

483 2916 620 2974 doro
646 2918 938 2990 compositi
983 2919 1315 2976 mentionem
1353 2935 1462 2975 non
1495 2920 1756 2975 fecerunt.
1789 2919 2084 2990 Praeterea,

482 3008 576 3079 qui
597 3008 654 3065 in
674 3024 739 3064 ea
769 3019 894 3065 sunt
920 3010 1197 3080 opinione,
1230 3012 1762 3081 putantvarietatem
1788 3010 2082 3067 Missalium

482 3108 540 3157 et
565 3101 966 3159 Breviariorum
997 3118 1027 3158 a
1053 3103 1280 3175 liturgiaa
1307 3105 1668 3176 discrepantia
1713 3104 1921 3176 sejungi
1971 3122 2083 3163 non

485 3209 674 3266 posse,
696 3193 998 3268 Patresqne
1025 3195 1320 3254 Toletanos
1346 3208 1644 3256 statuentes
1665 3208 1725 3255 ut
1747 3217 1880 3255 unus
1898 3201 2080 3258 modus

2182 1994 2413 2052 Missalis
2435 1995 2757 2052 Mozarabici
2788 1997 3130 2067 compositio.

2255 2087 2378 2142 272.
2401 2088 2653 2144 Attamen
2669 2089 2714 2144 si
2735 2089 2952 2144 nomine
2967 2089 3200 2146 auctoris
3217 2087 3375 2158 hujus
3389 2087 3618 2146 Missalis
3636 2089 3682 2145 is
3703 2089 3782 2144 in-

2187 2179 2455 2249 telligalur
2472 2180 2562 2249 qui
2579 2179 2772 2236 Missas
2789 2195 2910 2249 qua:
2926 2179 2981 2234 in
3001 2195 3068 2235 eo
3084 2179 3428 2235 continentur
3448 2181 3786 2251 conscripse-

2184 2280 2289 2340 rat,
2324 2287 2423 2328 nec
2439 2279 2658 2327 sanctus
2689 2271 2942 2339 Isidorus,
2976 2287 3148 2342 neque
3166 2281 3385 2327 sanctus
3414 2271 3779 2340 llildefonsus,

2185 2361 2372 2436 [Lxxv]
2394 2378 2570 2434 neque
2586 2372 2804 2419 sanctus
2823 2360 3085 2430 Julianus,
3104 2379 3279 2434 neque
3302 2378 3438 2418 unus
3460 2363 3653 2432 aliquis
3665 2363 3781 2432 ejus

2185 2464 2372 2511 auctor
2393 2455 2649 2510 dicendus
2677 2464 2778 2511 est.
2809 2453 3125 2523 Quicunque
3150 2455 3293 2510 enim
3316 2453 3530 2510 Missale
3552 2453 3783 2511 Μοιριτεὶ-

2182 2547 2360 2604 bicum
2387 2547 2547 2617 paulo
2573 2548 2829 2603 attentius
2853 2546 3138 2612 evolverit,
3171 2545 3408 2599 inveniet
3449 2543 3578 2600 illud
3605 2559 3783 2614 neque

2185 2640 2344 2694 unius
2355 2640 2654 2708 scriptoris,
2671 2653 2848 2706 neque
2865 2638 3018 2692 unius
3029 2636 3126 2691 {cvi
3141 2652 3276 2706 opus
3286 2649 3424 2691 esse.
3440 2635 3568 2690 Nam
3587 2643 3784 2705 praeter

2183 2733 2309 2804 styli
2339 2735 2680 2804 varietatem,
2738 2748 2859 2805 quae
2901 2733 2956 2788 in
2987 2733 3174 2788 eadem
3205 2733 3368 2788 missa
3395 2747 3782 2801 nonnunquam

2184 2825 2624 2897 deprehenditur,
2673 2828 2855 2898 plures
2902 2833 3027 2882 sunt
3049 2827 3222 2882 missae
3251 2840 3371 2897 quae
3413 2833 3537 2881 ante
3566 2833 3788 2882 aetatem

2185 2921 2357 2974 sancti
2384 2917 2576 2975 lsidori
2627 2921 2943 2990 compositae
2973 2920 3210 2976 fuerunt.
3243 2918 3430 2975 Plures
3465 2920 3634 2974 etiam
3659 2925 3790 2975 sunt

2186 3025 2305 3082 quae
2336 3021 2459 3083 post
2488 3021 2718 3069 mortem
2747 3015 2921 3071 sancti
2949 3014 3186 3071 doctoris
3216 3013 3537 3085 conscripta:
3563 3019 3708 3070 stitit.

2259 3103 2383 3160 275.
2427 3105 2627 3160 Harum
2656 3119 2786 3161 vero
2815 3107 3054 3162 omnium
3086 3108 3368 3164 missarum
3399 3105 3648 3162 eumdem
3679 3107 3786 3162 lto:

2187 3198 2388 3253 minem
2419 3207 2696 3255 auctorem
2735 3213 2856 3256 esse
2891 3215 3052 3256 nemo
3094 3199 3312 3257 dixerit.
3351 3195 3458 3256 Sed
3486 3205 3530 3256 si
3564 3202 3784 3256 nomine

482 3265 542 3344 in
571 3289 850 3346 missarum
876 3265 1309 3361 solemnitatibus,
1339 3311 1472 3348 unus
1497 3295 1553 3348 in
1582 3296 1850 3350 matutinis
1877 3312 2081 3363 vesper-
2109 3265 2162 3328 θ
2190 3292 2430 3347 attetoris
2457 3289 2683 3347 Missalis
2714 3291 3040 3348 Mozarahici
3070 3292 3114 3346 is
3159 3293 3494 3362 intelligatur
3531 3303 3622 3362 qm
3652 3287 3787 3346 Illis--

485 3380 710 3454 tinisqus
763 3383 956 3454 ofﬁciis
1015 3391 1282 3452 teneatur,
1329 3394 1725 3456 consequenter
1766 3385 2081 3455 Missalium,

487 3469 952 3560 Lectionariorum
975 3515 992 3544 ,
1042 3474 1434 3532 Orationalium
1464 3519 1482 3546 ,
1532 3476 2045 3550 Antiphonariorum
2067 3525 2082 3550 ,

484 3559 829 3637 aliorumque
855 3564 1117 3624 librorum
1138 3567 1506 3638 liturgicorum
1527 3569 1847 3628 varietatem
1868 3588 2082 3630 omnem

483 3659 784 3720 sustulisse.

554 3752 682 3812 269.
723 3757 796 3813 At
823 3773 987 3830 praue
1005 3767 1242 3832 constat,
1269 3765 1618 3823 concordiam
1644 3766 1946 3838 liturgicam
1976 3783 2085 3833 una

483 3861 611 3908 cum
642 3849 911 3909 varietate
936 3852 1200 3911 librorum
1227 3855 1601 3927 liturgicorum
1625 3859 1926 3916 consistere
1959 3876 2086 3931 pos-

482 3953 545 3998 se
568 3941 849 4015 (d),idque
876 3944 1129 4009 Pati-ibus
1152 3947 1368 4005 concilii
1397 3946 1645 4007 Toletani
1672 3967 1724 4009 tv
1749 3952 2086 4023 experientia

483 4041 680 4090 notum
701 4044 842 4091 erat.
898 4035 1122 4110 Hispani
1172 4031 1338 4108 enim,
1368 4043 1618 4111 quamvis
1645 4059 1754 4101 una
1785 4043 2086 4115 eademque

483 4121 698 4208 liturgia
727 4141 918 4182 omnes
948 4136 1248 4194 uterentur,
1295 4136 1478 4186 tamen
1524 4131 1716 4188 iisdem
1746 4132 1898 4188 libris
1923 4133 2082 4189 litur-

481 4213 615 4283 gicis
640 4215 842 4287 ubique
896 4233 1004 4274 non
1033 4220 1342 4276 utebantur.
1394 4220 1510 4286 Iino
1537 4223 1761 4293 singulae
1789 4223 2084 4295 provinciae

483 4297 740 4360 videntdr
760 4313 890 4364 suos
917 4304 1170 4367 habuisse
1196 4309 1446 4384 proprios
1472 4309 1846 4372 Lectionarios'
1873 4321 1928 4371 et
1956 4311 2085 4372 Mis-

480 4395 625 4454 s'ales
660 4397 829 4458 libros"
855 4399 950 4476 (ε).
979 4393 1133 4461 Hanc
1158 4414 1340 4462 autem
1370 4403 1801 4480 qualemcunque
1823 4409 2084 4468 librorum

481 4488 858 4564 iit‘urgieorum
895 4495 1314 4570 discrepantiam
1362 4497 1650 4557 concilium
1682 4499 2002 4560 Toletannm
2029 4521 2083 4562 IV

553 4647 636 4717 (ο)
663 4645 1039 4716 (immndus,
1094 4651 1188 4709 lib.
1219 4666 1296 4718 In.
1349 4653 1417 4708 de
1453 4670 1480 4708 c

481 4715 998 4801 etsummatim
1026 4715 1386 4801 Eucharistia,
1439 4715 1555 4780 hinc
1580 4727 1743 4801 habet
1779 4745 1792 4780 :
1842 4715 1936 4782 In"
1949 4745 2080 4801 quo-

483 4789 605 4864 dam
638 4787 849 4847 Missali
881 4787 1141 4864 Hispano,
1180 4795 1318 4864 quod
1362 4787 1556 4851 nicum
1597 4797 1822 4854 dictasse
1847 4787 2084 4855 sanetum

485 4853 768 4944 {siderat-1t,
803 4875 926 4932 qua:
958 4853 1140 4919 v'erba'
1173 4853 1314 4920 dicta
1365 4867 1580 4936 quidem
1627 4879 1754 4944 sunt
1783 4853 1861 4925 de
1880 4853 2079 4944 Missali

483 4929 856 4998 llozarabicd,
883 4947 991 4989 non
1021 4945 1199 4991 ωηιξη
1240 4929 1615 4994 asseveranter
1649 4939 1936 5005 dicuntur,
1983 4943 2079 4997 sed

486 5008 740 5082 tanquam
780 5005 966 5075 opinio
1013 5007 1164 5063 nullo
1205 5016 1357 5063 certo
1401 5018 1625 5066 auctore
1672 5012 1888 5082 vulgata
1941 5013 2080 5070 refe-

483 5081 694 5128 runtur.

555 5140 630 5225 (6)
657 5141 1207 5225 Baroniusuiannal”
1251 5148 1451 5225 ad__an.
1488 5150 1667 5220 1084;
1726 5153 1792 5210 de
1829 5154 2073 5225 Aguirre,

483 5207 842 5288 Co'ncnﬁisp".
875 5207 1035 5284 tflﬂ,
1064 5233 1093 5271 a
1120 5207 1234 5288 pag.
1273 5219 1393 5278 174.

555 5284 626 5355 (c)
650 5284 1006 5368 Mariana,”
1034 5284 1165 5368 Rei).
1194 5284 1386 5368 'Hisp.,
1418 5294 1507 5350 lib.
1558 5311 1634 5368 ﬂ,
1685 5309 1805 5368 cap.
1853 5293 1906 5364 5,
1939 5296 2080 5368 inter

483 5353 698 5410 decreta
729 5359 942 5423 concilii
971 5376 1023 5414 iv
1071 5353 1323 5418 Toletani
1346 5353 1450 5420 li'oc
1498 5353 1662 5421 etiam
1702 5353 1910 5422 re'l‘ert':
1946 5366 2079 5420 Mis-

481 5427 670 5507 sale_et
707 5426 1030 5507 Breviarium
1057 5447 1214 5507 unum
1243 5444 1356 5507 esto
1397 5435 1454 5507 in
1503 5435 1786 5507 Hispania.
1837 5436 1968 5507 Ejus
2003 5439 2076 5492 rei

481 5497 818 5573 perﬁcienda:
843 5513 984 5564 cura,
1029 5505 1272 5573 quoniam
1325 5503 1533 5560 Isidoro
1593 5497 1819 5562 creditur
1869 5497 2078 5562 deman-

483 5567 628 5631 data,
657 5585 779 5624 usus
805 5573 1024 5632 obtinuit
1040 5567 1106 5626 ἰιι
1135 5573 1457 5630 Breviarium
1487 5585 1535 5630 et
1588 5574 1807 5631 Missale
1835 5577 2070 5632 Mazara-

483 5633 604 5692 ltm’t
617 5629 1040 5720 iiiintrilluantnr.
1072 5644 1140 5698 At
1161 5629 1421 5720 ejusmodi
1445 5629 1626 5720 canon
1641 5629 1816 5704 nullus

482 5721 512 5761 a
542 5712 771 5785 concilio
827 5701 1090 5785 Toletano
1113 5701 1455 5785 iv'conditus
1485 5719 1601 5774 fuit.

555 5778 634 5854 (ά)
657 5781 733 5854 9e
754 5783 854 5838 hac
882 5782 958 5851 re,
985 5803 1038 5839 n.
1065 5784 1154 5854 88,
1179 5787 1422 5854 quaedam
1453 5789 1594 5844 dicta
1619 5798 1764 5844 sunt.

552 5824 1594 5936 extinguuntur35:13.1j's'ns
1620 5824 1838 5936 sum,
1869 5875 1986 5932 ap.
2017 5863 2069 5932 2,

483 5924 696 5980 concilii
726 5927 882 5993 primi
913 5925 1274 5996 Bracarensis,
1328 5930 1533 5987 relatus
1580 5933 1633 5986 in
1681 5924 1950 5991 Codicem'
1979 5924 2070 5992 cal

2188 3387 2304 3443 sale
2332 3383 2651 3442 Toletanum
2683 3385 3073 3455 emendaverit,
3101 3393 3196 3440 aut
3224 3386 3314 3456 qui
3345 3401 3446 3442 una
3490 3381 3589 3440 aut'
3611 3385 3787 3439 altera

2187 3479 2350 3534 missa
2378 3485 2408 3533 a
2435 3494 2494 3535 se
2518 3478 2819 3550 composita
2856 3478 3104 3548 auxerit,
3135 3479 3318 3550 plures
3346 3477 3653 3549 hujusmodi
3683 3490 3786 3531 au-'

2189 3580 2370 3629 ctores
2407 3573 2549 3628 inter
2595 3573 2880 3645 episcopos
2922 3572 3216 3631 Toletanos
3260 3574 3624 3630 inveniuntur.
3668 3571 3786 3628 lli-

2187 3665 2398 3737 pandus
2438 3663 2732 3736 Eugenium
2753 3708 2766 3734 ,
2801 3663 3182 3723 Hildei‘onstmi
3206 3676 3262 3723 et
3300 3665 3572 3722 Julianum
3603 3666 3785 3723 nomi-

2187 3761 2356 3829 navit,
2404 3766 2462 3816 et
2498 3758 2743 3816 Julianus
2783 3774 2950 3832 opera
3001 3761 3171 3817 sancti
3216 3757 3515 3816 Hiidefonsi
3557 3766 3784 3817 erumna

2187 3867 2404 3911 merens
2436 3857 2534 3928 (g),
2565 3869 2752 3912 eorum
2779 3865 2978 3928 partem
3004 3857 3210 3912 tertiam
3234 3855 3533 3922 missarum,
3561 3854 3786 3926 hymno-o

2187 3963 2406 4022 runtun
2426 3960 2576 4022 atque
2601 3966 2898 4007 sermonum
2923 3968 3034 4006 esse
3060 3952 3152 4007 ait.

2257 4042 2383 4099 274.
2424 4042 2594 4100 Nemo
2637 4052 2842 4110 tamen,
2871 4041 2938 4099 ut
2975 4038 3106 4100 mihi
3154 4043 3376 4125 quidem
3407 4024 3643 4107 Videtur,
3681 4055 3783 4098 aue

2189 4144 2308 4192 ctor
2353 4133 2589 4196 Missalis
2633 4145 2687 4192 et
2737 4136 2998 4192 Breviarii
3047 4136 3368 4191 Mozarabiei
3401 4135 3631 4190 metiore
3663 4134 3785 4204 jm'e

2188 4245 2349 4301 quam
2379 4238 2598 4286 sanctus
2627 4227 2870 4286 Julianus
2923 4229 3250 4295 nominatur,
3289 4230 3356 4284 de
3388 4242 3496 4300 quo
3524 4225 3697 4292 Fetix,
3729 4232 3786 4280 et

2188 4324 2304 4396 ipse
2348 4322 2632 4395 episcopus
2677 4318 2991 4389 Toletanos,
3040 4321 3453 4392 praedecessoris
3491 4319 3573 4375 sui
3615 4325 3783 4388 opera

2187 4431 2498 4482 recensens,
2545 4415 2761 4486 scripsit
2802 4416 2922 4489 (It):
2969 4413 3103 4469 Item
3138 4414 3326 4469 librum
3374 4411 3679 4477 Missurum,
3720 4410 3786 4463 de

2189 4518 2293 4565 toto
2321 4508 2517 4563 circulo
2548 4510 2676 4562 anni
2707 4509 2760 4562 in
2789 4516 3014 4580 quatuor
3039 4513 3212 4578 partes
3243 4506 3482 4571 divisum,
3514 4505 3569 4558 in
3597 4501 3784 4574 quibus

1481 4655 1683 4729 aperis
1720 4665 1772 4710 et
1813 4659 2082 4729 sanguinis
2109 4637 2162 4701 υ
2187 4677 2390 4718 nonum
2419 4661 2676 4717 Ecclesiae
2703 4659 3173 4729 Gotho—Hispame,
3207 4659 3301 4713 lib.
3342 4656 3400 4722 4,
3446 4658 3530 4711 tit.
3578 4655 3670 4729 15,
3721 4657 3787 4710 de

2185 4750 2291 4789 non
2313 4733 2542 4804 legendis
2567 4732 2782 4804 diversis
2813 4728 3110 4804 lectionibus
3135 4746 3226 4804 per
3247 4730 3552 4804 scientiatum
3568 4728 3786 4804 dierum

2184 4791 2446 4881 niissqs'et
2473 4803 2695 4881 vigilias.
2749 4791 2903 4881 Unde
2935 4791 3302 4881 consequitur
3334 4793 3523 4881 diebus
3552 4803 3659 4881 non
3683 4813 3784 4881 so-

2185 4875 2451 4930 lemnibus
2473 4869 2792 4944 permissum
2834 4872 2993 4928 luisse
3019 4869 3262 4944 diversas
3289 4869 3550 4944 lectiones
3580 4869 3784 4936 legere,

2185 4956 2348 5016 atque
2379 4940 2515 5002 adeo
2545 4961 2654 5000 non
2681 4945 2844 4999 niodo
2869 4944 2923 5016 in
2953 4943 3209 5016 diversis,
3231 4940 3326 4997 sed
3351 4941 3409 5016 in
3436 4941 3624 5016 eadem
3647 4954 3786 5016 prg-

2184 5008 2359 5072 viiicia
2389 5017 2719 5086 quandoque
2743 5013 3018 5086 exstitisse
3038 5008 3668 5086 ,Lectionariadiversa‘.
3716 5008 3788 5066 Et

2183 5080 2447 5157 siquidem
2477 5088 2556 5142 las
2603 5080 2722 5141 erat
2765 5085 2988 5157 habere
3021 5083 3231 5157 diversa
3279 5080 3640 5148 Lectionaria,
3682 5096 3786 5137 cur

2185 5154 2484 5214 nonetiam
2509 5157 2763 5226 Missalia,
2788 5164 2842 5211 et
2867 5154 3288 5226 Antiphonaria,
3313 5161 3414 5208 etc.
3468 5223 3507 5226 _
3593 5224 3602 5226 _
3741 5224 3748 5226 Α
3808 5154 3822 5165 ³

2257 5230 2336 5301 (f)
2367 5229 2678 5301 Elipandus,
2706 5223 2760 5282 in
2787 5223 3110 5301 epistolarad
3133 5226 3433 5301 Alibinum;
3465 5223 3789 5301 Testimonia

2182 5295 2480 5356 sanctorum
2505 5298 2726 5354 Patrum
2754 5295 3123 5354 uenerabilium
3150 5297 3328 5351 Toleto
3371 5295 3791 5360 diam-uiantium

2183 5374 2240 5428 in
2288 5375 2565 5426 missarum
2605 5373 2832 5426 oraculis
2883 5371 3024 5424 edita
3053 5369 3126 5423 sic
3156 5368 3350 5421 dicunt.
3396 5365 3465 5420 Et
3493 5366 3789 5420 concilium

2183 5443 2653 5499 Francol‘urdcnse
2682 5443 2844 5497 verba
2869 5439 3110 5511 Elipandi
3133 5455 3198 5492 ex
3233 5437 3555 5511 lib_e_lio_cjns
3582 5435 3745 5511 refert
3772 5452 3788 5490 :

2185 5513 2320 5589 Item
2351 5514 2754 5589 pgcdeccssores
2781 5506 3258 5589 nostri-Eugeniae,
3293 5506 3792 5589 Hitdefousushfra-

2186 5577 2359 5640 (ianus
2389 5577 2653 5639 Toletana:
2703 5585 2839 5639 sedis
2869 5577 3145 5648 antistiies,
3196 5581 3251 5634 in
3297 5581 3403 5634 suis
3456 5577 3792 5649 dogmatibus

2182 5659 2450 5732 dixerunt,
2483 5665 2587 5732 cic-
2852 5726 2862 5732 _
3101 5725 3111 5732 _
3167 5723 3288 5732 --_..
3333 5722 3352 5732 η
3451 5720 3462 5732 .
3536 5718 3551 5732 .
3745 5717 3758 5730 .

2257 5730 2333 5799 (g)
2365 5718 2455 5802 Ad
2507 5729 2665 5802 tinem
2715 5726 2895 5794 operis
2942 5725 3126 5802 sancti
3161 5720 3465 5802 liiidefonsi
3520 5718 3587 5774 de
3646 5718 3791 5777 Viris

2183 5792 2500 5925 illllligl'iliéldj,
2534 5800 2674 5854 inter
2702 5792 2870 5866 opera
2900 5796 3072 5852 sancti
3105 5793 3298 5852 [sideri
3329 5792 3482 5850 editi.

2423 5884 2442 5925 ι
2483 5909 2497 5924 .

2256 5869 2333 5940 (h)
2364 5868 2497 5925 ibid.
