4040 6356
526 294 590 349 87
1048 322 1053 325 “
1978 298 2086 357 ΡΒΑ

2194 300 2369 359 ΑΊἹΟ.
3736 317 3804 374 33

520 411 765 467 solemnis
776 415 903 469 ordo
916 412 967 465 in
984 412 1212 468 Ecclesia
1224 410 1602 484 agitur,quibus
1616 411 1689 465 vel
1699 412 2118 469 instructionibus
2149 420 2192 479 Α
2224 417 2419 487 quibus
2448 422 2557 471 tres
2575 424 2699 473 sunt
2718 418 2995 478 orationes
3015 429 3143 479 ante
3162 437 3447 483 canonem.
3480 426 3659 484 Prima
3706 446 3805 488 no-

518 493 689 560 can‘on
716 505 1089 561 ecclesiasticus
1118 507 1407 559 decoratur.
1426 502 1595 557 Alteri
1618 517 1745 558 vero
1769 504 2111 573 praemittitur

516 597 719 669 Incipit
728 601 946 671 epistola
959 599 1183 654 secunda
1193 598 1256 653 de
1269 598 1525 652 communi
1540 598 1739 669 officio.
1756 596 1963 654 Eruditi
1987 598 2111 655 Edi-

515 699 667 747 tores
683 692 874 747 barum
896 691 1242 763 epistolarum
1255 699 1530 745 auctorem
1544 700 1847 759 agnoscunt
1858 701 2107 748 sanctum

514 778 882 848 Germanum,
914 782 1269 838 Parisiensem
1316 782 1669 852 episcopum;
1701 783 1802 839 hos
1856 792 2104 851 secutus,

514 874 778 943 epistolas
816 874 946 931 istas
966 873 1278 943 frequenter
1296 874 1397 928 sub
1413 874 1634 929 nomine
1648 875 1819 930 sancti
1848 872 2106 931 Germani

420 974 427 990 ί
514 962 688 1018 citare
733 963 912 1031 soleo,
952 963 1196 1033 quamvis
1220 962 1350 1017 mihi
1378 964 1641 1019 incertum
1671 966 1741 1020 sit
1770 980 1838 1020 an
1889 979 2105 1022 sanatus

513 1052 835 1119 Germanus,
860 1069 927 1107 an
970 1053 1141 1120 alius,
1166 1068 1197 1108 e
1224 1053 1466 1123 spissiori
1497 1054 1681 1124 aliquo
1710 1056 1847 1111 libro
1887 1055 2103 1112 ofﬁciali

511 1158 607 1200 eas
635 1147 1018 1217 composuerit.
1047 1144 1273 1202 Scatent
1310 1147 1451 1202 enim
1482 1149 1712 1213 mendis,
1743 1162 1864 1219 qua:
1913 1158 2104 1206 sancto

510 1235 781 1293 Germano
809 1238 900 1294 vix
932 1239 1092 1294 tribui
1145 1249 1388 1309 possunt.
1422 1240 1528 1296 Sed
1558 1243 1863 1313 quicunque
1907 1244 1979 1299 sit
2007 1258 2103 1300 ea-

507 1344 628 1384 rum
652 1340 871 1399 auctor,
902 1333 946 1388 is
968 1341 1117 1389 certe
1145 1342 1389 1389 vetustus
1438 1342 1541 1400 est,
1568 1336 1791 1405 ejusque
1816 1350 1973 1405 opus,
2001 1335 2103 1391 etsi

507 1423 852 1492 mendosum,
877 1438 1072 1492 magno
1094 1425 1172 1480 rei
1198 1426 1461 1495 litargicze
1498 1426 1789 1482 Gallicanae
1813 1429 1959 1484 bono
1987 1428 2103 1484 edi-

506 1521 622 1570 tum
653 1513 773 1570 fuit.
800 1514 1011 1571 Etenim
1053 1518 1206 1588 plura
1252 1534 1371 1588 qua:
1399 1527 1556 1575 antea
1590 1521 1645 1574 in
1686 1520 1921 1577 obscuro
1947 1528 2104 1577 erant

506 1620 575 1662 eo
598 1607 962 1673 innotescunt,
994 1617 1050 1664 et
1079 1610 1321 1680 plerique
1376 1612 1513 1668 ritus
1540 1611 1976 1684 Gotho—Hispani
2004 1627 2100 1670 eo-

506 1712 739 1768 rumque
766 1715 887 1756 cum
918 1700 1208 1758 Gallicanis
1252 1703 1485 1760 allinitas
1514 1704 1929 1761 conﬁrmantur.

578 1808 703 1863 $1.
728 1807 889 1866 Liber
914 1811 1141 1868 Missalis
1170 1827 1333 1882 quem
1363 1813 1702 1870 Mabillonius
1741 1816 1793 1869 in
1823 1824 2098 1873 monaste-

504 1898 590 1954 rio
617 1899 869 1955 Bobiensi
900 1901 1124 1964 invenit.
1154 1918 1424 1973 quemque
1460 1904 1941 1959 Sacramentarium
1972 1903 2101 1960 Gal-

505 1986 733 2041 licanum
780 1989 1069 2060 inscripsit,
1101 1992 1313 2062 integer
1356 2002 1458 2057 est,
1502 2002 1557 2049 et
1585 2009 1654 2049 ex
1708 2009 1775 2050 eo
1804 1994 2099 2051 Missalium

506 2091 706 2146 genere
724 2095 844 2150 qua:
868 2090 1053 2147 masta,
1078 2092 1173 2138 aut
1196 2084 1432 2153 plenaria
1454 2084 1725 2151 dicuntur,
1740 2085 1905 2141 habet
1929 2086 2094 2153 enim,

502 2182 701 2243 praeter
727 2176 1003 2232 oratibnes
1044 2177 1287 2233 missales
1311 2221 1328 2246 ,
1359 2178 1621 2236 lectiones
1673 2179 2095 2250 Scripturarum,

501 2252 725 2336 singulis
769 2268 946 2324 missis
992 2272 1260 2341 proprias,
1292 2271 1606 2342 frequenter
1632 2274 1806 2341 binas,
1832 2291 1942 2331 non
1968 2291 2096 2332 raro

499 2366 685 2413 ternas
715 2360 813 2431 (a).
847 2360 1131 2417 Lectiones
1160 2363 1273 2418 istae
1302 2380 1682 2434 nonnunquam
1733 2383 1854 2423 cum
1874 2368 1939 2423 iis
1960 2384 2098 2424 con-

496 2448 724 2502 veniunt
773 2465 909 2519 quas
958 2449 1151 2506 iisdem
1195 2451 1385 2509 diebus
1432 2456 1669 2523 assignat
1690 2456 2131 2515 Lectionariuin.

493 2533 858 2604 Luxoviense,
892 2556 1279 2612 nonnunquam
1330 2544 1493 2599 etiam
1538 2561 1661 2602 cum
1691 2548 1758 2602 iis
1781 2563 1920 2617 quas
1958 2549 2092 2605 mis-

493 2627 608 2681 sale
657 2627 893 2684 Ximenii
948 2632 1202 2702 assignat.
1251 2632 1361 2690 Sed
1404 2637 1725 2709 plerumque
1771 2649 1882 2695 tam
1911 2641 1980 2696 ab
2009 2642 2093 2699 bis

492 2730 657 2786 quam
687 2717 933 2791 [Lxxvm]
963 2721 1032 2776 ab
1062 2722 1166 2778 illis
1189 2723 1533 2782 dissentiunt.
1575 2726 1862 2786 Orationes
1900 2732 2095 2787 missa-

492 2806 575 2863 les
601 2809 760 2878 hujus
789 2809 1202 2869 Sacramentarii
1232 2831 1339 2871 non
1367 2833 1489 2875 raro
1518 2819 1873 2877 desumuntur
1901 2824 1932 2879 e
1962 2823 2093 2880 Mis-

491 2898 593 2953 sali
621 2898 874 2969 Gothico,
899 2903 1012 2958 sive
1040 2902 1474 2976 Gallo-Gothico,
1502 2925 1895 2982 nonnunquam
1922 2915 2088 2970 etiam

492 3006 525 3045 e
552 2991 751 3048 Missali
772 2994 1132 3064 Mozarabico,
1150 3007 1243 3053 aut
1263 3002 1442 3070 potius
1463 3018 1493 3057 e
1520 3013 1737 3060 vetusto
1759 3006 2088 3063 Sacramen-

490 3083 632 3137 tario
650 3100 759 3154 quo
779 3086 816 3140 ii
842 3088 924 3142 usi
943 3098 1071 3145 sunt
1091 3091 1181 3159 qui
1211 3091 1607 3151 Mozarabicum
1636 3108 2083 3167 composuerunt.

490 3171 665 3229 Μίδεω
694 3175 1109 3251 Sacramentarii
1152 3181 1434 3241 Bobiensis
1463 3186 1529 3242 ad
1554 3187 1717 3242 ritum
1748 3187 2087 3246 Gallicanum

490 3264 679 3320 stricte
709 3282 814 3322 non
841 3271 1133 3339 pertinent.

560 3356 686 3414 282.
714 3359 848 3417 Nam
894 3364 1137 3420 ordinem
1191 3368 1479 3436 quemdam
1521 3385 1553 3425 e
1580 3369 1863 3428 Gallicana
1893 3380 1948 3428 et
1976 3372 2082 3429 Ro-

488 3463 650 3506 mano
680 3454 1021 3510 commistum
1051 3464 1214 3527 atque
1242 3459 1523 3516 confusum
1556 3469 1763 3517 tenent.
1797 3462 2085 3522 Lectiones

486 3548 621 3611 tres,
645 3551 701 3599 et
720 3541 1005 3603 Orationes
1031 3564 1238 3617 omnes,
1253 3567 1423 3623 usque
1454 3553 1520 3607 ad
1550 3553 1710 3609 linem
1747 3559 2084 3614 contestatio-

486 3633 593 3700 nis,
622 3635 880 3706 hymnum
899 3637 1081 3694 Gloria
1109 3641 1165 3694 in
1183 3643 1426 3711 excelsis,
1470 3645 1738 3699 canticum
1762 3644 2079 3716 Benedicite,

485 3732 545 3780 et
569 3724 671 3779 alia
697 3728 965 3797 quaedam,
996 3746 1065 3785 ex
1095 3731 1283 3787 ordine
1311 3733 1590 3790 Gallicano
1646 3736 1955 3793 desumunt.
1990 3739 2080 3807 At,

484 3817 733 3873 absoluta
786 3821 1218 3890 contestatione,
1268 3824 1414 3880 nulla
1463 3826 1569 3883 illis
1612 3836 1696 3884 est
1743 3831 1919 3887 oratio
1966 3842 2084 3903 post

483 3909 732 3980 Sanctus,
748 3912 844 3969 sed
866 3930 965 3985 pro
989 3930 1075 3980 ea,
1090 3918 1453 3974 contestationi
1464 3921 1726 3979 continuo
1743 3922 2083 3994 subjungitur

480 4000 694 4071 integer
714 4018 889 4059 canon
912 4003 1217 4075 Romanus;
1234 4024 1342 4079 quo
1363 4010 1605 4081 expleto,
1626 4013 1887 4068 recitatur
1902 4016 2080 4071 oratio

480 4092 785 4161 Doininica,
800 4103 872 4161 et,
890 4095 1029 4153 facta
1041 4102 1443 4168 communione,
1458 4105 1631 4158 oratio
1643 4117 1758 4176 post
1772 4111 2081 4163 communio-

481 4201 618 4253 nem,
644 4202 803 4257 quam
831 4188 934 4242 alia
956 4190 1155 4260 excipit
1182 4196 1559 4250 consummatio
1590 4198 1764 4252 missa:
1794 4200 2075 4270 inscripta.

551 4298 679 4354 ‘283.
708 4299 809 4356 Hic
837 4301 972 4358 ordo
1016 4302 1290 4362 Romensis
1320 4309 1793 4380 denominabatur,
1825 4318 2080 4385 quemad-

480 4390 706 4446 modum
759 4407 829 4447 ex
876 4394 1034 4451 titulo
1083 4396 1260 4453 missae
1297 4400 1484 4470 prima:
1510 4404 1785 4472 conjicere
1815 4407 1973 4478 licet,
2014 4425 2078 4465 ea

2213 510 2359 565 mine
2386 510 2607 581 proprio
2631 521 2801 568 caret.
2833 513 3080 571 Secunda
3108 518 3416 575 inscribitur
3440 533 3659 588 secreta,
3695 533 3806 580 ter-

2213 603 2285 658 tia
2311 607 2633 671 contestatio,
2659 622 2821 677 quam
2847 624 3020 664 canon
3053 610 3330 668 Romanus
3350 614 3577 685 alizeque
3601 619 3806 673 oratio-

2211 709 2308 751 nes
2331 694 2400 750 ad
2430 693 2588 751 ﬁnem
2621 697 2794 753 missa:
2822 699 2889 754 de
2916 716 3066 757 more
3086 714 3512 773 consequuntur.

2279 809 2405 865 εδδ.
2455 810 2669 867 Missale
2696 812 2848 881 illud,
2882 814 3027 884 quod
3068 831 3175 871 em.
3219 817 3542 876 Thomasius
3588 822 3805 879 missals

2209 900 2538 959 Francorum
2554 904 2823 976 inscripsit
2850 908 2995 977 (quia
3023 911 3075 962 in
3104 910 3263 965 missa
3285 928 3380 978 pro
3400 911 3605 984 regibus
3634 914 3803 970 Deum

2207 1006 2367 1055 orant
2398 1015 2491 1068 pro
2521 1000 2665 1069 regni
2718 998 3043 1055 Francorum
3070 1003 3421 1073 principibus,
3452 1012 3507 1060 et
3536 1022 3635 1076 pro
3659 1016 3802 1061 statu

2207 1091 2353 1161 regni
2384 1088 2732 1160 Francorum)
2773 1091 3038 1159 integrum
3096 1082 3358 1162 nonest,
3388 1097 3487 1152 sed
3534 1098 3602 1153 ab
3646 1099 3803 1155 initio

2206 1189 2263 1237 et
2296 1182 2349 1237 in
2406 1181 2513 1237 fine
2542 1182 2809 1237 mutilum.
2842 1182 3017 1239 Habet
3044 1194 3248 1253 autem,
3281 1197 3478 1258 praeter
3524 1191 3802 1248 orationes

2205 1273 2453 1330 missales
2478 1273 2736 1344 pleraque
2758 1275 2824 1328 ad
2857 1276 3252 1333 ordinationem
3282 1289 3338 1334 et
3364 1281 3800 1339 benedictionem

2205 1368 2471 1439 episcopi,
2500 1368 2825 1441 presbyteri,
2858 1369 3091 1435 diaconi,
3121 1380 3177 1427 et
3231 1372 3544 1429 inferiorum
3572 1376 3803 1434 clerico-

2204 1474 2348 1527 rum,
2404 1460 2760 1530 pertinentia.
2795 1461 3271 1517 Consecrationem
3323 1478 3541 1535 quoque
3587 1466 3801 1537 altaris,

2204 1551 2430 1623 ejusque
2455 1552 2759 1618 ministerii,
2784 1562 2840 1609 et
2870 1554 3159 1625 virginum,
3184 1563 3350 1625 atque
3375 1556 3654 1613 viduarum
3703 1560 3801 1616 be-

2202 1644 2591 1712 nedictionem,
2619 1644 2863 1710 exhibet,
2890 1646 3070 1700 omnia
3124 1660 3192 1701 ex
3222 1645 3660 1705 Sacramentario
3686 1648 3800 1708 Ge-

2206 1733 2413 1789 lasiano
2438 1748 2545 1789 em.
2575 1732 2853 1789 Thomasii
2882 1734 3196 1805 desumpta,
3218 1746 3277 1790 ut
3305 1735 3607 1793 conferenti
3639 1748 3799 1810 pate-

2130 1792 2180 1854 Β
2205 1825 2305 1892 bit,
2335 1825 2430 1881 lib.
2456 1842 2493 1889 ι.
2516 1842 2573 1881 n.
2596 1823 2687 1893 95,
2715 1823 2804 1892 eo,
2832 1823 2923 1893 98,
2943 1792 3195 1892 tosfss,’
3214 1826 3305 1881 ubi
3325 1827 3571 1897 quaedam
3598 1792 3798 1886 δὲᾇὲιῖ-

2203 1925 2330 1972 runt
2380 1917 2576 1987 quibus
2634 1915 2983 1971 Gelasiannm
3035 1916 3250 1986 supplet
3301 1932 3365 1972 ea
3422 1933 3542 1988 quze
3597 1918 3801 1978 Missali

2202 2009 2533 2067 Francorum
2556 2011 2769 2075 desunt,
2788 2019 2841 2066 et
2859 2011 3011 2081 plura
3031 2026 3149 2081 qua:
3174 2026 3206 2067 e
3236 2011 3436 2067 missali
3464 2012 3799 2071 Francorum

2202 2102 2258 2157 in
2295 2100 2642 2159 Gelasianum
2671 2101 2950 2157 transferri
2976 2109 3201 2172 queunt.

2270 2191 2401 2250 285.
2430 2191 2683 2249 Ordinem
2713 2208 2873 2263 quem
2895 2193 2949 2247 in
2974 2194 3135 2248 missa
3157 2202 3306 2249 tenet
3329 2193 3543 2251 Missale
3558 2195 3797 2253 Franco-

2200 2301 2343 2351 rum,
2370 2299 2471 2341 nec
2491 2284 2559 2340 ad
2585 2284 2904 2351 Romanam,
2930 2300 3028 2340 nec
3058 2285 3127 2341 ad
3149 2284 3441 2355 Liturgiam
3462 2287 3797 2345 Gallicanam

2198 2381 2465 2451 pertinet,
2493 2380 2589 2439 sed
2616 2380 2683 2437 ad
2713 2381 2994 2438 contusum
3024 2382 3308 2452 quemdam
3338 2385 3498 2439 ritum
3530 2402 3562 2440 e
3593 2385 3795 2441 Roma-

2197 2487 2267 2529 na
2310 2482 2367 2529 et
2406 2470 2687 2528 Gallicana
2732 2473 2944 2542 liturgia
2990 2483 3367 2544 compactum,
3398 2474 3465 2529 ab
3493 2490 3560 2531 eo
3612 2486 3796 2533 tamen

2197 2563 2468 2619 diversum
2496 2577 2659 2632 quem
2685 2572 2833 2619 tenet
2859 2562 3351 2619 Sacramentarium
3372 2563 3656 2621 Bobiense.
3678 2565 3791 2620 Ha-

2196 2656 2291 2712 bet
2318 2664 2497 2712 autem
2527 2656 2828 2712 orationem
2875 2665 2993 2726 post
3021 2657 3344 2727 prophetiam
3368 2698 3385 2723 ,
3434 2655 3641 2713 scilicet
3666 2666 3795 2727 post

2196 2749 2464 2805 canticum
2490 2746 2763 2803 Zachariae
2807 2745 3116 2801 Benedictus
3149 2746 3400 2801 Dominus
3428 2745 3570 2801 Deus
3596 2745 3789 2815 Israel,

2196 2848 2306 2898 etc.
2332 2840 2469 2895 Tum
2496 2854 2658 2895 unam
2684 2848 2800 2911 post
2820 2856 3041 2909 precem,
3065 2854 3227 2908 quam
3258 2838 3520 2895 absolutis
3542 2841 3792 2909 precibus

2195 2932 2491 2989 diaconicis
2545 2932 2882 2999 recitabant,
2932 2940 3122 3002 postea
3170 2932 3304 2986 duas
3361 2942 3480 2986 ante
3534 2935 3788 2996 nomina,

2195 3025 2390 3081 deinde
2408 3025 2541 3079 duas
2566 3040 2721 3094 super
2742 3023 2919 3079 oblata
2932 3042 2950 3089 ;
2981 3025 3077 3080 has
3096 3024 3452 3094 consequitur
3475 3034 3785 3092 contestata,

2194 3130 2355 3186 quam
2396 3115 2502 3170 ritu
2550 3113 2796 3169 Romano
2842 3112 3050 3187 [um]
3078 3102 3441 3187 praefationem
3475 3119 3784 3187 appellant,

2191 3216 2493 3263 contestata
2543 3206 2829 3275 subjicitur
2881 3223 3051 3261 canon
3115 3207 3367 3272 actionis;
3423 3205 3565 3263 facta
3604 3217 3787 3263 autem

2188 3300 2595 3367 communione,
2648 3299 2907 3354 recitatur
2959 3298 3135 3355 oratio
3186 3309 3303 3371 post
3350 3302 3784 3367 communionem,

2188 3408 2350 3465 quam
2383 3392 2490 3447 alia
2516 3392 2585 3445 ad
2614 3389 2813 3462 plebem
2838 3391 3068 3459 excipit.

2258 3483 2386 3539 286.
2428 3481 2665 3537 Joannes
2688 3480 2928 3536 Morinus
2951 3482 3028 3554 (b)
3055 3481 3309 3553 opinatus
3340 3490 3426 3539 est
3446 3482 3661 3540 Missale
3682 3483 3788 3539 hoc

2187 3573 2317 3629 olim
2366 3575 2689 3645 pertinuisse
2728 3574 2795 3628 ad
2834 3572 3131 3629 Ecclesiam
3183 3574 3605 3642 Pictaviensem,
3663 3576 3786 3642 quia

2185 3669 2380 3723 nullius
2409 3670 2600 3739 sancti,
2630 3679 2821 3741 preter
2850 3672 3021 3725 sancti
3053 3669 3255 3726 Hilarii
3306 3673 3517 3726 missam
3543 3674 3787 3743 speciali-

2186 3767 2265 3816 ter
2293 3762 2537 3828 continet,
2579 3763 2744 3833 ipsius
2796 3764 3006 3817 nomine
3052 3764 3110 3817 in
3140 3762 3478 3828 orationibus,
3528 3764 3585 3816 in
3639 3779 3786 3831 prte-

2186 3854 2406 3927 {atione,
2427 3863 2478 3910 et
2520 3856 2663 3927 infra
2688 3856 2965 3923 actionem,
3006 3872 3266 3929 expresso.
3299 3855 3565 3925 Additque
3594 3869 3787 3910 exara-

2187 3954 2300 4002 tum
2344 3948 2512 4004 fuisse
2551 3956 2677 4003 ante
2722 3964 2921 4005 annum
2974 3951 3466 4020 quingentesimum
3508 3950 3786 4018 sexagesi-

2184 4056 2356 4107 mum,
2387 4040 2553 4097 Gallis
2581 4042 2812 4097 nondum
2835 4044 2892 4098 in
2919 4061 3077 4099 unum
3104 4045 3354 4116 populum
3396 4060 3514 4097 cum
3554 4041 3782 4097 Francis

2186 4133 2611 4200 coalescentibus,
2636 4144 2715 4188 ter
2733 4136 2873 4189 enim
2898 4151 2999 4207 pro
3026 4135 3177 4204 regni
3199 4134 3529 4192 Francorum
3561 4133 3784 4188 nomine

2184 4242 2359 4296 preces
2393 4226 2549 4297 ﬁunt,
2596 4228 2730 4282 alias
2780 4244 2879 4298 pro
2912 4227 3241 4285 Francorum
3291 4227 3615 4298 principatu,
3647 4226 3783 4280 alias

2185 4332 2285 4387 pro
2332 4318 2665 4390 principibus
2711 4318 3064 4387 Francorum,
3096 4330 3153 4376 et
3196 4319 3358 4376 semel
3383 4334 3484 4390 pro
3526 4318 3701 4375 salute
3724 4323 3783 4372 et

2187 4410 2558 4468 incolumitate
2602 4415 2753 4482 regni
2783 4413 3137 4470 Francorum.
3193 4415 3264 4469 At
3306 4414 3438 4469 mihi
3485 4413 3624 4469 liber
3671 4428 3782 4468 non

481 4484 626 4538 enim
648 4500 747 4554 pro
774 4486 1039 4544 ordinario
1061 4491 1237 4546 missa:
1266 4496 1504 4563 ponitur,
1535 4505 1591 4551 et
1611 4498 1772 4553 missa
1794 4498 2073 4559 Romensis
2105 4536 2158 4597 Β
2185 4501 2323 4558 adeo
2349 4512 2595 4560 vetustus
2633 4506 2868 4575 videtur,
2898 4507 2992 4562 sed
3020 4523 3088 4564 eo
3117 4516 3365 4578 tempore
3390 4515 3643 4562 exaratus
3671 4521 3783 4576 quo

487 4575 765 4597 -AaszJ:_“_
821 4574 1125 4597 2__-_:‘L9.,,,s
1203 4581 1285 4597 nu
1431 4585 1444 4597 ι
1612 4586 1650 4597 λ
3678 4595 3688 4597 _

478 4575 766 4630 cottidiana
821 4574 1147 4635 inscribitur.
1202 4581 1383 4638 Ritum
1431 4585 1572 4642 hunc
1610 4586 1938 4647 Romensem
1986 4607 2072 4649 se-

476 4668 661 4737 quitur
691 4668 850 4740 longe
890 4671 1124 4727 maxima
1156 4688 1282 4742 pars
1330 4675 1613 4734 missarum
1644 4679 2074 4741 Sacramentarii

476 4760 782 4832 Bobiensis,
813 4779 932 4833 quae
962 4765 1015 4820 in
1068 4770 1492 4825 contestationem
1543 4772 1826 4842 desinunt,
1877 4778 2073 4846 quibus

473 4873 651 4914 canon
680 4857 958 4915 Romanus
989 4866 1044 4915 et
1072 4860 1178 4916 alia
1224 4862 1291 4916 ad
1323 4864 1483 4919 linem
1509 4882 1680 4938 usque
1726 4870 1904 4926 missae
1932 4873 2074 4929 reci-

472 4950 637 5004 tanda
663 4950 950 5018 adduntur,
983 4967 1015 5007 e
1041 4952 1201 5008 missa
1226 4954 1473 5011 Romensi
1494 4959 1784 5015 cottidiana
1811 4964 2067 5033 petenda.

469 5041 576 5095 Sed
607 5048 803 5111 pmter
828 5042 944 5108 has,
972 5052 1100 5098 sunt
1118 5044 1169 5099 in
1201 5045 1637 5106 Sacramentario
1659 5050 1913 5110 Bobiensi
1948 5069 2070 5126 sep-

469 5131 758 5188 temdecim
785 5134 962 5191 missa:
988 5151 1110 5207 quas
1140 5137 1302 5193 ritum
1338 5140 1729 5209 Gregorianum
1760 5152 2064 5215 sectantur,

544 5287 621 5370 (α)
648 5286 854 5370 Deboc
874 5291 1073 5370 Godice
1121 5291 1465 5370 Mabillnnius
1495 5297 1547 5352 in
1580 5298 1897 5370 praefatione
1924 5312 2062 5360 sect.

466 5356 500 5409 8
531 5356 1115 5446 i‘tascritbitliCOdicem
1144 5367 1429 5446 antiquum,
1454 5385 1520 5446 ea:
1547 5356 1656 5446 quo
1675 5356 2065 5446 subsequentem

466 5429 699 5505 ordinem
720 5428 1049 5505 Gallicanum
1078 5428 1462 5505 descripsimus,
1487 5428 1772 5501 inuenimus
1804 5428 1855 5497 in
1886 5428 2069 5501 biblio?

467 5499 613 5579 Ψαῦμι
660 5503 968 5579 ρενσειςςῡνξε
1012 5514 1059 5557 et
1100 5499 1391 5579 perantiqui
1421 5499 1723 5567 monasterii
1763 5499 2058 5571 Bobiensis.

464 5567 798 5654 Scriptusest
825 5567 1154 5654 godeggntg
1169 5567 1348 5654 annos,
1376 5583 1541 5654 mille,
1567 5595 1615 5637 et
1640 5567 1855 5654 quidem,
1873 5567 2061 5641 litteris

461 5643 765 5727 majus‘cnlis
812 5643 1250 5703 BEllTULFUS
1281 5652 1469 5727 alicubi
1505 5643 1695 5727 legitur
1723 5656 1776 5708 in
1816 5673 1910 5727 ora
1941 5659 2059 5727 folii

460 5714 909 5795 cujusdannqueni
935 5727 1171 5795 putamus
1187 5724 1493 5795 esseipsnm
1522 5714 1811 5795 Bvertulfum
1834 5714 2062 5780 loci'ab-

461 5778 629 5837 batem
652 5778 818 5842 medio
844 5778 1030 5843 stactth
1059 5805 1147 5844 vn,
1178 5789 1319 5845 Illud
1340 5778 1392 5847 in
1425 5794 1611 5848 Codice
1641 5778 1816 5867 magni
1838 5778 2058 5868 facien-

1942 5970 2014 5993 ...Α

778 6027 877 6034 *γ*

2185 4612 2343 4669 reges
2373 4598 2575 4655 inertes
2620 4600 2773 4670 regni
2812 4600 3144 4656 Francorum
3198 4599 3439 4654 habenas
3479 4595 3782 4668 majoribus

2180 4690 2374 4748 domus
2421 4692 2783 4749 moderandas
2837 4693 3189 4748 tradiderant.
3246 4690 3381 4747 Nam
3443 4700 3499 4747 et
3544 4691 3782 4759 majores

2178 4781 2370 4839 domus
2396 4784 2654 4855 principes
2683 4782 3011 4840 Francorum
3039 4770 3545 4841 denominabantur.
3592 4783 3782 4854 Neque

2180 4883 2493 4945 argumenta
2520 4876 2753 4948 probant
2795 4876 3047 4933 Codicem
3077 4875 3147 4931 ad
3181 4891 3339 4931 usum
3368 4874 3624 4931 Ecclesia;
3653 4872 3779 4930 Pic-

2178 4970 2440 5027 taviensis
2468 4969 2632 5027 fuisse
2666 4970 3019 5041 descriptum.
3053 4971 3109 5025 Si
3152 4971 3297 5026 enim
3345 4970 3505 5026 unica
3542 4968 3782 5047 supersit

2175 5062 2341 5117 missa
2384 5061 2560 5117 sancti
2606 5060 2816 5128 Hilarii,
2848 5059 2901 5114 id
2944 5060 3173 5130 contigit
3220 5060 3346 5130 quia
3376 5059 3514 5115 liber
3550 5059 3780 5115 omnino

2175 5151 2395 5208 mutilus
2432 5160 2536 5207 est.
2588 5149 2741 5217 Quod
2789 5165 2986 5206 nomen
3030 5151 3202 5207 sancti
3252 5148 3439 5205 Hilarii
3483 5150 3535 5204 in
3564 5165 3777 5207 canone

2173 5310 2316 5375 dum,
2343 5308 2481 5379 quod
2506 5308 2704 5377 integer
2732 5306 2947 5379 sittnon
2975 5307 3209 5372 mutilus,
3258 5316 3315 5360 ut
3344 5307 3395 5379 in
3424 5306 3530 5361 illis
3560 5306 3773 5379 vetustis

2172 5379 2317 5435 libris
2345 5376 2546 5433 evenire
2595 5376 2744 5432 solet.
2806 5377 2975 5433 Porro
3005 5380 3234 5433 continet
3283 5378 3633 5440 collectiones,
3665 5376 3771 5428 lec-

2173 5454 2337 5505 tiones
2385 5448 2727 5517 praplieticas,
2779 5449 3093 5515 apostolicus
3141 5458 3189 5501 et
3234 5448 3585 5517 euangelicos,
3617 5456 3773 5517 atque

2171 5516 2571 5575 contestationes
2617 5519 2685 5572 ad
2717 5521 2932 5573 missam
2964 5536 3058 5584 per
3104 5528 3267 5573 totum
3298 5516 3512 5572 annum.
3555 5516 3621 5571 In
3663 5516 3773 5584 ﬁne

2169 5593 2329 5645 etiam
2352 5590 2509 5659 (quod
2529 5590 2850 5644 rarissimum
2872 5599 2968 5652 est,
2996 5600 3045 5643 et
3075 5606 3203 5660 pene
3231 5590 3517 5661 singulare)
3548 5588 3772 5640 habetur

2168 5663 2298 5715 liber
2325 5662 2712 5732 paenitentialis,
2738 5663 2793 5713 in
2812 5677 2910 5732 quo
2932 5661 3095 5714 multa
3115 5662 3247 5714 scitu
3273 5661 3433 5731 digna
3464 5668 3767 5731 occurrunt,

2167 5734 2239 5786 ad
2252 5729 2433 5812 ueteris
2457 5732 2749 5812 disciplinae
2761 5729 3137 5812 ecclesiastica
3160 5729 3525 5812 cognitionem.

2244 5804 2321 5859 (bi
2352 5803 2435 5858 De
2463 5798 2631 5860 sacris
2656 5801 3108 5868 ordinationibus,
3138 5798 3261 5875 pag.
3292 5798 3421 5860 361.
