4040 6356
173 321 244 376 89

1645 319 2044 378 ‘PREF‘A‘HO.
3405 325 3478 384 90

181 448 418 510 tegatur,
473 452 582 494 non
631 438 800 508 magis
838 450 936 508 pro
984 433 1306 490 Pictaviensi
1349 430 1591 488 Ecclesia
1635 430 1779 497 facit,
1813 435 1860 493 Α
1887 432 2233 502 Gregorianis
2255 447 2347 492 aut
2377 437 2506 492 feria
2537 445 2747 508 quarta,
2775 444 2868 492 aut
2889 437 3021 493 feria
3048 444 3225 508 sexta,
3255 438 3479 508 majoris

180 549 344 603 quam
373 548 579 586 nomen
608 531 843 592 Martini,
873 527 1021 598 quod
1055 529 1108 581 in
1138 525 1329 581 eodem
1359 538 1570 578 canone
1596 537 1787 578 occur-

178 627 269 686 rit,
330 623 500 680 faciat
546 639 646 694 pro
689 621 924 678 Ecclesia
978 618 1298 674 Turonensi.
1354 617 1603 679 Domum,
1643 614 1786 686 quod

180 732 381 773 nomen
409 715 603 769 Hilarii
648 715 699 769 in
731 715 895 768 missa
941 711 1137 780 saepius
1163 709 1409 773 recurrit,
1443 709 1636 779 probat
1665 707 1784 777 qui-

178 811 300 862 dem
363 823 487 862 eain
541 809 758 861 missam
810 820 932 862 esse
975 804 1246 875 propriam
1293 805 1463 857 sancti
1493 801 1706 869 Hilarii,
1731 809 1787 856 at

179 916 287 954 non
337 900 539 969 probat
580 899 774 954 librum
805 899 873 952 ad
918 895 1217 952 Ecclesiam
1259 892 1649 950 Pictaviensem
1697 892 1788 947 ali-

178 993 402 1061 quando
433 991 782 1060 pertinuisse.

253 1082 381 1136 287.
427 1083 642 1137 Missale
668 1083 753 1138 cui
784 1097 890 1138 em.
921 1080 1243 1136 Thomasius
1285 1092 1484 1134 nomen
1533 1077 1788 1147 imposuit

182 1172 519 1230 Gallicanum
573 1185 711 1228 vetus
762 1189 960 1244 paucas
1011 1173 1175 1228 habet
1222 1172 1412 1226 missas
1451 1171 1708 1237 integras,
1755 1184 1786 1224 e

182 1270 378 1340 quibus
444 1269 606 1322 missa
656 1269 828 1323 sancti
880 1265 1138 1331 Germani
1191 1262 1677 1319 Antissiodorensis
1731 1271 1788 1317 et

181 1360 343 1414 missa
378 1361 618 1414 secunda
678 1359 953 1414 Adventus
1001 1357 1229 1418 formam
1278 1355 1608 1409 Gallicanam
1656 1353 1789 1408 reti-

183 1459 438 1506 nuerunt.
471 1452 602 1504 Alia:
623 1466 753 1506 vero
782 1451 958 1505 missa:
977 1449 1137 1517 hujus
1166 1448 1287 1502 libri
1309 1448 1469 1501 ritum
1499 1445 1785 1515 quemdam

184 1557 210 1597 e
229 1543 482 1597 Romano
505 1552 559 1596 et
575 1539 858 1596 Gallicano
885 1541 1227 1595 commislum
1244 1546 1560 1608 sequuntur.
1585 1535 1786 1590 Harum

183 1635 298 1689 alia:
349 1650 451 1704 pro
482 1633 729 1688 matioue
757 1642 872 1702 post
917 1633 1146 1686 Sanctus
1193 1637 1402 1699 partem
1434 1626 1659 1680 Romani
1691 1641 1784 1680 ca-

185 1727 339 1779 nonis
371 1724 668 1792 subjiciunt
699 1743 709 1778 :
743 1724 867 1777 talis
896 1731 980 1777 est
1009 1721 1170 1775 missa
1205 1720 1376 1790 prima
1406 1719 1704 1783 Adventus,
1729 1717 1785 1771 in

1892 524 2238 581 hebdomadaz
2260 529 2543 585 recitandae
2563 538 2800 597 exstant,
2817 545 2924 601 quo
2940 531 3060 587 loco
3081 533 3245 587 etiam
3266 541 3481 588 exstant

1893 616 1947 670 in
1976 616 2173 672 Missali
2217 621 2388 674 sancti
2435 619 2515 676 Pii
2547 621 2610 676 V.
2645 619 2796 677 Unde
2845 631 3068 693 apparet
3113 639 3206 678 eas
3254 639 3286 678 e
3330 624 3482 682 libris

1893 711 2120 780 liturgizc
2139 712 2406 770 ‘Romana:
2436 715 2488 769 in
2531 716 2636 771 hoc
2664 715 2875 770 Missale
2903 717 3188 771 translatas
3217 716 3402 782 fuisse,
3429 725 3484 772 et

1893 805 2108 873 quidem
2154 807 2440 872 verbatim,
2472 823 2571 864 nec
2617 823 2684 862 ex
2728 808 2792 863 iis
2840 791 3052 878 tempds
3079 825 3186 879 quo
3218 809 3353 864 liber
3394 809 3484 864 hic

1893 900 2226 968 compositus
2254 910 2338 954 est
2365 901 2588 956 indicari
2620 916 2798 972 posse.
2831 900 2907 956 Ea
2936 916 3067 957 vero
3112 904 3287 958 oratio
3316 916 3481 972 quam

1893 989 1946 1044 in
1993 1001 2367 1061 argumentum
2413 993 2708 1060 adducunt,
2741 995 2791 1048 in
2820 993 3171 1066 Gregorianls
3194 993 3482 1050 Codicibus
3543 1055 3551 1064 ,

1893 1082 2222 1148 Rhemensi,
2273 1094 2327 1140 et
2375 1085 2626 1150 Ratoldi,
2686 1095 2741 1141 et
2790 1087 2839 1140 in
2888 1085 3174 1142 Gelasiano
3206 1085 3482 1152 Thomasi,
3527 1081 3554 1120 ί·

1893 1179 2057 1234 habet
2089 1199 2099 1233 :
2136 1179 2350 1249 Respice
2395 1183 2466 1235 ad
2509 1182 2865 1237 Romanorum
2891 1184 2995 1236 sive
3043 1180 3370 1234 Francorum
3401 1178 3483 1232 be-

1893 1271 2077 1341 nignus
2103 1274 2415 1342 imperium;
2444 1275 2571 1328 etin
2603 1274 2803 1329 Codice
2841 1273 3234 1327 Ottobouiano:
3264 1269 3482 1339 Respice

1895 1367 1962 1418 ad
1984 1364 2338 1420 Christianum
2365 1366 2615 1438 benignus
2645 1367 2944 1436 imperium;
2969 1375 3023 1419 et.
3043 1362 3185 1419 Ordo
3211 1363 3482 1418 Romanus

1894 1463 2133 1510 vetustus
2167 1477 2177 1510 :
2214 1455 2280 1508 Et
2311 1467 2489 1526 postea
2540 1458 2664 1510 dicit
2702 1474 2793 1526 pro
2841 1473 2956 1527 rege
3003 1455 3326 1509 Francorum
3382 1453 3483 1506 sive

1894 1565 1986 1618 pro
2015 1550 2343 1618 imperatore.
2373 1550 2551 1615 Quare
2575 1566 2696 1605 cum
2730 1551 2857 1604 illud
2893 1549 3186 1603 Romanum
3212 1548 3480 1618 imperium

1894 1658 2001 1697 non
2030 1643 2172 1698 aliud
2203 1642 2466 1712 signiticet
2487 1660 2645 1712 quam
2666 1641 2992 1697 Francorum
3015 1644 3285 1711 imperium
3305 1639 3482 1694 Caroli

1895 1735 2071 1805 Magni
2099 1746 2153 1792 et
2183 1749 2438 1806 nepotum
2469 1736 2614 1806 ejus,
2645 1735 2915 1805 conjicere
2945 1737 3072 1791 licet
3105 1735 3246 1789 hunc
3285 1733 3482 1788 librum

184 1834 281 1888 qua
315 1818 687 1872 contestationi
729 1816 1012 1884 subjicitur
1056 1829 1231 1870 canon
1265 1812 1560 1877 Romanus,
1605 1814 1673 1866 ab
1703 1811 1786 1866 his
1816 1812 1865 1873 B
1893 1835 2106 1880 autem
2137 1825 2314 1883 Caro“
2343 1826 2492 1882 Calvi
2518 1843 2624 1882 non
2653 1842 2934 1896 superare.

183 1914 360 1968 verbis
396 1913 550 1966 Hanc
577 1915 736 1983 igitur
763 1912 1096 1976 oblationem,
1145 1920 1253 1966 etc.
1301 1910 1434 1966 Alia:
1480 1926 1609 1966 vero
1648 1910 1789 1966 inte-

183 2023 336 2077 grum
367 2022 632 2062 canonem
665 2005 971 2061 Romanum
1002 2006 1289 2076 recipiunt.

249 2099 377 2154 288.
422 2101 568 2156 Talis
616 2109 698 2154 est
749 2101 908 2154 missa
968 2101 1022 2152 in
1077 2097 1236 2152 Coena
1276 2097 1518 2161 Domini,
1577 2097 1630 2152 in
1677 2111 1783 2166 qua

181 2209 359 2248 canon
405 2193 677 2248 Romanus
705 2193 989 2262 subjicitur
1026 2191 1412 2256 contestationi,
1445 2205 1607 2244 causa
1640 2188 1785 2243 festi-

181 2287 387 2348 vitatis,
418 2285 524 2340 hoc
550 2285 710 2339 modo
741 2285 1094 2354 interpolatus
1123 2303 1134 2336 :
1167 2282 1238 2335 Te
1265 2285 1442 2352 igitur,
1475 2291 1580 2336 etc.
1635 2280 1789 2335 Com-

183 2378 544 2444 municantes,
588 2385 638 2430 et
681 2377 812 2429 diem
864 2377 1265 2430 sacratissimum
1304 2376 1641 2441 celebrantes,
1687 2392 1786 2446 quo

195 2469 425 2520 traditus
473 2477 547 2520 est
603 2467 847 2521 Dominus
890 2477 1054 2522 noster
1090 2468 1245 2521 Jesus
1291 2467 1544 2532 Christus,
1599 2467 1692 2521 sed
1737 2475 1787 2521 et

185 2561 502 2612 memoriam
553 2570 868 2624 venerantes,
911 2570 1010 2614 etc.
1051 2560 1205 2613 Hanc
1247 2563 1404 2630 igitur
1450 2560 1783 2623 oblationem,

180 2670 340 2724 quam
383 2653 480 2706 tibi
514 2653 779 2721 offerimus
811 2653 874 2706 ob
911 2654 1046 2708 diem
1067 2654 1258 2724 jejunii
1293 2653 1461 2707 Caeno:
1489 2653 1782 2719 dominica},

178 2750 230 2801 in
261 2765 368 2818 qua
401 2745 661 2799 Dominus
704 2757 874 2800 noster
906 2747 1059 2800 Jesus
1100 2746 1333 2800 Christus
1375 2746 1542 2800 Filius
1583 2755 1700 2800 tuus
1730 2747 1784 2800 in

181 2837 324 2895 Novo
344 2839 677 2892 Testamento
688 2839 1022 2908 sacriﬁcandi
1038 2839 1192 2892 ritum
1209 2840 1454 2905 instituit,
1469 2839 1588 2892 dum
1600 2855 1787 2908 panem

181 2950 236 2984 ac
263 2933 445 2985 vinum
495 2933 630 3002 (quis
657 2929 1035 2984 Melchisedech
1072 2932 1125 2984 in
1157 2931 1579 3000 prteﬁguratione
1624 2932 1785 3001 futuri

182 3026 410 3095 mysterii
441 3024 688 3077 sacerdos
716 3022 992 3093 obtulerat)
1018 3024 1070 3076 in
1094 3032 1420 3076 sacramento
1446 3023 1524 3075 sui
1553 3023 1784 3091 corporis

185 3128 226 3169 et
275 3118 559 3189 sanguinis
610 3117 1023 3186 transformavit,
1075 3131 1384 3186 quaesumus,
1443 3114 1696 3180 Domine,
1727 3121 1784 3166 ut

186 3210 416 3270 placatus
460 3210 713 3278 accipias,
749 3209 956 3279 diesque
989 3217 1261 3262 nostros...
1309 3209 1393 3278 qui
1424 3208 1592 3277 pridie
1628 3225 1781 3278 quam

187 3319 269 3369 pro
289 3304 526 3356 omnium
567 3305 736 3355 salute
787 3309 1070 3372 pateretur,
1103 3300 1354 3353 hodierno
1385 3299 1486 3363 die,
1535 3307 1680 3353 stans
1729 3301 1784 3354 in

185 3393 348 3446 medio
390 3392 771 3458 discipulorum
817 3405 1027 3444 suorum
1064 3391 1259 3457 accepit
1306 3406 1515 3459 panem,
1545 3397 1650 3444 etc.
1682 3387 1786 3444 Ex-

193 3481 330 3550 pleto
353 3496 593 3545 canone,
621 3480 884 3535 recitatur
912 3479 1090 3534 oratio
1133 3478 1430 3544 Dominica,
1453 3495 1615 3550 quam
1646 3481 1786 3535 exci-

193 3571 267 3640 pit
281 3573 567 3626 benedictio
588 3568 775 3642 [Lxxx]
790 3571 857 3623 ad
873 3570 1138 3640 populum,
1154 3579 1265 3624 tum
1277 3573 1608 3638 communio,
1621 3587 1783 3642 quam

194 3680 289 3718 una
317 3674 372 3720 et
393 3666 566 3719 altera
597 3665 772 3719 oratio
802 3673 1229 3734 consequuntur.
1266 3667 1441 3732 Atque
1465 3665 1608 3722 hunc
1639 3666 1785 3721 ordi-

194 3773 308 3810 nent
322 3773 450 3827 pars
464 3758 698 3811 maxima
713 3757 994 3810 missarum
1009 3757 1168 3825 hujus
1183 3756 1412 3812 Missalis
1424 3758 1779 3812 retinuerunt.

258 3850 390 3903 289.
428 3850 567 3904 Sunt
595 3851 684 3920 qui
709 3850 1052 3920 suspicantur
1089 3849 1304 3904 Missale
1333 3849 1438 3904 hoc
1482 3849 1551 3903 ad
1594 3849 1784 3906 Eccle-

189 3941 331 3994 siam
364 3941 882 3996 Antissiodorensem
923 3949 1217 4010 spectasse,
1249 3942 1374 4009 quia
1405 3940 1565 3996 missa
1614 3941 1786 3996 sancti

193 4031 448 4088 Germani
482 4035 532 4088 in
559 4034 667 4104 ejus
694 4037 846 4090 initio
880 4036 1059 4093 statim
1086 4036 1341 4092 occurrit.
1372 4035 1479 4091 Sed
1509 4052 1632 4091 cum
1658 4050 1795 4104 pars

193 4129 420 4182 maxima
453 4126 669 4183 Codicis
715 4118 976 4198 temp'oris
1024 4127 1216 4196 injuria
1248 4129 1490 4198 perierit,
1542 4127 1686 4196 quod
1717 4143 1784 4182 ex

196 4222 430 4291 pluribus
459 4233 772 4278 sanctorum
801 4223 979 4277 missis
1001 4237 1136 4290 quas
1169 4222 1351 4291 utique
1393 4222 1788 4291 complecteba-

199 4326 276 4372 tur
299 4318 454 4374 unica
478 4319 718 4387 supersit
741 4319 901 4371 missa
933 4317 1147 4387 propria
1170 4317 1339 4370 sancti
1371 4314 1646 4378 Germani,
1675 4329 1783 4368 non

195 4410 386 4464 evincit
437 4409 636 4463 librum
687 4408 755 4463 ad
794 4423 950 4462 usum
999 4405 1252 4462 Ecclesia:
1299 4405 1784 4460 Antissiodorensis

197 4495 347 4553 luisse
371 4499 761 4568 conscriptum.

258 4608 383 4661 290.
427 4608 504 4662 De
534 4616 780 4676 tempore
809 4614 988 4659 autem
1013 4619 1122 4674 quo
1146 4604 1280 4658 liber
1300 4604 1632 4673 compositus
1662 4602 1781 4667 fuit,

199 4699 440 4767 opinatur
467 4713 578 4752 em.
625 4695 967 4760 Thomasius,
1010 4711 1111 4752 nec
1140 4696 1391 4751 dissentit
1418 4695 1783 4760 lllabillonius,

200 4798 465 4842 auctorem
492 4789 613 4856 ejus
632 4787 827 4842 vixisse
851 4787 1157 4857 priusquam
1181 4784 1474 4840 Galliarum
1498 4785 1786 4856 provincia:

198 4895 223 4933 a
255 4880 495 4935 Romano
528 4880 752 4949 imperio
794 4879 992 4933 avulsze
1039 4881 1089 4932 in
1138 4879 1394 4932 ditionem
1426 4877 1785 4933 Barbarorum

198 4977 575 5042 transiverunt,
626 4975 772 5044 quia,
812 4973 1099 5042 inquiunt,
1152 4972 1294 5026 inter
1341 4971 1611 5026 solemnes
1657 4986 1784 5026 ora-

201 5069 364 5124 tiones
385 5085 505 5138 qua:
523 5068 653 5124 feria
674 5075 866 5137 quarta
886 5067 1106 5137 majoris
1127 5065 1475 5122 hebdomadm
1490 5065 1788 5120 recitantur

203 5176 292 5214 una
317 5172 402 5217 est
431 5177 531 5232 pro
573 5161 816 5216 Romano
858 5159 1103 5230 imperio.
1149 5159 1216 5211 At
1259 5159 1364 5213 hoc
1410 5165 1784 5227 argumentum

202 5257 318 5308 mihi
353 5256 572 5310 minime
602 5253 883 5309 satisfacit.
927 5252 1058 5306 Nam
1090 5250 1246 5320 plauc
1268 5259 1492 5319 apparet
1523 5249 1626 5304 hoc
1656 5248 1786 5304 Mis-

201 5347 300 5401 sale
321 5348 579 5418 scriptum
611 5362 730 5402 esse
759 5354 884 5416 post
913 5343 1085 5413 Magni
1115 5343 1358 5412 Gregorii
1387 5342 1782 5413 pontificatum.

203 5437 393 5495 Deinde
441 5441 718 5496 orationes
766 5439 868 5494 illa:
915 5439 1186 5493 solemnes
1230 5451 1350 5504 qua:
1397 5436 1526 5490 feria
1568 5445 1784 5505 quarta,

204 5530 249 5583 in
279 5533 378 5588 hoc
411 5532 608 5588 Missali
639 5533 927 5599 habentur,
958 5530 1014 5586 in
1062 5530 1312 5585 omnibus
1341 5529 1787 5586 Sacramentariis

267 5693 339 5761 (al
370 5693 568 5750 Rerum
601 5693 786 5760 liturg.
832 5693 923 5747 lib.
950 5709 986 5755 ι,
1013 5706 1130 5761 cap.
1161 5689 1213 5756 2,
1246 5696 1381 5744 sect.
1410 5689 1462 5761 ti.

270 5759 342 5834 tib)
375 5764 448 5820 De
471 5766 680 5832 Liturg.
711 5759 928 5826 Gallic.,
965 5764 1052 5817 lib.
1081 5759 1158 5834 in,
1185 5775 1307 5831 pag.
1337 5759 1458 5834 lZS.

270 5829 337 5905 te)
369 5835 424 5890 In
453 5829 769 5909 praefatione
818 5834 1052 5890 Editioni
1081 5829 1338 5890 Romanae
1364 5829 1655 5889 Codicibus
1681 5829 1784 5889 Sa-

1815 4552 1866 4612 D

1961 1916 2084 1972 291.
2153 1917 2661 1973 Praestantissimum
2734 1916 2948 1970 Missale
2995 1915 3255 1970 Gallicani
3314 1913 3482 1979 ritus,

1889 2009 2147 2064 hactenus
2163 2010 2386 2074 editum,
2411 2009 2539 2064 illud
2569 2009 2896 2065 censendum
2917 2017 3016 2072 est,
3040 2007 3186 2077 quod
3208 2021 3316 2061 em.
3340 2004 3483 2060 Tho-

1890 2102 2088 2156 masius
2141 2100 2358 2156 Missale
2412 2100 2686 2156 Gothicum
2743 2101 3043 2170 inscripsit,
3105 2115 3209 2155 non
3261 2098 3363 2152 alia
3418 2096 3484 2151 de

1889 2209 2082 2258 causa,
2134 2209 2295 2263 quam
2350 2193 2475 2261 quia
2523 2192 2811 2247 recentiori
2865 2206 3028 2244 manu
3084 2189 3230 2244 hunc
3271 2186 3484 2241 titulum

1887 2283 2073 2340 Codici
2096 2291 2309 2339 vetusto
2341 2284 2661 2352 inscriptum
2691 2284 2992 2337 invenerat.
3025 2279 3209 2348 Neque
3237 2277 3483 2333 Mabillo—

1889 2379 2006 2431 nius
2051 2376 2194 2430 hunc
2238 2377 2450 2430 titulum
2489 2376 2540 2429 in
2573 2375 2821 2430 Editione
2851 2374 3137 2428 Parisiensi
3168 2371 3482 2427 mutandum

1889 2469 2115 2541 pu'tavit.
2174 2468 2347 2522 Ambo
2378 2477 2556 2522 tamen
2581 2468 2818 2521 latentur
2844 2465 3014 2537 (quod
3043 2471 3200 2517 antea
3235 2478 3341 2518 em.
3373 2461 3481 2515 Bo-

1889 2578 1957 2616 na
1991 2562 2066 2632 (a)
2097 2561 2404 2629 monuerat)
2427 2560 2618 2615 librum
2650 2561 2794 2615 hunc
2822 2558 2890 2612 ad
2919 2557 3210 2613 Ecclesiam
3246 2555 3481 2623 aliquam

1890 2653 2220 2710 Gallicanam
2255 2655 2382 2710 olim
2413 2655 2755 2725 pertinuisse.

1958 2746 2082 2802 292.
2125 2746 2193 2801 Et
2242 2746 2583 2802 Mabillonius
2624 2745 2845 2816 quidem
2891 2745 2995 2800 hoc
3024 2742 3237 2799 Missale
3264 2741 3330 2796 ἰη
3381 2755 3483 2818 usu

1892 2843 2053 2898 fuisse
2091 2841 2300 2912 putavit
2328 2841 2468 2911 apud
2510 2840 2687 2895 Gallos
2724 2838 3009 2894 Gothorum
3038 2838 3253 2908 imperio
3282 2835 3482 2906 subjec-

1893 2945 1968 2988 tos
1987 2933 2083 3005 (b).
2109 2934 2190 2988 Ab
2217 2934 2406 2989 eadem
2437 2933 2690 3003 opinione
2711 2933 2920 2986 alienus
2944 2947 3049 2985 non
3077 2937 3196 2983 erat
3218 2944 3324 2982 em.
3350 2926 3483 2981 Thoa

1891 3028 2094 3081 masius
2124 3027 2219 3095 (ε),
2253 3040 2481 3096 eamque
2511 3023 2573 3078 P.
2607 3023 2682 3077 Le
2711 3023 2858 3076 Brun
2884 3021 3168 3090 amplexus
3198 3027 3282 3073 est
3311 3017 3412 3090 (ά).

1976 3120 2103 3176 295.
2161 3119 2382 3184 Merito,
2447 3118 2660 3187 inquit,
2739 3113 3294 3170 Gallio-Gallicanum
3355 3109 3484 3164 Mis-

1890 3210 2002 3265 sale
2044 3211 2147 3264 hoc
2194 3225 2224 3263 a
2270 3208 2578 3264 Mabillonio
2622 3217 2988 3277 nuncupatum
3043 3213 3143 3271 est,
3201 3204 3322 3274 quia
3371 3203 3483 3256 usi-

1889 3313 2050 3357 tatum
2082 3305 2181 3374 fuit
2225 3305 2279 3357 in
2319 3301 2495 3356 Gallia
2539 3300 2910 3366 Narbonensi,
2968 3313 3090 3370 quae
3145 3297 3336 3352 Gothis
3386 3312 3484 3366 pa-

1889 3396 2068 3463 rebat;
2115 3412 2218 3466 ego
2267 3395 2482 3451 Missale
2541 3397 2642 3451 hoc
2695 3394 3176 3450 Gallo-Gothicum
3231 3390 3480 3461 appello,

1887 3491 1986 3546 etsi
2018 3490 2146 3544 mihi
2178 3505 2494 3560 persuasum
2524 3490 2595 3543 sit
2625 3489 2754 3543 illud
2783 3504 2890 3543 non
2924 3488 2977 3542 iu
3014 3484 3185 3540 Gallia
3227 3481 3480 3547 Gothica,

1888 3583 2214 3657 [Lxxxt]sed
2253 3583 2305 3638 in
2345 3583 2518 3638 Gallia
2562 3581 2891 3638 Francorum
2952 3579 3177 3649 imperio
3224 3575 3434 3632 subdita
3463 3613 3480 3636 ,

1889 3679 2144 3733 usitatum
2194 3678 2374 3732 fuisse.
2444 3674 2745 3731 Occurrunt
2814 3674 2955 3728 enim
3007 3672 3060 3725 in
3114 3671 3216 3724 hoc
3284 3667 3484 3721 Missali

1889 3769 2302 3826 consuetudines
2348 3767 2594 3838 quwdam
2645 3765 3020 3822 ecclesiastica:
3063 3777 3196 3831 quas
3244 3757 3483 3812 Ecclesia

1889 3861 2327 3931 Gotho-Hispana
2377 3876 2483 3914 non
2558 3858 2895 3912 admittebat.
2964 3854 3101 3908 Puta
3154 3850 3482 3917 Rogationes

1889 3957 2067 4011 triduo
2109 3963 2234 4008 ante
2290 3951 2674 4008 Ascensionem
2728 3947 3057 4012 celebratas,
3112 3951 3165 3998 et
3216 3939 3478 4010 jejunium

1891 4045 2384 4121 quadragesimale,
2444 4041 2664 4109 integris
2708 4038 3059 4110 quadraginta
3107 4033 3298 4088 diebus
3353 4045 3481 4086 esu-

1890 4141 2108 4195 rialibus
2136 4146 2407 4194 constans.
2439 4134 2633 4190 Notum
2669 4140 2850 4187 autem
2879 4137 2962 4184 est
2998 4126 3265 4183 Ecclesias
3295 4122 3481 4178 Galliae

1889 4231 2133 4287 Gothicae
2186 4229 2404 4284 eosdem
2464 4227 2599 4281 ritus
2682 4223 3006 4290 easdemque
3058 4215 3479 4275 consuetudines

1889 4321 2282 4380 ecclesiasticas
2334 4319 2586 4374 habuisse
2631 4325 2792 4385 atque
2834 4311 3335 4382 Gotho-Hispanas.

1956 4417 2081 4471 294.
2118 4417 2193 4470 De
2220 4414 2609 4484 Rogationibus
2635 4411 2853 4466 minime
2883 4406 3283 4476 ambigendum,
3313 4417 3484 4473 quau—

1889 4509 2178 4579 doquidem
2199 4516 2324 4562 ante
2347 4507 2562 4561 missam
2591 4503 2920 4560 ascensionis
2942 4501 2994 4555 in
3012 4496 3480 4561 MissaliGotbico,

1892 4618 1987 4657 seu
2008 4600 2430 4655 Gallo-Gothico
2459 4640 2474 4664 ,
2505 4597 2850 4651 inveniuntur
2897 4601 3006 4647 tres
3036 4591 3213 4645 missa:
3257 4587 3482 4644 totidem

1890 4695 2080 4750 diebus
2139 4693 2498 4763 Rogationum
2549 4685 2921 4743 celebrandae.
2975 4683 3052 4738 De
3094 4680 3300 4751 jejunio
3348 4692 3480 4732 vero

1890 4787 2334 4858 quadragesimali
2361 4829 2377 4853 ,
2407 4784 2550 4856 quod
2577 4784 2644 4838 ab
2674 4783 2736 4836 iis
2765 4782 2854 4852 qui
2882 4781 2987 4836 hoc
3015 4778 3216 4834 Missali
3245 4774 3478 4830 uteban-

1892 4891 1978 4935 tur
2021 4880 2209 4934 diebus
2232 4879 2453 4948 integris
2495 4875 2851 4948 quadraginta
2899 4871 3214 4928 esurialibus
3239 4865 3480 4922 celebra-

1892 4985 2004 5032 tum
2035 4973 2194 5029 fuerit
2217 5016 2234 5042 ,
2265 4973 2406 5028 haud
2438 4971 2667 5026 obscure
2696 4968 2896 5023 indicat
2944 4965 3119 5022 oratio
3149 4969 3262 5032 post
3309 4956 3482 5012 Sanc-

1892 5080 1972 5126 tus
1995 5069 2135 5126 illius
2162 5069 2340 5124 missae
2367 5081 2487 5137 quae
2512 5065 2664 5120 initio
2694 5060 3124 5130 Quadragesimai
3153 5053 3476 5121 assignatur.

1891 5163 2061 5226 Nam,
2111 5175 2233 5216 cum
2283 5160 2355 5214 ibi
2403 5158 2606 5213 dictum
2656 5158 2727 5211 sit
2770 5153 3039 5209 Christum
3091 5147 3376 5200 Dominum
3428 5145 3482 5201 in

1891 5254 2076 5324 Moyse
2119 5263 2173 5308 ct
2221 5249 2334 5304 Elia
2362 5289 2376 5314 ,
2411 5265 2507 5320 per
2547 5249 2895 5319 quadraginta
2925 5243 3041 5296 dies
3066 5238 3435 5310 jejunantibus
3456 5276 3472 5302 ,

1891 5344 2365 5414 Quadragesimam
2397 5342 2670 5397 dedicasse
2695 5379 2708 5403 ,
2760 5334 3006 5390 subditur
3039 5351 3051 5387 :
3082 5332 3280 5387 Deimle
3320 5330 3471 5384 etiam

1889 5441 1946 5494 in
1969 5456 2062 5494 suo
2091 5439 2201 5508 ipse
2216 5437 2420 5509 jejunio
2448 5434 2677 5488 eamdem
2709 5444 2921 5483 numero
2960 5427 3158 5482 dierum
3183 5424 3373 5497 jejum'i
3396 5438 3479 5475 so-

1890 5535 2208 5589 lemnitatem
2237 5529 2549 5602 signiﬁcavit
2570 5567 2585 5593 ,
2613 5532 2669 5577 ut
2691 5520 2827 5593 quod
2852 5522 2961 5593 ipse
2987 5519 3241 5577 Dominus
3271 5519 3325 5571 in
3353 5533 3474 5570 nos-

1889 5701 2292 5752 cramentorum
2321 5686 2613 5759 prmmissa.

1962 5746 2235 5839 ξάγΕὶριζ
2264 5746 2436 5824 miss.,
2467 5765 2603 5814 tom.
2627 5755 2695 5829 ll,
2721 5754 2854 5814 diss.
2882 5771 2959 5828 tv,
2987 5761 3089 5810 art.
3111 5751 3169 5820 2,
3199 5763 3322 5824 pag.
3348 5746 3458 5804 255
