4040 6356
537 344 596 402 ω
1990 332 2379 394 ΡΒΙΕΡΑΤΙΟ.
3753 337 3827 406 92

537 457 856 528 tricorporis
893 455 1199 526 inﬁrmitate
1242 468 1335 524 pro
1361 451 1506 507 nobis
1547 451 1744 521 jugiter
1793 449 1848 504 in
1892 449 2126 523 wadra-
2157 455 2206 513 Α
2233 454 2568 522 contulerit,
2598 453 2725 523 quia
2771 453 3261 513 Sacramentarium
3311 458 3436 514 illud
3482 457 3824 521 Gotho-His-

535 563 681 627 ginta
712 551 891 605 diebus
933 549 1189 618 explevit,
1236 546 1290 599 id
1316 561 1362 597 n-
1385 561 1410 598 ε
1433 545 1510 597 vel
1555 544 1850 596 minutatim
1875 582 1889 608 ,
1943 555 2122 597 sonent

538 657 752 701 ueneno
782 655 980 696 DIERUI
1007 677 1022 705 ,
1044 637 1240 692 calculo
1261 635 1534 689 distributa
1558 633 1885 690 observantia
1907 651 2129 706 ,ve.sper-

540 740 661 794 linis
689 733 1048 809 refectionibus
1085 731 1379 787 undecimus
1407 729 1624 783 imitari.
1677 728 1880 796 Quibus
1905 735 2131 798 apparet

542 833 642 889 hos
692 829 936 886 solemne
979 823 1442 898 quadragesimaie
1467 821 1731 892 jejunium
1759 859 1775 887 ,
1804 836 1913 877 non
1941 821 2130 877 diebus

544 941 639 984 sex
671 936 724 982 et
753 926 986 993 triginta,
1019 919 1115 976 sed
1145 919 1371 988 integris
1400 917 1589 972 diebus
1617 916 1972 986 quadraginta
2002 929 2129 970 esu-

543 1020 784 1084 rialibus,
835 1015 1026 1086 quibus
1053 1021 1278 1083 vespere
1305 1010 1709 1073 reﬁciebantur,
1759 1007 2126 1064 constituisse.

539 1113 713 1184 Atque
757 1109 892 1164 adeo
931 1122 1037 1162 non
1081 1104 1544 1177 quadragesimam
1572 1143 1586 1167 ,
1618 1101 1710 1157 sed
1749 1100 2130 1172 quinquagesi-

538 1219 681 1260 mam
708 1211 784 1268 ,et
813 1202 1040 1257 iortaSse
1068 1198 1493 1268 sexagesimam,
1544 1205 1639 1251 aut
1683 1195 2130 1265 septuagesimam

539 1297 873 1353 observasse.
906 1291 1025 1349 Non
1073 1291 1214 1347 enim
1261 1291 1462 1362 jugiter
1513 1286 1864 1359 quadraginta
1920 1285 2132 1341 dierum

534 1389 800 1460 jejunium
827 1387 1194 1443 observabant
1223 1425 1238 1452 ,
1267 1385 1363 1439 sed
1403 1383 1701 1437 minutatim
1725 1411 1742 1449 ,-
1801 1381 1906 1435 hoc
1934 1386 2018 1435 est
2047 1380 2130 1434 in-

541 1479 822 1550 terpolatis
851 1473 1168 1549 quibusdam
1209 1476 1398 1532 diebus
1447 1489 1552 1530 non
1603 1472 1942 1529 esurialibus.
1996 1470 2134 1526 Sunt

537 1581 594 1629 et
623 1574 726 1628 alia
757 1574 906 1641 plura
937 1584 1057 1642 quae
1086 1569 1265 1626 ail'erri
1295 1577 1519 1640 possunt
1543 1609 1558 1634 ,
1583 1568 1676 1624 sed
1705 1569 1819 1624 huc
1845 1568 1950 1624 duo
1980 1567 2130 1622 suill-

539 1663 690 1720 eiunt
719 1665 787 1720 ad
818 1664 1156 1735 probandum
1204 1661 1419 1718 Missale
1466 1661 1572 1717 hoc
1600 1661 1656 1716 in
1701 1658 1876 1718 Gallia
1903 1658 2133 1716 Gothica

540 1759 800 1814 usitatum
835 1773 941 1812 non
971 1758 1153 1812 fuisse.

2227 555 2455 616 panum,
2500 563 2531 603 e
2557 563 2665 617 quo
2696 547 2908 603 Missale
2939 561 3176 605 nostrum
3226 551 3618 608 Morarahicunt
3672 573 3824 612 com-

2230 643 2462 713 positum
2518 644 2634 710 fuit,
2679 643 2816 697 Galli
2858 644 3027 714 probe
3071 647 3340 716 cognitum
3373 647 3698 716 habuerint,
3732 667 3827 706 eo-

2171 805 2176 808 _
2229 749 2333 805 que
2386 735 2674 807 plurimum
2729 735 2809 791 usi
2860 737 2969 791 sint
2997 739 3386 806 compositores
3416 739 3670 796 librorum
3701 741 3828 799 Mis-

2229 828 2420 882 salium
2451 826 2852 885 Gallicanorum
2880 873 2892 896 ,
2923 829 3014 899 qui
3044 831 3302 886 hactenus
3350 833 3403 887 in
3465 832 3640 888 lucem
3693 851 3826 905 pro-

2229 919 2460 974 dierunt.
2494 919 2576 975 An
2602 931 2732 976 vero
2776 920 3267 977 Sacramentariunt
3320 921 3447 978 illud
3498 923 3820 980 Toletanum

2230 1012 2370 1067 idem
2420 1011 2581 1068 fuerit
2636 1022 2802 1084 atque
2850 1015 2984 1070 liber
3031 1013 3259 1070 Missalis
3285 1016 3456 1071 sancti
3486 1015 3726 1086 Juliani,
3759 1034 3828 1072 an

2230 1103 2368 1158 alter
2397 1104 2671 1172 antiquior
2699 1111 2858 1175 quem
2892 1107 3005 1175 ipse
3035 1107 3342 1161 emendavit
3372 1150 3386 1174 ,
3436 1106 3569 1162 nihil
3621 1117 3828 1164 statuo.

2301 1195 2426 1251 998.
2460 1195 2622 1252 Liber
2685 1195 3058 1253 Lectionarius
3113 1198 3316 1253 ordinis
3354 1196 3615 1254 Gallicani
3669 1215 3833 1270 quem

2232 1288 2573 1345 Mabillonius
2612 1289 2666 1346 in
2720 1291 3050 1348 monasterio
3097 1290 3423 1348 Luxoviensi
3470 1301 3743 1362 repertum
3778 1293 3831 1347 in

2232 1386 2370 1441 libro
2416 1385 2653 1441 secundo
2705 1385 2771 1441 de
2821 1382 3057 1453 Liturgia
3109 1381 3388 1438 Gallicana
3412 1426 3427 1450 ,
3461 1399 3490 1437 a
3522 1391 3643 1454 pag.
3677 1383 3786 1438 106
3814 1426 3829 1452 ,

2233 1477 2436 1545 edidit,
2469 1479 2522 1534 in
2554 1477 2708 1534 initio
2738 1483 2793 1534 et
2820 1479 2872 1534 in
2896 1479 3002 1534 line
3023 1517 3038 1545 ,
3080 1477 3454 1534 deﬁcientibus
3478 1479 3833 1546 membranis,

2233 1572 2451 1627 mutilus
2479 1578 2560 1627 est
2591 1570 2663 1645 (c)
2693 1613 2705 1627 .
2734 1570 2982 1642 Legenda
3015 1585 3230 1640 quoque
3275 1570 3342 1624 ab
3391 1568 3544 1624 initio
3596 1568 3834 1635 Quadra-

2233 1666 2452 1737 gesima:
2479 1665 2648 1736 usque
2679 1665 2744 1720 ad
2777 1663 3111 1720 Duniinicam
3147 1662 3452 1718 Palmat-um
3474 1669 3528 1717 et
3549 1662 3652 1716 alia
3695 1677 3834 1718 non-

2235 1758 2379 1812 nulla
2410 1756 2685 1812 delicium.
2710 1755 3000 1827 chmenta
3031 1756 3418 1826 scripturarum
3465 1769 3586 1825 qute
3633 1754 3687 1809 in
3734 1753 3837 1810 hoc

621 1847 744 1902 295.
777 1848 992 1903 Missale
1021 1848 1295 1902 Gothicam
1313 1887 1327 1914 ,
1359 1848 1473 1902 sive
1501 1843 1961 1903 Gallo-Gothicam
1991 1845 2138 1902 ordi-
2170 1826 2217 1892 θ
2245 1850 2380 1906 libro
2403 1849 2626 1920 legenda
2656 1856 3031 1922 preponuntur
3049 1848 3371 1919 quandoque
3392 1855 3513 1902 cum
3532 1842 3597 1900 iis
3624 1859 3835 1901 conve-

544 1954 669 1996 nem
720 1939 1055 1996 Gallicanum
1084 1941 1137 1996 in
1186 1941 1364 1996 missis
1413 1941 1733 2012 plerumque
1780 1941 2042 2006 retinuit,
2073 1941 2140 1998 de

541 2046 650 2101 quo
679 2031 928 2102 superius
957 2033 1086 2088 satis
1124 2031 1324 2088 dictum
1353 2042 1455 2088 est.
1489 2031 1569 2088 Ne
1602 2033 1777 2088 dicam
1826 2047 2014 2089 omnes
2041 2034 2140 2089 hu-

535 2123 626 2193 jus
673 2124 792 2180 libri
839 2126 1029 2180 missas
1077 2123 1303 2180 formam
1351 2124 1682 2182 Gallicanam
1707 2127 1982 2191 retinere,
2015 2141 2140 2196 pro-

542 2217 696 2272 hibet
724 2219 934 2274 rubriea
965 2219 1051 2273 die
1079 2220 1235 2274 tertia
1265 2219 1622 2288 Rogationum
1664 2227 1789 2291 post
1829 2221 2139 2275 immolatio-

539 2323 657 2363 nem
687 2307 923 2378 adjecta:
947 2309 1076 2365 Post
1101 2310 1345 2375 Sanctus,
1365 2327 1458 2382 per
1480 2319 1612 2365 tota:
1631 2319 1736 2366 tres
1757 2313 1942 2366 missas
1966 2312 2094 2365 dicis
2120 2327 2137 2362 .-

544 2400 701 2454 Ilanc
728 2403 886 2473 igitur
911 2402 1223 2458 oblationem
1249 2403 1465 2473 familiae
1490 2413 1591 2458 tua;l
1630 2403 1722 2458 tibi
1743 2405 1966 2457 astantis
1987 2444 2001 2468 ,
2028 2411 2136 2458 etc.

544 2491 612 2549 Et
654 2494 995 2564 subiungitur
1045 2503 1219 2553 canon
1262 2496 1539 2553 Romanus
1570 2513 1730 2553 causa
1781 2497 2138 2554 solemnitatis

541 2584 905 2656 Rogatio‘num
930 2589 1287 2660 interpolatus
1316 2630 1330 2655 ,
1366 2591 1455 2658 qui
1484 2591 1675 2644 Saltem
1710 2590 1778 2644 ab
1808 2591 1889 2644 his
1922 2590 2096 2645 verbis
2120 2632 2134 2656 ,

541 2677 701 2732 lianc
722 2680 922 2751 igitur,
953 2689 1058 2735 etc.
1095 2723 1111 2746 ,
1141 2681 1505 2748 recitabatur;
1555 2681 1696 2737 unde
1739 2691 1964 2751 apparet
2013 2683 2139 2737 inis-

539 2781 630 2834 εδδ
653 2769 1013 2840 Rogationum
1037 2770 1337 2828 Gallicanas
1367 2787 1473 2827 non
1503 2772 1684 2839 fuisse,
1705 2772 1797 2827 sed
1818 2773 2134 2842 Remenses,

539 2876 571 2919 e
601 2862 813 2932 liturgia
864 2863 1139 2920 Gallicana
1167 2875 1220 2919 et
1250 2864 1493 2920 Romana
1521 2865 1876 2935 compositas.

611 2951 733 3008 296.
761 2953 840 3008 An
863 2964 1059 3024 praeter
1083 2957 1271 3011 missas
1299 2955 1673 3024 Rogationum,
1700 2957 1816 3010 alia:
1835 2956 1942 3012 sint
1964 2955 2140 3012 missae

542 3046 700 3116 hujus
728 3046 848 3102 libri
869 3047 936 3102 ad
961 3048 1204 3104 ordinem
1249 3047 1572 3103 Romensem
1631 3050 1962 3120 pertinentes
1991 3093 2003 3114 ,
2037 3063 2139 3104 nec

544 3151 788 3197 asserere
839 3155 937 3212 pro
994 3151 1183 3206 certo,
1241 3157 1416 3213 neque
1468 3151 1665 3211 negare
1713 3144 1856 3199 volo.
1906 3143 2133 3198 Dubium

2241 1941 2524 2010 niuntquze
2546 1941 2599 1996 in
2622 1939 2822 1997 Missali
2839 1937 3182 2018 Mozarabum
3199 1937 3467 2007 leguntur,
3487 1935 3834 2007 quemadmo-

2239 2035 2365 2090 dum
2398 2037 2449 2090 in
2482 2035 2623 2091 nonis
2646 2036 2828 2091 monui
2856 2076 2870 2101 ,
2904 2043 2961 2089 at
2989 2033 3300 2104 frequenter
3326 2035 3393 2089 ab
3442 2031 3506 2088 lis
3535 2031 3832 2088 secedunt.

2313 2124 2438 2180 299.
2490 2125 2626 2180 illud
2681 2135 2865 2180 autem
2911 2119 3182 2195 singulare
3226 2125 3386 2181 habet
3436 2123 3838 2181 Lectionarium

2241 2217 2345 2271 hoc
2375 2211 2714 2272 Luxoviense
2739 2257 2754 2283 ,
2787 2216 2931 2285 quod
2979 2217 3141 2270 etiam
3172 2217 3225 2270 in
3270 2215 3707 2271 Sacramentario
3734 2213 3839 2270 Bo-

2239 2308 2412 2363 biensi
2444 2307 2740 2364 observare
2769 2308 2912 2372 licet,
2936 2309 3220 2364 missarum
3261 2309 3499 2377 legendis
3529 2308 3840 2377 frequenter

2240 2400 2467 2471 primam
2499 2400 2825 2468 lectionem,
2858 2415 3016 2470 quam
3065 2402 3368 2471 prophetam
3412 2408 3467 2456 et
3511 2402 3838 2472 prophetiam

2240 2495 2621 2563 appellabant,
2674 2495 2896 2550 omnino
2947 2492 3196 2550 deiicere.
3252 2494 3402 2550 Adeo
3432 2506 3489 2550 ut
3543 2495 3835 2549 missarum

2239 2594 2550 2642 sanctorum
2608 2600 2731 2655 pars
2785 2586 2954 2640 ferme
3026 2586 3199 2641 media
3263 2586 3396 2642 duas
3463 2584 3839 2640 tantummodo

2241 2677 2640 2747 Scripturarum
2671 2677 2932 2731 lectiones
2959 2677 3177 2741 habeat,
3204 2686 3491 2748 utramque
3515 2693 3546 2733 e
3570 2691 3714 2731 novo
3735 2675 3839 2732 fu:-

2241 2769 2392 2836 dere,
2415 2777 2469 2823 et
2488 2769 2663 2824 missis
2686 2768 3093 2823 dominicalibus
3115 2771 3386 2840 pleneque
3410 2769 3579 2840 prima
3601 2767 3837 2822 lectione

2241 2877 2273 2919 e
2302 2863 2483 2918 Veteri
2524 2865 2772 2933 (Lxxxm)
2816 2862 3162 2917 Testamento
3208 2864 3505 2933 privenlor.
3555 2857 3836 2930 Ejusmodi

2241 2964 2366 3011 sunt
2393 2957 2566 3010 missae
2591 2956 2828 3024 quinque
2871 2955 3223 3011 dominicales
3266 2964 3387 3026 post
3424 2954 3656 3009 cimisum
3701 2953 3837 3006 Pas-

2245 3048 2374 3116 chw,
2410 3047 2572 3103 missa
2602 3047 2885 3101 dominica:
2911 3057 3033 3117 post
3057 3047 3441 3103 Ascensionem
3498 3046 3748 3112 Domini,
3782 3051 3836 3100 et

2244 3141 2398 3197 unica
2426 3141 2515 3195 illa
2546 3142 2708 3195 missa
2739 3140 3075 3195 dominicalis
3105 3183 3118 3206 ,
3152 3157 3270 3211 qua:
3302 3149 3424 3213 post
3472 3139 3832 3196 Pentecosten

544 3241 765 3288 movent
792 3234 967 3288 misso
1024 3233 1204 3303 plures
1233 3263 1248 3300 ,-
1307 3235 1358 3289 in
1415 3237 1838 3289 contestationem
1883 3235 2133 3291 desinen-
2163 3213 2210 3278 Ο
2240 3236 2561 3304 assignatur.
2593 3232 2672 3288 Ex
2704 3233 2822 3289 aliis
2849 3248 2978 3288 vero
3002 3235 3176 3289 missis
3203 3250 3266 3290 ea
3297 3243 3415 3305 qua:
3446 3236 3498 3289 in
3520 3235 3835 3306 profer-tione

543 3334 644 3393 tes,
687 3335 742 3381 et
767 3328 1045 3397 esemplar
1075 3330 1248 3383 missa!
1295 3329 1593 3384 cottidianrc
1627 3328 1915 3394 Romensis,
1948 3329 1999 3384 in
2031 3330 2136 3385 line

547 3417 765 3477 Codicis
793 3422 1116 3492 appositum.
1165 3420 1276 3476 Cur
1319 3423 1460 3476 enim
1488 3423 1615 3477 illud
1646 3433 2000 3494 apponerent,
2032 3425 2135 3480 nisi

543 3519 605 3568 ut
641 3512 763 3568 inde
805 3513 1156 3570 desumerent
1184 3529 1446 3571 canonem
1489 3516 1812 3583 Romanum,
1858 3519 1913 3574 et
1941 3519 2138 3574 oratio-

541 3619 639 3662 nes
668 3606 873 3678 aliquot
899 3621 1018 3677 qure
1041 3607 1219 3664 missis
1244 3605 1565 3677 quibusdam
1593 3609 1933 3665 deﬁciebant.

613 3698 736 3753 ⁵597.
770 3699 1268 3756 Sacramentarium
1296 3700 1594 3758 Babianunt
1627 3713 1680 3758 ct
1720 3704 1933 3760 Missaie
1961 3705 2136 3762 Galli-

541 3801 735 3844 canum
797 3789 1023 3862 (cum
1049 3793 1068 3864 )
1099 3800 1255 3851 Vetus
1278 3795 1419 3851 haud
1452 3803 1620 3867 padca
1649 3796 1936 3852 desumunt
1963 3797 2137 3853 eMis-

539 3876 639 3933 salt
685 3870 1096 3937 Gallo-Gothico
1124 3924 1138 3950 ,
1189 3882 1334 3952 quod
1386 3893 1672 3955 propterea
1724 3885 1872 3941 hisce
1925 3886 2135 3942 duobus

539 3967 807 4036 antiquius
832 3968 1020 4027 haberi
1043 3971 1221 4028 debet.
1253 3971 1316 4027 Et
1341 3974 1575 4030 vicissim
1608 3975 1823 4030 missaic
1848 3974 2136 4032 Gallo-Go-

542 4059 744 4114 thicam
774 4061 928 4131 plura
967 4063 1186 4119 habete
1215 4064 1415 4122 Missali
1445 4065 1899 4136 Gotlio-ilispano
1926 4068 2137 4123 desum-

547 4158 641 4223 pta
693 4151 815 4226 (a).
877 4152 1016 4209 Sunt
1069 4155 1229 4210 etiam
1275 4157 1534 4211 nonnulla
1592 4157 1644 4212 in
1701 4156 2136 4214 Sacramentario

541 4243 794 4302 Bobiensi
831 4258 860 4302 a
890 4247 1090 4303 Missaii
1140 4248 1592 4320 Gotho-Hispano
1647 4251 1906 4307 translata
1933 4293 1948 4319 ,
2012 4267 2134 4323 quae

539 4335 594 4393 in
645 4335 1064 4395 Gallo-Gothico
1135 4347 1242 4396 non
1313 4341 1658 4397 inveniuntur
1705 4341 1827 4414 (ὁ).
1880 4343 2030 4400 Adeo
2078 4353 2137 4400 ut

545 4432 748 4488 nemini
790 4433 1016 4490 dubium
1049 4445 1170 4490 esse
1195 4433 1368 4504 possit
1393 4475 1408 4502 ,
1440 4435 1532 4503 qui
1553 4435 1653 4490 hos
1684 4435 1849 4491 libros
1877 4437 2134 4493 attentius

2238 3329 2438 3383 itineris
2472 3327 2781 3382 celebratur
2809 3369 2824 3394 ,
2858 3336 2910 3381 et
2939 3327 3043 3381 alia
3087 3343 3206 3397 quae
3236 3337 3315 3383 est
3369 3329 3432 3382 de
3480 3327 3743 3382 redeundo
3767 3324 3832 3379 ab

2236 3421 2420 3476 itinere
2451 3420 2619 3490 prima
2649 3418 2877 3474 lectione
2899 3429 3105 3485 carent,
3133 3433 3239 3490 qua
3269 3420 3428 3475 etiam
3471 3429 3654 3476 carent
3674 3419 3834 3474 missa

2239 3513 2291 3567 in
2314 3513 2703 3568 consecratione
2745 3509 3031 3583 presbyteri
3059 3553 3074 3580 ,
3103 3513 3263 3567 missa
3289 3511 3352 3567 de
3374 3528 3476 3568 uno
3498 3515 3796 3584 confessore
3819 3553 3835 3579 ,

2239 3613 2293 3664 et
2319 3607 2436 3662 alim
2466 3605 2759 3662 nonnullae.

2310 3698 2433 3755 500.
2477 3697 2647 3768 Hujus
2690 3711 2872 3758 autem
2917 3699 3156 3754 defectus
3191 3712 3370 3760 causa,
3401 3711 3521 3751 cum
3561 3693 3750 3750 Codex
3784 3695 3838 3750 in

2238 3797 2302 3853 iis
2325 3795 2459 3850 locis
2482 3794 2690 3866 integer
2714 3795 2802 3860 sit,
2831 3803 2924 3851 aut
2950 3791 3250 3850 revocanda
3272 3788 3480 3843 videtur
3503 3787 3568 3841 ad
3595 3789 3837 3842 varieta-

2238 3897 2346 3944 tem
2375 3885 2664 3957 qdamdam
2693 3887 3013 3958 liturgicam,
3039 3894 3130 3940 aut
3157 3884 3294 3938 forte
3322 3880 3373 3934 in
3401 3895 3467 3934 eo
3496 3877 3831 3950 reponenda,

2239 3979 2385 4052 quod
2429 3981 2690 4037 lectiones
2731 3981 3062 4053 prophetica:
3105 3993 3173 4034 ex
3216 3974 3556 4032 Lectionario
3585 3973 3830 4044 prpprio,

2237 4084 2293 4131 et
2331 4075 2397 4130 ab
2438 4076 2541 4131 hoc
2581 4076 2855 4142 distincto,
2899 4074 3004 4142 legi
3045 4073 3303 4128 solerent.
3349 4067 3455 4124 Sed
3499 4084 3585 4135 ne,
3621 4067 3720 4121 hac
3765 4067 3837 4123 de

2237 4173 2418 4232 causa,
2444 4176 2718 4235 putemus,
2741 4166 2914 4220 missis
2937 4164 3112 4218 allatis
3133 4162 3274 4216 nulla
3302 4167 3576 4228 segmenta
3601 4174 3631 4214 e
3647 4155 3835 4213 Veteri

2237 4258 2464 4314 Fmdcre
2493 4259 2720 4328 legenda
2750 4257 2990 4323 attribui,
3040 4255 3290 4326 prohibet
3331 4253 3505 4323 ipsum
3553 4247 3838 4307 Lectiona-

2237 4352 2394 4419 rium,
2430 4352 2480 4406 in
2525 4367 2631 4422 quo
2674 4351 2988 4422 frequenter
3032 4349 3291 4405 lectiones
3331 4347 3658 4417 prophetiae
3699 4345 3838 4400 assi-

2236 4453 2487 4513 gnantur.
2532 4444 2707 4511 Quare
2736 4444 2875 4498 baud
2907 4440 3220 4499 incredibile
3248 4441 3485 4509 videtur,
3517 4439 3569 4494 in
3601 4439 3666 4496 iis
3697 4438 3840 4495 locis

611 4589 997 4666 (a)_,E,iusmodi
1025 4599 1149 4666 sunt
1191 4589 1423 4666 collectio
1457 4591 1722 4666 srqttilu‘r,
1780 4590 1867 4666 die
1913 4602 2132 4647 sancto-
2165 4588 2216 4649 D
2241 4611 2452 4666 pacem,
2505 4594 2822 4664 desumpta;
2867 4595 3043 4648 oratio
3073 4593 3349 4666 missardie
3369 4590 3793 4666 sanctiMartini
3818 4635 3834 4659 ,

541 4657 971 4733 rumiinfantum,
1005 4661 1267 4714 verbatiin
1295 4657 1592 4733 desumpta
1617 4657 1703 4733 ab:
1730 4662 1973 4715 oratione
2019 4673 2133 4733 post

541 4731 755 4788 nomina
782 4725 1012 4787 MiSSa‘lis
1068 4733 1270 4796 nostri;
1304 4731 1389 4784 die
1439 4725 1749 4798 Epiphanio
1798 4733 1972 4785 oratio
2019 4725 2136 4801 ῥέει

541 4807 844 4876 mysterium
874 4843 888 4871 ,
947 4802 1226 4876 desumpta
1287 4801 1365 4876 ab»
1407 4803 1658 4876 oratione
1704 4813 1820 4871 post
1868 4804 2129 4876 nomina,-

539 4872 864 4932 cdntestatio
895 4873 1070 4938 missio
1094 4913 1108 4935 ,
1155 4874 1302 4926 initio
1333 4872 1764 4939 Quadragesinne
1785 4915 1800 4940 ,
1849 4874 2132 4942 desumpta

540 4948 608 5001 ab
639 4943 1347 5013 illalioneGotlu)-ll.spana
1380 4943 1522 4997 ferire
1568 4951 1731 4997 sexta:
1780 4944 2131 4998 hebdomadis

541 5017 794 5072 secunda:
845 5009 1318 5082 Quadragesitnzc;
1396 5013 1692 5069 immolalio
1745 5017 1920 5069 missa:
1975 5015 2126 5070 ferite

541 5089 740 5158 quinte
772 5092 824 5141 in
853 5089 1020 5142 Cinna
1046 5087 1273 5158 Domini,
1307 5085 1585 5152 desumpta
1629 5084 1798 5158 ferme
1843 5102 1907 5139 ex
1931 5085 2132 5140 lliatio-

541 5174 610 5214 ne
649 5158 1093 5227 Golian-Hispana
1126 5157 1366 5225 ejusdem
1396 5157 1500 5212 diei
1529 5175 1540 5218 ;
1573 5157 1820 5212 collectio
1847 5158 2090 5225 sequitur
2110 5198 2127 5223 ,

540 5237 597 5286 et
624 5231 798 5286 oratio
823 5237 941 5300 post
980 5229 1190 5295 noniina
1243 5230 1416 5292 missa:
1469 5229 1640 5284 sancti
1691 5227 1960 5282 Saturnini
1989 5269 2004 5293 ,
2035 5229 2129 5280 de—

540 5311 768 5372 sumpta:
797 5317 826 5354 a
858 5300 1054 5354 Missaii
1091 5307 1290 5372 ttoSlro
1313 5342 1326 5365 ,
1365 5300 1642 5372 tamenim
1674 5306 1756 5353 est
1786 5313 1911 5372 pars
1958 5300 2128 5372 prima

542 5370 803 5428 orationis
829 5373 1036 5434 missm;
1067 5371 1156 5424 illa
1189 5372 1448 5426 vrrbatim
1482 5370 1648 5423 ferme
1674 5410 1686 5431 ,
1718 5377 1799 5424 est
1828 5370 1934 5422 alia
1963 5371 2127 5422 (ratio

544 5442 785 5510 ejusdem
841 5444 1159 5498 festivitatis.
1197 5443 1418 5496 Dennnn
1453 5451 1508 5495 ut
1541 5443 1644 5493 alia
1706 5440 2128 5510 hujusgeneris

543 5515 825 5588 aurigam,
854 5513 1100 5588 prmfatio
1133 5516 1305 5566 missu
1329 5555 1344 5584 ,
1386 5511 1787 5588 etcontcstatio
1814 5550 1828 5574 ,
1855 5510 2127 5588 diesanc-

543 5593 610 5638 la:
657 5577 875 5639 Eulalia?
905 5629 918 5651 ,
951 5582 1073 5639 sunt.
1103 5577 1374 5651 scgnn-nia
1404 5581 1654 5635 illatiotnis
1704 5581 1877 5634 nlissa’i
1916 5577 2128 5651 Gotho-

542 5653 792 5728 ﬂispanm
833 5649 952 5727 qua:
994 5661 1045 5710 in
1104 5649 1300 5708 Missali
1341 5664 1524 5708 nostro
1554 5654 1639 5704 die
1687 5661 1886 5704 sancta:
1911 5649 2125 5703 Eulalia:

542 5723 888 5783 Eineritensis
911 5729 1181 5781 recitatur.
1725 5779 1728 5784 .

614 5793 692 5868 (ὁ)
725 5791 999 5866 Ejr'Isnrodi
1027 5799 1150 5851 Sunt
1175 5793 1458 5868 oratione
1479 5811 1655 5868 pacem
1697 5793 1785 5846 die
1817 5798 2126 5868 sanctorum

542 5862 935 5935 Innocentium,
969 5884 1036 5922 ex
1061 5867 1307 5921 oratione.
1337 5863 1812 5935 Gotho-iiispana,
1835 5862 2036 5932 pariter
2059 5863 2128 5915 ad

2240 4659 2520 4734 desumpta
2573 4681 2638 4718 ex
2672 4659 2917 4717 oratione
2950 4676 3064 4734 post
3109 4665 3320 4718 nomina
3368 4659 3593 4716 Missalis
3625 4665 3834 4734 LMbU'i;

2239 4730 2512 4790 orationes
2542 4735 2713 4788 missm
2734 4730 3044 4790 omnimodo:
3065 4735 3356 4804 (,lcsmnplrc
3387 4747 3416 4788 e
3441 4733 3599 4788 missa
3621 4730 3838 4788 Gotho-

2239 4806 2478 4873 Hispana
2533 4806 2770 4872 ejusdmn
2821 4807 3175 4874 cognominis.
3209 4813 3263 4859 et
3314 4808 3586 4859 orationes
3636 4820 3835 4860 mones

2238 4894 2356 4945 qua:
2389 4880 2439 4932 in
2471 4879 2629 4932 missa
2660 4878 2842 4933 Sancti
2885 4878 3113 4934 Joannis
3140 4879 3203 4931 de
3233 4878 3474 4942 passione
3504 4876 3829 4940 recitantur,

2237 4965 2302 5002 ex
2336 4950 2488 5002 unica
2518 4951 2764 5003 oratione
2816 4951 2972 5003 missu
3021 4948 3502 5018 Gotlxo-iliSpana,
3549 4948 3602 5002 in
3646 4957 3837 5018 partes

2236 5019 2491 5091 disscrta,
2526 5021 2857 5091 composito.

2309 5092 2381 5159 (c)
2408 5088 2782 5150 Maltitlov’ius,
2819 5090 2868 5142 in
2902 5091 3048 5159 prii.
3082 5090 3146 5143 ad
3174 5088 3266 5144 lib;
3294 5106 3329 5144 ιι
3378 5091 3556 5157 liturg.
3607 5089 3831 5156 Gallic.,

2233 5174 2364 5216 sect.
2399 5160 2448 5221 i,
2482 5162 2671 5213 scribit
2699 5160 2957 5213 (Iudicem
2994 5165 3134 5215 hunc
3165 5162 3352 5216 litteris
3377 5161 3586 5216 Franco
3609 5161 3836 5216 Gallicis

2232 5232 2320 5304 srd
2343 5231 2848 5304 Mer-aringfcisantc
2869 5249 3031 5286 (tonos
3064 5232 3202 5286 mille
3247 5236 3493 5304 scriptum
3515 5303 3520 5304 ν
3544 5233 3722 5304 fuisse.
3764 5231 3837 5287 Et

2235 5303 2286 5356 in
2322 5301 2636 5370 praclatione
2664 5319 2690 5355 a
2718 5303 2727 5352 l
2764 5302 2953 5356 librum
2989 5304 3216 5370 primum
3250 5304 3314 5357 dt-
3348 5301 3557 5370 litrrgia
3591 5302 3834 5358 Gallica-

2235 5388 2333 5431 na.
2367 5382 2501 5425 sect.
2539 5371 2568 5422 7
2594 5415 2606 5436 ,
2639 5373 2821 5425 scribit
2851 5393 2862 5427 :
2903 5373 3058 5426 "and
3089 5376 3194 5427 scio
3221 5417 3234 5441 ,
3267 5391 3334 5427 tm
3387 5375 3550 5427 ullum
3590 5375 3655 5427 sit
3691 5372 3830 5427 Lec-

2234 5445 2510 5518 tionnrinm
2537 5443 2638 5518 [ioc
2665 5444 2940 5500 Gallicana
2969 5447 3227 5518 antiquius
3251 5488 3264 5502 .
3297 5446 3340 5518 si
3354 5446 3588 5518 excipias
3633 5443 3832 5518 librum

2231 5515 2432 5567 comitis
2455 5515 2768 5568 indicantem
2797 5519 3040 5571 lectiones
3070 5514 3140 5568 ad
3165 5514 3317 5569 usum
3346 5515 3596 5570 Ecclesiae
3624 5514 3828 5569 Roma-

2231 5601 2334 5649 τιατ,
2359 5585 2422 5637 de
2447 5603 2544 5654 quo
2575 5585 2707 5640 libro
2740 5589 2930 5641 utentia
2971 5591 3030 5657 [it
3073 5589 3125 5641 in
3156 5588 3337 5640 charta
3370 5589 3696 5640 cornutinna.
3748 5586 3830 5643 De

2231 5658 2479 5728 versione
2509 5658 2891 5728 scripturarum
2924 5669 3100 5710 autem
3149 5658 3470 5712 Lectionarii
3521 5657 3830 5713 Lnxovien-

2231 5726 2304 5781 sis
2333 5727 2527 5781 ibidem
2557 5726 2634 5781 ait
2666 5777 2671 5783 .
2709 5744 2824 5780 eam
2855 5743 2947 5780 nec
2986 5731 3204 5783 multant
3229 5747 3260 5784 τι
3297 5731 3506 5799 vulgata
3545 5730 3784 5784 recedere
3807 5771 3826 5799 ,

2233 5813 2324 5852 nec
2363 5802 2572 5854 omnino
2597 5812 2712 5853 cum
2741 5811 2801 5853 ea
2823 5802 3092 5854 convenire
