4040 6356
153 380 203 439 ts
738 356 1068 429 EPISTULA
1110 360 1587 423 DEDICATORIA
1627 352 1925 422 sumam
1969 351 2366 421 intersunt
2405 352 2794 421 Pumulssa.
3338 355 3415 419 sl

152 506 192 558 ιιι
214 495 389 568 quibus
409 474 549 548 ritus
569 475 675 546 ille
700 481 1069 546 ex'Gallicano
1099 496 1154 542 et
1176 483 1420 541 Romano
1443 484 1719 551 confusus,
1746 486 1801 547 Α
1824 480 2094 552 praecipua
2142 479 2388 547 habetur,
2421 480 2575 535 fateri
2617 480 2874 535 debemus
2922 476 3139 534 Missale
3179 469 3421 535 Ximeul!

153 606 284 663 quem
318 584 665 659 appellabant
692 576 1041 645 Romensem,
1075 580 1392 643 invaluerat,
1424 593 1525 634 usu
1554 576 1718 634 etiam

153 689 393 753 receptum
422 677 610 742 fuisse,
643 683 834 732 contra
865 684 1073 729 morem
1101 670 1455 736 Gallicanum,
1478 670 1531 724 in
1559 668 1721 726 certis

153 770 435 843 quibusdam
459 768 643 825 missis
664 768 795 823 duas
818 762 1194 820 tantummodo
1218 762 1497 827 lectiones,
1523 766 1723 832 easque

156 882 179 920 e
204 863 334 919 Novo
360 860 737 924 Testamento,
774 858 980 927 legere.

212 952 323 1009 50L
359 951 473 1009 1am
498 960 635 1008 vero
667 967 698 1007 e
722 958 955 1021 quatuor
982 947 1283 1003 Mlssalibus
1312 945 1460 1001 libris
1489 943 1724 1001 Gallica-

161 1044 227 1097 nis
252 1044 495 1098 hactenus
524 1042 710 1104 editls,
739 1041 784 1096 si
813 1039 1304 1095 Sacramentarium
1332 1036 1599 1091 Bobiense
1624 1049 1725 1090 ex-

162 1138 379 1205 cipiatur,
407 1134 584 1189 nullus
615 1141 703 1189 est
733 1132 821 1188 cui
853 1132 1048 1200 aliquid
1077 1146 1182 1185 non
1216 1129 1375 1185 desit.
1424 1128 1554 1182 Nam
1597 1126 1726 1181 Mis-

165 1227 245 1282 sali
290 1226 558 1282 Gallicano
604 1225 780 1281 veteri
832 1235 887 1279 et
938 1222 1140 1278 Missall
1192 1221 1521 1276 Francorum
1575 1219 1729 1290 plura

166 1318 384 1375 deﬁciunt
420 1333 581 1389 quam
630 1334 754 1389 quas
794 1324 1101 1388 Supersunt.
1147 1315 1349 1371 Missali
1374 1330 1504 1369 vero
1546 1313 1730 1369 Gallo-

170 1408 367 1466 Gotliico
395 1410 655 1465 nonnulla
682 1408 859 1474 initio,
893 1409 1045 1478 plura
1087 1409 1140 1461 in
1173 1406 1298 1472 line,
1332 1404 1725 1461 desiderantur.

170 1502 420 1571 Praeterea,
448 1504 674 1574 dempto
719 1501 1158 1569 Sacramentario
1209 1499 1481 1565 Bobiensi,
1521 1499 1574 1553 in
1621 1514 1730 1569 quo

172 1605 276 1650 sunt
300 1596 551 1651 lectiones
576 1596 813 1667 propria:
842 1596 1155 1657 missarum,
1185 1592 1420 1648 Missalia
1458 1590 1733 1650 Gallicana

174 1688 282 1743 nihil
320 1696 507 1758 pneter
550 1690 826 1743 orationes
866 1702 985 1757 quae
1026 1686 1081 1740 in
1122 1685 1284 1740 missa
1332 1685 1630 1739 recitantur
1678 1693 1735 1740 et

176 1778 541 1834 benedictiones
570 1780 867 1834 continent.
912 1777 1100 1846 Neque
1128 1776 1391 1832 hactenus
1419 1776 1557 1831 liber
1582 1776 1736 1831 Anti-

1822 573 1970 630 libris
2005 574 2254 629 omnibus
2279 571 2571 630 Gallicanis
2612 573 2875 629 hactenus
2902 571 3059 627 editis
3095 572 3253 643 longe
3282 586 3422 642 pra:-

1823 672 1986 724 stare.
2018 665 2089 722 lis
2117 666 2258 722 enim
2288 674 2397 721 tam
2424 666 2592 721 multa
2618 665 2794 721 adhuc
2823 664 3079 721 deﬁciunt
3106 663 3173 720 ad
3202 662 3423 735 expedis

1825 770 1936 818 tam
1983 763 2265 819 missarum
2311 760 2731 818 celebrationem
2782 758 3108 825 necessaria,
3155 762 3213 813 ut
3260 770 3421 813 nemo

1829 854 1943 911 istis
1965 856 2141 922 libris,
2172 855 2518 927 quantumvis
2544 854 2682 910 bene
2711 852 3027 919 instructus,
3053 852 3170 907 sine
3197 850 3425 909 MisSaliB

1827 946 2055 1006 Ximenii
2080 948 2301 1017 auxilio,
2324 948 2410 1005 vel
2440 948 2652 1005 unicam
2682 949 2899 1003 missam
2926 946 3257 1004 Gallicanam
3284 944 3427 1000 reci-l

1831 1053 1944 1099 tare
1970 1042 2200 1114 poterit,
2230 1044 2483 1097 sacerdos
2509 1050 2641 1097 vero
2672 1036 3063 1106 Mozarablcus,
3090 1035 3179 1092 cui
3207 1035 3425 1091 unicum

1829 1135 1980 1191 adest
2022 1133 2236 1190 Missale
2277 1131 2555 1203 Ximeltil,
2594 1133 2785 1189 missas
2822 1128 3216 1197 Mazarabicas,
3265 1136 3432 1198 atque

1830 1225 1970 1282 adeo
1995 1223 2495 1297 Gotho-Hispanas,
2524 1228 2578 1280 et
2605 1218 2932 1290 Gallicanas,
2963 1221 3214 1298 [LXXXIV]
3235 1220 3423 1292 quoti-

1832 1320 1938 1386 die,
1972 1319 2015 1376 si
2042 1319 2277 1383 libuerit,
2313 1318 2563 1390 erpedite
2601 1316 2779 1374 facere
2816 1316 3015 1389 potest.
3063 1308 3234 1383 Unde,
3283 1300 3429 1386 quod

1832 1414 1899 1468 ab
1930 1413 2084 1469 initio
2107 1411 2353 1468 dicebam
2382 1412 2541 1481 plane
2567 1411 2870 1478 conficitur,
2895 1410 3163 1480 optimum
3191 1406 3427 1463 cardina-

1833 1505 1936 1560 lcm
1966 1502 2293 1570 Xitnenium,
2326 1504 2520 1559 Missali
2553 1502 2915 1567 Mozarabico,
2945 1501 3088 1574 typis
3117 1500 3286 1567 edito,
3319 1496 3432 1553 non

1832 1597 1995 1652 modo
2034 1596 2423 1667 Hispanorum,
2449 1596 2549 1651 sed
2585 1595 2865 1650 Gallorum
2907 1594 3096 1663 etiam,
3122 1592 3301 1666 prisco
3339 1604 3430 1647 sa-

1836 1688 2115 1746 criﬁcandi
2144 1689 2271 1743 ritui
2301 1687 2583 1759 splendide
2608 1687 2970 1743 consuluisse.

1906 1780 2029 1837 505.
2062 1779 2253 1848 Porro,
2280 1781 2334 1834 ln’
2362 1777 2464 1836 hac
2493 1779 2763 1845 Editione,
2794 1787 2974 1833 textus
3002 1774 3230 1831 Missalis
3251 1772 3432 1828 Moza—

176 1872 439 1939 phouarius
484 1868 794 1924 Gallicanus
839 1868 1085 1923 delectus
1128 1875 1211 1923 est
1256 1868 1375 1923 Sine
1420 1881 1527 1937 quo
1569 1866 1729 1922 missa
1768 1859 1809 1918 Β
1835 1873 2002 1928 rabici
2018 1872 2137 1927 talis
2158 1871 2465 1937 exhibetur,
2486 1870 2661 1940 qualis
2685 1884 2826 1924 anno
2857 1868 3141 1923 millesimo
3162 1864 3428 1936 quingen-

178 1960 427 2016 Galllcana
454 1961 709 2017 celebrari
739 1962 947 2030 nequit.

234 2051 349 2108 ωἰ.
389 2053 459 2107 At
501 2053 710 2109 Missale
760 2053 1111 2117 Mozarabum
1163 2050 1450 2108 cardinalis
1492 2050 1730 2108 Ximenii

175 2145 419 2215 integrum
456 2155 558 2211 est,
586 2146 770 2200 missas
795 2159 982 2201 omnes
1010 2145 1248 2213 integras
1277 2145 1457 2211 habet,
1491 2152 1600 2199 tam
1640 2159 1732 2199 eas

174 2251 294 2307 quas
324 2238 391 2293 de
440 2246 654 2308 tempore
699 2238 899 2305 dicunt,
945 2253 1106 2307 quam
1147 2237 1372 2303 votivas,
1414 2236 1729 2302 mortuales,

174 2338 475 2383 sanctorum
502 2329 755 2398 pr0prias,
776 2338 830 2383 et
848 2344 1178 2395 communes,
1202 2328 1397 2399 quibus
1423 2327 1557 2384 nihil
1581 2325 1736 2384 deest

182 2420 247 2475 ad
274 2421 575 2490 expeditam
593 2436 772 2476 earum
798 2422 1225 2478 celebrationem.

246 2512 364 2568 503.
406 2513 603 2569 Deinde
640 2512 857 2570 Missale
903 2514 1149 2581 Xitneuii,
1192 2517 1247 2572 in
1297 2516 1462 2572 totius
1507 2515 1737 2585 liturgize

179 2603 356 2660 ordine
400 2614 561 2675 atque
607 2605 954 2677 dispositione
1008 2610 1171 2663 ritum
1228 2606 1737 2678 Gotho-Hispanum

182 2704 471 2752 constanter
506 2698 717 2764 retinet,
755 2700 873 2754 sine
912 2700 1018 2754 ulla
1060 2700 1441 2756 commistione
1480 2699 1733 2768 Romani,

185 2778 520 2860 Ambrosiani,
547 2800 633 2846 aut
671 2792 891 2848 alterius
927 2794 1213 2863 cujuslibet
1240 2795 1394 2849 ritus.
1427 2792 1499 2849 At
1527 2809 1560 2849 e
1589 2794 1740 2852 libris

187 2881 442 2940 Gallicanis
468 2886 639 2941 nullas
666 2895 748 2942 est
773 2887 867 2958 qui
892 2888 1056 2942 ritum
1085 2886 1365 2957 antiquum
1400 2882 1738 2943 Gallicanum

192 2971 235 3027 in
256 2976 484 3031 omnibus
520 2977 693 3033 missis
732 2994 931 3049 purum
975 2988 1029 3034 e‘t
1059 2979 1329 3035 sincerum
1371 2979 1733 3035 conservavit.

195 3062 298 3121 Nam
338 3070 424 3139 qui
464 3071 655 3127 borum
697 3072 1125 3143 perfectissimus
1165 3083 1268 3140 est,
1297 3073 1515 3130 Missale
1557 3073 1742 3130 Gallo-

200 3156 458 3231 Gotbicmn,
499 3166 567 3221 ab
604 3167 1029 3238 interpolatione
1067 3169 1295 3241 liturgite
1333 3167 1595 3225 Romanae
1634 3168 1739 3223 im-

200 3256 338 3312 munis
362 3274 461 3314 non
492 3256 596 3315 est.

250 3344 353 3403 ὅθι.
390 3350 586 3422 Quare,
607 3354 722 3409 sive
749 3353 1028 3425 integritas
1048 3355 1255 3426 antiqui
1282 3355 1419 3412 ritus
1450 3363 1742 3427 spectetur,

197 3438 287 3495 sive
315 3453 572 3514 spectetur
605 3462 755 3515 usus,
780 3446 934 3516 cujus
978 3448 1035 3503 in
1074 3446 1383 3519 huiusmodi
1419 3446 1569 3504 libris
1606 3447 1746 3504 ratio

1832 1966 2027 2021 tesimo
2055 1952 2232 2020 Toleti
2274 1963 2490 2034 prodiit.
2541 1962 2679 2017 Sunt
2720 1960 2937 2032 quidem
2979 1959 3133 2030 plura
3163 1970 3283 2027 quae
3310 1961 3431 2010 tuto

1832 2055 2108 2113 emendari
2147 2064 2460 2127 potuerunt,
2501 2062 2557 2109 et
2594 2066 2714 2122 qua!
2757 2052 2990 2107 libenter
3034 2048 3430 2109 emendassem,

1833 2149 1927 2205 sed
1955 2148 2127 2205 salius
2147 2148 2320 2203 visum
2349 2156 2431 2203 est
2459 2153 2667 2201 textum
2697 2143 2961 2199 Editionis
2988 2141 3279 2205 Toletanae,
3311 2153 3436 2193 cum

1835 2241 2083 2297 omnibus
2106 2239 2217 2296 suis
2247 2239 2454 2294 mendis
2478 2238 2753 2304 exhibere,
2779 2250 2962 2305 quam,
2992 2230 3297 2299 corrigendi
3326 2237 3438 2284 stu-

1835 2332 1944 2401 dio,
1968 2332 2261 2403 quidquam
2292 2342 2499 2387 mutare
2528 2330 2670 2401 quod
2701 2330 2872 2385 lector
2896 2326 3245 2397 scrupulosus
3267 2324 3440 2379 istae-

1838 2432 1950 2480 tum‘
1978 2424 2255 2479 Valuisset.

1909 2519 2032 2573 508.
2076 2510 2242 2574 Notas
2269 2514 2461 2586 scripsi
2500 2514 2555 2569 in
2597 2512 2839 2584 margine
2879 2490 3059 2566 autin
3096 2506 3440 2563 extremitate

1839 2612 2099 2682 cujusque
2141 2611 2352 2682 paginae
2394 2608 2652 2676 edendas,
2684 2605 2779 2661 sed
2817 2612 2951 2675 quas
2978 2600 3342 2674 typographus
3372 2596 3441 2653 ad

1840 2704 2000 2759 linem
2050 2703 2171 2759 libri
2214 2702 2433 2771 adjecit.
2484 2700 2544 2755 In
2584 2698 2667 2753 his
2705 2697 3027 2753 brevitatem
3078 2694 3296 2763 sequor,
3338 2696 3443 2746 nec

1846 2799 2031 2855 omnia
2051 2812 2173 2868 qua:
2197 2786 2619 2867 dici‘potuerunt
2640 2788 2847 2862 iugero,
2873 2788 2968 2847 sed
2988 2790 3051 2844 ea
3073 2783 3443 2843 tantummodo

1842 2890 2017 2946 refero
2046 2905 2166 2959 quae
2204 2888 2454 2944 sufﬁcere
2478 2887 2818 2943 videbantur.
2868 2883 2926 2939 ln
2967 2880 3204 2951 antiquis
3244 2878 3438 2934 ritibus

1842 2982 2174 3051 explicandis
2200 2984 2325 3036 raro
2344 2980 2461 3035 sine
2489 2980 2819 3050 scriptorum
2837 2974 3080 3031 veterum
3111 2970 3441 3027 auctoritate

1844 3072 2135 3147 quidquam
2185 3075 2316 3130 mihi
2364 3088 2602 3129 assumo.
2651 3064 2759 3126 Eos
2807 3085 2904 3140 per
2942 3083 3077 3137 quos
3115 3062 3438 3136 profecenim

1847 3186 1988 3241 szepe
2017 3186 2081 3227 ac
2110 3170 2339 3226 libenter
2374 3168 2557 3235 laudo,
2586 3180 2884 3236 eorumque
2913 3164 3077 3219 verba
3120 3158 3446 3232 quandoque

1772 3227 1819 3291 Ο
1852 3227 2095 3337 prolem,
2136 3278 2231 3319 eos
2275 3270 2456 3317 autem
2505 3227 2555 3316 a'
2581 3227 3104 3330 Quibus-dissentio,
3137 3227 3237 3307 aut
3274 3250 3449 3304 tacito

1852 3358 2091 3426 nomine,
2118 3365 2211 3412 aut
2238 3356 2403 3413 etiam
2430 3355 2611 3431 palam
2637 3352 2845 3411 refello.
2878 3348 3083 3408 Caeteia
3107 3340 3310 3419 judicio“
3340 3342 3449 3398 lec-

1858 3450 1991 3505 toris
2016 3448 2288 3520 permitto.

203 3578 215 3610 Ι
3110 3572 3111 3575 η

1186 3698 1688 3785 EPISTOLA
1743 3657 2435 3825 DEDICATORiA

1221 3862 1517 3921 EDITIONI
1556 3861 1953 3921 TOLETANE
1991 3850 2385 3919 PRAEMISSA.
2410 3886 2423 3901 κ

196 3986 431 4083 [ιὲιν]
462 3980 562 4053 Ad
597 3991 1182 4083 reverentiissimum
1309 3988 1562 4083 Christo
1591 3986 1847 4083 Prater
1875 4005 1931 4083 et
1959 3996 2279 4083 dominum
2313 3988 3009 4083 D._prcc_stantissimum
3035 3972 3452 4083 ﬁnauciscuu

266 4067 602 4157 Xintuens,
617 4071 1154 4157 archiepiscopum
1216 4075 1625 4157 Toletanam,
1664 4069 1917 4157 ΔιΪοηεί
1966 4070 2173 4155 Ονέίε,
2205 4067 2505 4141 divini-“
2532 4076 2792 4140 humani
2833 4074 3010 4154 juris
3052 4071 3371 4145 ductoris,
3396 4077 3455 4131 et

260 4152 519 4213 canonici
549 4152 865 4227 Toletani,
892 4154 1187 4233 prce/aiio
1218 4155 1476 4235 incipit.

245 4293 562 4355 immortales
585 4298 702 4366 tibi,
727 4298 953 4355 antistes
971 4299 1342 4367 celeberrime,
1364 4300 1606 4357 referant
1628 4314 1752 4372 gra-

193 4387 272 4445 tias
310 4391 479 4447 steculi
530 4391 712 4447 nostri
751 4392 999 4448 homines
1049 4384 1285 4465 oportet,
1317 4398 1442 4449 eum
1473 4402 1659 4451 vetera
1697 4401 1755 4452 et

193 4483 313 4551 quasi
338 4484 581 4541 obsoleta
621 4490 822 4540 nostrae
850 4486 1125 4555 religionis
1151 4503 1350 4544 arcana
1392 4496 1545 4547 tanto
1574 4490 1755 4547 studio

1859 4314 1971 4359 non
1993 4300 2271 4367 dubitasti,
2295 4307 2563 4372 quatenus
2585 4311 2795 4355 summa
2813 4308 2939 4352 cum
2964 4292 3247 4363 diligentia
3267 4292 3460 4354 missaq
3532 4370 3538 4381 ’

1861 4408 1983 4449 rum
2008 4392 2063 4449 in
2090 4392 2276 4465 primis
2295 4393 2557 4448 solemnia
2580 4402 2942 4458 recenserem,
2964 4404 3028 4445 ac
3044 4384 3189 4457 vigili
3210 4386 3461 4443 incura-

1866 4486 2016 4542 tione
2040 4490 2161 4555 quae
2205 4502 2234 4540 a
2263 4500 2394 4542 vero
2423 4487 2795 4541 characterum
2838 4482 3074 4538 ruditate
3103 4480 3320 4537 dimissa
3346 4478 3460 4552 jam

191 4588 415 4633 renovare
442 4578 769 4642 institueris,
801 4588 858 4633 ut
882 4579 1141 4649 incipiant
1168 4590 1442 4639 nostrates
1482 4582 1752 4654 majorum
1785 4561 1839 4621 Ῑ)
1861 4579 1953 4635 diu
1978 4578 2195 4635 fuerant
2222 4579 2348 4651 styli
2378 4594 2488 4634 non
2516 4584 2723 4633 mutato
2750 4560 2915 4630 ductu
2940 4564 3242 4639 reficerent,
3274 4588 3459 4629 serva-

191 4676 375 4722 suorum
415 4668 759 4725 monimenta
798 4669 1017 4725 incultis
1053 4670 1457 4729 characteribus
1496 4675 1757 4730 hactenus

190 4754 396 4814 abstrusa
424 4759 633 4830 ingenii
662 4760 736 4837 tui
766 4760 998 4829 igniculo
1028 4763 1299 4832 respicere
1330 4780 1392 4820 ac
1422 4764 1647 4836 prapins
1676 4766 1757 4821 in-

189 4850 316 4903 tueri.
360 4850 668 4907 Beatissimi
706 4849 894 4907 lsidori
940 4854 1109 4909 nostri
1140 4854 1506 4912 ecclesiastica
1535 4855 1753 4922 Officia,

190 4956 283 5009 qua:
306 4944 356 5000 in
395 4948 535 5002 urbe
564 4946 713 5016 regia
745 4945 1029 5013 Toletana,
1062 4950 1152 5004 cui
1195 4957 1253 5005 tu
1291 4964 1461 5019 praees
1492 4950 1759 5020 archiepi-

188 5045 372 5106 scopus,
399 5036 681 5107 quondam
719 5036 1025 5094 Maurorum
1064 5039 1395 5111 irruptione,
1418 5040 1628 5097 cunctis
1657 5040 1756 5096 ab-

186 5129 353 5194 sorptis
379 5130 539 5186 simul
572 5145 697 5185 cum
727 5130 1073 5200 Christianis,
1108 5148 1207 5189 ceu
1231 5133 1446 5204 captiva
1474 5132 1757 5203 superfue-

188 5226 301 5285 rant,
332 5232 518 5278 nostra
549 5231 721 5279 aetate
756 5224 990 5294 propriis
1017 5226 1321 5295 sumptibus
1360 5234 1669 5282 restaurare
1694 5241 1760 5283 ac

188 5304 231 5361 in
275 5309 441 5369 lucem
498 5309 756 5387 promere
807 5316 1144 5372 decreveras.
1191 5318 1269 5374 Ac
1322 5320 1429 5374 non
1484 5319 1759 5375 innuerim

189 5399 391 5471 quidem,
416 5421 487 5462 ne
513 5412 628 5461 tam
659 5406 885 5462 iilu’stria
916 5406 1038 5463 fidei
1067 5417 1264 5463 nostrae
1293 5409 1549 5480 mysteria
1574 5408 1759 5466 abdita

187 5489 275 5561 iam
301 5499 512 5567 penitus
541 5500 844 5565 interirent,
870 5515 1097 5570 quaeque
1117 5501 1254 5557 adeo
1276 5502 1381 5557 situ
1411 5510 1467 5559 et
1488 5511 1760 5562 vetustate

190 5582 373 5644 fuerant
407 5607 593 5658 exesa,
626 5601 682 5648 et
718 5607 962 5649 errorum
1008 5595 1236 5664 caligine
1282 5602 1550 5667 reSpersa,
1583 5607 1641 5653 ut
1666 5594 1761 5654 vix

189 5680 385 5743 callidus
403 5686 578 5744 lector
592 5702 856 5758 congruas
873 5690 1167 5744 sententias
1188 5690 1478 5745 multorum
1501 5678 1760 5748 librorum

191 5773 412 5851 indagine
442 5783 627 5839 rimari
657 5786 911 5853 potuerit.
944 5784 1115 5851 Quam
1146 5782 1391 5854 profecto
1418 5785 1761 5842 durissitnam

190 5873 493 5938 provinciam
524 5876 661 5932 ibi
674 5890 957 5934 servorum
986 5886 1209 5935 tuorum
1242 5878 1465 5937 minimo
1494 5879 1762 5939 mandare

1861 4682 2027 4743 taque
2052 4668 2350 4728 verborum
2392 4669 2673 4740 dignitate,
2723 4668 3071 4737 antiquorum
3121 4666 3462 4736 majestatem

1862 4764 2212 4821 custodirem.
2253 4764 2393 4819 Nam
2422 4764 2545 4834 quae
2567 4772 2679 4835 prae
2707 4760 2766 4818 se
2795 4762 3176 4832 antiquitatem
3217 4758 3464 4815 ferebant

1862 4854 2065 4912 inmota
2093 4871 2214 4912 esse
2238 4855 2498 4925 jusseras,
2526 4862 2582 4911 et
2612 4852 2827 4910 tandem
2854 4855 2933 4911 sic
2962 4862 3141 4909 actum
3183 4852 3285 4907 est.
3329 4848 3463 4902 Nam

1864 4950 2121 5023 dispersis
2144 4950 2198 5004 in
2220 4949 2466 5005 ordinem
2495 4949 2746 5015 redactis,
2770 4947 2910 5003 vitiis"
2931 4946 3154 5011 abrasis,
3180 4941 3464 5010 dubiisque

1867 5045 2150 5103 enucleata
2174 5036 2405 5099 veritate
2432 5040 2690 5109 lustratis,
2720 5048 2775 5096 et
2805 5040 2907 5095 ceu‘
2933 5036 3135 5094 aboiita
3176 5032 3346 5088 multa
3377 5048 3462 5088 rc-

1865 5138 2126 5202 Sarciens,
2152 5144 2250 5193 tuo
2274 5134 2445 5205 jussu,
2480 5142 2539 5189 ut
2564 5133 2726 5201 valui,
2761 5132 2939 5188 omnia
2971 5126 3253 5182 illustravi.
3310 5123 3465 5180 Unde

1866 5228 2132 5287 conﬂatus
2180 5228 2318 5282 liber
2363 5227 2463 5283 iste
2510 5225 2630 5289 fuit,
2674 5219 3034 5293 przcbentibus
3080 5215 3148 5270 ad
3198 5216 3252 5271 id
3302 5231 3463 5287 opem

1866 5320 2409 5379 mihivenerabilibu‘s
2431 5315 2755 5391 presbyteris
2770 5308 3015 5387 [LXXXVI]
3038 5310 3275 5382 ejusdem
3300 5310 3465 5367 oﬂi‘cii

1868 5414 2218 5486 peritioribus
2249 5411 2484 5467 Antonio
2530 5404 2821 5469 Roderico,
2853 5400 3077 5485 A‘ll'onso
3118 5401 3369 5468 Martin'o‘,
3400 5416 3461 5458 ac

1868 5510 2198 5581 Hieronymo
2232 5505 2480 5581 Guterio,
2507 5502 2788 5555 beatarum
2830 5494 3000 5552 Justae
3033 5502 3092 5552 et
3118 5494 3360 5559 Eulaliae,
3402 5509 3467 5549 ac

1869 5601 2013 5657 beati
2042 5600 2198 5655 Luem
2223 5595 2565 5663 evangelista:
2594 5589 2942 5645 ecclesiarum
2977 5588 3298 5651 rectoribus,
3329 5600 3468 5654 quo-

1869 5706 1991 5750 rum
2033 5692 2267 5748 basilica:
2312 5690 2452 5741 inter
2499 5690 2779 5756 pressurus
2821 5680 3251 5738 Ch’ristianorum
3292 5677 3467 5759 Toleti

1871 5784 2283 5845 iluctuaverant,
2332 5791 2455 5834 cum
2509 5768 2768 5847 Hispania
2820 5789 2958 5846 pene
3006 5771 3182 5826 omnis
3230 5769 3466 5823 Arabum

1870 5874 2229 5933 inundatione
2242 5870 2567 5930 senesceret.
2596 5869 2716 5939 Quo
2743 5871 2803 5926 fit
2822 5875 2887 5925 ut
2900 5862 3269 5923 habitantibus
3291 5860 3470 5922 Ghris-
