4040 6356
540 401 639 454 107

1813 395 2214 454 BENEDICTIO
2252 395 2436 468 AQUE

3702 399 3802 456 108

527 522 746 594 quitatis
782 533 1066 594 expurges.
1101 517 1292 594 Totam
1322 515 1652 594 fantasmatis
1684 512 1854 594 tabem
1884 530 1896 564 :
1929 527 2098 594 capax
2130 519 2176 575 Α
2205 521 2288 594 ter
2311 511 2626 594 baptismo?
2659 512 2732 594 ad.
2755 509 3097 594 commodum
3124 530 3134 565 :
3170 507 3336 592 [xcvi]
3368 508 3526 594 culpe
3564 507 3802 594 traducis

529 584 796 648 dominica
825 584 1171 658 protectionis
1196 587 1550 640 extermines:
1605 593 1660 637 ut
1684 584 1852 658 gratia
1899 585 2100 658 sancti:

533 662 799 717 tieationis
825 653 1090 728 indepta:
1145 667 1238 712 tuo
1287 665 1576 724 nostroque
1624 655 1827 728 pariter
1869 653 2102 709 creatori

529 733 710 786 debito
741 724 995 784 famulatu
1025 729 1333 782 deserviens
1379 745 1390 778 :
1425 724 1639 780 omneni
1669 724 1952 795 spirituum
1983 739 2106 793 pra-

532 817 716 879 vorum
745 801 1042 879 nequiciam
1071 817 1081 850 :
1111 812 1450 879 quocumque
1479 797 1597 879 loco
1619 794 1780 877 fueris
1807 794 2105 879 fadsparsa

529 871 750 940 dejicias
775 890 788 924 :
831 865 894 940 'et
923 879 1105 922 sancte
1129 865 1347 940 copiam
1367 865 1780 940 benedictionis
1807 865 1832 902 τ’
1864 865 2100 940 inducas.

548 935 618 1007 ιῆῖ
645 943 833 995 Amen.
866 939 967 994 Per
995 935 1416 993 misericordiam
1444 947 1584 990 tuam
1608 937 1749 991 Deus
1771 944 1986 990 noster:
2017 935 2108 1004 qui

533 1029 591 1066 es
620 1012 930 1066 benedictus
959 1018 1014 1062 et
1044 1009 1178 1063 vivis
1209 1018 1262 1062 et
1290 1009 1470 1063 omnia
1503 1008 1641 1075 regis
1672 1008 1724 1060 in
1751 1007 1928 1060 secula
1959 1021 2111 1060 secu-

533 1081 726 1136 lorum.
775 1082 812 1147 ιῆ
832 1120 845 1133 .
882 1091 903 1118 ο
936 1080 1123 1133 Amen.
1152 1078 1454 1134 .llumiliate
1484 1094 1577 1130 vos
1607 1077 1985 1132 benedictioni.
2036 1077 2066 1145 ᾗ
2092 1115 2108 1130 .

531 1153 787 1206 Dominus
814 1151 884 1205 sit
910 1165 1124 1218 semper
1151 1149 1445 1204 vobiscum.
1491 1150 1525 1206 ft
1549 1189 1562 1200 .
1599 1148 1679 1200 Et.

605 1222 918 1274 Benedictio.
980 1221 1006 1259 ιι
1049 1220 1272 1273 Domine
1325 1229 1509 1273 sancte
1569 1218 1726 1271 Pater
1771 1218 2114 1286 omnipotens

531 1300 717 1346 eterne
746 1292 888 1345 Deus
913 1309 924 1344 :
954 1291 1226 1343 institutor
1255 1299 1309 1343 et
1338 1289 1583 1343 conditor
1608 1288 1846 1342 omnium
1873 1289 2111 1342 elemen-

529 1370 705 1416 torum
732 1379 745 1414 :
769 1362 860 1430 qui
891 1376 987 1428 per
1013 1359 1192 1414 Jesmu
1223 1359 1489 1414 Christum
1518 1369 1539 1430 ς
1573 1359 1850 1430 Dominnn
1875 1366 2112 1430 nostrum

530 1429 853 1486 elementum
884 1432 984 1485 hoc
1024 1446 1160 1499 aque
1191 1430 1242 1483 in
1273 1431 1497 1483 salutem
1524 1429 1741 1482 humani
1765 1429 1974 1496 generis
1997 1443 2116 1484 esse

531 1503 748 1556 voluisti
781 1519 794 1553 ε
827 1511 879 1556 te
908 1501 1173 1570 supplices
1199 1501 1547 1570 deprecamur
1575 1516 1587 1552 :
1621 1507 1679 1551 ut
1703 1500 1969 1553 exauditis
1990 1514 2114 1570 ora-

533 1572 766 1627 tionibus
787 1569 1030 1625 nostris:
1073 1569 1090 1608 ι
1127 1569 1250 1624 illud
1284 1578 1371 1623 tne
1395 1570 1607 1639 pietatis
1640 1577 1884 1638 respectu
1914 1569 2114 1622 sancti-

536 1642 664 1696 lices
696 1659 709 1694 :
756 1650 914 1710 atque
943 1643 1014 1694 ita
1043 1643 1108 1694 ab
1138 1656 1199 1694 ea
1232 1640 1469 1694 omnium
1501 1640 1783 1708 spirituum
1816 1639 2118 1692 immundo-

531 1725 651 1766 rnm
678 1721 894 1766 recedat
920 1711 1150 1765 incursio
1175 1729 1187 1762 :
1215 1720 1267 1762 ut
1298 1712 1616 1778 ubicumque
1647 1711 1804 1763 fuerit
1833 1710 1883 1762 in
1903 1710 2117 1763 nomine

533 1790 625 1836 tuo
653 1783 905 1851 adspersa
938 1799 951 1833 :
997 1781 1165 1849 gratia
1197 1788 1286 1834 tne
1317 1780 1704 1851 benedictionis
1735 1780 1983 1851 adveniat
2016 1798 2028 1831 :
2062 1787 2120 1832 et

532 1853 670 1920 mala
705 1849 955 1905 B'omnia
1007 1860 1058 1904 te
1108 1851 1440 1920 propiciante
1485 1849 1760 1903 recedant.
1825 1850 1895 1916 ἡ.
1923 1850 2110 1903 Amen.

532 1919 636 1975 Per
656 1921 1096 1984 misericordiam,
1113 1919 1234 1974 etc.
1261 1920 1516 1974 Dominus
1542 1922 1612 1974 sit
1640 1935 1871 1988 semper,
1900 1929 2004 1974 etc.

601 1992 714 2045 Hec
744 2008 874 2061 aqua
899 1992 1011 2061 jam
1039 1992 1367 2061 sanctiﬁcata
1411 1993 1465 2043 in
1512 2007 1659 2061 cruce
1683 1991 1808 2044 salis
1837 1993 2046 2061 ponitur
2073 1998 2122 2061 et

529 2061 739 2116 dicitur.
771 2058 1092 2116 Cominixtio
1121 2058 1244 2115 salis
1273 2069 1327 2114 et
1351 2076 1511 2130 aque.
1538 2058 1595 2113 ln
1630 2058 1846 2115 nomine
1879 2060 2122 2122 Parhtris

527 2143 580 2187 et
611 2131 802 2194 Firhlii
832 2141 885 2185 et
913 2131 1142 2200 Spiritus
1175 2139 1232 2194 iis
1253 2131 1438 2185 Sancti
1464 2133 1554 2200 qui
1583 2140 1769 2200 regnat
1799 2131 1940 2186 Deus
1965 2132 2014 2185 in
2038 2146 2121 2184 se-

527 2203 645 2258 cula
675 2202 1001 2257 seculorum.
1062 2203 1097 2269 ti
1120 2242 1132 2255 .
1162 2200 1185 2237 ¹¹
1213 2204 1407 2255 Amen.

899 2291 1027 2347 Post
1050 2294 1347 2347 mixtionem
1372 2291 1500 2345 satis
1526 2300 1574 2345 et
1601 2307 1747 2362 aque.

600 2383 801 2438 Oratio.
834 2381 850 2420 ί
878 2382 1076 2438 Eterne
1101 2383 1376 2452 onniipote
1416 2397 1442 2437 s
1493 2383 1630 2438 Deus
1663 2401 1674 2436 :
1707 2385 1797 2452 qui
1829 2384 1982 2438 nobis
2007 2398 2034 2436 a
2068 2391 2120 2439 te

527 2456 796 2510 conditam
825 2464 1126 2509 creaturam
1158 2470 1294 2523 aque
1321 2473 1332 2505 :
1365 2453 1378 2503 i
1419 2453 1510 2508 ubi
1538 2453 1825 2508 distinxisti
1859 2464 1915 2508 ut
1947 2454 2119 2524 liquo-

526 2541 638 2580 rem
687 2525 982 2594 simplicem
1032 2524 1100 2577 ad
1145 2524 1415 2578 lavacrum
1467 2542 1480 2575 :
1534 2525 1728 2577 salsam
1793 2525 2118 2579 soliditatem

526 2595 877 2665 prebercsad
905 2595 1357 2665 condimentum;
1379 2601 1642 2663 quatenus
1671 2603 1724 2647 et
1753 2596 1965 2648 sordida
1995 2610 2116 2663 pos-

471 2717 476 2724 ,
524 2663 632 2721 sint
662 2664 804 2718 ablui
839 2682 851 2716 :
903 2672 957 2717 et
988 2663 1132 2717 fatua
1165 2663 1378 2718 imbui:
1422 2679 1528 2732 quo
1573 2675 1628 2718 et
1669 2679 1808 2718 noxa
1842 2665 2119 2718 tolleretur

526 2735 830 2797 orizinalis;
867 2743 920 2786 et
951 2735 1312 2800 corrigeretur
1347 2749 1498 2788 error
1528 2734 1594 2789 ad
1626 2734 1764 2788 viam
1802 2734 2006 2790 salutis.
2042 2733 2118 2791 Te

524 2802 685 2859 ofﬁcii
715 2805 880 2858 nostri
927 2804 1203 2858 functione
1249 2823 1260 2856 :
1314 2804 1561 2857 immeriti
1609 2806 2006 2873 deprecamur:
2062 2815 2118 2861 ut

526 2874 626 2928 hec
655 2873 777 2928 salis
804 2883 860 2928 et
886 2889 1024 2942 aque
1053 2875 1103 2943 in
1136 2884 1224 2928 tuo
1252 2875 1470 2928 nomine
1514 2874 1653 2928 facta
1688 2877 1972 2943 permixtio
2001 2877 2113 2932 cle-

525 2944 723 3000 mentio
752 2951 840 2999 tue
868 2942 1229 2999 sanctilicetur
1259 2944 1472 3008 obtutu,
1502 2942 1756 3014 quodque
1793 2962 1876 3017 my
1912 2946 2114 3001 tcriali-

601 3106 623 3167 ἐι
651 3097 936 3167 Adsparsa.
963 3095 1172 3167 llelin.,
1203 3113 1436 3166 aspersa.

596 3165 622 3204 ι·
649 3165 898 3221 Indncas.
933 3165 1132 3236 lli-lin.,
1162 3165 1430 3236 infundas.

2204 581 2478 638 inimicum
2508 583 2770 652 sapientie
2813 591 2989 636 actum
3019 583 3220 636 erroris
3267 581 3578 638 manifestas
3607 581 3801 638 adver-

2203 670 2323 710 sum
2355 672 2368 707 :
2401 651 2583 710 Sancti
2609 654 2837 723 Spiritus
2865 655 2939 706 tui
2961 654 3248 708 sanctitate
3278 653 3478 723 reddas
3495 651 3797 707 sanctiﬁca-

2159 733 2162 736 λ
2206 734 2342 780 tum.
2376 725 2481 780 Nec
2526 725 2635 778 ullo
2653 722 2915 792 contagio
2962 723 3216 778 reddatur
3246 722 3618 778 immundum:
3654 724 3801 791 quud

2208 804 2296 850 tua
2332 793 2444 851 fleri
2475 795 2743 850 credimus
2769 794 3050 861 majestate
3080 795 3292 848 beatum
3330 812 3342 846 :
3392 793 3485 848 sed
3520 795 3591 846 ita
3619 807 3717 862 per
3749 804 3802 848 Ie

2207 867 2424 938 plenum
2453 867 2674 936 prebeat
2699 864 3136 938 sanctiﬁcationis
3154 864 3404 938 clfectum
3431 881 3445 919 :
3472 872 3530 938 ut
3557 866 3804 938 ubienmg

2210 934 2316 1007 que
2346 934 2598 992 invocato
2641 937 2858 990 nomine
2904 944 2997 988 tuo
3041 934 3196 990 fuerit
3225 950 3392 1007 manu
3422 936 3676 1007 emissum
3716 935 3802 989 vel

2211 1003 2372 1062 modo
2400 1008 2640 1077 quolibet
2667 1015 2998 1075 assumptum
3031 1023 3044 1058 :
3078 1006 3312 1076 expulsis
3339 1014 3396 1060 et
3423 1003 3666 1077 explosis
3684 1021 3801 1059 om-

2213 1078 2370 1133 nibus
2416 1076 2620 1133 insidiis
2649 1078 2918 1132 eontrarie
2973 1078 3139 1146 partis
3177 1096 3187 1129 :
3237 1092 3342 1130 non
3389 1076 3563 1131 solum
3606 1085 3804 1146 cuncta

2213 1149 2502 1202 demonum
2536 1145 3062 1202 machinamentan
3090 1147 3278 1202 eodem
3313 1147 3432 1201 loco
3460 1147 3634 1214 fugata
3666 1145 3800 1201 deli-

2215 1221 2398 1274 ciant:
2440 1219 2575 1273 lsed
2605 1220 2766 1272 etiam
2822 1219 3139 1272 Sanctorum
3191 1218 3513 1284 Angelorum
3560 1220 3805 1272 cusuidia

2215 1305 2427 1361 semper
2467 1290 2537 1343 ibi
2566 1305 2831 1361 mansura?
2857 1288 3133 1361 consistat.
3187 1289 3255 1352 εἰ.
3290 1287 3478 1361 Amen.
3514 1284 3808 1361 Pcr_mis_e-

2216 1357 2524 1422 ticordiam,
2548 1370 2650 1413 etc.
2685 1358 2938 1413 Dominus
2959 1359 3026 1411 sit
3049 1374 3260 1426 semper
3281 1358 3574 1411 vobi-cum.
3615 1359 3652 1424 ἡ
3674 1398 3688 1412 .
3722 1357 3804 1412 Ει.

2218 1429 2529 1484 Benedictio
2568 1429 2659 1482 Dei
2689 1428 2860 1482 Patris
2888 1429 3272 1497 omnipotentis
3300 1436 3357 1480 et
3385 1427 3521 1492 Filii,
3555 1439 3609 1481 et
3632 1429 3740 1496 Spi:
3759 1429 3805 1481 i-

2219 1508 2305 1555 tus
2326 1499 2508 1556 Sancti
2537 1501 2825 1554 descendat
2847 1510 2904 1553 et
2928 1508 3320 1568 maneatsuper
3347 1499 3485 1553 hanc
3505 1508 3805 1554 creaturam

2219 1571 2346 1626 salis
2375 1580 2430 1625 et
2457 1586 2616 1640 aque.
2667 1571 2702 1638 ti
2726 1611 2738 1624 .
2768 1581 2803 1606 ιιι
2835 1571 3024 1623 Amen.

2291 1639 2607 1710 Antiphone.
2641 1649 2666 1676 ιι
2687 1643 2894 1709 Sparsit
2917 1657 3015 1694 nos
3032 1639 3170 1694 Deus
3195 1640 3430 1710 hyssopo
3459 1657 3470 1692 :
3497 1647 3552 1693 et
3579 1643 3806 1696 inunda-

2219 1709 2431 1766 bimur;
2469 1713 2672 1765 Iasabis
2720 1729 2817 1765 nos
2845 1722 2900 1765 ct
2946 1727 3107 1775 super
3155 1709 3329 1765 nivem
3378 1709 3654 1764 dealbabis
3685 1728 3803 1764 nos.

2235 1783 2263 1850 ᾖ
2295 1822 2307 1835 .
2333 1782 2584 1837 Miserere
2612 1783 2714 1836 mei
2742 1783 2880 1836 Deus
2907 1783 3200 1836 secundum
3227 1796 3470 1848 magnam
3497 1782 3808 1836 misericor-

2221 1855 2359 1906 diam
2384 1862 2526 1907 tuam
2553 1871 2565 1902 :
2599 1862 2655 1906 et
2674 1853 2966 1907 secundum
2987 1851 3374 1906 multitudinem
3406 1852 3808 1906 miserazionum

2228 1933 2435 1993 tuarum
2489 1923 2609 1977 dele
2661 1923 2996 1993 iniquitatem
3053 1939 3248 1993 meam.
3319 1921 3501 1993 Ifresb.
3564 1922 3804 1993 Layabis.

2242 1995 2270 2061 ᾗ
2296 2033 2309 2046 .
2341 1992 2522 2048 Gloria
2553 2003 2607 2047 et
2637 1991 2810 2048 honor
2841 1992 2983 2047 Patri
3015 2002 3070 2047 et
3094 1992 3226 2046 Filio
3254 2001 3307 2046 et
3334 1991 3578 2061 Spiritui.
3624 1992 3804 2046 I’resb.

2225 2064 2469 2119 Lavubis.
2519 2066 2590 2134 ᾖ.
2632 2063 2870 2120 Ostende
2918 2065 3076 2119 nobis
3113 2064 3337 2117 Domine
3384 2063 3807 2118 misericordiam

2225 2146 2388 2189 tuam.
2440 2135 2603 2200 ἣξει
2631 2136 2868 2190 salutare
2899 2146 3065 2189 tuum.
3117 2135 3187 2204 ᾗ.
3225 2134 3374 2188 Beati
3423 2135 3512 2202 qui
3564 2134 3810 2188 habitant

2223 2207 2274 2260 in
2307 2207 2468 2261 domo
2528 2216 2614 2261 tua
2653 2205 2896 2260 Durnine.
2953 2207 2987 2274 tit
3010 2247 3022 2260 .
3059 2206 3110 2259 In
3143 2205 3323 2258 secula
3355 2204 3658 2258 seculorum
3695 2207 3806 2259 lau-

2222 2277 2427 2332 dabunt
2489 2289 2561 2331 te.
2622 2277 2692 2344 ii.
2747 2275 2968 2332 Domine
3016 2275 3207 2329 exaudi
3259 2277 3557 2328 orationem
3613 2290 3806 2329 meam.

2237 2351 2273 2415 ri
2295 2389 2309 2401 .
2342 2347 2409 2402 Et
2435 2349 2659 2403 clamor.
2697 2347 2951 2402 Dominus
2978 2347 3046 2402 sit
3073 2361 3284 2415 semper
3311 2345 3602 2399 vobiscum.
3650 2347 3685 2410 (ἢ
3711 2391 3718 2398 .
3742 2345 3809 2400 Et

2220 2434 2341 2473 cum
2369 2419 2578 2490 spiritu.

2288 2507 2536 2564 Oremus.

2293 2599 2495 2658 Oratio.
2530 2601 2735 2656 Exaudi
2785 2617 2882 2658 nos
2927 2601 3155 2656 Domine
3183 2611 3367 2655 sancte
3417 2598 3576 2654 Pater
3619 2609 3808 2656 etcrno

2220 2672 2364 2727 Deus
2403 2684 2457 2727 et
2494 2675 2704 2727 mittere
2734 2672 2954 2740 dignare
2990 2681 3234 2728 sanctum
3265 2671 3526 2741 Aogelum
3559 2680 3704 2724 tuum
3738 2671 3809 2726 de

2219 2745 2350 2798 celis
2374 2784 2388 2808 ,
2425 2745 2514 2813 qui
2548 2761 2642 2797 nos
2672 2743 2980 2796 custodiat:
3013 2743 3190 2798 loveat
3221 2760 3233 2794 :
3268 2751 3548 2811 protegat:
3583 2743 3761 2796 visitet
3791 2760 3805 2808 ;

2219 2824 2272 2868 et
2308 2813 2559 2869 defendat
2601 2829 2788 2867 omnes
2838 2815 3142 2883 habitantes
3196 2814 3279 2867 vel
3324 2814 3708 2868 convenientes
3756 2813 3808 2868 in

2219 2885 2323 2940 hoc
2353 2885 2659 2939 habitaculi)
2689 2883 2801 2938 Dei.
2834 2883 2934 2939 Per
2965 2884 3235 2956 Christum
3260 2883 3566 2949 Dominum,
3592 2895 3699 2940 etc.

2220 3101 2454 3166 ciuntnr;
2479 3101 2670 3156 deinde
2703 3101 2752 3153 in
2776 3099 2971 3153 Missali
2995 3110 3178 3153 nostro
3193 3099 3431 3152 solemne
3455 3097 3580 3150 illud
3604 3095 3808 3151 Gotho-

2221 3170 2512 3240 llispanum
2544 3190 2633 3241 μω·
2664 3172 3069 3224 misericordiam
3113 3179 3274 3235 tuam,
3307 3179 3436 3234 ele.,
3472 3178 3526 3241 et
3556 3171 3810 3241 salutatio

602 3251 621 3275 ε
666 3239 699 3302 Ii;
723 3277 734 3288 .
755 3236 939 3292 Amen.
963 3234 1234 3312 Delinai‘di
1263 3237 1578 3312 l’onlihcale
1600 3242 1757 3296 habet
1792 3241 2115 3310 :perDomi-
2144 3237 2190 3298 C
2221 3234 2404 3312 populi
2446 3234 2698 3295 Dominus
2727 3244 2792 3294 sit
2823 3258 3044 3311 semper,
3090 3249 3219 3312 εις..
3265 3257 3382 3309 qum
3428 3243 3477 3292 in
3512 3238 3811 3312 l’ontilicali

525 3323 645 3362 num
674 3316 904 3382 nfstrtmt
946 3305 1120 3359 Jesnm
1152 3306 1441 3382 Christum,
1480 3312 1563 3381 qui
1593 3305 1836 3364 venturus
1862 3322 1936 3364 est
1957 3313 2107 3382 judi-

527 3395 645 3449 care
668 3377 822 3449 piros.
856 3387 904 3430 et
927 3387 1180 3449 mortuos,
1212 3385 1257 3449 et
1286 3377 1526 3432 swcnlurn
1559 3397 1649 3449 per
1675 3384 1860 3446 ignem.

597 3446 621 3483 ἀ
658 3447 895 3501 Domine.
925 3445 1072 3500 llanc
1102 3448 1422 3511 orationem,
1449 3445 1569 3515 qum
1599 3452 1650 3504 in
1687 3445 1978 3506 l’ontilieali
2003 3452 2109 3506 lle-

525 3517 719 3593 linardi
738 3529 932 3593 esstat,
961 3518 1244 3593 .\la_rt.,.»ni_us
1270 3516 1349 3586 (Cv.
1367 3519 1762 3593 l.‘3'i_5)_e.lidit,
1792 3539 1894 3593 apu
1920 3528 1928 3572 ι
1955 3538 2113 3590 quem

529 3585 823 3642 Benedictio
847 3603 994 3656 aqua:
1029 3585 1354 3641 inscribitur.
1395 3587 1462 3641 At
1489 3585 1724 3645 in'Sacra
1751 3585 1758 3639 ζ
1785 3585 1992 3647 entario
2009 3593 2115 3648 Bo-

525 3658 716 3722 biensi,
750 3659 946 3728 oratio,
986 3672 1102 3726 qua:
1139 3657 1426 3728 Bene-dictio
1470 3677 1616 3726 aqua:
1661 3663 1986 3728 inscribitur,
2036 3672 2119 3718 εει

523 3739 780 3805 consueta
807 3727 1170 3805 Gregoriana:
1205 3726 1375 3795 Dens,
1423 3733 1507 3799 qui
1549 3734 1763 3805 salutem
1795 3726 2002 3805 [mutaui
2024 3751 2114 3805 ge-

526 3801 703 3864 neris,
753 3808 859 3855 ete.
911 3798 1037 3855 Htec
1083 3816 1208 3854 vero
1253 3798 1472 3864 uestra,
1517 3803 1608 3857 sed
1660 3798 2116 3870 intsrgmlatafct

523 3870 766 3943 nonnihil
795 3880 1000 3943 mutata
1023 3911 1037 3935 ,
1089 3872 1664 3943 postcommist'onern
1715 3873 1840 3927 salis
1869 3883 1921 3927 rt
1965 3890 2114 3943 aqua:

522 3940 577 3994 in
595 3941 842 3996 Bobiensi
864 3940 1168 3997 exhibetur.
1196 3941 1306 3995 Non
1330 3943 1702 4008 omittemlmn,
1722 3945 1962 3999 solemne
1985 3940 2112 3998 illud

523 4009 810 4083 Ilttmitiate
837 4029 946 4079 vos,
973 4021 1028 4065 et
1055 4013 1427 4083 salutationem
1459 4025 1768 4068 consuetam
1791 4017 1970 4083 populi
2005 4015 2113 4070 Do-

521 4082 691 4134 minus
719 4084 784 4134 sit
804 4100 1005 4151 semper
1029 4081 1304 4146 vobiscum,
1334 4098 1453 4151 qyre
1479 4085 1529 4136 in
1564 4084 1758 4139 Missali
1789 4081 2017 4140 Ximenii
2038 4089 2112 4141 le-

521 4160 870 4224 gunturtngc
909 4141 961 4206 in
1008 4141 1308 4224 Pontilicali
1342 4141 1627 4224 liciinardi
1651 4195 1666 4219 ,
1716 4171 1814 4210 nec
1844 4155 1896 4208 in
1926 4156 2111 4210 Sacra-

525 4221 790 4277 mentari'o
820 4221 1097 4287 Βυὶήιήτί,
1131 4221 1373 4276 inveniri.

597 4289 922 4362 fluminum
956 4303 1201 4346 nostrum.
1233 4290 1434 4360 llelin.,
1463 4293 1632 4362 ﬁlium
1661 4303 1820 4350 tuum.

601 4359 618 4397 τ
656 4361 814 4416 Illud.
849 4362 1052 4427 llelin.,
1085 4379 1217 4415 eam.

593 4441 619 4478 κ
651 4431 858 4487 Omnia.
893 4431 1092 4497 llelin.,
1124 4441 1320 4489 nostra.

593 4499 620 4539 ιι
659 4502 728 4571 ii.
762 4505 943 4558 Amen.
976 4502 1032 4560 ln
1077 4502 1274 4572 llelin.,
1306 4523 1397 4575 per
1425 4507 1738 4576 Dominum,
1766 4520 1907 4578 etc.,
1940 4509 2108 4580 subji-

2268 3310 2492 3367 elinardi
2540 3321 2594 3367 et
2640 3314 2798 3366 etiam
2833 3310 3080 3367 Bobiensi
3109 3311 3541 3366 Sacramentari')
3599 3310 3812 3364 deside-

2220 3391 2422 3438 rantur.

2298 3455 2310 3490 ί
2347 3452 2556 3508 Eterne.
2591 3452 2719 3507 Hice
2760 3457 2932 3508 oratio
2964 3455 3014 3507 in
3048 3452 3346 3506 Pontilicali
3394 3451 3666 3505 llelinardi
3712 3464 3809 3505 ex-

2222 3533 2348 3593 stat,
2379 3535 2431 3579 et
2457 3525 2592 3595 apud
2611 3523 2940 3595 _Martrninm
2972 3524 3105 3595 (Col.
3148 3521 3275 3592 756)
3303 3523 3445 3576 edita
3488 3530 3569 3576 est
3608 3521 3675 3595 Aln
3705 3519 3811 3575 Sa-
3872 3528 3875 3531 ’

2223 3593 2880 3666 (ιι-ειιιεηῃξὶίοΒιψὶεηκι,
2915 3593 3013 3666 pro
3043 3596 3142 3649 hac
3187 3595 3449 3657 oratione,
3494 3593 3714 3666 ponitur
3744 3607 3808 3647 ea

2225 3681 2328 3735 qua
2361 3666 2413 3720 in
2438 3664 2632 3721 Missali
2664 3663 2929 3730 Ximenii,
2955 3675 3075 3734 post
3118 3668 3495 3735 exorcismum,
3533 3664 3608 3716 sal
3641 3665 3808 3717 bene-

2225 3730 2438 3800 dicitur,
2468 3737 2558 3790 sed
2591 3736 2830 3790 nonnihil
2861 3730 3156 3798 immutata,
3191 3730 3276 3789 uti'
3296 3735 3540 3804 superius
3564 3735 3773 3804 Inonui.

2298 3810 2312 3857 t
2357 3805 2452 3861 Ubi
2483 3807 2786 3859 distinxisli.
2817 3807 2956 3876 Lege
2985 3810 3056 3861 ita
3083 3802 3392 3869 dtstittxisti;
3419 3804 3470 3858 in
3503 3802 3660 3856 Pont.
3694 3803 3806 3856 lle-

2223 3878 2414 3933 linardi
2447 3878 2499 3930 in
2529 3877 2635 3947 ﬁde
2663 3876 2966 3932 distinxisti.

2297 3947 2317 3986 ¹ι
2345 3948 2424 4000 Ad
2469 3941 2808 4001 commodum.
2848 3950 3002 4003 Forte
3033 3947 3435 4001 accommodum.
3491 3944 3643 3999 Pont.
3700 3941 3806 3998 ηρ.

2222 4020 2335 4083 lin.,
2364 4019 2702 4072 commodum.

2293 4089 2308 4127 ι
2339 4091 2444 4144 Sed
2473 4092 2647 4142 etiam.
2677 4089 2831 4143 Pont.
2863 4089 3056 4152 Helin.,
3086 4099 3154 4143 et.

2296 4172 2330 4197 ιιι
2377 4162 2412 4228 ti
2435 4200 2446 4212 .
2479 4162 2657 4212 Amen.
2695 4158 2850 4214 Pont.
2887 4160 3084 4224 llelin.,
3135 4178 3224 4230 per
3257 4159 3562 4224 Dominum,
3596 4166 3728 4223 etc.,
3755 4156 3812 4210 in

2217 4242 2400 4286 nostro
2424 4233 2821 4299 subsequuntur
2843 4249 2932 4301 per
2957 4233 3386 4295 misericordiam,
3419 4240 3546 4294 etc,
3581 4237 3634 4282 et
3656 4231 3810 4301 sa‘u-

2217 4303 2349 4372 talio
2378 4301 2580 4372 populi,
2607 4298 2665 4354 et
2689 4298 2993 4357 benedictio
3021 4303 3147 4358 salis
3172 4312 3226 4357 et
3255 4316 3408 4370 aquze
3431 4339 3446 4365 ,
3471 4317 3589 4370 quae
3617 4298 3804 4354 omnia

2216 4371 2515 4428 Pontilieali
2547 4371 2819 4427 llelinardi
2845 4374 3054 4428 desunt.

2287 4455 2311 4480 π
2336 4443 2562 4515 Sparsit.
2594 4443 2772 4511 Forte,
2802 4462 3061 4515 asperges.
