4040 6356
869 674 1547 827 MISSA
1601 685 1871 826 LE
2001 685 2925 841 MIXTUM

1207 951 1629 1015 SECUNDUM
1676 955 2059 1019 REGULAM
2104 960 2174 1018 B.
2214 958 2511 1024 lSI-DOR-l

1173 1158 1369 1262 DIC
1388 1161 1667 1265 TUM
1750 1164 2576 1279 MOZABABES.

1548 1508 1790 1603 pars
1860 1497 2171 1611 prima.

302 1862 345 1929 ι
383 1856 703 1912 DUMINICA
746 1853 951 1909 PRIMA
996 1860 1019 1886 τι
1066 1851 1431 1909 ADVENTUS
1475 1852 1722 1909 DOMINI.

683 1948 762 1999 Ad
794 1945 1008 1999 Missam
1044 1944 1066 1982 δ
1103 1944 1357 2015 Ofﬁcium.

293 2054 314 2083 ε
358 2045 494 2099 Ecce
526 2057 687 2110 super
726 2051 936 2095 montes
979 2039 1140 2108 pedes
1176 2039 1588 2108 evangelizantis
1628 2055 1809 2108 pacem

225 2136 454 2204 alleluia.
482 2136 541 2190 Et
567 2134 945 2189 annunciantis
984 2133 1117 2186 bona
1159 2131 1372 2199 alleluia
1401 2150 1411 2183 :
1447 2132 1656 2186 celebra
1677 2133 1809 2188 Juda

227 2226 526 2282 festivitates
564 2237 684 2281 tuas
713 2225 946 2294 alleluia.
996 2226 1058 2278 lit
1098 2223 1261 2279 redde
1302 2223 1525 2277 Domino
1556 2234 1675 2278 vota
1723 2234 1810 2279 tua

227 2320 453 2385 alleluia.
488 2320 518 2387 ᾖ
546 2361 558 2373 ,
578 2318 606 2355 ἀ
636 2318 885 2372 Dominus
907 2316 1055 2371 dabit
1078 2318 1298 2371 verbum
1321 2317 1808 2384 evangelizantibus

229 2410 283 2464 in
325 2414 512 2466 virtute
549 2413 730 2465 multa.
774 2409 839 2464 P.
877 2411 939 2465 Et
978 2408 1163 2465 redde.
1210 2410 1245 2479 ᾗ
1270 2450 1283 2462 .
1318 2407 1495 2464 Gloria
1540 2420 1593 2464 et
1639 2410 1807 2464 honor

232 2500 370 2555 Patri
399 2512 450 2557 et
476 2501 601 2557 Filio
629 2512 679 2556 et
721 2502 930 2570 Spiritui
967 2500 1166 2555 Sancto
1208 2503 1259 2553 in
1290 2500 1470 2556 secula
1502 2487 1803 2583 seculor‘um

223 2611 397 2650 alueo.
434 2595 497 2650 Ρ.
529 2596 593 2650 Et
623 2594 804 2651 redde.
1423 2653 1438 2665 ,

290 2684 434 2740 Dicat
469 2685 639 2740 Presb.
684 2686 784 2741 Per
812 2686 992 2741 omnia
1030 2699 1244 2754 semper
1274 2683 1448 2738 sicula
1479 2684 1800 2740 seculorum.

235 2777 269 2842 ti
288 2817 301 2831 .
333 2779 517 2833 Amen.

287 2866 348 2923 In
378 2872 589 2924 adventu
624 2869 830 2923 Domini
860 2886 963 2923 non
996 2868 1211 2922 dicimus
1237 2884 1254 2920 :
1284 2866 1459 2923 Gloria
1495 2868 1544 2922 in
1576 2867 1801 2923 excelsis

222 2961 487 3018 Dominicis
516 2964 692 3017 diebus
722 2971 770 3017 et
801 2962 944 3026 feriis
978 2978 996 3015 :
1027 2963 1113 3016 sed
1154 2972 1348 3015 tantum
1375 2961 1547 3015 diebus
1587 2962 1797 3029 festiuis.

283 3065 305 3092 ε
337 3054 531 3111 Oratio.
571 3057 713 3112 Deus
741 3056 829 3125 qui
861 3070 957 3126 per
986 3056 1253 3121 angelicas
1282 3055 1476 3109 choros
1513 3055 1798 3108 adventum

225 3146 300 3201 lilii
322 3150 390 3203 tui
414 3148 618 3204 Domini
645 3152 811 3203 nostri
835 3150 963 3204 Jesu
984 3149 1177 3203 (lbristi
1199 3151 1525 3203 annunciare
1548 3147 1793 3202 voluisti:

2310 1738 2365 1753 ν-

1835 1860 1881 1915 Α
1913 1855 2121 1911 consilii
2151 1867 2202 1911 et
2234 1856 2560 1916 fortitudinis
2590 1879 2603 1916 :
2637 1864 2855 1932 spiritus
2894 1871 3114 1928 scientia
3152 1883 3207 1930 et
3248 1878 3457 1947 pietatis
3492 1900 3506 1937 :

1914 1959 1966 2002 et
1998 1948 2221 2016 replebit
2251 1963 2371 2004 eum
2403 1952 2620 2018 Spiritus
2659 1954 2863 2012 timoris
2903 1959 3131 2017 Domini.
3172 1966 3286 2021 Non
3318 1984 3511 2026 secunc

1912 2042 2037 2096 dum
2070 2043 2332 2100 visionem
2359 2045 2634 2103 oculorum
2670 2048 2926 2117 iudicabit
2957 2071 2969 2107 :
3005 2071 3177 2127 neque
3210 2063 3507 2120 secundum

1912 2136 2147 2190 auditum
2194 2139 2402 2193 aurium
2454 2150 2639 2211 arguet
2683 2161 2696 2196 :
2745 2145 2839 2201 sed
2880 2147 3138 2215 iudicabit
3193 2155 3244 2209 in
3290 2156 3507 2225 justicia

1912 2244 2175 2298 pauperes
2205 2249 2216 2282 :
2251 2240 2303 2286 et
2327 2242 2516 2301 arguet
2548 2235 2597 2287 in
2629 2238 2863 2304 equitate
2892 2254 2990 2308 pro
3017 2246 3310 2301 mansuetis
3341 2258 3500 2305 terre.

1911 2321 1977 2376 Et
2004 2324 2268 2390 percncict
2294 2333 2489 2379 terram
2513 2326 2659 2394 virga
2684 2327 2791 2383 oris
2814 2330 2892 2384 sui
2917 2347 2931 2385 :
2954 2341 3010 2386 et
3027 2333 3216 2402 spiritu
3247 2337 3505 2395 Iabiornm

1909 2429 2125 2469 suorum
2161 2416 2441 2472 interliciet
2477 2417 2717 2487 impium.
2762 2421 2826 2475 Et
2853 2424 2954 2477 erit
2989 2425 3198 2494 justicia
3231 2433 3500 2503 ctng’ultuu

1910 2507 2211 2563 lumborum
2265 2508 2381 2579 eius
2422 2528 2433 2563 ε
2481 2521 2533 2565 et
2575 2511 2704 2567 fides
2759 2514 3076 2573 cinctorium
3133 2536 3317 2577 renum
3363 2525 3502 2593 eius.

1907 2599 2177 2655 "abitabit
2214 2600 2368 2668 lupus
2403 2617 2523 2656 cum
2562 2618 2699 2671 agno
2728 2623 2741 2659 :
2772 2615 2827 2661 et
2866 2608 3059 2675 pardus
3086 2626 3209 2667 cum
3248 2614 3386 2670 ltedo
3412 2631 3501 2670 aea

1906 2691 2136 2747 cubabit.
2172 2693 2378 2747 Vitulus
2407 2706 2462 2749 et
2492 2694 2574 2749 leo
2601 2705 2657 2750 et
2684 2699 2799 2752 ovis
2829 2699 2985 2753 simul
3024 2703 3372 2759 morabuntur
3402 2723 3415 2758 :
3449 2716 3505 2762 et

1905 2786 2038 2854 puér
2070 2786 2317 2851 parvulus
2354 2786 2573 2841 minabit
2612 2802 2723 2843 eos.
2768 2789 2971 2845 Vitulus
3008 2802 3059 2847 et
3090 2809 3249 2850 ursus
3279 2811 3502 2865 pascen-

1906 2885 1991 2930 tur
2023 2894 2035 2928 :
2074 2877 2233 2931 simul
2274 2879 2611 2947 requiescent
2654 2880 2814 2935 catuli
2852 2897 3036 2945 eorum
3080 2902 3093 2938 :
3133 2894 3189 2940 et
3226 2886 3310 2942 leo
3347 2891 3501 2957 quasi

1904 2969 2001 3024 bos
2032 2972 2273 3027 comedet
2304 2974 2503 3042 paleas.
2549 2975 2614 3028 Et
2641 2974 2994 3031 delectabitur
3032 2976 3204 3031 infans
3233 2980 3301 3034 ab
3329 2982 3496 3036 ubere

1902 3078 2062 3131 super
2104 3063 2359 3119 foramina
2405 3067 2649 3132 aspidis:
2690 3076 2744 3122 et
2788 3067 2839 3121 in
2882 3083 3109 3139 caverna
3152 3072 3319 3140 reguli
3353 3089 3366 3123 :
3408 3074 3497 3142 qui

1902 3154 2196 3210 ablactatus
2215 3154 2379 3210 fuerit
2404 3174 2414 3209 :
2444 3172 2660 3212 manum
2684 3174 2835 3212 suam
2863 3158 3054 3214 mittet.
3085 3160 3197 3215 Non
3227 3162 3497 3218 nocebunt

226 3239 296 3307 qui
327 3258 415 3309 per
445 3247 769 3312 Angelorum
798 3244 1042 3311 precouia
1069 3244 1237 3311 gloria
1269 3244 1321 3296 in
1353 3239 1578 3297 eaeelsis
1605 3242 1714 3296 Deo
1742 3250 1795 3297 et
1823 3222 1870 3281 B
1899 3256 1955 3303 et
1982 3264 2087 3302 non
2114 3251 2363 3305 occident
2392 3250 2443 3304 in
2477 3253 2729 3307 universo
2759 3264 2940 3308 monte
2967 3263 3153 3310 sancto
3182 3272 3300 3312 meo
3329 3275 3339 3309 :
3371 3260 3496 3327 quia

226 3335 268 3388 in
288 3344 415 3391 terra
441 3353 537 3406 pax
566 3337 875 3392 hominibus
902 3338 1041 3391 bone
1062 3338 1350 3392 voluntatis
1369 3338 1451 3390 adt
1473 3337 1793 3390 laniantilus

225 3426 571 3484 demonstrasti
606 3446 621 3484 :
655 3430 893 3485 concede
922 3439 979 3483 ut
1018 3431 1067 3483 in
1102 3428 1257 3498 IlujUS
1290 3429 1563 3483 Dominice
1596 3428 1793 3482 Resur-

224 3521 446 3575 rcctionis
476 3521 790 3577 Festivitate
818 3540 830 3573 :
866 3537 963 3590 pax
997 3522 1151 3576 terris
1182 3520 1387 3575 reddita
1417 3520 1752 3575 convalescat
1779 3538 1789 3573 :

224 3622 270 3669 et
294 3613 509 3672 fraterne
537 3617 858 3673 delectionis
887 3618 1149 3673 cbaritate
1180 3618 1430 3671 innovata
1462 3626 1788 3686 permaneat.

234 3706 267 3766 ἡ
285 3748 298 3761 .
326 3711 505 3766 Amen.

287 3802 421 3857 Dicat
467 3806 749 3860 Sacerdos.
806 3804 907 3859 Per
970 3804 1387 3858 misericordiam
1459 3812 1601 3856 tuam
1655 3803 1794 3858 Deus

222 3905 390 3950 noster
415 3900 496 3967 qui
525 3914 583 3953 es
621 3898 936 3953 benedictus
968 3914 981 3951 :
1011 3906 1065 3952 et
1096 3897 1228 3951 vivis
1255 3906 1307 3951 et
1335 3897 1513 3952 omnia
1556 3896 1697 3965 regis
1739 3895 1790 3948 iu

221 3988 386 4042 secula
412 3991 733 4044 seculorum.
775 3990 813 4057 ἡ
836 4029 848 4043 .
875 3990 1065 4043 Amen.
1110 3988 1146 4057 ᾖ
1172 4027 1183 4042 .
1211 3988 1464 4041 Dominus
1490 3987 1558 4040 sit
1581 4000 1793 4054 semper

218 4082 489 4137 vobiscum.
538 4084 579 4151 ιὲ
600 4123 612 4135 .
650 4083 716 4136 Et
746 4098 867 4138 cum
898 4082 1085 4152 spiritu
1117 4092 1224 4138 tuo.

352 4176 521 4232 Lectio
550 4179 667 4232 libri
696 4177 864 4249 Esaye
890 4177 1130 4249 prapltetc
1162 4174 1209 4249 (ί
1242 4176 1371 4245 Cap.
1403 4174 1476 4241 X,
1508 4173 1638 4245 XI).

289 4270 323 4337 ti
341 4309 355 4324 .
392 4271 499 4327 Deo
530 4272 752 4340 gratias.

279 4366 404 4421 Ecce
450 4368 760 4422 dominator
807 4365 1064 4420 Dominus
1114 4364 1446 4420 exercituum
1496 4361 1792 4431 confringet

216 4456 526 4527 lagunculam
564 4461 617 4513 in
648 4470 853 4513 terrore
880 4475 895 4513 :
925 4467 977 4513 et
1006 4457 1204 4513 excelsi
1238 4467 1440 4513 statura
1470 4455 1792 4510 succinden-

216 4559 288 4603 tur
330 4571 341 4605 :
386 4562 439 4607 et
484 4552 750 4608 sublimes
794 4549 1213 4605 bumiliabuntur
1256 4567 1268 4602 :
1314 4558 1367 4604 et
1413 4549 1788 4603 subvertentur

214 4646 452 4700 condensa
483 4646 658 4700 saltus
680 4644 797 4712 eius
834 4644 974 4698 ferro
1016 4661 1029 4696 :
1072 4652 1124 4697 et
1152 4642 1382 4697 Libanus
1406 4656 1525 4696 cum
1553 4640 1781 4696 excelsis

214 4736 365 4794 cadet.
394 4736 456 4792 Et
486 4738 799 4807 egredietur
820 4737 964 4804 virga
994 4736 1060 4790 de
1086 4735 1261 4790 radice
1288 4735 1440 4790 Jesse
1469 4752 1479 4785 :
1508 4742 1562 4788 et
1591 4733 1690 4786 llos
1716 4733 1781 4786 de

212 4830 365 4886 radice
393 4833 512 4902 eius
553 4831 809 4886 ascendet
839 4847 851 4883 :
885 4839 938 4883 et
967 4828 1261 4898 requiescet
1288 4842 1448 4896 super
1476 4841 1596 4880 eum
1628 4825 1783 4892 spiri-

214 4934 281 4977 tus
306 4926 511 4983 Domini
542 4943 558 4980 :
590 4926 811 4997 spiritus
838 4924 1098 4994 sapientia
1122 4930 1176 4977 et
1198 4921 1500 4976 intellectus
1527 4936 1538 4970 :
1566 4920 1784 4984 spiritus

272 5108 293 5136 ³
345 5103 630 5156 Adventus.
694 5100 909 5156 Missale
954 5109 1009 5155 et
1059 5097 1387 5153 Breviarium
1437 5096 1778 5151 Mozarabum

210 5184 287 5224 sex
329 5172 637 5227 Dominicer
680 5172 954 5226 Adventus
1005 5177 1310 5235 numerant,
1362 5175 1495 5238 quot
1546 5168 1780 5221 Ecclesia

214 5240 610 5299 Nediolanensis
643 5247 857 5299 retinet.

269 5312 294 5350 δ
319 5314 575 5385 (Midam.
624 5314 931 5371 Antinltona
960 5328 1079 5382 qua:
1120 5327 1173 5385 tn
1206 5308 1671 5385 MissaliRomano
1703 5310 1784 5363 iu-

212 5381 386 5439 troilus
408 5388 629 5450 dicitur,
660 5387 711 5439 in
746 5384 849 5439 hoc
881 5381 1064 5439 nostro
1094 5384 1313 5452 oﬂicium
1352 5381 1419 5433 ad
1450 5381 1657 5434 missam
1688 5394 1786 5434 no-

212 5467 441 5510 minatur.

274 5535 293 5561 ε
320 5525 451 5581 Ecce
498 5543 676 5596 super.
708 5526 938 5590 Nanutu,
1006 5541 1079 5589 tv,
1120 5522 1188 5577 15
1233 5522 1643 5577 :Annuntiantis
1694 5521 1784 5575 bo-

211 5612 334 5656 um.
360 5614 429 5652 el
459 5598 618 5664 Isaia,
652 5613 743 5661 ut,
775 5599 829 5652 7.

206 5665 292 5786 Hd
317 5667 568 5722 Dominus
593 5669 731 5722 dabit
758 5668 959 5722 verbum
987 5665 1472 5739 euangelisautibus.
1499 5665 1589 5721 Ps.
1614 5677 1780 5732 exvit,

268 5818 289 5843 ο
320 5808 518 5863 Oratio.
549 5810 690 5865 Nulli
721 5810 950 5865 orationi
983 5808 1210 5864 Missalis
1255 5807 1595 5863 Mozarabum
1641 5822 1779 5876 prae-

204 5879 416 5935 mittitur
448 5878 685 5936 Oremus.
727 5883 837 5947 llis,
872 5881 928 5935 iu
956 5887 1064 5936 tota
1118 5882 1301 5948 missa,
1354 5876 1608 5936 sacerdos
1651 5878 1777 5933 dicit

1896 3340 2097 3409 repleta
2128 3352 2207 3395 est
2248 3350 2386 3395 terra
2424 3342 2648 3397 scientia
2688 3342 2897 3398 Domini
2934 3361 2948 3398 :
2981 3346 3118 3401 sicut
3154 3361 3291 3418 aque
3333 3350 3493 3406 maris

1896 3433 2208 3504 aperientis.
2242 3434 2298 3488 In
2327 3435 2413 3491 die
2444 3436 2528 3490 illa
2560 3437 2709 3490 radix
2739 3437 2887 3493 .lesse
2916 3438 3004 3507 qui
3044 3449 3145 3493 stat
3185 3440 3237 3495 in
3276 3442 3485 3511 signum

1897 3527 2212 3596 populorum
2258 3544 2271 3581 τ
2319 3529 2491 3598 ipsum
2535 3540 2721 3597 gentes
2762 3529 3188 3598 deprecabuntur
3230 3550 3243 3588 :
3291 3544 3344 3588 et
3386 3535 3491 3588 erit

1895 3618 2234 3687 sepulchrum
2264 3619 2377 3688 ejus
2403 3620 2715 3690 gloriosum.
2765 3622 2803 3690 ἡ
2824 3659 2839 3675 .
2871 3624 3061 3678 Amen.

1970 3711 2114 3766 Dicat
2158 3711 2334 3767 Presb.
2382 3716 2433 3767 in
2472 3730 2630 3768 cornu
2669 3716 2930 3770 sinistrum
2973 3717 3185 3771 Altaris.
3235 3718 3491 3775 Dominus

1895 3804 1961 3859 sit
1990 3819 2203 3870 semper
2233 3805 2528 3860 vobiscum.
2579 3808 2649 3872 ri.
2684 3804 2750 3860 Et
2777 3823 2917 3863 cum.

1967 3908 1991 3946 α
2031 3897 2328 3952 Psallendo.
2361 3902 2460 3965 Qui
2492 3900 2585 3954 dat
2613 3901 2785 3954 nivem
2817 3899 2954 3955 sicut
2988 3900 3161 3955 lanam
3194 3919 3205 3953 :
3240 3902 3485 3957 nebulam

1895 3988 2039 4043 velut
2076 3990 2307 4044 cinerem
2347 3990 2548 4061 spargit
2581 4008 2593 4042 :
2628 3991 2715 4059 qui
2747 3991 2943 4045 emittit
2970 3991 3300 4047 cbristallum
3332 4009 3480 4049 suam

1894 4079 2028 4134 sicut
2058 4082 2088 4117 ι
2120 4083 2282 4135 frusta
2314 4082 2481 4149 panis.
2518 4082 2656 4136 Ante
2694 4081 2883 4137 faciem
2922 4081 3134 4154 frigoris
3189 4085 3305 4155 eius
3338 4084 3355 4124 ί
3394 4089 3483 4154 qui

1892 4170 2178 4226 subsistet?
2224 4172 2236 4221 i
2308 4173 2378 4241 ᾗ.
2429 4172 2586 4228 Mittit
2630 4175 2851 4230 verbum
2896 4190 3047 4231 suum
3090 4184 3143 4231 et
3184 4176 3487 4246 liquefmiet

1891 4278 1951 4318 ea
1985 4282 1996 4316 :
2027 4263 2051 4303 ιι
2087 4263 2175 4319 ﬂat
2203 4265 2420 4333 spiritus
2449 4264 2567 4336 eius
2596 4275 2649 4320 et
2672 4266 2838 4322 ﬂuent
2865 4283 3018 4339 aque.
3049 4266 3114 4321 P.
3140 4270 3298 4323 Ante.
3334 4270 3486 4325 Dicat

1893 4355 2167 4412 Sacerdos.
2204 4356 2483 4413 Silentium
2518 4358 2696 4414 facile.

1998 4471 2275 4543 Sequentia
2301 4472 2730 4615 Elliuozéagattfxt'
2746 4474 2989 4615 {gestanti
3015 4475 3091 4528 ad
3116 4474 3375 4531 Romanos

1961 4638 2184 4709 Respon.
2220 4637 2435 4691 Chorus.
2473 4638 2581 4691 Deo
2611 4638 2829 4707 gratias.

1961 4730 2172 4784 Fratres
2205 4748 2215 4781 :
2248 4728 2436 4783 Ccrtus
2472 4744 2586 4783 sum
2627 4743 2726 4798 ego
2765 4731 2878 4799 ipse
2907 4730 2974 4783 de
3006 4729 3154 4784 vobis
3185 4748 3196 4782 :
3230 4729 3477 4799 quoniam

1888 4835 1940 4879 et
1970 4825 2069 4893 ipsi
2102 4825 2238 4893 pleni
2271 4822 2399 4879 estis
2438 4823 2723 4877 dilectione
2752 4839 2765 4876 :
2800 4823 2989 4892 repleti
3026 4822 3167 4877 omni
3210 4820 3428 4877 scientia
3459 4837 3474 4875 :

1890 4916 1958 4970 ita
2003 4924 2062 4970 ut
2108 4913 2320 4985 possitis
2359 4915 2670 4970 alterutrum
2715 4929 2954 4971 monere.
3003 4914 3258 4968 Audatius
3300 4921 3477 4968 autem

1892 5095 2112 5150 Oremus
2133 5112 2152 5161 ;
2173 5095 2339 5149 semel
2368 5104 2491 5150 ante
2511 5095 2688 5164 Agios,
2719 5103 2768 5149 et
2794 5096 2984 5149 iterum
3015 5098 3137 5143 ante
3180 5089 3473 5159 capitulum

1886 5167 2289 5237 quodgorationi
2324 5165 2614 5237 Dominica:
2647 5165 3005 5237 prgemittitur.

1904 5230 1921 5319 ξ
1962 5234 2138 5362 fxtll’ap.
2173 5235 2239 5290 Χ.
2278 5240 2317 5291 Α
2371 5230 2733 5293 γετδὶρυιοῦὖ
2761 5237 2825 5289 ad
2862 5230 3181 5288 versiculum
3216 5232 3278 5286 11
3321 5232 3468 5303 capi-

1889 5318 1953 5362 IIS
2057 5346 2070 5361 .
3078 5326 3081 5329 ’

1962 5390 1987 5427 ις
2019 5379 2318 5432 Psallendo.
2354 5378 2499 5434 Psal.
2530 5393 2729 5440 cstvtt,
2764 5376 2850 5430 16.

1960 5451 1988 5487 ιι
2014 5449 2210 5504 Frusto
2242 5452 2404 5517 punis.
2437 5452 2508 5503 Ita
2543 5450 2718 5502 Italica
2750 5446 2883 5513 apud
2916 5443 3168 5499 Thomas.

1968 5521 1981 5558 ί
2016 5522 2115 5586 Qui
2139 5522 2393 5575 subsistet.
2432 5522 2559 5572 Aliae
2590 5533 2798 5583 omnes,
2829 5518 2961 5588 quis.

1963 5593 1975 5641 ἱ
2032 5594 2101 5657 Ῡ.
2142 5594 2228 5647 Ps.
2264 5606 2458 5652 cxcvtt,
2494 5589 2579 5642 18.

1958 5662 1981 5701 ιι
2012 5663 2149 5718 Fiat.
2187 5664 2403 5729 Vulgata
2443 5671 2491 5712 et
2524 5657 2683 5722 LXX,
2719 5661 2885 5729 ﬂabit.
2934 5658 3178 5722 Arabica,
3228 5658 3320 5729 [tat
3344 5673 3467 5711 acn-

1885 5744 1965 5788 tus
2001 5738 2131 5806 ejus.
2168 5728 2380 5803 Syriaca
2411 5738 2465 5782 et
2494 5729 2715 5785 Hebrtea
2748 5744 2983 5801 tempore
3015 5728 3266 5799 praesenti
3294 5743 3466 5783 enun-

1886 5807 2040 5860 tiant.

1959 5874 1970 5911 ί
2006 5877 2133 5945 Cap.
2167 5871 2290 5927 XV.
2330 5868 2477 5923 Vers.
2515 5871 2706 5927 14-99.
