4040 6356
293 3090 317 3117 τ

441 1263 599 1333 .itute
638 1254 907 1326 signorum
953 1264 1007 1309 et
1052 1255 1415 1327 prodigiorum

442 1350 453 1355 ”
488 1346 667 1402 Sancti
696 1362 711 1400 :
742 1350 814 1401 ita
842 1355 903 1402 ut
928 1348 995 1401 ab
1026 1348 1352 1403 Hierusalem
1385 1363 1477 1419 per
1502 1349 1609 1403 cite.
1634 1349 1779 1403 iitum
1811 1363 1974 1418 usque
2007 1346 2071 1401 ad

495 403 586 457 111
1207 395 1494 452 fdlSSALE
1533 393 1802 452 MIXTUM
1841 394 1988 449 SEC.
2035 391 2189 447 REG.
2240 393 2298 447 11.
2344 392 2611 450 15200111.
2662 423 2729 433 -
2769 393 2948 483 PARS
2987 392 3001 446 I
3656 396 3756 451 1ιῖ

492 519 677 589 scripsi
709 519 855 589 yobis
880 520 1069 575 fratres
1093 534 1155 574 ex
1183 528 1366 589 parte:
1394 529 1641 588 tanquam
1676 518 1727 571 in
1760 515 2070 571 memoriam
2104 514 2151 573 Α
2184 513 2431 567 Ahraam.
2479 514 2604 569 Dico
2640 513 2779 569 enim
2816 512 2964 566 Vobis
2997 530 3008 565 :
3045 512 3162 581 quia
3199 520 3380 581 potens
3413 522 3490 568 est
3526 512 3663 571 Deus
3692 517 3757 573 de

491 628 586 669 vos
624 612 884 668 reducens
916 629 928 665 :
966 622 1176 681 prepter
1212 611 1431 680 gratiam
1462 624 1565 678 que
1605 609 1728 663 data
1766 616 1847 662 est
1888 607 2013 660 mihi
2047 621 2077 659 a

489 707 601 761 Deo
632 722 645 758 :
678 714 736 759 ut
761 707 860 758 sim
891 703 1126 757 Minister
1152 699 1348 755 Christi
1387 699 1511 757 Jesu
1551 701 1602 755 in
1634 700 1879 771 gentibus
1909 715 1921 751 :
1956 711 2075 751 san-

490 797 729 852 ctilicans
761 797 1099 868 Evangelium
1128 794 1219 848 Dei
1250 811 1263 847 :
1298 802 1355 848 ut
1382 796 1471 849 fiat
1499 796 1697 849 oblatio
1725 795 1960 864 gentium
1991 807 2078 846 ae-

488 898 638 957 cepta
670 897 723 943 et
757 886 1079 943 sanctiﬁcata
1118 886 1169 939 in
1205 885 1403 953 Spiritu
1444 886 1659 941 Sancto.
1704 885 1881 939 "abeo
1920 884 2078 951 igitur

487 980 709 1047 gloriam
741 978 790 1032 in
816 978 1022 1032 Christo
1062 973 1186 1031 Jesu
1226 979 1290 1030 ad
1337 977 1521 1031 Deum.
1567 976 1681 1031 Non
1723 977 1862 1030 enim
1907 975 2076 1030 audeo

488 1071 684 1141 aliquid
717 1072 855 1142 loqui
887 1086 1069 1126 eorum
1100 1087 1204 1143 que
1232 1087 1324 1141 per
1353 1088 1437 1126 me
1467 1087 1571 1127 non
1604 1070 1768 1125 efticit
1794 1071 2032 1125 Christus
2058 1086 2072 1128 :

487 1162 897 1218 inobetlientiam
928 1165 1186 1234 gentium.
1234 1165 1286 1218 In
1317 1165 1481 1220 verbo
1510 1182 1524 1218 :
1567 1173 1621 1218 et
1651 1163 1802 1219 factis
1833 1181 1847 1219 :
1890 1164 1939 1217 in
1972 1164 2074 1217 vir-

1461 1274 1473 1310 :
1516 1258 1567 1311 in
1607 1257 1802 1312 virtute
1845 1256 2074 1325 Spiritus

482 1439 732 1495 lllirieum
776 1441 1091 1509 repleverim
1132 1441 1467 1510 evangelium
1509 1440 1724 1495 Cui-isti.
1771 1442 1860 1494 Sic
1899 1448 2073 1493 autem

482 1531 749 1600 predicavi
790 1532 891 1587 hoc
930 1534 1263 1602 evangelium
1308 1550 1320 1584 :
1368 1547 1471 1588 non
1515 1532 1601 1586 ubi
1648 1532 1948 1585 nominatus
1992 1540 2073 1584 est

480 1620 725 1677 Christus
768 1638 783 1677 :
840 1638 907 1677 ne
947 1636 1106 1692 super
1143 1623 1376 1678 alienum
1417 1622 1818 1677 fundamentum
1862 1622 2075 1678 edilica-

480 1727 638 1767 rem:
671 1714 808 1768 sicut
845 1715 1099 1779 scriptum
1138 1724 1240 1769 est.
1279 1715 1476 1782 Quibus
1520 1728 1623 1769 non
1668 1718 1718 1785 2
1758 1725 1838 1769 est
1868 1730 2072 1769 annun-

480 1809 675 1861 ciatum
702 1807 769 1862 de
797 1822 863 1862 eo
888 1808 1182 1863 videbunt:
1216 1817 1268 1863 et
1295 1808 1383 1878 qui
1415 1823 1517 1863 uon
1559 1809 1839 1862 audierunt
1878 1809 2072 1863 iulelli~

2181 604 2444 674 lapidibus
2480 606 2597 661 istis
2634 605 2891 660 suscitare
2927 606 3061 659 ῦιὶτιδ
3091 605 3319 660 Abrahe.
3356 603 3472 659 lam
3503 609 3644 661 enim
3676 622 3759 665 sc-

2178 700 2320 753 curis
2348 699 2413 752 ad
2452 698 2685 754 radicem
2725 698 2929 753 arboris
2960 697 3127 768 posita
3163 707 3265 753 est.
3306 698 3491 753 Omnis
3519 714 3647 770 ergo
3677 716 3759 754 ar-

2180 792 2275 846 bor
2323 808 2426 845 non
2470 792 2669 847 faciens
2716 793 2944 845 fructum
2991 791 3187 846 bonum
3231 809 3244 843 :
3290 791 3565 847 excidetur
3611 801 3666 845 et
3708 794 3759 848 in

2178 882 2353 955 ignem
2383 882 2638 937 mittetur.
2664 883 2728 937 Et
2758 882 3154 951 interrogabant
3177 898 3296 937 eum
3326 884 3478 938 turbe
3499 884 3758 939 dicentes.

2177 972 2313 1039 Quid
2343 988 2470 1045 ergo
2498 970 2788 1029 faciemus?
2818 973 3169 1045 Respondeas
3193 983 3367 1030 autem
3399 976 3609 1032 dicebat
3634 976 3756 1034 illis.

2179 1065 2281 1133 Qui
2309 1067 2468 1121 habet
2492 1065 2624 1121 duas
2655 1067 2899 1131 tunicas_:
2932 1065 3022 1122 det
3050 1082 3157 1122 non
3188 1067 3423 1123 habenti.
3460 1068 3521 1123 Et
3551 1069 3637 1139 qui
3671 1073 3764 1123 ha-

2179 1158 2265 1213 bet
2297 1172 2447 1213 cscas
2480 1176 2492 1211 :
2526 1157 2771 1212 similiter
2801 1157 2977 1212 faciat.
3013 1157 3283 1214 Venerunt
3309 1169 3485 1213 autem
3516 1169 3569 1214 ct
3599 1161 3764 1229 publi-

2178 1250 2294 1305 cani
2317 1260 2373 1305 ut
2403 1250 2796 1320 baptizarentur
2821 1269 2832 1303 :
2858 1251 3179 1306 etdixerunt
3202 1253 3268 1307 ad
3308 1253 3477 1307 illum.
3520 1254 3766 1324 Magister

2176 1343 2301 1412 quid
2349 1342 2637 1397 faciemus?
2685 1344 2751 1397 At
2794 1341 2881 1396 ille
2922 1343 3053 1397 dixit
3094 1343 3159 1398 ad
3203 1360 3315 1400 eos.
3359 1343 3501 1399 Nihil
3540 1345 3766 1415 amplius

2175 1448 2332 1504 quam
2359 1434 2499 1503 quod
2530 1434 2875 1489 constitutum
2918 1443 3000 1488 est
3036 1435 3188 1490 vobis
3216 1450 3232 1491 :
3265 1435 3490 1493 faciatis.
3530 1438 3762 1492 lulcrro-

2176 1527 2372 1597 gabant
2392 1537 2568 1582 autem
2594 1544 2716 1582 eum
2742 1536 2795 1581 et
2826 1526 3018 1582 milites
3040 1527 3299 1583 dicentes.
3326 1528 3462 1595 Quid
3512 1529 3765 1585 faciemus

2175 1630 2231 1675 et
2261 1622 2394 1675 nos?
2423 1621 2488 1675 Et
2517 1621 2591 1675 ait
2621 1621 2748 1675 illis.
2782 1621 3060 1676 Neminem
3089 1621 3403 1676 concutiatis
3430 1639 3442 1676 :
3475 1639 3647 1692 neque
3673 1640 3764 1679 ca-

2176 1711 2431 1766 lumniam
2462 1712 2700 1767 faciatis:
2727 1724 2773 1767 et
2802 1713 3037 1767 contenti
3060 1719 3231 1766 estote
3255 1713 3534 1781 stipendiis
3555 1716 3762 1770 vestris.

2176 1804 2530 1861 Existimaute
2558 1816 2732 1860 autem
2764 1806 2960 1873 pepulo
2982 1817 3035 1860 et
3059 1804 3414 1874 cogitantibus
3438 1806 3684 1859 omnibus
3714 1807 3763 1860 in

478 1908 625 1967 gent.
673 1899 893 1967 Propter
929 1899 1068 1969 quod
1114 1910 1167 1955 et
1206 1899 1534 1970 itnpediebar
1570 1899 1854 1969 plurimum
1886 1901 2070 1956 venire
2100 1884 2150 1943 Β
2175 1897 2424 1951 cordibus
2458 1897 2566 1951 suis
2594 1897 2659 1951 de
2692 1895 2933 1951 .Iohaune
2964 1913 2977 1950 :
3014 1911 3080 1950 ne
3111 1895 3247 1951 forte
3278 1896 3390 1965 ipse
3425 1907 3570 1952 esset
3599 1898 3763 1953 Chri-

478 1989 548 2044 ad
576 2004 669 2044 vos
701 2007 713 2044 :
745 2003 798 2045 et
836 1991 1132 2060 prohibitus
1172 2008 1289 2046 sum
1325 2007 1493 2063 usque
1530 1993 1723 2048 adhuc.
1768 1994 1918 2049 Nunc
1951 2010 2075 2050 vero

481 2083 703 2154 ulterius
734 2083 907 2138 locum
939 2100 1043 2139 non
1077 2085 1280 2141 habens
1303 2086 1353 2138 iu
1384 2086 1466 2140 his
1495 2086 1801 2156 regionibus
1828 2104 1842 2141 :
1872 2088 2068 2156 cupidi-
2118 2086 2119 2089 “

481 2174 700 2229 ditatem
729 2186 901 2230 autem
932 2176 1133 2231 habens
1160 2177 1403 2231 veniendi
1444 2177 1509 2231 ad
1541 2193 1634 2232 vos
1661 2193 1727 2233 ex
1758 2177 1936 2233 multis
1961 2179 2070 2249 jam

484 2268 891 2335 precedentibus
932 2271 1085 2325 annis
1131 2288 1142 2322 :
1192 2287 1312 2326 cum
1356 2272 1410 2325 in
1458 2271 1761 2341 lliSpauiam
1811 2275 2071 2343 pI‘OHCiSLi

479 2375 673 2430 cepero
706 2378 721 2415 :
753 2377 911 2431 spero
940 2364 1077 2432 quod
1108 2365 1399 2432 preteriens
1428 2364 1637 2420 videam
1668 2382 1761 2421 vos
1794 2384 1806 2422 :
1840 2378 1892 2423 et
1920 2386 1949 2423 a
1982 2385 2072 2423 vo-

477 2453 561 2507 bis
591 2453 971 2510 tleducarilluc
1001 2474 1013 2511 :
1046 2457 1092 2512 si
1118 2460 1269 2513 vobis
1310 2474 1379 2514 ex
1424 2470 1572 2529 parte
1615 2462 1841 2529 ptimum
1887 2465 2072 2520 trnitus

478 2545 652 2601 fuero.
671 2547 818 2602 Nunc
840 2548 1001 2617 igitur
1018 2550 1325 2618 proficiscar
1345 2551 1398 2604 in
1419 2550 1747 2607 liieru=alem
1770 2554 2005 2610 ministra
2017 2572 2072 2612 re

476 2639 697 2694 sanctis.
741 2638 1107 2695 Probaverunt
1134 2642 1274 2695 enim
1305 2641 1605 2697 Macedonia
1633 2654 1687 2699 et
1712 2645 1927 2715 Achaya
1955 2647 2068 2701 col-

478 2730 730 2786 lationem
769 2731 997 2801 aliquam
1039 2733 1213 2788 facere
1249 2734 1302 2787 in
1346 2749 1606 2803 pauperes
1643 2747 1944 2791 sanctorum
1982 2740 2068 2807 qui

475 2835 603 2879 sunt
628 2825 679 2878 in
708 2823 1053 2879 Hierusalem.
1085 2823 1288 2879 Placuit
1308 2826 1447 2879 enim
1476 2827 1550 2879 eis
1576 2836 1627 2881 et
1652 2826 1918 2883 debitores
1946 2838 2070 2882 sunt

477 2932 686 2972 eorum.
728 2916 859 2970 Nam
902 2916 946 2971 si
991 2916 1342 2985 spiritualium
1389 2932 1571 2971 eorum
1624 2919 1907 2987 participes
1947 2920 2067 2974 facti

476 3018 602 3064 sunt
631 3009 893 3081 gentiles:
926 3008 1122 3063 debent
1148 3017 1201 3063 et
1225 3008 1275 3062 in
1307 3009 1610 3063 carnalibus
1642 3010 1942 3065 ministrare
1966 3013 2063 3065 eis.

475 3102 591 3158 Hoc
639 3102 796 3172 igitur
841 3116 960 3156 cum
1008 3116 1453 3157 consummavero
1501 3110 1555 3156 et
1603 3102 1940 3172 assignavero
1986 3104 2067 3157 eis

476 3197 706 3250 fructum
752 3197 891 3250 hunc
937 3210 952 3250 :
1011 3194 1315 3264 proﬁciscar
1362 3210 1455 3266 per
1496 3211 1588 3250 vos
1634 3196 1688 3249 in
1737 3196 2059 3266 Hispaniam.

478 3288 603 3344 Scio
628 3297 804 3342 autem
833 3290 1081 3363 quoniam
1122 3288 1341 3343 veniens
1384 3288 1447 3342 ad
1480 3304 1570 3343 vos
1603 3305 1614 3340 ε
1650 3289 1702 3343 in
1744 3290 2061 3345 abundantia

477 3381 863 3436 benedictionis
889 3381 1088 3436 Christi
1122 3383 1350 3436 veniam.
1401 3382 1437 3449 ιῆ
1460 3420 1472 3433 .
1509 3385 1696 3436 Amen.

550 3473 701 3528 Dicat
721 3473 993 3529 Sacerdos.
1015 3474 1267 3530 Dominus
1284 3474 1351 3530 sit
1367 3490 1575 3545 semper
1597 3476 1888 3530 vobiscum.
1911 3477 1945 3532 ti
1970 3517 1981 3529 .
2003 3478 2068 3532 Et

478 3579 622 3621 cum.

474 3657 646 3715 lectio
667 3662 829 3714 sancti
850 3659 1121 3735 Evangelii
1144 3664 1424 3717 srcundnut
1451 3660 1640 3718 Lucam
1669 3666 1686 3735 (
1710 3673 1731 3698 ³
1749 3663 1872 3733 Cap.
1902 3662 1995 3717 ΙΙΙ
2017 3666 2060 3735 ).

560 3752 633 3820 ﬂ.
669 3752 885 3807 Chorus.
914 3752 1093 3809 Gloria
1127 3754 1218 3809 tibi
1250 3754 1492 3810 Domine.

546 3844 570 3882 ιι
603 3847 757 3900 Anno
783 3844 1180 3915 quintodecimo
1209 3845 1418 3916 Imperii
1443 3846 1640 3902 Tiberii
1660 3845 1870 3903 Cesaris
1896 3867 1908 3902 :
1942 3865 2063 3920 pro-

471 3949 692 3995 curante
725 3937 908 3993 Pontio
938 3938 1107 3994 Pilato
1137 3939 1356 3994 Judeam
1388 3958 1399 3993 :
1434 3940 1717 3995 Tetrarclti
1750 3950 1923 3993 autem
1956 3943 2061 3995 Ga-

472 4032 596 4089 lilce
635 4031 844 4087 Herode
883 4049 896 4086 :
939 4031 1183 4103 Philippo
1212 4042 1387 4089 autem
1426 4032 1590 4088 fratre
1630 4033 1746 4101 ejus
1775 4033 2062 4088 Tetrarclia

470 4125 646 4181 lturee
684 4133 739 4180 et
776 4125 1131 4180 Traconitidis
1172 4124 1403 4196 regionis
1446 4142 1459 4181 :
1500 4135 1556 4181 et
1595 4125 1804 4180 Lisania
1856 4126 2063 4182 Abilinc

472 4216 759 4273 Tetrarcha

472 4308 694 4378 Calpha.
728 4308 949 4364 Factum
978 4318 1061 4364 est
1091 4311 1308 4364 verbum
1342 4309 1547 4364 Domini
1575 4324 1736 4378 super
1762 4309 2057 4365 Johannem

473 4400 733 4456 Zacharie
762 4402 925 4456 filium
955 4401 1007 4456 in
1031 4401 1266 4458 deserto.
1301 4403 1365 4457 Et
1393 4402 1535 4457 venit
1560 4402 1612 4457 in
1645 4418 1854 4458 omnem
1886 4403 2059 4472 regio-

471 4508 591 4548 nem
637 4493 883 4549 Jordanis
926 4511 941 4547 :
987 4494 1266 4565 predicans
1312 4494 1631 4566 baptismum
1673 4495 1963 4569 penitentie
2008 4496 2058 4550 in

467 4780 653 4841 parate
676 4772 812 4826 viam
843 4771 1051 4826 Domini
1085 4792 1099 4826 ;
1134 4781 1305 4829 rectas
1336 4773 1493 4829 facite
1522 4774 1738 4828 semitas
1767 4773 1900 4843 «jus.
1935 4775 2058 4829 0m-

466 4864 549 4918 nis
579 4863 734 4918 vallis
762 4864 1067 4933 itnp‘lebitur
1095 4881 1107 4917 :
1141 4872 1195 4919 et
1220 4863 1393 4919 omnis
1424 4878 1577 4918 mons
1610 4873 1663 4918 et
1698 4866 1847 4917 collis
1889 4865 2059 4919 humi-

426 4936 432 4944 ’
466 4952 702 5009 liabitur.
734 4955 800 5008 Et
825 4962 984 5009 erunt
1008 4968 1170 5024 prava
1205 4954 1254 5010 in
1289 4954 1488 5009 directa
1519 4971 1530 5006 :
1561 4963 1615 5009 et
1645 4970 1720 5022 as;
1742 4971 1829 5009 era
1866 4958 1913 5009 in
1947 4958 2057 5011 vias

413 5030 435 5050 ”
468 5045 652 5112 planas
686 5062 700 5099 :
734 5054 789 5100 et
819 5045 1018 5101 videbit
1052 5046 1224 5101 omnis
1253 5061 1380 5101 caro
1415 5046 1645 5101 salutare
1685 5046 1799 5101 Dei.
1845 5049 2058 5104 Dicebat
2116 5120 2123 5133 ι
2159 5049 2346 5121 quibus
2392 5054 2485 5108 tibi
2530 5053 2750 5109 offertur
2778 5066 2993 5125 peccata
3040 5054 3273 5129 indulge.
3324 5058 3426 5115 Per
3476 5030 3745 5114 Christum

467 5146 594 5204 ergo
641 5136 717 5191 ad
758 5139 938 5194 turbas
971 5150 991 5179 ο
1025 5138 1114 5208 qui
1160 5137 1403 5193 exierant
1450 5147 1505 5193 ut
1554 5139 1945 5208 baptizarenlur
1989 5142 2055 5195 ab

467 5228 603 5297 ipso.
650 5229 926 5286 Genimina
967 5231 1268 5301 viperarum
1303 5249 1315 5284 :
1361 5232 1479 5302 quis
1517 5234 1749 5287 ostendit
1792 5234 1939 5288 vobis
1977 5236 2057 5289 fu-

469 5338 599 5393 gere
627 5340 655 5379 a
683 5333 903 5381 ventura
935 5325 1045 5380 ira?
1085 5326 1262 5381 Facite
1299 5342 1426 5398 ergo
1456 5326 1659 5384 fructus
1690 5327 1878 5400 dignos
1911 5324 2085 5399 penis

468 5416 634 5472 teutie
682 5432 696 5471 :
745 5424 797 5471 et
843 5432 910 5471 ne
957 5417 1205 5487 ceperitis
1255 5416 1433 5476 dicere
1480 5430 1751 5491 :patrem
1800 5422 2053 5479 habemus

549 5596 569 5622 υ
597 5586 725 5654 Cap.
760 5584 877 5641 Ill.
917 5589 1064 5645 Vcrs.
1099 5589 1246 5648 1-18.
1834 5646 1841 5651 .

542 5656 741 5735 bldem
783 5662 1140 5735 _l£vangelium
1197 5665 1387 5735 legitur
1437 5665 1488 5719 in
1542 5665 1739 5724 Missali
1802 5669 2047 5724 Romano

472 5727 626 5783 Dom.
654 5729 688 5783 4
718 5727 1008 5787 Λάτθηιιῖς.

544 5810 566 5879 ξι
601 5801 697 5879 Qui
725 5804 964 5879 erieraiit.
1010 5805 1221 5876 Vulgata
1251 5814 1304 5860 et
1334 5808 1449 5861 alim
1480 5822 1608 5879 quas
1636 5810 1738 5865 vidi
1771 5810 2047 5867 versiuues

472 5860 673 5929 διυοῖιι
705 5873 929 5929 exibant.

816 4235 831 4273 :
887 4218 987 4273 sub
1033 4220 1360 4289 principibus
1413 4219 1759 4276 Sacerdotum
1808 4223 1958 4274 Anna
2010 4228 2063 4274 et
2114 4228 2119 4233 '

2175 2002 2305 2045 stus.
2352 1992 2645 2061 Respondit
2676 1991 2947 2046 Johannes
2977 1993 3159 2046 dicens
3188 1990 3455 2046 omnibus.
3503 1991 3610 2060 Ego
3637 1992 3764 2061 qui-

2174 2084 2294 2138 dem
2326 2099 2459 2154 aqna
2492 2083 2701 2153 baptizo
2725 2097 2820 2138 vos
2852 2100 2863 2136 :
2900 2082 3077 2137 veniet
3103 2093 3279 2137 autem
3310 2081 3497 2137 fortior
3533 2068 3616 2135 me
3650 2091 3766 2150 post

2176 2193 2260 2232 me
2289 2196 2302 2232 :
2336 2194 2365 2231 c
2388 2178 2483 2248 ijus
2516 2193 2620 2232 non
2652 2193 2768 2233 sum
2801 2178 2991 2247 dignus
3021 2177 3230 2233 solvere
3259 2177 3543 2247 corrigiam
3574 2177 3764 2233 calcia-

2175 2280 2472 2326 mentorum
2500 2271 2616 2341 ejus
2639 2285 2655 2329 :
2682 2271 2796 2340 ipse
2821 2284 2916 2325 vos
2940 2268 3232 2339 baptizabit
3258 2270 3311 2325 in
3340 2270 3540 2338 Spiritu
3564 2269 3763 2325 Sancto

2173 2381 2227 2425 et
2258 2371 2385 2441 igni.
2410 2370 2575 2440 Cuj'ts
2606 2370 2963 2426 ventilabrum
2994 2370 3046 2425 in
3077 2385 3237 2425 manu
3262 2369 3376 2439 ejus
3402 2387 3413 2422 :
3438 2377 3494 2425 et
3520 2367 3764 2440 purgabit
3816 2376 3823 2383 ‘

2173 2479 2355 2518 aream
2399 2479 2547 2518 suam
2595 2483 2607 2518 ε
2652 2473 2707 2519 et
2743 2463 3091 2536 congregabit
3133 2464 3381 2541 triticum;
3416 2465 3467 2518 in
3513 2463 3762 2519 horreum

2172 2570 2336 2609 suum
2373 2573 2385 2608 :
2431 2557 2610 2626 paleas
2655 2568 2832 2611 autem
2878 2556 3156 2611 comburet
3198 2555 3304 2627 igni
3349 2556 3757 2629 inextinguibili.

2172 2647 2332 2707 Multa
2372 2648 2678 2716 quidetn'et
2716 2648 2818 2703 alia
2858 2649 3150 2705 exhortans
3184 2665 3197 2701 :
3228 2646 3624 2719 evangelizabat
3661 2665 3757 2719 po-

2175 2739 2316 2807 pulo.
2367 2739 2402 2806 ti
2426 2778 2439 2793 .
2471 2739 2660 2793 Amen.

2248 2830 2396 2883 Dicat
2428 2829 2607 2884 Presb.
2636 2830 2895 2885 Dominus
2920 2830 2991 2885 sit
3013 2846 3227 2900 semper
3250 2830 3546 2887 vobiscum.
3588 2832 3625 2899 ιῖ
3649 2873 3661 2886 ,
3695 2830 3762 2886 Ει

2170 2936 2310 2976 cum.
2358 2919 2507 2976 Dicat
2544 2921 2761 2976 Chorus.
2790 2920 2815 2959 ἀ
2848 2924 3050 2977 Lauda.
3084 2923 3333 2994 Alleluja.
3382 2922 3455 2994 ᾖ.
3489 2924 3634 2979 Mitte
3666 2939 3761 2979 no-

2170 3015 2252 3071 bis
2292 3017 2517 3071 Domine
2559 3016 2811 3072 auxilium
2851 3018 2918 3073 de
2956 3026 3138 3074 sancto
3172 3037 3185 3074 :
3228 3027 3285 3074 et
3320 3018 3387 3074 de
3425 3019 3567 3090 Syon
3610 3028 3758 3074 tuere

2171 3120 2267 3161 nos
2296 3108 2532 3179 alleluja.
2818 3109 2830 3121 '

2242 3197 2459 3254 Interim
2488 3203 2626 3271 quod
2656 3200 2851 3257 Chorus
2880 3202 2999 3255 dicit
3026 3202 3236 3272 alleluja
3273 3220 3284 3256 ι
3318 3202 3465 3272 oﬂ’ert
3502 3205 3757 3261 Sacerdos

2170 3293 2387 3347 hostiam
2413 3309 2526 3346 cum
2565 3294 2721 3347 calice
2756 3305 2802 3348 et
2839 3310 2955 3348 cum
2985 3295 3295 3349 orationibus
3327 3312 3424 3364 que
3457 3309 3757 3367 sequuntur.

2242 3383 2601 3452 Acoeptabilis
2641 3384 2712 3438 sit
2759 3384 3022 3453 majestati
3066 3394 3154 3440 tue
3198 3385 3529 3456 omnipOtens
3572 3396 3760 3442 eterne

2168 3476 2309 3530 Deus
2341 3477 2440 3532 hec
2469 3476 2668 3530 oblatio
2702 3496 2714 3533 :
2750 3493 2907 3548 quam
2950 3477 3044 3533 tibi
3084 3479 3354 3534 offerimus
3394 3496 3487 3547 pro
3524 3480 3757 3537 reatibus

2167 3581 2219 3627 et
2248 3571 2572 3626 facinoribus
2606 3571 2805 3626 nostris
2834 3589 2847 3626 :
2880 3582 2934 3627 et
2976 3588 3071 3641 pro
3112 3572 3400 3628 stabilitate
3443 3584 3623 3631 sancte
3658 3590 3752 3630 ca-

2169 3662 2364 3718 tholice
2397 3673 2451 3718 et
2486 3663 2776 3732 apostolice
2818 3662 2938 3718 fidei
2978 3663 3272 3718 cultoribus
3303 3681 3316 3717 :
3352 3679 3444 3733 per
3483 3664 3752 3719 Christum

2168 3755 2450 3810 Dominum
2494 3764 2757 3810 nostrum.
2801 3754 2859 3810 In
2896 3755 3113 3811 nomine
3156 3756 3328 3812 Patris
3360 3762 3416 3819 ᾗ
3450 3767 3503 3812 et
3541 3755 3657 3811 Filii
3697 3766 3754 3813 et

2166 3849 2391 3920 Spiritus
2421 3849 2624 3906 Sancti.
2659 3848 2850 3904 Amen.

2239 3944 2552 3998 Dimittendo
2585 3953 2823 4013 palmam
2860 3959 3013 4012 super
3039 3943 3348 4015 corporales.
3392 3943 3587 3999 Deinde
3613 3942 3753 3997 acci-
3818 3939 3823 3945 ’

2167 4039 2272 4105 piat
2301 4039 2508 4091 calicem
2537 4038 2905 4104 sanctiﬁcando
2935 4039 3025 4091 sic.
3064 4038 3116 4091 lit
3150 4038 3363 4091 nomine
3397 4036 3566 4092 Patris
3605 4041 3665 4099 SB
3699 4043 3755 4091 et

2168 4129 2283 4182 Filii
2316 4139 2370 4183 et
2397 4130 2629 4200 Spiritus
2659 4130 2839 4200 Stricti
2871 4147 3046 4184 amen.

2240 4222 2435 4275 Oratio.
2484 4222 2770 4277 Oﬂ‘erintns
2813 4223 2910 4277 tibi
2957 4223 3177 4278 Domine
3218 4223 3440 4278 calicem
3482 4225 3547 4278 ad
3593 4226 3754 4282 bene-

2164 4310 2444 4366 dicendum
2474 4315 2783 4383 sanguinem
2810 4314 3009 4369 Christi
3039 4315 3129 4368 lilii
3162 4314 3234 4368 tui
3265 4332 3277 4369 :
3302 4316 3352 4386 3
3378 4317 3755 4384 deprecamur-

2164 4417 2267 4469 quc
2311 4404 2645 4458 clementiam
2688 4414 2827 4460 tuam
2871 4422 2882 4458 :
2926 4415 2981 4459 ut
3022 4416 3144 4460 ante
3185 4420 3528 4476 couspec'um
3571 4411 3754 4466 divine

2166 4495 2457 4566 maiestatis
2500 4508 2586 4552 tue
2616 4514 2631 4553 :
2665 4513 2783 4552 cum
2815 4500 2980 4554 odore
3019 4502 3293 4555 suavitatis
3334 4501 3609 4556 ascendat.
3655 4503 3754 4557 Per
3804 4540 3813 4543 ι

426 4577 432 4676 ζ
470 4588 838 4643 remissionem
872 4599 1209 4659 peccatorum
1241 4606 1254 4644 :
1285 4590 1424 4645 sicut
1449 4591 1704 4659 scriptum
1734 4600 1815 4646 est
1843 4590 1895 4644 iu
1922 4589 2055 4643 libro
2084 4614 2143 4676 Β
2163 4588 2389 4643 eundem
2420 4587 2692 4645 Christum
2722 4590 3001 4645 Dominum
3034 4601 3269 4645 nostrum
3303 4607 3496 4653 ameu.,

422 4660 432 4693 ¹
470 4696 778 4737 sermonum
801 4680 975 4753 Esaye
998 4682 1274 4752 prophete.
1297 4683 1413 4737 Vox
1438 4680 1715 4736 clamantis
1738 4682 1790 4735 in
1812 4682 2053 4736 dcsertn:

2236 4678 2407 4734 Ponat
2456 4682 2664 4736 calicem
2711 4699 2864 4751 super
2903 4699 3046 4736 aram
3076 4698 3095 4736 :
3126 4692 3172 4737 ct
3226 4685 3443 4754 accipiat
3474 4694 3499 4721 ο
3534 4684 3751 4750 [ilicium

2162 4773 2270 4827 sine
2290 4776 2689 4845 sanctiﬁcatione
2714 4786 2759 4828 et
2788 4789 2941 4845 ponat
2969 4792 3122 4847 super
3149 4779 3356 4831 calicem
3385 4779 3599 4833 dicendo
3644 4781 3745 4841 sic.

2236 4866 2431 4921 Oratio.
2467 4868 2614 4925 llanc
2664 4868 2987 4926 oblationem
3020 4887 3311 4941 quesumus
3352 4871 3579 4928 Domine
3629 4874 3744 4939 pla-

2160 4966 2311 5013 catus
2362 4960 2583 5016 admitte
2616 4980 2627 5014 :
2661 4971 2715 5016 et
2752 4964 2992 5017 omniutn
3035 4963 3372 5020 offerentium
3423 4982 3606 5021 eorum
3651 4983 3748 5035 pro

2163 5146 2440 5202 Dominmu
2497 5157 2737 5204 nostrum
2786 5164 2963 5205 amen.
3000 5149 3065 5204 Et
3096 5152 3231 5206 dicat
3278 5154 3469 5223 iunctis
3511 5152 3749 5207 manibus

2158 5236 2453 5295 inclinanda
2478 5256 2549 5295 se.

2234 5331 2430 5385 Oratio.
2466 5331 2519 5385 In
2558 5326 2751 5402 Spiritu
2781 5331 3097 5390 humilitatis
3121 5346 3175 5391 et
3211 5337 3264 5391 in
3294 5337 3476 5392 animo
3510 5336 3746 5394 contrito

2155 5422 2505 5493 suseipiamur
2536 5426 2757 5481 Domine
2786 5440 2813 5481 a
2846 5435 2896 5482 te
2936 5446 2947 5481 :
2988 5440 3039 5484 et
3068 5430 3144 5486 sic
3166 5428 3257 5485 fiat
3286 5430 3605 5487 sacriﬁcium
3640 5447 3740 5488 no-
3830 5430 3836 5435 ’

2226 5601 2251 5643 d
2286 5603 2481 5660 Lauda.
2522 5607 2607 5662 Ps.
2644 5624 2751 5670 xix,
2782 5610 2836 5663 5.
2870 5574 3400 5679 Textus.Scriptura:
3426 5624 3735 5666 accommo-

2153 5678 2310 5736 datur
2339 5679 2403 5732 ad
2439 5693 2675 5745 prmsens
2706 5679 2965 5733 officium.

2229 5759 2253 5825 ς
2281 5746 2549 5806 Filiolam.
2583 5750 2829 5818 "iSpaltiS
2859 5750 3025 5818 ﬁliola
3056 5748 3249 5808 dicitur
3277 5751 3416 5823 palla
3444 5764 3546 5825 qua
3590 5751 3737 5809 calix

2120 5856 2125 5863 ι
2154 5820 2363 5891 legitur.
2404 5840 2417 5848 '
