4040 6356
289 545 427 601 mine
450 543 623 600 Deus.
656 542 788 597 Veni
810 543 1006 597 Sancte
1031 544 1260 611 Spiritus
1283 544 1642 600 sanctiﬁcator
1665 549 1893 603 :sancti-

287 637 380 691 lica
411 637 515 690 hoc
538 635 871 690 sacrificium
892 635 961 689 de
983 637 1227 691 manibus
1252 637 1384 693 meis
1413 637 1505 692 tibi
1530 649 1886 709 prcparatum.

354 727 458 782 Hic
479 737 646 798 ponat
673 743 938 782 incensum
966 729 1020 780 in
1052 727 1313 782 thuribnlo
1356 740 1405 783 et
1434 731 1656 787 incenset
1685 735 1888 803 sacriﬁ-

288 825 418 878 cimn
434 822 480 876 si
502 822 762 891 placuerit
780 831 982 890 :postea
1010 823 1216 876 inclinet
1237 839 1288 876 se
1314 822 1568 879 Sacerdos
1592 827 1645 880 in
1663 829 1890 884 medium

286 916 465 970 altaris
491 917 704 987 junctis
742 915 1014 968 manibus:
1041 923 1085 967 et
1133 915 1268 968 dicat
1302 915 1409 968 alta
1448 933 1582 970 voce.
1627 918 1887 988 Adjuvate

287 1025 367 1080 me
410 1009 613 1062 fratres
648 1007 702 1060 in
735 1007 1070 1061 orationibus
1099 1007 1285 1061 vestris
1317 1016 1370 1062 et
1400 1019 1552 1063 orate
1583 1026 1676 1078 pro
1706 1026 1790 1065 me
1819 1011 1885 1066 ad

289 1104 470 1158 Deum.
515 1103 724 1157 Chorus
755 1102 1080 1174 respondeat.
1129 1100 1360 1171 Adjuvet
1384 1112 1434 1157 te
1461 1103 1619 1159 Pater
1643 1113 1697 1160 et
1720 1104 1884 1161 Filius

284 1208 334 1251 et
359 1198 590 1265 Spiritus
622 1197 880 1252 Sanctus.

350 1286 416 1340 Et
445 1288 715 1343 Sacerdos
741 1296 897 1342 vertat
927 1305 979 1342 se
998 1291 1067 1342 ad
1095 1291 1386 1360 populum;
1416 1299 1464 1345 et
1487 1292 1648 1358 faciat
1674 1292 1880 1359 offerte-

284 1380 414 1432 rium
439 1381 484 1432 si
515 1382 759 1434 uoluerit.
795 1379 861 1433 Et
892 1382 1028 1434 dicat
1059 1379 1278 1438 Chorus.

352 1472 711 1540 Sacriﬁcium.
761 1472 1024 1541 Regnabit
1078 1473 1333 1530 Dominus
1386 1476 1438 1530 in
1495 1477 1876 1534 Hierusalem:

285 1573 335 1619 et
379 1567 429 1618 in
477 1574 775 1633 conspectu
823 1566 1096 1620 seniorum
1148 1567 1387 1638 alleluja.
1458 1570 1531 1638 Ῡ.
1593 1570 1702 1625 Hec
1751 1571 1882 1627 dicit

291 1653 547 1708 Domitius
584 1677 598 1711 :
637 1657 739 1710 erit
769 1656 918 1725 quasi
947 1666 1097 1724 pater
1126 1657 1485 1724 habitantibus
1515 1662 1875 1720 llierusalem:

283 1758 332 1801 et
383 1745 472 1816 qui
518 1747 781 1801 inhabitat
832 1748 882 1801 in
937 1749 1202 1819 Syonzet
1257 1750 1396 1806 dabo
1444 1753 1646 1808 clavem
1686 1754 1877 1811 domus

1023 335 1319 393 MISSALE
1362 337 1635 394 MIXTUM
1679 337 1828 396 SEC.
1876 339 2036 395 RBG.
2087 345 2142 399 Β.
2189 344 2459 404 ISIDORI.
2502 376 2571 394 -ν
2613 353 2787 414 PARS
2825 356 2863 411 I.

291 459 453 505 struat
481 467 494 502 :
519 457 578 503 ut
608 463 638 503 a
666 461 721 503 te
743 447 1099 517 suscipiamur
1121 448 1310 505 hodie:
1336 460 1390 504 ut
1422 451 1627 519 placeat
1658 451 1748 507 tibi
1781 453 1885 509 Do-
1910 456 1960 514 A
1988 455 2167 528 Agyos

3483 367 3582 422 114

2213 476 2228 516 :
2273 477 2435 533 agyos
2477 481 2493 518 :
2536 481 2720 538 agyos.
2776 469 2999 527 Domine
3048 473 3188 530 Deus
3238 477 3348 534 Rex
3396 490 3583 539 eterne

1999 548 2096 602 tibi
2143 549 2325 606 Iaudes
2354 563 2407 610 et
2450 558 2667 625 gratias.
2705 560 2892 616 Postea
2922 565 3059 619 dicat
3090 565 3366 628 Prcsbiter.
3396 573 3584 631 Eccle-

1997 641 2129 695 siam
2175 655 2412 701 sanctam
2460 649 2780 708 catholicam
2822 656 2874 709 in
2928 661 3258 716 orationibus
3297 663 3351 720 in
3403 677 3584 725 mente

1996 731 2282 789 habeamus
2309 756 2320 790 :
2350 749 2403 792 ιιι
2445 756 2560 796 eam
2610 744 2863 802 Dominus
2892 748 2996 803 ﬁde
3023 761 3076 805 et
3121 769 3216 822 spe
3242 765 3296 810 et
3323 757 3581 816 charitate

1993 825 2264 895 proiiicius
2307 832 2564 900 ampliare
2593 835 2844 908 dignetur
2871 857 2886 894 :
2919 857 3106 900 omnes
3136 845 3314 916 lapsos
3340 851 3579 920 captivos

1993 917 2233 974 inﬁrmos
2275 932 2436 994 atque
2489 931 2796 998 peregrinos
2834 933 2887 987 in
2935 947 3113 992 mente
3161 917 3490 997 habeamus:
3523 952 3580 998 ut

1991 1027 2084 1068 eos
2112 1015 2384 1086 Dominus
2411 1023 2684 1092 propicius
2729 1028 2997 1085 redimere
3025 1048 3036 1083 :
3063 1047 3254 1088 sanare
3282 1045 3336 1090 et
3363 1039 3577 1092 confer:

1989 1117 2102 1163 tare
2130 1109 2394 1179 dignetur.
2442 1116 2479 1185 ιῆ
2502 1157 2516 1172 .
2562 1117 2780 1176 Chorus.
2811 1122 2994 1178 Presta
3027 1112 3209 1183 eterne
3238 1129 3576 1200 omnipotens

1987 1199 2149 1257 Deus.
2187 1204 2334 1259 Dicat
2363 1207 2559 1265 Chorus
2590 1209 2616 1249 ι)
2645 1214 2800 1267 aliam
2824 1219 3120 1272 orationem.

2059 1297 2284 1353 Puriﬁca
2309 1301 2540 1358 Domine
2575 1307 2714 1362 Deus
2740 1309 2896 1365 Pater
2919 1314 3260 1381 omnipotens
3299 1327 3574 1384 pectorum

1984 1387 2216 1442 archana
2261 1403 2565 1451 nostrorum
2599 1413 2613 1452 :
2645 1410 2977 1472 cunctasque
3022 1405 3288 1476 prejiieius
3337 1408 3574 1464 maculas

1983 1479 2141 1535 ablue
2187 1495 2522 1548 peccatorum
2557 1504 2569 1540 :
2603 1503 2664 1542 ac
2708 1503 2882 1558 presta
2929 1493 3152 1548 Domine
3180 1513 3194 1551 :
3221 1505 3278 1549 ut
3313 1496 3573 1555 beneﬁcio

1986 1571 2192 1639 pietatis
2215 1585 2298 1628 tne
2321 1578 2516 1630 nostris
2537 1579 2850 1636 criminibus
2868 1567 3140 1639 emundati
3162 1605 3173 1638 :
3193 1589 3534 1645 metuendum
3556 1630 3570 1644 .

1984 1665 2385 1738 terribilemque
2425 1669 2709 1725 adventum
2761 1673 2971 1728 Domini
3015 1679 3182 1732 nostri
3221 1679 3345 1732 Jesu
3374 1678 3572 1737 Christi

1985 1760 2074 1812 ﬁlii
2121 1762 2191 1815 tui
2230 1773 2571 1832 expectemus
2615 1767 2867 1823 interriti.
2909 1770 3102 1842 Sicque
3147 1781 3197 1827 le
3236 1780 3568 1833 miserante:

285 1839 447 1893 David
503 1855 667 1906 super
723 1840 977 1895 humeros
1027 1841 1143 1910 ejus
1173 1851 1227 1897 et
1272 1845 1477 1913 aperiet
1513 1864 1527 1901 :
1555 1854 1609 1900 et
1637 1863 1742 1902 non
1791 1857 1873 1904 est
1903 1832 1953 1892 Β
1982 1850 2066 1906 hic
2091 1855 2365 1922 percipere
2389 1872 2694 1913 mereamur
2716 1861 2954 1917 omnium
2979 1865 3188 1919 veniam
3212 1867 3567 1924 delictorum:

283 1930 371 2000 qui
399 1931 615 1986 claudat
644 1932 976 1987 Hierusalem
1005 1933 1241 2004 alleluja.

356 2022 460 2074 Hic
506 2025 724 2089 accipiat
771 2023 1024 2078 Sacerdos
1059 2041 1246 2090 aquam
1274 2028 1329 2080 in
1377 2029 1611 2083 manibus
1651 2041 1695 2084 et
1735 2032 1870 2086 dicat

286 2116 487 2169 silentio
519 2103 996 2183 caper-oblationem
1024 2134 1135 2172 cum
1162 2122 1321 2174 tribus
1347 2107 1539 2194 digitis.
1569 2124 1626 2178 In
1654 2131 1870 2184 nomine

293 2207 463 2262 Patris
495 2215 556 2271 ta
589 2219 640 2263 et
670 2210 788 2264 Filii
838 2221 889 2263 et
918 2211 1147 2279 Spiritus
1179 2214 1360 2270 Sancti
1409 2230 1598 2292 regnas
1629 2217 1769 2274 Deus
1817 2221 1868 2275 in

295 2303 480 2355 secula
511 2304 802 2357 seculorum
835 2320 1010 2359 amen.
1425 2298 1427 2301 ’

371 2393 589 2449 Inclinet
612 2413 660 2450 se
685 2407 797 2450 ante
820 2398 987 2452 Altare
1016 2407 1061 2451 et
1091 2401 1228 2452 dicat
1255 2401 1308 2454 in
1338 2402 1536 2456 silentio
1568 2407 1717 2457 istaut
1750 2423 1867 2459 ora-

301 2485 513 2540 tione/tt.

366 2580 626 2634 Accedam
649 2582 714 2636 ad
746 2591 795 2638 te
823 2582 872 2638 in
904 2585 1199 2643 humilitate
1233 2589 1454 2658 spiritus
1489 2592 1595 2646 mei
1629 2609 1644 2646 :
1678 2593 1867 2664 loquar

291 2678 379 2725 te:
408 2672 530 2740 quia
562 2675 774 2729 multam
822 2691 970 2746 spem
1003 2678 1367 2736 fortitudinem
1418 2681 1610 2738 dedisti
1656 2700 1781 2739 me:
1815 2695 1867 2740 tu

282 2781 411 2835 ergo
461 2767 536 2821 lili
575 2768 736 2824 David
789 2772 878 2841 qui
929 2773 1196 2828 revelatus
1243 2777 1538 2846 mysterio:
1569 2777 1633 2831 ad
1675 2794 1771 2832 nos
1815 2779 1867 2835 in

282 2877 499 2918 carnem
533 2866 724 2920 venisti
753 2885 764 2921 :
790 2868 942 2924 clave
969 2871 1144 2926 crucis
1182 2882 1269 2926 tue
1317 2882 1522 2929 secreta
1553 2876 1729 2930 cordis
1761 2877 1867 2932 mei

281 2957 495 3026 adaperi
527 2977 541 3014 :
572 2962 790 3016 mittens
832 2979 992 3018 unum
1039 2967 1106 3020 de
1161 2967 1441 3036 Seraphim
1490 2971 1578 3037 qui
1632 2970 1866 3026 candens

277 3051 432 3105 carbo
459 3051 550 3108 ille
595 3053 684 3123 qui
722 3055 790 3108 de
836 3055 988 3110 altari
1037 3068 1126 3111 tuo
1157 3060 1394 3121 sublatus
1446 3063 1866 3118 estzsordentia

276 3142 404 3198 labia
454 3161 574 3201 mea
615 3149 870 3202 emundat
919 3168 931 3202 :
983 3161 1218 3207 mentem
1264 3164 1317 3208 et
1347 3154 1537 3222 jubilet
1580 3176 1592 3210 :
1636 3156 1859 3212 docendi

277 3240 547 3293 materiam
579 3240 949 3296 subministrct
986 3261 998 3296 :
1033 3255 1089 3298 ut
1122 3245 1298 3314 lingua
1330 3263 1433 3316 que
1489 3254 1860 3316 proximorum

278 3331 482 3385 utilitati
544 3347 644 3401 per
699 3335 1010 3390 charitatem
1061 3339 1225 3392 servit
1275 3353 1344 3392 ne
1397 3339 1597 3393 erroris
1649 3341 1870 3398 insonet

281 3436 452 3477 casum
489 3443 502 3478 :
540 3426 638 3480 seti
673 3428 908 3483 veritatis
950 3432 1172 3485 resultet
1220 3432 1338 3487 sine
1365 3432 1470 3489 line
1502 3437 1810 3503 prcconium
1843 3453 1858 3493 :

279 3511 376 3583 per
408 3527 457 3574 te
504 3519 654 3575 Deus
683 3536 837 3577 meus
866 3541 878 3577 :
910 3523 1001 3594 qui
1037 3525 1172 3579 vivis
1221 3533 1276 3580 et
1327 3540 1520 3596 regnas
1575 3529 1627 3583 in
1680 3530 1859 3586 secula

277 3613 574 3670 seculorum
616 3631 794 3672 amen.
1309 3607 1317 3611 ’

343 3716 366 3743 ιι
417 3708 610 3780 Incipit
641 3710 830 3767 Missa.
861 3711 1014 3767 Dicat
1039 3713 1222 3770 Presb.
1257 3715 1516 3772 Dominus
1545 3717 1614 3772 sit
1644 3732 1858 3790 semper

281 3800 566 3858 vobiscum.
615 3806 652 3872 ιὲ
697 3805 930 3859 Etcum.

351 3894 541 3950 Oratio.
606 3897 908 3951 Adventum
970 3897 1181 3952 Domini
1246 3899 1414 3954 nostri
1478 3900 1608 3957 Jesu
1661 3901 1858 3958 Christi

282 3982 469 4040 fratres
515 3987 854 4043 dilectissimi
885 3990 1022 4044 vctis
1053 3991 1303 4045 omnibus
1335 3993 1691 4060 prestolantes
1721 4011 1734 4046 :
1763 3993 1856 4049 Dei

277 4079 433 4145 patris
464 4083 914 4150 omnipotentiam
942 4083 1294 4150 imploremus
1328 4101 1340 4138 :
1376 4097 1431 4139 ut
1461 4085 1624 4141 corda
1672 4095 1854 4142 nostra

270 4172 500 4238 puriticet
524 4192 536 4227 :
559 4182 614 4227 ct
634 4189 863 4244 corpora
891 4175 1228 4231 immaculata
1249 4188 1551 4234 conservet.
1576 4179 1675 4235 Det
1702 4180 1856 4235 abili-

271 4270 421 4319 tatem
443 4266 688 4322 ﬁdelium
714 4268 983 4324 mentibus
1009 4268 1232 4324 fideliter
1246 4286 1488 4342 quaerere
1509 4290 1520 4324 :
1539 4272 1679 4342 quod
1699 4273 1854 4328 saluti

269 4359 421 4424 possit
449 4359 739 4429 prodesse.
773 4360 1130 4429 Expectemus
1157 4364 1482 4419 conscientia
1516 4379 1704 4420 secura
1731 4383 1855 4420 ven-

268 4455 432 4502 turum
472 4469 483 4503 :
528 4466 692 4519 quem
749 4466 908 4521 super
939 4437 1152 4507 omnem
1187 4455 1537 4523 principatum
1589 4465 1642 4510 et
1693 4465 1848 4524 pote-

267 4548 419 4596 states
447 4543 726 4598 credimus
775 4546 1088 4599 exaltatum.
1117 4545 1296 4602 Simus
1326 4548 1490 4601 etiam
1523 4563 1617 4617 per
1639 4548 1848 4617 singula
1880 4577 1933 4638 Ι)

265 4646 526 4692 momenta
579 4638 791 4692 solliciti
827 4656 838 4691 :
871 4648 930 4693 ut
971 4655 1274 4695 mereamur
1298 4642 1496 4697 habere
1553 4643 1856 4725 propicium

265 4743 412 4796 quem
441 4731 724 4786 credimus
767 4743 822 4788 ct
867 4733 1097 4789 fatemur
1124 4735 1189 4789 ad
1218 4735 1540 4805 judicandos
1572 4752 1670 4792 nos
1699 4737 1854 4796 vivos

264 4831 311 4877 et
338 4836 588 4880 mortuos
615 4826 669 4880 in
702 4826 868 4895 gloria
900 4842 1018 4882 esse
1049 4839 1354 4886 venturum.
1404 4829 1442 4899 ἡ
1464 4870 1476 4883 .
1515 4831 1708 4885 Amen.

329 4914 480 4972 Dicat
516 4917 703 4973 Presb.
731 4919 833 4974 Per
861 4919 1278 4976 misericordiam
1313 4929 1452 4975 tuam
1486 4923 1623 4976 Deus
1672 4935 1854 4980 noster

263 5011 347 5081 qui
384 5027 444 5069 es
487 5013 810 5069 benedictus
849 5023 904 5070 et
931 5015 1063 5070 vivis
1105 5025 1161 5070 et
1187 5015 1362 5071 omnia
1391 5017 1531 5086 regis
1573 5015 1628 5070 in
1670 5017 1850 5072 secula

261 5107 586 5162 seculorum.
634 5108 672 5174 ἡ
694 5145 708 5161 .
743 5109 930 5163 Amen.

331 5198 481 5255 Dicat
519 5199 698 5256 Presb.
729 5201 970 5257 elevando
997 5218 1198 5258 manus.
1240 5203 1488 5260 Oremus.
1533 5204 1570 5274 [ἢ
1593 5245 1607 5261 .
1633 5203 1848 5261 Chorus.

332 5373 356 5403 ι
390 5363 593 5442 Incipit
626 5367 814 5423 Missa.
842 5370 968 5426 Haec
998 5374 1171 5427 oratio
1203 5374 1416 5442 proprio
1445 5375 1662 5430 nomine
1697 5378 1852 5432 missa

267 5439 586 5506 appellatur,
619 5451 811 5515 estque
839 5443 1001 5510 prima
1035 5439 1243 5498 illarum
1275 5439 1475 5507 septem
1506 5448 1805 5503 orationum
1831 5492 1844 5515 ,

265 5523 390 5588 quas
421 5511 1127 5588 ξιιηςιυε-Ιειόοτυξιιίὺζι
1163 5517 1230 5570 de
1271 5516 1372 5570 011.
1409 5517 1567 5581 ecel.,
1597 5535 1716 5588 cap.
1761 5511 1847 5586 M',

267 5579 517 5634 Etherius
551 5592 604 5636 ct
657 5582 872 5648 Beatus,
905 5579 1025 5639 adv.
1061 5587 1375 5650 Elipanduin
1409 5579 1851 5652 Archieprole;

266 5659 444 5726 tantum
497 5653 550 5706 in
583 5653 739 5726 Missa
785 5667 1084 5710 recensent.
1145 5656 1321 5712 Prima
1371 5661 1553 5723 ora'io,
1606 5662 1850 5726 inquiunt

263 5720 515 5801 Etherius
545 5735 601 5778 et
632 5725 825 5780 Beatus
855 5729 1074 5793 laudati,
1108 5729 1202 5783 lib.
1243 5745 1280 5792 ι,
1335 5720 1698 5785 admonitionis
1726 5749 1848 5801 erga

268 5793 514 5898 populum
534 5805 636 5870 est,
663 5806 720 5869 at
763 5814 937 5853 omnes
965 5801 1250 5855 excitentur
1278 5803 1346 5854 ad
1378 5806 1631 5856 orandum
1665 5793 1847 5858 Death.

377 5866 546 5898 Auum
567 5865 865 5898 alimmum.
897 5869 990 5898 una
1020 5873 1130 5898 tu...
1152 5873 1378 5898 -..........t..
1409 5875 1617 5898 ειμι-η...
1645 5884 1844 5898 ,,..«.-....

376 5863 546 5918 nam
566 5865 868 5921 uiaticum:
897 5869 994 5926 Est
1019 5873 1131 5928 hinc
1152 5873 1383 5928 secunda
1409 5875 1618 5930 illarum
1643 5884 1848 5944 septem

1977 1954 2033 1999 ut
2060 1956 2202 2000 tuum
2239 1949 2290 2002 in
2323 1949 2501 2006 futuro
2529 1950 2787 2020 judicium
2817 1956 2969 2010 nobis
3011 1957 3305 2014 sentiamus
3347 1961 3569 2016 omnino

1976 2039 2314 2095 mitissmum
2349 2059 2361 2094 :
2396 2053 2451 2096 et
2497 2044 2717 2100 dextere
2761 2056 2848 2101 tuo
2898 2048 3186 2118 participes
3235 2049 3359 2106 facti
3393 2070 3404 2106 :
3435 2068 3464 2106 a
3512 2062 3566 2108 te

1975 2143 2274 2185 tnereamur
2291 2142 2541 2201 perpetuo
2566 2137 2671 2189 vite
2691 2139 2962 2207 percipere
2986 2141 3243 2208 premium
3271 2160 3286 2199 :
3313 2154 3567 2213 tuumque

1972 2237 2366 2291 cinisetpiamur
2381 2228 2629 2282 invictum
2647 2231 2903 2284 inlinitum
2920 2241 2972 2286 ct
2987 2233 3328 2292 fortiSsimum
3341 2254 3564 2310 regnum

1990 2315 2025 2381 πῆ
2049 2355 2060 2367 .
2093 2318 2124 2366 Α
2139 2332 2278 2370 men.
2308 2317 2458 2380 Dicat
2488 2319 2662 2374 Prcsb.
2687 2323 2790 2376 Per
2811 2326 3230 2382 misericordiam
3256 2341 3396 2385 tuam
3424 2329 3565 2387 Deus

1974 2416 2154 2461 noster
2209 2409 2260 2462 in
2307 2413 2457 2480 cujus
2507 2426 2794 2483 conspectu
2835 2432 3142 2478 sanctorum
3184 2424 3563 2494 Apostolorum

1972 2508 2025 2554 et
2052 2500 2342 2571 Martyrum
2367 2503 2743 2562 Confessormn
2774 2518 2934 2582 atque
2965 2513 3238 2584 Virginum
3263 2517 3320 2588 ἀ,
3345 2516 3564 2574 nomina

1973 2595 2282 2650 recitantur.
2332 2598 2369 2666 ἡ
2391 2637 2405 2652 .
2439 2597 2652 2656 Chorus.
2695 2603 2885 2659 Amen.
2920 2604 3070 2660 Dicat
3110 2607 3291 2664 Presb.
3323 2610 3563 2667 Oderunt

1973 2687 2083 2740 Deo
2113 2687 2336 2743 Domino
2358 2691 2681 2747 oblationem
2713 2695 3030 2754 Sacerdotes
3054 2703 3221 2756 nostri
3249 2720 3261 2754 :
3289 2701 3428 2773 Papa
3454 2703 3563 2759 Ro-

1974 2780 2172 2834 mensis
2207 2797 2219 2834 :
2253 2792 2307 2836 et
2337 2783 2526 2854 reliqui
2559 2801 2653 2854 pro
2682 2801 2740 2841 se
2769 2797 2826 2844 et
2852 2805 2946 2857 pro
2973 2793 3117 2847 omni
3145 2792 3291 2848 clero
3335 2810 3398 2851 ac
3434 2797 3558 2865 ple-

1971 2870 2123 2927 bibus
2165 2874 2389 2930 ecclesie
2415 2877 2625 2932 sibimet
2663 2881 2988 2951 consignatis
3022 2903 3031 2935 :
3067 2884 3151 2940 vel
3183 2901 3280 2954 pro
3305 2887 3559 2944 universa

1971 2964 2346 3024 fraternitate:
2380 2972 2508 3026 item
2547 2973 2780 3030 oll‘erunt
2817 2977 3050 3032 universi
3093 2978 3386 3036 Presbiteri
3431 2982 3558 3036 Dia-

1970 3059 2127 3115 choni
2159 3081 2170 3115 :
2204 3065 2393 3120 Clerici
2418 3082 2479 3121 ac
2504 3069 2681 3137 populi
2703 3070 3142 3128 circumastantes
3175 3091 3188 3127 :
3222 3075 3274 3129 in
3299 3074 3556 3132 honorem

1971 3161 2275 3209 Sanctorum
2305 3173 2400 3226 pro
2423 3173 2482 3213 se
2507 3169 2560 3213 et
2581 3162 2711 3215 suis.
2757 3163 2794 3230 ti)
2817 3201 2829 3216 .
2857 3162 3075 3218 Chorus.
3104 3162 3344 3221 Oifetunt
3369 3181 3465 3238 pro
3493 3181 3556 3224 se

1971 3255 2022 3298 et
2046 3262 2142 3314 pro
2170 3248 2412 3302 universa
2441 3249 2789 3306 fraternitate.

2040 3335 2186 3390 Dicat
2215 3337 2492 3394 Sacerdos.
2528 3342 2806 3397 Facientes
2832 3349 3399 3404 commemorationem
3429 3349 3556 3406 bea-

1968 3427 2292 3486 tissimorum
2355 3436 2729 3503 Apostolorum
2785 3447 2840 3493 et
2893 3438 3180 3512 Martyrum
3250 3459 3264 3498 :
3324 3444 3557 3513 gloriose

1964 3519 2161 3577 Sancte
2188 3524 2350 3581 Marie
2378 3527 2630 3594 Virginis.
2671 3530 2949 3588 Zacharie.
2985 3534 3228 3609 Joannis.
3261 3536 3549 3596 Infantem.

1966 3610 2133 3670 Petri.
2182 3615 2350 3672 Pauli.
2414 3619 2694 3677 Johannis.
2747 3623 2951 3679 Jacobi.
3013 3627 3250 3683 Andree.
3299 3628 3550 3701 Philippi.

1963 3701 2193 3760 Thome.
2236 3707 2616 3764 Bartltolomei.
2670 3711 2908 3770 Matthei.
2953 3714 3161 3772 Jacobi.
3205 3718 3454 3789 Symonis
3497 3730 3553 3778 et

1962 3790 2116 3849 Jude.
2143 3796 2382 3851 Matlhie.
2407 3797 2570 3853 Marci
2593 3809 2645 3854 et
2668 3801 2833 3857 Lut-e.
2874 3804 2910 3872 ri
2933 3844 2946 3858 .
2976 3805 3194 3862 Chorus.
3219 3807 3286 3862 Et
3309 3810 3550 3866 omnium

1963 3886 2274 3956 Martyrum.
2319 3889 2469 3942 Dicat
2498 3892 2774 3948 Sacerdos.
2817 3895 2947 3949 Item
2982 3912 3076 3965 pro
3106 3899 3379 3967 spiritibus
3415 3919 3549 3972 pau.

1962 3979 2214 4032 santium.
2261 3979 2466 4033 Ililarii.
2513 3982 2813 4054 Athanasii.
2843 3985 3075 4042 Martini.
3116 3989 3405 4048 Ambrosii.
3441 3996 3551 4054 Au-

1959 4076 2175 4144 gustini.
2224 4075 2503 4146 Fulgentii.
2550 4078 2802 4136 Leandri.
2855 4081 3064 4138 lsidori.
3097 4084 3287 4142 David.
3329 4087 3548 4150 Juliani.

1961 4167 2090 4220 Item
2121 4168 2337 4224 .Iuliani.
2371 4171 2532 4226 Petri.
2566 4173 2695 4228 Item
2735 4174 2897 4230 Petri.
2928 4177 3207 4235 Johannis.
3247 4181 3401 4239 Servi
3428 4184 3544 4245 Dei.

1963 4259 2209 4316 Visitani.
2231 4262 2456 4318 Viventi.
2489 4265 2670 4321 Felici.
2702 4269 2955 4337 Cipriani.
2981 4270 3266 4328 Vincentii.
3287 4273 3546 4334 Gerontii.

1961 4349 2236 4406 Zacharie.
2263 4355 2533 4426 Cenapoli.
2580 4358 2861 4415 Dominici.
2907 4360 3065 4418 Justi.
3101 4365 3396 4423 Saturnini.
3429 4368 3550 4425 Sal-

1961 4447 2090 4500 vali.
2149 4448 2274 4502 Item
2319 4451 2542 4506 Salvati.
2581 4453 2854 4510 llernardi.
2907 4457 3211 4516 Reimundi.
3258 4461 3543 4521 Johannis.
3615 4483 3627 4510 ’ς

1959 4539 2264 4597 Celebrnni.
2315 4543 2643 4600 Gundisalvi.
2678 4547 2906 4604 Martini.
2939 4551 3208 4608 lloderici.
3261 4556 3541 4613 Johannis.

1963 4632 2186 4688 Guterii.
2213 4635 2411 4690 Sancii.
2455 4638 2581 4692 Item
2615 4638 2811 4694 Sancii.
2846 4640 3124 4701 Dominici.
3157 4645 3373 4702 Juliani.
3415 4649 3538 4702 [ηιμ

1959 4725 2108 4794 lippi.
2168 4728 2442 4796 Stephani.
2492 4727 2774 4786 Johannis.
2820 4732 2949 4788 Item
2998 4735 3274 4792 Johannis.
3327 4739 3540 4796 Felicis.

1973 4819 2010 4888 ῐῆ
2034 4860 2045 4873 .
2082 4817 2300 4874 Chorus.
2336 4821 2399 4877 Et
2431 4825 2667 4878 omnium
2701 4812 3058 4894 pausantium.
3093 4829 3242 4884 Dicat
3265 4829 3443 4884 Pretb.

2033 4925 2052 4953 ε
2081 4914 2204 4970 Post
2225 4919 2448 4973 nomina.
2476 4919 2550 4975 Te
2579 4935 2868 4990 quesumus
2900 4922 3127 4978 Domine
3147 4922 3272 4978 .Iesu
3293 4922 3538 4982 Christe:

1959 5017 2013 5062 ut
2043 5008 2259 5063 dilectio
2305 5010 2564 5065 adventus
2605 5012 2678 5066 tui
2720 5012 2788 5066 ita
2820 5013 2871 5066 in
2909 5013 3063 5068 nobis
3095 5023 3445 5080 permaneat:
3472 5029 3540 5072 ne

1911 5112 1916 5117 '
1957 5117 1985 5154 a
2016 5111 2065 5155 te
2094 5102 2252 5156 corda
2287 5115 2466 5157 noswa
2499 5119 2730 5174 unquam
2772 5106 3042 5160 recedant.
3077 5104 3270 5173 Sicque
3301 5121 3398 5161 nos
3423 5109 3536 5178 jam

1957 5192 2004 5245 in
2033 5204 2267 5249 eternam
2293 5195 2702 5252 advocationem
2725 5197 2930 5251 ascribe
2961 5213 2974 5251 :
3005 5205 3058 5251 ut
3081 5195 3146 5252 ad
3173 5197 3407 5256 futurum
3431 5218 3537 5258 non

1954 5372 2280 5441 orationum,
2307 5373 2374 5428 de
2399 5389 2500 5442 qua
2548 5374 2745 5428 iidem:
2800 5370 3040 5425 Secunda
3087 5372 3414 5428 invocationis
3459 5375 3530 5429 ad

1955 5442 2118 5497 Deam
2140 5454 2234 5510 est,
2265 5455 2318 5498 ut
2339 5441 2608 5499 clementer
2629 5441 2875 5511 suscipiat
2906 5457 3078 5512 preces
3107 5444 3361 5512 [iu’elitmn
3388 5446 3531 5498 obta-

1954 5515 2237 5598 tionip‘tque
2264 5533 2456 5597 eorum.
2541 5585 2578 5598 __
2700 5530 2702 5532 ’
2801 5586 2832 5598 Α,
3003 5596 3009 5598 Α
3185 5586 3196 5597 .

1962 5615 1966 5619 λ
2029 5600 2047 5625 ε
2085 5587 2206 5639 Post
2255 5588 2484 5639 nomina.
2539 5585 2662 5638 Htec
2701 5586 2872 5640 oratio
2898 5596 3010 5657 post
3057 5586 3268 5657 nontina
3313 5585 3528 5650 dicitur,

1953 5659 2072 5725 quia
2100 5670 2216 5725 post
2240 5658 2486 5736 tliptycha
2504 5657 2722 5736 recitari
2741 5655 3111 5736 consueverat.
3136 5655 3309 5736 Tertia
3332 5663 3528 5736 autem,

1953 5724 2120 5795 inquit
2170 5724 2384 5806 Sanctus
2416 5728 2664 5806 Isidorus.
2697 5728 3117 5806 e/Tunditur‘pro
3161 5724 3494 5806 o/fgrentilms

1951 5803 2052 5867 slve
2083 5815 2174 5865 pro
2203 5797 2452 5865 defunctis
2479 5795 2749 5868 ﬁdelibus;
2781 5809 2837 5856 ut
2865 5817 2954 5872 per
2991 5795 3046 5855 id
3089 5795 3397 5860 sacriﬁcium
3445 5805 3509 5844 νο

1952 5865 2088 5925 niam
2117 5865 2504 5937 consequantur.
