4040 6356
446 281 547 340 115

1147 278 1446 338 MISSALE
1483 276 1747 333 MIXTUDI
1789 275 1939 332 SM).
1988 274 2144 335 HEC.
2191 275 2249 327 tt.
2293 273 2557 332 ISIDURI.
2610 304 2670 321 ο-
2705 274 2882 331 PARS
2917 275 2960 329 I.

444 398 832 453 conluudamur
870 415 879 449 :
908 411 1030 454 cum
1077 394 1140 447 ad
1174 392 1518 463 iudicandum
1565 389 1770 446 veneris
1813 389 2016 446 orbem.
2053 397 2095 450 Λ
2125 385 2252 442 Iesu
2275 384 2494 440 Christo
2521 385 2631 440 tilio
2662 385 2753 440 Dei
2788 386 2890 454 ηιιί
2943 396 3024 440 est
3055 384 3108 439 in
3137 385 3265 439 eelis
3311 384 3500 458 dignas
3529 385 3715 445 laudes

456 492 497 563 ἢ
518 532 534 549 .
568 491 782 545 Chorus.
811 492 997 544 Amert.

523 584 665 638 Dicat
697 581 874 637 Presb.
917 581 1046 650 Quia
1088 589 1142 634 tu
1169 593 1226 635 es
1256 581 1363 634 vita
1395 578 1633 630 vivorum
1665 592 1680 630 :
1715 574 1915 632 sanitas
1944 573 2022 628 in-

448 679 718 732 lirmorum
752 693 764 727 :
799 690 859 728 ac
887 673 1096 742 requies
1121 669 1358 725 omnium
1393 669 1627 723 lideliutn
1653 666 2024 722 defunctorum

447 771 503 825 in
532 781 712 824 eterna
742 769 917 823 secula
946 765 1266 820 seculorum.
1313 762 1350 830 ἡ
1371 802 1385 814 .
1419 760 1635 820 Chorus.
1664 759 1852 814 Amen.

1008 857 1158 912 Dicat
1184 856 1363 912 Prcsb.

522 954 699 1006 Oratio
751 960 776 989 ι
807 956 873 1004 ad
921 959 1141 1021 patrem.
1188 949 1412 1005 Dmniue
1456 949 1595 1004 Deus
1639 949 2021 1016 omnipotens:

446 1049 535 1119 qui
570 1062 662 1118 pro
691 1042 904 1097 inuitaui
935 1044 1148 1112 generis
1175 1043 1543 1112 redemptione
1569 1052 1874 1096 coelernutu
1925 1040 2023 1096 tibi

447 1137 862 1208 coequalemque
909 1135 1073 1189 ﬁlium
1122 1137 1358 1208 angelica
1401 1134 1814 1194 annuneiatioue
1869 1150 1879 1186 :
1929 1148 2026 1202 per

446 1230 611 1286 Marie
641 1228 870 1298 Virginis
919 1236 1127 1282 uterum
1162 1242 1328 1298 usque
1366 1224 1432 1280 ad
1469 1241 1564 1281 nos
1605 1225 1810 1279 voluisti
1851 1234 2026 1278 trans-

447 1321 660 1375 mittere
689 1335 704 1374 :
735 1328 892 1388 alque
923 1328 1046 1372 ante
1078 1318 1245 1388 ipsius
1276 1316 1364 1370 [iiii
1400 1318 1471 1370 lui
1513 1317 1796 1370 adventum
1829 1314 2027 1370 Johan~

451 1429 573 1468 nem
616 1413 864 1482 dignatus
909 1427 968 1466 cs
1011 1413 1280 1468 destinare
1319 1423 1626 1479 preconem.
1671 1408 1738 1462 lit
1779 1422 1873 1477 per
1916 1407 2030 1477 eius

445 1503 735 1558 veridicam
766 1502 817 1556 in
849 1501 1062 1556 deserto
1087 1501 1284 1556 heremi
1307 1499 1724 1569 predicationem
1759 1515 1772 1552 :
1809 1497 2031 1567 populus

450 1599 695 1666 penitens
748 1605 1090 1650 veternorum
1133 1591 1426 1647 facinorum
1481 1590 1748 1662 acciperet
1776 1592 2026 1646 veniam:

453 1704 546 1756 ι-ιτ
579 1687 696 1740 novi
729 1697 904 1740 autem
940 1683 1170 1738 hominis
1198 1683 1297 1740 Dei
1345 1683 1584 1754 Regnum
1617 1685 2033 1754 evangelizantis

2123 477 2420 548 dignasque
2472 477 2671 548 gratias
2723 477 3039 560 referamus.
3092 475 3162 531 Et
3212 476 3446 533 dicendo.
3497 477 3716 536 Gratias

2123 570 2440 626 referamus.
2501 568 2678 626 Eievet
2733 569 2991 626 Scordus
3033 585 3216 624 mea
3270 571 3324 623 in
3372 569 3563 624 atterat.
3637 570 3710 639 ᾖ.

2127 659 2344 716 Charus.
2367 660 2598 730 Dignum
2625 671 2679 716 et
2697 661 2898 731 justum
2923 669 3026 716 est.
3055 659 3246 715 Postea
3269 661 3405 714 dicat
3427 660 3714 720 Pressit".

2195 776 2251 847 δ
2275 787 2296 816 ε
2341 774 2547 828 lutatio.
2583 775 2803 844 Dignum
2825 783 2878 830 et
2900 773 3099 844 justum
3127 785 3228 829 est.
3257 773 3367 829 Nos
3405 776 3499 829 tibi
3516 775 3718 840 gratias

2123 882 2319 937 agere;
2384 867 2606 921 Domine
2663 875 2852 921 sancte
2919 865 3078 921 Pater
3135 876 3320 920 eterne
3371 865 3716 936 omnipotens

2127 957 2317 1011 Deus:
2363 974 2459 1026 per
2505 958 2688 1013 Jesum
2717 959 2987 1012 Christum
3021 959 3185 1012 lilium
3238 967 3385 1012 tuum
3439 958 3718 1013 Dominum

2125 1059 2391 1104 nostrum.
2447 1051 2620 1115 Quem
2669 1052 2942 1106 doliamtes
2985 1051 3158 1105 ﬁdelis
3206 1050 3408 1104 amicus
3466 1051 3726 1118 preceasit

2130 1144 2401 1200 nascendo
2436 1162 2448 1197 :
2485 1146 2738 1214 processit
2790 1143 2842 1198 in
2874 1144 3102 1198 desertis
3129 1142 3330 1197 heremi
3363 1141 3722 1212 predicando:

2133 1239 2389 1306 processit
2419 1237 2760 1304 baptizando.
2792 1236 2941 1290 Viam
2973 1251 3183 1305 quoque
3225 1249 3516 1305 preparaus
3540 1235 3726 1305 judicii

2131 1345 2194 1385 ac
2249 1331 2602 1400 redemptoris
2644 1347 2658 1384 :
2690 1331 2996 1384 convocavit
3029 1337 3340 1398 peccatores
3366 1327 3430 1381 ad
3475 1330 3727 1396 peniten-

2133 1424 2262 1478 tiam
2299 1440 2312 1478 :
2347 1434 2402 1478 et
2423 1425 2675 1492 populum
2725 1423 2976 1478 salvatori
3021 1421 3305 1492 adquirens
3331 1421 3621 1492 baptizavit
3672 1423 3728 1478 in

2127 1516 2366 1573 Jsrdaae
2383 1526 2600 1586 peccata
2625 1517 2837 1585 propria
2861 1516 3198 1572 conﬁtentes.
3230 1515 3342 1569 Non
3373 1515 3620 1571 homines
3647 1515 3731 1570 in-

2133 1611 2380 1665 novando
2395 1613 2604 1679 plenam
2628 1611 2905 1665 conferens
2921 1611 3146 1680 gratiam
3164 1627 3179 1662 :
3195 1612 3286 1665 sed
3307 1609 3728 1679 piissimiSalva-
3781 1655 3793 1665 .

2139 1705 2271 1759 toris
2314 1718 2628 1758 ammonens
2675 1714 2960 1771 expectare
2999 1702 3344 1770 presentiam.
3395 1701 3509 1757 Non
3543 1703 3730 1757 remit-

450 1779 627 1833 divine
656 1779 929 1834 Trinitatis
955 1777 1167 1853 plenam
1201 1776 1430 1830 mundus
1458 1777 1709 1846 consequi
1738 1786 2036 1832 mereretur
2059 1749 2114 1818 Β
2142 1809 2261 1854 “ms
2310 1801 2422 1866 ipse
2471 1807 2687 1868 penna
2736 1749 2799 1851 ard
2847 1813 2903 1851 se
2927 1749 3265 1852 “urgentibus
3297 1817 3309 1850 ε
3337 1799 3429 1852 sed
3461 1796 3705 1852 remissio

453 1871 771 1925 iuelTuhilem
801 1870 1047 1941 gratiam.
1085 1868 1229 1922 Dona
1257 1867 1409 1926 nobis
1450 1867 1503 1920 in
1537 1868 1637 1922 hoc
1667 1878 1906 1937 tempore
1939 1867 2037 1922 ad-

453 1973 644 2016 ventus
673 1961 929 2030 unigeniti
962 1964 1032 2014 tui
1065 1960 1288 2014 eandem
1315 1959 1462 2030 pacis
1487 1960 1713 2028 gratiam
1747 1978 1760 2014 :
1797 1975 1953 2028 quam
1985 1960 2038 2014 in

455 2055 706 2122 prclerita
757 2054 951 2125 largire
990 2053 1234 2120 dignatus
1283 2067 1340 2104 es
1378 2051 1554 2105 secula
1583 2067 1599 2106 :
1630 2062 1681 2104 et
1714 2052 1818 2104 illis
1859 2066 1956 2104 nos
1987 2052 2038 2104 in

457 2161 681 2200 occursu
730 2144 756 2184 δ
788 2146 910 2200 ﬁdei
967 2144 1137 2198 socios
1182 2142 1542 2197 numerandos
1576 2159 1587 2195 :
1621 2159 1756 2212 quos
1813 2146 1864 2196 in
1919 2142 2037 2196 lidei

456 2237 752 2308 primordio
800 2251 829 2290 a
873 2235 1113 2292 Johanue
1163 2233 1216 2288 in
1265 2232 1499 2289 Jordaue
1546 2233 1842 2304 penitentie
1886 2234 2039 2287 undis

458 2341 715 2394 aquarum
746 2326 954 2379 ablutos
983 2341 996 2378 :
1026 2340 1054 2378 a
1087 2334 1138 2378 te
1165 2332 1437 2392 postremo
1468 2338 1562 2392 per
1607 2323 1774 2377 lilium
1821 2327 1872 2377 in
1917 2322 2038 2391 Spi-

458 2419 566 2472 ritu
595 2417 794 2472 Sancto
818 2427 873 2472 et
899 2417 1005 2486 igni
1039 2415 1410 2485 cognoscimus
1443 2415 1756 2483 baptizatos.
1805 2412 2036 2483 Respon-

460 2507 579 2562 deat
605 2507 822 2564 Chorus.
857 2510 1042 2562 Amen.
1079 2507 1226 2560 Dicat
1250 2504 1426 2559 Presb.
1455 2503 1588 2572 Qtra
1619 2513 1671 2558 tu
1693 2519 1750 2557 es
1778 2519 1902 2557 vera
1935 2520 2038 2573 pax

463 2610 645 2656 nostra
684 2611 739 2654 et
787 2599 1020 2654 Charitas
1067 2599 1361 2668 indisrupta
1393 2597 1525 2651 vivis
1559 2607 1734 2650 terum
1767 2604 1821 2650 et
1850 2611 2042 2666 regnas

459 2707 580 2746 cum
613 2691 806 2762 Spiritu
837 2691 1033 2746 Sancto
1080 2705 1214 2744 unus
1242 2689 1382 2745 Deus
1412 2690 1464 2744 in
1507 2689 1682 2743 secula
1715 2688 2037 2743 seculorum.

475 2785 516 2855 ἢ
539 2825 551 2836 .
581 2784 796 2838 Chorus.
826 2784 1014 2837 Amen.
1123 2791 1127 2796 “

539 2873 686 2928 Dicat
713 2873 887 2928 Presb.
920 2873 1124 2927 elevatis
1160 2873 1390 2927 manibus
1430 2875 1482 2926 in
1526 2871 1710 2926 celum.
1737 2871 1914 2928 Gratia
1951 2871 2040 2930 Dei

461 2965 638 3021 Patris
683 2966 1062 3037 omnipotentis
1098 2982 1112 3019 :
1149 2981 1247 3035 pax
1287 2979 1350 3019 ac
1379 2965 1595 3019 dilectio
1627 2965 1832 3018 Domini
1876 2965 2041 3020 nostri

464 3059 590 3114 Iesu
617 3059 818 3113 Christi
856 3077 867 3112 :
901 3070 953 3114 et
981 3059 1392 3114 communicatio
1437 3058 1668 3128 Spiritus
1715 3057 1893 3113 Sancti
1932 3076 1941 3109 :
1974 3057 2042 3112 sit

464 3167 682 3223 semper
711 3168 828 3207 cum
860 3153 1106 3207 omnibus
1129 3153 1299 3207 nobis.
1348 3152 1385 3219 ἡ
1409 3192 1421 3205 .
1449 3151 1663 3206 Chorus.
1689 3151 1752 3204 Et
1793 3167 1912 3204 t'ttm
1947 3150 2045 3204 ho-

469 3245 706 3300 minibus
763 3244 901 3300 bone
971 3245 1271 3298 voluntatis.
1327 3242 1470 3296 Dicat
1525 3240 1706 3297 Presb.
1768 3242 2046 3311 Quomodo

467 3339 655 3393 astatis
706 3352 891 3408 pacem
924 3337 1100 3391 facite.
1148 3335 1221 3403 ἡ.
1266 3334 1481 3390 Chorus.
1528 3338 1716 3391 Pacem
1766 3353 1936 3391 meam
1979 3337 2048 3393 do

464 3434 622 3490 vobis
654 3455 667 3490 :
704 3449 885 3504 pacem
937 3448 1107 3488 meam
1161 3433 1478 3486 commendo
1515 3433 1663 3489 vobis
1707 3453 1718 3487 :
1760 3451 1863 3490 non
1913 3437 2051 3494 sicut

471 3527 700 3581 mundus
737 3527 828 3580 dat
859 3540 1040 3594 pacem
1072 3524 1140 3578 do
1170 3523 1338 3580 vobis.
1386 3525 1420 3594 7
1445 3566 1457 3580 .
1504 3525 1709 3580 Novum
1743 3527 2048 3586 mandatum

469 3617 540 3674 do
564 3619 716 3673 vobis
743 3628 799 3672 ut
818 3617 1047 3686 diligatis
1069 3617 1315 3672 invicem.
1347 3617 1646 3672 Reiteretur.
1670 3617 1856 3672 Pacem
1877 3633 2050 3674 meam

469 3717 540 3770 do
567 3716 738 3770 vobis.
786 3715 821 3784 ᾗ
846 3752 860 3767 .
888 3712 1069 3769 Gloria
1101 3722 1154 3768 et
1185 3713 1358 3768 honor
1390 3711 1531 3768 Patri
1561 3724 1612 3768 et
1658 3712 1794 3768 Filio
1831 3725 1888 3766 et
1934 3713 2051 3786 Spi-

473 3808 598 3863 ritui
637 3806 834 3862 Sancto
886 3807 935 3859 in
965 3807 1139 3861 secula
1181 3808 1482 3862 seculorum
1519 3821 1695 3862 amen.
1747 3805 2051 3859 lieiteretur.

475 3901 668 3957 Pacem
730 3915 922 3954 meam.
991 3896 1206 3954 Interim
1249 3899 1382 3970 quod
1433 3896 1630 3952 Chorus
1677 3899 1817 3951 dicit.
1865 3899 2054 3952 Pacem

476 4011 648 4050 meam
677 4014 688 4048 :
715 3996 933 4065 accipiat
965 3993 1220 4051 Sacerdos
1242 4001 1415 4063 pacem
1436 3992 1498 4045 de
1521 4003 1703 4065 patenti
1728 3991 1941 4046 dicendo
1965 3992 2054 4046 sic.

478 4088 680 4142 llabele
722 4088 962 4142 osculum
1010 4086 1312 4141 dilectionis
1365 4093 1418 4140 et
1466 4087 1650 4154 pacis:
1683 4095 1737 4139 ut
1779 4085 1890 4154 apti
1942 4084 2059 4153 sitis

477 4182 836 4235 sacroszinctis
865 4179 1130 4249 mysteriis
1152 4177 1267 4232 Dei.
1302 4175 1368 4232 Et
1395 4179 1562 4232 statim
1593 4179 1678 4230 det
1720 4193 1894 4246 parem
1931 4177 2058 4232 Dia-

476 4285 606 4325 cono
649 4271 726 4323 vel
767 4285 962 4337 puero:
995 4277 1042 4321 et
1096 4284 1220 4340 puer
1271 4269 1481 4338 populo.
1527 4265 1712 4320 Postea
1760 4268 1965 4320 inclinet
2008 4282 2062 4320 se

482 4362 737 4418 Sacerdos
761 4361 955 4434 junctis
997 4361 1231 4413 manibus
1275 4368 1322 4413 et
1349 4360 1501 4412 dicat.
1545 4357 1779 4412 lntroibo
1807 4359 1870 4410 ad
1895 4359 2061 4411 altare

2141 1908 2263 1948 nem
2303 1902 2648 1963 peccatorum
2679 1895 2744 1946 ad
2795 1894 3029 1946 futurum
3078 1892 3336 1962 pollicens
3363 1906 3483 1948 esse
3510 1893 3731 1947 creden-

2139 1985 2301 2039 tibus.
2334 1985 2406 2040 Ut
2431 1984 2881 2057 descendentibus
2926 1983 2951 2022 ιι
2983 1984 3036 2038 in
3087 1999 3220 2054 aqua
3258 1985 3546 2054 penitentie
3599 1999 3613 2037 :
3659 1987 3725 2040 ab

2139 2078 2234 2133 illo
2275 2087 2585 2145 speraretur
2615 2077 2911 2132 remedium
2955 2077 3279 2147 indulgentie
3309 2095 3322 2131 :
3356 2093 3513 2146 quem
3544 2088 3732 2132 ventu-

2139 2187 2260 2226 rum
2335 2170 2621 2226 audiebant
2691 2170 2905 2239 plenum
2959 2172 3100 2225 dono
3154 2170 3393 2224 veritatis
3437 2178 3493 2224 et
3543 2170 3730 2239 gratie.

2145 2263 2448 2335 Baptizatus
2473 2263 2631 2330 igitur
2650 2264 2718 2318 ab
2742 2279 2806 2316 eo
2833 2263 3078 2317 Christus
3115 2277 3183 2318 ex
3225 2264 3494 2317 elemento
3536 2261 3734 2316 visibili

2144 2367 2201 2414 et
2227 2361 2418 2428 spiritu
2467 2358 2743 2414 invisibili.
2791 2357 3128 2411 Ducebantur
3155 2371 3246 2423 per
3272 2355 3628 2410 obedientiam
3669 2355 3736 2408 ad

2144 2451 2568 2506 misericordiam
2615 2465 2712 2520 per
2745 2450 2907 2503 [ilium
2937 2449 3134 2504 sterilis
3165 2466 3177 2500 :
3209 2448 3271 2501 ad
3306 2447 3467 2503 lilium
3495 2447 3735 2516 virginis.

2145 2543 2248 2599 Per
2301 2543 2603 2598 Johannem
2659 2542 2932 2596 hominem
2994 2557 3239 2610 magnum
3301 2540 3410 2594 :ad
3461 2541 3734 2594 Christum

2142 2634 2413 2688 hominem
2444 2635 2634 2694 Deum.
2660 2635 2827 2702 Quem
2855 2647 2975 2687 cum
3011 2633 3186 2697 Patre,
3216 2642 3268 2687 et
3294 2631 3496 2700 Spiritu
3537 2631 3737 2687 Sancto

2142 2731 2367 2786 adorant
2411 2731 2585 2802 angeli
2641 2739 2801 2798 atque
2851 2729 3207 2799 archangeli:
3243 2727 3421 2782 throni
3492 2727 3737 2781 domina-

2144 2823 2320 2878 tiones
2357 2841 2370 2878 :
2409 2833 2466 2880 et
2490 2831 2780 2894 potestates
2807 2825 2878 2876 ita
2907 2823 3166 2878 dicentes.
3236 2823 3273 2883 ri
3298 2865 3311 2878 .
3343 2822 3560 2877 Chorus.
3589 2821 3732 2876 San-

2143 2925 2286 2972 etus.
2352 2916 2600 2972 Sanctus.
2680 2917 2909 2972 Sanctus
2962 2916 3216 2970 Dominus
3244 2915 3384 2968 Deus
3405 2915 3679 2970 Sabbaoth
3720 2932 3733 2967 :

2145 3008 2287 3078 pleni
2315 3017 2442 3062 sunt
2465 3009 2564 3063 celi
2593 3018 2644 3062 et
2673 3017 2816 3062 terra
2834 3008 2999 3076 gloria
3029 3007 3326 3077 maiestatis
3355 3017 3446 3061 tue
3486 3027 3495 3060 :
3531 3022 3735 3061 osanna

2071 3104 2122 3170 ο
2151 3099 2258 3155 lilio
2280 3099 2441 3153 David
2471 3115 2484 3152 :
2509 3113 2708 3154 osanna
2735 3099 2794 3153 in
2819 3099 3068 3154 excelsis.
3127 3099 3443 3154 Benedictus
3479 3100 3570 3170 qui
3595 3099 3738 3155 venit

2150 3190 2443 3248 iniustitiae
2463 3190 2671 3246 Domini
2701 3209 2714 3243 :
2749 3205 2952 3246 osanna
2991 3190 3042 3243 in
3066 3189 3314 3245 excelsis.

2713 3324 2863 3379 Dicat
2895 3323 3187 3396 Presbyter.

2226 3436 2351 3491 Post
2374 3436 2618 3498 Sanctus.
2671 3437 2808 3494 Vere
2837 3447 3054 3494 sanatus
3093 3437 3439 3508 etgloriosus
3485 3437 3745 3498 Dominus

2155 3539 2337 3584 noster
2365 3528 2521 3584 Jesus
2569 3527 2814 3584 Christus
2846 3529 2984 3583 ﬁlius
3032 3538 3172 3583 tuus.
3203 3528 3370 3600 Quem
3415 3528 3541 3584 olim
3565 3529 3746 3586 credi.

2155 3635 2275 3674 mus
2316 3621 2649 3675 incarnatum
2690 3620 2856 3678 fuisse
2891 3637 2992 3696 pm
3035 3620 3207 3676 salute
3237 3619 3455 3674 humani
3481 3621 3696 3689 generis
3729 3638 3746 3676 :

2157 3726 2212 3770 et
2241 3732 2379 3769 nunc
2407 3725 2752 3785 expectamus
2780 3717 2844 3771 ad
2875 3715 3133 3785 judicium
3181 3725 3454 3770 venturum
3481 3713 3534 3769 in
3571 3715 3744 3784 gloria

2157 3809 2420 3864 claritatis
2467 3822 2586 3861 cum
2636 3807 2888 3862 omnibus
2941 3808 3136 3862 sanctis
3171 3825 3184 3862 :
3215 3807 3329 3876 ipse
3383 3805 3634 3866 Dominus
3687 3819 3751 3861 ac

2160 3903 2463 3971 redemptor
2493 3912 2730 3960 eteruus.
2782 3899 2980 3956 Deinde
3028 3901 3164 3958 dicat
3212 3899 3390 3955 Presb.
3448 3899 3504 3953 in
3549 3898 3752 3954 sitatis

2152 3999 2350 4068 junctis
2398 3997 2626 4052 manibus
2652 3996 2953 4054 inclinanda
2988 4010 3043 4050 se
3071 4004 3192 4050 ante
3247 3992 3410 4052 altare
3454 3991 3590 4050 huc
3615 3991 3753 4050 0m-

2164 4087 2368 4142 tionem.

2237 4187 2260 4214 θ
2302 4178 2500 4232 Adesto
2555 4177 2739 4234 adesto
2789 4177 2916 4235 Jesu
2971 4178 3109 4234 bone
3158 4175 3396 4247 pontifex
3461 4176 3516 4234 in
3576 4176 3754 4234 medio

2163 4270 2330 4324 nostri
2365 4287 2378 4322 :
2408 4269 2543 4325 sicut
2583 4268 2731 4328 fuisti
2761 4270 2813 4323 in
2853 4270 3028 4325 medio
3067 4268 3448 4340 discipulorum
3491 4278 3702 4324 tuorum
3731 4283 3752 4324 ε

2163 4363 2330 4416 sancti
2367 4367 2425 4424 ᾖ
2453 4361 2548 4416 [ica
2581 4360 2715 4416 hanc
2736 4362 3055 4418 oblationem
3087 4377 3099 4413 :
3137 4367 3195 4424 ὦ
3236 4360 3639 4416 utsanctilicata
3685 4365 3746 4424 Ψ

481 4453 574 4508 Dei
613 4455 740 4506 mei.
771 4452 1092 4520 Respondeat
1133 4449 1355 4503 Chorus.
1391 4449 1468 4502 Ad
1510 4447 1674 4501 Deum
1717 4448 1802 4516 qui
1843 4448 2058 4503 letilicat
2090 4462 2142 4524 ι)
2167 4468 2439 4508 sumamus
2477 4468 2572 4524 per
2593 4469 2782 4508 manus
2807 4453 2975 4514 sancti
3003 4453 3175 4524 angeli
3216 4454 3288 4508 tui
3319 4462 3499 4510 sancte
3523 4453 3755 4512 Domine

481 4545 817 4613 iuventutem
845 4558 1035 4598 meam.
1084 4540 1343 4595 Presbiter
1363 4550 1512 4610 ponat
1541 4555 1719 4592 manus
1745 4556 1899 4608 super
1943 4541 2065 4594 cali—

483 4656 590 4694 cem
622 4650 664 4692 et
690 4639 848 4692 dicat.
894 4637 1062 4690 Aures
1093 4635 1158 4689 ad
1189 4635 1495 4688 Dominum.
1541 4632 1611 4698 ἢ.
1645 4629 1860 4686 Chorus.
1897 4633 2066 4686 Habe-

486 4745 606 4786 mus
637 4730 700 4784 ad
750 4729 1054 4783 Dominum.
1106 4725 1256 4779 Dicat
1301 4723 1480 4778 Presb.
1511 4722 1734 4778 Sursum
1761 4724 1942 4778 corda.
1990 4726 2066 4794 ἡ.

487 4820 711 4877 Chorus.
744 4820 1009 4875 Levemus
1049 4817 1114 4872 ad
1157 4816 1464 4870 Dominum.
1500 4813 1647 4868 Dicat
1703 4813 1880 4870 Prcsb.
1913 4817 2072 4868 incli-

487 4914 661 4967 nanda
703 4929 757 4967 se
788 4913 987 4985 junctis
1030 4911 1282 4964 manibus.
1333 4908 1444 4963 Deo
1497 4923 1558 4963 ac
1613 4907 1839 4963 Domino
1892 4917 2073 4963 nostra

570 5058 593 5085 ’³
621 5048 702 5102 Ad
735 5059 953 5116 patrem.
979 5047 1103 5102 Cor.
1135 5047 1203 5100 ad
1227 5062 1424 5116 pacem.
1453 5045 1617 5100 Error
1640 5053 1722 5099 est
1753 5047 2070 5116 typograph.

496 5120 622 5174 Haec
661 5115 846 5186 quarta
891 5117 1060 5170 oratio
1111 5115 1473 5172 suo’nomine
1518 5117 1586 5170 ad
1635 5132 1811 5186 pacem
1854 5115 2073 5170 dicina.

501 5190 702 5256 Quarta
752 5200 862 5256 post
889 5187 1018 5254 Ιιωσ,
1068 5191 1141 5242 ait
1183 5198 1399 5243 sanctus
1435 5187 1690 5250 Isidorus,
1744 5187 1958 5254 infertur
1988 5203 2076 5250 pro

497 5261 678 5314 osculo
714 5260 873 5330 pacis.
924 5258 997 5312 Ea
1029 5259 1168 5314 enim
1199 5261 1440 5314 absoluta
1483 5267 1719 5312 astantes
1750 5258 1932 5310 lideles
1979 5257 2076 5310 sibi

499 5333 727 5399 mvicern
757 5346 936 5399 pacem
967 5331 1115 5384 dat.

574 5402 597 5438 ι)
629 5398 802 5471 Fidei.
837 5399 1106 5463 Fortasse.
1137 5402 1254 5471 ﬁlii.

579 5482 599 5510 ε
629 5470 838 5525 lutatio.
871 5472 1001 5534 Quae
1048 5468 1212 5525 illa‘tio
1241 5470 1554 5533 Mozarahis,
1606 5468 1848 5522 Romano
1882 5469 2076 5522 Missali

502 5544 738 5612 pra’fatio
785 5541 997 5606 dicitur,
1039 5543 1210 5598 Gallis
1253 5543 1381 5596 oliui
1411 5541 1730 5612 contestatio,
1779 5547 1869 5592 aut
1919 5540 2084 5612 missa!

503 5611 806 5668 itmnotatio.
843 5612 1073 5668 Sanctus
1106 5614 1337 5668 Isidorus
1379 5629 1394 5666 :
1429 5611 1619 5674 Quinta
1662 5611 1881 5679 infertur
1919 5611 2083 5662 illatio

505 5685 559 5736 in
584 5685 987 5751 sanctiﬁcatione
1003 5685 1295 5742 oblationis,
1321 5683 1376 5736 in
1398 5698 1551 5751 quam
1571 5681 1716 5734 etiam
1745 5678 1838 5732 Dei
1860 5682 2078 5744 tandem,

509 5758 816 5810 terrestrium
860 5764 1114 5820 creatura,
1146 5755 1388 5808 uirtutum
1429 5753 1702 5806 caelestium
1757 5752 2082 5819 uniuersitas,

2170 4562 2232 4601 ac
2278 4545 2581 4616 redemptor
2607 4555 2811 4600 eterne.
2849 4543 2867 4581 ί
2914 4544 3167 4604 Dominus
3204 4555 3384 4598 noster
3409 4543 3571 4604 Jesus
3597 4543 3757 4602 Chri-

2171 4650 2284 4694 stus
2323 4639 2374 4691 in
2403 4653 2502 4707 qua
2535 4649 2692 4694 nocte
2723 4637 3030 4692 tradebatur
3059 4637 3264 4704 accepit
3293 4651 3482 4702 panem
3516 4651 3531 4688 :
3558 4644 3613 4688 et
3633 4650 3760 4705 gra-

2174 4731 2275 4784 tias
2300 4745 2464 4800 agens
2496 4730 2631 4784 bene
2668 4735 2726 4792 >14
2762 4728 2894 4782 dixit
2925 4743 2987 4783 ac
3017 4727 3168 4796 fregit
3197 4745 3210 4780 :
3244 4725 3492 4796 deditque
3514 4723 3755 4794 άὶεοὶριιρ

2175 4823 2240 4877 lis
2287 4823 2404 4896 suis
2440 4823 2646 4878 dicens.
2671 4821 2909 4888 Accipite
2937 4830 2987 4874 et
3031 4817 3364 4872 atandttcale.
3395 4824 3419 4861 8
3451 4813 3560 4874 Hoc
3589 4823 3758 4868 :cst:

2176 4929 2370 4982 corpus
2403 4931 2415 4965 :
2451 4927 2626 4967 meum
2662 4928 2676 4964 :
2713 4911 2852 4982 quod
2886 4927 2899 4964 :
2933 4927 3027 4980 pro
3058 4927 3070 4960 :
3107 4909 3261 4961 vobis
3295 4924 3309 4963 :
3353 4904 3610 4966 tradetur.
3656 4903 3762 4958 Hic

2177 5052 2225 5096 et
2251 5044 2457 5096 Osanna
2487 5045 2538 5096 in
2571 5043 2809 5094 Ecclesiis
2830 5050 3086 5094 cantatur.
3112 5039 3452 5093 Terminatur
3475 5036 3645 5090 iﬂatio
3667 5052 3761 5090 so-

2181 5115 2338 5168 lemni
2371 5113 2580 5182 trisagio
2613 5114 2798 5167 Latine
2825 5123 2879 5166 et
2908 5111 3092 5184 Grzrce
3109 5110 3452 5184 pronuntiato
3475 5118 3530 5162 et
3551 5110 3762 5176 exeipi-

2182 5195 2262 5238 tur
2288 5186 2527 5238 oratione
2553 5193 2661 5252 post
2682 5192 2890 5237 sanctus
2920 5183 3082 5236 dicta.

2250 5255 2273 5290 ἀ
2308 5256 2368 5308 lu
2398 5272 2550 5325 aqua.
2579 5255 2818 5318 Corrige,
2850 5271 3054 5322 aquam.

2255 5334 2277 5361 ο
2311 5321 2518 5378 Adesto.
2549 5325 2648 5376 Hic
2677 5325 2861 5392 incipit
2885 5321 3077 5386 canon,
3111 5323 3200 5391 qui
3229 5331 3311 5376 est
3331 5321 3704 5392 brevissimus.

2259 5396 2277 5432 ί
2308 5397 2553 5449 Dominus
2602 5391 2796 5448 rioster.
2837 5397 2947 5449 lloc
2975 5405 3122 5449 certe
3167 5395 3285 5447 loco
3331 5392 3527 5462 aliquid
3576 5391 3700 5443 dces
3754 5433 3763 5447 .

2183 5467 2322 5586 quod
2353 5469 2472 5521 sine
2515 5468 3001 5535 mauu-scriptorum
3032 5465 3349 5518 auctoritate
3380 5463 3624 5534 supplere
3658 5479 3763 5510 ιτα-μ

2184 5553 2264 5586 aut
2289 5554 2375 5586 eo.

2184 5553 2375 5590 audeo.

2256 5619 2279 5653 α
2323 5610 2510 5663 Forma
2542 5611 2636 5661 ism
2679 5607 3090 5662 consecratirmis
3119 5604 3349 5672 ponitur,
3381 5622 3446 5660 ne
3482 5604 3717 5670 utiquit.
3748 5622 3769 5651 ς

2185 5680 2478 5748 ignoretur,
2509 5680 2600 5732 sed
2635 5679 2790 5732 hodie
2825 5688 3064 5732 servetur
3093 5677 3346 5729 Ecclesiae
3379 5675 3768 5748 traditio.__qr.-.i-

2186 5745 2267 5806 est.
2317 5753 2411 5805 ista
2439 5745 2471 5804 :’
2508 5750 2664 5804 Hoc:
2694 5758 2762 5804 est
2805 5764 2822 5802 :
2869 5750 2999 5803 enim
3033 5764 3052 5801 :
3095 5763 3324 5822 corpus:
3373 5764 3538 5802 metuit
3609 5745 3709 5801 Hic
3753 5763 3773 5804 Ρ
