4040 6356
276 314 373 370 117

1001 306 1300 365 MISSALE
1340 276 1611 362 nixruu
1656 305 1805 361 ssc.
1851 305 2009 362 nco.
2055 306 2114 363 Β.
2162 305 2432 364 tsmont.
2475 336 2545 348 —
2586 307 2761 366 mus
2800 309 2841 365 ι.

3469 313 3568 370 H8

273 427 492 479 elevatur
513 439 731 494 corpus.
764 420 1217 492 Quotiescumque
1247 420 1700 476 mamlucaveritfs
1729 437 1740 470 :
1775 421 1876 472 hoc
1903 424 1950 480 Α
1984 427 2038 472 et
2069 427 2329 478 mortuos.
2365 417 2527 492 Cujus
2560 422 2708 490 regni
2741 437 2844 476 non
2875 420 2978 476 erit
3005 421 3142 475 linis.
3189 418 3256 475 Et
3293 421 3344 476 in
3397 423 3571 494 Spiri-

274 515 420 569 facile
467 513 522 566 in
578 527 752 566 meam
807 515 864 574 ὦ
896 510 1491 565 commemorationem.
1535 507 1797 564 Similter
1828 514 1882 561 ct

273 607 486 661 calicem
508 613 797 676 postquam
824 603 1032 660 cenavit
1069 602 1278 658 dicens.
1313 602 1407 656 llic
1441 607 1500 666 »Β
1535 610 1619 656 est
1649 618 1659 654 :
1695 600 1832 656 calix
1863 619 1876 654 :

273 696 389 751 novi
423 712 438 751 :
466 695 781 752 testamenti
830 711 846 753 :
877 695 971 750 in:
1003 711 1124 749 meo
1161 714 1170 746 :
1201 696 1458 764 sanguine
1507 714 1518 747 :
1548 696 1636 766 qui
1681 711 1695 748 :
1730 709 1824 762 pro
1857 711 1874 751 :

273 792 415 846 ιὐιιὶς
437 802 522 847 :et
561 808 688 861 :pro
714 790 926 846 :multis
953 808 966 843 :
1001 789 1303 844 eli'undetur
1328 790 1412 843 :in
1437 789 1834 845 :remissionem
1859 803 1875 843 :

273 895 638 956 pecca'orum.
675 883 777 938 Hic
803 883 1026 938 elevetur
1068 883 1204 938 calix
1246 893 1516 951 coopertus
1546 898 1662 937 cum
1689 880 1874 952 ﬁliola.

272 977 735 1048 Quotiescumque
757 977 1004 1031 biberitis
1031 977 1136 1031 hoc
1169 976 1326 1030 tacite
1354 976 1411 1032 in
1439 991 1614 1030 meam
1644 979 1703 1038 >14
1734 990 1879 1030 com-

275 1071 742 1125 memorationem.
781 1067 848 1122 Et
894 1085 1012 1122 cum
1059 1077 1351 1138 perventum
1398 1068 1553 1139 fuerit
1597 1067 1682 1121 ubi
1728 1067 1874 1123 dicit.

275 1161 322 1215 In
351 1176 531 1215 meam
573 1161 1164 1224 commemorationem.
1227 1157 1376 1214 Dicat
1408 1160 1572 1227 presb.
1615 1159 1721 1214 alta
1757 1175 1876 1214 voce

274 1254 500 1308 omnibus
527 1255 709 1308 diebus
733 1263 902 1322 preter
945 1253 1139 1323 festiuis
1165 1270 1183 1307 :
1208 1255 1323 1324 pari
1347 1254 1499 1307 modo
1536 1252 1620 1306 ubi
1641 1253 1766 1307 dicit
1818 1253 1875 1307 In

273 1348 577 1404 claritatem
607 1351 678 1404 de
706 1350 854 1404 celis.
905 1348 973 1402 Et
1001 1347 1224 1419 qualibet
1258 1350 1365 1404 vice
1392 1350 1695 1421 respondeat
1735 1349 1875 1406 Cho-

273 1457 374 1494 rus.
423 1443 624 1497 Amen.
675 1441 1131 1510 Quotiescumque
1180 1441 1628 1496 manducaveritis
1681 1457 1872 1512 panem

278 1530 408 1587 hunc
430 1544 486 1589 et
537 1533 762 1589 calicem
809 1535 968 1588 istum
1016 1533 1258 1588 biberitis
1308 1552 1322 1588 :
1374 1544 1602 1589 mortem
1662 1533 1872 1589 Domini

276 1625 666 1680 annnnciabitis
691 1625 868 1681 donec
896 1623 1095 1679 veniet.
1132 1623 1188 1679 In
1225 1624 1526 1680 claritatem
1576 1628 1634 1688 it
1665 1623 1735 1679 de
1780 1639 1873 1680 ce-

278 1717 355 1770 iis.
406 1717 443 1785 ἢ
491 1717 715 1772 Chorus.
748 1720 939 1773 Amen.

877 1808 1030 1862 Dicat
1075 1806 1257 1864 Preso.

347 1909 368 1933 η
428 1898 553 1956 Post
587 1901 776 1972 pridie.
813 1899 1010 1955 Oratio.
1059 1899 1280 1954 Domine
1326 1898 1454 1956 Jesu
1479 1898 1690 1956 Christe
1735 1899 1870 1955 lianc

282 1993 507 2047 hostiam
551 1993 727 2047 vivam
771 1991 1134 2047 illustratione
1177 1991 1439 2046 adventus
1488 1992 1760 2047 sanetilica
1813 2002 1871 2048 ut

280 2101 344 2140 cx
379 2101 439 2140 ea
472 2085 697 2141 libantes
733 2103 746 2141 :
775 2085 1102 2141 mundemur
1130 2101 1161 2140 a
1187 2085 1416 2142 crimine
1447 2103 1464 2141 :
1488 2095 1544 2142 et
1569 2093 1712 2142 tuam
1739 2102 1866 2156 gra-

285 2178 409 2230 tiam
444 2192 744 2232 mereamur
786 2176 1064 2247 percipere
1093 2175 1210 2230 sine
1239 2176 1368 2231 line.
1415 2177 1452 2236 Ii
1474 2217 1488 2230 .
1517 2178 1711 2233 Amen.
1756 2177 1866 2232 Po-

286 2279 392 2323 stea
422 2271 551 2323 dicat
580 2270 748 2340 presb.

376 2361 440 2416 l'e
469 2370 732 2432 prestante
773 2371 955 2417 sancte
994 2361 1221 2420 Domine
1252 2382 1264 2417 :
1304 2363 1426 2432 quia
1458 2374 1511 2418 tu
1557 2364 1658 2421 hec
1684 2366 1865 2421 omnia

301 2455 456 2508 nobis
485 2455 708 2526 liidigltis
736 2455 898 2512 servis
926 2456 1026 2511 tuis
1051 2473 1067 2512 :
1102 2457 1254 2511 valde
1279 2458 1414 2512 bona
1462 2472 1616 2515 creas
1647 2477 1661 2513 :
1689 2458 1864 2515 sancti

300 2552 361 2609 ὦ
408 2546 528 2600 {icas
579 2566 592 2599 :
629 2546 854 2601 vivificas
905 2553 958 2609 ὦ
992 2546 1185 2603 benedi
1239 2552 1297 2611 >14
1341 2548 1420 2602 cis
1456 2554 1514 2611 δη
1549 2563 1610 2602 κο
1660 2556 1864 2610 prostas
1899 2593 1904 2597 .

287 2637 440 2693 nobis
469 2655 479 2689 :
507 2636 530 2675 δ
564 2646 620 2692 ut
649 2639 716 2692 sit
764 2638 1038 2693 bertedicta
1066 2654 1095 2692 a
1125 2649 1176 2693 te
1207 2639 1314 2693 Deo
1364 2648 1549 2694 nostro
1595 2655 1648 2693 ιιι
1681 2640 1861 2695 secula

282 2731 597 2784 seculorum.
647 2730 684 2799 ιῆ
707 2768 720 2784 .
753 2728 972 2785 Chorus.
997 2733 1185 2785 Amen.
1239 2728 1308 2784 Et
1349 2738 1468 2785 tunc
1497 2729 1676 2785 Presb.
1715 2733 1864 2785 acci-

280 2824 383 2890 piat
428 2839 606 2892 corpus
637 2820 849 2878 Domini
889 2826 953 2877 de
992 2835 1174 2893 patena
1200 2837 1254 2879 er
1284 2834 1438 2896 ponat
1461 2841 1612 2891 super
1652 2824 1864 2879 calicem

278 2915 652 2983 discoopertum
683 2931 702 2969 :
718 2925 764 2968 et
787 2916 921 2968 dicat
937 2916 1044 2970 alta
1055 2932 1172 2970 voce
1185 2917 1416 2971 omnibus
1431 2917 1604 2971 diebus
1628 2917 1863 2970 videlicet

278 3020 461 3078 isstwrs
480 3017 527 3062 et
551 3006 838 3062 Dominicis
868 3024 887 3062 :
928 3017 1095 3079 preter
1133 3010 1187 3062 in
1217 3009 1342 3062 locis
1379 3009 1433 3063 in
1462 3009 1640 3079 quibus
1682 3010 1776 3062 erit
1809 3009 1864 3080 6

277 3100 549 3166 entipltona
591 3101 801 3171 propria
846 3101 914 3152 ad
956 3100 1352 3170 confractionem
1395 3101 1563 3172 panis.
1605 3100 1860 3156 Dominus

273 3193 337 3246 sit
380 3206 598 3262 semper
647 3193 945 3248 vobiscum.
989 3193 1062 3260 li.
1093 3193 1326 3248 Etcum.
1381 3192 1529 3246 Dicat
1569 3192 1736 3261 presb.
1772 3192 1860 3246 Fi-

273 3285 390 3339 dem
418 3300 580 3341 ouem
625 3286 797 3341 corde
825 3283 1094 3345 credimus
1125 3304 1135 3339 :
1167 3299 1266 3341 ore
1283 3295 1462 3339 autem
1487 3283 1752 3338 dicamus.
1791 3283 1858 3338 Et

276 3387 416 3451 eteoet
462 3378 725 3433 Sacerdos
765 3375 964 3449 Corpus
1001 3377 1193 3432 C'lsristi
1234 3387 1290 3430 ut
1313 3377 1543 3431 uideatur
1573 3391 1606 3429 a
1643 3376 1854 3447 populo.

280 3469 335 3524 Et
363 3471 500 3526 dicat
523 3471 727 3527 Chorus
746 3470 1019 3525 simbolum
1037 3471 1148 3524 bini
1167 3486 1228 3523 ac
1258 3470 1363 3523 bini
1389 3469 1636 3524 uidelicet.

343 3577 362 3603 ε
391 3564 680 3621 Credimus
711 3567 763 3620 ia
789 3581 970 3620 unum
983 3565 1148 3621 Deum
1174 3565 1388 3620 Patrem
1411 3565 1853 3633 omnipotentem.

277 3651 546 3712 Factorem
579 3657 685 3713 celi
724 3666 779 3712 et
806 3665 976 3712 terre.
1036 3655 1342 3711 Visibllium
1371 3655 1606 3710 omnium
1639 3662 1695 3708 et
1721 3654 1858 3710 invi-

275 3751 498 3807 sibiiium
525 3751 890 3807 conditorem.
919 3751 990 3805 Et
1017 3751 1070 3804 in
1095 3766 1262 3805 cntum
1293 3750 1573 3805 Dominum
1616 3762 1856 3804 nostrum

279 3841 448 3896 Jesum
478 3844 752 3898 Christum
777 3843 817 3897 F
823 3843 967 3896 ilium
1009 3841 1104 3897 Dei
1131 3840 1498 3911 Unigenitum.
1521 3839 1586 3894 Et
1611 3855 1676 3894 ex
1698 3838 1858 3895 Patre

286 3943 456 3988 natum
502 3945 622 3990 ante
671 3934 849 3990 omnia
889 3933 1068 3988 secula
1102 3932 1264 3986 Deum
1297 3947 1360 3986 ex
1391 3931 1521 3986 Deo.
1564 3931 1764 3986 Lumen
1792 3947 1858 3986 ex

279 4023 493 4082 lumine.
527 4026 696 4081 Deum
745 4040 931 4080 verum
978 4040 1043 4080 ex
1089 4024 1200 4080 Deo
1231 4037 1381 4079 vero.
1407 4023 1599 4077 Natum
1625 4037 1728 4076 non
1754 4021 1860 4078 fac-

275 4129 401 4174 tum.
445 4119 744 4176 Omousion
793 4119 936 4172 Patri
987 4117 1087 4171 hoc
1135 4126 1216 4171 est
1243 4116 1482 4186 ejusdem
1527 4130 1646 4169 cum
1701 4113 1859 4169 Patre

272 4211 590 4269 substantie.
614 4211 720 4267 Per
748 4225 904 4281 quem
935 4209 1113 4265 omnia
1141 4207 1275 4263 iacta
1306 4215 1430 4262 sunt
1454 4221 1557 4276 que
1583 4206 1636 4259 in
1661 4204 1776 4259 celo
1803 4211 1861 4260 et

271 4319 367 4371 que
411 4304 466 4358 in
520 4313 688 4360 terra.
732 4301 833 4370 Qui
884 4309 1100 4371 propter
1144 4314 1240 4355 nos
1289 4297 1534 4352 homines
1559 4305 1614 4352 et
1644 4305 1859 4364 propter

271 4411 506 4451 nostram
545 4396 777 4450 salutem
825 4394 1101 4450 descendit
1146 4393 1213 4448 de
1250 4392 1401 4448 celis.
1458 4391 1524 4446 Et
1551 4389 1858 4446 incarnatus

268 4503 342 4543 est
363 4491 430 4545 de
447 4488 664 4559 Spiritu
688 4488 884 4544 Sancto
913 4502 978 4542 ex
1006 4486 1166 4540 Maria
1192 4484 1408 4556 Virgine
1428 4492 1482 4539 et
1507 4483 1666 4538 homo
1687 4481 1857 4536 lactus

269 4593 364 4636 est.
415 4584 622 4638 Passus
651 4581 752 4635 sub
797 4579 986 4634 Pontio
1016 4578 1212 4635 Pilato.
1264 4577 1515 4648 Sepultus
1570 4574 1721 4630 tertia
1775 4573 1859 4628 die

271 4674 592 4730 resurrexit.
624 4673 877 4728 Ascendit
907 4673 971 4727 ad
1002 4676 1146 4726 celos
1173 4671 1326 4727 sedet
1353 4669 1418 4724 ad
1450 4669 1724 4724 dexteram
1771 4665 1862 4720 Dei

270 4767 438 4823 Patris
463 4766 881 4837 omnipotentis.
910 4764 1036 4820 Inde
1063 4771 1319 4820 venturus
1339 4774 1420 4818 est
1440 4762 1684 4832 judicare
1706 4762 1854 4816 vivos

269 4910 523 4973 (st;enim
558 4922 575 4959 :
601 4903 1056 4974 calix:sanguinis
1077 4918 1092 4955 :
1117 4903 1214 4955 mei
1234 4917 1254 4956 :
1276 4902 1387 4954 novi
1417 4909 1552 4974 :et_.j
1574 4901 1728 4952 rterni
1756 4915 1774 4952 :
1795 4909 1864 4952 te-

266 4970 503 5034 stainemi
528 4993 549 5030 :
580 4970 919 5045 mysterium}
948 4975 1103 5042 ﬁdei:
1128 4973 1246 5040 qui:
1279 4989 1371 5040 pro
1391 4988 1409 5025 :
1438 4970 1574 5024 vobis
1599 4980 1676 5024 :et
1700 4985 1860 5038 :pro:

269 5052 441 5103 multis
477 5068 496 5105 :
539 5047 836 5116 elfundetur
866 5061 883 5099 :
922 5047 975 5116 in
1007 5059 1034 5098 :.
1069 5045 1414 5116 remissionem
1449 5057 1468 5095 :
1517 5050 1856 5116 peccatorum.

337 5133 359 5157 ο
387 5119 524 5174 Post
561 5111 746 5188 pridie.
778 5117 869 5170 Sic
897 5115 1036 5188 enim
1068 5116 1181 5168 haec
1213 5113 1386 5188 oratio
1416 5124 1634 5188 vocatur
1658 5113 1708 5164 in
1744 5111 1862 5188 Mis-

268 5192 360 5244 sali
397 5185 619 5253 nostro,
653 5206 678 5240 a
712 5198 898 5242 sancto
928 5185 1131 5239 lsidovo
1159 5185 1481 5254 conﬁrmatio
1510 5186 1858 5245 sacramenti;

271 5262 319 5314 in
349 5261 590 5333 liturgiis
614 5258 933 5333 Gallicanis,
955 5257 1239 5333 aliquanle
1257 5264 1380 5333 post
1407 5255 1722 5333 mysterium2
1765 5254 1859 5333 ali-

267 5325 634 5401 quando'post
664 5338 856 5384 secreta
884 5325 1332 5401 dicitur._Exhinc
1357 5335 1499 5401 sexta
1522 5325 1762 5401 succedit,
1785 5327 1860 5401 ait

267 5396 489 5459 sanctus
520 5401 780 5465 Isidorus,
828 5398 1150 5467 conﬁrmatio
1177 5397 1506 5459 sacramenti,
1557 5405 1611 5448 ut
1644 5396 1854 5459 oblatio,

265 5490 381 5542 quc
414 5474 528 5528 Deo
560 5471 795 5536 odertur,
824 5469 1143 5542 sanctiﬁcata
1175 5484 1262 5542 per
1293 5467 1547 5542 Spiritum
1587 5478 1815 5542 s_anc_tu_m
1839 5507 1854 5530 ,

267 5537 474 5616 corpori
503 5542 737 5616 Christi,
767 5552 813 5594 et
843 5539 1080 5616 sanguini
1110 5538 1460 5616 conﬁrmetur,
1491 5537 1668 5616 ita_in'
1690 5537 1854 5616 βάίι..

270 5623 322 5668 at
351 5607 404 5669 in
435 5607 731 5669 Codicibus
758 5607 1006 5667 omnibus
1033 5624 1165 5663 mss.
1198 5619 1330 5663 teste
1363 5609 1625 5676 llittorpio
1650 5607 1668 5676 (
1694 5608 1741 5660 in
1774 5623 1855 5660 va.

269 5688 360 5740 riis
406 5685 759 5747 lectionibus,
793 5699 915 5752 pag.
961 5678 1086 5752 591,
1117 5679 1357 5752 adjectis
1387 5680 1538 5752 operi
1567 5677 1636 5732 de
1661 5678 1856 5752 divinis

270 5756 551 5812 catholica:
585 5750 835 5809 Ecclesia:
861 5750 1088 5822 Olliriis)
1115 5750 1307 5822 legitur
1327 5750 1555 5823 corporis
1581 5757 1627 5803 et
1648 5751 1855 5819 sangui-

271 5831 347 5892 nis
373 5829 725 5907 conﬁrmetur,
1421 5831 1423 5836 '

1986 519 2094 563 tum
2145 511 2401 565 Sanctum
2457 512 2739 567 Dominum
2787 512 3165 569 viviﬁcatorem
3202 525 3296 569 :et
3326 530 3391 570 ex
3414 517 3570 574 Patre

1985 616 2042 660 et
2071 605 2209 660 Filio
2239 607 2642 675 procedentem.
2664 607 2798 663 Cum
2830 607 2989 664 Patre
3007 618 3063 663 et
3087 608 3219 664 Filio
3240 609 3568 666 adorandum

1982 706 2036 750 et
2061 697 2598 768 conglorilicandum.
2643 699 2743 768 Qui
2776 699 2986 755 locutus
3008 709 3089 755 est
3122 716 3218 770 per
3252 701 3565 771 Prophetas.

1981 788 2046 844 Et
2073 805 2230 844 unam
2259 802 2498 846 sanctam
2527 792 2856 848 Catholicam
2887 805 2937 848 et
2990 794 3354 861 Apostolicam
3385 795 3568 852 Eccle-

1979 878 2134 937 siam.
2163 879 2442 937 Conﬁteor
2472 899 2632 938 unum
2666 884 2926 955 baptisma
2958 885 3009 940 in
3041 888 3410 943 remissionem
3445 901 3567 957 pec-

1977 984 2241 1029 catorum.
2290 973 2648 1044 Expectamus
2699 978 3148 1032 resurrectionem
3185 988 3514 1035 mortuorum
3548 996 3562 1033 :

1977 1073 2033 1121 et
2053 1066 2210 1120 vitam
2235 1067 2442 1122 venturi
2485 1066 2670 1122 seculi.
2706 1071 2898 1123 Amen.

2522 1163 2993 1611 Θ

3330 1665 3428 1786 \

2134 1625 2500 1756 βλ
2554 1625 2962 1756 βλ

2961 1762 3395 1879 VResnrreatiu.

2627 1819 2905 1876 Nativitas.

2220 1815 2381 1872 Mors.

3033 2297 3240 2354 Gloria.

2559 2293 2934 2351 Circumeisio.

2518 2101 2986 2559 Θ

3029 2781 3274 2852 Regium

2640 3245 2845 3305 Passio.

2035 3559 2098 3614 Et
2126 3561 2309 3615 deinde
2353 3561 2504 3630 faciat
2543 3559 2809 3632 Presbyter
2856 3563 2950 3614 sic.
3003 3559 3233 3632 Frangat
3285 3563 3544 3617 Euchari—

1960 3654 2212 3723 stiamper
2229 3655 2450 3706 medium
2476 3663 2552 3708 :et
2578 3671 2609 3724 p
2629 3666 2730 3706 :nat
2745 3654 2964 3707 mediam
2978 3663 3170 3722 partem
3184 3655 3235 3707 in
3257 3654 3446 3710 Paterna
3466 3673 3484 3710 :
3501 3666 3546 3710 et

1961 3749 2022 3801 de
2048 3748 2153 3802 alia
2182 3758 2326 3820 parte
2354 3748 2507 3817 faciat
2537 3749 2758 3818 quinque
2781 3749 3055 3818 particulas
3082 3760 3129 3803 et
3164 3762 3318 3819 ponat
3347 3753 3401 3806 in
3437 3750 3545 3806 Pa-

1960 3851 2076 3895 tena
2129 3859 2140 3893 :
2173 3852 2218 3895 et
2239 3841 2456 3906 accipiat
2487 3841 2643 3892 a’iam
2670 3849 2863 3909 partem
2904 3849 2949 3893 et
2989 3841 3143 3908 fcio!
3172 3850 3390 3908 quatuor
3421 3859 3544 3906 par-

1961 3935 2146 3988 ticulas
2186 3944 2231 3988 et
2260 3947 2412 4004 ponat
2455 3936 2505 3988 in
2537 3933 2734 3988 Partena
2779 3935 3011 3987 similiter
3042 3951 3130 4002 per
3158 3935 3384 3988 ordinem
3412 3937 3543 4004 [acte

1961 4043 2052 4096 per
2073 4036 2214 4080 rotas
2241 4026 2365 4080 istas
2391 4041 2489 4096 que
2521 4043 2676 4094 supra
2722 4034 2861 4078 sunt.
2908 4024 2974 4077 Et
3005 4026 3173 4078 statim
3202 4037 3379 4097 purget
3421 4026 3544 4082 bene

1959 4119 2144 4184 digitos
2194 4133 2213 4172 :
2249 4128 2297 4172 et
2357 4126 2592 4187 cooperto
2633 4117 2790 4170 calice
2829 4117 2918 4182 ﬁat
2970 4131 3219 4170 memento
3262 4135 3355 4180 pro
3399 4121 3542 4172 vivis.

1961 4212 2151 4267 Postea
2171 4212 2308 4265 dicat
2336 4209 2608 4280 Presbyter
2637 4209 2704 4263 ad
2738 4210 3018 4263 orationem
3052 4209 3366 4263 Dominicam
3392 4228 3545 4282 cqua-

1959 4308 2075 4360 liter
2105 4305 2256 4357 istam
2287 4303 2585 4356 orationem.
3037 4365 3044 4370 Ι

2030 4393 2059 4434 ἀ
2106 4397 2340 4450 Oremus.
2371 4392 2602 4448 Verbum
2631 4392 2805 4447 Patris
2847 4401 2870 4430 ε
2921 4392 3059 4462 quod
3090 4406 3211 4446 cum
3259 4392 3454 4447 factum
3479 4407 3544 4448 es

1963 4498 2019 4543 ut
2048 4487 2317 4542 habitat-es
2343 4485 2394 4539 in
2426 4484 2598 4539 nobis.
2655 4485 2839 4538 Presta
2878 4484 3034 4539 nobis
3061 4493 3116 4536 ut
3135 4487 3222 4553 qui
3251 4494 3303 4539 te
3333 4487 3544 4540 venisse

1959 4581 2069 4652 jam
2100 4580 2369 4634 credimus
2399 4596 2410 4631 :
2441 4581 2508 4631 ab
2545 4578 2690 4632 omni
2742 4587 3078 4646 peccatorum
3123 4593 3375 4633 eruantur
3416 4595 3541 4635 con-

1963 4672 2175 4741 tagione
2220 4688 2232 4724 :
2261 4686 2380 4723 cum
2413 4668 2771 4737 preceptionis
2801 4679 2889 4722 tue
2917 4669 3149 4724 oraculis
3181 4671 3541 4738 proclamave-

1961 4767 2130 4820 rimus
2151 4781 2181 4820 e
2211 4764 2386 4818 terris.

2032 4898 2059 4936 ι’
2087 4897 2156 4951 Ut
2176 4899 2256 4952 sit.
2289 4897 2424 4967 Lego
2455 4904 2504 4948 ut
2532 4895 2647 4949 sint.

2035 4980 2057 5008 α
2091 4956 2391 5022 Credimus?
2406 4967 2698 5020 Concilium
2731 4965 3045 5019 Toletanum
3077 4978 3149 5022 ut,
3177 4977 3292 5012 can.
3322 4956 3380 5023 2,
3421 4962 3536 5028 jus-

1961 5041 2032 5094 sit
2057 5052 2108 5094 ut
2141 5049 2263 5094 ante
2287 5039 2584 5091 orationi-ut
2619 5037 2942 5090 Dominicam
2972 5036 3286 5104 recit"t‘e!ttr
3305 5031 3532 5104 Symbo-

1964 5113 2071 5167 lum
2102 5108 2767 5174 Cunstantiuopolitannm.
2819 5107 3044 5162 Sanctus
3086 5102 3317 5174 Isidorus
3351 5102 3536 5159 Nicae-

1963 5199 2085 5236 nmn
2120 5184 2370 5249 appellat,
2407 5184 2524 5248 quia
2559 5179 2628 5231 ita
2656 5174 3018 5249 vulgorvm'uri
3048 5173 3277 5249 suleltat.

2034 5251 2058 5288 ἀ
2103 5243 2338 5305 Ονιῖηιηε.
2392 5243 2514 5302 Post.
2563 5248 2785 5301 divisam
2825 5248 2876 5296 in
2925 5244 3097 5312 parte;
3149 5243 3533 5299 Eucharistiam

1961 5325 2212 5380 sacculus
2238 5323 2364 5375 dicit
2397 5319 2630 5382 Oremus,
2662 5329 2712 5372 et
2739 5315 2917 5369 subdit
2944 5314 3257 5384 capitulum.
3287 5317 3428 5384 quod
3453 5326 3536 5370 est

1961 5395 2110 5465 (μιηεὶ
2142 5391 2460 5447 inlroductio
2489 5389 2551 5465 ad
2581 5387 2871 5465 «nationem
2900 5383 3252 5447 Dominicam,
3286 5383 3404 5454 qua:
3427 5397 3535 5441 sta-

1963 5457 2056 5520 tim
2089 5465 2410 5535 adjungitnr,
2443 5469 2494 5512 et
2520 5461 2629 5511 haec
2659 5457 3155 5535 est_ultitir:t_e:rrtttn
3181 5467 3385 5535 septem
3408 5471 3531 5510 ora-

1961 5526 2168 5590 omni
2197 5526 2414 5603 quvarum
2437 5544 2665 5603 saxeus
2692 5526 2921 5603 Isidorus
2949 5529 3002 5580 in
3035 5528 3190 5580 mis-a
3225 5528 3342 5579 facit
3386 5543 3533 5603 men-

1963 5609 2184 5671 tioumn,
2215 5599 2317 5674 'qui
2347 5601 2494 5654 addit
2525 5616 2540 5674 :_
2576 5599 2672 5652 "te
2717 5612 2830 5650 sunt
2861 5599 3030 5674 itaque
3076 5607 3265 5674 septem
3294 5599 3533 5674 sacriﬁcii

1960 5669 2212 5732 orat’ones
2251 5669 2640 5725 commendata?
2688 5671 2967 5739 apostolica
3016 5669 3400 5735 evangelicaque
3441 5669 3527 5720 do-

1959 5759 2230 5888 εωίηᾶιιοά
2257 5829 2370 5867 cum
2398 5812 2589 5888 factum
2632 5829 2705 5871 es.
2736 5814 2896 5884 Lege,
2927 5809 3062 5881 quod
3095 5820 3213 5858 raro
3239 5806 3431 5886 [αιἰιιιη
3457 5821 3528 5864 es.
