4040 6356
531 343 635 399 ΗΘ

527 567 679 612 cetur
732 573 922 612 nomen
983 568 1149 613 turrrn.
1215 560 1288 622 ῐῆ.
1345 562 1533 614 Arnen.
1583 560 1840 615 Atlrcriat
1892 577 2106 631 regnum

528 657 698 705 tuum.
768 650 840 717 ri.
909 651 1097 706 Amen.
1172 650 1288 704 Fiat
1357 652 1598 704 voluntas
1651 663 1733 704 tua
1788 672 1798 706 :
1864 653 2000 706 sicut
2057 654 2108 706 in

526 743 643 797 celo
668 749 720 796 et
767 741 818 795 in
869 752 1024 796 terra.
1072 742 1142 809 iii.
1180 745 1371 795 Amen.
1408 742 1601 796 l’auem
1653 753 1894 796 nostrum
1933 743 2108 811 quoti-

527 836 741 891 dianurn
785 836 848 889 da
883 835 1032 888 nobis
1085 834 1261 888 hodie.
1331 835 1404 903 ἡ.
1452 835 1580 899 Liuia
1617 846 1669 889 tu
1722 835 1858 889 Deus
1911 851 1988 890 cs.
2049 836 2111 890 lit

527 927 735 984 dirrrilte
765 927 915 980 nobis
946 925 1120 977 debila
1156 934 1336 979 nostra
1385 944 1396 978 :
1427 925 1563 979 sicut
1591 938 1643 980 et
1675 943 1770 982 nos
1793 927 2110 982 dimittimus

525 1021 854 1076 debitorilnrs
887 1020 1101 1073 nostris.
1152 1021 1186 1086 ri;
1208 1059 1222 1074 .
1260 1021 1452 1074 Amen.
1496 1019 1562 1073 Et
1589 1036 1657 1075 ne
1687 1037 1783 1074 nos
1806 1021 2025 1076 inducas
2057 1024 2107 1076 in

526 1113 945 1182 temptationem.
1029 1111 1103 1178 ιὲ.
1152 1113 1256 1167 Sed
1312 1111 1473 1165 libera
1523 1127 1620 1168 nos
1671 1129 1698 1165 a
1748 1113 1910 1168 malo.
1958 1110 2108 1167 Dicat

521 1205 704 1259 Presb.
729 1202 956 1258 Liberali
988 1219 1015 1256 a
1045 1203 1184 1257 malo
1219 1222 1229 1254 :
1265 1204 1567 1258 conlirrnati
1596 1221 1808 1272 semper
1838 1206 1888 1257 in
1919 1205 2060 1260 bono
2093 1225 2104 1259 :

523 1301 618 1354 tibi
652 1298 857 1353 servire
905 1313 1206 1352 mereamur
1235 1297 1345 1350 Deo
1373 1313 1433 1350 ac
1475 1298 1698 1352 Domino
1729 1309 1931 1354 nostro.
1967 1299 2110 1353 l’one

524 1392 745 1444 Domine
775 1391 957 1446 finem.
993 1389 1093 1442 llic
1113 1391 1359 1460 percutiat
1378 1401 1547 1457 pectus
1572 1406 1590 1444 :
1617 1395 1843 1456 peccatis
1877 1393 2106 1446 nostris:

520 1486 584 1537 da
635 1485 884 1553 gaudium
935 1483 1202 1537 tribulatis
1239 1483 1440 1551 :prebe
1483 1483 1907 1552 redemptionem
1937 1485 2108 1553 capti-

521 1575 600 1629 vis
660 1595 670 1630 :
722 1577 1003 1630 sanitatem
1067 1575 1291 1628 irrlirrnis
1341 1593 1354 1628 :
1415 1578 1764 1644 requiemque
1820 1576 2104 1631 defunctis.

518 1670 769 1724 Concede
813 1685 997 1740 pacem
1045 1679 1097 1722 et
1126 1670 1469 1722 securitatem
1519 1669 1568 1722 iu
1620 1669 1869 1723 omnibus
1920 1670 2109 1724 diebus

521 1764 717 1818 nostris
751 1780 763 1816 :
792 1763 973 1830 frange
997 1762 1270 1816 audaciam
1298 1763 1638 1816 inimicorum
1673 1771 1978 1817 nostrorum
2005 1780 2019 1818 :
2055 1772 2111 1817 et

520 1860 714 1914 exaudi
769 1857 906 1910 Deus
948 1856 1219 1910 orationes
1276 1871 1552 1910 scrvomrn
1606 1867 1814 1912 tuorum
1865 1859 2097 1913 omnium

2213 1846 2520 1903 ierpetuurn
2549 1854 2753 1893 summa
2790 1840 3016 1895 dulcedo

519 1951 753 2005 fidelium
783 1948 1210 2003 Christianorum
1253 1949 1303 2001 in
1348 1950 1444 2003 hac
1491 1949 1577 2003 die
1625 1949 1749 2002 ctin
1787 1952 1928 2004 omni
1975 1960 2110 2004 tern-

519 2060 667 2114 pore.
702 2043 803 2097 Per
834 2043 1113 2098 Dominum
1139 2053 1379 2096 nostrum
1422 2042 1602 2097 Jesum
1635 2042 1902 2098 Christum
1943 2045 2104 2098 filirrtn

516 2148 664 2191 tuum
707 2153 720 2190 :
754 2135 842 2203 qui
877 2144 1050 2190 tecum
1079 2135 1209 2188 vivit
1255 2145 1309 2188 et
1340 2146 1529 2204 regnat
1559 2135 1611 2188 in
1643 2135 1847 2190 unitate
1879 2137 2106 2205 Spiritus

521 2230 700 2285 Sancti
732 2228 892 2281 Deus.
920 2227 1020 2280 Per
1042 2227 1218 2280 omnia
1244 2228 1419 2280 secrrla
1446 2228 1766 2280 seculorum.
1812 2227 1846 2294 ri;
1871 2268 1881 2279 .
1915 2231 2100 2282 Arnen.

517 2321 608 2376 Sic
631 2323 786 2391 faciat
810 2321 977 2390 presb.
1014 2321 1243 2390 Accipiat
1271 2321 1420 2372 modo
1452 2321 1598 2390 partit
1619 2321 1756 2373 alam
1789 2339 1884 2391 que
1925 2323 2107 2375 dicitur

503 2430 733 2490 regnum
765 2417 827 2468 de
858 2416 1058 2470 Patena
1082 2432 1100 2470 :
1126 2425 1150 2451 ⁸
1180 2426 1224 2467 ct
1269 2425 1420 2482 ponat
1448 2433 1598 2484 super
1627 2419 1832 2471 calicem
1860 2434 1876 2470 :
1908 2419 1957 2472 in
1983 2429 2105 2471 (errr-

513 2522 638 2574 pore
676 2507 1058 2560 resurrectionis
1097 2506 1327 2559 videlicet
1358 2508 1496 2558 dicat
1524 2508 1684 2560 tribus
1723 2508 1935 2560 vicibus.
1973 2509 2108 2563 Vicit

519 2599 602 2650 leo
630 2597 695 2650 de
725 2597 862 2649 trihrr
909 2598 1041 2651 .luda
1074 2597 1223 2650 radix
1276 2596 1440 2650 David
1472 2598 1702 2666 alleluia.
1779 2599 1814 2665 ii
1839 2638 1851 2652 .
1907 2600 2104 2654 (,lrorus

515 2691 739 2759 qualibet
786 2692 910 2743 vice.
944 2690 1044 2756 Qui
1070 2691 1224 2744 sedes
1247 2707 1408 2760 super
1435 2692 1712 2745 Cherubin
1755 2694 1902 2746 radix
1938 2693 2103 2748 David

517 2785 756 2853 alleluia.
813 2784 1083 2855 Etpostea
1135 2787 1269 2838 dicat
1327 2785 1476 2837 istam
1539 2786 1817 2840 orationem
1875 2786 2002 2841 inter
2050 2807 2104 2844 se

515 2876 766 2928 submissa
792 2891 930 2930 race.

588 2968 782 3024 Sancta
807 2968 1004 3022 sanctis
1027 2977 1078 3023 et
1100 2968 1406 3037 coniunctio
1427 2969 1668 3039 corporis
1699 2969 1904 3024 Domini
1932 2971 2099 3025 nostri

515 3061 640 3116 Jeer
670 3061 866 3116 Christi
901 3079 913 3116 :
946 3062 1018 3116 sit
1046 3063 1381 3118 surnentibus
1409 3073 1463 3118 et
1497 3064 1800 3132 potantibus
1855 3065 2006 3121 nobis
2034 3067 2100 3121 ad

513 3155 722 3208 veniam
759 3171 773 3208 :
805 3163 860 3208 et
886 3154 1150 3210 defunctis
1171 3155 1415 3210 fidelibus
1449 3167 1713 3225 prestetur
1738 3159 1801 3212 ad
1836 3161 2096 3229 requiem.

519 3247 584 3299 Et
611 3247 777 3300 mittat
821 3247 1125 3315 particulam
1152 3250 1204 3302 in
1235 3251 1438 3302 calicem
1480 3261 1524 3303 et
1548 3252 1807 3322 cooperiat
1849 3255 2102 3310 calicem:

514 3351 560 3394 et
609 3339 743 3393 dicat
791 3342 896 3395 alta
945 3359 1062 3395 vace
1103 3345 1176 3395 sic
1210 3358 1227 3395 :
1268 3344 1311 3396 si
1357 3360 1459 3396 non
1487 3346 1636 3411 fuerit
1677 3348 1742 3399 ibi
1781 3347 2096 3404 Diae/tonus.

519 3433 822 3486 lltrmilitate
856 3449 948 3487 vos
976 3435 1355 3492 berredictioni.
1385 3437 1638 3492 Dominus
1672 3443 1739 3494 sit
1767 3457 1979 3511 semper
2011 3460 2101 3499 v0-

513 3523 740 3577 biscuru.
777 3524 848 3590 ιῑς.
885 3524 948 3577 Et
973 3541 1091 3579 cum
1121 3526 1326 3595 spiritu.
1348 3525 1374 3562 ἲ)
1401 3526 1710 3586 Benedictio.
1746 3531 1975 3589 Illustret
2007 3551 2098 3590 vos

517 3615 820 3686 unigenitus
850 3619 988 3671 lil.us
1034 3619 1125 3673 Dei
1174 3621 1371 3676 lumine
1413 3623 1674 3678 adventus
1703 3627 1782 3679 sui
1820 3643 1834 3681 :
1867 3631 1952 3698 qui
2005 3646 2098 3686 Vos

512 3710 780 3785 redimere
827 3730 931 3764 non
983 3711 1296 3781 dedignatus
1326 3725 1406 3769 est
1436 3715 1612 3783 precio
1643 3719 1918 3788 sanguinis
1976 3737 2097 3790 pro-

511 3802 634 3873 prii.
685 3805 758 3871 rii.
811 3806 1001 3859 Arnen.
1053 3807 1308 3876 Accingat
1354 3823 1451 3861 vos
1484 3810 1762 3864 virtutibus
1811 3813 1953 3880 pacis
1998 3825 2098 3869 :et

506 3897 638 3950 diret
671 3897 980 3951 muneribus
1024 3898 1277 3966 copiosis.
1346 3899 1418 3967 ri.
1454 3891 1644 3955 Arnen.
1681 3901 1961 3974 Ipsumque
1992 3906 2095 3962 Do-

510 3991 716 4044 rnirrrrrrr
749 4006 959 4056 semper
996 3989 1233 4044 habeatis
1282 4003 1632 4060 protectorem
1669 4012 1682 4049 :
1715 4013 1872 4066 quem
1922 4001 2094 4056 omni-

514 4091 701 4147 pule.;S
736 4081 892 4135 l’atcr
937 4083 1214 4136 Sustinuit
1260 4083 1326 4137 de
1368 4085 1504 4139 tribu
1537 4086 1671 4142 Juda
1704 4093 1956 4146 victorem
2020 4093 2089 4162 ri}.

508 4175 697 4226 Anien.

583 4264 726 4317 Dicat
759 4263 936 4318 Presb.
977 4266 1072 4319 l‘er
1106 4268 1524 4322 rniserict-rdiazn
1568 4270 1734 4338 ipsius
1764 4273 1852 4326 Dei
1884 4277 2047 4330 nostri
2075 4293 2088 4329 :

505 4357 593 4426 qui
625 4366 710 4410 est
735 4351 1044 4412 benedicius
1070 4368 1122 4412 et
1148 4359 1269 4413 vivit
1298 4361 1346 4430 7
1377 4371 1429 4415 et
1452 4363 1630 4416 omnia
1663 4367 1796 4433 regit
1828 4383 1876 4418 in
1911 4369 2088 4424 secrrla

505 4451 828 4504 seculorum.
868 4453 904 4516 iii
946 4455 1134 4506 Amen.
1167 4451 1425 4506 Dominus
1457 4453 1523 4506 sit
1553 4470 1766 4524 semper
1791 4461 2086 4517 vobiscum.

522 4544 592 4611 ti).
625 4543 688 4596 Et
715 4558 856 4596 cum.
907 4542 1051 4596 Dicat
1082 4541 1296 4598 Chorus.
1347 4545 1570 4601 (instate
1619 4557 1673 4601 ct
1721 4550 1900 4606 videte
1931 4572 2047 4623 qua:

505 4637 684 4690 suavis
729 4643 811 4690 est
856 4635 1112 4690 Dominus
1158 4637 1368 4705 alleluia
1413 4640 1663 4709 :alleluja
1700 4660 1711 4696 :
1743 4644 1971 4715 alleluia.
2019 4651 2050 4719 ir

510 4730 823 4784 Iienediearn
859 4729 1137 4784 Dominum
1171 4731 1224 4784 in
1251 4733 1394 4785 omni
1430 4742 1666 4801 tempore
1694 4754 1706 4790 :
1742 4753 1954 4806 seraper
1982 4746 2094 4801 laus
2176 4771 2183 4779 ·

506 4821 620 4889 eirrs
671 4822 722 4876 in
751 4835 845 4875 Ore
887 4836 1024 4876 meo.
1074 4819 1135 4874 P.
1190 4820 1482 4892 Alleluia:
1517 4826 1734 4898 alleluia
1781 4849 1794 4888 :
1856 4834 2088 4907 alleluia.

517 4915 553 4982 Ῡ
579 4953 590 4966 .
625 4914 871 4969 Redirnet
902 4913 1156 4969 Dominus
1185 4917 1386 4970 auirnas
1419 4934 1694 4974 servorum
1740 4939 1954 4982 suorum
1992 4948 2003 4984 :
2035 4941 2090 4987 et

506 5022 610 5061 non
641 5007 974 5076 derelinquel
999 5023 1188 5061 omnes
1218 5011 1305 5075 qui
1335 5022 1555 5078 Sperant
1585 5014 1634 5067 iu
1671 5033 1814 5071 curn.
1850 5019 1913 5073 P.
1948 5023 2090 5079 Alle-

504 5101 609 5170 luja
644 5118 657 5153 :
691 5102 902 5170 alleluia
935 5121 945 5155 :
980 5101 1210 5170 alleluia.
1252 5104 1285 5171 ii
1315 5142 1326 5156 .
1362 5104 1540 5160 Gloria
1587 5120 1637 5162 et
1666 5110 1835 5166 honor
1868 5115 2003 5170 Patri
2034 5125 2088 5171 et

504 5196 638 5252 Filio
665 5207 717 5253 et
751 5197 969 5267 Spiritui
1015 5200 1210 5255 Sancto
1240 5202 1290 5256 in
1323 5204 1498 5258 secula
1531 5207 1853 5260 seculorum.
1895 5211 2082 5264 Amen.

577 5361 603 5389 ε
638 5349 702 5428 _Et
728 5362 899 5421 portat.
934 5353 1012 5407 Ad
1035 5355 1154 5428 haec
1186 5355 1525 5424 intelligenda
1555 5357 1843 5412 notandum
1885 5360 2026 5428 quod
2053 5376 2081 5415 a

502 5423 761 5501 Dascbate
791 5440 958 5501 usque
981 5427 1048 5479 ad
1081 5423 1542 5501 Pentecostenret
1563 5428 1620 5482 in
1665 5431 1797 5483 festo
1825 5423 2083 5501 Corporis

503 5494 695 5547 Christi
729 5495 978 5548 sacerdos
1003 5506 1188 5553 tenens
1212 5514 1369 5568 supra
1394 5500 1614 5554 ealiceur
1646 5494 1954 5568 particulam
1980 5503 2077 5555 Ite-

500 5581 655 5637 gnum
678 5576 766 5637 _Ier
793 5568 895 5619 alta
931 5582 1080 5627 voce.
1115 5572 1262 5637 quasi
1295 5587 1515 5637 canens,
1548 5573 1712 5624 dicit:
1756 5571 1884 5624 Vicit
1909 5573 1986 5626 [eo
2017 5575 2109 5628 de.

501 5636 633 5688 tribu
659 5633 801 5710 Juda
825 5638 979 5692 radix
1005 5633 1208 5705 David;
1250 5643 1442 5710 quibus
1489 5633 1710 5706 singulis
1743 5644 1944 5696 vicibus
1994 5660 2076 5696 re-

501 5706 790 5771 ερυιιιίοῖιιῐ·
831 5726 844 5762 :
883 5711 980 5775 Qui
1027 5713 1169 5765 sedes
1198 5706 1349 5777 super
1379 5711 1637 5764 cherubim
1684 5714 1834 5765 radix
1886 5713 2072 5779 David,

497 5779 750 5850 allelaja.
782 5783 914 5835 Aliis
947 5792 1136 5850 autem
1165 5782 1371 5850 diebus,
1407 5793 1620 5850 accepta
1673 5783 1927 5848 particula
1975 5784 2077 5848 lies

500 5862 653 5914 prum
686 5845 850 5921 injicit
878 5845 1027 5907 caliel
1058 5852 1263 5920 diecula,
1293 5845 1484 5906 Sancta
1513 5845 1721 5908 sanctis.
1756 5859 1885 5908 olea
1932 5864 1985 5909 ut
2021 5845 2072 5908 in

1250 346 1538 402 MISSALE
1578 347 1843 402 MIXTUSI
1889 346 2037 402 διες.
2088 345 2243 402 llEG.
2293 349 2348 405 Β.
2394 351 2663 407 ISIDORI.
2705 381 2778 395 —
2817 354 2991 413 PARS
3031 358 3067 412 Ι.

600 465 758 519 Pater
786 473 968 521 noster
998 467 1168 536 quies
1215 469 1264 522 iu
1312 470 1456 523 celis.
1504 474 1575 536 ri.
1635 472 1818 523 Atreu.
1863 469 2104 534 banetrfr-
2137 471 2186 529 Λ
2217 468 2280 523 P.
2313 472 2537 541 Alleluia
2584 474 2832 543 :alleluia

3693 368 3712 421 Ι
3725 367 3794 421 20

2881 515 2890 525 .
2926 472 3155 542 alleluia.
3195 472 3256 527 In
3290 475 3520 530 dicendo.
3576 477 3795 538 Gustate

2214 572 2268 617 et
2315 565 2504 620 \idcte.
2557 568 2784 638 Accipiat
2841 566 3106 636 Presbyter
3151 568 3306 621 aliaat
3365 571 3670 638 particulam
3719 591 3799 629 se-

2214 668 2442 724 quentem
2469 675 2564 728 quc
2587 660 2771 712 dicitur
2815 659 3014 714 Gloria.
3053 659 3114 712 Et
3144 672 3297 728 ponat
3337 679 3488 734 super
3514 660 3726 720 caliceni
3753 677 3798 724 et

2218 751 2356 804 dicat
2389 769 2502 804 cum
2531 753 2732 805 silentio
2755 753 2904 806 istam
2928 755 3226 806 orationem.

2290 864 2485 918 Panem
2528 865 2778 920 celestem
2817 868 2883 922 de
2919 881 3100 921 mensa
3154 867 3358 922 Domini
3400 870 3654 938 accipiam
3700 883 3801 928 :et

2215 972 2406 1012 nomen
2443 957 2648 1014 Domini
2674 960 2948 1014 invocabo.
2994 959 3059 1015 Et
3083 963 3220 1016 dicat
3266 964 3522 1018 sacerdos.
3568 965 3804 1020 Memen-

2215 1056 2268 1100 to
2285 1062 2380 1116 pro
2400 1049 2621 1103 rnortrris
2643 1068 2652 1102 :
2679 1052 2890 1104 tenendo
2908 1051 3049 1104 illam
3064 1053 3368 1121 particulam
3391 1072 3543 1123 super
3554 1059 3762 1112 calicem
3781 1076 3800 1117 :

2212 1147 2258 1192 et
2286 1141 2417 1192 dicto
2445 1141 2710 1196 Memento
2741 1144 2871 1196 dicat
2914 1146 3034 1197 istas
3062 1147 3316 1201 orationes
3344 1166 3442 1219 que
3467 1163 3764 1218 sequuntur.

2287 1258 2505 1312 Domine
2536 1259 2672 1313 Deus
2700 1276 2848 1315 meus
2881 1281 2892 1313 ε
2923 1263 2987 1316 da
3022 1263 3146 1318 mihi
3179 1280 3370 1336 corpus
3401 1276 3456 1322 et
3484 1272 3800 1338 sanguinem

2214 1351 2331 1406 Filii
2363 1353 2434 1405 tui
2479 1353 2684 1408 Domini
2729 1356 2896 1409 nostri
2925 1355 3048 1411 Jesu
3088 1348 3290 1414 Christi
3339 1362 3408 1414 ita
3456 1378 3668 1417 sumere
3701 1383 3714 1418 :
3751 1378 3806 1421 ιιι

2212 1463 2304 1515 per
2348 1449 2471 1503 illud
2517 1451 2888 1505 remissionem
2927 1457 3162 1506 orrrnirrrn
3203 1467 3540 1523 peccatorum
3594 1475 3808 1514 nterea?

2210 1541 2452 1609 accipere
2483 1561 2494 1595 :
2526 1553 2581 1598 et
2611 1553 2701 1597 tuo
2725 1556 2905 1600 sancto
2947 1547 3145 1615 Spiritu
3172 1550 3363 1617 repleri
3402 1551 3540 1604 Deus
3568 1565 3754 1607 noster
3786 1571 3800 1608 :

2210 1637 2296 1705 qui
2331 1637 2461 1692 vivis
2489 1647 2538 1692 et
2568 1653 2754 1710 regnas
2785 1639 2836 1694 in
2860 1643 3033 1695 secula
3078 1642 3398 1698 seculorum.
3425 1644 3615 1699 Arnen.

2285 1748 2478 1807 Oratio.
2521 1751 2630 1803 Ave
2673 1749 2724 1803 in
2757 1766 2910 1804 evurn
2946 1753 3273 1805 sanctissima
3311 1769 3435 1808 caro
3468 1756 3663 1810 Christi
3702 1759 3804 1813 im-

3067 1861 3077 1896 :
3127 1861 3311 1909 partem
3365 1846 3611 1900 celestern
3657 1852 3800 1902 acci-

2210 1925 2346 1994 piam
2382 1936 2434 1980 et
2475 1942 2665 1982 nomen
2703 1930 2906 1984 Domini
2951 1931 3226 1990 invocabo.
3282 1934 3377 1988 llic
3408 1939 3563 2006 faciat
3594 1940 3800 2009 signant

2209 2034 2320 2068 cum
2349 2016 2512 2070 hostia
2550 2028 2596 2071 et
2638 2030 2802 2074 sumat
2843 2024 3144 2091 particulam
3182 2042 3337 2095 quam
3378 2029 3429 2079 in
3464 2045 3617 2082 manu
3647 2033 3797 2084 liabet

2209 2120 2252 2160 et
2276 2111 2529 2178 coeperint
2555 2112 2763 2165 calicem
2800 2116 3040 2170 etvenirrt
3078 2117 3145 2168 ad
3196 2116 3441 2171 Patenam
3489 2135 3505 2171 :
3543 2134 3586 2174 et
3609 2140 3797 2176 consu-

2209 2213 2310 2255 mat
2335 2221 2504 2258 onmes
2537 2207 2812 2274 particulas
2849 2225 2935 2273 γον
2969 2211 3214 2264 ordinem.
3263 2211 3325 2265 Et
3365 2215 3545 2267 deinde
3579 2217 3800 2284 accipiat

2212 2303 2444 2358 patrnam
2477 2308 2520 2348 ct
2545 2306 2702 2365 ponat
2731 2316 2878 2368 super
2904 2301 3110 2352 crzfrcem
3150 2315 3197 2354 et
3227 2313 3402 2374 pitrng
3434 2306 3552 2359 bene
3581 2323 3694 2361 curn
3721 2310 3800 2363 di-

2207 2386 2311 2452 gito
2343 2387 2542 2454 pollicis
2567 2398 2612 2440 et
2643 2389 2780 2441 dicat
2811 2389 2941 2442 hanc
2973 2393 3268 2447 m'utionem.

2281 2505 2386 2554 Avo
2417 2504 2466 2554 in
2489 2518 2642 2555 evuur
2664 2505 2774 2559 cefe
2811 2506 2876 2559 tis
2907 2518 3057 2573 ioias
3086 2527 3096 2562 :
3123 2509 3207 2577 qui
3233 2511 3359 2564 mihi
3383 2523 3505 2567 ante
3535 2514 3713 2569 omnia
3747 2526 3802 2572 et

2208 2607 2365 2660 supra
2394 2596 2573 2646 omnia
2603 2595 2774 2649 dulcis
2799 2611 2876 2650 es.

2280 2706 2394 2757 Atia
2422 2706 2604 2759 oratio.
2636 2708 2842 2778 Corpus
2883 2721 2932 2764 et
2977 2713 3188 2780 :aaguis
3232 2713 3438 2770 Domini
3470 2719 3636 2772 nostri
3667 2719 3796 2775 Jesu

2206 2799 2403 2854 Christi
2455 2802 2716 2857 custodiat
2754 2819 2945 2873 corpus
2983 2819 3034 2860 ct
3075 2808 3303 2862 animam
3337 2826 3507 2865 meam
3555 2815 3604 2867 in
3637 2816 3800 2870 vitam

2205 2902 2470 2947 tternanr.
2500 2899 2686 2951 Amen.
2727 2895 2828 2950 Hic
2848 2901 3068 2968 accipiat
3095 2903 3396 2972 sanguinem
3425 2918 3444 2958 :
3472 2914 3518 2960 et
3541 2906 3662 2960 dum
3700 2908 3802 2962 Sa-

2206 2986 2381 3038 cerdos
2405 2989 2672 3052 sumpserit
2701 2990 2998 3060 sanguinem
3031 2991 3164 3046 dicat
3200 2995 3486 3049 immediate
3512 2995 3647 3051 lianc
3676 3015 3798 3054 ora-

2207 3087 2407 3132 tionem.

2286 3193 2505 3248 Domine
2539 3194 2675 3252 Deus
2701 3213 2851 3253 meus
2882 3199 3036 3255 Pater
3061 3210 3114 3255 et
3143 3199 3304 3258 Filius
3325 3214 3376 3258 et
3404 3205 3633 3274 Spiritus
3664 3209 3798 3266 San-

2206 3295 2321 3340 ctus
2355 3303 2368 3339 :
2402 3289 2481 3342 fac
2510 3305 2596 3344 me
2638 3300 2688 3346 te
2711 3307 2923 3362 seraper
2965 3309 3190 3365 querere
3220 3305 3273 3351 et
3305 3299 3524 3369 diligere
3557 3318 3571 3356 :
3605 3312 3658 3356 et
3684 3320 3712 3356 a
3746 3313 3797 3358 te

2209 3391 2302 3443 rer
2325 3376 2461 3433 hanc
2490 3390 2727 3436 sanctam
2771 3386 3197 3440 communionem
3235 3404 3390 3458 quam
3421 3392 3624 3461 sumpsi
3658 3409 3794 3448 nuu-

2205 3486 2361 3536 quam
2391 3475 2644 3529 recedere
2677 3495 2689 3530 :
2723 3479 2844 3546 quia
2878 3489 2932 3532 tu
2962 3496 3020 3535 es
3054 3483 3190 3536 Deus
3213 3491 3267 3537 et
3295 3495 3471 3554 preter
3501 3496 3550 3541 te
3581 3505 3686 3543 non
3713 3500 3799 3546 est

2206 3564 2338 3617 alirrs
2394 3566 2443 3618 iu
2501 3569 2674 3622 secula
2728 3573 3050 3627 seculorum.
3107 3579 3294 3630 Amen.
3349 3577 3528 3633 Canlet
3589 3580 3794 3639 Chorus

2203 3670 2384 3708 comm.
2419 3657 2621 3713 Ιὶι-[ρειί
2668 3677 2892 3731 corpore
2931 3674 2984 3720 et
3005 3669 3258 3735 sanguine
3286 3678 3336 3723 te
3370 3671 3643 3727 laudamus
3681 3675 3789 3728 Do-

2201 3748 2362 3803 rrrine.
2398 3753 2623 3822 Alleluia
2670 3772 2682 3807 :
2731 3756 2941 3826 alleluia
2973 3773 2988 3814 :
3023 3759 3251 3830 alleluia.
3288 3761 3387 3816 Eat
3427 3763 3683 3819 Sacerdos
3711 3767 3786 3820 ad

2199 3855 2358 3896 cornu
2388 3846 2568 3900 altaris
2596 3857 2642 3901 et
2671 3850 2806 3903 dicat
2831 3852 2965 3906 hanc
2991 3856 3291 3910 orationem.

2269 3957 2468 4014 llelecti
2504 3963 2697 4018 Christi
2743 3981 2968 4036 corpore
3011 3979 3064 4024 et
3093 3972 3348 4041 sanguine
3393 3973 3588 4041 pariter
3621 3992 3631 4026 :
3668 3975 3792 4044 quia

2197 4054 2507 4108 sanctitieati
2536 4056 2645 4111 Deo
2675 4060 2813 4114 Patri
2844 4063 3191 4131 ornuipolenti
3215 4066 3412 4134 gratias
3442 4065 3736 4123 referamus
3774 4087 3788 4122 :

2199 4155 2252 4197 ut
2283 4162 2378 4201 nos
2408 4147 2455 4201 in
2484 4151 2706 4206 eaudern
2745 4158 3087 4211 refectionem
3120 4170 3170 4211 et
3195 4160 3668 4215 sanctificationear
3695 4161 3793 4217 ha-

2196 4235 2381 4293 bentes
2413 4239 2495 4295 hic
2529 4259 2542 4296 :
2578 4253 2631 4298 ct
2662 4245 2712 4298 in
2747 4248 2926 4302 futuro
2951 4251 3134 4304 seculo
3160 4251 3381 4320 gloriam
3411 4252 3787 4321 percipiarnus.

2211 4327 2246 4392 ri
2269 4367 2280 4379 .
2304 4332 2489 4388 Anien.
2512 4332 2658 4389 Dicat
2691 4337 2868 4393 Presb.
2901 4342 3004 4396 Per
3034 4342 3448 4398 nriserieordiam
3475 4355 3616 4398 tuam
3651 4345 3794 4400 Deus

2196 4429 2374 4475 noster
2404 4427 2490 4494 qui
2521 4445 2578 4482 es
2607 4429 2915 4487 benedictus
2938 4445 2991 4488 et
3023 4435 3155 4489 vivis
3177 4448 3228 4490 et
3257 4439 3436 4492 omnia
3461 4438 3598 4506 regis
3629 4437 3681 4492 iu
3705 4453 3794 4494 sc-

2191 4517 2307 4568 cu'a
2351 4521 2672 4576 sareulorun.
2725 4525 2758 4592 ri;
2782 4564 2794 4577 .
2832 4528 3018 4582 Arnen.
3065 4528 3316 4582 Dominus
3347 4531 3414 4582 sit
3452 4545 3664 4598 semper
3696 4548 3794 4586 vo-

2039 4575 2047 4596 .
2725 4572 2793 4592 _,-
3066 4572 3316 4582 ,ν........ν
3347 4572 3414 4582 υ..
3452 4572 3651 4598 -.....,,...
3703 4572 3791 4586 ,υ-

2025 4572 2084 4682 ζη
2123 4581 2171 4639 ί)
2201 4608 2424 4664 hiscum.
2474 4615 2538 4682 fi.
2576 4615 2634 4667 lit
2667 4631 2806 4669 cum.
2845 4615 2990 4671 Dicat
3021 4618 3198 4672 l’resb.
3229 4622 3303 4672 vel
3334 4618 3648 4674 Diaclionus.
3683 4623 3791 4676 So-

2200 4704 2370 4757 lennia
2400 4709 2663 4778 completa
2707 4721 2828 4763 sunt
2869 4713 2917 4764 in
2950 4713 3165 4766 nomine
3205 4713 3411 4768 Domini
3456 4716 3625 4769 nostri
3655 4716 3789 4771 Jesu

2197 4797 2389 4852 Christi
2425 4818 2435 4849 :
2474 4815 2650 4856 votum
2686 4815 2923 4858 no~trum
2955 4794 3022 4858 sit
3054 4819 3326 4877 accepturu
3358 4824 3476 4863 curn
3510 4826 3658 4877 pace.
3709 4813 3744 4876 ri
3769 4851 3786 4867 .

2197 4888 2304 4944 Deo
2327 4895 2544 4959 gratias.
2575 4892 2683 4948 Ista
2712 4899 2874 4949 oratio
2897 4899 3192 4963 supradicta
3222 4899 3285 4952 sit
3313 4901 3364 4952 in
3393 4900 3616 4953 medium
3646 4902 3789 4957 alta-

2191 4982 2282 5036 ris.
2317 4981 2380 5036 In
2417 4985 2512 5038 ista
2551 4986 2710 5040 Missa
2740 4999 2784 5042 et
2812 4990 2862 5042 ia
2905 4991 3022 5042 aliis
3058 5007 3156 5042 non
3186 4993 3394 5044 vertitur
3425 4992 3682 5048 Sacerdos
3711 4997 3785 5050 ad

2192 5078 2434 5145 populum
2473 5081 2570 5132 nisi
2592 5083 2796 5150 quando
2833 5081 3035 5136 dixerit.
3080 5081 3338 5152 Adjuvate
3383 5099 3468 5140 me
3506 5085 3696 5142 fratres
3729 5089 3784 5142 in

2188 5174 2514 5229 orationibus
2546 5178 2753 5233 vestris.

2187 5355 2429 5425 oratione
2459 5370 2575 5418 ante
2604 5356 2866 5425 sequitur.
2902 5357 3133 5410 RGBLES.

2257 5425 2280 5462 ι’
2312 5423 2962 5481 Benedictio,Concilium
3009 5428 3324 5480 'l’olctantrm
3371 5441 3442 5494 Iv,
3494 5443 3609 5479 can.
3662 5423 3774 5494 i8,

2181 5498 2401 5550 sane-vit
2436 5512 2526 5550 ttl:
2565 5497 2692 5551 i’ost
2716 5502 2997 5551 orationem
3032 5499 3352 5551 Dorninicam
3376 5508 3420 5550 et
3449 5499 3778 5567 conjunctio-

2182 5583 2294 5618 nem
2326 5570 2470 5635 panis
2501 5578 2543 5622 et
2575 5571 2750 5623 colicis
2775 5571 3056 5623 benedictio
3087 5570 3138 5621 in
3169 5569 3414 5640 populum
3444 5567 3704 5636 sequatur,
3723 5577 3772 5622 et

2181 5647 2286 5689 tum
2319 5643 2516 5693 (tanaim
2541 5646 2765 5710 corporis
2794 5653 2838 5695 et
2870 5642 3130 5710 sanguinis
3165 5641 3370 5694 Domini
3395 5648 3772 5699 sacramentum

2178 5720 2428 5763 SUHLIUU'.
2483 5713 2643 5767 Juxta
2675 5714 2882 5768 Μίδεω)
2932 5712 3226 5767 Romanum
3282 5711 3581 5767 benedictio
3611 5711 3772 5766 datur

2179 5794 2387 5848 peracta
2424 5781 2602 5839 Missa.
