4040 6356
227 369 324 424 121

962 369 1247 426 MISSALF.
1290 369 1557 424 MIXTUM
1603 368 1749 423 SEC.
1798 367 1954 424 ΠΕΟ.
2000 367 2058 423 Β.
2105 368 2367 427 lSlDDltl.
2410 404 2478 415 —-
2511 373 2686 433 PARS
2728 376 2767 431 1.

224 443 288 540 lN
336 485 656 542 SECUNDO
701 485 1016 540 DDMINICD
1070 487 1156 540 DF.
1207 475 1525 542 ADVtiN'l‘U
1573 487 1819 542 DDlllNl.
1853 494 1901 550 Α
1930 495 2034 540 tem
2064 497 2242 542 smit-a
2274 489 2382 544 Deo
2418 509 2429 545 :
2470 494 2711 548 ordinata
2749 506 2890 550 sunt.
2933 497 3117 569 Itaque
3147 501 3234 571 qui
3265 507 3513 572 potestati

721 581 796 631 ili!
818 578 890 630 Mi
920 595 941 630 δ
962 596 1047 632 an.
1088 579 1352 653 Ofﬁcium.

298 684 322 708 ε·
355 675 526 742 Super
552 684 785 726 montem
834 672 1148 726 altissimum
1183 673 1410 728 ascende
1443 685 1496 726 tu
1539 676 1623 742 qni
1656 690 1822 729 evan-

223 768 422 836 gelizas
451 768 597 838 Syon
638 785 650 819 :
684 768 859 821 exalta
906 768 956 821 in
998 764 1313 822 fortitudine
1349 782 1531 822 vocent
1566 777 1708 822 tuam
1734 770 1824 839 qui

222 860 562 927 evangelizas
584 859 938 915 llierusalem.
966 859 1059 914 Dic
1082 859 1386 916 civitatibus
1411 859 1541 915 Juda
1568 861 1780 930 alleluja
1808 879 1821 916 :

222 951 461 1021 alleluia.
514 953 549 1020 ᾗ
576 990 588 1004 .
617 951 643 989 ιι
679 955 815 1007 Deus
850 952 1128 1008 manifeste
1167 955 1347 1010 veniet
1383 967 1433 1009 et
1477 956 1614 1008 Deus
1643 966 1823 1011 noster

225 1056 270 1096 rt
298 1061 406 1098 non
431 1047 628 1100 silebit.
661 1046 727 1100 Ρ.
765 1047 856 1101 Dic
887 1047 1209 1102 civitatibus.
1260 1050 1293 1108 ἢν
1319 1087 1332 1102 .
1363 1047 1541 1103 Gloria
1570 1060 1620 1102 et
1654 1049 1824 1104 honor

227 1136 368 1192 Patri
393 1149 447 1192 et
483 1139 617 1192 Filio
638 1149 691 1194 et
715 1140 936 1208 Spiritui
961 1143 1158 1196 Sancto
1190 1144 1240 1196 in
1280 1145 1455 1198 secula
1496 1146 1820 1205 seculorum.

227 1241 414 1291 Anien.
466 1235 528 1291 P.
573 1237 666 1290 Dic
710 1238 1032 1294 civitatibus.
1083 1239 1234 1292 Dicat
1285 1239 1462 1294 Presb.
1507 1241 1607 1296 Per
1643 1244 1820 1298 omnia

223 1342 438 1391 semper
467 1330 644 1382 secula
673 1331 997 1385 seculorum.
1047 1332 1118 1398 ri.
1156 1336 1346 1387 Amen.
1385 1334 1530 1389 Dicat
1561 1334 1744 1390 Presb.

293 1419 499 1475 Oratio.
536 1422 671 1476 Deus
715 1424 802 1489 qui
840 1441 930 1488 per
971 1427 1235 1494 angelicos
1283 1428 1476 1483 choros
1513 1445 1526 1483 :
1567 1440 1619 1483 ut
1660 1448 1819 1497 supra

223 1511 270 1563 in
299 1513 470 1578 prima
502 1512 684 1569 Missa.
722 1515 784 1568 Et
806 1517 943 1569 dicta
969 1519 1199 1572 oratione
1225 1520 1362 1574 dicat
1389 1519 1570 1575 Presb.
1595 1520 1698 1577 Per
1721 1525 1818 1578 mi-

223 1606 566 1659 srriCordiam
607 1617 747 1661 tuam
788 1610 929 1665 Deus
963 1621 1144 1666 noster
1183 1613 1273 1681 qui
1322 1630 1378 1669 es
1426 1618 1732 1673 benedictus
1762 1628 1814 1674 et

222 1697 354 1751 viris
382 1707 438 1750 et
463 1699 636 1752 omnia
677 1700 816 1769 regis
845 1703 894 1754 in
927 1704 1104 1756 secula
1145 1706 1467 1762 seculorum.
1513 1710 1548 1777 πῆ
1572 1746 1584 1763 .
1617 1711 1809 1765 Amen.

227 1785 368 1842 Dicat
404 1790 581 1846 Presb.
629 1793 886 1848 Dominus
934 1797 1002 1850 sit
1043 1811 1254 1865 semper
1294 1801 1589 1857 vobiscum.
1636 1807 1705 1872 ri.
1752 1807 1814 1861 lit

1933 580 2131 635 resistit
2183 600 2194 634 :
2251 583 2344 638 Dei
2385 587 2703 642 ordinationi
2754 589 2975 646 resistit.
3017 593 3116 660 Qui
3159 605 3335 651 autem
3384 599 3518 654 resi—

1930 682 2078 728 stunt
2113 692 2122 727 :
2157 675 2254 744 ipsi
2289 677 2388 732 sibi
2427 679 2821 737 damnationem
2863 687 3169 754 acquirunt.
3203 689 3334 742 Nam
3372 693 3518 759 prin-

1927 768 2072 836 cipes
2099 785 2201 822 non
2232 779 2356 824 sunt
2387 771 2564 827 timori
2596 774 2716 829 boni
2741 780 2916 845 operis
2954 798 2966 834 :
2997 780 3091 836 sed
3123 783 3268 839 tnali.
3303 783 3393 838 Vis
3415 802 3510 840 au-

1931 869 2032 914 tem
2070 878 2172 916 non
2209 863 2394 918 timere
2425 875 2738 935 potestatem
2770 885 2783 920 :
2817 870 3014 926 bonum
3048 873 3127 928 fac
3158 891 3170 928 :
3204 884 3258 929 et
3291 876 3512 931 habebis

1926 953 2134 1009 laudem
2174 971 2237 1010 ex
2271 957 2380 1012 illa.
2419 957 2507 1011 Dei
2532 962 2671 1014 enim
2713 963 2952 1018 minister
2982 978 3062 1021 est
3092 966 3182 1022 tibi
3214 969 3266 1022 in
3293 969 3512 1025 bonum.

1926 1045 1980 1101 Si
2013 1055 2190 1102 autem
2225 1049 2416 1102 malum
2458 1050 2650 1105 feceris
2686 1073 2696 1105 :
2735 1055 2880 1108 time.
2924 1057 3036 1110 Non
3070 1057 3212 1112 enim
3245 1060 3360 1114 sine
3387 1076 3513 1116 cau-

1923 1153 1979 1190 sa
2011 1139 2243 1206 gladium
2278 1149 2470 1208 portat.
2508 1142 2598 1197 Dei
2630 1145 2768 1196 enim
2797 1147 3035 1201 minister
3064 1157 3146 1202 est
3179 1167 3192 1203 :
3236 1150 3426 1205 vindex
3456 1152 3508 1206 in

1913 1223 2053 1281 liram
2106 1228 2152 1283 ei
2183 1231 2269 1299 qui
2305 1232 2498 1285 malum
2524 1235 2645 1303 agit.
2681 1231 2707 1270 ιι
2735 1236 2854 1291 ldeo
2884 1241 3022 1291 enim
3049 1241 3349 1294 necessitati
3381 1243 3510 1295 sub-

1911 1318 2017 1374 diti
2075 1331 2245 1376 cstnte
2287 1339 2301 1378 :
2351 1341 2452 1378 non
2495 1328 2666 1380 solmn
2715 1338 2926 1398 propter
2983 1333 3110 1385 iram
3155 1349 3168 1386 :
3209 1334 3302 1388 sed
3347 1336 3510 1392 etiam

1929 1409 1943 1447 ί
1981 1423 2196 1481 pr0pter
2217 1417 2567 1470 constantiam
2603 1434 2615 1469 :
2654 1420 2665 1468 1
2699 1431 2750 1472 et
2782 1420 2971 1474 tributa
3009 1432 3329 1490 prestantes.
3359 1424 3508 1480 Mini-
3587 1431 3597 1437 ’

1921 1505 2016 1558 stri
2049 1507 2188 1560 enim
2219 1521 2342 1561 sunt
2374 1509 2463 1562 Dei
2493 1529 2502 1563 :
2537 1511 2589 1564 in
2617 1513 2716 1566 hoc
2742 1513 2912 1582 ipsum
2941 1520 3254 1571 servientes.
3287 1518 3510 1575 Reddite

1918 1613 2044 1666 ergo
2074 1600 2318 1655 omnibus
2364 1601 2558 1655 debita.
2602 1605 2697 1658 Cui
2738 1607 2991 1661 tributum
3044 1625 3056 1661 :
3093 1610 3368 1665 tributum.
3410 1611 3511 1667 Cui

1919 1691 2137 1759 vectigal
2167 1709 2180 1745 :
2212 1692 2455 1761 vectiga'.
2485 1695 2580 1748 Ctti
2609 1696 2852 1750 timorem
2884 1715 2895 1749 :
2927 1699 3188 1754 timorem.
3215 1701 3310 1755 Cui
3342 1702 3511 1756 hono-

1919 1799 2027 1836 rem
2065 1802 2076 1834 :
2111 1783 2386 1839 honorem.
2421 1786 2625 1841 Nemini
2668 1791 2949 1859 quicquam
2991 1792 3230 1848 debeatis
3266 1810 3280 1848 :
3325 1798 3423 1849 nisi
3453 1780 3510 1853 ut

222 1896 358 1937 tum.
387 1883 535 1939 Sicut
557 1886 748 1938 dictum
773 1897 844 1940 est
866 1889 917 1940 in
944 1892 1108 1957 prima
1133 1890 1312 1948 Missa.
1349 1892 1494 1947 Dicat
1519 1895 1734 1951 Chorus.

1915 1873 2141 1930 invicem
2165 1875 2414 1945 diligatis.
2466 1879 2501 1948 ri)
2523 1919 2536 1932 .
2572 1881 2758 1935 Amen.
2796 1881 2942 1937 Dicat
2975 1883 3248 1958 Presbyter
3277 1890 3351 1942 vel
3378 1887 3511 1945 Dia-

435 1976 602 2030 Lectio
631 1979 746 2031 libri
771 1979 936 2050 Esaye
963 1984 1208 2054 prOpIrele
1234 1994 1256 2022 ε
1289 1983 1442 2058 (Cap.
1475 1985 1598 2056 LI).

308 2068 343 2133 πῆ
368 2109 378 2120 .
412 2069 518 2124 Deo
543 2072 786 2152 gratiasa

293 2158 403 2214 llcc
427 2161 552 2216 dicit
583 2164 856 2221 Dominus.
888 2169 1085 2224 Audite
1115 2172 1202 2238 qui
1234 2172 1380 2228 scitis
1415 2176 1616 2244 justum
1664 2197 1676 2231 :
1721 2195 1811 2249 po-

226 2253 379 2319 pulus
403 2269 547 2308 Illeus
579 2271 591 2307 :
627 2257 711 2310 lex
739 2273 854 2312 mea
893 2261 944 2313 in
979 2262 1144 2317 corde
1182 2280 1386 2322 eorum.
1422 2268 1596 2325 Nolite
1623 2272 1812 2330 timere

225 2343 571 2411 obprobrium
599 2349 870 2405 hominum
902 2369 915 2406 :
939 2363 990 2408 et
1015 2354 1377 2424 blaSphemias
1400 2376 1584 2417 eorum
1613 2380 1678 2420 ne
1704 2381 1810 2420 me-

237 2435 416 2489 tuatis.
449 2437 593 2492 Sicut
638 2441 779 2494 enim
823 2444 1186 2502 vestimentum
1242 2468 1254 2502 :
1307 2453 1384 2507 sic
1432 2455 1677 2511 comedet
1717 2473 1811 2512 eos

233 2528 471 2582 vermis:
516 2540 570 2584 et
597 2531 738 2587 sicut
760 2534 924 2589 lanam
953 2555 967 2592 :
1000 2538 1076 2593 sic
1105 2539 1380 2597 devorahit
1404 2560 1496 2599 eos
1530 2547 1691 2602 tinea.
1721 2550 1811 2605 Sa-

226 2619 312 2672 lus
343 2632 515 2675 autcrn
543 2640 658 2678 mea
690 2627 742 2680 in
774 2632 1159 2698 sempiternum
1190 2635 1294 2690 erit
1327 2652 1341 2690 :
1373 2644 1427 2691 et
1452 2636 1666 2707 justicia
1693 2658 1808 2697 mea

225 2709 274 2764 in
306 2716 668 2782 generationes
707 2721 1134 2788 generationum.
1166 2724 1457 2799 Consurge,
1500 2745 1760 2802 consurge
1791 2750 1806 2788 :

224 2803 439 2860 induere
468 2809 830 2867 fortitudinem
870 2813 1144 2872 brachium
1169 2821 1225 2889 8
1257 2820 1465 2876 Domini
1499 2839 1513 2877 :
1546 2839 1810 2896 consurge

220 2898 356 2952 sicut
385 2899 435 2954 in
457 2901 642 2958 diebus
659 2907 893 2976 antiquis
920 2925 933 2962 :
959 2911 1010 2965 in
1030 2915 1461 2981 generationibus
1481 2920 1803 2976 seculorum.

225 2989 479 3061 Numquid
503 3012 607 3051 non
631 3009 683 3052 tu
704 3004 1013 3068 percussisti
1039 3007 1357 3072 superbum:
1380 3011 1662 3067 vulnerasti
1687 3014 1802 3068 dra-

222 3088 440 3140 conem?
496 3088 763 3158 Numquid
818 3109 923 3148 non
979 3104 1035 3149 tu
1082 3098 1292 3154 siccasti
1343 3118 1490 3158 mare
1544 3123 1558 3158 :
1613 3123 1804 3175 aquam

225 3181 390 3249 abyssi
444 3186 818 3243 vehementis?
867 3190 964 3256 Qui
1007 3195 1227 3260 posuisti
1282 3197 1598 3265 profundum
1643 3205 1804 3258 maris

227 3275 351 3327 riam
387 3293 398 3327 :
434 3287 489 3331 ut
521 3282 808 3336 transirent
839 3281 1042 3338 liberati
1079 3303 1092 3340 :
1129 3285 1191 3339 Et
1222 3303 1361 3342 nunc
1390 3289 1514 3358 quid
1540 3290 1802 3361 redempti
1829 3271 1876 3334 (ἶ

225 3380 334 3422 sunt
365 3386 391 3422 a
428 3371 651 3427 Domino
685 3391 698 3428 :
732 3385 1069 3433 revertentur
1098 3388 1157 3449 et
1189 3383 1402 3436 venient
1432 3384 1484 3436 in
1517 3384 1660 3454 Syon
1693 3386 1805 3441 lau-

227 3458 402 3516 dantes
448 3482 461 3516 :
504 3473 559 3519 et
604 3464 776 3521 leticia
817 3469 1138 3538 sempiterna
1185 3460 1348 3542 super
1375 3477 1545 3544 capita
1593 3493 1800 3534 eorum.

229 3550 474 3610 Gaudium
499 3567 554 3612 et
584 3558 813 3613 leticiam
851 3561 1166 3616 obtinebunt
1197 3582 1212 3618 :
1259 3575 1316 3619 et
1361 3567 1529 3639 fugiet
1573 3569 1726 3624 dolor
1753 3580 1808 3627 et

226 3649 460 3712 gemitus.
507 3650 617 3719 Ego
658 3665 759 3720 ego
808 3653 921 3720 ipse
962 3656 1280 3712 consolabor
1328 3675 1439 3713 vos.
1494 3661 1569 3730 [ἦ.
1616 3664 1803 3720 Amen.

227 3732 362 3790 Dicat
393 3737 570 3794 Pretb.
621 3742 878 3800 Dominus
923 3744 991 3800 sit
1028 3761 1241 3817 semper
1281 3751 1576 3808 vobiscum.
1638 3755 1707 3823 ἢ.
1743 3755 1809 3811 Et

223 3839 339 3882 eum
369 3831 572 3897 spiritu.
602 3831 626 3871 ά
668 3833 822 3888 Dicat
870 3835 1088 3894 Chorus.
1156 3839 1238 3907 ιῇ.
1284 3841 1471 3896 Excita
1519 3847 1806 3912 potentiam

229 3928 372 3975 tuam
405 3922 635 3980 Domine.
667 3935 690 3962 θ
725 3929 789 3982 Et
819 3931 938 3984 veni
973 3931 1036 3984 ad
1069 3933 1402 3989 liberandum
1435 3953 1552 3994 nos.
1602 3940 1638 4008 ᾗ
1662 3978 1676 3993 .
1709 3942 1808 4007 Qui

227 4016 361 4081 regis
409 4014 562 4072 lsrael
608 4019 829 4076 intende
872 4023 962 4092 qni
992 4023 1212 4081 deducis
1256 4027 1398 4082 velut
1427 4045 1580 4084 ovem
1610 4031 1806 4104 Joscplt

229 4101 247 4141 τ
278 4119 486 4173 apparo.
519 4106 582 4160 P.
624 4109 689 4163 Et
720 4113 857 4165 veni.
887 4111 1039 4168 Dicat
1070 4115 1250 4172 Presb.
1280 4119 1562 4178 Silentium
1592 4101 1767 4180 tacite.

291 4196 434 4251 Dicat
459 4200 675 4256 Chorus.

346 4314 625 4386 Sequentia
657 4319 1286 4397 epistotePauliapoitoli
1405 4333 1682 4394 Romanos.

814 4393 964 4465 (Cap.
1000 4406 1024 4444 ε
1050 4393 1248 4470 XIII).

297 4481 333 4549 ri
355 4522 367 4534 .
403 4483 514 4538 Deo
542 4485 761 4554 gratias.

289 4573 519 4631 Fratres.
556 4579 743 4634 Omnis
788 4596 961 4637 anima
1009 4592 1359 4654 potestatibus
1403 4593 1805 4655 sublimioribus

222 4666 415 4721 siihdita
440 4669 536 4724 sit.
567 4671 680 4725 Non
702 4683 783 4727 est
806 4677 946 4730 enim
971 4690 1203 4745 potestas
1227 4682 1328 4738 nisi
1356 4699 1385 4739 a
1413 4684 1542 4741 Deo.
1569 4687 1683 4755 Qne
1710 4706 1802 4744 ntt-
1836 4684 1882 4745 1)
1909 4705 1990 4752 tur
2030 4703 2081 4756 in
2113 4712 2183 4759 te.
2598 4666 2750 4767 Dicat

284 4812 305 4884 ξ
336 4804 514 4884 βαρεῖ
542 4817 786 4884 montem.
820 4809 898 4866 Ex
928 4812 1079 4882 lsata,
1113 4833 1201 4884 xc,
1234 4819 1286 4874 9.

283 4874 306 4912 δ
331 4874 472 4932 Paul.
496 4895 646 4944 χιιι,
671 4880 722 4936 5.

282 4956 300 4982 ε
330 4948 461 5013 Cap.
500 4949 601 5004 LI.
639 4951 789 5008 Vers.
823 4954 970 5010 7-12.

278 5016 479 5106 ἀμέρσαι
511 5019 736 5106 Quoi-as.
769 5026 918 5106 Adde
947 5026 1405 5106 psallem_!9.Psal.
1440 5054 1620 5106 um,
1661 5043 1711 5096 1.

280 5097 303 5124 ⁸
335 5089 554 5173 Etnveni
580 5091 647 5173 ait
676 5089 996 5173 liberandum
1018 5117 1128 5156 nos.
1154 5089 1402 5173 Vulgata,

215 5159 302 5214 lica
333 5179 344 5214 :
378 5161 449 5240 _Et
487 5165 601 5240 veni
622 5204 651 5240 _,_
689 5176 744 5240 at
790 5169 957 5222 salvos
989 5187 1079 5224 nos
1127 5159 1310 5239 faciays.

215 5235 442 5304 (etenim
473 5251 506 5285 ιι
527 5236 732 5304 judicio
774 5255 864 5291 nos
891 5235 1155 5295 rediitteré.

283 5302 299 5339 ί
329 5302 564 5399 aspirare.
596 5307 670 5360 lla
698 5305 816 5365 Ital.
843 5309 1004 5380 LXX,
1056 5315 1314 5386 ἐμράνηθι.
1340 5320 1490 5377 Chal.
1517 5335 1568 5381 et
1613 5327 1792 5399 Vulg.,

215 5381 560 5436 tiraniieslare.
1080 5381 1090 5385 “
1123 5381 1132 5386 ⁷
1679 5381 1686 5383 ἡ
1718 5381 1788 5412 Ψ

277 5445 455 5516 ξςαρ.
494 5446 672 5501 XIII.
709 5449 864 5506 Vers.
905 5453 1019 5510 1-8.

277 5512 302 5550 λ
325 5512 457 5611 ζάὲὲ
487 5522 647 5601 enim.
679 5521 975 5608 llludenim
1005 5545 1110 5611 non
1134 5530 1323 5599 legitur
1350 5537 1403 5591 in
1433 5537 1676 5611 Vulgata,
1704 5561 1796 5600 ne-

213 5602 306 5663 que
333 5589 384 5663 in
417 5590 656 5660 Syriam,
692 5609 790 5648 nec
821 5597 872 5649 in
901 5608 1046 5654 textu
1073 5589 1282 5656 Crteuco.

282 5658 299 5739 ξ
334 5658 567 5755 1:50pm
591 5668 1140 5755 cgitstantiamLLege,
1175 5689 1383 5755 propter
1409 5685 1794 5755 conscientiam,

214 5729 577 5817 utinhGrmc"
610 5734 818 5804 Syriae.
849 5751 902 5793 et
935 5729 1185 5817 Vulgata;
1208 5729 1419 5817 legitur.

254 5803 292 5878 ⁸1
332 5799 399 5853 Et
431 5803 630 5895 tributa.
649 5799 968 5895 ᾆζιςιξδιίῖῖηιίτεε.Δ
989 5799 1110 5885 δὴ
1131 5799 1437 5895 {fmiliae}:
1459 5828 1610 5880 etiam
1637 5846 1794 5895 pecu-

216 5876 348 5924 niam
376 5876 570 5944 capitis
597 5876 749 5935 datis.
784 5878 1004 5952 Vulgata
1031 5876 1087 5942 'ei
1131 5876 1329 5958 εἴηὸ..
1364 5876 1477 5950 ideo
1511 5876 1794 5956 Eiir'iiiiia

1915 1984 2093 2022 conus.

1915 2083 2086 2139 Lectio
2104 2089 2267 2140 sancti
2287 2087 2554 2158 Evangelii
2568 2090 2845 2143 secundum
2866 2091 3151 2148 Matt/team
3172 2094 3321 2166 (Cap.
3339 2095 3502 2170 Ι(ΧΙ).

1986 2196 2040 2251 ln
2071 2199 2159 2253 illo
2184 2211 2448 2270 tempore.
2478 2204 2611 2260 Cum
2643 2208 2878 2262 audisset
2898 2209 3170 2266 Johannes
3199 2213 3248 2265 in
3281 2213 3508 2271 vinculis

1915 2304 2076 2358 opera
2105 2292 2302 2346 Christi
2344 2312 2356 2346 :
2403 2296 2617 2351 mittens
2658 2299 2790 2354 duos
2827 2302 2894 2355 de
2933 2300 3203 2371 discipulis
3230 2305 3344 2358 suis
3389 2324 3399 2356 :
3433 2307 3508 2361 ait

1913 2384 2011 2439 illi.
2045 2387 2122 2440 Tu
2166 2403 2224 2441 es
2264 2389 2352 2456 qui
2399 2402 2651 2448 venturus
2679 2410 2736 2449 es
2771 2413 2782 2446 :
2817 2411 2884 2449 an
2924 2398 3084 2452 alimn
3125 2402 3508 2468 expectamus?

1913 2478 1977 2534 Et
2019 2483 2346 2548 respondens
2387 2484 2541 2540 Jesus
2579 2490 2654 2541 ait
2690 2489 2812 2542 illis.
2849 2490 3050 2546 Euntes
3079 2495 3388 2548 renunciate
3415 2493 3506 2550 Jo-

1916 2575 2072 2628 ltntltll
2105 2592 2206 2645 que
2250 2578 2473 2633 audistis
2521 2589 2576 2634 et
2619 2581 2845 2638 vidistis.
2890 2582 3014 2638 Ceci
3064 2587 3239 2641 vident
3273 2591 3296 2639 ':
3329 2588 3503 2644 claudi

1913 2670 2189 2724 ambulant
2225 2689 2237 2725 :
2271 2672 2462 2741 leprosi
2487 2673 2809 2729 inundantur
2843 2691 2857 2729 :
2888 2677 3034 2732 surdi
3063 2679 3282 2734 audiunt
3313 2701 3326 2737 :
3363 2696 3506 2735 mor-

1903 2761 1988 2814 .tui
2029 2772 2310 2832 resurgunt
2356 2783 2367 2817 :
2414 2780 2671 2836 pauperes
2710 2769 3162 2838 evangelizantur.
3210 2771 3277 2826 Et
3316 2773 3504 2827 beatus

1912 2860 1994 2904 est
2032 2851 2119 2920 qui
2161 2869 2266 2907 non
2309 2854 2467 2908 inierit
2506 2857 2895 2914 scandalizatus
2935 2861 2987 2916 in
3026 2877 3128 2916 me.
3175 2863 3282 2916 lllis
3322 2872 3500 2919 autem

1910 2943 2230 2999 abeuntibus
2256 2965 2266 2997 :
2294 2948 2430 3016 cepit
2453 2949 2606 3004 Jesns
2629 2951 2810 3007 dicere
2833 2953 2898 3006 ad
2925 2955 3104 3008 tnrhas
3130 2954 3196 3008 de
3219 2953 3496 3012 Johanne:

1910 3035 2046 3103 Quid
2085 3038 2270 3091 existis
2306 3039 2356 3093 in
2397 3041 2664 3096 desertum
2711 3045 2923 3099 videre?
2971 3045 3301 3102 Arundinem
3341 3059 3502 3106 vento

1910 3129 2194 3198 agitatam?
2220 3133 2321 3186 Sed
2347 3134 2471 3200 quid
2501 3135 2688 3190 existis
2712 3136 2927 3192 videre?
2954 3137 3232 3194 Hominem
3251 3140 3501 3196 mollibus

1915 3223 2162 3275 vestitum
2202 3241 2212 3274 :
2246 3224 2385 3279 Ecce
2413 3227 2498 3295 qui
2532 3228 2778 3283 rnollibns
2804 3230 3142 3286 vestiuntur:
3173 3233 3224 3286 in
3254 3233 3501 3290 domibus

1906 3329 2091 3384 regum
2131 3326 2278 3372 sunt.
2333 3317 2435 3374 Sed
2485 3320 2608 3390 quid
2652 3323 2838 3378 existis
2883 3309 3104 3382 videret"
3141 3327 3502 3404 Prophetami

1910 3407 2082 3462 Etiam
2107 3409 2227 3463 dico
2257 3411 2408 3466 vobis
2436 3430 2447 3464 :
2482 3424 2534 3468 et
2562 3415 2835 3485 plusquam
2867 3417 3208 3488 Prophetam.
3236 3419 3329 3474 llic
3357 3420 3498 3475 enim

1907 3507 1991 3553 est
2037 3500 2101 3555 de
2139 3517 2244 3569 quo
2289 3504 2543 3572 scriptum
2583 3518 2682 3562 est.
2727 3507 2867 3563 Ecce
2906 3524 3006 3580 ego
3050 3509 3202 3566 mitto
3249 3511 3497 3583 angelum

1908 3607 2086 3647 meum
2118 3605 2242 3650 ante
2275 3594 2463 3651 faciem
2498 3609 2640 3654 tuam
2675 3616 2688 3654 :
2719 3601 2810 3670 qui
2839 3603 3143 3671 preparabit
3182 3603 3318 3658 viam
3351 3615 3494 3660 tuam

1908 3695 2032 3739 ante
2074 3694 2144 3740 te.
2179 3686 2348 3742 Amen
2381 3689 2501 3744 dico
2529 3692 2678 3746 vobis
2707 3709 2720 3747 :
2757 3709 2860 3748 non
2889 3695 3126 3750 surrexit
3172 3697 3310 3750 inter
3347 3706 3500 3751 natos

1910 3777 2192 3833 mulierum
2225 3781 2394 3849 major
2431 3782 2674 3840 Johanne
2706 3786 2960 3856 Baptista.
2989 3789 3087 3855 Qui
3118 3797 3294 3842 autem
3325 3789 3500 3843 minor

1909 3880 1990 3923 est
2017 3871 2068 3924 in
2101 3888 2264 3941 regno
2295 3876 2529 3930 celerum
2573 3878 2741 3947 major
2779 3889 2862 3933 est
2888 3881 3000 3934 illo.
3028 3881 3073 3933 A
3099 3881 3289 3934 diebus
3322 3890 3497 3935 autem

1909 3959 2168 4019 Johannis
2199 3965 2434 4032 Baptiste
2475 3984 2644 4038 usque
2684 3986 2823 4026 nunc
2854 3986 3079 4041 regnum
3121 3973 3354 4027 celorum
3392 3974 3496 4028 vim

1912 4055 2106 4122 patitur
2153 4073 2164 4107 ε
2205 4066 2258 4110 et
2291 4058 2506 4113 violenti
2546 4061 2761 4129 rapiunt
2790 4062 2942 4120 illud.
2973 4065 3171 4118 Omnes
3204 4064 3344 4118 enim
3376 4080 3501 4134 pro-

1911 4146 2070 4214 phete
2091 4156 2143 4200 et
2164 4148 2247 4202 lex
2279 4165 2292 4202 ε
2325 4164 2492 4220 usque
2520 4152 2584 4207 ad
2614 4152 2909 4210 Johannem
2937 4156 3408 4225 prophetaverunt.
3433 4157 3502 4214 Et

1909 4237 1950 4289 si
1976 4239 2136 4292 vultis
2167 4241 2407 4311 recipere
2442 4260 2453 4296 :
2489 4244 2602 4312 ipse
2642 4259 2722 4300 est
2767 4249 2945 4302 llelias
2984 4249 3076 4318 qui
3102 4260 3358 4304 venturus
3397 4259 3500 4307 est.

1910 4329 2010 4396 Qui
2040 4331 2200 4389 habet
2239 4349 2394 4390 aures
2433 4339 2683 4395 audiendi
2737 4343 2934 4397 audiat.
2999 4345 3072 4412 ἡ.
3114 4345 3309 4401 Amen.
3349 4344 3504 4402 Dicat

1913 4420 2091 4479 Presb.
2135 4425 2391 4485 Dominus
2437 4432 2741 4503 sitsemper
2786 4436 3079 4491 vobiscum.
3138 4437 3212 4506 Ii).
3261 4437 3326 4492 Et
3374 4453 3499 4493 cum

1913 4515 2098 4583 Spiritu
2124 4521 2399 4578 tuo.Dicat
2417 4524 2632 4581 Chorus.
2658 4524 2895 4583 1Lauda.
2922 4529 3169 4599 Alleluja.
3198 4530 3233 4599 ᾗ
3256 4569 3270 4584 .
3294 4539 3332 4566 ω
3359 4531 3498 4587 Deus

1911 4619 2226 4666 convertens
2281 4614 2574 4672 viviﬁcabis
2630 4634 2726 4674 nos
2785 4639 2798 4676 :
2851 4630 2907 4676 et
2964 4624 3111 4692 plebs
3171 4631 3258 4678 tua
3312 4622 3502 4679 letabi-

1911 4846 2184 4906 pi'wstatis.

1982 4909 2172 5002 filiai);
2189 4917 2292 5002 ο
2323 4922 2473 5002 Vers.
2499 4923 2643 5002 2:16.
2667 4927 2777 4984 Hoc
2806 4930 3150 5002 Evangelium
3168 4937 3227 4986 in
3251 4934 3493 5001 Evange-

1911 4981 2118 5076 liatlariu:
2137 4987 2404 5076 vaticinia}
2423 4997 2674 5076 basilica},
2697 4981 3117 5076 sietsi—(3pm
3144 5003 3257 5076 Em.
3280 4981 3487 5076 ΤΙιρῖἷι..

1908 5055 1960 5144 in
1990 5054 2304 5144 C-apitalario
2349 5054 3197 5144 Ειυαηθειὶριξίιηιξείᾇῆἆιῖίῖιιενα
3226 5074 3310 5142 8),
3359 5054 3489 5144 legi:

1911 5133 1994 5207 tur
2026 5128 2296 5188 Dominica
2325 5128 2556 5191 secunda
2587 5128 2888 5207 Adventus],
2921 5154 2975 5196 ut
3006 5144 3165 5196 modo
3201 5128 3487 5201 in'blissali

1913 5194 2153 5284 RDIIHIDO
2185 5208 2356 5284 sancti
2389 5210 2463 5262 Pii
2485 5210 2538 5284 AV
2576 5194 2971 5284 legitur.‘Dlitr—r
2999 5194 3491 5284 legeb’atuvr-Ddini;

1914 5283 2035 5352 mea
2063 5277 2451 5353 secnndaantc
2481 5277 2663 5337 Natale
2694 5282 2922 5352 Domini,
2955 5277 3079 5353 qua?
3104 5289 3239 5340 endit
3280 5288 3333 5344 in
3381 5290 3488 5344 Do-

1910 5341 2155 5427 tttiiiigaiii
2189 5349 2402 5404 tertiam
2437 5353 2736 5427 Adventus,
2761 5370 2863 5427 qua
2910 5341 2998 5410 iné
3046 5358 3240 5427 legitur
3275 5341 3486 5415 inMis-

1907 5412 2314 5495 salih'l‘oletano,
2349 5439 2489 5495 anno
2527 5424 2684 5487 1550,
2718 5412 2980 5493 Lugduni,
3019 5427 3071 5481 in
3099 5412 3489 5495 Callia,edito.

1909 5481 1962 5534 ln
1994 5481 2512 5570 illozarabicoiectio
2540 5481 2824 5563 Evangelii
2846 5481 3102 5567 prolixior
3130 5481 3216 5557 est
3239 5481 3397 5570 qiiam
3433 5505 3490 5559 in
3543 5529 3546 5532 ’

1908 5559 2119 5611 creti-ris
2151 5559 2476 5618 Missalibus.

1985 5625 1999 5663 ι
2033 5629 2238 5705 Danda.
2283 5635 2316 5701 ᾖ
2341 5677 2352 5689 .
2387 5636 2528 5690 Psal.
2550 5653 2762 5705 LXXXIV,
2788 5640 2841 5696 7.

1977 5707 2012 5734 "'
2041 5701 2175 5777 Dens
2229 5721 2538 5760 convertens.
2572 5707 2710 5777 Ital.,
2749 5701 2885 5769 Deus
2926 5723 2980 5770 tu
3025 5725 3340 5770 convertens.
3386 5716 3481 5772 Tr.

1903 5773 2070 5825 sancti
2129 5775 2576 5857 iller.,3101iiteltl
2629 5773 2921 5841 reuertens?
2970 5787 3213 5857 Vulgata,
3260 5787 3482 5842 Deusta

1901 5857 2171 5898 conversus
2198 5846 2475 5914 viviﬁcabis
2506 5868 2618 5908 nos.

3403 357 3516 443 ηε)
3607 389 3613 394 ·
