4040 6356
559 334 665 392 125
1285 333 1576 391 MISSALE
1616 333 1882 389 MIXTUM
1927 335 2072 388 ενι-ιβ.

2124 335 2282 389 RLC.
2331 337 2386 390 Β.
2434 337 2701 394 lSl-DORl.
2741 368 2808 380 —
2847 341 2926 396 PA
2943 342 3027 397 ΠΒ
3065 340 3087 396 Ι

560 459 667 508 tres
691 450 744 503 in
767 445 1097 503 orationibus
1118 447 1308 502 vestris
1336 465 1347 498 :
1376 456 1428 500 et
1455 456 1602 500 orate
1627 462 1719 515 pro
1744 463 1829 501 me
1859 447 1920 499 ad
1951 447 2140 501 Deum.
2175 449 2226 507 Α
2327 447 2473 503 Dicat
2521 450 2697 506 Presb.
2742 453 2874 523 Quia
2915 465 2968 508 tu
3008 471 3066 510 es
3111 457 3215 510 vita
3259 456 3518 512 vivorum.
3573 457 3638 512 L't
3678 471 3834 532 supra

562 541 886 613 Respondeat
907 539 1124 596 Chorus.
1156 541 1380 607 Adjuvet
1414 549 1464 594 te
1495 538 1651 595 Pater
1671 551 1725 595 et
1760 541 1918 594 Filius
1950 552 2000 596 ct
2032 542 2153 610 Spi-

561 646 696 691 rtttis
725 645 960 689 sanctus.
1010 632 1158 688 Dicat
1189 631 1404 687 Chorus.
1432 631 1761 701 Sacriﬁcium
1795 635 1930 703 quod
1962 635 2153 688 dicitur

559 727 1129 797 o/ferlorium.Venient
1151 726 1216 779 ad
1242 735 1292 780 te
1317 726 1495 794 populi
1524 727 1676 781 multi
1698 727 1910 798 ailelnja
1942 745 1956 783 :
1989 737 2042 782 et
2067 743 2154 784 re-

557 834 651 890 ges
670 820 908 889 gentium
935 835 1029 888 per
1065 827 1248 887 portas
1292 826 1406 870 luas
1446 818 1812 888 ingt-edientur
1852 837 1867 876 :
1910 830 1962 874 et
1995 835 2152 874 voca-

559 913 701 968 beris
731 913 920 966 civitas
952 911 1182 964 Domini.
1218 909 1419 963 Fidelis
1446 910 1590 981 Syon
1621 910 1755 964 ultra
1784 926 1887 963 non
1920 911 2027 965 eris
2053 912 2150 967 de-

561 1004 741 1056 relicta
769 1001 981 1070 alleluja
1009 1018 1022 1055 :
1049 1000 1287 1070 alleluja.
1329 1001 1362 1071 ᾗ
1390 1041 1402 1053 .
1433 1001 1542 1055 Hec
1571 1003 1699 1056 dicit
1729 1003 1984 1058 Dominus
2015 1006 2150 1061 dabo

560 1097 611 1151 in
647 1112 771 1162 pace
809 1095 1076 1164 principes
1116 1105 1233 1149 tuos
1267 1096 1410 1166 Syon
1441 1113 1452 1148 :
1487 1104 1548 1150 et
1576 1096 1892 1152 Sacerdotes
1940 1110 2055 1154 tuos
2098 1102 2147 1155 itt

555 1189 886 1244 exultatione
933 1203 949 1242 :
987 1199 1042 1242 et
1083 1188 1388 1244 letabuntur
1428 1189 1479 1244 in
1519 1191 1751 1245 salutare
1793 1192 1926 1246 muri
1975 1192 2048 1247 tui
2096 1195 2146 1249 in

552 1292 793 1338 eternum
822 1291 876 1335 et
902 1283 952 1336 in
985 1283 1226 1338 seculutn
1263 1284 1450 1338 seculi.
1481 1281 1543 1337 P.
1580 1284 1780 1339 Fidelis
1811 1286 1976 1357 Syon.
2012 1285 2150 1342 Dum

551 1374 737 1429 dicitur
777 1377 1092 1442 sacri/icium
1142 1375 1326 1445 offerat
1358 1378 1578 1431 hostiam
1607 1378 1864 1436 Sacerdos
1911 1383 1962 1435 in
1990 1384 2149 1437 calice

550 1483 664 1520 cum
687 1468 1024 1523 orationibus.
1053 1467 1152 1522 Hic
1172 1469 1349 1537 incipit
1379 1469 1594 1524 Missam
1616 1472 1854 1529 dicendo.
1889 1473 2146 1530 Dominus

549 1561 618 1616 sit
649 1577 861 1630 semper
886 1563 1184 1617 vobiscum.
1228 1564 1266 1631 [ἢ
1291 1603 1304 1616 .
1338 1563 1405 1616 Et
1434 1579 1553 1616 cum
1581 1566 1772 1634 spiritu
1807 1577 1920 1620 tuo.

623 1652 806 1706 Missa.
842 1654 1176 1709 Acccdcntes
1213 1655 1279 1709 ad
1331 1669 1570 1710 mensam
1611 1657 1862 1712 terribilis
1905 1659 2148 1730 omnipo-

545 1747 708 1801 tentis
740 1746 830 1800 Dei
875 1763 888 1798 :
931 1761 1050 1800 cum
1083 1762 1294 1801 summo
1332 1747 1527 1817 gaudio
1557 1749 1785 1804 Domino
1818 1751 1925 1805 Deo
1964 1761 2146 1808 nostro

549 1838 782 1894 illibatas
813 1840 1012 1894 hostias
1035 1840 1395 1912 9oﬁ'eramus
1421 1840 1614 1896 fratres
1642 1844 1950 1898 charissitni
1981 1863 1994 1898 :
2021 1846 2143 1916 quia

549 1930 797 2000 dignatus
823 1941 906 1987 est
947 1930 1038 1984 lilii
1071 1932 1151 1984 sui
1188 1932 1474 1986 adventum
1517 1947 1609 2002 per
1631 1933 1931 1989 Johannetn
1964 1935 2145 2006 Bapti-

548 2030 684 2076 statn
732 2023 1037 2078 hominibus
1079 2023 1350 2078 nunciare.
1395 2024 1482 2079 Sic
1507 2025 1648 2080 enim
1684 2025 1894 2082 allatur.
1931 2036 1956 2063 ⁸
1991 2027 2146 2082 Venit

545 2123 603 2168 et
631 2114 818 2169 fortior
849 2131 932 2169 me
960 2124 1078 2184 post
1110 2130 1193 2170 me
1223 2133 1236 2170 :
1277 2115 1430 2185 cujus
1472 2132 1575 2170 non
1605 2132 1723 2172 sum
1757 2111 1944 2187 dignus
1973 2121 2144 2173 corri-

542 2205 686 2275 giam
715 2205 1049 2261 calciamenti
1087 2207 1318 2261 solvere.
1363 2207 1510 2273 Quos
1552 2223 1653 2277 ego
1680 2207 1825 2278 lingu
1859 2208 1886 2247 δ
1923 2210 1975 2264 in
2009 2228 2141 2280 aqua

547 2297 840 2367 baptismi:
873 2308 897 2336 ε
931 2298 1044 2366 ipse
1073 2297 1302 2366 bzlptizal.
1331 2300 1384 2352 in
1427 2298 1629 2368 Spiritu
1676 2299 1874 2355 Sancto
1915 2309 1972 2356 et
2013 2303 2139 2371 igni.

541 2392 678 2457 Quia
704 2393 817 2461 ipse
839 2403 918 2446 eet
943 2391 1081 2446 ﬁlius
1113 2391 1204 2446 Dei
1233 2409 1246 2444 :
1279 2408 1432 2462 quem
1457 2393 1706 2464 princeps
1726 2395 1967 2463 angelice
1989 2393 2015 2432 ἀ
2039 2397 2140 2450 mi-

541 2486 665 2540 licie
715 2501 805 2555 per
830 2495 1041 2540 uterum
1079 2486 1305 2555 Virginis
1352 2502 1502 2541 sacre
1539 2497 1564 2525 ⁸
1596 2489 1645 2542 in
1689 2489 1888 2542 mundo
1933 2507 2140 2546 annun-

539 2579 706 2633 ciavit
733 2581 934 2634 venire.
979 2580 1267 2635 Poscamns
1293 2596 1423 2651 ergo
1458 2581 1622 2635 Deum
1658 2583 1867 2638 Patrem
1904 2595 2000 2639 :ut
2041 2587 2141 2641 hec

545 2686 649 2742 que
669 2671 740 2726 ob
767 2672 1157 2727 solemnitatem
1181 2673 1439 2728 adventus
1472 2673 1589 2729 Filii
1621 2676 1703 2730 sui
1730 2676 2006 2733 offerimus
2045 2680 2137 2734 ho-

545 2762 784 2819 locausta
811 2782 824 2819 :
855 2780 958 2820 non
991 2765 1284 2820 discutiens
1311 2773 1494 2821 nostra
1523 2776 1739 2836 peccata
1767 2784 1782 2823 :
1818 2769 1868 2824 in
1893 2784 1990 2824 suo
2009 2785 2140 2825 con-

543 2867 730 2926 spectu
759 2856 958 2912 efﬁciat
985 2857 1242 2929 graciosa.

633 2948 670 3014 ἡ
693 2985 708 3002 .
743 2949 936 3004 Amen.

617 3039 770 3094 Dicat
805 3041 985 3098 Presb.
1021 3041 1124 3096 Per
1154 3041 1581 3097 misericordim
1613 3053 1756 3098 tuam
1789 3044 1930 3100 l)etts
1953 3057 2138 3102 noster

545 3138 638 3203 qui
667 3149 729 3188 es
757 3135 1075 3189 benedictus
1103 3145 1154 3189 et
1182 3134 1318 3189 viris
1344 3145 1449 3190 etc.
1481 3143 1538 3189 ut
1564 3152 1720 3206 supra
1745 3135 1839 3207 fol.
1873 3137 1926 3192 5.

618 3225 806 3282 Postea
832 3227 970 3280 dicat
1001 3228 1322 3280 Orationem.

621 3319 824 3374 Oratio.
873 3319 1207 3374 Jocundatur
1257 3313 1480 3373 Demine
1531 3329 1584 3373 et
1631 3319 1885 3388 tripudtat
1937 3329 2077 3376 terra
2113 3333 2134 3382 ξ

541 3414 668 3482 quia
699 3413 933 3468 Verbum
971 3428 1100 3468 caro
1143 3411 1342 3467 factum
1381 3412 1587 3466 habitat
1632 3413 1682 3466 in
1715 3428 1869 3468 sacre
1900 3412 2134 3485 Virginis

539 3504 808 3560 membra.
848 3504 903 3558 In
933 3505 1090 3574 cujus
1119 3503 1355 3557 adventu
1383 3503 1562 3556 omnis
1601 3502 1669 3556 de
1700 3505 2011 3572 captivitate
2049 3522 2137 3559 re-

541 3596 766 3651 dimitur
791 3607 931 3650 terra
957 3613 972 3649 :
1006 3610 1111 3666 que
1147 3594 1497 3649 detinebatur
1523 3609 1620 3664 per
1651 3598 2136 3663 transgressionem

546 3689 660 3744 Ade
689 3689 740 3742 in
773 3689 1054 3742 obscurata
1080 3685 1350 3756 gehenna.
1402 3685 1551 3741 Nunc
1598 3699 1876 3742 moveatur
1909 3705 2057 3744 mare
2086 3700 2138 3745 et

545 3779 724 3833 omnia
762 3777 780 3817 τ
809 3793 914 3846 que
951 3779 1004 3832 in
1031 3779 1114 3832 eis
1141 3787 1265 3830 sunt
1299 3796 1309 3829 :
1351 3789 1561 3834 montes
1597 3782 1843 3835 exultent
1874 3793 1925 3837 et
1955 3785 2138 3837 omnia

547 3869 689 3936 ligna
721 3870 978 3925 silvarum
1015 3885 1029 3921 :
1071 3869 1194 3938 quia
1232 3869 1372 3929 Dens
1411 3869 1571 3925 homo
1601 3871 1850 3938 dignatur
1889 3888 1984 3940 per
2025 3883 2140 3928 ute-

547 3979 666 4018 rum
699 3964 860 4017 Beate
903 3961 1136 4032 Virginis
1166 3963 1330 4018 Maria
1371 3981 1382 4016 :
1419 3964 1489 4020 de
1519 3966 1638 4020 celo
1669 3967 1720 4019 in
1761 3965 2018 4022 mundum
2051 3984 2142 4022 ve-

550 4058 688 4112 nire.
720 4056 822 4111 Per
851 4056 1018 4124 ipsius
1057 4057 1218 4126 igitur
1250 4058 1534 4113 adventum
1563 4071 1615 4115 te
1643 4060 2000 4130 deprecamur
2027 4076 2134 4116 om-

547 4153 798 4221 nipotens
832 4150 972 4205 Dens
1004 4167 1019 4204 :
1058 4161 1113 4206 ut
1151 4161 1333 4206 nostre
1359 4152 1540 4207 carnis
1571 4154 1911 4221 fragilitatem
1955 4169 1982 4208 a
2019 4155 2138 4209 vin-

547 4243 688 4300 culis
721 4251 1065 4311 peccatorum
1109 4242 1360 4297 absolvas
1398 4261 1410 4296 :
1451 4252 1507 4298 et
1533 4247 1770 4314 presenti
1813 4246 2018 4301 familia
2049 4254 2139 4302 tne

545 4335 920 4390 misericordia
945 4335 1135 4404 plenus
1155 4349 1432 4390 occurras.

635 4427 672 4493 ti)
695 4465 709 4480 .
742 4427 936 4481 Amen.

625 4516 772 4570 Dicat
807 4516 1039 4590 Presbgt.
1071 4519 1174 4573 Per
1215 4518 1645 4574 misericordiam
1687 4529 1831 4574 tuam
1866 4520 2006 4577 Dens
2035 4539 2130 4578 no-
2165 4543 2223 4607 ι)

543 4617 660 4664 iter
686 4611 741 4665 in
770 4610 927 4678 cujus
957 4621 1268 4678 conspectu.
1305 4609 1374 4664 Ut
1403 4626 1560 4679 supra
1592 4610 1687 4681 fol.
1721 4612 1775 4664 4.

563 4701 576 4718 ‘
625 4700 747 4757 Post
789 4703 1019 4756 nornina.
1067 4702 1292 4757 Domine
1323 4701 1450 4757 Iesu
1489 4702 1703 4759 Christe
1743 4720 1902 4774 quem
1945 4716 2139 4761 ventu-

551 4813 668 4851 rum
714 4811 836 4851 esse
885 4796 1155 4850 credimus
1199 4795 1436 4865 judicent
1484 4815 1495 4848 :
1542 4798 1632 4865 qui
1671 4798 1783 4869 jam
1834 4801 2033 4855 dudum
2083 4803 2137 4857 in

551 4890 726 4959 primo
773 4891 1012 4944 adventu
1063 4890 1233 4959 glorie
1291 4899 1378 4944 tne
1433 4901 1649 4960 propter
1700 4902 1881 4946 nostra
1929 4893 2140 4948 scelera

554 4983 769 5036 humilis
800 4983 988 5039 venire
1017 4983 1271 5050 dignatus
1299 4997 1360 5039 es
1408 5001 1423 5040 :
1456 4985 1690 5040 Petimus
1733 5005 1745 5042 :
1787 4997 1842 5041 ut
1879 4987 2001 5041 dum
2047 4988 2134 5041 nd-

551 5085 746 5129 ventus
787 5078 1076 5131 clementie
1129 5084 1220 5131 tne
1265 5079 1534 5133 secundus
1584 5079 1862 5134 advenerit
1908 5098 1921 5133 :
1963 5090 2141 5136 nostra

555 5169 769 5222 nomina
813 5170 1057 5225 absterso
1099 5180 1317 5238 peccato
1360 5187 1374 5224 :
1419 5185 1540 5225 cum
1582 5174 1785 5227 sanctis
1832 5173 1935 5227 tuis
1975 5171 2141 5226 iacias

557 5263 851 5332 prenotari.

642 5355 680 5412 Ii
701 5392 717 5410 .
753 5358 941 5412 Amen.

631 5480 653 5506 ει
688 5469 831 5523 Venit
857 5479 907 5523 et
937 5469 1118 5539 fortior
1147 5488 1247 5525 me.
1281 5472 1410 5526 Illud
1442 5484 1488 5525 et
1518 5470 1772 5525 abundat.

628 5540 654 5579 b
685 5539 746 5593 In
777 5559 908 5610 aqua
940 5541 1216 5612 Bnptismi.
1255 5545 1402 5596 Adde
1434 5543 1758 5609 paenitentia}.

636 5623 659 5683 ε
693 5612 813 5683 [pse
843 5611 1086 5683 baptism.
1122 5613 1371 5666 Fortasse
1400 5615 1680 5682 legendum
1711 5611 2014 5682 baptisaott.

636 5631 659 5651 ι
695 5631 714 5663 l
761 5631 813 5664 se
843 5631 1086 5683 captiaut.
1123 5631 1371 5666 rortasse

629 5681 654 5720 ά
683 5631 897 5738 Μῖιὶεὶεξ
922 5682 1138 5751 Corrige
1169 5685 1386 5739 milititc.

635 5767 657 5793 ι’
689 5753 752 5808 In
779 5758 989 5810 mundo.
1021 5757 1158 5819 Lege
1187 5756 1239 5807 in
1265 5756 1528 5808 mundum.

637 5835 650 5866 ι
686 5829 794 5908 (με
823 5830 874 5883 in
897 5830 969 5898 eis
998 5837 1138 5882 sunt.
1170 5826 1308 5902 Lege
1337 5832 1452 5910 quin
1481 5825 1532 5884 in
1555 5844 1614 5897 eo
1639 5841 1777 5898 sunt,

2235 2991 2388 3060 prius
2440 3002 2617 3052 tuente
2669 3011 2684 3048 :

2166 3181 2214 3245 ο
2245 3176 2366 3232 ideo
2409 3194 2531 3232 vera
2566 3187 2740 3233 mater
2785 3179 2903 3234 Filii
2953 3179 3048 3235 Dei
3095 3196 3111 3234 ε

2258 543 2356 595 col.
2395 543 2514 597 llfi.

2327 636 2408 691 Ad
2446 653 2624 707 pacem
2690 639 2816 694 Jt-su
2847 643 3016 696 virtus
3055 642 3387 697 inﬁrmitatis
3426 654 3609 700 nostre
3643 663 3654 698 :
3690 657 3716 693 κ
3747 649 3837 716 qui

2256 729 2374 785 sine
2405 732 2648 786 manibus
2680 734 3075 804 precidentinm
3128 736 3263 804 lapis
3295 752 3456 790 verus
3497 753 3554 791 es
3593 739 3838 796 abscisus

2255 840 2286 880 a
2320 836 2500 882 monte
2535 845 2546 880 :
2579 845 2685 896 quo
2713 829 2888 884 Otttllis
2932 831 3160 884 latitudo
3199 833 3399 901 repleta
3431 844 3514 889 est
3550 842 3708 890 terre.
3755 839 3836 895 Tu

2253 921 2416 974 corda
2450 932 2631 978 nostra
2667 926 2810 995 reple
2849 926 2990 980 dono
3029 927 3171 997 pacis
3209 937 3262 982 et
3291 930 3462 1000 gratie
3497 946 3514 984 :
3548 940 3603 985 ut
3631 933 3718 1000 qui
3758 933 3838 988 itt-

2253 1017 2582 1073 carnationis
2613 1026 2702 1074 tne
2731 1017 3069 1074 celebramus
3111 1019 3358 1074 solennia
3394 1039 3408 1076 :
3442 1038 3538 1094 per
3569 1039 3715 1092 pacis
3744 1027 3834 1081 bo-

2254 1121 2378 1160 num
2411 1107 2586 1162 future
2617 1110 3032 1165 cxaminationis
3063 1109 3354 1165 liberemur
3383 1127 3411 1168 a
3445 1129 3600 1182 pena.

2339 1200 2375 1268 ιῆ
2398 1241 2410 1255 .
2448 1202 2638 1256 Amen.

2327 1292 2474 1348 Dicat
2497 1295 2673 1349 Pt'esb.
2693 1297 2826 1364 Quia
2852 1307 2904 1352 tu
2927 1312 2985 1353 es
3009 1314 3131 1354 vera
3163 1315 3260 1368 pax
3289 1308 3492 1366 nostra,
3517 1307 3622 1354 etc.
3655 1298 3838 1354 Gratia

2251 1384 2346 1440 Dei
2395 1387 2589 1456 Patris,
2630 1401 2732 1444 etc.
2769 1389 2831 1444 Et
2868 1403 3042 1462 postea
3077 1393 3233 1447 dicat.
3279 1393 3514 1450 lntroibo
3551 1394 3616 1448 ad
3648 1395 3835 1450 Altare

2253 1477 2343 1536 Dei
2375 1483 2498 1547 mei,
2531 1491 2634 1536 etc.
2673 1483 2837 1553 Quare
2866 1501 3020 1555 supra
3048 1486 3142 1554 [οι.
3177 1483 3231 1538 4.

2320 1594 2538 1652 lutatio.
2587 1599 2812 1668 Dignum
2853 1611 2909 1654 et
2946 1600 3146 1668 justum
3195 1609 3323 1656 est:
3368 1614 3494 1655 vere
3535 1615 3733 1668 equum
3784 1609 3837 1655 et

2251 1690 2482 1746 salutare
2511 1706 2593 1747 est
2641 1711 2654 1748 :
2701 1693 2914 1750 Domini
2947 1697 3113 1749 nostri
3145 1693 3274 1750 Jesu
3301 1692 3502 1748 Christi
3547 1693 3836 1747 adventum

2176 1815 2225 1877 Β
2252 1783 2305 1838 in
2335 1784 2668 1841 mirabilibus
2696 1788 2979 1856 predicare
3005 1805 3017 1840 :
3043 1805 3201 1858 quem
3225 1789 3362 1842 inter
3377 1787 3634 1841 homines
3663 1788 3838 1840 nasci-

2257 1886 2432 1929 turum
2458 1879 2676 1933 celestis
2703 1882 2932 1935 nuncius
2955 1882 3250 1938 nunciavit.
3276 1881 3438 1951 Virgo
3465 1894 3676 1937 terrena
3707 1886 3834 1934 dum

2251 1969 2571 2025 salutaretur
2599 1972 2802 2027 audit-it
2835 1989 2847 2025 :
2881 1974 3114 2042 Spiritus
3138 1974 3368 2029 Sanctus
3392 1974 3445 2027 itt
3477 1985 3631 2028 utero
3663 1989 3675 2024 :
3709 1971 3834 2025 dum

2250 2063 2459 2118 veniret
2487 2065 2690 2118 creavit
2722 2083 2733 2117 :
2769 2079 2824 2119 ut
2866 2066 3118 2122 Cabriele
3150 2067 3436 2138 pollicente
3472 2085 3486 2121 :
3521 2065 3682 2120 Maria
3713 2079 3835 2119 cre-

2247 2155 2410 2210 dente
2443 2173 2454 2209 :
2491 2156 2584 2211 Dei
2628 2156 2794 2211 verbo
2836 2159 3043 2227 Spiritu
3084 2170 3412 2228 cooperante
3456 2177 3469 2211 :
3518 2164 3836 2224 sequeretur

2245 2247 2626 2304 salutationem
2677 2251 2990 2320 Angelicam
3039 2252 3301 2307 securitas
3351 2269 3364 2304 :
3421 2248 3831 2319 promissionem

2249 2342 2532 2407 pertinent
2564 2341 2760 2398 veritas
2793 2360 2808 2397 :
2837 2354 2898 2397 ut
2925 2343 3177 2398 altissimi
3208 2342 3564 2398 obumbrante
3591 2340 3787 2395 virtute
3815 2355 3833 2394 :

2246 2433 2275 2473 ιι
2301 2437 2587 2495 didicisset
2615 2453 2676 2496 se
2719 2453 2843 2496 esse
2869 2441 3093 2496 faciunda
3137 2439 3440 2513 virginitas.
3483 2439 3625 2494 Ecce
3654 2437 3834 2493 conci-

2247 2532 2360 2597 pies
2403 2533 2453 2585 in
2499 2541 2652 2586 utero
2681 2541 2736 2586 et
2768 2533 2942 2601 paries
2973 2533 3143 2588 ﬁlium
3178 2551 3194 2590 :
3228 2533 3460 2603 Angelus
3491 2531 3790 2600 predicavit
3818 2548 3829 2582 :

2239 2629 2298 2676 et
2325 2622 2594 2688 quomodo
2619 2623 2716 2680 ﬁet
2744 2625 2884 2681 istud
2916 2624 3079 2680 Maria
3107 2624 3411 2694 respondit.
3439 2624 3548 2680 Sed
3579 2625 3706 2693 quia
3738 2625 3832 2676 hec

2239 2712 2514 2769 credendo
2543 2731 2647 2769 non
2669 2715 2968 2773 dubitando
2988 2717 3272 2785 «respondit
3299 2735 3317 2773 θ
3341 2716 3579 2786 implevit
3599 2715 3831 2784 Spiritus

2236 2803 2473 2860 Sanctus
2499 2807 2642 2876 quod
2663 2809 2906 2876 Angelus
2934 2809 3239 2878 spopondit.
3279 2809 3434 2879 \‘irgo
3453 2819 3583 2864 ante
3602 2822 3833 2874 concep-

2244 2907 2352 2954 tum
2382 2918 2392 2951 :
2425 2899 2582 2969 Virgo
2598 2914 2814 2971 semper
2833 2901 3010 2958 futura
3031 2911 3158 2972 post
3177 2913 3406 2973 partem.
3441 2901 3456 2938 ί
3485 2902 3654 2957 Deum
3676 2916 3830 2956 suum

2735 2995 2934 3053 dehinc
2985 3005 3176 3053 ventre
3229 2997 3480 3065 concepit
3534 3013 3547 3047 :
3603 2995 3830 3049 salutem

2239 3085 2425 3140 mundi
2474 3088 2643 3156 prima
2694 3088 2954 3156 suscepit.
3004 3087 3163 3158 Virgo
3203 3089 3358 3157 plena
3397 3088 3568 3156 gratia
3611 3085 3706 3140 Dei
3738 3103 3753 3139 :
3781 3094 3835 3140 et

3160 3195 3319 3248 quem
3362 3179 3591 3234 adorant
3620 3177 3829 3247 Angeli.

2245 3265 2464 3322 Throni.
2499 3269 2922 3326 Dominationes.
2959 3273 3022 3326 Et
3053 3271 3354 3328 Potestatt-s
3385 3271 3455 3324 ita
3498 3270 3761 3328 dicentes.

2313 3358 2465 3414 Dicat
2487 3359 2715 3418 Chorus.
2759 3363 3008 3419 Sanctus.
3038 3362 3295 3422 Sanctus.
3331 3361 3583 3418 Sanctus.

2313 3452 2464 3508 Dicat
2493 3454 2674 3510 Preslt.

2312 3544 2440 3602 Post
2487 3545 2730 3602 Sanctus.
2788 3547 2926 3604 Vere
2980 3550 3206 3605 Sanctus
3261 3566 3276 3604 :
3337 3563 3460 3606 vere
3517 3548 3835 3605 benedictus

2243 3639 2501 3694 Dominus
2529 3651 2712 3696 noster
2744 3640 2900 3699 Jesus
2923 3642 3172 3698 Christus
3205 3641 3376 3697 Filius
3406 3651 3548 3696 tuus.
3577 3642 3678 3708 Qui
3709 3657 3835 3696 cum

2235 3731 2294 3786 in
2325 3712 2495 3786 for-tria
2521 3732 2615 3787 Dei
2643 3743 2789 3790 esset
2817 3750 2832 3788 :
2858 3735 3205 3804 semetipsum
3235 3735 3529 3791 exinanivit
3559 3753 3574 3788 :
3602 3737 3836 3790 formant

2241 3824 2513 3894 accipiens
2551 3827 2693 3881 servi
2730 3842 2744 3882 :
2788 3840 2910 3882 cum
2953 3827 3259 3884 incantatus
3305 3829 3360 3883 in
3405 3839 3558 3883 utero
3598 3826 3838 3896 Virginis

2243 3919 2581 3978 abscondens
2629 3919 2970 3976 Divinitatetn
3015 3935 3167 3974 suam
3211 3937 3224 3972 :
3266 3920 3503 3989 suscepit
3551 3919 3838 3973 inﬁrmita-

2241 4025 2352 4070 tem
2383 4024 2625 4069 nostram
2659 4031 2671 4068 :
2705 4015 2820 4084 ipse
2851 4013 3108 4068 Dominus
3138 4029 3201 4068 ac
3229 4013 3558 4083 Redemptor
3591 4026 3833 4068 eteruus.

2321 4105 2504 4162 Postea
2538 4107 2694 4164 dicat.
2735 4105 2940 4165 Adesto
2975 4106 3163 4162 adesto
3195 4104 3323 4161 .lesu
3369 4104 3526 4161 boue.
3575 4103 3645 4160 Ut
3679 4121 3839 4174 supra

2245 4200 2336 4269 fol.
2373 4200 2427 4254 5.

2321 4289 2517 4345 Deinde
2543 4293 2679 4346 dicat

2324 4384 2444 4439 Post
2492 4386 2677 4456 pridie.
2727 4383 2870 4440 Dens
2903 4384 3000 4455 qui
3043 4385 3120 4440 sic
3161 4383 3396 4440 dilexisti
3434 4383 3690 4440 mundum
3733 4403 3748 4440 :
3783 4392 3844 4439 ut

2251 4479 2440 4536 Filium
2477 4491 2624 4534 tttutn
2659 4480 2992 4550 unigenitum
3039 4481 3196 4534 dares
3231 4494 3330 4550 pro
3361 4480 3583 4536 mundo.
3616 4480 3694 4534 Tu
3739 4480 3843 4536 hec

2251 4575 2501 4630 libamina
2535 4575 2629 4628 tibi
2661 4574 3028 4630 benedicenda
3057 4579 3271 4629 assume
3303 4591 3320 4630 ς
3349 4585 3405 4630 et
3435 4575 3594 4629 nobis
3621 4584 3714 4630 tne
3748 4575 3843 4632 be-

2246 4667 2567 4722 nedictionis
2611 4666 2750 4722 dona
2791 4667 3007 4738 largire.
3063 4665 3127 4722 Ut
3173 4667 3264 4736 qui
3303 4669 3376 4722 ob
3407 4667 3721 4737 mysterium
3756 4668 3844 4724 ln-

2245 4762 2572 4816 carnationis
2601 4770 2691 4815 tue
2721 4762 2818 4815 hec
2844 4763 2939 4815 tibi
2964 4759 3225 4816 sacriﬁcia
3249 4761 3552 4815 veneranda
3579 4759 3799 4814 litamus
3824 4778 3842 4817 :

2245 4852 2435 4906 horum
2477 4851 2860 4907 sacriﬁciorum
2905 4850 3382 4922 propiciationibus
3428 4869 3438 4902 :
3481 4851 3547 4905 ab
3587 4852 3844 4907 omnibus

2244 4945 2564 5000 criminibus
2595 4944 2895 5014 eripietnur.
2943 4946 2979 5014 ἡ
3000 4984 3014 4999 .
3049 4945 3245 5000 Amen.

2316 5057 2467 5113 Dicat
2515 5057 2691 5114 Presb.
2727 5057 2804 5114 Te
2839 5068 3113 5129 prestante
3149 5058 3346 5114 Sancte
3383 5057 3526 5120 Dﬁe.
3564 5056 3631 5114 Ut
3670 5075 3842 5127 supra

2243 5152 2337 5222 fol.
2371 5149 2423 5204 5.
2477 5151 2634 5210 Diius
2653 5149 2727 5204 sit
2754 5166 2967 5221 semper
3007 5152 3303 5206 vobiscum.
3361 5151 3396 5218 ἡ
3420 5190 3434 5206 .
3489 5151 3551 5205 Et
3583 5151 3687 5222 ιθ
3712 5168 3842 5206 eum

2244 5242 2456 5312 Spiritu.
2499 5243 2648 5297 Sicut
2677 5243 2871 5298 dictum
2897 5251 2971 5299 est
3001 5255 3137 5299 retro
3165 5253 3214 5298 et
3248 5243 3421 5298 omits
3446 5244 3575 5298 alia.

2319 5358 2398 5411 Ad
2451 5358 2747 5413 Orationem
2807 5357 3151 5414 Dominicam.
3204 5359 3596 5414 Confortamini
3644 5373 3847 5414 manus

2319 5480 2344 5518 κ
2377 5470 2478 5538 Qui
2503 5472 2613 5524 sine
2637 5474 2890 5527 monibus.
2924 5472 3133 5527 Daniel.
3163 5487 3222 5539 tt,
3256 5471 3346 5526 55.

2289 5541 2346 5624 ,ιι
2377 5542 2671 5598 Didicisset.
2707 5544 2867 5611 Lege,
2906 5545 3122 5599 disceret
3166 5561 3221 5599 se
3247 5557 3355 5598 esse
3385 5543 3606 5615 fecunda
3663 5539 3844 5615 Virgi-

2247 5625 2398 5670 nitas.

2329 5685 2339 5723 ί
2374 5687 2541 5742 Deum
2570 5705 2743 5743 suum.
2777 5689 3007 5743 Sanctus
3039 5689 3147 5743 Leo
3178 5701 3349 5743 serm.
3381 5687 3473 5758 ευ,
3505 5687 3595 5758 qui
3627 5687 3843 5758 primus

2249 5769 2330 5814 est
2359 5761 2427 5817 de
2461 5760 2745 5816 Natis-hate
2778 5759 3012 5834 Domini,
3043 5759 3176 5816 edit.
3205 5761 3414 5845 Quesn.
