4040 6356
188 329 301 387 325

953 333 1243 391 MISSALE
1284 336 1551 393 ΜίΧΤυΜ
1595 337 1744 395 δερ.
1786 338 1950 397 REGI.
1996 343 2055 402 Β.
2097 346 2363 403 ISIDORI.
2397 378 2472 394 -ι
2509 350 2686 407 PARS
2726 352 2743 408 I

3360 360 3475 418 438

192 450 417 521 παῖδας
445 466 459 502 ;
487 449 811 506 roboralnini
838 454 1230 520 pusillanimes.
1254 456 1574 513 Hilarescite
1604 460 1801 514 :nolite
1827 460 1881 519 Δ
1906 462 2097 516 hmdis.
2129 466 2401 522 Attendite
2430 470 2493 522 ad
2526 486 2613 525 me
2642 474 2835 541 popule
2864 490 3013 528 tuens
3043 494 3056 530 :
3093 488 3145 529 et
3171 479 3339 533 trilms
3365 495 3479 536 mea

196 542 413 596 timere.
442 541 697 597 Extollite
721 543 784 597 ad
813 545 974 599 Deam
1003 562 1188 603 manus
1216 561 1418 606 vestras
1445 570 1458 604 :
1482 561 1539 606 et
1557 552 1788 608 excitate

194 634 385 688 corda.
440 636 571 701 Quia
625 650 749 691 ecce
790 636 901 707 jam
959 639 1011 692 in
1056 642 1304 708 proximo
1353 652 1436 698 est
1492 645 1787 712 redemptio

196 738 409 780 nosua.
442 725 607 794 Cujus
632 727 930 783 incarnatio
960 746 1058 784 nos
1092 733 1318 787 redemit
1354 751 1366 787 :
1400 734 1551 804 cojus
1576 750 1786 802 proces-

198 820 281 875 sio
319 821 613 874 nativitatis
654 821 976 877 llluminabit
1017 842 1032 879 :
1064 825 1322 895 cujusque
1354 830 1526 883 etiam
1568 844 1789 897 precep-

200 921 315 967 tum
350 927 446 966 nos
470 913 651 966 docuit
682 930 838 969 orare
862 930 1077 982 semper
1101 929 1155 971 et
1181 917 1383 974 dicere.
1420 920 1575 974 Pater
1605 932 1788 977 noster

201 1006 290 1077 qui
325 1023 384 1059 es
413 1008 463 1060 in
495 1009 644 1061 telis.
684 1007 863 1062 Totum
890 1011 1022 1063 sicut
1051 1013 1298 1078 scriptum
1326 1024 1399 1067 est
1429 1025 1561 1069 retro
1587 1014 1681 1084 fol.
1714 1032 1783 1071 vt.

280 1098 429 1153 Dicat
468 1098 641 1153 I’resb.
677 1104 866 1156 Sancta
901 1101 1111 1158 Sanctis
1139 1123 1151 1156 :
1177 1115 1230 1159 et
1258 1106 1563 1172 conjunctio
1593 1124 1783 1178 corpo-

203 1194 300 1245 ris.
343 1191 487 1245 Dicat
524 1190 704 1246 Presb.
741 1194 1025 1249 Iinmiliate
1059 1212 1149 1249 vos
1181 1197 1562 1254 benedictioni.

272 1282 593 1339 Benedictio.
644 1286 958 1356 Unigenitus
1004 1288 1173 1343 Filius
1210 1290 1305 1345 Dei
1349 1292 1441 1362 qui
1481 1294 1787 1350 incarnatus

207 1376 253 1429 in
300 1378 501 1430 mundo
546 1379 731 1433 oculos
771 1379 1093 1433 illuminavit.
1136 1396 1383 1441 cecorum
1422 1402 1435 1435 :
1474 1384 1590 1452 ip~e
1630 1386 1788 1453 spiri-

208 1470 402 1524 tualem
458 1471 510 1523 in
556 1472 813 1525 cordibus
868 1476 1064 1527 nostris
1116 1474 1382 1542 itttperliul
1434 1477 1788 1535 intellectum.

220 1562 289 1631 ἡ.
330 1567 516 1616 Amen.

273 1655 485 1723 Quique
530 1667 683 1711 natus
724 1658 789 1713 de
820 1657 1039 1728 Virgine
1085 1660 1392 1730 adimplevit
1428 1661 1595 1731 legem
1644 1664 1787 1718 :im-

216 1748 355 1816 pleat
382 1750 433 1801 in
460 1748 613 1802 nobis
639 1765 795 1804 omne
818 1751 1143 1820 prmniswm
1166 1752 1332 1819 graue
1356 1768 1467 1806 sue.
1502 1754 1538 1821 ti
1561 1793 1573 1807 .
1592 1754 1782 1809 Amen.

1854 602 1857 605 ,
1899 571 1984 609 me
2027 558 2223 613 audite.
2256 559 2387 626 Quia
2420 564 2501 615 lex
2532 578 2560 616 a
2602 579 2687 619 me
2716 568 2857 619 cxiet
2892 586 2903 619 :
2935 578 2988 621 et
3013 569 3272 637 judicium
3306 586 3480 627 meum

1896 646 1953 701 in
2002 648 2174 703 lucem
2228 654 2539 719 populorum
2584 657 2903 724 requiescet.
2962 660 3133 728 Prope
3180 672 3263 716 est
3304 662 3483 733 justus

1897 754 2049 793 meus
2084 759 2095 792 :
2132 758 2380 811 egressus
2407 755 2488 800 est
2514 746 2759 801 Salvator
2790 766 2941 803 meus
2975 769 2987 802 :
3018 764 3072 806 et
3101 752 3320 807 brachia
3354 772 3473 813 mea

1887 832 2121 899 Nudos
2147 832 2487 902 judicabant.
2522 838 2605 892 Me
2633 838 2805 893 insulc
2835 843 3192 907 expectabunt
3230 862 3242 895 :
3272 856 3326 898 et
3354 846 3479 901 bra.

1888 924 2073 979 citium
2116 941 2292 981 meum
2334 930 2691 984 sustinebunt.
2734 932 2936 987 Levate
2975 934 3027 987 in
3075 936 3247 988 celum
3294 939 3479 993 oculos

1894 1026 2142 1081 vestros;
2176 1030 2227 1072 et
2259 1020 2436 1074 videte
2474 1022 2575 1074 sub
2609 1031 2746 1077 terra
2776 1024 3051 1080 deorsum.
3083 1027 3214 1091 Quia
3256 1030 3359 1083 celi
3402 1031 3477 1083 si-

1895 1115 1986 1161 cut
2027 1107 2200 1162 fumus
2238 1109 2533 1179 liquescunt
2579 1129 2590 1163 :
2631 1124 2685 1166 et
2731 1122 2870 1168 terra
2916 1116 3053 1168 sicut
3099 1118 3473 1175 vestimentum

1892 1209 2154 1258 atteretur
2201 1221 2212 1256 :
2252 1215 2304 1258 et
2345 1204 2670 1261 habitatores
2699 1207 2817 1276 ejus
2850 1208 2982 1261 sicut
3020 1208 3118 1263 hec
3160 1210 3473 1267 interibunt.

1892 1294 2055 1351 Salus
2094 1304 2270 1349 autem
2309 1312 2424 1350 utea
2462 1298 2515 1350 in
2556 1299 2942 1364 sempiternum
2983 1299 3089 1354 erit
3125 1319 3135 1352 :
3170 1314 3221 1355 et
3260 1302 3472 1370 justicia

1884 1398 2010 1439 mea
2044 1400 2148 1438 non
2182 1385 2412 1440 deﬁciat.
2442 1387 2493 1453 ’πῆ
2516 1426 2529 1441 .
2564 1386 2756 1442 Arnen.

1970 1484 1993 1512 ε
2021 1474 2321 1530 Psallendo.
2355 1478 2587 1532 Ostende
2618 1478 2773 1534 nobis
2800 1479 3024 1535 Domine
3052 1482 3471 1539 misericordiam

1896 1578 2066 1625 tuam.
2105 1570 2174 1624 Et
2202 1571 2438 1625 salutare
2477 1583 2624 1625 tuum
2666 1573 2730 1626 da
2761 1574 2938 1629 nobis.
2983 1575 3058 1644 Ῠ.
3087 1575 3228 1630 Deus
3264 1586 3318 1629 tu
3349 1592 3475 1631 con-

1898 1680 2081 1720 versus
2118 1665 2405 1721 viviticabis
2447 1682 2545 1721 nos
2587 1682 2601 1721 :
2644 1678 2696 1722 et
2727 1667 2877 1736 plebs
2909 1677 2996 1723 tua
3027 1670 3277 1725 letabitur
3304 1672 3358 1725 in
3400 1682 3469 1727 te.

1898 1756 1963 1811 P.
1993 1758 2060 1812 Et
2088 1758 2341 1812 salutare.

276 1839 342 1894 Ut
392 1841 507 1910 ejus
551 1842 666 1897 sine
710 1843 1021 1896 confusione
1060 1845 1372 1899 mereamini
1420 1848 1662 1901 contueri
1712 1849 1784 1901 fa-
1814 1836 1862 1895 Β
1963 1847 2115 1901 Dicat
2148 1846 2330 1900 l'resb.
2362 1846 2643 1903 Silentium
2675 1849 2853 1905 facile.

210 1931 342 1983 cient

212 2030 467 2076 amanter.
519 2023 553 2091 ιῆ
577 2063 591 2076 .
626 2027 793 2078 Amen

286 2113 431 2168 Dicat
466 2114 646 2171 Prcsb.
687 2118 785 2171 Per
813 2119 1236 2174 misericordiam
1270 2120 1435 2188 ipsius
1468 2120 1561 2175 Dei
1597 2121 1786 2177 nostri.

219 2203 283 2257 Ut
313 2222 486 2275 supra.
524 2207 667 2259 Dicat
697 2206 916 2263 Chorus.
946 2210 1168 2265 Gustate
1196 2223 1249 2265 et
1283 2211 1475 2266 videte.
1516 2210 1579 2263 Et
1612 2212 1782 2264 omnia

217 2298 323 2349 alia
358 2314 451 2367 que
480 2310 755 2373 sequuntur
792 2310 843 2353 ut
874 2302 928 2356 in
968 2304 1134 2371 primo
1170 2302 1436 2357 Damt'nico
1476 2306 1540 2358 de
1570 2305 1787 2357 adventu

227 2386 404 2456 pLs.

309 2480 502 2534 Oratio.
552 2482 748 2537 llel'ecti
788 2484 973 2540 Christi
1014 2503 1259 2557 corpore.
1305 2486 1372 2541 Et
1418 2490 1555 2542 dicat
1596 2487 1780 2542 Presb.

223 2570 280 2624 In
328 2576 540 2628 nomine
585 2574 788 2629 Domini
842 2580 1003 2633 nostri
1043 2582 1169 2637 Jesu
1212 2582 1429 2636 Christi.
1468 2581 1661 2637 Votum
1695 2596 1789 2635 no-

218 2676 381 2717 atrum
407 2666 475 2719 sit
506 2680 777 2737 acceptum
807 2671 856 2723 in
886 2687 1031 2739 pace.
1074 2674 1110 2739 ri}
1133 2714 1145 2726 .
1180 2674 1289 2727 Deo
1316 2675 1529 2743 gratias.

337 2759 654 2817 DOMINICA
700 2764 948 2825 TERTIA
992 2768 1358 2825 ADVENTUS
1399 2767 1651 2824 DOMlNl.

649 2857 731 2909 Ad
765 2857 927 2911 Missa
950 2878 1001 2913 η.
1038 2872 1061 2896 ει
1098 2862 1347 2931 οθῑσὶωη.

286 2941 420 2999 Ecce
448 2946 771 3002 revelabitur
795 2950 963 3018 gloria
1000 2952 1209 3007 Domini
1227 2951 1254 2989 ι)
1280 2953 1527 3026 gentibus
1553 2950 1788 3025 allelqja.

219 3032 280 3088 Et
308 3036 505 3092 videbit
532 3042 709 3093 omnis
757 3056 884 3097 caro
924 3044 1158 3114 alleluja.
1192 3046 1345 3113 Quod
1377 3061 1438 3102 os
1471 3046 1675 3100 Domini
1708 3045 1789 3098 lo-

219 3138 388 3182 cutum
439 3140 522 3185 est
568 3133 782 3203 alleluja
833 3134 1069 3206 allelnja.
1118 3148 1138 3176 ε
1198 3140 1270 3208 ᾖ.
1327 3138 1461 3192 Deus
1514 3136 1791 3191 manifeste

226 3223 383 3276 veniet
434 3241 446 3277 :

230 3314 257 3383 ᾗ
284 3354 297 3365 .
325 3314 500 3371 Cloria
536 3331 588 3371 et
617 3318 789 3375 honor
818 3321 962 3376 Patri
994 3333 1045 3378 et
1080 3322 1217 3376 Filio
1254 3331 1307 3377 et
1344 3322 1557 3391 Spiritui
1592 3322 1789 3377 Sancto

222 3405 266 3456 in
294 3410 461 3461 secula
494 3412 800 3466 seculorum
835 3431 1013 3470 amen.
1041 3414 1107 3469 Ρ.
1143 3416 1293 3484 Quod
1325 3430 1385 3470 os

289 3500 477 3553 Oratio.
517 3503 657 3557 Deus
691 3506 782 3572 qui
817 3523 908 3574 per
941 3508 1226 3578 angelicas.
1261 3507 1328 3563 Ut
1356 3524 1515 3575 supra
1546 3510 1595 3562 in
1620 3511 1790 3578 prima

227 3593 389 3648 Missa.

387 3690 559 3744 Lectio
587 3692 703 3746 libri
733 3691 904 3763 Esaye
930 3692 1186 3762 Proyhete
1216 3697 1233 3766 (
1259 3694 1280 3731 ιι
1311 3694 1441 3761 Cap.
1474 3692 1547 3747 LI
1573 3708 1611 3761 ).

294 3780 390 3838 Aec
420 3783 543 3836 dicit
578 3784 851 3839 Dominus.
882 3786 1075 3841 Audite
1106 3803 1190 3842 Ine
1220 3788 1305 3857 qui
1338 3787 1619 3856 sequimini
1650 3787 1789 3856 quod

215 3882 416 3943 ,ηιςιυιιι
449 3886 525 3929 cst
555 3896 567 3929 :
598 3889 650 3932 et
681 3881 905 3948 queritis
937 3883 1243 3935 Dominum.
1289 3884 1559 3936 Attendite
1592 3883 1656 3936 ad
1700 3898 1790 3949 pe-

222 3974 354 4018 tram
384 3986 397 4020 :
436 3971 569 4024 unde
592 3972 756 4026 excisi
783 3974 914 4027 estis
939 3990 953 4030 :
979 3984 1029 4027 et
1059 3975 1124 4028 ad
1155 3990 1436 4029 cavernam
1467 3974 1568 4027 laci
1596 3975 1660 4029 de
1687 3990 1788 4044 qua

207 4058 404 4129 precisi
429 4060 577 4114 estis.
601 4064 875 4118 Attendite
898 4066 963 4119 ad
992 4067 1256 4120 Abrabnn
1283 4080 1486 4137 patrem
1512 4078 1745 4121 vestrum
1773 4084 1786 4122 :

216 4159 262 4203 et
290 4151 353 4205 ad
398 4154 617 4208 Sarram
656 4170 761 4223 que
798 4160 1004 4225 peperit
1047 4173 1139 4210 vos
1180 4176 1192 4209 :
1243 4159 1363 4226 quia
1406 4175 1566 4213 unum
1612 4160 1788 4212 \ocavi

216 4257 324 4295 eum
360 4263 374 4297 :
408 4254 465 4298 et
508 4246 757 4300 benedixi
792 4263 913 4300 eum
955 4267 968 4302 :
1005 4258 1056 4301 et
1097 4250 1441 4318 multiplicavi
1475 4266 1617 4304 eum.
1652 4250 1791 4304 Con-

216 4337 467 4391 solahitur
498 4354 629 4407 ergo
670 4338 928 4393 Dominus
969 4340 1113 4410 Syon
1150 4359 1164 4395 ε
1198 4342 1563 4395 consolahitur
1605 4356 1791 4397 omnes

215 4429 383 4484 ruinas
414 4432 557 4499 ejus.
594 4431 657 4485 Et
690 4442 849 4500 ponet
889 4433 1159 4488 desertum
1192 4434 1307 4502 ejus
1336 4435 1485 4503 quasi
1520 4434 1735 4489 delicias
1774 4450 1788 4485 :

396 1948 411 1987 :
466 1932 617 2000 cujus
667 1933 1049 1989 lncarnationis
1092 1936 1464 1992 solemnitatem
1510 1937 1792 1994 celebratis

1972 1936 2248 2006 Sequenda
2272 1934 2527 2005 Epistula:
2556 1936 2714 1992 Pauli
2742 1938 2976 2006 Apostoli
3001 1941 3068 1995 ad
3100 1940 3359 1994 Romanos

2477 2037 2493 2094 (
2524 2028 2542 2068 ί
2573 2030 2701 2100 Cap.
2733 2029 2879 2101 XI).

1977 2124 2015 2191 ἡ
2035 2164 2051 2179 .
2085 2103 2197 2178 Dico
2224 2125 2441 2191 gratias.

1966 2216 2182 2270 Fratres
2213 2218 2335 2269 nolo
2368 2232 2457 2269 vos
2491 2217 2738 2286 ignorare
2767 2218 3081 2287 mysterium
3110 2217 3210 2272 hoc
3241 2234 3258 2271 :
3291 2228 3475 2273 utnon

1892 2308 2008 2362 sitis
2036 2308 2183 2361 vobis
2210 2310 2337 2375 ipsis
2362 2307 2631 2375 sapientes
2665 2325 2677 2361 :
2707 2310 2832 2376 quia
2858 2310 3055 2363 cecitas
3083 2326 3145 2363 ex
3177 2320 3325 2377 parte
3347 2324 3479 2363 con-

1894 2401 2009 2471 tigit
2036 2401 2086 2453 in
2117 2398 2282 2454 Israel
2318 2415 2330 2451 :
2366 2398 2540 2453 donec
2572 2398 2847 2467 plenitudo
2870 2402 3108 2469 gentium
3137 2401 3357 2454 intraret
3386 2408 3479 2455 :et

1893 2490 1970 2546 sic
2013 2492 2188 2545 omnis
2239 2490 2394 2543 Israel
2444 2489 2622 2545 salvus
2666 2488 2840 2544 lieret.
2883 2492 3029 2544 Sicut
3068 2491 3325 2558 scriptum
3368 2500 3472 2544 est.

1895 2583 2087 2637 Veniet
2116 2597 2177 2637 ex
2213 2584 2354 2651 Syon
2387 2582 2474 2651 qui
2509 2580 2699 2649 eripiat
2725 2591 2777 2638 et
2808 2592 3016 2636 avertat
3044 2582 3374 2649 impietatem
3407 2585 3475 2637 ab

1892 2674 2055 2729 Jacub
2091 2691 2102 2725 :
2138 2681 2191 2727 et
2224 2674 2324 2726 hoc
2352 2672 2461 2726 illis
2496 2688 2524 2725 a
2572 2688 2657 2726 me
2691 2681 3064 2728 testamentum
3098 2690 3111 2727 :
3145 2688 3265 2727 cum
3297 2674 3477 2728 abstu-

1895 2767 2005 2821 lero
2051 2776 2266 2833 jeccata
2307 2780 2513 2819 eorum.
2548 2764 2851 2820 Secundum
2894 2764 3228 2833 evangelium
3260 2764 3471 2833 quidem

1894 2859 2093 2913 inimiii
2130 2871 2349 2929 propter
2393 2874 2486 2913 vos
2532 2876 2544 2911 :
2588 2860 2881 2913 secundum
2926 2859 3245 2913 electionem
3298 2866 3475 2913 autent

1895 2951 2194 3005 charissimi
2231 2958 2446 3020 propter
2476 2962 2669 3018 intres.
2703 2949 2828 3005 Sine
2860 2949 3149 3018 penitentia
3183 2950 3324 3002 enim
3351 2958 3478 3005 sunt

1894 3043 2029 3097 dona
2073 3050 2128 3097 et
2166 3042 2378 3095 vocatio
2421 3042 2536 3097 Dei.
2586 3042 2735 3096 Sicut
2780 3041 2920 3096 enim
2968 3039 3253 3109 aliquando
3293 3050 3345 3094 et
3383 3054 3476 3095 vos

1897 3150 1998 3189 non
2049 3135 2351 3189 credidistis
2407 3134 2515 3189 Deo
2569 3152 2580 3186 :
2636 3148 2775 3188 nunc
2823 3142 3000 3188 autem
3050 3134 3470 3188 misericordiam

502 3223 646 3280 Deus
692 3236 876 3281 noster
921 3203 1121 3284 (ξι-ηοω
1164 3203 1357 3285 silebit.
1407 3228 1471 3283 Ρ.
1516 3228 1665 3295 Quod
1706 3242 1786 3283 os.
1820 3203 1866 3264 ο
1895 3227 2165 3282 consecuti
2207 3229 2339 3280 estis
2384 3234 2598 3294 propter
2642 3225 2853 3278 illorum
2900 3226 3368 3279 incredulitatem:
3403 3226 3473 3279 ita

1893 3333 1949 3378 et
1988 3320 2074 3375 isti
2106 3336 2244 3375 nunc
2276 3336 2381 3374 non
2414 3320 2755 3374 crediderunt
2797 3319 2849 3373 in
2894 3331 3126 3375 vestram
3174 3322 3477 3375 misericor-

1892 3416 2032 3472 diam
2069 3434 2081 3468 ι
2127 3424 2184 3467 ut
2214 3426 2264 3468 et
2297 3415 2395 3481 ipsi
2428 3414 2850 3469 misericordiam
2881 3426 3299 3486 consequantur.
3330 3419 3474 3473 Con-

1890 3511 2047 3566 clusit
2094 3513 2235 3565 enim
2272 3511 2409 3566 Dens
2457 3512 2633 3565 omnia
2676 3512 3092 3567 incredulitate:
3135 3524 3191 3568 ut
3229 3516 3475 3569 omnibus

1892 3603 2236 3657 misereatur.
2266 3605 2308 3658 0
2334 3604 2558 3657 altitudo
2593 3604 2899 3659 divitiarum
2928 3605 3189 3673 sapientic
3217 3617 3267 3659 et
3296 3608 3473 3661 scicn-

1895 3697 1961 3749 tie
1996 3697 2089 3751 Dei
2124 3716 2135 3749 :
2168 3712 2322 3765 quam
2354 3697 2914 3766 incomprehensibilia
2943 3708 3065 3751 sunt
3087 3698 3287 3767 judicia
3320 3700 3473 3767 ejus:

1892 3801 1946 3847 et
1971 3793 2369 3862 investigabiles
2392 3793 2476 3846 vie
2500 3793 2640 3861 ejus.
2668 3791 2796 3857 Quis
2822 3792 2962 3845 enim
2986 3794 3236 3860 Cognovit
3256 3808 3471 3845 sensum

1893 3884 2099 3939 Domini
2144 3902 2156 3936 :
2203 3892 2295 3936 aut
2339 3883 2457 3951 quis
2497 3882 2836 3936 consiliarius
2881 3881 2998 3947 ejus
3038 3880 3173 3932 fuit?
3204 3883 3307 3934 Aut
3355 3880 3474 3948 quis

1892 3973 2036 4043 prior
2055 3973 2203 4027 dedit
2226 3971 2328 4026 illis
2355 3987 2372 4027 :
2396 3983 2447 4025 et
2474 3970 2796 4024 retribttetur
2817 3969 2865 4023 ei
2890 3969 2910 4022 ?
2933 3970 3194 4033 Quoniam
3220 3984 3280 4022 ex
3309 3970 3426 4039 ipso
3456 3987 3469 4021 :

1891 4076 1946 4120 et
1976 4080 2069 4133 per
2098 4066 2270 4133 ipsum
2304 4082 2317 4117 :
2345 4072 2401 4118 et
2430 4065 2481 4117 in
2512 4064 2627 4133 ipso
2644 4069 2775 4117 sunt
2805 4062 3002 4116 omnia.
3029 4058 3133 4131 Ipsi
3164 4062 3332 4131 gloria
3365 4071 3389 4109 ε
3420 4063 3473 4117 in

1893 4160 2068 4213 secula
2100 4158 2420 4213 seculorum.

1980 4251 2015 4317 ιῆ
2039 4291 2051 4303 .
2088 4253 2277 4305 Amen.

2027 4344 2196 4399 Lectio
2230 4346 2413 4400 Sancti
2444 4343 2711 4416 Evangelii
2742 4345 3023 4399 secundum
3059 4342 3345 4399 Mattheum

2462 4433 2904 4524 (δρωμχχίλ

213 4532 255 4572 et
292 4522 639 4577 soiitudinem
679 4525 796 4593 ejus
834 4528 989 4594 quasi
1029 4540 1205 4581 ortum
1253 4527 1485 4582 Domini.
1522 4526 1781 4583 Gaudium
1810 4562 1866 4629 υ
1962 4528 2055 4582 1110
2087 4529 2135 4581 in
2168 4540 2427 4597 tempore.
2466 4529 2723 4581 Dominus
2754 4522 2935 4581 noster
2969 4530 3064 4600 11
3116 4528 3272 4584 Jesns
3322 4526 3473 4583 Chri-

212 4621 260 4665 et
283 4616 454 4669 let.cia
489 4617 798 4670 invenietur
833 4619 882 4670 in
915 4634 978 4672 eo
1014 4636 1025 4670 :
1059 4622 1347 4689 gratiarum
1376 4624 1515 4676 actfo
1550 4638 1561 4674 :
1598 4628 1653 4677 et
1684 4638 1784 4677 vos

280 4760 299 4784 ι
326 4752 588 4819 Oﬁciamt.
622 4753 771 4805 lsaite
805 4769 890 4817 ιι,
920 4754 972 4809 5.

275 4821 295 4857 ι’
324 4820 598 4899 Gentibus.
633 4825 687 4878 ln
722 4824 961 4895 Vulgata,
1011 4825 1175 4894 LXX,
1212 4827 1333 4899 Syr.
1368 4839 1423 4884 et
1462 4827 1742 4885 Chaldaict
1768 4870 1786 4897 ,

213 4907 301 4943 non
336 4895 556 4961 legitur.

277 4977 293 5001 ε
331 4965 405 5032 ᾗ.
437 4966 585 5018 l’sal.
618 4981 768 5029 χιιι,
802 4967 833 5017 5

270 5034 296 5072 ⁴
323 5036 451 5102 Cap.
497 5034 597 5089 LI.
635 5037 782 5089 \‘ers.
821 5038 931 5093 1-5.

271 5115 293 5140 ε
324 5106 636 5161 Psallendo.
673 5109 757 5180 l's.
814 5126 1029 5173 Lxxxw,
1060 5111 1114 5163 8.
1148 5112 1279 5166 Vide
1323 5128 1439 5180 quae
1465 5114 1528 5164 ad
1573 5113 1784 5169 lattdam

208 5187 373 5231 mula
402 5190 541 5248 sunt
565 5195 684 5248 pag.
715 5179 770 5231 ‘2.

275 5248 291 5285 ί
322 5248 451 5323 cap.
492 5247 603 5323 Xt.
657 5249 806 5303 Vers.
839 5249 1031 5304 “23-38.
1081 5253 1203 5307 Haec
1231 5255 1418 5308 eadem
1452 5256 1679 5323 cpistola
1713 5258 1787 5309 le-

206 5320 331 5385 gitur
359 5321 647 5374 Dominica
678 5323 836 5376 tertia
885 5323 1159 5377 Adventus
1190 5327 1241 5379 in
1287 5320 1547 5382 hodierno
1585 5328 1787 5381 Missstli

205 5392 580 5445 Ambrosiaun.
1350 5446 1353 5449 η

273 5474 295 5503 ις
321 5462 383 5515 In
409 5464 596 5536 secuta
625 5463 939 5536 secutorum.
993 5465 1064 5518 lta
1098 5466 1349 5536 Syriaca;
1394 5466 1523 5521 illud
1572 5472 1785 5521 accido-

202 5548 305 5586 rttut
331 5550 437 5589 nte
486 5535 541 5585 in
584 5544 727 5587 textu
770 5535 989 5601 Graeco,
1040 5535 1151 5591 nec
1180 5540 1229 5592 in
1271 5539 1493 5609 Vulgata
1541 5540 1787 5595 versione

204 5610 503 5673 apponitur.
998 5610 1021 5623 ⁶

257 5676 291 5713 ἀ
316 5678 453 5745 Cap.
487 5676 651 5731 XXI.
685 5676 839 5731 Vers.
878 5679 1028 5734 l—l'i.
1067 5680 1342 5735 Dominica
1369 5687 1521 5736 tertia
1574 5683 1785 5735 Adven-

204 5756 280 5802 tus
306 5764 409 5801 ritu
442 5750 783 5801 Mazarahico
810 5758 865 5802 et
892 5752 1249 5806 Ambrosiam)
1275 5756 1413 5807 cadit
1454 5755 1506 5807 ian
1542 5754 1781 5807 Domini-

200 5834 308 5879 τίω
338 5831 591 5892 quartam
621 5830 746 5876 ante
790 5821 978 5879 Natale
1008 5822 1241 5895 Domini,
1295 5828 1412 5887 sive
1457 5827 1509 5881 itt
1540 5824 1784 5885 Domini-

1888 4631 2004 4675 ειυς
2035 4636 2153 4675 tum
2187 4621 2420 4674 venisset
2453 4619 2719 4688 Betphage
2747 4620 2813 4674 ad
2838 4631 3072 4673 montem
3100 4621 3293 4675 Oliveti
3324 4637 3338 4673 :
3375 4622 3475 4673 mi-

1888 4772 2004 4811 cam
2036 4754 2260 4824 primam
2293 4753 2592 4815 Adventus,
2623 4769 2727 4821 qua
2758 4753 2946 4807 Roma:
2969 4762 3023 4807 et
3054 4755 3105 4807 in
3142 4754 3259 4807 aliis
3295 4753 3475 4824 heale-

1886 4830 1993 4881 siis
2012 4822 2133 4879 olim
2170 4824 2453 4894 legebatur
2480 4825 2820 4891 Evaugo-linm
2852 4824 3084 4878 Matthari
3114 4840 3237 4892 cap.
3266 4838 3381 4883 nt,
3405 4822 3473 4876 de

1894 4899 2134 4966 ingressu
2168 4893 2396 4948 solemni
2425 4893 2622 4947 (Σιιιὶμιί
2660 4893 2866 4948 Domitii
2902 4897 2953 4947 in
2988 4895 3172 4948 urbem
3200 4895 3474 4966 illieroso-

1891 4963 2224 5037 lymitanatn,
2260 4966 2473 5018 obviam
2505 4975 2670 5037 eunte
2708 4968 3043 5037 p0pl||t)_L_'tltlt
3080 4964 3241 5037 ruens
3272 4963 3473 5037 palma-

1886 5032 2029 5101 r'mn,
2062 5034 2328 5090 ctfestivo
2358 5037 2591 5089 clamore
2628 5032 2873 5087 ﬂosamm
2911 5034 2952 5068 ν
2973 5052 3043 5088 .ιο
3074 5032 3257 5095 Dauid,
3288 5044 3345 5085 ttt
3376 5032 3466 5085 lla-

1886 5109 2017 5163 licnt
2076 5120 2183 5161 tam
2247 5107 2623 5161 Kalendarium
2683 5108 2993 5166 Frontonis,
3054 5113 3104 5156 et
3161 5102 3473 5171 Capitulare

1888 5179 2297 5248 Evangeliormn
2332 5195 2436 5231 em.
2476 5178 2773 5241 Tliomasii,
2804 5178 2995 5248 quibus
3027 5182 3254 5243 quatuor
3289 5176 3468 5228 Domi-

1888 5252 2020 5304 nic1e
2047 5245 2185 5303 ante
2230 5248 2416 5301 Natale
2456 5248 2691 5311 Domini,
2724 5260 2851 5315 quot
2901 5245 3061 5297 habet
3098 5249 3472 5315 Sacramenta-

1888 5325 2024 5376 rium
2044 5320 2428 5388 Gregorianum
2450 5364 2465 5386 ,
2498 5314 2868 5383 numerantur,
2916 5330 3072 5388 qua_t_n
3102 5314 3468 5369 Homiliarium

1888 5384 2175 5460 Augieuse;
2209 5394 2348 5453 apud
2393 5384 2957 5460 Mzibillonium,_tm_n.
2992 5384 3244 5460 IVAnal.
3272 5399 3468 5460 vetem,

1888 5456 2008 5532 pag.
2056 5456 2190 5527 631';
2234 5460 2614 5515 Ka'cndarium
2672 5456 2809 5532 apud
2863 5457 3213 5532 Martenium,‘
3266 5467 3395 5532 tom.
3432 5458 3467 5509 V

1890 5528 2212 5587 'An'ecdotor.
2249 5548 2459 5592 novor.,
2495 5545 2614 5597 pag.
2646 5528 2736 5591 (53,
2765 5537 2819 5581 et
2861 5529 2996 5582 liber
3025 5528 3247 5583 Comitis
3280 5528 3468 5581 Datne-

1887 5607 1965 5670 lii,
1999 5608 2239 5672 aquibus
2271 5604 2501 5669 quinque
2532 5609 2879 5672 recensentur
2902 5599 3195 5652 Dominiem
3222 5610 3345 5672 ante
3368 5597 3470 5651 Na-

1888 5676 1993 5728 tale
2018 5670 2243 5727 Domini.
2268 5673 2588 5725 Hodiernum
2622 5672 2833 5725 Missale
2854 5671 3262 5724 Ambrosianum
3292 5670 3468 5720 Donni-

1887 5748 2005 5800 niea
2035 5746 2295 5813 sequenti,
2330 5755 2531 5813 quarta
2554 5743 2657 5795 illis
2687 5744 2986 5805 Adventus,
3021 5743 3185 5813 habet
3214 5740 3465 5813 Evange-

1887 5818 2014 5876 ltum
2037 5810 2379 5889 de’itigressu
2404 5811 2609 5872 Christi
2636 5813 3086 5899 uierosolytnaut.
3120 5810 3462 5903 hlicrologus,
