  <div class='ocr_page' id='page_1' title='image "/cluster/home/n/w/nwhite01/storage/ocr_20150623/85/hvd.32044015469455/069.png"; bbox 0 0 4040 6356; ppageno 0'>
   <div class='ocr_carea' id='block_1_1' title="bbox 551 314 732 411">
    <p class='ocr_par' dir='ltr' id='par_1_1' title="bbox 551 314 732 411">
     <span class='ocr_line' id='line_1_1' title="bbox 551 314 732 411; baseline -0.011 -38"><span class='ocrx_word' id='word_1_1' title='bbox 551 314 732 411; x_wconf 72' lang='grc' dir='ltr'><strong>127Ι</strong></span> 
     </span>
    </p>
   </div>
   <div class='ocr_carea' id='block_1_2' title="bbox 1258 300 3092 370">
    <p class='ocr_par' dir='ltr' id='par_1_2' title="bbox 1258 300 3092 370">
     <span class='ocr_line' id='line_1_2' title="bbox 1258 300 3092 370; baseline -0.001 -2"><span class='ocrx_word' id='word_1_2' title='bbox 1258 308 1575 370; x_wconf 76' lang='lat' dir='ltr'><strong>“MISSALE</strong></span> <span class='ocrx_word' id='word_1_3' title='bbox 1617 309 1885 366; x_wconf 72' lang='lat' dir='ltr'><strong>MIXTDM</strong></span> <span class='ocrx_word' id='word_1_4' title='bbox 1926 308 2075 365; x_wconf 80' lang='lat' dir='ltr'><strong>SEC.</strong></span> <span class='ocrx_word' id='word_1_5' title='bbox 2116 306 2275 364; x_wconf 76' lang='lat' dir='ltr'><strong>RBG.</strong></span> <span class='ocrx_word' id='word_1_6' title='bbox 2322 306 2381 362; x_wconf 78' lang='grc' dir='ltr'><strong>Β.</strong></span> <span class='ocrx_word' id='word_1_7' title='bbox 2425 306 2692 364; x_wconf 67' lang='lat' dir='ltr'><strong>lSlDOl‘tl.</strong></span> <span class='ocrx_word' id='word_1_8' title='bbox 2736 339 2803 350; x_wconf 96' lang='lat'><strong>—</strong></span> <span class='ocrx_word' id='word_1_9' title='bbox 2847 300 3033 368; x_wconf 22' lang='lat' dir='ltr'><strong>PARS.</strong></span> <span class='ocrx_word' id='word_1_10' title='bbox 3054 312 3092 367; x_wconf 90' lang='grc' dir='ltr'><strong>Ι.</strong></span> 
     </span>
    </p>
   </div>
   <div class='ocr_carea' id='block_1_3' title="bbox 3740 317 3849 376">
    <p class='ocr_par' dir='ltr' id='par_1_3' title="bbox 3740 317 3849 376">
     <span class='ocr_line' id='line_1_3' title="bbox 3740 317 3849 376; baseline 0.018 -1"><span class='ocrx_word' id='word_1_11' title='bbox 3740 317 3849 376; x_wconf 64' lang='grc' dir='ltr'><strong>ιεδ</strong></span> 
     </span>
    </p>
   </div>
   <div class='ocr_carea' id='block_1_4' title="bbox 550 401 3847 502">
    <p class='ocr_par' dir='ltr' id='par_1_4' title="bbox 550 401 3847 502">
     <span class='ocr_line' id='line_1_4' title="bbox 550 401 3847 502; baseline 0.002 -17"><span class='ocrx_word' id='word_1_12' title='bbox 550 429 621 486; x_wconf 88' lang='lat' dir='ltr'><strong>sit</strong></span> <span class='ocrx_word' id='word_1_13' title='bbox 643 401 780 486; x_wconf 84' lang='lat' dir='ltr'><strong>auos</strong></span> <span class='ocrx_word' id='word_1_14' title='bbox 807 427 1100 501; x_wconf 75' lang='lat' dir='ltr'><strong>discipulos</strong></span> <span class='ocrx_word' id='word_1_15' title='bbox 1125 428 1310 485; x_wconf 90' lang='lat' dir='ltr'><strong>dicens</strong></span> <span class='ocrx_word' id='word_1_16' title='bbox 1333 401 1443 500; x_wconf 61' lang='lat' dir='ltr'><strong>eis:</strong></span> <span class='ocrx_word' id='word_1_17' title='bbox 1466 427 1544 483; x_wconf 90' lang='lat' dir='ltr'><strong>lte</strong></span> <span class='ocrx_word' id='word_1_18' title='bbox 1575 428 1629 482; x_wconf 84' lang='lat' dir='ltr'><strong>in</strong></span> <span class='ocrx_word' id='word_1_19' title='bbox 1659 426 1940 483; x_wconf 86' lang='lat' dir='ltr'><strong>castellum</strong></span> <span class='ocrx_word' id='word_1_20' title='bbox 1985 425 2129 496; x_wconf 83' lang='lat' dir='ltr'><strong>quod</strong></span> <span class='ocrx_word' id='word_1_21' title='bbox 2157 428 2208 487; x_wconf 78' lang='grc' dir='ltr'>Α</span> <span class='ocrx_word' id='word_1_22' title='bbox 2235 423 2502 493; x_wconf 81' lang='lat' dir='ltr'><strong>quomodo</strong></span> <span class='ocrx_word' id='word_1_23' title='bbox 2530 422 2707 494; x_wconf 80' lang='lat' dir='ltr'><strong>potest</strong></span> <span class='ocrx_word' id='word_1_24' title='bbox 2729 440 2918 481; x_wconf 87' lang='lat' dir='ltr'><strong>servus</strong></span> <span class='ocrx_word' id='word_1_25' title='bbox 2966 429 3176 484; x_wconf 84' lang='lat' dir='ltr'><strong>Domini</strong></span> <span class='ocrx_word' id='word_1_26' title='bbox 3227 428 3373 502; x_wconf 76' lang='lat' dir='ltr'><strong>loqui</strong></span> <span class='ocrx_word' id='word_1_27' title='bbox 3420 447 3541 489; x_wconf 89' lang='lat' dir='ltr'><strong>cum</strong></span> <span class='ocrx_word' id='word_1_28' title='bbox 3591 433 3847 492; x_wconf 82' lang='lat' dir='ltr'><strong>Domino</strong></span> 
     </span>
    </p>
   </div>
   <div class='ocr_carea' id='block_1_5' title="bbox 549 520 2126 589">
    <p class='ocr_par' dir='ltr' id='par_1_5' title="bbox 549 520 2126 589">
     <span class='ocr_line' id='line_1_5' title="bbox 549 520 2126 589; baseline -0.004 -10"><span class='ocrx_word' id='word_1_29' title='bbox 549 531 735 585; x_wconf 78' lang='lat' dir='ltr'><strong>contra</strong></span> <span class='ocrx_word' id='word_1_30' title='bbox 756 539 851 580; x_wconf 90' lang='lat' dir='ltr'><strong>vos</strong></span> <span class='ocrx_word' id='word_1_31' title='bbox 871 534 952 579; x_wconf 89' lang='lat' dir='ltr'><strong>est</strong></span> <span class='ocrx_word' id='word_1_32' title='bbox 976 540 988 577; x_wconf 93' lang='lat'><strong>:</strong></span> <span class='ocrx_word' id='word_1_33' title='bbox 1015 532 1068 579; x_wconf 90' lang='lat' dir='ltr'><strong>et</strong></span> <span class='ocrx_word' id='word_1_34' title='bbox 1087 520 1265 579; x_wconf 84' lang='lat' dir='ltr'><strong>statim</strong></span> <span class='ocrx_word' id='word_1_35' title='bbox 1289 520 1573 577; x_wconf 78' lang='lat' dir='ltr'><strong>invenietis</strong></span> <span class='ocrx_word' id='word_1_36' title='bbox 1594 521 1799 575; x_wconf 89' lang='lat' dir='ltr'><strong>asinam</strong></span> <span class='ocrx_word' id='word_1_37' title='bbox 1823 520 2090 589; x_wconf 79' lang='lat' dir='ltr'><strong>alligatam</strong></span> <span class='ocrx_word' id='word_1_38' title='bbox 2113 536 2126 572; x_wconf 91' lang='lat'><strong>:</strong></span> 
     </span>
    </p>
   </div>
   <div class='ocr_carea' id='block_1_6' title="bbox 549 615 2134 690">
    <p class='ocr_par' dir='ltr' id='par_1_6' title="bbox 549 615 2134 690">
     <span class='ocr_line' id='line_1_6' title="bbox 549 615 2134 690; baseline -0.004 -14"><span class='ocrx_word' id='word_1_39' title='bbox 549 628 604 676; x_wconf 90' lang='lat' dir='ltr'><strong>et</strong></span> <span class='ocrx_word' id='word_1_40' title='bbox 642 619 841 690; x_wconf 87' lang='lat' dir='ltr'><strong>pullum</strong></span> <span class='ocrx_word' id='word_1_41' title='bbox 880 634 999 675; x_wconf 89' lang='lat' dir='ltr'><strong>cum</strong></span> <span class='ocrx_word' id='word_1_42' title='bbox 1029 634 1120 683; x_wconf 90' lang='lat' dir='ltr'><strong>ea;</strong></span> <span class='ocrx_word' id='word_1_43' title='bbox 1164 616 1358 672; x_wconf 84' lang='lat' dir='ltr'><strong>solvite</strong></span> <span class='ocrx_word' id='word_1_44' title='bbox 1403 626 1457 671; x_wconf 91' lang='lat' dir='ltr'><strong>et</strong></span> <span class='ocrx_word' id='word_1_45' title='bbox 1487 616 1737 671; x_wconf 82' lang='lat' dir='ltr'><strong>adducite</strong></span> <span class='ocrx_word' id='word_1_46' title='bbox 1782 616 1932 669; x_wconf 91' lang='lat' dir='ltr'><strong>mihi.</strong></span> <span class='ocrx_word' id='word_1_47' title='bbox 1966 616 2031 670; x_wconf 88' lang='lat' dir='ltr'><strong>Et</strong></span> <span class='ocrx_word' id='word_1_48' title='bbox 2059 615 2134 670; x_wconf 87' lang='lat' dir='ltr'><strong>si-</strong></span> 
     </span>
    </p>
   </div>
   <div class='ocr_carea' id='block_1_7' title="bbox 550 708 2131 787">
    <p class='ocr_par' dir='ltr' id='par_1_7' title="bbox 550 708 2131 787">
     <span class='ocr_line' id='line_1_7' title="bbox 550 708 2131 787; baseline -0.004 -16"><span class='ocrx_word' id='word_1_49' title='bbox 550 714 673 787; x_wconf 85' lang='lat' dir='ltr'><strong>quis</strong></span> <span class='ocrx_word' id='word_1_50' title='bbox 710 714 860 769; x_wconf 86' lang='lat' dir='ltr'><strong>vobis</strong></span> <span class='ocrx_word' id='word_1_51' title='bbox 898 712 1096 783; x_wconf 85' lang='lat' dir='ltr'><strong>aliquid</strong></span> <span class='ocrx_word' id='word_1_52' title='bbox 1133 711 1329 766; x_wconf 75' lang='lat' dir='ltr'><strong>dixerit</strong></span> <span class='ocrx_word' id='word_1_53' title='bbox 1359 728 1376 767; x_wconf 88' lang='lat'><strong>:</strong></span> <span class='ocrx_word' id='word_1_54' title='bbox 1407 711 1570 766; x_wconf 88' lang='lat' dir='ltr'><strong>dicite</strong></span> <span class='ocrx_word' id='word_1_55' title='bbox 1602 712 1722 780; x_wconf 83' lang='lat' dir='ltr'><strong>quia</strong></span> <span class='ocrx_word' id='word_1_56' title='bbox 1756 710 2016 767; x_wconf 81' lang='lat' dir='ltr'><strong>Dominus</strong></span> <span class='ocrx_word' id='word_1_57' title='bbox 2048 708 2131 765; x_wconf 88' lang='lat' dir='ltr'><strong>his</strong></span> 
     </span>
    </p>
   </div>
   <div class='ocr_carea' id='block_1_8' title="bbox 550 802 2129 883">
    <p class='ocr_par' dir='ltr' id='par_1_8' title="bbox 550 802 2129 883">
     <span class='ocr_line' id='line_1_8' title="bbox 550 802 2129 883; baseline -0.003 -16"><span class='ocrx_word' id='word_1_58' title='bbox 550 802 686 880; x_wconf 81' lang='lat' dir='ltr'><strong>opus</strong></span> <span class='ocrx_word' id='word_1_59' title='bbox 715 810 892 866; x_wconf 83' lang='lat' dir='ltr'><strong>habet.</strong></span> <span class='ocrx_word' id='word_1_60' title='bbox 926 809 991 864; x_wconf 86' lang='lat' dir='ltr'><strong>Et</strong></span> <span class='ocrx_word' id='word_1_61' title='bbox 1018 806 1300 864; x_wconf 86' lang='lat' dir='ltr'><strong>conlestim</strong></span> <span class='ocrx_word' id='word_1_62' title='bbox 1333 807 1570 862; x_wconf 86' lang='lat' dir='ltr'><strong>dimittet</strong></span> <span class='ocrx_word' id='word_1_63' title='bbox 1597 816 1775 883; x_wconf 74' lang='lat' dir='ltr'><strong>eos._°</strong></span> <span class='ocrx_word' id='word_1_64' title='bbox 1808 808 2129 865; x_wconf 24' lang='lat' dir='ltr'><strong>lloclautem</strong></span> 
     </span>
    </p>
   </div>
   <div class='ocr_carea' id='block_1_9' title="bbox 553 899 2132 970">
    <p class='ocr_par' dir='ltr' id='par_1_9' title="bbox 553 899 2132 970">
     <span class='ocr_line' id='line_1_9' title="bbox 553 899 2132 970; baseline -0.001 -11"><span class='ocrx_word' id='word_1_65' title='bbox 553 905 745 959; x_wconf 76' lang='lat' dir='ltr'><strong>factum</strong></span> <span class='ocrx_word' id='word_1_66' title='bbox 777 912 857 959; x_wconf 84' lang='lat' dir='ltr'><strong>est</strong></span> <span class='ocrx_word' id='word_1_67' title='bbox 887 920 899 954; x_wconf 88' lang='lat'><strong>:</strong></span> <span class='ocrx_word' id='word_1_68' title='bbox 928 910 987 956; x_wconf 88' lang='lat' dir='ltr'><strong>ut</strong></span> <span class='ocrx_word' id='word_1_69' title='bbox 1016 901 1331 970; x_wconf 75' lang='lat' dir='ltr'><strong>impleretur</strong></span> <span class='ocrx_word' id='word_1_70' title='bbox 1358 900 1498 970; x_wconf 89' lang='lat' dir='ltr'><strong>quod</strong></span> <span class='ocrx_word' id='word_1_71' title='bbox 1528 899 1730 955; x_wconf 92' lang='lat' dir='ltr'><strong>dictum</strong></span> <span class='ocrx_word' id='word_1_72' title='bbox 1761 909 1842 953; x_wconf 88' lang='lat' dir='ltr'><strong>est</strong></span> <span class='ocrx_word' id='word_1_73' title='bbox 1873 915 1969 967; x_wconf 87' lang='lat' dir='ltr'><strong>per</strong></span> <span class='ocrx_word' id='word_1_74' title='bbox 1998 899 2132 957; x_wconf 87' lang='lat' dir='ltr'><strong>Pro-</strong></span> 
     </span>
    </p>
   </div>
   <div class='ocr_carea' id='block_1_10' title="bbox 551 992 2133 1067">
    <p class='ocr_par' dir='ltr' id='par_1_10' title="bbox 551 992 2133 1067">
     <span class='ocr_line' id='line_1_10' title="bbox 551 992 2133 1067; baseline -0.001 -16"><span class='ocrx_word' id='word_1_75' title='bbox 551 997 765 1067; x_wconf 87' lang='lat' dir='ltr'><strong>phetam</strong></span> <span class='ocrx_word' id='word_1_76' title='bbox 794 995 1078 1050; x_wconf 87' lang='lat' dir='ltr'><strong>dicentem.</strong></span> <span class='ocrx_word' id='word_1_77' title='bbox 1131 993 1301 1049; x_wconf 84' lang='lat' dir='ltr'><strong>Dicite</strong></span> <span class='ocrx_word' id='word_1_78' title='bbox 1333 993 1437 1046; x_wconf 88' lang='lat' dir='ltr'><strong>lilie</strong></span> <span class='ocrx_word' id='word_1_79' title='bbox 1474 992 1617 1064; x_wconf 86' lang='lat' dir='ltr'><strong>Syon</strong></span> <span class='ocrx_word' id='word_1_80' title='bbox 1651 1008 1666 1047; x_wconf 90' lang='lat'><strong>:</strong></span> <span class='ocrx_word' id='word_1_81' title='bbox 1698 1007 1825 1047; x_wconf 90' lang='lat' dir='ltr'><strong>ecce</strong></span> <span class='ocrx_word' id='word_1_82' title='bbox 1870 994 1979 1048; x_wconf 80' lang='lat' dir='ltr'><strong>llex</strong></span> <span class='ocrx_word' id='word_1_83' title='bbox 2012 1003 2133 1049; x_wconf 84' lang='lat' dir='ltr'><strong>tuus</strong></span> 
     </span>
    </p>
   </div>
   <div class='ocr_carea' id='block_1_11' title="bbox 551 1088 2134 1159">
    <p class='ocr_par' dir='ltr' id='par_1_11' title="bbox 551 1088 2134 1159">
     <span class='ocr_line' id='line_1_11' title="bbox 551 1088 2134 1159; baseline -0.003 -12"><span class='ocrx_word' id='word_1_84' title='bbox 551 1094 693 1147; x_wconf 87' lang='lat' dir='ltr'><strong>venit</strong></span> <span class='ocrx_word' id='word_1_85' title='bbox 723 1092 814 1147; x_wconf 90' lang='lat' dir='ltr'><strong>tibi</strong></span> <span class='ocrx_word' id='word_1_86' title='bbox 847 1099 1155 1146; x_wconf 86' lang='lat' dir='ltr'><strong>mansuetus</strong></span> <span class='ocrx_word' id='word_1_87' title='bbox 1190 1108 1203 1144; x_wconf 90' lang='lat'><strong>:</strong></span> <span class='ocrx_word' id='word_1_88' title='bbox 1237 1089 1432 1144; x_wconf 89' lang='lat' dir='ltr'><strong>sedens</strong></span> <span class='ocrx_word' id='word_1_89' title='bbox 1462 1103 1628 1158; x_wconf 84' lang='lat' dir='ltr'><strong>super</strong></span> <span class='ocrx_word' id='word_1_90' title='bbox 1665 1090 1868 1142; x_wconf 88' lang='lat' dir='ltr'><strong>asinam</strong></span> <span class='ocrx_word' id='word_1_91' title='bbox 1913 1098 1966 1142; x_wconf 85' lang='lat' dir='ltr'><strong>et</strong></span> <span class='ocrx_word' id='word_1_92' title='bbox 2016 1088 2134 1159; x_wconf 89' lang='lat' dir='ltr'><strong>pul-</strong></span> 
     </span>
    </p>
   </div>
   <div class='ocr_carea' id='block_1_12' title="bbox 551 1184 2134 1255">
    <p class='ocr_par' dir='ltr' id='par_1_12' title="bbox 551 1184 2134 1255">
     <span class='ocr_line' id='line_1_12' title="bbox 551 1184 2134 1255; baseline -0.001 -13"><span class='ocrx_word' id='word_1_93' title='bbox 551 1188 657 1242; x_wconf 87' lang='lat' dir='ltr'><strong>lttm</strong></span> <span class='ocrx_word' id='word_1_94' title='bbox 689 1187 853 1241; x_wconf 88' lang='lat' dir='ltr'><strong>ﬁlium</strong></span> <span class='ocrx_word' id='word_1_95' title='bbox 883 1186 1200 1255; x_wconf 74' lang='lat' dir='ltr'><strong>subjugalis.</strong></span> <span class='ocrx_word' id='word_1_96' title='bbox 1233 1185 1434 1239; x_wconf 83' lang='lat' dir='ltr'><strong>Euntes</strong></span> <span class='ocrx_word' id='word_1_97' title='bbox 1463 1194 1638 1238; x_wconf 79' lang='lat' dir='ltr'><strong>autent</strong></span> <span class='ocrx_word' id='word_1_98' title='bbox 1672 1184 1915 1253; x_wconf 87' lang='lat' dir='ltr'><strong>discipuli</strong></span> <span class='ocrx_word' id='word_1_99' title='bbox 1948 1202 1961 1239; x_wconf 92' lang='lat'><strong>:</strong></span> <span class='ocrx_word' id='word_1_100' title='bbox 1991 1185 2134 1241; x_wconf 84' lang='lat' dir='ltr'><strong>fece-</strong></span> 
     </span>
    </p>
   </div>
   <div class='ocr_carea' id='block_1_13' title="bbox 548 1276 2130 1349">
    <p class='ocr_par' dir='ltr' id='par_1_13' title="bbox 548 1276 2130 1349">
     <span class='ocr_line' id='line_1_13' title="bbox 548 1276 2130 1349; baseline 0 -15"><span class='ocrx_word' id='word_1_101' title='bbox 548 1289 672 1334; x_wconf 90' lang='lat' dir='ltr'><strong>runt</strong></span> <span class='ocrx_word' id='word_1_102' title='bbox 693 1281 754 1333; x_wconf 76' lang='grc' dir='ltr'>δίι</span> <span class='ocrx_word' id='word_1_103' title='bbox 775 1289 826 1332; x_wconf 88' lang='grc' dir='ltr'><strong>ιιι</strong></span> <span class='ocrx_word' id='word_1_104' title='bbox 855 1280 1108 1349; x_wconf 72' lang='lat' dir='ltr'><strong>prmcepit</strong></span> <span class='ocrx_word' id='word_1_105' title='bbox 1137 1278 1241 1332; x_wconf 83' lang='lat' dir='ltr'><strong>illis</strong></span> <span class='ocrx_word' id='word_1_106' title='bbox 1268 1277 1445 1333; x_wconf 86' lang='lat' dir='ltr'><strong>Jesus.</strong></span> <span class='ocrx_word' id='word_1_107' title='bbox 1474 1276 1539 1331; x_wconf 81' lang='lat' dir='ltr'><strong>Et</strong></span> <span class='ocrx_word' id='word_1_108' title='bbox 1563 1276 1899 1331; x_wconf 82' lang='lat' dir='ltr'><strong>adduxerunt</strong></span> <span class='ocrx_word' id='word_1_109' title='bbox 1926 1279 2130 1334; x_wconf 85' lang='lat' dir='ltr'><strong>asinam</strong></span> 
     </span>
    </p>
   </div>
   <div class='ocr_carea' id='block_1_14' title="bbox 546 1372 2132 1443">
    <p class='ocr_par' dir='ltr' id='par_1_14' title="bbox 546 1372 2132 1443">
     <span class='ocr_line' id='line_1_14' title="bbox 546 1372 2132 1443; baseline 0.001 -16"><span class='ocrx_word' id='word_1_110' title='bbox 546 1381 600 1428; x_wconf 92' lang='lat' dir='ltr'><strong>et</strong></span> <span class='ocrx_word' id='word_1_111' title='bbox 645 1373 848 1443; x_wconf 90' lang='lat' dir='ltr'><strong>pullum</strong></span> <span class='ocrx_word' id='word_1_112' title='bbox 901 1378 1013 1429; x_wconf 82' lang='lat' dir='ltr'><strong>:et</strong></span> <span class='ocrx_word' id='word_1_113' title='bbox 1065 1372 1434 1439; x_wconf 88' lang='lat' dir='ltr'><strong>imposuerunt</strong></span> <span class='ocrx_word' id='word_1_114' title='bbox 1480 1386 1641 1441; x_wconf 84' lang='lat' dir='ltr'><strong>super</strong></span> <span class='ocrx_word' id='word_1_115' title='bbox 1682 1388 1775 1426; x_wconf 90' lang='lat' dir='ltr'><strong>eos</strong></span> <span class='ocrx_word' id='word_1_116' title='bbox 1817 1375 2132 1428; x_wconf 76' lang='lat' dir='ltr'><strong>vestimenta</strong></span> 
     </span>
    </p>
   </div>
   <div class='ocr_carea' id='block_1_15' title="bbox 545 1464 2131 1533">
    <p class='ocr_par' dir='ltr' id='par_1_15' title="bbox 545 1464 2131 1533">
     <span class='ocr_line' id='line_1_15' title="bbox 545 1464 2131 1533; baseline 0.001 -13"><span class='ocrx_word' id='word_1_117' title='bbox 545 1479 639 1520; x_wconf 87' lang='lat' dir='ltr'><strong>sua</strong></span> <span class='ocrx_word' id='word_1_118' title='bbox 674 1482 687 1518; x_wconf 89' lang='lat'><strong>:</strong></span> <span class='ocrx_word' id='word_1_119' title='bbox 721 1474 924 1519; x_wconf 83' lang='lat' dir='ltr'><strong>etcum</strong></span> <span class='ocrx_word' id='word_1_120' title='bbox 969 1464 1200 1533; x_wconf 84' lang='lat' dir='ltr'><strong>desuper</strong></span> <span class='ocrx_word' id='word_1_121' title='bbox 1228 1464 1418 1519; x_wconf 87' lang='lat' dir='ltr'><strong>sedere</strong></span> <span class='ocrx_word' id='word_1_122' title='bbox 1465 1464 1723 1519; x_wconf 82' lang='lat' dir='ltr'><strong>fecerunt.</strong></span> <span class='ocrx_word' id='word_1_123' title='bbox 1771 1465 2000 1519; x_wconf 80' lang='lat' dir='ltr'><strong>Plurima</strong></span> <span class='ocrx_word' id='word_1_124' title='bbox 2035 1482 2131 1521; x_wconf 90' lang='lat' dir='ltr'><strong>au-</strong></span> 
     </span>
    </p>
   </div>
   <div class='ocr_carea' id='block_1_16' title="bbox 548 1554 2134 1612">
    <p class='ocr_par' dir='ltr' id='par_1_16' title="bbox 548 1554 2134 1612">
     <span class='ocr_line' id='line_1_16' title="bbox 548 1554 2134 1612; baseline 0.003 -5"><span class='ocrx_word' id='word_1_125' title='bbox 548 1562 654 1609; x_wconf 91' lang='lat' dir='ltr'><strong>tem</strong></span> <span class='ocrx_word' id='word_1_126' title='bbox 688 1556 839 1610; x_wconf 88' lang='lat' dir='ltr'><strong>turba</strong></span> <span class='ocrx_word' id='word_1_127' title='bbox 872 1564 1175 1611; x_wconf 83' lang='lat' dir='ltr'><strong>straverunt</strong></span> <span class='ocrx_word' id='word_1_128' title='bbox 1201 1554 1516 1610; x_wconf 82' lang='lat' dir='ltr'><strong>vesﬁmenta</strong></span> <span class='ocrx_word' id='word_1_129' title='bbox 1559 1570 1652 1609; x_wconf 90' lang='lat' dir='ltr'><strong>sua</strong></span> <span class='ocrx_word' id='word_1_130' title='bbox 1685 1557 1736 1610; x_wconf 89' lang='lat' dir='ltr'><strong>in</strong></span> <span class='ocrx_word' id='word_1_131' title='bbox 1769 1557 1870 1611; x_wconf 86' lang='lat' dir='ltr'><strong>via.</strong></span> <span class='ocrx_word' id='word_1_132' title='bbox 1906 1557 2134 1612; x_wconf 54' lang='lat' dir='ltr'><strong>Alii-au-</strong></span> 
     </span>
    </p>
   </div>
   <div class='ocr_carea' id='block_1_17' title="bbox 551 1649 2131 1706">
    <p class='ocr_par' dir='ltr' id='par_1_17' title="bbox 551 1649 2131 1706">
     <span class='ocr_line' id='line_1_17' title="bbox 551 1649 2131 1706; baseline 0.003 -5"><span class='ocrx_word' id='word_1_133' title='bbox 551 1658 657 1702; x_wconf 81' lang='lat' dir='ltr'><strong>tem</strong></span> <span class='ocrx_word' id='word_1_134' title='bbox 695 1649 954 1703; x_wconf 78' lang='lat' dir='ltr'><strong>cedebant</strong></span> <span class='ocrx_word' id='word_1_135' title='bbox 986 1663 1163 1703; x_wconf 90' lang='lat' dir='ltr'><strong>ramos</strong></span> <span class='ocrx_word' id='word_1_136' title='bbox 1192 1649 1257 1703; x_wconf 91' lang='lat' dir='ltr'><strong>de</strong></span> <span class='ocrx_word' id='word_1_137' title='bbox 1287 1650 1568 1703; x_wconf 89' lang='lat' dir='ltr'><strong>arboribus</strong></span> <span class='ocrx_word' id='word_1_138' title='bbox 1600 1665 1616 1703; x_wconf 93' lang='lat'><strong>:</strong></span> <span class='ocrx_word' id='word_1_139' title='bbox 1657 1660 1709 1703; x_wconf 90' lang='lat' dir='ltr'><strong>et</strong></span> <span class='ocrx_word' id='word_1_140' title='bbox 1741 1652 2052 1705; x_wconf 71' lang='lat' dir='ltr'><strong>sternebant</strong></span> <span class='ocrx_word' id='word_1_141' title='bbox 2079 1651 2131 1706; x_wconf 90' lang='lat' dir='ltr'><strong>in</strong></span> 
     </span>
    </p>
   </div>
   <div class='ocr_carea' id='block_1_18' title="bbox 547 1740 2132 1811">
    <p class='ocr_par' dir='ltr' id='par_1_18' title="bbox 547 1740 2132 1811">
     <span class='ocr_line' id='line_1_18' title="bbox 547 1740 2132 1811; baseline 0.003 -18"><span class='ocrx_word' id='word_1_142' title='bbox 547 1740 654 1794; x_wconf 76' lang='lat' dir='ltr'><strong>via.</strong></span> <span class='ocrx_word' id='word_1_143' title='bbox 683 1740 860 1794; x_wconf 82' lang='lat' dir='ltr'><strong>Tttrbe</strong></span> <span class='ocrx_word' id='word_1_144' title='bbox 899 1751 1075 1795; x_wconf 79' lang='lat' dir='ltr'><strong>amem</strong></span> <span class='ocrx_word' id='word_1_145' title='bbox 1120 1757 1223 1811; x_wconf 86' lang='lat' dir='ltr'><strong>que</strong></span> <span class='ocrx_word' id='word_1_146' title='bbox 1256 1741 1613 1809; x_wconf 81' lang='lat' dir='ltr'><strong>precedebant</strong></span> <span class='ocrx_word' id='word_1_147' title='bbox 1639 1782 1656 1808; x_wconf 86' lang='lat'><strong>,</strong></span> <span class='ocrx_word' id='word_1_148' title='bbox 1705 1751 1759 1796; x_wconf 85' lang='lat' dir='ltr'><strong>et</strong></span> <span class='ocrx_word' id='word_1_149' title='bbox 1788 1757 1891 1810; x_wconf 85' lang='lat' dir='ltr'><strong>que</strong></span> <span class='ocrx_word' id='word_1_150' title='bbox 1937 1759 2132 1811; x_wconf 79' lang='lat' dir='ltr'><strong>seque-</strong></span> 
     </span>
    </p>
   </div>
   <div class='ocr_carea' id='block_1_19' title="bbox 548 1829 2129 1887">
    <p class='ocr_par' dir='ltr' id='par_1_19' title="bbox 548 1829 2129 1887">
     <span class='ocr_line' id='line_1_19' title="bbox 548 1829 2129 1887; baseline 0.003 -4"><span class='ocrx_word' id='word_1_151' title='bbox 548 1830 742 1884; x_wconf 79' lang='lat' dir='ltr'><strong>bantur</strong></span> <span class='ocrx_word' id='word_1_152' title='bbox 788 1847 799 1883; x_wconf 76' lang='lat'><strong>:</strong></span> <span class='ocrx_word' id='word_1_153' title='bbox 843 1829 1146 1885; x_wconf 87' lang='lat' dir='ltr'><strong>clamabant</strong></span> <span class='ocrx_word' id='word_1_154' title='bbox 1188 1830 1427 1885; x_wconf 90' lang='lat' dir='ltr'><strong>dicentes</strong></span> <span class='ocrx_word' id='word_1_155' title='bbox 1461 1849 1475 1885; x_wconf 91' lang='lat'><strong>:</strong></span> <span class='ocrx_word' id='word_1_156' title='bbox 1518 1830 1733 1886; x_wconf 81' lang='lat' dir='ltr'><strong>Osanna</strong></span> <span class='ocrx_word' id='word_1_157' title='bbox 1781 1830 1888 1886; x_wconf 83' lang='lat' dir='ltr'><strong>ﬁlio</strong></span> <span class='ocrx_word' id='word_1_158' title='bbox 1922 1832 2129 1887; x_wconf 88' lang='lat' dir='ltr'><strong>David:</strong></span> 
     </span>
    </p>
   </div>
   <div class='ocr_carea' id='block_1_20' title="bbox 549 1923 2130 1993">
    <p class='ocr_par' dir='ltr' id='par_1_20' title="bbox 549 1923 2130 1993">
     <span class='ocr_line' id='line_1_20' title="bbox 549 1923 2130 1993; baseline 0.001 -15"><span class='ocrx_word' id='word_1_159' title='bbox 549 1923 861 1979; x_wconf 71' lang='lat' dir='ltr'><strong>benedictus</strong></span> <span class='ocrx_word' id='word_1_160' title='bbox 891 1924 980 1993; x_wconf 89' lang='lat' dir='ltr'><strong>qui</strong></span> <span class='ocrx_word' id='word_1_161' title='bbox 1013 1924 1158 1979; x_wconf 85' lang='lat' dir='ltr'><strong>venit</strong></span> <span class='ocrx_word' id='word_1_162' title='bbox 1188 1924 1240 1979; x_wconf 91' lang='lat' dir='ltr'><strong>in</strong></span> <span class='ocrx_word' id='word_1_163' title='bbox 1284 1925 1515 1979; x_wconf 82' lang='lat' dir='ltr'><strong>nomine</strong></span> <span class='ocrx_word' id='word_1_164' title='bbox 1543 1925 1756 1979; x_wconf 85' lang='lat' dir='ltr'><strong>Domini</strong></span> <span class='ocrx_word' id='word_1_165' title='bbox 1792 1944 1804 1978; x_wconf 91' lang='lat'><strong>:</strong></span> <span class='ocrx_word' id='word_1_166' title='bbox 1849 1942 2046 1980; x_wconf 79' lang='lat' dir='ltr'><strong>osanna</strong></span> <span class='ocrx_word' id='word_1_167' title='bbox 2078 1926 2130 1981; x_wconf 90' lang='lat' dir='ltr'><strong>in</strong></span> 
     </span>
    </p>
   </div>
   <div class='ocr_carea' id='block_1_21' title="bbox 544 2016 2132 2087">
    <p class='ocr_par' dir='ltr' id='par_1_21' title="bbox 544 2016 2132 2087">
     <span class='ocr_line' id='line_1_21' title="bbox 544 2016 2132 2087; baseline 0.001 -16"><span class='ocrx_word' id='word_1_168' title='bbox 544 2016 838 2071; x_wconf 67' lang='lat' dir='ltr'><strong>altissimis.</strong></span> <span class='ocrx_word' id='word_1_169' title='bbox 887 2018 954 2071; x_wconf 79' lang='lat' dir='ltr'><strong>Et</strong></span> <span class='ocrx_word' id='word_1_170' title='bbox 999 2032 1122 2072; x_wconf 90' lang='lat' dir='ltr'><strong>cum</strong></span> <span class='ocrx_word' id='word_1_171' title='bbox 1169 2021 1423 2073; x_wconf 83' lang='lat' dir='ltr'><strong>intrasset</strong></span> <span class='ocrx_word' id='word_1_172' title='bbox 1468 2017 1875 2087; x_wconf 79' lang='lat' dir='ltr'><strong>Hierosolimatp</strong></span> <span class='ocrx_word' id='word_1_173' title='bbox 1922 2035 1935 2072; x_wconf 92' lang='lat'><strong>:</strong></span> <span class='ocrx_word' id='word_1_174' title='bbox 1981 2034 2132 2072; x_wconf 89' lang='lat' dir='ltr'><strong>com-</strong></span> 
     </span>
    </p>
   </div>
   <div class='ocr_carea' id='block_1_22' title="bbox 548 2112 2130 2180">
    <p class='ocr_par' dir='ltr' id='par_1_22' title="bbox 548 2112 2130 2180">
     <span class='ocr_line' id='line_1_22' title="bbox 548 2112 2130 2180; baseline 0.003 -16"><span class='ocrx_word' id='word_1_175' title='bbox 548 2120 686 2164; x_wconf 82' lang='lat' dir='ltr'><strong>mota</strong></span> <span class='ocrx_word' id='word_1_176' title='bbox 721 2123 802 2165; x_wconf 86' lang='lat' dir='ltr'><strong>cst</strong></span> <span class='ocrx_word' id='word_1_177' title='bbox 835 2112 1080 2167; x_wconf 89' lang='lat' dir='ltr'><strong>universa</strong></span> <span class='ocrx_word' id='word_1_178' title='bbox 1111 2112 1299 2167; x_wconf 86' lang='lat' dir='ltr'><strong>civitas</strong></span> <span class='ocrx_word' id='word_1_179' title='bbox 1341 2112 1546 2167; x_wconf 88' lang='lat' dir='ltr'><strong>dicens.</strong></span> <span class='ocrx_word' id='word_1_180' title='bbox 1580 2112 1711 2180; x_wconf 86' lang='lat' dir='ltr'><strong>Quis</strong></span> <span class='ocrx_word' id='word_1_181' title='bbox 1742 2124 1824 2167; x_wconf 83' lang='lat' dir='ltr'><strong>est</strong></span> <span class='ocrx_word' id='word_1_182' title='bbox 1865 2113 1993 2168; x_wconf 87' lang='lat' dir='ltr'><strong>hic?</strong></span> <span class='ocrx_word' id='word_1_183' title='bbox 2029 2114 2130 2168; x_wconf 83' lang='lat' dir='ltr'><strong>Po-</strong></span> 
     </span>
    </p>
   </div>
   <div class='ocr_carea' id='block_1_23' title="bbox 548 2203 2131 2276">
    <p class='ocr_par' dir='ltr' id='par_1_23' title="bbox 548 2203 2131 2276">
     <span class='ocr_line' id='line_1_23' title="bbox 548 2203 2131 2276; baseline 0.004 -20"><span class='ocrx_word' id='word_1_184' title='bbox 548 2203 654 2271; x_wconf 81' lang='lat' dir='ltr'><strong>puli</strong></span> <span class='ocrx_word' id='word_1_185' title='bbox 683 2216 859 2259; x_wconf 84' lang='lat' dir='ltr'><strong>autem</strong></span> <span class='ocrx_word' id='word_1_186' title='bbox 894 2205 1161 2260; x_wconf 79' lang='lat' dir='ltr'><strong>dicebant.</strong></span> <span class='ocrx_word' id='word_1_187' title='bbox 1198 2205 1292 2260; x_wconf 87' lang='lat' dir='ltr'><strong>Hie</strong></span> <span class='ocrx_word' id='word_1_188' title='bbox 1322 2217 1403 2260; x_wconf 90' lang='lat' dir='ltr'><strong>est</strong></span> <span class='ocrx_word' id='word_1_189' title='bbox 1437 2206 1581 2261; x_wconf 85' lang='lat' dir='ltr'><strong>Iesus</strong></span> <span class='ocrx_word' id='word_1_190' title='bbox 1613 2209 1866 2276; x_wconf 74' lang='lat' dir='ltr'><strong>propheta</strong></span> <span class='ocrx_word' id='word_1_191' title='bbox 1903 2226 1930 2264; x_wconf 91' lang='lat' dir='ltr'><strong>a</strong></span> <span class='ocrx_word' id='word_1_192' title='bbox 1962 2210 2131 2264; x_wconf 81' lang='lat' dir='ltr'><strong>Naza-</strong></span> 
     </span>
    </p>
   </div>
   <div class='ocr_carea' id='block_1_24' title="bbox 547 2296 2128 2372">
    <p class='ocr_par' dir='ltr' id='par_1_24' title="bbox 547 2296 2128 2372">
     <span class='ocr_line' id='line_1_24' title="bbox 547 2296 2128 2372; baseline 0.007 -20"><span class='ocrx_word' id='word_1_193' title='bbox 547 2298 662 2352; x_wconf 91' lang='lat' dir='ltr'><strong>reth</strong></span> <span class='ocrx_word' id='word_1_194' title='bbox 713 2297 937 2354; x_wconf 84' lang='lat' dir='ltr'><strong>Galilce.</strong></span> <span class='ocrx_word' id='word_1_195' title='bbox 994 2296 1059 2353; x_wconf 85' lang='lat' dir='ltr'><strong>Et</strong></span> <span class='ocrx_word' id='word_1_196' title='bbox 1110 2299 1325 2353; x_wconf 84' lang='lat' dir='ltr'><strong>intravit</strong></span> <span class='ocrx_word' id='word_1_197' title='bbox 1372 2298 1527 2355; x_wconf 82' lang='lat' dir='ltr'><strong>Jesus</strong></span> <span class='ocrx_word' id='word_1_198' title='bbox 1576 2305 1627 2356; x_wconf 88' lang='lat' dir='ltr'><strong>in</strong></span> <span class='ocrx_word' id='word_1_199' title='bbox 1682 2303 1939 2372; x_wconf 84' lang='lat' dir='ltr'><strong>templum</strong></span> <span class='ocrx_word' id='word_1_200' title='bbox 1988 2303 2128 2363; x_wconf 86' lang='lat' dir='ltr'><strong>Dei:</strong></span> 
     </span>
    </p>
   </div>
   <div class='ocr_carea' id='block_1_25' title="bbox 545 2388 2131 2467">
    <p class='ocr_par' dir='ltr' id='par_1_25' title="bbox 545 2388 2131 2467">
     <span class='ocr_line' id='line_1_25' title="bbox 545 2388 2131 2467; baseline 0.006 -23"><span class='ocrx_word' id='word_1_201' title='bbox 545 2388 572 2427; x_wconf 75' lang='grc' dir='ltr'>ι)</span> <span class='ocrx_word' id='word_1_202' title='bbox 608 2399 660 2445; x_wconf 93' lang='lat' dir='ltr'><strong>et</strong></span> <span class='ocrx_word' id='word_1_203' title='bbox 688 2392 848 2460; x_wconf 84' lang='lat' dir='ltr'><strong>ejecit</strong></span> <span class='ocrx_word' id='word_1_204' title='bbox 890 2408 1079 2448; x_wconf 91' lang='lat' dir='ltr'><strong>omnes</strong></span> <span class='ocrx_word' id='word_1_205' title='bbox 1121 2401 1365 2449; x_wconf 89' lang='lat' dir='ltr'><strong>ementes</strong></span> <span class='ocrx_word' id='word_1_206' title='bbox 1396 2403 1450 2450; x_wconf 91' lang='lat' dir='ltr'><strong>et</strong></span> <span class='ocrx_word' id='word_1_207' title='bbox 1476 2395 1773 2451; x_wconf 87' lang='lat' dir='ltr'><strong>vendentcs</strong></span> <span class='ocrx_word' id='word_1_208' title='bbox 1819 2398 1869 2450; x_wconf 93' lang='lat' dir='ltr'><strong>in</strong></span> <span class='ocrx_word' id='word_1_209' title='bbox 1906 2398 2131 2467; x_wconf 86' lang='lat' dir='ltr'><strong>templo,</strong></span> 
     </span>
    </p>
   </div>
   <div class='ocr_carea' id='block_1_26' title="bbox 545 2486 2131 2546">
    <p class='ocr_par' dir='ltr' id='par_1_26' title="bbox 545 2486 2131 2546">
     <span class='ocr_line' id='line_1_26' title="bbox 545 2486 2131 2546; baseline 0.006 -9"><span class='ocrx_word' id='word_1_210' title='bbox 545 2492 599 2537; x_wconf 84' lang='lat' dir='ltr'><strong>et</strong></span> <span class='ocrx_word' id='word_1_211' title='bbox 639 2498 852 2538; x_wconf 84' lang='lat' dir='ltr'><strong>mensas</strong></span> <span class='ocrx_word' id='word_1_212' title='bbox 892 2486 1374 2541; x_wconf 89' lang='lat' dir='ltr'><strong>nummulariorum</strong></span> <span class='ocrx_word' id='word_1_213' title='bbox 1420 2504 1435 2543; x_wconf 89' lang='lat'><strong>:</strong></span> <span class='ocrx_word' id='word_1_214' title='bbox 1478 2497 1531 2543; x_wconf 89' lang='lat' dir='ltr'><strong>et</strong></span> <span class='ocrx_word' id='word_1_215' title='bbox 1570 2489 1852 2543; x_wconf 84' lang='lat' dir='ltr'><strong>cathedras</strong></span> <span class='ocrx_word' id='word_1_216' title='bbox 1892 2492 2131 2546; x_wconf 86' lang='lat' dir='ltr'><strong>venden-</strong></span> 
     </span>
    </p>
   </div>
   <div class='ocr_carea' id='block_1_27' title="bbox 547 2579 2127 2652">
    <p class='ocr_par' dir='ltr' id='par_1_27' title="bbox 547 2579 2127 2652">
     <span class='ocr_line' id='line_1_27' title="bbox 547 2579 2127 2652; baseline 0.007 -23"><span class='ocrx_word' id='word_1_217' title='bbox 547 2579 676 2632; x_wconf 89' lang='lat' dir='ltr'><strong>tium</strong></span> <span class='ocrx_word' id='word_1_218' title='bbox 712 2579 985 2633; x_wconf 82' lang='lat' dir='ltr'><strong>columbas</strong></span> <span class='ocrx_word' id='word_1_219' title='bbox 1015 2580 1225 2635; x_wconf 78' lang='lat' dir='ltr'><strong>evertit.</strong></span> <span class='ocrx_word' id='word_1_220' title='bbox 1271 2581 1335 2635; x_wconf 87' lang='lat' dir='ltr'><strong>Et</strong></span> <span class='ocrx_word' id='word_1_221' title='bbox 1375 2581 1503 2635; x_wconf 80' lang='lat' dir='ltr'><strong>dicit</strong></span> <span class='ocrx_word' id='word_1_222' title='bbox 1543 2582 1642 2637; x_wconf 88' lang='lat' dir='ltr'><strong>eis.</strong></span> <span class='ocrx_word' id='word_1_223' title='bbox 1688 2583 1955 2652; x_wconf 75' lang='lat' dir='ltr'><strong>Seriptuzn</strong></span> <span class='ocrx_word' id='word_1_224' title='bbox 1988 2595 2072 2640; x_wconf 90' lang='lat' dir='ltr'><strong>est</strong></span> <span class='ocrx_word' id='word_1_225' title='bbox 2114 2604 2127 2640; x_wconf 92' lang='lat'><strong>:</strong></span> 
     </span>
    </p>
   </div>
   <div class='ocr_carea' id='block_1_28' title="bbox 547 2671 2131 2734">
    <p class='ocr_par' dir='ltr' id='par_1_28' title="bbox 547 2671 2131 2734">
     <span class='ocr_line' id='line_1_28' title="bbox 547 2671 2131 2734; baseline 0.006 -9"><span class='ocrx_word' id='word_1_226' title='bbox 547 2671 737 2726; x_wconf 74' lang='lat' dir='ltr'><strong>domus</strong></span> <span class='ocrx_word' id='word_1_227' title='bbox 768 2688 886 2727; x_wconf 86' lang='lat' dir='ltr'><strong>mea</strong></span> <span class='ocrx_word' id='word_1_228' title='bbox 922 2693 933 2727; x_wconf 90' lang='lat'><strong>:</strong></span> <span class='ocrx_word' id='word_1_229' title='bbox 969 2673 1157 2729; x_wconf 88' lang='lat' dir='ltr'><strong>domus</strong></span> <span class='ocrx_word' id='word_1_230' title='bbox 1187 2676 1448 2730; x_wconf 89' lang='lat' dir='ltr'><strong>orationis</strong></span> <span class='ocrx_word' id='word_1_231' title='bbox 1471 2676 1751 2732; x_wconf 84' lang='lat' dir='ltr'><strong>vocabitur</strong></span> <span class='ocrx_word' id='word_1_232' title='bbox 1783 2696 1794 2730; x_wconf 75' lang='grc' dir='ltr'><strong>ε</strong></span> <span class='ocrx_word' id='word_1_233' title='bbox 1832 2694 1923 2732; x_wconf 85' lang='lat' dir='ltr'><strong>vos</strong></span> <span class='ocrx_word' id='word_1_234' title='bbox 1952 2678 2131 2734; x_wconf 86' lang='lat' dir='ltr'><strong>autem</strong></span> 
     </span>
    </p>
   </div>
   <div class='ocr_carea' id='block_1_29' title="bbox 546 2761 2133 2832">
    <p class='ocr_par' dir='ltr' id='par_1_29' title="bbox 546 2761 2133 2832">
     <span class='ocr_line' id='line_1_29' title="bbox 546 2761 2133 2832; baseline 0.007 -18"><span class='ocrx_word' id='word_1_235' title='bbox 546 2761 749 2817; x_wconf 78' lang='lat' dir='ltr'><strong>fecistis</strong></span> <span class='ocrx_word' id='word_1_236' title='bbox 780 2762 925 2817; x_wconf 87' lang='lat' dir='ltr'><strong>illam</strong></span> <span class='ocrx_word' id='word_1_237' title='bbox 972 2765 1286 2832; x_wconf 73' lang='lat' dir='ltr'><strong>speluncam</strong></span> <span class='ocrx_word' id='word_1_238' title='bbox 1341 2766 1625 2821; x_wconf 87' lang='lat' dir='ltr'><strong>latronum.</strong></span> <span class='ocrx_word' id='word_1_239' title='bbox 1679 2768 1745 2823; x_wconf 84' lang='lat' dir='ltr'><strong>Et</strong></span> <span class='ocrx_word' id='word_1_240' title='bbox 1787 2778 2133 2826; x_wconf 53' lang='lat' dir='ltr'><strong>acclssrrunt</strong></span> 
     </span>
    </p>
   </div>
   <div class='ocr_carea' id='block_1_30' title="bbox 545 2852 2129 2927">
    <p class='ocr_par' dir='ltr' id='par_1_30' title="bbox 545 2852 2129 2927">
     <span class='ocr_line' id='line_1_30' title="bbox 545 2852 2129 2927; baseline 0.008 -21"><span class='ocrx_word' id='word_1_241' title='bbox 545 2852 609 2906; x_wconf 89' lang='lat' dir='ltr'><strong>ad</strong></span> <span class='ocrx_word' id='word_1_242' title='bbox 660 2867 781 2907; x_wconf 92' lang='lat' dir='ltr'><strong>eum</strong></span> <span class='ocrx_word' id='word_1_243' title='bbox 832 2855 943 2907; x_wconf 89' lang='lat' dir='ltr'><strong>ceci</strong></span> <span class='ocrx_word' id='word_1_244' title='bbox 995 2862 1055 2909; x_wconf 91' lang='lat' dir='ltr'><strong>et</strong></span> <span class='ocrx_word' id='word_1_245' title='bbox 1099 2856 1271 2909; x_wconf 80' lang='lat' dir='ltr'><strong>claudi</strong></span> <span class='ocrx_word' id='word_1_246' title='bbox 1306 2858 1359 2909; x_wconf 90' lang='lat' dir='ltr'><strong>in</strong></span> <span class='ocrx_word' id='word_1_247' title='bbox 1392 2858 1591 2927; x_wconf 89' lang='lat' dir='ltr'><strong>templo</strong></span> <span class='ocrx_word' id='word_1_248' title='bbox 1624 2875 1638 2912; x_wconf 90' lang='lat'><strong>:</strong></span> <span class='ocrx_word' id='word_1_249' title='bbox 1670 2869 1720 2913; x_wconf 90' lang='lat' dir='ltr'><strong>et</strong></span> <span class='ocrx_word' id='word_1_250' title='bbox 1763 2863 1971 2916; x_wconf 84' lang='lat' dir='ltr'><strong>sanavit</strong></span> <span class='ocrx_word' id='word_1_251' title='bbox 2012 2877 2129 2919; x_wconf 91' lang='lat' dir='ltr'><strong>eos.</strong></span> 
     </span>
    </p>
   </div>
   <div class='ocr_carea' id='block_1_31' title="bbox 549 2943 2128 3015">
    <p class='ocr_par' dir='ltr' id='par_1_31' title="bbox 549 2943 2128 3015">
     <span class='ocr_line' id='line_1_31' title="bbox 549 2943 2128 3015; baseline 0.008 -18"><span class='ocrx_word' id='word_1_252' title='bbox 549 2943 802 2999; x_wconf 72' lang='lat' dir='ltr'><strong>Videntcs</strong></span> <span class='ocrx_word' id='word_1_253' title='bbox 847 2954 1024 2999; x_wconf 88' lang='lat' dir='ltr'><strong>autem</strong></span> <span class='ocrx_word' id='word_1_254' title='bbox 1078 2947 1348 3015; x_wconf 84' lang='lat' dir='ltr'><strong>principes</strong></span> <span class='ocrx_word' id='word_1_255' title='bbox 1396 2947 1745 3003; x_wconf 84' lang='lat' dir='ltr'><strong>Saccrdotum</strong></span> <span class='ocrx_word' id='word_1_256' title='bbox 1792 2961 1841 3006; x_wconf 90' lang='lat' dir='ltr'><strong>et</strong></span> <span class='ocrx_word' id='word_1_257' title='bbox 1887 2953 2069 3009; x_wconf 89' lang='lat' dir='ltr'><strong>Scribe</strong></span> <span class='ocrx_word' id='word_1_258' title='bbox 2115 2973 2128 3009; x_wconf 89' lang='lat'><strong>:</strong></span> 
     </span>
    </p>
   </div>
   <div class='ocr_carea' id='block_1_32' title="bbox 544 3033 2132 3117">
    <p class='ocr_par' dir='ltr' id='par_1_32' title="bbox 544 3033 2132 3117">
     <span class='ocr_line' id='line_1_32' title="bbox 544 3033 2132 3117; baseline 0.011 -31"><span class='ocrx_word' id='word_1_259' title='bbox 544 3033 809 3089; x_wconf 89' lang='lat' dir='ltr'><strong>mirabilia</strong></span> <span class='ocrx_word' id='word_1_260' title='bbox 838 3051 941 3106; x_wconf 91' lang='lat' dir='ltr'><strong>que</strong></span> <span class='ocrx_word' id='word_1_261' title='bbox 974 3037 1099 3091; x_wconf 78' lang='lat' dir='ltr'><strong>fecit</strong></span> <span class='ocrx_word' id='word_1_262' title='bbox 1134 3055 1145 3090; x_wconf 89' lang='lat'><strong>:</strong></span> <span class='ocrx_word' id='word_1_263' title='bbox 1192 3052 1246 3093; x_wconf 84' lang='lat' dir='ltr'><strong>et</strong></span> <span class='ocrx_word' id='word_1_264' title='bbox 1275 3055 1469 3107; x_wconf 88' lang='lat' dir='ltr'><strong>pueros</strong></span> <span class='ocrx_word' id='word_1_265' title='bbox 1507 3041 1803 3099; x_wconf 84' lang='lat' dir='ltr'><strong>clamantes</strong></span> <span class='ocrx_word' id='word_1_266' title='bbox 1846 3045 1895 3097; x_wconf 82' lang='lat' dir='ltr'><strong>in</strong></span> <span class='ocrx_word' id='word_1_267' title='bbox 1933 3048 2132 3117; x_wconf 89' lang='lat' dir='ltr'><strong>templo</strong></span> 
     </span>
    </p>
   </div>
   <div class='ocr_carea' id='block_1_33' title="bbox 546 3129 2205 3234">
    <p class='ocr_par' dir='ltr' id='par_1_33' title="bbox 546 3129 2205 3234">
     <span class='ocr_line' id='line_1_33' title="bbox 546 3129 2205 3234; baseline 0.01 -53"><span class='ocrx_word' id='word_1_268' title='bbox 546 3139 597 3182; x_wconf 91' lang='lat' dir='ltr'><strong>et</strong></span> <span class='ocrx_word' id='word_1_269' title='bbox 628 3130 890 3185; x_wconf 87' lang='lat' dir='ltr'><strong>dicentes.</strong></span> <span class='ocrx_word' id='word_1_270' title='bbox 936 3129 1149 3184; x_wconf 88' lang='lat' dir='ltr'><strong>Osanna</strong></span> <span class='ocrx_word' id='word_1_271' title='bbox 1196 3133 1304 3187; x_wconf 90' lang='lat' dir='ltr'><strong>ﬁlio</strong></span> <span class='ocrx_word' id='word_1_272' title='bbox 1337 3134 1498 3187; x_wconf 80' lang='lat' dir='ltr'><strong>David</strong></span> <span class='ocrx_word' id='word_1_273' title='bbox 1534 3151 1547 3187; x_wconf 88' lang='lat'><strong>:</strong></span> <span class='ocrx_word' id='word_1_274' title='bbox 1582 3135 1839 3207; x_wconf 83' lang='lat' dir='ltr'><strong>indignati</strong></span> <span class='ocrx_word' id='word_1_275' title='bbox 1873 3150 1996 3193; x_wconf 90' lang='lat' dir='ltr'><strong>sunt</strong></span> <span class='ocrx_word' id='word_1_276' title='bbox 2032 3156 2044 3193; x_wconf 90' lang='lat'><strong>:</strong></span> <span class='ocrx_word' id='word_1_277' title='bbox 2075 3152 2130 3197; x_wconf 90' lang='lat' dir='ltr'><strong>et</strong></span> <span class='ocrx_word' id='word_1_278' title='bbox 2160 3172 2205 3234; x_wconf 80' lang='lat' dir='ltr'><strong>C</strong></span> 
     </span>
    </p>
   </div>
   <div class='ocr_carea' id='block_1_34' title="bbox 544 3218 2128 3295">
    <p class='ocr_par' dir='ltr' id='par_1_34' title="bbox 544 3218 2128 3295">
     <span class='ocr_line' id='line_1_34' title="bbox 544 3218 2128 3295; baseline 0.013 -23"><span class='ocrx_word' id='word_1_279' title='bbox 544 3218 793 3275; x_wconf 78' lang='lat' dir='ltr'><strong>dixerunt</strong></span> <span class='ocrx_word' id='word_1_280' title='bbox 838 3223 907 3276; x_wconf 92' lang='lat' dir='ltr'><strong>ci.</strong></span> <span class='ocrx_word' id='word_1_281' title='bbox 962 3223 1127 3278; x_wconf 77' lang='lat' dir='ltr'><strong>Audis</strong></span> <span class='ocrx_word' id='word_1_282' title='bbox 1178 3226 1302 3295; x_wconf 83' lang='lat' dir='ltr'><strong>quid</strong></span> <span class='ocrx_word' id='word_1_283' title='bbox 1355 3228 1440 3282; x_wconf 84' lang='lat' dir='ltr'><strong>isti</strong></span> <span class='ocrx_word' id='word_1_284' title='bbox 1492 3228 1710 3286; x_wconf 83' lang='lat' dir='ltr'><strong>dicunt?</strong></span> <span class='ocrx_word' id='word_1_285' title='bbox 1750 3230 1907 3287; x_wconf 74' lang='lat' dir='ltr'><strong>Josns</strong></span> <span class='ocrx_word' id='word_1_286' title='bbox 1949 3244 2128 3293; x_wconf 87' lang='lat' dir='ltr'><strong>aulem</strong></span> 
     </span>
    </p>
   </div>
   <div class='ocr_carea' id='block_1_35' title="bbox 548 3313 2135 3398">
    <p class='ocr_par' dir='ltr' id='par_1_35' title="bbox 548 3313 2135 3398">
     <span class='ocr_line' id='line_1_35' title="bbox 548 3313 2135 3398; baseline 0.013 -30"><span class='ocrx_word' id='word_1_287' title='bbox 548 3313 679 3368; x_wconf 81' lang='lat' dir='ltr'><strong>dixit</strong></span> <span class='ocrx_word' id='word_1_288' title='bbox 724 3315 829 3371; x_wconf 90' lang='lat' dir='ltr'><strong>eis.</strong></span> <span class='ocrx_word' id='word_1_289' title='bbox 874 3315 1087 3387; x_wconf 83' lang='lat' dir='ltr'><strong>Utique.</strong></span> <span class='ocrx_word' id='word_1_290' title='bbox 1135 3317 1412 3391; x_wconf 84' lang='lat' dir='ltr'><strong>Nunquam</strong></span> <span class='ocrx_word' id='word_1_291' title='bbox 1459 3323 1663 3392; x_wconf 82' lang='lat' dir='ltr'><strong>legistis</strong></span> <span class='ocrx_word' id='word_1_292' title='bbox 1707 3345 1719 3381; x_wconf 91' lang='lat'><strong>:</strong></span> <span class='ocrx_word' id='word_1_293' title='bbox 1764 3328 1887 3398; x_wconf 86' lang='lat' dir='ltr'><strong>quia</strong></span> <span class='ocrx_word' id='word_1_294' title='bbox 1927 3345 1995 3384; x_wconf 79' lang='lat' dir='ltr'><strong>ex</strong></span> <span class='ocrx_word' id='word_1_295' title='bbox 2041 3346 2135 3388; x_wconf 86' lang='lat' dir='ltr'><strong>ore</strong></span> 
     </span>
    </p>
   </div>
   <div class='ocr_carea' id='block_1_36' title="bbox 549 3406 2134 3484">
    <p class='ocr_par' dir='ltr' id='par_1_36' title="bbox 549 3406 2134 3484">
     <span class='ocr_line' id='line_1_36' title="bbox 549 3406 2134 3484; baseline 0.011 -22"><span class='ocrx_word' id='word_1_296' title='bbox 549 3406 852 3475; x_wconf 78' lang='lat' dir='ltr'><strong>infantium,</strong></span> <span class='ocrx_word' id='word_1_297' title='bbox 884 3422 937 3465; x_wconf 90' lang='lat' dir='ltr'><strong>et</strong></span> <span class='ocrx_word' id='word_1_298' title='bbox 969 3411 1276 3468; x_wconf 88' lang='lat' dir='ltr'><strong>lactenlium</strong></span> <span class='ocrx_word' id='word_1_299' title='bbox 1309 3416 1579 3484; x_wconf 81' lang='lat' dir='ltr'><strong>perfecisti</strong></span> <span class='ocrx_word' id='word_1_300' title='bbox 1620 3419 1852 3475; x_wconf 83' lang='lat' dir='ltr'><strong>laudem.</strong></span> <span class='ocrx_word' id='word_1_301' title='bbox 1909 3422 1973 3476; x_wconf 85' lang='lat' dir='ltr'><strong>Et</strong></span> <span class='ocrx_word' id='word_1_302' title='bbox 2006 3425 2134 3480; x_wconf 89' lang='lat' dir='ltr'><strong>reli-</strong></span> 
     </span>
    </p>
   </div>
   <div class='ocr_carea' id='block_1_37' title="bbox 546 3499 2132 3574">
    <p class='ocr_par' dir='ltr' id='par_1_37' title="bbox 546 3499 2132 3574">
     <span class='ocr_line' id='line_1_37' title="bbox 546 3499 2132 3574; baseline 0.013 -20"><span class='ocrx_word' id='word_1_303' title='bbox 546 3499 648 3555; x_wconf 87' lang='lat' dir='ltr'><strong>ctis</strong></span> <span class='ocrx_word' id='word_1_304' title='bbox 678 3501 782 3555; x_wconf 91' lang='lat' dir='ltr'><strong>illis</strong></span> <span class='ocrx_word' id='word_1_305' title='bbox 817 3519 828 3554; x_wconf 93' lang='lat'><strong>:</strong></span> <span class='ocrx_word' id='word_1_306' title='bbox 861 3503 990 3558; x_wconf 89' lang='lat' dir='ltr'><strong>abiit</strong></span> <span class='ocrx_word' id='word_1_307' title='bbox 1034 3505 1159 3561; x_wconf 83' lang='lat' dir='ltr'><strong>loris</strong></span> <span class='ocrx_word' id='word_1_308' title='bbox 1192 3518 1341 3563; x_wconf 76' lang='lat' dir='ltr'><strong>extra</strong></span> <span class='ocrx_word' id='word_1_309' title='bbox 1372 3510 1641 3569; x_wconf 76' lang='lat' dir='ltr'><strong>civitatem</strong></span> <span class='ocrx_word' id='word_1_310' title='bbox 1678 3512 1729 3569; x_wconf 94' lang='lat' dir='ltr'><strong>in</strong></span> <span class='ocrx_word' id='word_1_311' title='bbox 1757 3514 2069 3573; x_wconf 84' lang='lat' dir='ltr'><strong>Bethaniam</strong></span> <span class='ocrx_word' id='word_1_312' title='bbox 2117 3537 2132 3574; x_wconf 93' lang='lat'><strong>:</strong></span> 
     </span>
    </p>
   </div>
   <div class='ocr_carea' id='block_1_38' title="bbox 550 3594 973 3666">
    <p class='ocr_par' dir='ltr' id='par_1_38' title="bbox 550 3594 973 3666">
     <span class='ocr_line' id='line_1_38' title="bbox 550 3594 973 3666; baseline 0.014 -18"><span class='ocrx_word' id='word_1_313' title='bbox 550 3594 730 3666; x_wconf 82' lang='lat' dir='ltr'><strong>ibique</strong></span> <span class='ocrx_word' id='word_1_314' title='bbox 762 3600 973 3654; x_wconf 68' lang='lat' dir='ltr'><strong>mansit.</strong></span> 
     </span>
    </p>
   </div>
   <div class='ocr_carea' id='block_1_39' title="bbox 634 3712 923 3781">
    <p class='ocr_par' dir='ltr' id='par_1_39' title="bbox 634 3712 923 3781">
     <span class='ocr_line' id='line_1_39' title="bbox 634 3712 923 3781; baseline 0.014 -15"><span class='ocrx_word' id='word_1_315' title='bbox 634 3712 703 3781; x_wconf 59' lang='grc' dir='ltr'><strong>ἢ.</strong></span> <span class='ocrx_word' id='word_1_316' title='bbox 732 3716 923 3770; x_wconf 85' lang='lat' dir='ltr'><strong>Amen.</strong></span> 
     </span>
    </p>
   </div>
   <div class='ocr_carea' id='block_1_40' title="bbox 620 3826 2137 3915">
    <p class='ocr_par' dir='ltr' id='par_1_40' title="bbox 620 3826 2137 3915">
     <span class='ocr_line' id='line_1_40' title="bbox 620 3826 2137 3915; baseline 0.014 -36"><span class='ocrx_word' id='word_1_317' title='bbox 620 3826 772 3883; x_wconf 78' lang='lat' dir='ltr'><strong>Dicat</strong></span> <span class='ocrx_word' id='word_1_318' title='bbox 805 3830 983 3887; x_wconf 73' lang='lat' dir='ltr'><strong>Presb.</strong></span> <span class='ocrx_word' id='word_1_319' title='bbox 1020 3833 1272 3890; x_wconf 91' lang='lat' dir='ltr'><strong>Dominus</strong></span> <span class='ocrx_word' id='word_1_320' title='bbox 1301 3842 1371 3891; x_wconf 85' lang='lat' dir='ltr'><strong>sit</strong></span> <span class='ocrx_word' id='word_1_321' title='bbox 1393 3852 1609 3909; x_wconf 88' lang='lat' dir='ltr'><strong>semper</strong></span> <span class='ocrx_word' id='word_1_322' title='bbox 1639 3841 1931 3898; x_wconf 88' lang='lat' dir='ltr'><strong>vobiscum.</strong></span> <span class='ocrx_word' id='word_1_323' title='bbox 1972 3845 2011 3915; x_wconf 65' lang='grc' dir='ltr'><strong>ἡ</strong></span> <span class='ocrx_word' id='word_1_324' title='bbox 2034 3885 2047 3899; x_wconf 94' lang='grc'><em>.</em></span> <span class='ocrx_word' id='word_1_325' title='bbox 2073 3846 2137 3901; x_wconf 83' lang='grc' dir='ltr'>Ει</span> 
     </span>
    </p>
   </div>
   <div class='ocr_carea' id='block_1_41' title="bbox 546 3919 2135 4003">
    <p class='ocr_par' dir='ltr' id='par_1_41' title="bbox 546 3919 2135 4003">
     <span class='ocr_line' id='line_1_41' title="bbox 546 3919 2135 4003; baseline 0.013 -31"><span class='ocrx_word' id='word_1_326' title='bbox 546 3934 688 3975; x_wconf 87' lang='lat' dir='ltr'><strong>cum.</strong></span> <span class='ocrx_word' id='word_1_327' title='bbox 722 3919 931 4003; x_wconf 17' lang='lat' dir='ltr'><strong>d‘Dicot</strong></span> <span class='ocrx_word' id='word_1_328' title='bbox 961 3922 1180 3982; x_wconf 72' lang='lat' dir='ltr'><strong>Chorus.</strong></span> <span class='ocrx_word' id='word_1_329' title='bbox 1215 3926 1463 3999; x_wconf 74' lang='lat' dir='ltr'><strong>Alleluia.</strong></span> <span class='ocrx_word' id='word_1_330' title='bbox 1527 3931 1561 4000; x_wconf 60' lang='grc' dir='ltr'><em>ᾗ</em></span> <span class='ocrx_word' id='word_1_331' title='bbox 1586 3969 1601 3985; x_wconf 94' lang='grc'><strong>.</strong></span> <span class='ocrx_word' id='word_1_332' title='bbox 1639 3932 1865 3989; x_wconf 87' lang='lat' dir='ltr'><strong>Cantate</strong></span> <span class='ocrx_word' id='word_1_333' title='bbox 1909 3936 2135 3992; x_wconf 87' lang='lat' dir='ltr'><strong>Domino</strong></span> 
     </span>
    </p>
   </div>
   <div class='ocr_carea' id='block_1_42' title="bbox 544 4015 2133 4094">
    <p class='ocr_par' dir='ltr' id='par_1_42' title="bbox 544 4015 2133 4094">
     <span class='ocr_line' id='line_1_42' title="bbox 544 4015 2133 4094; baseline 0.011 -28"><span class='ocrx_word' id='word_1_334' title='bbox 544 4015 808 4069; x_wconf 82' lang='lat' dir='ltr'><strong>canticum</strong></span> <span class='ocrx_word' id='word_1_335' title='bbox 863 4032 1061 4073; x_wconf 91' lang='lat' dir='ltr'><strong>novum</strong></span> <span class='ocrx_word' id='word_1_336' title='bbox 1089 4020 1265 4075; x_wconf 89' lang='lat' dir='ltr'><strong>:bene</strong></span> <span class='ocrx_word' id='word_1_337' title='bbox 1313 4023 1525 4091; x_wconf 83' lang='lat' dir='ltr'><strong>psallite</strong></span> <span class='ocrx_word' id='word_1_338' title='bbox 1554 4022 1579 4061; x_wconf 75' lang='grc' dir='ltr'>¹ί</span> <span class='ocrx_word' id='word_1_339' title='bbox 1609 4026 1661 4079; x_wconf 93' lang='lat' dir='ltr'><strong>in</strong></span> <span class='ocrx_word' id='word_1_340' title='bbox 1692 4026 2031 4094; x_wconf 87' lang='lat' dir='ltr'><strong>jubilatione.</strong></span> <span class='ocrx_word' id='word_1_341' title='bbox 2066 4027 2133 4084; x_wconf 90' lang='lat' dir='ltr'><strong>P.</strong></span> 
     </span>
    </p>
   </div>
   <div class='ocr_carea' id='block_1_43' title="bbox 550 4107 2057 4189">
    <p class='ocr_par' dir='ltr' id='par_1_43' title="bbox 550 4107 2057 4189">
     <span class='ocr_line' id='line_1_43' title="bbox 550 4107 2057 4189; baseline 0.007 -28"><span class='ocrx_word' id='word_1_342' title='bbox 550 4107 801 4176; x_wconf 76' lang='lat' dir='ltr'><strong>Alleluja.</strong></span> <span class='ocrx_word' id='word_1_343' title='bbox 834 4108 981 4162; x_wconf 82' lang='lat' dir='ltr'><strong>Dicat</strong></span> <span class='ocrx_word' id='word_1_344' title='bbox 1020 4109 1194 4166; x_wconf 79' lang='lat' dir='ltr'><strong>Presb.</strong></span> <span class='ocrx_word' id='word_1_345' title='bbox 1228 4112 1492 4183; x_wconf 84' lang='lat' dir='ltr'><strong>Adjuvate</strong></span> <span class='ocrx_word' id='word_1_346' title='bbox 1523 4130 1609 4172; x_wconf 86' lang='lat' dir='ltr'><strong>me</strong></span> <span class='ocrx_word' id='word_1_347' title='bbox 1641 4116 1852 4173; x_wconf 81' lang='lat' dir='ltr'><strong>fratres.</strong></span> <span class='ocrx_word' id='word_1_348' title='bbox 1879 4119 1973 4189; x_wconf 81' lang='lat' dir='ltr'><strong>fol.</strong></span> <span class='ocrx_word' id='word_1_349' title='bbox 2003 4117 2057 4172; x_wconf 93' lang='lat'><strong>8.</strong></span> 
     </span>
    </p>
   </div>
   <div class='ocr_carea' id='block_1_44' title="bbox 617 4210 1054 4277">
    <p class='ocr_par' dir='ltr' id='par_1_44' title="bbox 617 4210 1054 4277">
     <span class='ocr_line' id='line_1_44' title="bbox 617 4210 1054 4277; baseline 0.014 -6"><span class='ocrx_word' id='word_1_350' title='bbox 617 4216 815 4273; x_wconf 76' lang='lat' dir='ltr'><strong>Chorus</strong></span> <span class='ocrx_word' id='word_1_351' title='bbox 843 4210 980 4275; x_wconf 78' lang='lat' dir='ltr'><strong>dicat</strong></span> <span class='ocrx_word' id='word_1_352' title='bbox 1008 4230 1054 4277; x_wconf 75' lang='grc' dir='ltr'><strong>ο.</strong></span> 
     </span>
    </p>
   </div>
   <div class='ocr_carea' id='block_1_45' title="bbox 619 4333 2135 4407">
    <p class='ocr_par' dir='ltr' id='par_1_45' title="bbox 619 4333 2135 4407">
     <span class='ocr_line' id='line_1_45' title="bbox 619 4333 2135 4407; baseline 0.013 -21"><span class='ocrx_word' id='word_1_353' title='bbox 619 4333 968 4402; x_wconf 81' lang='lat' dir='ltr'><strong>Sacri/icium.</strong></span> <span class='ocrx_word' id='word_1_354' title='bbox 1025 4336 1299 4407; x_wconf 78' lang='lat' dir='ltr'><strong>Ingressus</strong></span> <span class='ocrx_word' id='word_1_355' title='bbox 1341 4350 1425 4396; x_wconf 90' lang='lat' dir='ltr'><strong>est</strong></span> <span class='ocrx_word' id='word_1_356' title='bbox 1472 4341 1659 4398; x_wconf 88' lang='lat' dir='ltr'><strong>Daniel</strong></span> <span class='ocrx_word' id='word_1_357' title='bbox 1700 4344 1751 4397; x_wconf 91' lang='lat' dir='ltr'><strong>in</strong></span> <span class='ocrx_word' id='word_1_358' title='bbox 1785 4343 2000 4401; x_wconf 90' lang='lat' dir='ltr'><strong>domum</strong></span> <span class='ocrx_word' id='word_1_359' title='bbox 2032 4348 2135 4405; x_wconf 91' lang='lat' dir='ltr'><strong>Do-</strong></span> 
     </span>
    </p>
   </div>
   <div class='ocr_carea' id='block_1_46' title="bbox 548 4424 2132 4501">
    <p class='ocr_par' dir='ltr' id='par_1_46' title="bbox 548 4424 2132 4501">
     <span class='ocr_line' id='line_1_46' title="bbox 548 4424 2132 4501; baseline 0.009 -22"><span class='ocrx_word' id='word_1_360' title='bbox 548 4424 699 4493; x_wconf 83' lang='lat' dir='ltr'><strong>tniui,</strong></span> <span class='ocrx_word' id='word_1_361' title='bbox 743 4435 797 4481; x_wconf 91' lang='lat' dir='ltr'><strong>et</strong></span> <span class='ocrx_word' id='word_1_362' title='bbox 826 4427 1053 4483; x_wconf 87' lang='lat' dir='ltr'><strong>elevavit</strong></span> <span class='ocrx_word' id='word_1_363' title='bbox 1082 4429 1404 4486; x_wconf 79' lang='lat' dir='ltr'><strong>sacrificium</strong></span> <span class='ocrx_word' id='word_1_364' title='bbox 1438 4432 1633 4501; x_wconf 88' lang='lat' dir='ltr'><strong>populo</strong></span> <span class='ocrx_word' id='word_1_365' title='bbox 1665 4433 1717 4488; x_wconf 91' lang='lat' dir='ltr'><strong>in</strong></span> <span class='ocrx_word' id='word_1_366' title='bbox 1751 4434 1868 4491; x_wconf 93' lang='lat' dir='ltr'><strong>loco</strong></span> <span class='ocrx_word' id='word_1_367' title='bbox 1898 4440 2132 4495; x_wconf 80' lang='lat' dir='ltr'><strong>sanctiﬁ-</strong></span> 
     </span>
    </p>
   </div>
   <div class='ocr_carea' id='block_1_47' title="bbox 2224 517 3450 583">
    <p class='ocr_par' dir='ltr' id='par_1_47' title="bbox 2224 517 3450 583">
     <span class='ocr_line' id='line_1_47' title="bbox 2224 517 3450 583; baseline 0.007 -11"><span class='ocrx_word' id='word_1_368' title='bbox 2224 530 2331 572; x_wconf 82' lang='lat' dir='ltr'><strong>&#39;suo</strong></span> <span class='ocrx_word' id='word_1_369' title='bbox 2350 528 2400 573; x_wconf 90' lang='lat' dir='ltr'><strong>et</strong></span> <span class='ocrx_word' id='word_1_370' title='bbox 2431 517 2636 573; x_wconf 90' lang='lat' dir='ltr'><strong>loeutus</strong></span> <span class='ocrx_word' id='word_1_371' title='bbox 2666 530 2748 575; x_wconf 88' lang='lat' dir='ltr'><strong>est</strong></span> <span class='ocrx_word' id='word_1_372' title='bbox 2780 522 2987 577; x_wconf 87' lang='lat' dir='ltr'><strong>dicens.</strong></span> <span class='ocrx_word' id='word_1_373' title='bbox 3019 522 3086 579; x_wconf 88' lang='lat' dir='ltr'><strong>P.</strong></span> <span class='ocrx_word' id='word_1_374' title='bbox 3122 524 3450 583; x_wconf 87' lang='lat' dir='ltr'><strong>Benedicite.</strong></span> 
     </span>
    </p>
   </div>
   <div class='ocr_carea' id='block_1_48' title="bbox 2307 610 3847 691">
    <p class='ocr_par' dir='ltr' id='par_1_48' title="bbox 2307 610 3847 691">
     <span class='ocr_line' id='line_1_48' title="bbox 2307 610 3847 691; baseline 0.011 -26"><span class='ocrx_word' id='word_1_375' title='bbox 2307 610 2493 668; x_wconf 74' lang='lat' dir='ltr'><strong>Missa.</strong></span> <span class='ocrx_word' id='word_1_376' title='bbox 2518 611 2671 667; x_wconf 84' lang='lat' dir='ltr'><strong>Dicat</strong></span> <span class='ocrx_word' id='word_1_377' title='bbox 2698 612 2878 669; x_wconf 72' lang='lat' dir='ltr'><strong>Presb.</strong></span> <span class='ocrx_word' id='word_1_378' title='bbox 2910 615 3167 673; x_wconf 89' lang='lat' dir='ltr'><strong>Dominus</strong></span> <span class='ocrx_word' id='word_1_379' title='bbox 3189 620 3258 674; x_wconf 88' lang='lat' dir='ltr'><strong>sit</strong></span> <span class='ocrx_word' id='word_1_380' title='bbox 3279 635 3498 691; x_wconf 83' lang='lat' dir='ltr'><strong>semper</strong></span> <span class='ocrx_word' id='word_1_381' title='bbox 3515 621 3847 681; x_wconf 84' lang='lat' dir='ltr'><strong>vobiscum.</strong></span> 
     </span>
    </p>
   </div>
   <div class='ocr_carea' id='block_1_49' title="bbox 2250 705 2587 776">
    <p class='ocr_par' dir='ltr' id='par_1_49' title="bbox 2250 705 2587 776">
     <span class='ocr_line' id='line_1_49' title="bbox 2250 705 2587 776; baseline 0.003 -15"><span class='ocrx_word' id='word_1_382' title='bbox 2250 706 2288 776; x_wconf 70' lang='grc' dir='ltr'>ιῆ</span> <span class='ocrx_word' id='word_1_383' title='bbox 2309 745 2324 762; x_wconf 93' lang='grc'><strong>.</strong></span> <span class='ocrx_word' id='word_1_384' title='bbox 2354 705 2420 762; x_wconf 79' lang='lat' dir='ltr'><strong>Et</strong></span> <span class='ocrx_word' id='word_1_385' title='bbox 2447 722 2587 762; x_wconf 88' lang='lat' dir='ltr'><strong>cum.</strong></span> 
     </span>
    </p>
   </div>
   <div class='ocr_carea' id='block_1_50' title="bbox 2214 799 3844 875">
    <p class='ocr_par' dir='ltr' id='par_1_50' title="bbox 2214 799 3844 875">
     <span class='ocr_line' id='line_1_50' title="bbox 2214 799 3844 875; baseline 0.012 -22"><span class='ocrx_word' id='word_1_386' title='bbox 2214 826 2225 827; x_wconf 47' lang='grc' dir='ltr'>ί</span> <span class='ocrx_word' id='word_1_387' title='bbox 2305 799 2685 859; x_wconf 82' lang='lat' dir='ltr'><strong>Conlortcntur</strong></span> <span class='ocrx_word' id='word_1_388' title='bbox 2729 819 2895 875; x_wconf 88' lang='lat' dir='ltr'><strong>queso</strong></span> <span class='ocrx_word' id='word_1_389' title='bbox 2937 806 3160 863; x_wconf 86' lang='lat' dir='ltr'><strong>Domine</strong></span> <span class='ocrx_word' id='word_1_390' title='bbox 3205 809 3331 865; x_wconf 80' lang='lat' dir='ltr'><strong>Jesu</strong></span> <span class='ocrx_word' id='word_1_391' title='bbox 3377 810 3596 869; x_wconf 88' lang='lat' dir='ltr'><strong>Christe</strong></span> <span class='ocrx_word' id='word_1_392' title='bbox 3638 815 3698 870; x_wconf 90' lang='lat' dir='ltr'><strong>in</strong></span> <span class='ocrx_word' id='word_1_393' title='bbox 3736 817 3844 873; x_wconf 83' lang='lat' dir='ltr'><strong>ad-</strong></span> 
     </span>
    </p>
   </div>
   <div class='ocr_carea' id='block_1_51' title="bbox 2233 899 3847 980">
    <p class='ocr_par' dir='ltr' id='par_1_51' title="bbox 2233 899 3847 980">
     <span class='ocr_line' id='line_1_51' title="bbox 2233 899 3847 980; baseline 0.011 -31"><span class='ocrx_word' id='word_1_394' title='bbox 2233 904 2398 950; x_wconf 89' lang='lat' dir='ltr'><strong>ventu</strong></span> <span class='ocrx_word' id='word_1_395' title='bbox 2449 907 2540 951; x_wconf 92' lang='lat' dir='ltr'><strong>tuo</strong></span> <span class='ocrx_word' id='word_1_396' title='bbox 2586 899 2753 953; x_wconf 84' lang='lat' dir='ltr'><strong>corda</strong></span> <span class='ocrx_word' id='word_1_397' title='bbox 2787 899 3023 955; x_wconf 90' lang='lat' dir='ltr'><strong>ﬁdelium</strong></span> <span class='ocrx_word' id='word_1_398' title='bbox 3054 920 3066 954; x_wconf 88' lang='lat'><strong>:</strong></span> <span class='ocrx_word' id='word_1_399' title='bbox 3094 911 3290 973; x_wconf 84' lang='lat' dir='ltr'><strong>tuoque</strong></span> <span class='ocrx_word' id='word_1_400' title='bbox 3319 905 3372 959; x_wconf 91' lang='lat' dir='ltr'><strong>in</strong></span> <span class='ocrx_word' id='word_1_401' title='bbox 3404 907 3628 963; x_wconf 85' lang='lat' dir='ltr'><strong>nomine</strong></span> <span class='ocrx_word' id='word_1_402' title='bbox 3660 925 3847 980; x_wconf 72' lang='lat' dir='ltr'><strong>genua</strong></span> 
     </span>
    </p>
   </div>
   <div class='ocr_carea' id='block_1_52' title="bbox 2235 990 3846 1059">
    <p class='ocr_par' dir='ltr' id='par_1_52' title="bbox 2235 990 3846 1059">
     <span class='ocr_line' id='line_1_52' title="bbox 2235 990 3846 1059; baseline 0.009 -15"><span class='ocrx_word' id='word_1_403' title='bbox 2235 990 2553 1045; x_wconf 86' lang='lat' dir='ltr'><strong>roborentur</strong></span> <span class='ocrx_word' id='word_1_404' title='bbox 2590 992 2843 1046; x_wconf 90' lang='lat' dir='ltr'><strong>debilium</strong></span> <span class='ocrx_word' id='word_1_405' title='bbox 2875 1011 2887 1046; x_wconf 87' lang='lat'><strong>:</strong></span> <span class='ocrx_word' id='word_1_406' title='bbox 2917 1004 3003 1047; x_wconf 87' lang='lat' dir='ltr'><strong>tua</strong></span> <span class='ocrx_word' id='word_1_407' title='bbox 3042 996 3353 1053; x_wconf 88' lang='lat' dir='ltr'><strong>visitatione</strong></span> <span class='ocrx_word' id='word_1_408' title='bbox 3401 1008 3671 1055; x_wconf 88' lang='lat' dir='ltr'><strong>curentur</strong></span> <span class='ocrx_word' id='word_1_409' title='bbox 3718 1003 3846 1059; x_wconf 77' lang='lat' dir='ltr'><strong>vul-</strong></span> 
     </span>
    </p>
   </div>
   <div class='ocr_carea' id='block_1_53' title="bbox 2236 1091 3846 1157">
    <p class='ocr_par' dir='ltr' id='par_1_53' title="bbox 2236 1091 3846 1157">
     <span class='ocr_line' id='line_1_53' title="bbox 2236 1091 3846 1157; baseline 0.011 -20"><span class='ocrx_word' id='word_1_410' title='bbox 2236 1098 2364 1138; x_wconf 85' lang='lat' dir='ltr'><strong>nera</strong></span> <span class='ocrx_word' id='word_1_411' title='bbox 2412 1094 2718 1155; x_wconf 72' lang='lat' dir='ltr'><strong>egrotorum</strong></span> <span class='ocrx_word' id='word_1_412' title='bbox 2768 1096 2965 1157; x_wconf 88' lang='lat' dir='ltr'><strong>tuoque</strong></span> <span class='ocrx_word' id='word_1_413' title='bbox 2992 1098 3133 1143; x_wconf 87' lang='lat' dir='ltr'><strong>tactu</strong></span> <span class='ocrx_word' id='word_1_414' title='bbox 3164 1092 3304 1146; x_wconf 89' lang='lat' dir='ltr'><strong>oculi</strong></span> <span class='ocrx_word' id='word_1_415' title='bbox 3336 1091 3724 1152; x_wconf 89' lang='lat' dir='ltr'><strong>illutninentur</strong></span> <span class='ocrx_word' id='word_1_416' title='bbox 3750 1110 3846 1154; x_wconf 86' lang='lat' dir='ltr'><strong>ce-</strong></span> 
     </span>
    </p>
   </div>
   <div class='ocr_carea' id='block_1_54' title="bbox 2233 1181 3844 1251">
    <p class='ocr_par' dir='ltr' id='par_1_54' title="bbox 2233 1181 3844 1251">
     <span class='ocr_line' id='line_1_54' title="bbox 2233 1181 3844 1251; baseline 0.006 -18"><span class='ocrx_word' id='word_1_417' title='bbox 2233 1192 2419 1233; x_wconf 86' lang='lat' dir='ltr'><strong>corum</strong></span> <span class='ocrx_word' id='word_1_418' title='bbox 2448 1195 2461 1232; x_wconf 93' lang='lat'><strong>:</strong></span> <span class='ocrx_word' id='word_1_419' title='bbox 2496 1189 2587 1234; x_wconf 88' lang='lat' dir='ltr'><strong>tuo</strong></span> <span class='ocrx_word' id='word_1_420' title='bbox 2615 1181 2877 1249; x_wconf 83' lang='lat' dir='ltr'><strong>regimine</strong></span> <span class='ocrx_word' id='word_1_421' title='bbox 2905 1184 3131 1251; x_wconf 78' lang='lat' dir='ltr'><strong>vestigia</strong></span> <span class='ocrx_word' id='word_1_422' title='bbox 3161 1186 3441 1241; x_wconf 89' lang='lat' dir='ltr'><strong>lirmcntur</strong></span> <span class='ocrx_word' id='word_1_423' title='bbox 3461 1188 3801 1243; x_wconf 86' lang='lat' dir='ltr'><strong>claudornm</strong></span> <span class='ocrx_word' id='word_1_424' title='bbox 3827 1208 3844 1245; x_wconf 88' lang='lat'><strong>:</strong></span> 
     </span>
    </p>
   </div>
   <div class='ocr_carea' id='block_1_55' title="bbox 2237 1272 3845 1348">
    <p class='ocr_par' dir='ltr' id='par_1_55' title="bbox 2237 1272 3845 1348">
     <span class='ocr_line' id='line_1_55' title="bbox 2237 1272 3845 1348; baseline 0.008 -23"><span class='ocrx_word' id='word_1_425' title='bbox 2237 1280 2435 1340; x_wconf 85' lang='lat' dir='ltr'><strong>tuaque</strong></span> <span class='ocrx_word' id='word_1_426' title='bbox 2461 1272 2809 1329; x_wconf 87' lang='lat' dir='ltr'><strong>miseratione</strong></span> <span class='ocrx_word' id='word_1_427' title='bbox 2839 1274 3049 1329; x_wconf 85' lang='lat' dir='ltr'><strong>vincula</strong></span> <span class='ocrx_word' id='word_1_428' title='bbox 3072 1277 3420 1333; x_wconf 67' lang='lat' dir='ltr'><strong>abmivantur</strong></span> <span class='ocrx_word' id='word_1_429' title='bbox 3442 1282 3803 1348; x_wconf 87' lang='lat' dir='ltr'><strong>peccantium</strong></span> <span class='ocrx_word' id='word_1_430' title='bbox 3829 1299 3845 1337; x_wconf 88' lang='lat'><strong>:</strong></span> 
     </span>
    </p>
   </div>
   <div class='ocr_carea' id='block_1_56' title="bbox 2234 1365 3849 1441">
    <p class='ocr_par' dir='ltr' id='par_1_56' title="bbox 2234 1365 3849 1441">
     <span class='ocr_line' id='line_1_56' title="bbox 2234 1365 3849 1441; baseline 0.006 -24"><span class='ocrx_word' id='word_1_431' title='bbox 2234 1379 2473 1433; x_wconf 74' lang='lat' dir='ltr'><strong>quosque</strong></span> <span class='ocrx_word' id='word_1_432' title='bbox 2514 1365 2774 1434; x_wconf 84' lang='lat' dir='ltr'><strong>perspicis</strong></span> <span class='ocrx_word' id='word_1_433' title='bbox 2813 1365 3098 1421; x_wconf 87' lang='lat' dir='ltr'><strong>adventum</strong></span> <span class='ocrx_word' id='word_1_434' title='bbox 3131 1368 3257 1422; x_wconf 71' lang='lat' dir='ltr'><strong>olim</strong></span> <span class='ocrx_word' id='word_1_435' title='bbox 3293 1368 3311 1406; x_wconf 72' lang='grc' dir='ltr'>ί</span> <span class='ocrx_word' id='word_1_436' title='bbox 3347 1372 3568 1441; x_wconf 87' lang='lat' dir='ltr'><strong>mystice</strong></span> <span class='ocrx_word' id='word_1_437' title='bbox 3613 1382 3849 1441; x_wconf 85' lang='lat' dir='ltr'><strong>peracte</strong></span> 
     </span>
    </p>
   </div>
   <div class='ocr_carea' id='block_1_57' title="bbox 2236 1459 3845 1529">
    <p class='ocr_par' dir='ltr' id='par_1_57' title="bbox 2236 1459 3845 1529">
     <span class='ocr_line' id='line_1_57' title="bbox 2236 1459 3845 1529; baseline 0.004 -15"><span class='ocrx_word' id='word_1_438' title='bbox 2236 1459 2622 1514; x_wconf 83' lang='lat' dir='ltr'><strong>incarnationis</strong></span> <span class='ocrx_word' id='word_1_439' title='bbox 2670 1469 2757 1514; x_wconf 91' lang='lat' dir='ltr'><strong>lue</strong></span> <span class='ocrx_word' id='word_1_440' title='bbox 2795 1477 2936 1516; x_wconf 89' lang='lat' dir='ltr'><strong>nunc</strong></span> <span class='ocrx_word' id='word_1_441' title='bbox 2987 1463 3383 1529; x_wconf 89' lang='lat' dir='ltr'><strong>promptissima</strong></span> <span class='ocrx_word' id='word_1_442' title='bbox 3411 1463 3716 1521; x_wconf 83' lang='lat' dir='ltr'><strong>devotione</strong></span> <span class='ocrx_word' id='word_1_443' title='bbox 3748 1482 3845 1521; x_wconf 88' lang='lat' dir='ltr'><strong>su-</strong></span> 
     </span>
    </p>
   </div>
   <div class='ocr_carea' id='block_1_58' title="bbox 2234 1554 3849 1627">
    <p class='ocr_par' dir='ltr' id='par_1_58' title="bbox 2234 1554 3849 1627">
     <span class='ocr_line' id='line_1_58' title="bbox 2234 1554 3849 1627; baseline 0.003 -18"><span class='ocrx_word' id='word_1_444' title='bbox 2234 1556 2482 1625; x_wconf 89' lang='lat' dir='ltr'><strong>scipere:</strong></span> <span class='ocrx_word' id='word_1_445' title='bbox 2535 1556 2631 1610; x_wconf 90' lang='lat' dir='ltr'><strong>hos</strong></span> <span class='ocrx_word' id='word_1_446' title='bbox 2673 1554 2833 1609; x_wconf 76' lang='lat' dir='ltr'><strong>facito</strong></span> <span class='ocrx_word' id='word_1_447' title='bbox 2878 1555 2931 1609; x_wconf 90' lang='lat' dir='ltr'><strong>in</strong></span> <span class='ocrx_word' id='word_1_448' title='bbox 2976 1556 3267 1610; x_wconf 87' lang='lat' dir='ltr'><strong>secundum</strong></span> <span class='ocrx_word' id='word_1_449' title='bbox 3307 1557 3492 1627; x_wconf 89' lang='lat' dir='ltr'><strong>judicii</strong></span> <span class='ocrx_word' id='word_1_450' title='bbox 3522 1560 3600 1613; x_wconf 91' lang='lat' dir='ltr'><strong>tui</strong></span> <span class='ocrx_word' id='word_1_451' title='bbox 3633 1561 3849 1614; x_wconf 82' lang='lat' dir='ltr'><strong>adven-</strong></span> 
     </span>
    </p>
   </div>
   <div class='ocr_carea' id='block_1_59' title="bbox 2237 1646 3845 1720">
    <p class='ocr_par' dir='ltr' id='par_1_59' title="bbox 2237 1646 3845 1720">
     <span class='ocr_line' id='line_1_59' title="bbox 2237 1646 3845 1720; baseline 0.004 -20"><span class='ocrx_word' id='word_1_452' title='bbox 2237 1655 2344 1700; x_wconf 90' lang='lat' dir='ltr'><strong>tum</strong></span> <span class='ocrx_word' id='word_1_453' title='bbox 2398 1646 2463 1699; x_wconf 89' lang='lat' dir='ltr'><strong>ad</strong></span> <span class='ocrx_word' id='word_1_454' title='bbox 2497 1656 2547 1700; x_wconf 91' lang='lat' dir='ltr'><strong>te</strong></span> <span class='ocrx_word' id='word_1_455' title='bbox 2588 1647 2953 1701; x_wconf 84' lang='lat' dir='ltr'><strong>exultantihns</strong></span> <span class='ocrx_word' id='word_1_456' title='bbox 2995 1648 3188 1701; x_wconf 89' lang='lat' dir='ltr'><strong>animis</strong></span> <span class='ocrx_word' id='word_1_457' title='bbox 3235 1650 3550 1716; x_wconf 84' lang='lat' dir='ltr'><strong>pervenire:</strong></span> <span class='ocrx_word' id='word_1_458' title='bbox 3582 1661 3761 1720; x_wconf 85' lang='lat' dir='ltr'><strong>atque</strong></span> <span class='ocrx_word' id='word_1_459' title='bbox 3788 1651 3845 1707; x_wconf 81' lang='lat' dir='ltr'><strong>in</strong></span> 
     </span>
    </p>
   </div>
   <div class='ocr_carea' id='block_1_60' title="bbox 2241 1738 3846 1807">
    <p class='ocr_par' dir='ltr' id='par_1_60' title="bbox 2241 1738 3846 1807">
     <span class='ocr_line' id='line_1_60' title="bbox 2241 1738 3846 1807; baseline 0.006 -17"><span class='ocrx_word' id='word_1_460' title='bbox 2241 1741 2526 1793; x_wconf 82' lang='lat' dir='ltr'><strong>amenitate</strong></span> <span class='ocrx_word' id='word_1_461' title='bbox 2571 1738 2800 1807; x_wconf 81' lang='lat' dir='ltr'><strong>paradisi</strong></span> <span class='ocrx_word' id='word_1_462' title='bbox 2847 1740 3233 1807; x_wconf 78' lang='lat' dir='ltr'><strong>jocundaturos</strong></span> <span class='ocrx_word' id='word_1_463' title='bbox 3292 1740 3544 1798; x_wconf 89' lang='lat' dir='ltr'><strong>inducere</strong></span> <span class='ocrx_word' id='word_1_464' title='bbox 3590 1760 3605 1796; x_wconf 90' lang='lat'><strong>:</strong></span> <span class='ocrx_word' id='word_1_465' title='bbox 3664 1754 3727 1798; x_wconf 93' lang='lat' dir='ltr'><strong>ut</strong></span> <span class='ocrx_word' id='word_1_466' title='bbox 3774 1746 3846 1801; x_wconf 81' lang='lat' dir='ltr'><strong>ab</strong></span> 
     </span>
    </p>
   </div>
   <div class='ocr_carea' id='block_1_61' title="bbox 2241 1832 3845 1907">
    <p class='ocr_par' dir='ltr' id='par_1_61' title="bbox 2241 1832 3845 1907">
     <span class='ocr_line' id='line_1_61' title="bbox 2241 1832 3845 1907; baseline 0.006 -24"><span class='ocrx_word' id='word_1_467' title='bbox 2241 1832 2437 1885; x_wconf 76' lang='lat' dir='ltr'><strong>cternis</strong></span> <span class='ocrx_word' id='word_1_468' title='bbox 2481 1834 2630 1901; x_wconf 92' lang='lat' dir='ltr'><strong>penis</strong></span> <span class='ocrx_word' id='word_1_469' title='bbox 2661 1841 2748 1885; x_wconf 91' lang='lat' dir='ltr'><strong>tua</strong></span> <span class='ocrx_word' id='word_1_470' title='bbox 2778 1832 3063 1887; x_wconf 85' lang='lat' dir='ltr'><strong>clementia</strong></span> <span class='ocrx_word' id='word_1_471' title='bbox 3116 1834 3605 1907; x_wconf 80' lang='lat' dir='ltr'><strong>liberatizviteque</strong></span> <span class='ocrx_word' id='word_1_472' title='bbox 3648 1848 3845 1894; x_wconf 71' lang='lat' dir='ltr'><strong>eterna</strong></span> 
     </span>
    </p>
   </div>
   <div class='ocr_carea' id='block_1_62' title="bbox 2234 1923 3840 1995">
    <p class='ocr_par' dir='ltr' id='par_1_62' title="bbox 2234 1923 3840 1995">
     <span class='ocr_line' id='line_1_62' title="bbox 2234 1923 3840 1995; baseline 0.007 -21"><span class='ocrx_word' id='word_1_473' title='bbox 2234 1923 2526 1992; x_wconf 84' lang='lat' dir='ltr'><strong>participes</strong></span> <span class='ocrx_word' id='word_1_474' title='bbox 2568 1925 2688 1978; x_wconf 91' lang='lat' dir='ltr'><strong>lacti</strong></span> <span class='ocrx_word' id='word_1_475' title='bbox 2719 1941 2732 1978; x_wconf 91' lang='lat'><strong>:</strong></span> <span class='ocrx_word' id='word_1_476' title='bbox 2763 1924 2933 1995; x_wconf 77' lang='lat' dir='ltr'><strong>glorie</strong></span> <span class='ocrx_word' id='word_1_477' title='bbox 2981 1934 3073 1981; x_wconf 91' lang='lat' dir='ltr'><strong>tue</strong></span> <span class='ocrx_word' id='word_1_478' title='bbox 3115 1928 3398 1983; x_wconf 89' lang='lat' dir='ltr'><strong>decantent</strong></span> <span class='ocrx_word' id='word_1_479' title='bbox 3447 1927 3625 1984; x_wconf 86' lang='lat' dir='ltr'><strong>laudis</strong></span> <span class='ocrx_word' id='word_1_480' title='bbox 3655 1930 3840 1986; x_wconf 83' lang='lat' dir='ltr'><strong>canti-</strong></span> 
     </span>
    </p>
   </div>
   <div class='ocr_carea' id='block_1_63' title="bbox 2234 2029 2649 2070">
    <p class='ocr_par' dir='ltr' id='par_1_63' title="bbox 2234 2029 2649 2070">
     <span class='ocr_line' id='line_1_63' title="bbox 2234 2029 2649 2070; baseline 0.002 -1"><span class='ocrx_word' id='word_1_481' title='bbox 2234 2031 2352 2069; x_wconf 84' lang='lat' dir='ltr'>CUIII</span> <span class='ocrx_word' id='word_1_482' title='bbox 2384 2029 2649 2070; x_wconf 73' lang='grc' dir='ltr'>οοιοιιτιιι.</span> 
     </span>
    </p>
   </div>
   <div class='ocr_carea' id='block_1_64' title="bbox 2322 2107 2614 2170">
    <p class='ocr_par' dir='ltr' id='par_1_64' title="bbox 2322 2107 2614 2170">
     <span class='ocr_line' id='line_1_64' title="bbox 2322 2107 2614 2170; baseline 0.003 -11"><span class='ocrx_word' id='word_1_483' title='bbox 2322 2107 2357 2170; x_wconf 73' lang='lat' dir='ltr'><strong>ti;</strong></span> <span class='ocrx_word' id='word_1_484' title='bbox 2381 2147 2393 2160; x_wconf 92' lang='lat'><strong>.</strong></span> <span class='ocrx_word' id='word_1_485' title='bbox 2422 2107 2614 2161; x_wconf 81' lang='lat' dir='ltr'><strong>Amen.</strong></span> 
     </span>
    </p>
   </div>
   <div class='ocr_carea' id='block_1_65' title="bbox 2306 2198 3842 2273">
    <p class='ocr_par' dir='ltr' id='par_1_65' title="bbox 2306 2198 3842 2273">
     <span class='ocr_line' id='line_1_65' title="bbox 2306 2198 3842 2273; baseline 0.012 -22"><span class='ocrx_word' id='word_1_486' title='bbox 2306 2198 2443 2253; x_wconf 81' lang='lat' dir='ltr'><strong>Alia.</strong></span> <span class='ocrx_word' id='word_1_487' title='bbox 2499 2200 2724 2254; x_wconf 87' lang='lat' dir='ltr'><strong>Domine</strong></span> <span class='ocrx_word' id='word_1_488' title='bbox 2767 2199 2894 2255; x_wconf 82' lang='lat' dir='ltr'><strong>Jesu</strong></span> <span class='ocrx_word' id='word_1_489' title='bbox 2944 2202 3160 2258; x_wconf 84' lang='lat' dir='ltr'><strong>Christe</strong></span> <span class='ocrx_word' id='word_1_490' title='bbox 3210 2204 3301 2273; x_wconf 87' lang='lat' dir='ltr'><strong>qui</strong></span> <span class='ocrx_word' id='word_1_491' title='bbox 3338 2204 3465 2261; x_wconf 88' lang='lat' dir='ltr'><strong>olim</strong></span> <span class='ocrx_word' id='word_1_492' title='bbox 3510 2206 3729 2264; x_wconf 80' lang='lat' dir='ltr'><strong>venisti</strong></span> <span class='ocrx_word' id='word_1_493' title='bbox 3747 2225 3842 2268; x_wconf 86' lang='lat' dir='ltr'><strong>oc-</strong></span> 
     </span>
    </p>
   </div>
   <div class='ocr_carea' id='block_1_66' title="bbox 2233 2293 3840 2370">
    <p class='ocr_par' dir='ltr' id='par_1_66' title="bbox 2233 2293 3840 2370">
     <span class='ocr_line' id='line_1_66' title="bbox 2233 2293 3840 2370; baseline 0.008 -23"><span class='ocrx_word' id='word_1_494' title='bbox 2233 2293 2409 2347; x_wconf 91' lang='lat' dir='ltr'><strong>cullus</strong></span> <span class='ocrx_word' id='word_1_495' title='bbox 2442 2310 2560 2346; x_wconf 76' lang='lat' dir='ltr'><strong>Cliti!</strong></span> <span class='ocrx_word' id='word_1_496' title='bbox 2597 2294 2909 2362; x_wconf 89' lang='lat' dir='ltr'><strong>apparueris</strong></span> <span class='ocrx_word' id='word_1_497' title='bbox 2949 2295 3261 2351; x_wconf 78' lang='lat' dir='ltr'><strong>manifestus</strong></span> <span class='ocrx_word' id='word_1_498' title='bbox 3291 2316 3303 2349; x_wconf 88' lang='lat'><strong>:</strong></span> <span class='ocrx_word' id='word_1_499' title='bbox 3335 2297 3531 2355; x_wconf 88' lang='lat' dir='ltr'><strong>assiste</strong></span> <span class='ocrx_word' id='word_1_500' title='bbox 3560 2303 3840 2370; x_wconf 76' lang='lat' dir='ltr'><strong>propitius</strong></span> 
     </span>
    </p>
   </div>
   <div class='ocr_carea' id='block_1_67' title="bbox 2235 2382 3840 2457">
    <p class='ocr_par' dir='ltr' id='par_1_67' title="bbox 2235 2382 3840 2457">
     <span class='ocr_line' id='line_1_67' title="bbox 2235 2382 3840 2457; baseline 0.008 -20"><span class='ocrx_word' id='word_1_501' title='bbox 2235 2382 2558 2438; x_wconf 82' lang='lat' dir='ltr'><strong>liberaturus</strong></span> <span class='ocrx_word' id='word_1_502' title='bbox 2607 2385 2855 2455; x_wconf 84' lang='lat' dir='ltr'><strong>pepulqu</strong></span> <span class='ocrx_word' id='word_1_503' title='bbox 2899 2395 3045 2439; x_wconf 90' lang='lat' dir='ltr'><strong>tuum</strong></span> <span class='ocrx_word' id='word_1_504' title='bbox 3076 2386 3145 2442; x_wconf 88' lang='lat' dir='ltr'><strong>ab</strong></span> <span class='ocrx_word' id='word_1_505' title='bbox 3172 2386 3464 2457; x_wconf 89' lang='lat' dir='ltr'><strong>impiorum</strong></span> <span class='ocrx_word' id='word_1_506' title='bbox 3496 2399 3551 2445; x_wconf 89' lang='lat' dir='ltr'><strong>et</strong></span> <span class='ocrx_word' id='word_1_507' title='bbox 3579 2408 3612 2446; x_wconf 89' lang='lat' dir='ltr'><strong>a</strong></span> <span class='ocrx_word' id='word_1_508' title='bbox 3644 2395 3840 2450; x_wconf 87' lang='lat' dir='ltr'><strong>crimi-</strong></span> 
     </span>
    </p>
   </div>
   <div class='ocr_carea' id='block_1_68' title="bbox 2234 2476 3839 2555">
    <p class='ocr_par' dir='ltr' id='par_1_68' title="bbox 2234 2476 3839 2555">
     <span class='ocr_line' id='line_1_68' title="bbox 2234 2476 3839 2555; baseline 0.011 -26"><span class='ocrx_word' id='word_1_509' title='bbox 2234 2493 2359 2531; x_wconf 90' lang='lat' dir='ltr'><strong>num</strong></span> <span class='ocrx_word' id='word_1_510' title='bbox 2386 2476 2555 2547; x_wconf 84' lang='lat' dir='ltr'><strong>jugo:</strong></span> <span class='ocrx_word' id='word_1_511' title='bbox 2590 2488 2644 2531; x_wconf 90' lang='lat' dir='ltr'><strong>ut</strong></span> <span class='ocrx_word' id='word_1_512' title='bbox 2687 2478 2781 2532; x_wconf 90' lang='lat' dir='ltr'><strong>tibi</strong></span> <span class='ocrx_word' id='word_1_513' title='bbox 2829 2479 2979 2549; x_wconf 88' lang='lat' dir='ltr'><strong>plebs</strong></span> <span class='ocrx_word' id='word_1_514' title='bbox 3027 2488 3112 2534; x_wconf 88' lang='lat' dir='ltr'><strong>tua</strong></span> <span class='ocrx_word' id='word_1_515' title='bbox 3159 2482 3360 2536; x_wconf 88' lang='lat' dir='ltr'><strong>serviat</strong></span> <span class='ocrx_word' id='word_1_516' title='bbox 3401 2485 3454 2538; x_wconf 93' lang='lat' dir='ltr'><strong>in</strong></span> <span class='ocrx_word' id='word_1_517' title='bbox 3487 2486 3839 2555; x_wconf 78' lang='lat' dir='ltr'><strong>equitateza</strong></span> 
     </span>
    </p>
   </div>
   <div class='ocr_carea' id='block_1_69' title="bbox 2232 2565 3621 2640">
    <p class='ocr_par' dir='ltr' id='par_1_69' title="bbox 2232 2565 3621 2640">
     <span class='ocr_line' id='line_1_69' title="bbox 2232 2565 3621 2640; baseline 0.008 -23"><span class='ocrx_word' id='word_1_518' title='bbox 2232 2580 2338 2635; x_wconf 86' lang='lat' dir='ltr'><strong>quo</strong></span> <span class='ocrx_word' id='word_1_519' title='bbox 2367 2565 2657 2619; x_wconf 81' lang='lat' dir='ltr'><strong>liberantur</strong></span> <span class='ocrx_word' id='word_1_520' title='bbox 2686 2566 2753 2619; x_wconf 85' lang='lat' dir='ltr'><strong>ab</strong></span> <span class='ocrx_word' id='word_1_521' title='bbox 2777 2566 2921 2620; x_wconf 84' lang='lat' dir='ltr'><strong>omni</strong></span> <span class='ocrx_word' id='word_1_522' title='bbox 2955 2568 3218 2623; x_wconf 67' lang='lat' dir='ltr'><strong>malorum</strong></span> <span class='ocrx_word' id='word_1_523' title='bbox 3250 2573 3621 2640; x_wconf 88' lang='lat' dir='ltr'><strong>oppressione.</strong></span> 
     </span>
    </p>
   </div>
   <div class='ocr_carea' id='block_1_70' title="bbox 2322 2657 2618 2725">
    <p class='ocr_par' dir='ltr' id='par_1_70' title="bbox 2322 2657 2618 2725">
     <span class='ocr_line' id='line_1_70' title="bbox 2322 2657 2618 2725; baseline 0.007 -16"><span class='ocrx_word' id='word_1_524' title='bbox 2322 2657 2358 2725; x_wconf 68' lang='grc' dir='ltr'><strong>ιῆ</strong></span> <span class='ocrx_word' id='word_1_525' title='bbox 2379 2693 2395 2709; x_wconf 94' lang='grc'><strong>.</strong></span> <span class='ocrx_word' id='word_1_526' title='bbox 2424 2658 2618 2714; x_wconf 84' lang='lat' dir='ltr'><strong>Amen.</strong></span> 
     </span>
    </p>
   </div>
   <div class='ocr_carea' id='block_1_71' title="bbox 2309 2750 3841 2828">
    <p class='ocr_par' dir='ltr' id='par_1_71' title="bbox 2309 2750 3841 2828">
     <span class='ocr_line' id='line_1_71' title="bbox 2309 2750 3841 2828; baseline 0.008 -23"><span class='ocrx_word' id='word_1_527' title='bbox 2309 2750 2435 2806; x_wconf 74' lang='lat' dir='ltr'><strong>Post</strong></span> <span class='ocrx_word' id='word_1_528' title='bbox 2476 2754 2710 2807; x_wconf 84' lang='lat' dir='ltr'><strong>nomina.</strong></span> <span class='ocrx_word' id='word_1_529' title='bbox 2756 2751 2969 2809; x_wconf 83' lang='lat' dir='ltr'><strong>Christe</strong></span> <span class='ocrx_word' id='word_1_530' title='bbox 3000 2756 3093 2811; x_wconf 87' lang='lat' dir='ltr'><strong>Dei</strong></span> <span class='ocrx_word' id='word_1_531' title='bbox 3125 2755 3266 2810; x_wconf 89' lang='lat' dir='ltr'><strong>ﬁlius</strong></span> <span class='ocrx_word' id='word_1_532' title='bbox 3296 2772 3309 2812; x_wconf 91' lang='lat'><strong>:</strong></span> <span class='ocrx_word' id='word_1_533' title='bbox 3340 2756 3494 2828; x_wconf 83' lang='lat' dir='ltr'><strong>cujus</strong></span> <span class='ocrx_word' id='word_1_534' title='bbox 3523 2759 3841 2818; x_wconf 81' lang='lat' dir='ltr'><strong>incarnatio</strong></span> 
     </span>
    </p>
   </div>
   <div class='ocr_carea' id='block_1_72' title="bbox 2236 2845 3843 2921">
    <p class='ocr_par' dir='ltr' id='par_1_72' title="bbox 2236 2845 3843 2921">
     <span class='ocr_line' id='line_1_72' title="bbox 2236 2845 3843 2921; baseline 0.007 -22"><span class='ocrx_word' id='word_1_535' title='bbox 2236 2845 2504 2913; x_wconf 86' lang='lat' dir='ltr'><strong>reparavit</strong></span> <span class='ocrx_word' id='word_1_536' title='bbox 2560 2846 3151 2917; x_wconf 67' lang='lat' dir='ltr'><strong>mundunncujusque</strong></span> <span class='ocrx_word' id='word_1_537' title='bbox 3209 2862 3403 2903; x_wconf 90' lang='lat' dir='ltr'><strong>nomen</strong></span> <span class='ocrx_word' id='word_1_538' title='bbox 3451 2850 3692 2921; x_wconf 76' lang='lat' dir='ltr'><strong>angelica</strong></span> <span class='ocrx_word' id='word_1_539' title='bbox 3751 2861 3843 2910; x_wconf 77' lang='lat' dir='ltr'><strong>est</strong></span> 
     </span>
    </p>
   </div>
   <div class='ocr_carea' id='block_1_73' title="bbox 2235 2939 3838 3002">
    <p class='ocr_par' dir='ltr' id='par_1_73' title="bbox 2235 2939 3838 3002">
     <span class='ocr_line' id='line_1_73' title="bbox 2235 2939 3838 3002; baseline 0.006 -10"><span class='ocrx_word' id='word_1_540' title='bbox 2235 2954 2365 2994; x_wconf 88' lang='lat' dir='ltr'><strong>voce</strong></span> <span class='ocrx_word' id='word_1_541' title='bbox 2395 2940 2794 2993; x_wconf 75' lang='lat' dir='ltr'><strong>denunciatttm.</strong></span> <span class='ocrx_word' id='word_1_542' title='bbox 2825 2940 2903 2994; x_wconf 88' lang='lat' dir='ltr'><strong>&#39;l‘u</strong></span> <span class='ocrx_word' id='word_1_543' title='bbox 2941 2939 3280 2996; x_wconf 75' lang='lat' dir='ltr'><strong>oll‘ercntittm</strong></span> <span class='ocrx_word' id='word_1_544' title='bbox 3326 2941 3543 2997; x_wconf 75' lang='lat' dir='ltr'><strong>nomina</strong></span> <span class='ocrx_word' id='word_1_545' title='bbox 3572 2944 3709 3000; x_wconf 87' lang='lat' dir='ltr'><strong>illuc</strong></span> <span class='ocrx_word' id='word_1_546' title='bbox 3743 2960 3838 3002; x_wconf 81' lang='lat' dir='ltr'><strong>as-</strong></span> 
     </span>
    </p>
   </div>
   <div class='ocr_carea' id='block_1_74' title="bbox 2235 3031 3840 3105">
    <p class='ocr_par' dir='ltr' id='par_1_74' title="bbox 2235 3031 3840 3105">
     <span class='ocr_line' id='line_1_74' title="bbox 2235 3031 3840 3105; baseline 0.006 -21"><span class='ocrx_word' id='word_1_547' title='bbox 2235 3032 2411 3086; x_wconf 82' lang='lat' dir='ltr'><strong>setibe</strong></span> <span class='ocrx_word' id='word_1_548' title='bbox 2437 3049 2450 3086; x_wconf 93' lang='lat'><strong>:</strong></span> <span class='ocrx_word' id='word_1_549' title='bbox 2477 3046 2583 3102; x_wconf 91' lang='lat' dir='ltr'><strong>quo</strong></span> <span class='ocrx_word' id='word_1_550' title='bbox 2612 3031 2727 3100; x_wconf 81' lang='lat' dir='ltr'><strong>ipse</strong></span> <span class='ocrx_word' id='word_1_551' title='bbox 2771 3032 3056 3101; x_wconf 87' lang='lat' dir='ltr'><strong>precepisti</strong></span> <span class='ocrx_word' id='word_1_552' title='bbox 3102 3033 3153 3086; x_wconf 89' lang='lat' dir='ltr'><strong>in</strong></span> <span class='ocrx_word' id='word_1_553' title='bbox 3201 3047 3447 3103; x_wconf 87' lang='lat' dir='ltr'><strong>corpore.</strong></span> <span class='ocrx_word' id='word_1_554' title='bbox 3479 3034 3548 3091; x_wconf 86' lang='lat' dir='ltr'><strong>Ut</strong></span> <span class='ocrx_word' id='word_1_555' title='bbox 3574 3052 3715 3105; x_wconf 87' lang='lat' dir='ltr'><strong>quos</strong></span> <span class='ocrx_word' id='word_1_556' title='bbox 3749 3037 3840 3094; x_wconf 87' lang='lat' dir='ltr'><strong>hic</strong></span> 
     </span>
    </p>
   </div>
   <div class='ocr_carea' id='block_1_75' title="bbox 2236 3126 3841 3197">
    <p class='ocr_par' dir='ltr' id='par_1_75' title="bbox 2236 3126 3841 3197">
     <span class='ocr_line' id='line_1_75' title="bbox 2236 3126 3841 3197; baseline 0.005 -17"><span class='ocrx_word' id='word_1_557' title='bbox 2236 3128 2495 3182; x_wconf 86' lang='lat' dir='ltr'><strong>adventus</strong></span> <span class='ocrx_word' id='word_1_558' title='bbox 2545 3126 2698 3196; x_wconf 87' lang='lat' dir='ltr'><strong>primi</strong></span> <span class='ocrx_word' id='word_1_559' title='bbox 2732 3128 2902 3197; x_wconf 79' lang='lat' dir='ltr'><strong>gratia</strong></span> <span class='ocrx_word' id='word_1_560' title='bbox 2933 3126 3206 3181; x_wconf 85' lang='lat' dir='ltr'><strong>redemisti</strong></span> <span class='ocrx_word' id='word_1_561' title='bbox 3242 3146 3254 3181; x_wconf 90' lang='lat'><strong>:</strong></span> <span class='ocrx_word' id='word_1_562' title='bbox 3284 3129 3334 3182; x_wconf 86' lang='lat' dir='ltr'><strong>iu</strong></span> <span class='ocrx_word' id='word_1_563' title='bbox 3366 3128 3591 3184; x_wconf 84' lang='lat' dir='ltr'><strong>secundi</strong></span> <span class='ocrx_word' id='word_1_564' title='bbox 3625 3130 3841 3188; x_wconf 81' lang='lat' dir='ltr'><strong>adven-</strong></span> 
     </span>
    </p>
   </div>
   <div class='ocr_carea' id='block_1_76' title="bbox 2238 3218 3835 3294">
    <p class='ocr_par' dir='ltr' id='par_1_76' title="bbox 2238 3218 3835 3294">
     <span class='ocr_line' id='line_1_76' title="bbox 2238 3218 3835 3294; baseline 0.004 -21"><span class='ocrx_word' id='word_1_565' title='bbox 2238 3228 2321 3273; x_wconf 88' lang='lat' dir='ltr'><strong>tus</strong></span> <span class='ocrx_word' id='word_1_566' title='bbox 2368 3219 2767 3273; x_wconf 75' lang='lat' dir='ltr'><strong>examinatio:;e</strong></span> <span class='ocrx_word' id='word_1_567' title='bbox 2797 3236 2809 3271; x_wconf 87' lang='lat'><strong>:</strong></span> <span class='ocrx_word' id='word_1_568' title='bbox 2842 3218 2984 3272; x_wconf 89' lang='lat' dir='ltr'><strong>nulla</strong></span> <span class='ocrx_word' id='word_1_569' title='bbox 3032 3229 3325 3274; x_wconf 77' lang='lat' dir='ltr'><strong>exuranlur</strong></span> <span class='ocrx_word' id='word_1_570' title='bbox 3363 3235 3499 3290; x_wconf 90' lang='lat' dir='ltr'><strong>pena</strong></span> <span class='ocrx_word' id='word_1_571' title='bbox 3529 3223 3835 3294; x_wconf 86' lang='lat' dir='ltr'><strong>supplicii:</strong></span> 
     </span>
    </p>
   </div>
   <div class='ocr_carea' id='block_1_77' title="bbox 2235 3310 3837 3383">
    <p class='ocr_par' dir='ltr' id='par_1_77' title="bbox 2235 3310 3837 3383">
     <span class='ocr_line' id='line_1_77' title="bbox 2235 3310 3837 3383; baseline 0.003 -16"><span class='ocrx_word' id='word_1_572' title='bbox 2235 3311 2417 3382; x_wconf 84' lang='lat' dir='ltr'><strong>sicque</strong></span> <span class='ocrx_word' id='word_1_573' title='bbox 2458 3326 2598 3366; x_wconf 88' lang='lat' dir='ltr'><strong>nunc</strong></span> <span class='ocrx_word' id='word_1_574' title='bbox 2638 3328 2733 3381; x_wconf 90' lang='lat' dir='ltr'><strong>pro</strong></span> <span class='ocrx_word' id='word_1_575' title='bbox 2762 3310 3133 3366; x_wconf 78' lang='lat' dir='ltr'><strong>defunctorum</strong></span> <span class='ocrx_word' id='word_1_576' title='bbox 3169 3310 3403 3367; x_wconf 89' lang='lat' dir='ltr'><strong>ﬁdelium</strong></span> <span class='ocrx_word' id='word_1_577' title='bbox 3437 3323 3620 3383; x_wconf 87' lang='lat' dir='ltr'><strong>qutele</strong></span> <span class='ocrx_word' id='word_1_578' title='bbox 3648 3330 3837 3373; x_wconf 82' lang='lat' dir='ltr'><strong>exau-</strong></span> 
     </span>
    </p>
   </div>
   <div class='ocr_carea' id='block_1_78' title="bbox 2236 3404 3833 3476">
    <p class='ocr_par' dir='ltr' id='par_1_78' title="bbox 2236 3404 3833 3476">
     <span class='ocr_line' id='line_1_78' title="bbox 2236 3404 3833 3476; baseline 0.004 -18"><span class='ocrx_word' id='word_1_579' title='bbox 2236 3404 2616 3473; x_wconf 78' lang='lat' dir='ltr'><strong>diamurzquo</strong></span> <span class='ocrx_word' id='word_1_580' title='bbox 2649 3414 2697 3457; x_wconf 90' lang='lat' dir='ltr'><strong>te</strong></span> <span class='ocrx_word' id='word_1_581' title='bbox 2725 3404 3015 3471; x_wconf 85' lang='lat' dir='ltr'><strong>epitulante</strong></span> <span class='ocrx_word' id='word_1_582' title='bbox 3059 3415 3249 3460; x_wconf 87' lang='lat' dir='ltr'><strong>eterno</strong></span> <span class='ocrx_word' id='word_1_583' title='bbox 3299 3417 3421 3461; x_wconf 90' lang='lat' dir='ltr'><strong>cum</strong></span> <span class='ocrx_word' id='word_1_584' title='bbox 3472 3406 3575 3461; x_wconf 89' lang='lat' dir='ltr'><strong>illis</strong></span> <span class='ocrx_word' id='word_1_585' title='bbox 3620 3408 3833 3476; x_wconf 71' lang='lat' dir='ltr'><strong>pariter</strong></span> 
     </span>
    </p>
   </div>
   <div class='ocr_carea' id='block_1_79' title="bbox 2238 3494 3103 3551">
    <p class='ocr_par' dir='ltr' id='par_1_79' title="bbox 2238 3494 3103 3551">
     <span class='ocr_line' id='line_1_79' title="bbox 2238 3494 3103 3551; baseline 0 -2"><span class='ocrx_word' id='word_1_586' title='bbox 2238 3495 2474 3549; x_wconf 87' lang='lat' dir='ltr'><strong>lruamur</strong></span> <span class='ocrx_word' id='word_1_587' title='bbox 2496 3496 2771 3549; x_wconf 81' lang='lat' dir='ltr'><strong>consortio</strong></span> <span class='ocrx_word' id='word_1_588' title='bbox 2802 3494 3103 3551; x_wconf 67' lang='lat' dir='ltr'><strong>beatorum.</strong></span> 
     </span>
    </p>
   </div>
   <div class='ocr_carea' id='block_1_80' title="bbox 2323 3589 2620 3657">
    <p class='ocr_par' dir='ltr' id='par_1_80' title="bbox 2323 3589 2620 3657">
     <span class='ocr_line' id='line_1_80' title="bbox 2323 3589 2620 3657; baseline 0.003 -17"><span class='ocrx_word' id='word_1_589' title='bbox 2323 3589 2361 3657; x_wconf 66' lang='grc' dir='ltr'>ἢ</span> <span class='ocrx_word' id='word_1_590' title='bbox 2382 3626 2398 3640; x_wconf 94' lang='grc'><strong>.</strong></span> <span class='ocrx_word' id='word_1_591' title='bbox 2430 3591 2620 3642; x_wconf 85' lang='lat' dir='ltr'><strong>Amen.</strong></span> 
     </span>
    </p>
   </div>
   <div class='ocr_carea' id='block_1_81' title="bbox 2306 3674 3839 3748">
    <p class='ocr_par' dir='ltr' id='par_1_81' title="bbox 2306 3674 3839 3748">
     <span class='ocr_line' id='line_1_81' title="bbox 2306 3674 3839 3748; baseline 0.005 -17"><span class='ocrx_word' id='word_1_592' title='bbox 2306 3679 2388 3731; x_wconf 80' lang='lat' dir='ltr'><strong>Ad</strong></span> <span class='ocrx_word' id='word_1_593' title='bbox 2421 3693 2611 3745; x_wconf 80' lang='lat' dir='ltr'><strong>pacem.</strong></span> <span class='ocrx_word' id='word_1_594' title='bbox 2660 3677 2885 3731; x_wconf 90' lang='lat' dir='ltr'><strong>Domine</strong></span> <span class='ocrx_word' id='word_1_595' title='bbox 2914 3677 3052 3731; x_wconf 91' lang='lat' dir='ltr'><strong>Deus</strong></span> <span class='ocrx_word' id='word_1_596' title='bbox 3083 3674 3432 3748; x_wconf 86' lang='lat' dir='ltr'><strong>Omnipotens</strong></span> <span class='ocrx_word' id='word_1_597' title='bbox 3460 3678 3676 3734; x_wconf 86' lang='lat' dir='ltr'><strong>Christe</strong></span> <span class='ocrx_word' id='word_1_598' title='bbox 3703 3679 3839 3738; x_wconf 75' lang='lat' dir='ltr'><strong>Rex</strong></span> 
     </span>
    </p>
   </div>
   <div class='ocr_carea' id='block_1_82' title="bbox 2238 3769 3842 3842">
    <p class='ocr_par' dir='ltr' id='par_1_82' title="bbox 2238 3769 3842 3842">
     <span class='ocr_line' id='line_1_82' title="bbox 2238 3769 3842 3842; baseline 0.004 -19"><span class='ocrx_word' id='word_1_599' title='bbox 2238 3770 2440 3842; x_wconf 75' lang='lat' dir='ltr'><strong>glorie:</strong></span> <span class='ocrx_word' id='word_1_600' title='bbox 2472 3771 2556 3838; x_wconf 73' lang='lat' dir='ltr'><strong>qui</strong></span> <span class='ocrx_word' id='word_1_601' title='bbox 2579 3785 2637 3825; x_wconf 88' lang='lat' dir='ltr'><strong>es</strong></span> <span class='ocrx_word' id='word_1_602' title='bbox 2668 3785 2766 3839; x_wconf 82' lang='lat' dir='ltr'><strong>pax</strong></span> <span class='ocrx_word' id='word_1_603' title='bbox 2793 3780 2936 3825; x_wconf 83' lang='lat' dir='ltr'><strong>cetta</strong></span> <span class='ocrx_word' id='word_1_604' title='bbox 2961 3778 3013 3824; x_wconf 91' lang='lat' dir='ltr'><strong>et</strong></span> <span class='ocrx_word' id='word_1_605' title='bbox 3038 3770 3270 3824; x_wconf 90' lang='lat' dir='ltr'><strong>charitas</strong></span> <span class='ocrx_word' id='word_1_606' title='bbox 3299 3769 3616 3841; x_wconf 86' lang='lat' dir='ltr'><strong>sempiterna</strong></span> <span class='ocrx_word' id='word_1_607' title='bbox 3649 3788 3842 3842; x_wconf 82' lang='lat' dir='ltr'><strong>:que—</strong></span> 
     </span>
    </p>
   </div>
   <div class='ocr_carea' id='block_1_83' title="bbox 2236 3864 3836 3935">
    <p class='ocr_par' dir='ltr' id='par_1_83' title="bbox 2236 3864 3836 3935">
     <span class='ocr_line' id='line_1_83' title="bbox 2236 3864 3836 3935; baseline 0.004 -18"><span class='ocrx_word' id='word_1_608' title='bbox 2236 3878 2423 3918; x_wconf 87' lang='lat' dir='ltr'><strong>sumus</strong></span> <span class='ocrx_word' id='word_1_609' title='bbox 2468 3873 2650 3918; x_wconf 88' lang='lat' dir='ltr'><strong>nostra</strong></span> <span class='ocrx_word' id='word_1_610' title='bbox 2683 3864 2912 3917; x_wconf 79' lang='lat' dir='ltr'><strong>archana</strong></span> <span class='ocrx_word' id='word_1_611' title='bbox 2966 3864 3252 3926; x_wconf 87' lang='lat' dir='ltr'><strong>splendore</strong></span> <span class='ocrx_word' id='word_1_612' title='bbox 3281 3876 3368 3918; x_wconf 82' lang='lat' dir='ltr'><strong>tue</strong></span> <span class='ocrx_word' id='word_1_613' title='bbox 3398 3865 3541 3935; x_wconf 88' lang='lat' dir='ltr'><strong>pacis</strong></span> <span class='ocrx_word' id='word_1_614' title='bbox 3573 3865 3784 3923; x_wconf 83' lang='lat' dir='ltr'><strong>irradia</strong></span> <span class='ocrx_word' id='word_1_615' title='bbox 3816 3884 3836 3924; x_wconf 91' lang='lat'><strong>:</strong></span> 
     </span>
    </p>
   </div>
   <div class='ocr_carea' id='block_1_84' title="bbox 2237 3958 3835 4029">
    <p class='ocr_par' dir='ltr' id='par_1_84' title="bbox 2237 3958 3835 4029">
     <span class='ocr_line' id='line_1_84' title="bbox 2237 3958 3835 4029; baseline 0.003 -15"><span class='ocrx_word' id='word_1_616' title='bbox 2237 3968 2581 4029; x_wconf 87' lang='lat' dir='ltr'><strong>nostramque</strong></span> <span class='ocrx_word' id='word_1_617' title='bbox 2625 3958 3008 4013; x_wconf 86' lang='lat' dir='ltr'><strong>conscientiam</strong></span> <span class='ocrx_word' id='word_1_618' title='bbox 3064 3959 3342 4013; x_wconf 80' lang='lat' dir='ltr'><strong>cbaritatis</strong></span> <span class='ocrx_word' id='word_1_619' title='bbox 3397 3967 3486 4014; x_wconf 90' lang='lat' dir='ltr'><strong>tue</strong></span> <span class='ocrx_word' id='word_1_620' title='bbox 3535 3959 3835 4019; x_wconf 87' lang='lat' dir='ltr'><strong>dulcedine</strong></span> 
     </span>
    </p>
   </div>
   <div class='ocr_carea' id='block_1_85' title="bbox 2237 4049 3835 4129">
    <p class='ocr_par' dir='ltr' id='par_1_85' title="bbox 2237 4049 3835 4129">
     <span class='ocr_line' id='line_1_85' title="bbox 2237 4049 3835 4129; baseline -0.001 -23"><span class='ocrx_word' id='word_1_621' title='bbox 2237 4050 2400 4106; x_wconf 86' lang='lat' dir='ltr'><strong>redde</strong></span> <span class='ocrx_word' id='word_1_622' title='bbox 2426 4049 2762 4119; x_wconf 80' lang='lat' dir='ltr'><strong>purissimam</strong></span> <span class='ocrx_word' id='word_1_623' title='bbox 2791 4067 2804 4104; x_wconf 88' lang='lat'><strong>:</strong></span> <span class='ocrx_word' id='word_1_624' title='bbox 2830 4061 2885 4104; x_wconf 90' lang='lat' dir='ltr'><strong>ut</strong></span> <span class='ocrx_word' id='word_1_625' title='bbox 2914 4049 3136 4118; x_wconf 86' lang='lat' dir='ltr'><strong>paciﬁce</strong></span> <span class='ocrx_word' id='word_1_626' title='bbox 3164 4051 3306 4120; x_wconf 88' lang='lat' dir='ltr'><strong>pacis</strong></span> <span class='ocrx_word' id='word_1_627' title='bbox 3334 4062 3683 4121; x_wconf 83' lang='lat' dir='ltr'><strong>expectemus</strong></span> <span class='ocrx_word' id='word_1_628' title='bbox 3719 4056 3835 4129; x_wconf 64' lang='grc'><strong>1³</strong></span> 
     </span>
    </p>
   </div>
   <div class='ocr_carea' id='block_1_86' title="bbox 2237 4141 3837 4212">
    <p class='ocr_par' dir='ltr' id='par_1_86' title="bbox 2237 4141 3837 4212">
     <span class='ocr_line' id='line_1_86' title="bbox 2237 4141 3837 4212; baseline 0.004 -17"><span class='ocrx_word' id='word_1_629' title='bbox 2237 4155 2508 4197; x_wconf 82' lang='lat' dir='ltr'><strong>attetorem</strong></span> <span class='ocrx_word' id='word_1_630' title='bbox 2529 4185 2541 4207; x_wconf 91' lang='lat'>,</span> <span class='ocrx_word' id='word_1_631' title='bbox 2571 4150 2623 4197; x_wconf 92' lang='lat' dir='ltr'><strong>et</strong></span> <span class='ocrx_word' id='word_1_632' title='bbox 2646 4142 2704 4196; x_wconf 73' lang='lat' dir='ltr'><strong>it:</strong></span> <span class='ocrx_word' id='word_1_633' title='bbox 2735 4142 2974 4198; x_wconf 83' lang='lat' dir='ltr'><strong>adversis</strong></span> <span class='ocrx_word' id='word_1_634' title='bbox 3008 4141 3163 4212; x_wconf 85' lang='lat' dir='ltr'><strong>hujus</strong></span> <span class='ocrx_word' id='word_1_635' title='bbox 3196 4141 3376 4196; x_wconf 89' lang='lat' dir='ltr'><strong>mundi</strong></span> <span class='ocrx_word' id='word_1_636' title='bbox 3409 4151 3459 4197; x_wconf 91' lang='lat' dir='ltr'><strong>te</strong></span> <span class='ocrx_word' id='word_1_637' title='bbox 3488 4158 3702 4212; x_wconf 83' lang='lat' dir='ltr'><strong>semper</strong></span> <span class='ocrx_word' id='word_1_638' title='bbox 3731 4159 3837 4201; x_wconf 82' lang='lat' dir='ltr'><strong>cu-</strong></span> 
     </span>
    </p>
   </div>
   <div class='ocr_carea' id='block_1_87' title="bbox 2237 4236 3835 4304">
    <p class='ocr_par' dir='ltr' id='par_1_87' title="bbox 2237 4236 3835 4304">
     <span class='ocr_line' id='line_1_87' title="bbox 2237 4236 3835 4304; baseline 0.002 -13"><span class='ocrx_word' id='word_1_639' title='bbox 2237 4236 2443 4291; x_wconf 85' lang='lat' dir='ltr'><strong>stodem</strong></span> <span class='ocrx_word' id='word_1_640' title='bbox 2512 4237 2803 4292; x_wconf 87' lang='lat' dir='ltr'><strong>habeamus</strong></span> <span class='ocrx_word' id='word_1_641' title='bbox 2856 4245 2911 4291; x_wconf 90' lang='lat' dir='ltr'><strong>et</strong></span> <span class='ocrx_word' id='word_1_642' title='bbox 2967 4246 3345 4303; x_wconf 88' lang='lat' dir='ltr'><strong>protectorem.</strong></span> <span class='ocrx_word' id='word_1_643' title='bbox 3410 4236 3680 4304; x_wconf 88' lang='lat' dir='ltr'><strong>Quatenus</strong></span> <span class='ocrx_word' id='word_1_644' title='bbox 3736 4247 3835 4294; x_wconf 87' lang='lat' dir='ltr'><strong>tua</strong></span> 
     </span>
    </p>
   </div>
   <div class='ocr_carea' id='block_1_88' title="bbox 2236 4333 3835 4403">
    <p class='ocr_par' dir='ltr' id='par_1_88' title="bbox 2236 4333 3835 4403">
     <span class='ocr_line' id='line_1_88' title="bbox 2236 4333 3835 4403; baseline 0.004 -17"><span class='ocrx_word' id='word_1_645' title='bbox 2236 4333 2473 4387; x_wconf 90' lang='lat' dir='ltr'><strong>custodia</strong></span> <span class='ocrx_word' id='word_1_646' title='bbox 2504 4333 2639 4402; x_wconf 88' lang='lat' dir='ltr'><strong>septi</strong></span> <span class='ocrx_word' id='word_1_647' title='bbox 2667 4352 2678 4386; x_wconf 73' lang='grc' dir='ltr'><em>τ</em></span> <span class='ocrx_word' id='word_1_648' title='bbox 2713 4334 2783 4387; x_wconf 90' lang='lat' dir='ltr'><strong>ita</strong></span> <span class='ocrx_word' id='word_1_649' title='bbox 2810 4335 2952 4402; x_wconf 83' lang='lat' dir='ltr'><strong>pacis</strong></span> <span class='ocrx_word' id='word_1_650' title='bbox 2983 4333 3158 4388; x_wconf 88' lang='lat' dir='ltr'><strong>studia</strong></span> <span class='ocrx_word' id='word_1_651' title='bbox 3180 4334 3481 4389; x_wconf 87' lang='lat' dir='ltr'><strong>certissime</strong></span> <span class='ocrx_word' id='word_1_652' title='bbox 3509 4334 3835 4403; x_wconf 82' lang='lat' dir='ltr'><strong>diligamus.</strong></span> 
     </span>
    </p>
   </div>
   <div class='ocr_carea' id='block_1_89' title="bbox 2240 4421 3838 4496">
    <p class='ocr_par' dir='ltr' id='par_1_89' title="bbox 2240 4421 3838 4496">
     <span class='ocr_line' id='line_1_89' title="bbox 2240 4421 3838 4496; baseline 0.002 -16"><span class='ocrx_word' id='word_1_653' title='bbox 2240 4425 2305 4481; x_wconf 89' lang='lat' dir='ltr'><strong>Ut</strong></span> <span class='ocrx_word' id='word_1_654' title='bbox 2329 4442 2447 4480; x_wconf 91' lang='lat' dir='ltr'><strong>cum</strong></span> <span class='ocrx_word' id='word_1_655' title='bbox 2476 4425 2528 4479; x_wconf 89' lang='lat' dir='ltr'><strong>in</strong></span> <span class='ocrx_word' id='word_1_656' title='bbox 2559 4423 2784 4496; x_wconf 74' lang='lat' dir='ltr'><strong>gloriam</strong></span> <span class='ocrx_word' id='word_1_657' title='bbox 2814 4424 3079 4479; x_wconf 90' lang='lat' dir='ltr'><strong>adventus</strong></span> <span class='ocrx_word' id='word_1_658' title='bbox 3108 4421 3183 4479; x_wconf 84' lang='lat' dir='ltr'><strong>tui</strong></span> <span class='ocrx_word' id='word_1_659' title='bbox 3215 4440 3383 4496; x_wconf 89' lang='lat' dir='ltr'><strong>equus</strong></span> <span class='ocrx_word' id='word_1_660' title='bbox 3412 4424 3700 4481; x_wconf 69' lang='lat' dir='ltr'><strong>retributor</strong></span> <span class='ocrx_word' id='word_1_661' title='bbox 3725 4427 3838 4483; x_wconf 81' lang='lat' dir='ltr'><strong>ad-</strong></span> 
     </span>
    </p>
   </div>
   <div class='ocr_carea' id='block_1_90' title="bbox 543 4517 2130 4599">
    <p class='ocr_par' dir='ltr' id='par_1_90' title="bbox 543 4518 2129 4591">
     <span class='ocr_line' id='line_1_90' title="bbox 543 4518 2129 4591; baseline 0.011 -21"><span class='ocrx_word' id='word_1_662' title='bbox 543 4518 771 4573; x_wconf 88' lang='lat' dir='ltr'><strong>cationis</strong></span> <span class='ocrx_word' id='word_1_663' title='bbox 801 4520 915 4591; x_wconf 88' lang='lat' dir='ltr'><strong>ejus</strong></span> <span class='ocrx_word' id='word_1_664' title='bbox 943 4520 1151 4578; x_wconf 90' lang='lat' dir='ltr'><strong>dicens.</strong></span> <span class='ocrx_word' id='word_1_665' title='bbox 1190 4522 1493 4579; x_wconf 77' lang='lat' dir='ltr'><strong>ltenedicite</strong></span> <span class='ocrx_word' id='word_1_666' title='bbox 1522 4524 1805 4582; x_wconf 91' lang='lat' dir='ltr'><strong>Dominum</strong></span> <span class='ocrx_word' id='word_1_667' title='bbox 1830 4538 1882 4582; x_wconf 88' lang='lat' dir='ltr'><strong>et</strong></span> <span class='ocrx_word' id='word_1_668' title='bbox 1909 4532 2129 4588; x_wconf 84' lang='lat' dir='ltr'><strong>conﬁte-</strong></span> 
     </span>
    </p>
   </div>
   <div class='ocr_carea' id='block_1_91' title="bbox 2245 4517 3610 4599">
    <p class='ocr_par' dir='ltr' id='par_1_91' title="bbox 2245 4517 3610 4588">
     <span class='ocr_line' id='line_1_91' title="bbox 2245 4517 3610 4588; baseline 0 -14"><span class='ocrx_word' id='word_1_669' title='bbox 2245 4517 2447 4574; x_wconf 82' lang='lat' dir='ltr'><strong>veneris</strong></span> <span class='ocrx_word' id='word_1_670' title='bbox 2473 4535 2485 4570; x_wconf 86' lang='lat'><strong>:</strong></span> <span class='ocrx_word' id='word_1_671' title='bbox 2515 4527 2703 4571; x_wconf 89' lang='lat' dir='ltr'><strong>cterno</strong></span> <span class='ocrx_word' id='word_1_672' title='bbox 2734 4518 2998 4586; x_wconf 88' lang='lat' dir='ltr'><strong>potiamur</strong></span> <span class='ocrx_word' id='word_1_673' title='bbox 3021 4517 3217 4588; x_wconf 80' lang='lat' dir='ltr'><strong>gaudio</strong></span> <span class='ocrx_word' id='word_1_674' title='bbox 3247 4519 3610 4574; x_wconf 76' lang='lat' dir='ltr'><strong>exultationis.</strong></span> 
     </span>
    </p>
   </div>
   <div class='ocr_carea' id='block_1_92' title="bbox 546 4610 2129 4685">
    <p class='ocr_par' dir='ltr' id='par_1_92' title="bbox 546 4610 2129 4685">
     <span class='ocr_line' id='line_1_92' title="bbox 546 4610 2129 4685; baseline 0.011 -22"><span class='ocrx_word' id='word_1_675' title='bbox 546 4610 674 4665; x_wconf 90' lang='lat' dir='ltr'><strong>mini</strong></span> <span class='ocrx_word' id='word_1_676' title='bbox 703 4612 751 4666; x_wconf 90' lang='lat' dir='ltr'><strong>ei</strong></span> <span class='ocrx_word' id='word_1_677' title='bbox 781 4612 1019 4683; x_wconf 85' lang='lat' dir='ltr'><strong>alleluja.</strong></span> <span class='ocrx_word' id='word_1_678' title='bbox 1077 4615 1113 4685; x_wconf 59' lang='grc' dir='ltr'><em>ᾗ</em></span> <span class='ocrx_word' id='word_1_679' title='bbox 1138 4655 1150 4668; x_wconf 90' lang='grc'><strong>.</strong></span> <span class='ocrx_word' id='word_1_680' title='bbox 1199 4613 1530 4671; x_wconf 84' lang='lat' dir='ltr'><strong>Conlortabit</strong></span> <span class='ocrx_word' id='word_1_681' title='bbox 1571 4632 1659 4673; x_wconf 90' lang='lat' dir='ltr'><strong>me</strong></span> <span class='ocrx_word' id='word_1_682' title='bbox 1700 4619 1988 4678; x_wconf 86' lang='lat' dir='ltr'><strong>similitudo</strong></span> <span class='ocrx_word' id='word_1_683' title='bbox 2036 4624 2129 4681; x_wconf 87' lang='lat' dir='ltr'><strong>ﬁlii</strong></span> 
     </span>
    </p>
   </div>
   <div class='ocr_carea' id='block_1_93' title="bbox 544 4703 2126 4775">
    <p class='ocr_par' dir='ltr' id='par_1_93' title="bbox 544 4703 2126 4775">
     <span class='ocr_line' id='line_1_93' title="bbox 544 4703 2126 4775; baseline 0.009 -17"><span class='ocrx_word' id='word_1_684' title='bbox 544 4703 896 4762; x_wconf 81' lang='lat' dir='ltr'><strong>hominiszet</strong></span> <span class='ocrx_word' id='word_1_685' title='bbox 939 4707 1074 4763; x_wconf 77' lang='lat' dir='ltr'><strong>dixit</strong></span> <span class='ocrx_word' id='word_1_686' title='bbox 1124 4709 1307 4763; x_wconf 84' lang='lat' dir='ltr'><strong>Daniel</strong></span> <span class='ocrx_word' id='word_1_687' title='bbox 1358 4711 1633 4765; x_wconf 88' lang='lat' dir='ltr'><strong>veritatem</strong></span> <span class='ocrx_word' id='word_1_688' title='bbox 1680 4716 1951 4770; x_wconf 87' lang='lat' dir='ltr'><strong>annunciu</strong></span> <span class='ocrx_word' id='word_1_689' title='bbox 1996 4717 2126 4775; x_wconf 85' lang='lat' dir='ltr'><strong>tibi:</strong></span> 
     </span>
    </p>
   </div>
   <div class='ocr_carea' id='block_1_94' title="bbox 543 4800 2124 4874">
    <p class='ocr_par' dir='ltr' id='par_1_94' title="bbox 543 4800 2124 4874">
     <span class='ocr_line' id='line_1_94' title="bbox 543 4800 2124 4874; baseline 0.008 -21"><span class='ocrx_word' id='word_1_690' title='bbox 543 4811 643 4870; x_wconf 69' lang='lat' dir='ltr'><strong>ego</strong></span> <span class='ocrx_word' id='word_1_691' title='bbox 682 4814 798 4854; x_wconf 88' lang='lat' dir='ltr'><strong>sum</strong></span> <span class='ocrx_word' id='word_1_692' title='bbox 831 4800 1052 4856; x_wconf 81' lang='lat' dir='ltr'><strong>Michael</strong></span> <span class='ocrx_word' id='word_1_693' title='bbox 1084 4802 1337 4872; x_wconf 90' lang='lat' dir='ltr'><strong>princeps</strong></span> <span class='ocrx_word' id='word_1_694' title='bbox 1370 4818 1613 4874; x_wconf 73' lang='lat' dir='ltr'><strong>magnus,</strong></span> <span class='ocrx_word' id='word_1_695' title='bbox 1650 4815 1702 4862; x_wconf 89' lang='lat' dir='ltr'><strong>et</strong></span> <span class='ocrx_word' id='word_1_696' title='bbox 1728 4806 1838 4863; x_wconf 85' lang='lat' dir='ltr'><strong>dixi</strong></span> <span class='ocrx_word' id='word_1_697' title='bbox 1868 4809 1934 4864; x_wconf 84' lang='lat' dir='ltr'><strong>ad</strong></span> <span class='ocrx_word' id='word_1_698' title='bbox 1961 4825 2083 4867; x_wconf 91' lang='lat' dir='ltr'><strong>eum</strong></span> <span class='ocrx_word' id='word_1_699' title='bbox 2111 4829 2124 4866; x_wconf 93' lang='lat'><strong>:</strong></span> 
     </span>
    </p>
   </div>
   <div class='ocr_carea' id='block_1_95' title="bbox 544 4977 2125 5046">
    <p class='ocr_par' dir='ltr' id='par_1_95' title="bbox 544 4977 2125 5046">
     <span class='ocr_line' id='line_1_95' title="bbox 544 4977 2125 5046; baseline 0.008 -13"><span class='ocrx_word' id='word_1_700' title='bbox 544 4993 660 5046; x_wconf 89' lang='lat' dir='ltr'><strong>cap.</strong></span> <span class='ocrx_word' id='word_1_701' title='bbox 694 4979 746 5043; x_wconf 75' lang='lat'><strong>3,</strong></span> <span class='ocrx_word' id='word_1_702' title='bbox 779 4993 900 5032; x_wconf 91' lang='lat' dir='ltr'><strong>cum</strong></span> <span class='ocrx_word' id='word_1_703' title='bbox 932 4977 1155 5034; x_wconf 75' lang='lat' dir='ltr'><strong>dixisset</strong></span> <span class='ocrx_word' id='word_1_704' title='bbox 1182 4977 1622 5037; x_wconf 52' lang='lat' dir='ltr'><strong>alios‘Dotninica</strong></span> <span class='ocrx_word' id='word_1_705' title='bbox 1660 4985 1812 5038; x_wconf 85' lang='lat' dir='ltr'><strong>tertia</strong></span> <span class='ocrx_word' id='word_1_706' title='bbox 1846 4984 2125 5045; x_wconf 79' lang='lat' dir='ltr'><strong>Adventus</strong></span> 
     </span>
    </p>
   </div>
   <div class='ocr_carea' id='block_1_96' title="bbox 544 5049 2127 5120">
    <p class='ocr_par' dir='ltr' id='par_1_96' title="bbox 544 5049 2127 5120">
     <span class='ocr_line' id='line_1_96' title="bbox 544 5049 2127 5120; baseline 0.005 -16"><span class='ocrx_word' id='word_1_707' title='bbox 544 5050 723 5118; x_wconf 79' lang='lat' dir='ltr'><strong>legere</strong></span> <span class='ocrx_word' id='word_1_708' title='bbox 776 5049 983 5105; x_wconf 91' lang='lat' dir='ltr'><strong>initium</strong></span> <span class='ocrx_word' id='word_1_709' title='bbox 1034 5051 1303 5120; x_wconf 83' lang='lat' dir='ltr'><strong>Evangelii</strong></span> <span class='ocrx_word' id='word_1_710' title='bbox 1349 5053 1517 5106; x_wconf 87' lang='lat' dir='ltr'><strong>sancti</strong></span> <span class='ocrx_word' id='word_1_711' title='bbox 1566 5054 1750 5118; x_wconf 83' lang='lat' dir='ltr'><strong>Marci,</strong></span> <span class='ocrx_word' id='word_1_712' title='bbox 1805 5057 1937 5112; x_wconf 89' lang='lat' dir='ltr'><strong>alios</strong></span> <span class='ocrx_word' id='word_1_713' title='bbox 1978 5069 2127 5114; x_wconf 82' lang='lat' dir='ltr'><strong>erunt</strong></span> 
     </span>
    </p>
   </div>
   <div class='ocr_carea' id='block_1_97' title="bbox 542 5119 2125 5196">
    <p class='ocr_par' dir='ltr' id='par_1_97' title="bbox 542 5119 2125 5196">
     <span class='ocr_line' id='line_1_97' title="bbox 542 5119 2125 5196; baseline 0.007 -23"><span class='ocrx_word' id='word_1_714' title='bbox 542 5121 690 5196; x_wconf 82' lang='lat' dir='ltr'><strong>signa</strong></span> <span class='ocrx_word' id='word_1_715' title='bbox 734 5122 788 5173; x_wconf 86' lang='lat' dir='ltr'><strong>in</strong></span> <span class='ocrx_word' id='word_1_716' title='bbox 815 5121 941 5185; x_wconf 80' lang='lat' dir='ltr'><strong>sole,</strong></span> <span class='ocrx_word' id='word_1_717' title='bbox 983 5119 1162 5174; x_wconf 84' lang='lat' dir='ltr'><strong>subdit</strong></span> <span class='ocrx_word' id='word_1_718' title='bbox 1194 5119 1219 5174; x_wconf 38' lang='lat'><strong>&#39;:</strong></span> <span class='ocrx_word' id='word_1_719' title='bbox 1258 5120 1368 5175; x_wconf 80' lang='lat' dir='ltr'><strong>Nos</strong></span> <span class='ocrx_word' id='word_1_720' title='bbox 1400 5133 1581 5196; x_wconf 77' lang='lat' dir='ltr'><strong>autem</strong></span> <span class='ocrx_word' id='word_1_721' title='bbox 1610 5142 1673 5179; x_wconf 79' lang='lat' dir='ltr'><strong>ea:</strong></span> <span class='ocrx_word' id='word_1_722' title='bbox 1713 5128 1919 5196; x_wconf 84' lang='lat' dir='ltr'><strong>antiqua</strong></span> <span class='ocrx_word' id='word_1_723' title='bbox 1963 5131 2125 5183; x_wconf 82' lang='lat' dir='ltr'><strong>tradi-</strong></span> 
     </span>
    </p>
   </div>
   <div class='ocr_carea' id='block_1_98' title="bbox 544 5193 2126 5269">
    <p class='ocr_par' dir='ltr' id='par_1_98' title="bbox 544 5193 2126 5269">
     <span class='ocr_line' id='line_1_98' title="bbox 544 5193 2126 5269; baseline 0.006 -24"><span class='ocrx_word' id='word_1_724' title='bbox 544 5193 677 5245; x_wconf 83' lang='lat' dir='ltr'><strong>tione</strong></span> <span class='ocrx_word' id='word_1_725' title='bbox 726 5205 829 5269; x_wconf 64' lang='lat' dir='ltr'><strong>cuu</strong></span> <span class='ocrx_word' id='word_1_726' title='bbox 876 5207 1339 5269; x_wconf 59' lang='lat' dir='ltr'><strong>arrntlptsouansr</strong></span> <span class='ocrx_word' id='word_1_727' title='bbox 1388 5195 1623 5263; x_wconf 74' lang='lat' dir='ltr'><strong>legimus,</strong></span> <span class='ocrx_word' id='word_1_728' title='bbox 1657 5215 1755 5251; x_wconf 81' lang='lat' dir='ltr'><strong>non</strong></span> <span class='ocrx_word' id='word_1_729' title='bbox 1805 5193 1977 5269; x_wconf 77' lang='lat' dir='ltr'><strong>utique</strong></span> <span class='ocrx_word' id='word_1_730' title='bbox 2014 5203 2126 5255; x_wconf 83' lang='lat' dir='ltr'><strong>sedi</strong></span> 
     </span>
    </p>
   </div>
   <div class='ocr_carea' id='block_1_99' title="bbox 541 5261 2125 5337">
    <p class='ocr_par' dir='ltr' id='par_1_99' title="bbox 541 5261 2125 5337">
     <span class='ocr_line' id='line_1_99' title="bbox 541 5261 2125 5337; baseline 0.007 -23"><span class='ocrx_word' id='word_1_731' title='bbox 541 5261 834 5337; x_wconf 65' lang='lat' dir='ltr'><strong>apostolico:</strong></span> <span class='ocrx_word' id='word_1_732' title='bbox 860 5262 1081 5337; x_wconf 67' lang='lat' dir='ltr'><strong>sialiter</strong></span> <span class='ocrx_word' id='word_1_733' title='bbox 1094 5264 1317 5337; x_wconf 74' lang='lat' dir='ltr'><strong>jusserit</strong></span> <span class='ocrx_word' id='word_1_734' title='bbox 1333 5261 1734 5337; x_wconf 64' lang='lat' dir='ltr'><strong>prwjudicanles</strong></span> <span class='ocrx_word' id='word_1_735' title='bbox 1755 5308 1770 5331; x_wconf 88' lang='lat'><strong>,</strong></span> <span class='ocrx_word' id='word_1_736' title='bbox 1801 5261 1995 5335; x_wconf 79' lang='lat' dir='ltr'><strong>quibus</strong></span> <span class='ocrx_word' id='word_1_737' title='bbox 2034 5286 2125 5324; x_wconf 88' lang='lat' dir='ltr'><strong>os-</strong></span> 
     </span>
    </p>
   </div>
   <div class='ocr_carea' id='block_1_100' title="bbox 545 5332 2122 5407">
    <p class='ocr_par' dir='ltr' id='par_1_100' title="bbox 545 5332 2122 5407">
     <span class='ocr_line' id='line_1_100' title="bbox 545 5332 2122 5407; baseline 0.006 -21"><span class='ocrx_word' id='word_1_738' title='bbox 545 5334 709 5407; x_wconf 81' lang='lat' dir='ltr'><strong>tendit</strong></span> <span class='ocrx_word' id='word_1_739' title='bbox 744 5332 872 5407; x_wconf 83' lang='lat' dir='ltr'><strong>illud</strong></span> <span class='ocrx_word' id='word_1_740' title='bbox 905 5334 1254 5407; x_wconf 53' lang='lat' dir='ltr'><strong>Evangelium</strong></span> <span class='ocrx_word' id='word_1_741' title='bbox 1300 5332 1411 5407; x_wconf 72' lang='lat' dir='ltr'><strong>jam</strong></span> <span class='ocrx_word' id='word_1_742' title='bbox 1433 5332 1568 5393; x_wconf 69' lang='lat' dir='ltr'><strong>inde</strong></span> <span class='ocrx_word' id='word_1_743' title='bbox 1607 5354 1635 5390; x_wconf 90' lang='lat' dir='ltr'><strong>a</strong></span> <span class='ocrx_word' id='word_1_744' title='bbox 1685 5332 1882 5393; x_wconf 40' lang='lat' dir='ltr'><strong>smcu&#39;lo</strong></span> <span class='ocrx_word' id='word_1_745' title='bbox 1910 5358 1980 5395; x_wconf 75' lang='lat' dir='ltr'><strong>xit</strong></span> <span class='ocrx_word' id='word_1_746' title='bbox 2015 5342 2122 5396; x_wconf 76' lang='lat' dir='ltr'><strong>lio-</strong></span> 
     </span>
    </p>
   </div>
   <div class='ocr_carea' id='block_1_101' title="bbox 544 5403 2123 5476">
    <p class='ocr_par' dir='ltr' id='par_1_101' title="bbox 544 5403 2123 5476">
     <span class='ocr_line' id='line_1_101' title="bbox 544 5403 2123 5476; baseline 0.008 -19"><span class='ocrx_word' id='word_1_747' title='bbox 544 5420 645 5476; x_wconf 78' lang='lat' dir='ltr'><strong>mze</strong></span> <span class='ocrx_word' id='word_1_748' title='bbox 676 5403 776 5471; x_wconf 75' lang='lat' dir='ltr'><strong>legi</strong></span> <span class='ocrx_word' id='word_1_749' title='bbox 794 5404 1030 5476; x_wconf 86' lang='lat' dir='ltr'><strong>desiisse</strong></span> <span class='ocrx_word' id='word_1_750' title='bbox 1060 5403 1111 5460; x_wconf 82' lang='lat' dir='ltr'><strong>in</strong></span> <span class='ocrx_word' id='word_1_751' title='bbox 1145 5403 1317 5461; x_wconf 76' lang='lat' dir='ltr'><strong>missa</strong></span> <span class='ocrx_word' id='word_1_752' title='bbox 1351 5403 1507 5475; x_wconf 89' lang='lat' dir='ltr'><strong>hujus</strong></span> <span class='ocrx_word' id='word_1_753' title='bbox 1540 5408 1861 5476; x_wconf 68' lang='lat' dir='ltr'><strong>Dominicm;</strong></span> <span class='ocrx_word' id='word_1_754' title='bbox 1893 5423 1948 5466; x_wconf 92' lang='lat' dir='ltr'><strong>et</strong></span> <span class='ocrx_word' id='word_1_755' title='bbox 1992 5428 2123 5469; x_wconf 88' lang='lat' dir='ltr'><strong>sane</strong></span> 
     </span>
    </p>
   </div>
   <div class='ocr_carea' id='block_1_102' title="bbox 547 5474 2124 5549">
    <p class='ocr_par' dir='ltr' id='par_1_102' title="bbox 547 5474 2124 5549">
     <span class='ocr_line' id='line_1_102' title="bbox 547 5474 2124 5549; baseline 0.005 -19"><span class='ocrx_word' id='word_1_756' title='bbox 547 5474 1055 5549; x_wconf 13' lang='lat' dir='ltr'><strong>Evangelistarium‘</strong></span> <span class='ocrx_word' id='word_1_757' title='bbox 1084 5478 1322 5533; x_wconf 74' lang='lat' dir='ltr'><strong>basilica:</strong></span> <span class='ocrx_word' id='word_1_758' title='bbox 1373 5474 1639 5533; x_wconf 77' lang='lat' dir='ltr'><strong>Vaticana:</strong></span> <span class='ocrx_word' id='word_1_759' title='bbox 1690 5474 1873 5535; x_wconf 76' lang='lat' dir='ltr'><strong>saeculi</strong></span> <span class='ocrx_word' id='word_1_760' title='bbox 1915 5500 2008 5549; x_wconf 84' lang='grc' dir='ltr'>ιιι,</span> <span class='ocrx_word' id='word_1_761' title='bbox 2057 5487 2124 5538; x_wconf 90' lang='lat' dir='ltr'><strong>ab</strong></span> 
     </span>
    </p>
   </div>
   <div class='ocr_carea' id='block_1_103' title="bbox 544 5491 2118 5621">
    <p class='ocr_par' dir='ltr' id='par_1_103' title="bbox 544 5491 2118 5621">
     <span class='ocr_line' id='line_1_103' title="bbox 547 5491 2118 5549; baseline 0.005 -19"><span class='ocrx_word' id='word_1_762' title='bbox 547 5491 693 5530; x_wconf 69' lang='lat' dir='ltr'><strong>bvau</strong></span> <span class='ocrx_word' id='word_1_763' title='bbox 735 5491 1028 5530; x_wconf 81' lang='lat' dir='ltr'><strong>eltstartum</strong></span> <span class='ocrx_word' id='word_1_764' title='bbox 1084 5491 1322 5533; x_wconf 74' lang='lat' dir='ltr'><strong>uasutca:</strong></span> <span class='ocrx_word' id='word_1_765' title='bbox 1375 5491 1639 5533; x_wconf 72' lang='lat' dir='ltr'><strong>Vaticana:</strong></span> <span class='ocrx_word' id='word_1_766' title='bbox 1690 5491 1873 5535; x_wconf 78' lang='lat' dir='ltr'><strong>saeculi</strong></span> <span class='ocrx_word' id='word_1_767' title='bbox 1915 5500 2008 5549; x_wconf 83' lang='grc' dir='ltr'>ιιι,</span> <span class='ocrx_word' id='word_1_768' title='bbox 2057 5491 2118 5538; x_wconf 87' lang='lat' dir='ltr'><strong>ah</strong></span> 
     </span>
     <span class='ocr_line' id='line_1_104' title="bbox 544 5491 2118 5621; baseline 0.007 -24"><span class='ocrx_word' id='word_1_769' title='bbox 544 5561 649 5621; x_wconf 81' lang='lat' dir='ltr'><strong>em.</strong></span> <span class='ocrx_word' id='word_1_770' title='bbox 685 5491 977 5621; x_wconf 45' lang='lat' dir='ltr'><strong>&#39;isltomasio</strong></span> <span class='ocrx_word' id='word_1_771' title='bbox 1020 5547 1312 5621; x_wconf 72' lang='lat' dir='ltr'><strong>capitulari</strong></span> <span class='ocrx_word' id='word_1_772' title='bbox 1358 5550 1765 5620; x_wconf 79' lang='lat' dir='ltr'><strong>Evangeliurum</strong></span> <span class='ocrx_word' id='word_1_773' title='bbox 1817 5568 2118 5621; x_wconf 84' lang='lat' dir='ltr'><strong>annexum,</strong></span> 
     </span>
    </p>
   </div>
   <div class='ocr_carea' id='block_1_104' title="bbox 549 5618 2123 5690">
    <p class='ocr_par' dir='ltr' id='par_1_104' title="bbox 549 5618 2123 5690">
     <span class='ocr_line' id='line_1_105' title="bbox 549 5618 2123 5690; baseline 0.007 -20"><span class='ocrx_word' id='word_1_774' title='bbox 549 5618 818 5690; x_wconf 79' lang='lat' dir='ltr'><strong>Dominica</strong></span> <span class='ocrx_word' id='word_1_775' title='bbox 849 5619 1019 5686; x_wconf 88' lang='lat' dir='ltr'><strong>prima</strong></span> <span class='ocrx_word' id='word_1_776' title='bbox 1055 5620 1325 5690; x_wconf 80' lang='lat' dir='ltr'><strong>Adventus</strong></span> <span class='ocrx_word' id='word_1_777' title='bbox 1357 5618 1879 5690; x_wconf 50' lang='lat' dir='ltr'><strong>ponit&#39;lilvangelium</strong></span> <span class='ocrx_word' id='word_1_778' title='bbox 1910 5639 1973 5678; x_wconf 82' lang='lat' dir='ltr'><strong>ex</strong></span> <span class='ocrx_word' id='word_1_779' title='bbox 1996 5618 2123 5681; x_wconf 68' lang='grc' dir='ltr'><strong>δειηέ</strong></span> 
     </span>
    </p>
   </div>
   <div class='ocr_carea' id='block_1_105' title="bbox 541 5688 2121 5761">
    <p class='ocr_par' dir='ltr' id='par_1_105' title="bbox 541 5688 2121 5761">
     <span class='ocr_line' id='line_1_106' title="bbox 541 5688 2121 5761; baseline 0.007 -19"><span class='ocrx_word' id='word_1_780' title='bbox 541 5688 814 5761; x_wconf 14' lang='lat' dir='ltr'><strong>ctoALuea,</strong></span> <span class='ocrx_word' id='word_1_781' title='bbox 847 5705 965 5759; x_wconf 87' lang='lat' dir='ltr'><strong>cap.</strong></span> <span class='ocrx_word' id='word_1_782' title='bbox 1000 5706 1128 5754; x_wconf 79' lang='lat' dir='ltr'><strong>xxv,</strong></span> <span class='ocrx_word' id='word_1_783' title='bbox 1161 5692 1190 5734; x_wconf 86' lang='lat'>7</span> <span class='ocrx_word' id='word_1_784' title='bbox 1220 5708 1233 5745; x_wconf 92' lang='lat'><strong>:</strong></span> <span class='ocrx_word' id='word_1_785' title='bbox 1262 5689 1428 5743; x_wconf 85' lang='lat' dir='ltr'><strong>Erunt</strong></span> <span class='ocrx_word' id='word_1_786' title='bbox 1458 5692 1603 5761; x_wconf 76' lang='lat' dir='ltr'><strong>signa</strong></span> <span class='ocrx_word' id='word_1_787' title='bbox 1630 5688 1835 5758; x_wconf 47' lang='lat' dir='ltr'><strong>in&#39;solc,</strong></span> <span class='ocrx_word' id='word_1_788' title='bbox 1868 5696 1995 5750; x_wconf 89' lang='lat' dir='ltr'><strong>etin</strong></span> <span class='ocrx_word' id='word_1_789' title='bbox 2027 5698 2121 5754; x_wconf 87' lang='lat' dir='ltr'><strong>he-</strong></span> 
     </span>
    </p>
   </div>
   <div class='ocr_carea' id='block_1_106' title="bbox 544 5759 2115 5834">
    <p class='ocr_par' dir='ltr' id='par_1_106' title="bbox 544 5759 2115 5834">
     <span class='ocr_line' id='line_1_107' title="bbox 544 5759 2115 5834; baseline 0.007 -21"><span class='ocrx_word' id='word_1_790' title='bbox 544 5759 845 5834; x_wconf 70' lang='lat' dir='ltr'><strong>nedictione</strong></span> <span class='ocrx_word' id='word_1_791' title='bbox 876 5762 1168 5830; x_wconf 86' lang='lat' dir='ltr'><strong>palmarum</strong></span> <span class='ocrx_word' id='word_1_792' title='bbox 1199 5776 1263 5834; x_wconf 76' lang='lat' dir='ltr'><strong>ex</strong></span> <span class='ocrx_word' id='word_1_793' title='bbox 1291 5773 1480 5834; x_wconf 68' lang='lat' dir='ltr'><strong>saneto</strong></span> <span class='ocrx_word' id='word_1_794' title='bbox 1505 5759 1796 5834; x_wconf 50' lang='lat' dir='ltr'><strong>&#39;Matthaeo,</strong></span> <span class='ocrx_word' id='word_1_795' title='bbox 1826 5779 1946 5834; x_wconf 85' lang='lat' dir='ltr'><strong>cap.</strong></span> <span class='ocrx_word' id='word_1_796' title='bbox 1980 5784 2069 5823; x_wconf 73' lang='grc' dir='ltr'>χιιι</span> <span class='ocrx_word' id='word_1_797' title='bbox 2100 5788 2115 5824; x_wconf 76' lang='lat'><strong><em>2</em></strong></span> 
     </span>
    </p>
   </div>
   <div class='ocr_carea' id='block_1_107' title="bbox 543 5825 2114 5907">
    <p class='ocr_par' dir='ltr' id='par_1_107' title="bbox 543 5825 2114 5907">
     <span class='ocr_line' id='line_1_108' title="bbox 543 5825 2114 5907; baseline 0.008 -23"><span class='ocrx_word' id='word_1_798' title='bbox 543 5830 668 5886; x_wconf 75' lang='lat' dir='ltr'><strong>(iam</strong></span> <span class='ocrx_word' id='word_1_799' title='bbox 693 5825 1151 5904; x_wconf 72' lang='lat' dir='ltr'><strong>appropinquasset</strong></span> <span class='ocrx_word' id='word_1_800' title='bbox 1190 5827 1341 5888; x_wconf 69' lang='lat' dir='ltr'><strong>Jews</strong></span> <span class='ocrx_word' id='word_1_801' title='bbox 1375 5825 1958 5907; x_wconf 51' lang='lat' dir='ltr'><strong>Hierosolptnis,&#39;quétn</strong></span> <span class='ocrx_word' id='word_1_802' title='bbox 1997 5854 2114 5897; x_wconf 53' lang='lat' dir='ltr'><strong>mea</strong></span> 
     </span>
    </p>
   </div>
   <div class='ocr_carea' id='block_1_108' title="bbox 2323 4608 2871 4677">
    <p class='ocr_par' dir='ltr' id='par_1_108' title="bbox 2323 4608 2871 4677">
     <span class='ocr_line' id='line_1_109' title="bbox 2323 4608 2871 4677; baseline 0 -13"><span class='ocrx_word' id='word_1_803' title='bbox 2323 4611 2357 4677; x_wconf 75' lang='grc' dir='ltr'><strong>ἡ)</strong></span> <span class='ocrx_word' id='word_1_804' title='bbox 2380 4649 2393 4664; x_wconf 95' lang='grc'><strong>.</strong></span> <span class='ocrx_word' id='word_1_805' title='bbox 2427 4608 2646 4665; x_wconf 80' lang='lat' dir='ltr'><strong>Chorus.</strong></span> <span class='ocrx_word' id='word_1_806' title='bbox 2680 4611 2871 4665; x_wconf 82' lang='lat' dir='ltr'><strong>Amen.</strong></span> 
     </span>
    </p>
   </div>
   <div class='ocr_carea' id='block_1_109' title="bbox 2306 4710 3835 4793">
    <p class='ocr_par' dir='ltr' id='par_1_109' title="bbox 2306 4710 3835 4793">
     <span class='ocr_line' id='line_1_110' title="bbox 2306 4710 3835 4793; baseline 0.004 -29"><span class='ocrx_word' id='word_1_807' title='bbox 2306 4710 2521 4766; x_wconf 84' lang='lat' dir='ltr'><strong>Inlatio.</strong></span> <span class='ocrx_word' id='word_1_808' title='bbox 2558 4710 2784 4781; x_wconf 79' lang='lat' dir='ltr'><strong>Dignum</strong></span> <span class='ocrx_word' id='word_1_809' title='bbox 2835 4723 2888 4766; x_wconf 91' lang='lat' dir='ltr'><strong>et</strong></span> <span class='ocrx_word' id='word_1_810' title='bbox 2929 4711 3130 4777; x_wconf 79' lang='lat' dir='ltr'><strong>justum</strong></span> <span class='ocrx_word' id='word_1_811' title='bbox 3174 4720 3256 4765; x_wconf 90' lang='lat' dir='ltr'><strong>est</strong></span> <span class='ocrx_word' id='word_1_812' title='bbox 3283 4729 3296 4764; x_wconf 89' lang='lat'><strong>:</strong></span> <span class='ocrx_word' id='word_1_813' title='bbox 3325 4725 3451 4767; x_wconf 88' lang='lat' dir='ltr'><strong>vere</strong></span> <span class='ocrx_word' id='word_1_814' title='bbox 3497 4711 3715 4782; x_wconf 79' lang='lat' dir='ltr'><strong>dignum</strong></span> <span class='ocrx_word' id='word_1_815' title='bbox 3770 4723 3835 4793; x_wconf 75' lang='lat' dir='ltr'><strong>et</strong></span> 
     </span>
    </p>
   </div>
   <div class='ocr_carea' id='block_1_110' title="bbox 2234 4803 3834 4865">
    <p class='ocr_par' dir='ltr' id='par_1_110' title="bbox 2234 4803 3834 4865">
     <span class='ocr_line' id='line_1_111' title="bbox 2234 4803 3834 4865; baseline 0.004 -6"><span class='ocrx_word' id='word_1_816' title='bbox 2234 4805 2587 4859; x_wconf 87' lang='lat' dir='ltr'><strong>honoriﬁcum</strong></span> <span class='ocrx_word' id='word_1_817' title='bbox 2627 4812 2712 4859; x_wconf 90' lang='lat' dir='ltr'><strong>est</strong></span> <span class='ocrx_word' id='word_1_818' title='bbox 2751 4804 2977 4860; x_wconf 91' lang='lat' dir='ltr'><strong>Domine</strong></span> <span class='ocrx_word' id='word_1_819' title='bbox 3018 4803 3147 4860; x_wconf 80' lang='lat' dir='ltr'><strong>Jesu</strong></span> <span class='ocrx_word' id='word_1_820' title='bbox 3192 4804 3402 4860; x_wconf 88' lang='lat' dir='ltr'><strong>Christe</strong></span> <span class='ocrx_word' id='word_1_821' title='bbox 3449 4804 3589 4860; x_wconf 90' lang='lat' dir='ltr'><strong>Deus</strong></span> <span class='ocrx_word' id='word_1_822' title='bbox 3637 4815 3834 4865; x_wconf 85' lang='lat' dir='ltr'><strong>noster</strong></span> 
     </span>
    </p>
   </div>
   <div class='ocr_carea' id='block_1_111' title="bbox 2231 4985 3832 5057">
    <p class='ocr_par' dir='ltr' id='par_1_111' title="bbox 2231 4985 3832 5057">
     <span class='ocr_line' id='line_1_112' title="bbox 2231 4985 3832 5057; baseline 0.001 -14"><span class='ocrx_word' id='word_1_823' title='bbox 2231 5004 2342 5043; x_wconf 90' lang='lat' dir='ltr'><strong>rem</strong></span> <span class='ocrx_word' id='word_1_824' title='bbox 2362 4998 2541 5046; x_wconf 87' lang='lat' dir='ltr'><strong>servat</strong></span> <span class='ocrx_word' id='word_1_825' title='bbox 2565 4986 2775 5043; x_wconf 84' lang='lat' dir='ltr'><strong>Missale</strong></span> <span class='ocrx_word' id='word_1_826' title='bbox 2805 4986 3106 5043; x_wconf 80' lang='lat' dir='ltr'><strong>Romanum</strong></span> <span class='ocrx_word' id='word_1_827' title='bbox 3134 4985 3291 5057; x_wconf 89' lang='lat' dir='ltr'><strong>jussu</strong></span> <span class='ocrx_word' id='word_1_828' title='bbox 3321 4986 3493 5042; x_wconf 89' lang='lat' dir='ltr'><strong>sancti</strong></span> <span class='ocrx_word' id='word_1_829' title='bbox 3526 4985 3604 5041; x_wconf 86' lang='lat' dir='ltr'><strong>Pii</strong></span> <span class='ocrx_word' id='word_1_830' title='bbox 3633 4985 3677 5041; x_wconf 87' lang='lat' dir='ltr'>V</span> <span class='ocrx_word' id='word_1_831' title='bbox 3701 4988 3832 5044; x_wconf 88' lang='lat' dir='ltr'><strong>edi-</strong></span> 
     </span>
    </p>
   </div>
   <div class='ocr_carea' id='block_1_112' title="bbox 2231 5069 3828 5202">
    <p class='ocr_par' dir='ltr' id='par_1_112' title="bbox 2231 5069 3828 5202">
     <span class='ocr_line' id='line_1_113' title="bbox 2231 5069 3828 5202; baseline 0.005 -21"><span class='ocrx_word' id='word_1_832' title='bbox 2231 5069 2469 5185; x_wconf 53' lang='lat' dir='ltr'><strong>wTiioc</strong></span> <span class='ocrx_word' id='word_1_833' title='bbox 2495 5139 2664 5183; x_wconf 82' lang='lat' dir='ltr'><strong>autem</strong></span> <span class='ocrx_word' id='word_1_834' title='bbox 2690 5133 2881 5202; x_wconf 81' lang='lat' dir='ltr'><strong>factum</strong></span> <span class='ocrx_word' id='word_1_835' title='bbox 2909 5139 3000 5186; x_wconf 82' lang='lat' dir='ltr'><strong>est.</strong></span> <span class='ocrx_word' id='word_1_836' title='bbox 3038 5129 3262 5199; x_wconf 82' lang='lat' dir='ltr'><strong>Vulgata</strong></span> <span class='ocrx_word' id='word_1_837' title='bbox 3289 5138 3344 5185; x_wconf 87' lang='lat' dir='ltr'><strong>et</strong></span> <span class='ocrx_word' id='word_1_838' title='bbox 3378 5130 3600 5202; x_wconf 86' lang='lat' dir='ltr'><strong>Syriaca</strong></span> <span class='ocrx_word' id='word_1_839' title='bbox 3634 5147 3647 5183; x_wconf 89' lang='lat'><strong>:</strong></span> <span class='ocrx_word' id='word_1_840' title='bbox 3698 5130 3828 5188; x_wconf 83' lang='lat' dir='ltr'><strong>Hoc</strong></span> 
     </span>
    </p>
   </div>
   <div class='ocr_carea' id='block_1_113' title="bbox 2229 5203 2929 5269">
    <p class='ocr_par' dir='ltr' id='par_1_113' title="bbox 2229 5203 2929 5269">
     <span class='ocr_line' id='line_1_114' title="bbox 2229 5203 2929 5269; baseline -0.001 -12"><span class='ocrx_word' id='word_1_841' title='bbox 2229 5212 2397 5257; x_wconf 81' lang='lat' dir='ltr'><strong>autem</strong></span> <span class='ocrx_word' id='word_1_842' title='bbox 2430 5212 2589 5255; x_wconf 81' lang='lat' dir='ltr'><strong>totum</strong></span> <span class='ocrx_word' id='word_1_843' title='bbox 2618 5203 2810 5269; x_wconf 72' lang='lat' dir='ltr'><strong>factum</strong></span> <span class='ocrx_word' id='word_1_844' title='bbox 2839 5212 2929 5256; x_wconf 83' lang='lat' dir='ltr'><strong>est.</strong></span> 
     </span>
    </p>
   </div>
   <div class='ocr_carea' id='block_1_114' title="bbox 2264 5271 3827 5357">
    <p class='ocr_par' dir='ltr' id='par_1_114' title="bbox 2264 5271 3827 5357">
     <span class='ocr_line' id='line_1_115' title="bbox 2264 5271 3827 5357; baseline 0.003 -32"><span class='ocrx_word' id='word_1_845' title='bbox 2264 5272 2326 5357; x_wconf 37' lang='grc' dir='ltr'>,ιζ</span> <span class='ocrx_word' id='word_1_846' title='bbox 2358 5271 2423 5327; x_wconf 83' lang='lat' dir='ltr'><strong>Et</strong></span> <span class='ocrx_word' id='word_1_847' title='bbox 2450 5274 2617 5345; x_wconf 73' lang='lat' dir='ltr'><strong>cjecit.</strong></span> <span class='ocrx_word' id='word_1_848' title='bbox 2651 5273 2722 5327; x_wconf 86' lang='lat' dir='ltr'><strong>Ita</strong></span> <span class='ocrx_word' id='word_1_849' title='bbox 2764 5274 3006 5344; x_wconf 88' lang='lat' dir='ltr'><strong>Syriaca,</strong></span> <span class='ocrx_word' id='word_1_850' title='bbox 3053 5281 3109 5328; x_wconf 86' lang='lat' dir='ltr'><strong>at</strong></span> <span class='ocrx_word' id='word_1_851' title='bbox 3141 5271 3365 5345; x_wconf 82' lang='lat' dir='ltr'><strong>Vulgata</strong></span> <span class='ocrx_word' id='word_1_852' title='bbox 3395 5283 3452 5330; x_wconf 88' lang='lat' dir='ltr'><strong>et</strong></span> <span class='ocrx_word' id='word_1_853' title='bbox 3478 5273 3687 5341; x_wconf 67' lang='lat' dir='ltr'><strong>Graeca,</strong></span> <span class='ocrx_word' id='word_1_854' title='bbox 3715 5276 3827 5346; x_wconf 81' lang='lat' dir='ltr'><strong>eji-</strong></span> 
     </span>
    </p>
   </div>
   <div class='ocr_carea' id='block_1_115' title="bbox 2228 5345 3615 5481">
    <p class='ocr_par' dir='ltr' id='par_1_115' title="bbox 2228 5345 3615 5481">
     <span class='ocr_line' id='line_1_116' title="bbox 2228 5345 3615 5481; baseline 0.006 -17"><span class='ocrx_word' id='word_1_855' title='bbox 2228 5345 2499 5470; x_wconf 53' lang='lat' dir='ltr'><strong>c&#39;efalgimt</strong></span> <span class='ocrx_word' id='word_1_856' title='bbox 2529 5415 2743 5469; x_wconf 82' lang='lat' dir='ltr'><strong>Chorus.</strong></span> <span class='ocrx_word' id='word_1_857' title='bbox 2782 5415 2928 5471; x_wconf 75' lang='lat' dir='ltr'><strong>Adde</strong></span> <span class='ocrx_word' id='word_1_858' title='bbox 2960 5416 3212 5470; x_wconf 74' lang='lat' dir='ltr'><strong>Laudem.</strong></span> <span class='ocrx_word' id='word_1_859' title='bbox 3247 5415 3335 5473; x_wconf 80' lang='lat' dir='ltr'><strong>Ps.</strong></span> <span class='ocrx_word' id='word_1_860' title='bbox 3371 5433 3534 5481; x_wconf 73' lang='grc' dir='ltr'>χχχιι,</span> <span class='ocrx_word' id='word_1_861' title='bbox 3561 5416 3615 5472; x_wconf 80' lang='grc'><strong>5.</strong></span> 
     </span>
    </p>
   </div>
   <div class='ocr_carea' id='block_1_116' title="bbox 2298 5484 3821 5589">
    <p class='ocr_par' dir='ltr' id='par_1_116' title="bbox 2298 5484 3821 5589">
     <span class='ocr_line' id='line_1_117' title="bbox 2298 5484 3821 5589; baseline 0.004 -50"><span class='ocrx_word' id='word_1_862' title='bbox 2298 5484 2417 5589; x_wconf 67' lang='grc' dir='ltr'><strong>άυῙΙΙι</strong></span> <span class='ocrx_word' id='word_1_863' title='bbox 2440 5486 2774 5589; x_wconf 70' lang='lat' dir='ltr'><strong>jnbilatione.</strong></span> <span class='ocrx_word' id='word_1_864' title='bbox 2809 5489 2887 5543; x_wconf 86' lang='lat' dir='ltr'><strong>lta</strong></span> <span class='ocrx_word' id='word_1_865' title='bbox 2935 5487 3135 5589; x_wconf 65' lang='lat' dir='ltr'><strong>italica.</strong></span> <span class='ocrx_word' id='word_1_866' title='bbox 3165 5487 3233 5541; x_wconf 85' lang='lat' dir='ltr'><strong>In</strong></span> <span class='ocrx_word' id='word_1_867' title='bbox 3278 5489 3641 5561; x_wconf 76' lang='lat' dir='ltr'><strong>vociferatione</strong></span> <span class='ocrx_word' id='word_1_868' title='bbox 3670 5486 3821 5545; x_wconf 77' lang='lat' dir='ltr'><strong>LXX</strong></span> 
     </span>
    </p>
   </div>
   <div class='ocr_carea' id='block_1_117' title="bbox 2227 5560 3819 5704">
    <p class='ocr_par' dir='ltr' id='par_1_117' title="bbox 2227 5560 3819 5704">
     <span class='ocr_line' id='line_1_118' title="bbox 2298 5560 3399 5614; baseline 0.008 -5"><span class='ocrx_word' id='word_1_869' title='bbox 2298 5588 2303 5591; x_wconf 73' lang='lat'><strong><em>~</em></strong></span> <span class='ocrx_word' id='word_1_870' title='bbox 2361 5560 2475 5610; x_wconf 70' lang='lat' dir='ltr'><strong>Ill&quot;:l</strong></span> <span class='ocrx_word' id='word_1_871' title='bbox 2508 5576 2557 5614; x_wconf 68' lang='grc' dir='ltr'><strong>εἰ.</strong></span> <span class='ocrx_word' id='word_1_872' title='bbox 2983 5566 3015 5589; x_wconf 72' lang='grc'><strong>⁸</strong></span> <span class='ocrx_word' id='word_1_873' title='bbox 3396 5560 3399 5561; x_wconf 11' lang='lat'><em>7</em></span> 
     </span>
     <span class='ocr_line' id='line_1_119' title="bbox 2227 5560 3819 5704; baseline 0.005 -23"><span class='ocrx_word' id='word_1_874' title='bbox 2227 5560 2351 5669; x_wconf 50' lang='grc' dir='ltr'><strong>αρν</strong></span> <span class='ocrx_word' id='word_1_875' title='bbox 2373 5572 2717 5699; x_wconf 54' lang='lat' dir='ltr'><strong>Szcrltﬁcittm.</strong></span> <span class='ocrx_word' id='word_1_876' title='bbox 2772 5632 2848 5685; x_wconf 74' lang='lat' dir='ltr'><strong>Ex</strong></span> <span class='ocrx_word' id='word_1_877' title='bbox 2916 5630 3096 5704; x_wconf 74' lang='lat' dir='ltr'><strong>verbis</strong></span> <span class='ocrx_word' id='word_1_878' title='bbox 3146 5630 3402 5704; x_wconf 77' lang='lat' dir='ltr'><strong>Danielis</strong></span> <span class='ocrx_word' id='word_1_879' title='bbox 3433 5631 3819 5704; x_wconf 86' lang='lat' dir='ltr'><strong>interpolatis,</strong></span> 
     </span>
    </p>
   </div>
   <div class='ocr_carea' id='block_1_118' title="bbox 2225 5702 3434 5773">
    <p class='ocr_par' dir='ltr' id='par_1_118' title="bbox 2225 5702 3434 5773">
     <span class='ocr_line' id='line_1_120' title="bbox 2225 5702 3434 5773; baseline -0.002 -14"><span class='ocrx_word' id='word_1_880' title='bbox 2225 5718 2343 5769; x_wconf 88' lang='lat' dir='ltr'><strong>cap.</strong></span> <span class='ocrx_word' id='word_1_881' title='bbox 2380 5721 2458 5768; x_wconf 88' lang='lat' dir='ltr'><strong>tn,</strong></span> <span class='ocrx_word' id='word_1_882' title='bbox 2487 5705 2582 5768; x_wconf 71' lang='lat' dir='ltr'><strong>9a;</strong></span> <span class='ocrx_word' id='word_1_883' title='bbox 2612 5719 2729 5773; x_wconf 84' lang='lat' dir='ltr'><strong>cap.</strong></span> <span class='ocrx_word' id='word_1_884' title='bbox 2763 5718 2818 5767; x_wconf 79' lang='lat' dir='ltr'><strong>x;</strong></span> <span class='ocrx_word' id='word_1_885' title='bbox 2856 5703 2940 5766; x_wconf 89' lang='lat' dir='ltr'><strong>l7,</strong></span> <span class='ocrx_word' id='word_1_886' title='bbox 2976 5702 3078 5765; x_wconf 77' lang='lat'><strong>18;</strong></span> <span class='ocrx_word' id='word_1_887' title='bbox 3107 5718 3225 5773; x_wconf 85' lang='lat' dir='ltr'><strong>cap.</strong></span> <span class='ocrx_word' id='word_1_888' title='bbox 3254 5719 3346 5771; x_wconf 81' lang='lat' dir='ltr'><strong>xu,</strong></span> <span class='ocrx_word' id='word_1_889' title='bbox 3383 5702 3434 5758; x_wconf 78' lang='grc'><strong>1.</strong></span> 
     </span>
    </p>
   </div>
   <div class='ocr_carea' id='block_1_119' title="bbox 2305 5772 3152 5855">
    <p class='ocr_par' dir='ltr' id='par_1_119' title="bbox 2305 5772 3152 5855">
     <span class='ocr_line' id='line_1_121' title="bbox 2305 5772 3152 5855; baseline -0.007 -23"><span class='ocrx_word' id='word_1_890' title='bbox 2305 5773 2322 5812; x_wconf 75' lang='grc' dir='ltr'><strong>ί</strong></span> <span class='ocrx_word' id='word_1_891' title='bbox 2353 5774 2584 5845; x_wconf 69' lang='lat' dir='ltr'><strong>Muttice.</strong></span> <span class='ocrx_word' id='word_1_892' title='bbox 2613 5772 2886 5855; x_wconf 74' lang='lat' dir='ltr'><strong>Fortasse.</strong></span> <span class='ocrx_word' id='word_1_893' title='bbox 2918 5773 3152 5841; x_wconf 68' lang='lat' dir='ltr'><strong>miriﬁce.</strong></span> 
     </span>
    </p>
   </div>
  </div>
