4040 6356
191 290 276 346 129

904 294 1194 352 MISSALE
1233 297 1503 356 MIXTUM
1547 299 1699 357 SEC.

1844 301 1904 359 G.
1952 305 2010 358 Β.
2057 304 2320 363 lSlDURl.
2363 324 2435 354 ςι-
2474 311 2648 369 PAllS
2689 313 2728 373 f.

3340 329 3442 385 150

185 410 446 464 adventum
492 408 668 480 glorie
709 420 794 466 tue
822 427 836 468 :
868 422 921 466 et
951 413 1378 473 lncarnationis:
1411 428 1463 474 et
1492 420 1750 474 Nativita-
1781 426 1826 483 Α
1855 431 2006 491 cepta
2048 424 2197 480 nobis
2239 420 2474 482 'tribuisti
2520 429 2703 483 orandi
2734 446 2746 481 :
2781 437 2834 484 tu
2868 445 2970 499 que
3001 446 3096 487 nos
3129 441 3177 488 te
3208 416 3438 497 docente

187 505 244 556 tis
263 503 571 573 mysterium
605 503 815 558 soleuni
846 504 1134 563 devotione
1161 510 1398 565 recolere
1427 530 1436 562 :
1469 521 1753 582 nostreque

184 595 351 650 salutis
381 594 608 663 insignia
639 614 651 647 :
681 612 784 666 quc
831 598 993 652 tantis
1041 610 1166 655 sunt
1209 603 1416 670 prolata
1466 603 1752 673 virtutibus

183 703 287 744 cum
315 689 548 759 tripudio
570 689 732 743 animi
763 691 1058 760 predicare.
1090 694 1192 748 Sed
1223 696 1338 764 quis
1365 696 1552 766 dignas
1582 697 1754 751 valeat

184 783 451 852 dignationi
496 796 588 839 tue
632 787 929 855 rependere
969 786 1191 844 laudes?
1223 788 1386 860 Cujus
1417 807 1616 861 opera:
1653 807 1752 848 nec

186 877 420 932 mirabilia
467 895 756 934 numerare
789 897 1075 950 possumus
1107 899 1203 939 nec
1235 886 1481 941 virtutes.
1512 886 1750 952 Quantus

187 980 341 1024 tamen
369 970 481 1038 ipse
515 972 599 1026 vel
630 972 802 1040 qualis
835 974 948 1028 sis:
981 975 1160 1030 nullus
1193 987 1216 1013 α
1249 979 1414 1032 credo
1445 979 1636 1033 audeat
1666 979 1750 1034 di-

185 1078 322 1117 cere:
352 1065 604 1132 quoniam
649 1069 1001 1135 quantitatem
1050 1067 1124 1122 tui
1174 1070 1258 1124 vel
1306 1071 1616 1139 qualitatem
1653 1071 1751 1126 hu-

186 1173 319 1212 mane
357 1158 626 1227 sapicntic
675 1176 778 1213 non
811 1170 894 1214 est
925 1161 1102 1215 datum
1135 1163 1294 1217 scire.
1326 1164 1612 1234 Sedcujus
1651 1165 1750 1219 im-

186 1255 498 1307 ntensitatem
558 1254 776 1309 humani
838 1271 1030 1312 sensus
1087 1263 1358 1327 capacitas
1413 1276 1517 1313 non
1574 1260 1751 1315 valeat

187 1345 476 1400 terminare:
503 1362 667 1399 unum
692 1347 1028 1402 solummodo
1051 1362 1161 1404 esu
1197 1352 1221 1386 ιι
1254 1359 1308 1404 ut
1338 1352 1597 1406 'l‘rinitate
1631 1354 1750 1406 Dei-

187 1439 289 1490 tatis
315 1448 466 1507 atque
496 1441 891 1509 omnipotentie
937 1451 1024 1496 tue
1069 1443 1384 1511 simpliciter
1421 1446 1744 1501 credamus:

184 1538 228 1581 et
265 1529 519 1584 veraciter
567 1526 927 1600 predicemus.
982 1533 1062 1587 Tu
1111 1534 1288 1604 itaque
1331 1536 1748 1592 clementissime

185 1619 302 1674 Deus
330 1637 455 1676 vere
485 1623 822 1678 credulitatis
855 1627 905 1678 in
934 1626 1184 1680 sensibus
1222 1629 1417 1682 nostris
1448 1629 1748 1684 iucremen~

185 1720 272 1764 tum
327 1714 618 1781 multiplica
660 1732 671 1767 :
721 1726 774 1768 et
826 1715 1073 1784 imaginis
1128 1732 1191 1772 ac
1241 1718 1602 1774 similittnliuis
1659 1731 1746 1776 tue

189 1806 437 1859 cfortnam
489 1807 759 1878 magisque
809 1819 1053 1864 rcstaura
1087 1828 1100 1864 :
1132 1822 1187 1864 ut
1238 1822 1288 1866 te
1336 1830 1492 1884 quem
1544 1816 1740 1871 dudum
1775 1795 1820 1852 Β

184 1898 371 1950 venisse
418 1899 684 1955 credimus
735 1917 829 1970 pro
879 1903 1131 1956 remediis
1171 1904 1542 1973 captivorum:
1577 1909 1626 1962 iu
1660 1923 1744 1964 se-

183 1989 340 2041 cundo
383 1989 613 2045 adventu
648 2001 739 2046 tuo
773 2001 823 2046 tc
855 1994 906 2046 in
939 1995 1216 2064 majestate
1257 2007 1540 2054 venturum
1579 2004 1743 2056 susti-

186 2090 355 2133 nentes
380 2080 557 2136 videre
581 2097 888 2137 mereamur
917 2100 928 2137 :
959 2101 1212 2140 concessa
1241 2089 1392 2143 nobis
1417 2089 1742 2160 indulgentia

178 2181 532 2241 peccatorum:
563 2186 740 2244 presta
773 2177 947 2231 unitas
979 2179 1186 2246 equalis
1214 2186 1269 2234 et
1307 2182 1536 2236 indivisa
1568 2185 1744 2239 'l‘rini-

177 2253 287 2317 tasi
317 2265 453 2320 Deus
481 2279 678 2323 neSter.
709 2270 877 2335 Quem
924 2272 1163 2326 celorum
1213 2276 1498 2329 multitudo
1526 2287 1580 2330 et
1612 2279 1742 2332 inef-

178 2355 349 2411 fabilis
375 2374 618 2414 numerus
646 2379 659 2412 ε
692 2377 846 2430 quem
884 2365 1120 2418 omnium
1174 2367 1497 2437 Angelornm
1546 2371 1740 2425 milieia

185 2464 302 2503 cum
334 2453 628 2509 senioribus
655 2466 706 2509 et
733 2456 1014 2512 Virtutibus
1055 2475 1176 2514 cum
1218 2461 1450 2517 Thronis
1481 2473 1533 2518 et
1565 2464 1743 2520 Domi-

181 2545 479 2624 nationibus
517 2549 731 2604 laudare
762 2567 864 2605 non
892 2565 1125 2609 cessant.
1161 2555 1214 2609 In
1247 2557 1398 2625 cujus
1432 2561 1738 2628 prcconinm

180 2637 421 2707 quadriga
446 2638 527 2693 illa
556 2656 804 2697 seriarum
834 2646 1056 2716 remigio
1081 2647 1291 2702 suffulta
1317 2651 1526 2706 alarum
1555 2654 1740 2708 intrin-

179 2745 317 2786 secus
354 2743 406 2787 et
452 2736 774 2792 extrinsecus
803 2756 816 2798 ;
851 2738 1148 2796 minutatim
1193 2744 1362 2799 oculis
1392 2744 1417 2782 ά
1459 2747 1694 2803 liminata
1723 2766 1735 2802 :

186 2836 287 2875 cum
316 2825 574 2881 Cherubin
609 2829 862 2899 hymnum
896 2835 1088 2888 cantici
1123 2836 1247 2890 novi
1275 2838 1598 2895 concinnum
1634 2841 1739 2896 latt-

184 2913 346 2967 dantes
375 2925 525 2984 atque
556 2921 814 2977 dicentes.

240 3004 372 3059 Dicat
401 3006 616 3064 Chorus.
642 3012 895 3069 Sanctus.
928 3016 1173 3073 Sanctus.
1210 3019 1455 3077 Sanctus.

241 3097 372 3153 Dicat
399 3101 572 3158 Ρτεδὸ.

248 3189 356 3244 Post
387 3193 626 3251 Sanctus.
663 3197 801 3254 Vere
834 3202 1061 3256 Sanctus
1090 3222 1100 3256 :
1133 3220 1256 3259 vere
1287 3206 1600 3264 benedictus
1631 3209 1732 3264 Do-

192 3284 332 3338 tuiuus
374 3296 554 3343 noster
584 3291 742 3345 Jesus
779 3293 1028 3349 Christus
1060 3296 1199 3352 ﬁlius
1229 3308 1348 3353 tuus
1375 3317 1385 3352 :
1412 3303 1497 3370 qui
1534 3318 1636 3356 non
1667 3318 1730 3357 ex

187 3376 296 3430 virili
335 3380 530 3437 semine
571 3395 768 3439 natus:
799 3389 892 3442 sed
935 3405 998 3444 ex
1049 3391 1248 3458 Spiritu
1306 3392 1504 3449 Sancto
1547 3413 1575 3451 a
1623 3396 1732 3452 Deo

187 3463 313 3522 Patre
345 3485 630 3543 conceptus
658 3477 748 3546 qui
779 3477 926 3533 dedit
955 3481 1150 3536 mundo
1183 3499 1277 3552 per
1304 3484 1728 3543 lncarnationem

187 3559 406 3620 adventus
431 3569 509 3622 sui
543 3585 739 3624 novum
770 3572 892 3628 fidei
936 3575 1114 3630 lumen
1142 3595 1155 3634 :
1182 3593 1426 3634 reserans
1456 3581 1594 3636 viam
1627 3598 1731 3652 que

181 3649 388 3723 abstrusa
442 3658 616 3714 fuerat
668 3662 872 3718 homini
924 3667 1094 3735 primo
1145 3669 1554 3740 prothoplausto
1616 3649 1728 3744 ipse

182 3739 402 3801 Dominus
437 3766 500 3805 ac
536 3753 864 3824 Redemptor
891 3766 1126 3813 clernns.

245 3833 332 3889 Hic
357 3842 466 3894 dicit
505 3843 682 3898 Presb.
734 3847 932 3904 Adesto
961 3850 1167 3906 adesto.
1204 3851 1348 3908 Sicut
1375 3861 1620 3926 scriptum
1651 3871 1725 3915 est

176 3924 223 3977 iu
254 3929 405 3996 prima
435 3932 592 3988 Missa
615 3937 709 4006 fol.
743 3939 795 3993 5.
1480 3924 1487 3926 ﬁ
1583 3959 1588 3964 ’

238 4020 358 4077 Post
391 4029 572 4096 pridie.
617 4032 749 4088 Veni
799 4035 1020 4093 Domine
1047 4049 1099 4095 et
1129 4044 1234 4098 noli
1267 4046 1476 4102 tardare
1504 4065 1515 4100 :
1545 4049 1723 4104 relaxa

179 4112 380 4173 facinora
433 4124 605 4192 plebis
648 4136 778 4183 tne:
811 4133 1094 4190 conferens
1141 4140 1389 4196 omnibus
1443 4141 1549 4198 vite
1599 4158 1722 4212 pre-

180 4205 317 4262 mium
369 4217 710 4283 repromisse.
768 4219 832 4275 Ut
881 4223 1017 4278 sicut
1062 4225 1424 4294 incarnatione
1467 4240 1550 4284 tua
1596 4233 1721 4286 olim

177 4305 369 4366 reparati
417 4320 644 4362 sumus:
681 4311 750 4364 ita
800 4329 1009 4385 quoque
1040 4326 1092 4372 te
1120 4319 1186 4373 ad
1211 4320 1465 4389 judicium
1501 4325 1722 4380 venien-

175 4399 254 4446 tem
295 4399 598 4465 placabilem
635 4406 948 4463 sentiamus.
987 4409 1076 4464 llis
1107 4427 1318 4482 quoque
1350 4425 1400 4470 te
1430 4431 1720 4484 quesnmus

1857 517 2196 586 exposcimus
2253 521 2574 588 propiciatus
2629 521 2844 592 exaudi,
2897 533 2953 579 ut
3005 527 3092 596 qui
3139 527 3255 583 dies
3311 532 3442 588 istos

1859 608 2236 667 lucarnatitinls
2285 622 2369 669 lue
2415 630 2532 670 cum
2577 630 2779 670 summa
2833 621 3176 676 veneratione
3219 626 3444 695 suscipi-

1857 717 1974 757 mus
2004 705 2022 756 ί
2042 704 2182 759 dono
2229 707 2408 762 Sancti
2449 709 2678 779 Spiritus
2708 712 3007 767 muniamur
3053 716 3442 783 proclamantes

1857 793 1912 846 in
1950 797 2106 850 terris
2136 815 2146 849 :
2175 797 2332 854 Pater
2379 811 2560 856 noster
2582 803 2670 872 qui
2702 819 2759 860 es
2798 804 2850 859 in
2895 807 3042 862 celis.
3087 806 3274 864 Totum
3313 812 3446 867 sicut

1856 883 2050 938 dictum
2077 896 2148 940 est
2179 888 2231 942 in
2260 890 2427 960 prima
2459 890 2640 947 Missa.

1928 977 2080 1033 Dicat
2109 979 2290 1037 Presb.
2323 984 2514 1040 Sancta
2546 988 2772 1046 Sanctis.

1929 1069 2116 1126 Postea
2161 1076 2295 1130 dicat
2341 1079 2763 1136 benedictionem.
2799 1083 2940 1139 Deus
2966 1087 3112 1156 pacis
3139 1089 3438 1147 sanctifieet

1856 1176 1948 1218 vos
1993 1165 2058 1220 ad
2088 1167 2384 1235 perfectum
2421 1188 2433 1224 :
2468 1173 2618 1242 cujus
2648 1176 3031 1234 Incarnationis
3060 1181 3270 1237 ovaudo
3300 1185 3441 1240 cele-

1853 1257 2019 1312 bratis
2048 1264 2379 1332 mysterium.
2412 1266 2449 1334 ti)
2471 1305 2484 1320 .
2510 1267 2696 1324 Amen.
2723 1269 2867 1326 Idem
2890 1289 3099 1343 quoque
3119 1291 3214 1330 vos
3233 1278 3439 1331 castifi-

1853 1361 1940 1407 cet
1968 1345 2147 1409 mente
2177 1367 2232 1412 et
2261 1372 2488 1428 corpore
2514 1379 2524 1414 :
2554 1363 2640 1431 qui
2665 1378 2724 1417 sc
2752 1365 2912 1418 voluit
2938 1367 3080 1421 nasci
3109 1367 3176 1422 de
3203 1367 3434 1439 Virgine.
3463 1365 3468 1372 ⁷

1868 1444 1941 1511 ἡ.
1973 1449 2163 1512 Amen.
2197 1458 2218 1486 θ
2248 1449 2312 1504 Ut
2343 1450 2550 1521 integer
2585 1452 2803 1523 spiritus
2839 1467 3014 1512 vester
3040 1459 3215 1513 anima
3243 1469 3298 1514 et
3322 1476 3439 1517 cor-

1854 1549 1949 1602 pus
2004 1537 2121 1591 sine
2174 1543 2388 1607 querela
2433 1555 2676 1599 servetur
2707 1549 2755 1601 in
2789 1549 3074 1604 adventum
3127 1552 3312 1620 ipsius.
3360 1553 3432 1622 πῆ.

1850 1626 2041 1683 Amen.
2099 1630 2198 1684 Per
2259 1634 2674 1690 misericordiam
2727 1640 2894 1708 ipsius
2941 1641 3031 1694 Dei
3075 1643 3238 1696 nostri
3290 1661 3302 1695 :
3350 1645 3439 1713 qui

1853 1718 1980 1774 vivit
2013 1730 2063 1774 ct
2089 1723 2266 1777 omnia
2299 1726 2433 1795 regit
2469 1728 2516 1780 in
2541 1729 2719 1783 secula
2754 1732 3079 1787 seculorum.

1938 1812 1972 1878 ri)
1998 1851 2010 1865 .
2044 1817 2233 1906 Amen.

1918 1903 2071 1959 Dicat
2098 1903 2281 1963 Présb.
2312 1910 2567 1967 Dominus
2598 1915 2665 1968 sit
2693 1929 2906 1985 semper
2932 1919 3225 1974 vobiscum.
3264 1921 3299 1990 ιῆ
3323 1960 3336 1975 .
3371 1921 3436 1975 Et

1847 2011 1988 2052 cum.
2021 1999 2167 2055 Dicat
2199 2002 2418 2058 Chorus.
2451 2004 2672 2063 Gustate
2703 2019 2755 2064 et
2785 2009 2978 2066 videte.
3012 2010 3104 2065 t'ol.
3141 2015 3191 2068 7.

1845 2134 1911 2191 IN
1959 2137 2238 2204 QUARTA
2297 2142 2620 2199 DOMINICA
2677 2145 2760 2199 DE
2813 2145 3138 2203 ADVENTU
3183 2148 3432 2205 υυΜιΝι.

2298 2260 2379 2312 Ad
2409 2259 2642 2315 Missam.
2681 2263 2946 2332 Ofﬁcium.

1914 2365 2054 2423 Ecce
2095 2384 2252 2438 super
2298 2373 2503 2429 Montes
2531 2390 2614 2445 pc.
2649 2376 2867 2445 Requirc
2894 2387 3027 2431 retro
3053 2379 3104 2431 in
3135 2378 3299 2448 primo
3321 2377 3402 2432 Do
3422 2407 3430 2421 -ι

1843 2461 2028 2513 minico
2054 2463 2331 2518 Adventus.

1928 2554 2131 2608 Oratio.
2166 2555 2303 2611 Deus
2330 2559 2420 2626 qni
2451 2574 2543 2628 per
2573 2561 2858 2631 Angelicos
2886 2561 3110 2617 Chorus.

1967 2643 2140 2699 chtio
2172 2646 2312 2701 Libri
2342 2648 2512 2720 Esaye
2543 2649 2802 2721 Pt‘upltete
2831 2649 2877 2723 (ί
2902 2650 3029 2722 Cap.
3059 2650 3302 2723 XXIV).

1930 2738 1965 2806 ri,
1989 2778 2002 2792 .
2032 2739 2140 2792 Deo
2163 2742 2381 2810 gratias.

1919 2830 2017 2899 ῃ
2051 2833 2090 2884 Α
2127 2830 2346 2887 Finibus
2396 2843 2538 2890 terre
2572 2836 2753 2890 laudes
2789 2854 2802 2890 :
2850 2835 3148 2892 audivimus
3204 2836 3424 2906 gloriam

1833 2919 1958 2990 jnSli
1988 2940 2000 2975 :
2035 2923 2097 2976 lit
2122 2924 2227 2977 dixi
2249 2943 2260 2977 :
2280 2926 2550 2981 Secretum
2577 2943 2751 2981 rnenm
2771 2928 3214 2984 milti.SecrettIm
3245 2944 3420 2985 meum

1838 3010 1985 3066 mihi.
2026 3013 2137 3067 Vite
2179 3017 2326 3071 mihi.
2389 3016 2790 3073 l‘revaricantes
2823 3019 3138 3087 prevaricati
3193 3027 3347 3074 sunt:
3375 3027 3424 3074 et

1839 3107 2262 3173 prevaricationc
2283 3120 2737 3180 transgressoruut
2769 3111 3081 3180 prevaricati
3113 3118 3254 3165 sunt.
3292 3111 3422 3166 For-

1840 3199 1984 3254 tnido
2014 3211 2066 3255 et
2092 3200 2239 3256 fovea
2269 3213 2322 3258 et
2353 3205 2570 3272 laqueus
2600 3220 2761 3273 super
2794 3215 2883 3259 te:
2942 3205 3028 3274 qui
3064 3205 3324 3258 habitator
3366 3219 3423 3260 es

1837 3297 1999 3346 terre.
2026 3294 2085 3346 Et
2108 3295 2206 3348 erit
2229 3295 2315 3364 qui
2340 3295 2531 3365 fugerit
2557 3307 2624 3350 8a
2653 3297 2783 3351 facie
2817 3296 3113 3352 formidinis
3146 3314 3158 3348 :
3188 3295 3343 3350 cadet
3365 3295 3417 3350 i.t

1837 3383 2045 3439 foveam
2079 3375 2090 3438 ἐ
2124 3395 2178 3440 ct
2208 3388 2296 3456 qui
2330 3403 2388 3442 se
2438 3387 2784 3458 explicaverit
2806 3390 2871 3442 de
2925 3391 3075 3445 fovea
3112 3406 3122 3440 :
3159 3387 3424 3442 tenebitur

1837 3477 2026 3548 laqueo
2057 3482 2212 3551 :qnia
2262 3492 2529 3538 cataracte
2551 3485 2615 3538 de
2657 3486 2886 3539 excelsis
2948 3494 3132 3554 aperte
3176 3493 3336 3536 sunt:
3367 3492 3423 3538 et

1834 3575 2211 3629 concucientnr
2233 3576 2572 3631 fundamenta
2601 3587 2759 3632 terre.
2782 3577 3155 3633 Confractione
3186 3573 3421 3630 confriné

1835 3680 1987 3741 getur
2016 3678 2158 3723 terra
2188 3686 2200 3723 :
2253 3669 2572 3722 contritione
2623 3678 2930 3722 conteretur
2962 3676 3100 3724 terra
3133 3689 3146 3725 :
3180 3688 3422 3753 commo-

1833 3766 1978 3820 tioue
1998 3762 2428 3817 commovebitur
2454 3771 2614 3816 terra.
2641 3763 2942 3830 Agitatione
2965 3765 3252 3836 agitabitur
3279 3776 3421 3822 terra

1832 3859 1970 3911 sicut
2017 3857 2227 3910 ebrius:
2260 3867 2312 3909 et
2339 3855 2614 3910 auferetur
2646 3857 2793 3924 quasi
2846 3856 3243 3911 tabernaculum
3269 3860 3421 3914 unius

1835 3948 2027 4003 noctis.
2079 3949 2142 4000 Et
2169 3946 2408 4017 gravabit
2441 3960 2557 3998 eam
2589 3944 2840 4013 iniquitas
2871 3960 2966 3999 sua
2998 3957 3048 4001 et
3079 3956 3291 4002 corruet
3322 3965 3336 4004 :
3367 3957 3421 4003 et

1832 4057 1934 4095 non
1958 4039 2174 4110 adjiciet
2205 4047 2260 4092 ut
2292 4047 2550 4107 resurgat.
2591 4037 2658 4090 Et
2683 4036 2785 4092 erit
2815 4037 2865 4091 itt
2896 4039 2982 4093 die
3023 4039 3111 4094 illa
3137 4057 3150 4093 :
3183 4040 3421 4096 visitabit

1833 4134 2087 4188 Dominus
2117 4147 2276 4200 super
2306 4131 2553 4185 miliciam
2575 4130 2674 4184 celi
2707 4130 2758 4184 in
2783 4131 3034 4187 excelsi):
3068 4144 3121 4187 et
3148 4149 3307 4203 super
3329 4141 3416 4218 re-

1827 4243 1919 4297 ges
1944 4237 2086 4282 terre
2115 4227 2204 4298 qui
2239 4233 2362 4281 sunt
2391 4240 2554 4295 super
2583 4235 2801 4280 terram.
2854 4226 2920 4280 Et
2947 4231 3413 4299 congregabuntur

1828 4321 1878 4374 in
1902 4321 2478 4389 congregationeunius
2509 4317 2662 4372 fascis
2709 4316 2760 4370 in
2791 4318 2996 4373 laeum:
3024 4329 3077 4374 et
3106 4323 3418 4378 claudentur

1827 4412 1895 4467 ibi
1924 4413 1974 4466 in
2027 4426 2244 4466 carcere
2272 4427 2284 4463 :
2314 4421 2368 4464 et
2418 4418 2539 4479 post
2577 4410 2692 4464 dies
2721 4412 2916 4464 multos
2974 4411 3293 4469 visitabitur.
3350 4415 3417 4468 Et

171 4492 408 4548 sacrificiis
437 4499 643 4552 nostris
673 4500 740 4554 ita
769 4505 1246 4561 sanctificationem
1280 4519 1419 4563 tuam
1459 4511 1677 4568 infunde
1703 4531 1715 4567 :

1844 4504 2104 4559 :rnbescet
2131 4503 2282 4557 Luna'
2304 4511 2355 4557 et
2382 4500 2740 4557 confundetur
2770 4505 2861 4558 Sel
2890 4522 2900 4555 :
2934 4520 3052 4558 cum
3092 4515 3404 4574 regnaverit

170 4593 335 4644 quoex
378 4589 456 4644 his
509 4595 774 4662 sumpturi
821 4597 965 4652 nullo
995 4587 1301 4655 decidamus
1350 4602 1402 4655 in
1452 4603 1716 4661 crimine:

167 4672 239 4725 sed
279 4682 590 4736 sanctiﬁcati
638 4695 784 4742 tuum
827 4704 1129 4746 mereamur
1176 4692 1403 4749 Domine
1429 4695 1716 4752 adventum

167 4759 376 4832 impavidi
404 4775 707 4833 sustinere.

231 4861 260 4926 ἢ
300 4866 485 4922 Amen.

218 4948 282 5006 Te
308 4969 602 5023 prestantc.
638 4961 728 5030 fol.
755 4962 807 5018 ϐ.

216 5043 280 5098 Μ
319 5048 621 5106 Orationem
666 5054 1010 5112 Dominicaut.
1058 5059 1282 5118 Domine
1338 5063 1464 5119 Jesu
1511 5064 1719 5122 Christe

163 5137 226 5199 (Ιυὶ
251 5153 340 5208 pro
364 5146 524 5200 nobis
567 5162 782 5203 carnem
815 5151 882 5206 de
913 5152 1129 5223 Virgine
1161 5157 1441 5229 suscepisti
1471 5177 1482 5212 :
1514 5167 1568 5214 et
1597 5173 1718 5230 pre-

215 5253 425 5338 :Eredo.
465 5261 524 5315 Id
553 5272 658 5338 est,
689 5280 825 5338 rem;
857 5263 1018 5338 οἶμαι.

216 5318 520 5399 δ’[νίηἱιαιε.
558 5318 738 5399 Foite,
778 5318 1102 5395 fritiilalettt.

216 5404 234 5430 ε
262 5395 523 5480 Fomtam_.
557 5405 697 5472 Lege
772 5406 836 5460 Et
867 5410 1128 5480 imaginis,
1158 5428 1218 5466 ac
1239 5413 1593 5472 similitudinis
1619 5427 1718 5473 tua:

163 5465 342 5547 formant
371 5477 559 5547 magis,
581 5465 855 5547 magisque
886 5465 1140 5539 reslattra'.

214 5536 234 5619 ἦ
263 5536 734 5619 ξτὶηᾳὶιιηῖα.’μθεὲ,
768 5536 1035 5607 luutinata.
1087 5617 1089 5619 ι

219 5618 236 5642 θ
344 5615 558 5684 integer.
596 5608 793 5674 Iisdem
841 5625 1018 5677 verbis
1047 5617 1267 5680 sanctus
1300 5628 1496 5683 Paulus
1545 5631 1718 5685 Thes-

159 5680 539 5810 ialggifensibus
568 5691 997 5748 benedictionem
1025 5680 1326 5768 impertitus
1347 5680 1514 5772 etSt—(il
1536 5680 1712 5756 Ῠιὶὲῖςὲ.

187 5789 198 5810 ι
225 5761 325 5810 ‘15).

222 5817 381 5896 ποαρ.
411 5825 628 5889 XXIV.
666 5833 820 5892 γενέ.
854 5833 1041 5893 16-25.

1830 4595 2084 4649 Dominus
2112 4595 2443 4649 exercituum
2475 4594 2525 4646 in
2544 4603 2727 4649 monte
2753 4594 2965 4664 Syonet
2994 4597 3412 4653 iuHierusalem.

1829 4688 1891 4741 Et
1919 4687 1969 4742 in
2000 4695 2289 4756 conspectu
2318 4686 2586 4741 seniorum
2617 4700 2832 4742 suorum
2863 4687 3023 4744 fuerit
3062 4689 3408 4760 gloriticatus.

1911 4781 1948 4849 ἡ
1970 4818 1985 4834 .
2015 4780 2218 4833 'Amen.

1897 4874 2047 4928 Dicat
2089 4872 2267 4927 Presb.
2305 4873 2558 4930 Dominus
2589 4875 2657 4930 sit
2683 4888 2895 4946 semper
2926 4877 3198 4933 vobiscum

1910 4968 1946 5036 Ii]
1969 5009 1983 5022 .
2019 4968 2245 5021 Etcum.

1895 5062 2045 5116 Dicat
2075 5062 2293 5116 Chorus.

1896 5158 1923 5195 ιι
1948 5158 2256 5215 Ρεαιιρηάο.’
2278 5159 2606 5216 Exultabunt
2634 5163 2809 5217 omnia
2841 5161 2976 5231 ligna
3013 5157 3026 5196 ί
3063 5158 3194 5213 silve
3229 5159 3244 5209 l
3276 5169 3401 5218 ante

1897 5286 1921 5323 ε
1954 5278 1996 5328 Α
2041 5275 2169 5346 facie
2215 5275 2528 5343 formidinis.
2563 5276 2739 5340 Chal.,
2781 5291 2821 5346 tt
2850 5274 2981 5341 facie
3011 5273 3226 5328 timoris.
3280 5275 3403 5331 Vul-

1822 5358 1956 5418 gat.,
1991 5344 2166 5399 a'vore
2193 5348 2503 5412 formidinis.
2541 5347 2680 5401 LXX
2724 5363 2735 5398 :
2769 5344 2832 5396 Et
2863 5345 2974 5408 erit,
3009 5345 3210 5416 fugiens
3253 5349 3402 5402 timo-

1820 5435 1925 5472 rem
1957 5419 2100 5471 cadet
2131 5419 2182 5470 in
2226 5421 2441 5485 foveant.

1895 5488 1920 5524 ιι
1956 5488 2253 5542 Psalleudo.
2287 5492 2422 5542 l‘sal.
2454 5503 2569 5551 xcv,
2601 5488 2685 5540 15.

1901 5558 1914 5595 ῖ
1952 5559 2127 5613 Silva).
2159 5559 2309 5611 Chal.
2344 5578 2354 5610 :
2393 5557 2828 5630 ()mncsgm'ltorcs
2874 5560 3033 5615 silt‘tt'.
3071 5562 3276 5630 Aquila,
3309 5581 3399 5616 nc-

1821 5631 1992 5684 moris.
2022 5629 2181 5694 LXX,
2214 5638 2304 5683 τοῦ
2336 5629 2550 5702 δρυμοῦ.
2587 5627 2761 5702 Italica
2794 5640 2841 5702 et
2865 5630 3105 5702 Vulgata,
3133 5627 3396 5688 Siltmrurtt.

1898 5702 1911 5751 t'
1948 5703 2079 5754 Ante
2103 5703 2282 5768 famem
2313 5699 2424 5771 Dei,
2452 5699 2570 5771 quia
2595 5700 2772 5771 ueniet.
2805 5699 3031 5771 Vulgata
3062 5712 3115 5756 ct
3145 5702 3278 5756 LXX
3313 5722 3324 5754 :
3358 5705 3397 5755 Α

1825 5775 1954 5841 fttcic
1986 5771 2192 5825 Domini
2234 5770 2351 5837 quia
2389 5769 2539 5841 venit.
2593 5769 2878 5825 Chaldaica
2912 5769 2961 5826 et.
2995 5771 3106 5825 itali
3133 5788 3173 5825 'a
3207 5789 3216 5824 :
3265 5774 3397 5826 Ante

1780 5843 1784 5850 ’
1825 5840 2003 5910 faciem
2040 5841 2260 5907 Domini,
2291 5840 2531 5908 quoniam
2565 5841 2719 5894 reuit.
