4040 6356
574 376 666 445 131

1312 385 1601 443 11155111]
1639 388 1909 446 ΜβΧΤυΜ
1956 391 2103 447 SEC.
2151 389 2310 445 1186.
2358 390 2418 445 Β.
2464 391 2732 447 ISIDORI.
2766 422 2833 433 —
2866 393 3045 451 PARS
3080 395 3127 450 i.

3746 403 3849 459 152

570 503 757 557 faciem
787 501 876 555 Dei
903 501 1027 570 quia
1075 502 1268 556 veniet.
1304 508 1327 537 ³
1376 502 1445 569 Ῡς
1503 500 1727 557 Caritate
1764 504 1987 557 Domino
2016 520 2141 558 can-
2169 506 2219 562 Α
2248 502 2348 555 ista
2380 502 2503 557 118111
2534 514 2587 559 et
2610 505 2749 574 quod
2778 506 2986 573 signum
3010 509 3113 562 erit
3134 505 3349 575 quando
3381 508 3480 563 hec
3510 512 3690 565 omnia
3715 514 3849 569 inci-

568 597 726 653 ticuni
753 602 1169 648 novtmicanlato
1193 592 1299 645 Deo
1326 594 1499 646 omnis
1513 604 1674 649 terra.
1706 594 1770 650 Ρ.
1796 598 1929 661 Quia
1948 597 2149 652 veniet.

640 688 788 742 Dicat
818 685 996 741 Presb.
1028 684 1306 740 Silentium
1338 683 1521 741 facite.

637 780 838 835 Chorus
864 780 1187 848 respondeat.

567 862 839 942 Sequenda
862 872 1089 941 Epistole
1116 870 1268 924 Pauli
1296 866 1531 940 Apaamh'
1549 875 1615 925 ad
1632 872 1938 927 Corinthios.
1976 877 2136 940 priine

1154 964 1204 1035 (ι
1249 963 1376 1035 Cap.
1408 962 1560 1034 XV).

634 1061 831 1114 Citam
863 1059 1022 1131 Resp.
1056 1060 1169 1116 Deo
1190 1062 1419 1130 muas.

634 1154 865 1208 Fratres.
885 1153 943 1207 111
967 1153 1189 1208 Christo
1205 1168 1391 1209 omnes
1408 1153 1833 1211 viviﬁcath
1857 1154 2148 1226 Unusquis-

557 1261 659 1312 que
690 1256 868 1301 autem
910 1248 961 1302 in
990 1245 1182 1301 ordine
1210 1262 1305 1301 suo
1340 1264 1352 1299 :
1386 1245 1619 1316 primitie
1646 1245 1916 1302 Christus.
1947 1247 2155 1303 Deinde

556 1335 609 1389 111
642 1336 732 1405 qui
760 1349 880 1391 sunt
906 1336 1101 1392 Christi
1127 1356 1141 1391 :
1170 1339 1267 1407 qui
1290 1338 1342 1392 111
1355 1338 1639 1392 adventum
1652 1338 2145 1408 ejuscredideruut.

556 1426 759 1483 Deinde
790 1429 913 1484 linis
967 1445 1089 1484 cum
1122 1428 1406 1485 tradiderit
1433 1430 1673 1499 Regnum
1722 1432 1833 1485 Deo
1854 1440 1910 1485 et
1955 1432 2091 1500 patri
2129 1449 2140 1483 :

554 1534 675 1575 cum
698 1524 1036 1577 evacuaverit
1063 1538 1276 1577 omnem
1332 1524 1686 1592 principatum
1714 1534 1767 1578 et
1820 1534 2142 1592 potestatem

553 1624 615 1669 et
637 1615 910 1670 virtutem.
938 1617 1158 1683 Oportet
1186 1626 1363 1669 autem
1388 1615 1535 1670 illum
1561 1631 1803 1686 regnare,
1829 1617 2000 1672 donec
2033 1633 2129 1687 pu-

554 1715 643 1760 nat
666 1722 855 1761 omnes
881 1708 1128 1762 inimicos
1179 1710 1280 1762 sub
1312 1708 1538 1776 pedibus
1565 1708 1703 1777 ejus.
1758 1708 1949 1762 Omnia
1990 1710 2139 1763 enim

550 1797 781 1869 subjecit
809 1799 908 1852 sub
937 1800 1156 1865 pedibus
1184 1799 1319 1868 ejus.
1369 1800 1667 1856 Novissime
1718 1812 1898 1891 autem
1926 1801 2139 1856 inimica

2253 595 2397 662 piem
2425 597 2822 651 consummari?
2853 598 2916 651 Et
2942 602 3271 668 respondens
3291 600 3445 655 Jesus
3476 604 3647 670 :cepit
3669 605 3853 663 dicere

2253 683 2380 738 illis:
2410 686 2594 741 Videte
2632 704 2700 743 ne
2728 690 2845 756 quis
2886 704 2980 742 vos
3005 693 3247 747 seducet.
3279 693 3425 747 Multi
3456 700 3598 747 enim
3627 702 3841 753 venient

2252 774 2304 828 in
2333 778 2547 832 nomine
2575 795 2693 832 meo
2716 781 2955 835 dicentes
2984 782 3105 851 quia
3135 799 3236 855 ego
3261 800 3378 839 sum
3406 805 3417 837 :
3451 798 3506 841 et
3528 790 3725 844 inultos
3756 807 3845 848 se.

2250 867 2464 924 ducent.
2491 868 2622 927 Cum
2637 873 2907 928 audieritis
2930 884 3105 930 autem
3132 878 3269 930 bella
3289 887 3345 931 et
3372 879 3654 947 opiniones
3672 883 3811 939 bello
3826 914 3839 925 ο

2251 974 2369 1014 rum
2395 979 2410 1017 :
2440 976 2507 1017 ne
2539 965 2840 1021 timueritis.
2879 965 2987 1037 14
3004 968 3224 1036 Oportet
3251 970 3392 1024 enim
3426 972 3524 1026 ltec
3555 974 3704 1030 lteri:
3738 976 3835 1029 sed

2254 1054 2489 1111 nondum
2519 1058 2661 1113 linis.
2693 1058 2927 1130 Exurget
2968 1076 3100 1130 gens
3128 1073 3313 1118 contra
3372 1076 3627 1134 gentem:
3673 1078 3730 1123 et
3753 1085 3841 1124 re-

2257 1159 2605 1217 gnumsuper
2634 1166 2874 1219 regnum.
2901 1152 2967 1206 Et
2985 1162 3141 1208 erunt
3189 1162 3509 1213 terremotua
3532 1174 3626 1227 per
3654 1160 3768 1214 loca
3789 1172 3845 1217 et

2250 1237 2437 1295 fames.
2467 1240 2676 1295 Initium
2704 1242 2947 1298 dolorum
2983 1244 3097 1299 hec.
3137 1245 3321 1302 Videte
3355 1259 3533 1303 autem
3582 1254 3836 1307 vosmeti-

2250 1346 2398 1401 psos.
2427 1333 2663 1389 Tradent
2692 1336 2834 1389 enim
2867 1350 2961 1390 vos
3005 1337 3058 1391 in
3085 1339 3330 1393 conciliis
3370 1350 3424 1394 et
3449 1341 3501 1395 in
3550 1345 3836 1413 synagogi‘a

2249 1425 2571 1491 vapulasz
2599 1442 2615 1479 :
2646 1437 2701 1482 et
2727 1438 2853 1482 ante
2876 1428 3127 1484 Presides
3176 1442 3228 1483 ct
3260 1433 3431 1501 Reges
3464 1434 3678 1490 stabitis
3708 1453 3833 1505 pro-

2250 1527 2365 1585 pter
2391 1533 2473 1573 tne
2506 1520 2556 1573 in
2580 1521 2942 1577 testiinonium
2973 1523 3095 1577 illis.
3128 1528 3158 1560 ι
3211 1524 3278 1579 Et
3306 1527 3357 1579 in
3386 1542 3577 1582 omnes
3605 1529 3833 1596 primum

2246 1621 2455 1679 Oportet
2477 1613 2735 1681 predicari
2784 1615 3151 1685 Evangelium.
3211 1618 3426 1673 Etcum
3462 1620 3715 1675 duxerint
3742 1636 3836 1676 vos

2247 1702 2563 1758 tradentes:
2598 1706 2761 1760 nolite
2806 1708 3142 1777 precogitare
3183 1710 3309 1780 quid
3356 1710 3685 1778 loquamini:
3742 1710 3835 1766 sed

2245 1795 2387 1863 quod
2411 1797 2593 1849 datum
2622 1798 2773 1850 Vultis
2824 1798 2983 1852 fuerit
3008 1800 3060 1853 in
3106 1799 3192 1853 illa
3234 1800 3397 1855 hora:
3426 1800 3479 1855 id
3525 1802 3832 1868 loquamini.

550 1891 856 1944 destruetur
886 1906 1052 1945 mors.
1083 1892 1214 1945 Cum
1270 1901 1447 1946 autem
1479 1892 1622 1946 dicat
1669 1877 1855 1947 omni;
1895 1895 2134 1962 subjecta
2170 1877 2218 1939 Β
2246 1887 2363 1941 Non
2391 1889 2533 1941 οηίιιι
2556 1904 2650 1942 V08
2686 1891 2815 1943 BSIis
2848 1890 3122 1958 loquentes
3155 1908 3167 1941 ε
3208 1891 3301 1945 sed
3327 1892 3834 1958 Spirimisauctus.

557 1982 745 2036 sontei
773 1999 787 2036 :
822 1981 936 2036 sine
958 1982 1120 2036 dubio
1152 1992 1323 2051 preter
1342 1998 1462 2037 eum
1492 1984 1579 2053 qui
1608 1984 1828 2052 subjecit
1856 1984 1905 2037 ei
1935 1989 2133 2038 omnia.

552 2074 685 2128 Cum
713 2084 888 2128 autem
921 2074 1154 2141 subjecta
1204 2073 1400 2127 fuerint
1450 2075 1519 2127 illi
1571 2077 1793 2127 omnia:
1854 2086 1977 2129 tunc
2023 2077 2135 2146 ipse

564 2166 705 2219 filius
740 2164 1013 2233 sul-jectus
1043 2167 1143 2218 erit
1174 2164 1245 2217 illi
1275 2166 1360 2233 qui
1413 2164 1510 2217 sibi
1542 2165 1759 2233 subjecit
1806 2165 1983 2218 omnia
2013 2184 2026 2222 :
2078 2177 2134 2219 ut

549 2260 622 2312 sit
652 2259 789 2312 Deus
819 2259 996 2312 omnia
1018 2258 1068 2311 in
1094 2258 1362 2312 omnibus.
1390 2257 1638 2326 Alioquin
1660 2258 1784 2326 quid
1817 2257 2014 2313 facient
2043 2260 2131 2329 qui

554 2350 890 2418 baptizantur
932 2364 1027 2417 pro
1057 2350 1301 2403 mortuis.
1347 2349 1401 2404 Si
1434 2348 1650 2403 omnino
1680 2350 1871 2403 mortui
1905 2366 2012 2403 non
2042 2367 2127 2403 re-

554 2453 777 2510 surgunt
805 2460 817 2496 :
846 2440 1041 2511 utquid
1059 2450 1114 2496 et
1135 2441 1470 2509 baptizautur
1494 2455 1587 2509 pro
1611 2440 1734 2494 illis.
1771 2440 1836 2496 Ut
1864 2442 1988 2511 quid
2027 2454 2046 2479 ε
2078 2452 2132 2497 et

548 2552 652 2589 non
679 2536 1039 2604 periclitamur
1068 2534 1214 2589 omni
1236 2535 1405 2587 hora?
1435 2530 1461 2570 ά
1493 2534 1743 2601 Quotidie
1772 2536 1975 2588 morior
2007 2552 2130 2602 pro-

546 2639 662 2697 pter
700 2638 933 2683 veatram
962 2628 1186 2697 gloriam
1213 2626 1410 2683 fratrea
1430 2642 1589 2698 quam
1618 2626 1807 2683 habeo.
1831 2627 1888 2682 111
1917 2629 2127 2681 Christo

549 2718 674 2775 Jeau
711 2720 933 2773 Domino
950 2730 1151 2774 nostro.

688 2850 701 2863 .
734 2811 925 2863 Amen.

688 2850 701 2863 .
734 2811 775 2863 Α
872 2827 925 2863 11.

623 2811 980 2957 21811ιῖ2111.
1010 2902 1267 2958 Dominus
1294 2902 1364 2958 sit
1387 2918 1597 2972 semper
1620 2903 1915 2958 vobiscum.

627 2998 664 3064 ιζ
686 3036 699 3049 .
733 2997 797 3050 Et
826 3013 943 3051 cum
985 2998 1190 3066 spiritu.

540 3085 713 3143 Lectio
729 3088 905 3142 Sancti
921 3087 1182 3158 Evangelii
1194 3088 1470 3143 secundum
1498 3086 1728 3141 Marcum
1743 3087 1791 3156 (ε
1809 3086 1936 3157 Cap.
1958 3084 2005 3139 Χ
2014 3084 2039 3138 1
2048 3084 2120 3152 Ι).

610 3178 706 3234 1110
735 3180 785 3233 111
810 3179 1070 3249 tempore.
1099 3180 1355 3235 Dominus
1387 3192 1567 3236 noster
1591 3182 1749 3236 Jesus
1777 3180 2021 3234 Christus
2049 3182 2122 3233 lo~

2227 1976 2439 2032 Tradet
2463 1988 2636 2033 autem
2671 1978 2834 2032 frater
2868 1980 3082 2034 fratrem
3128 1981 3176 2034 in
3211 1989 3437 2035 mortem
3466 1999 3477 2034 :
3511 1990 3565 2036 et
3598 1992 3748 2050 pater
3772 1984 3831 2037 li-

2240 2068 2368 2123 lium
2392 2081 2444 2123 et
2462 2079 2784 2137 consurgent
2812 2071 2906 2124 lilii
2938 2070 2991 2125 in
3020 2085 3298 2140 parentes:
3331 2084 3385 2128 et
3407 2086 3578 2129 morte
3599 2076 3836 2131 allicient

2237 2174 2349 2214 eos.
2382 2160 2623 2215 Eteritis
2654 2162 2778 2217 odio
2823 2164 3071 2217 omnibus
3125 2176 3342 2234 pr0pter
3387 2181 3580 2221 nomen
3633 2183 3831 2223 111811111.

2236 2251 2338 2315 Qui
2366 2259 2539 2307 autem
2562 2254 2874 2307 sustinuerit
2914 2255 2966 2307 in
2999 2256 3156 2309 linem
3185 2272 3199 2308 :
3233 2256 3247 2292 ί
3305 2259 3487 2313 salvus
3512 2260 3640 2312 erit.
3698 2258 3831 2314 Cum

2234 2350 2410 2395 autem
2441 2343 2675 2397 videritis
2702 2344 3193 2401 abhuminationetn
3219 2347 3571 2404 de-olationis
3592 2360 3825 2405 stantem

2236 2436 2322 2490 ubi
2342 2452 2447 2491 non
2476 2437 2634 2492 debet
2665 2457 2680 2491 :
2712 2442 2798 2509 qui
2829 2440 2955 2509 legit
2975 2442 3253 2511 intelligat.
3282 2445 3431 2500 'l‘unc
3457 2447 3547 2513 qui
3576 2446 3629 2500 in
3656 2445 3825 2503 Judea

2233 2540 2357 2583 sunt
2378 2530 2581 2597 fugiant
2613 2533 2661 2585 in
2696 2544 2922 2588 montes.
2962 2534 3130 2602 thui
3159 2551 3320 2604 super
3344 2546 3541 2591 tectum
3575 2556 3586 2590 :
3620 2555 3689 2594 ne
3711 2540 3829 2595 des-

2232 2625 2424 2676 cendat
2453 2623 2502 2676 111
2531 2625 2745 2679 domum
2781 2644 2790 2678 :
2826 2643 2925 2682 nec
2957 2628 3185 2682 introeat
3217 2638 3272 2682 ut
3302 2629 3447 2682 tollat
3476 2622 3600 2698 quid
3632 2631 3704 2686 de
3732 2631 3828 2686 do-

2234 2730 2323 2768 mo
2347 2729 2463 2769 sua.
2501 2718 2562 2769 tit
2583 2718 2670 2786 qui
2703 2719 2755 2771 in
2786 2734 2915 2789 agro
2940 2720 3075 2773 erit:
3097 2735 3200 2773 non
3233 2731 3527 2776 revertetur
3550 2732 3695 2776 retro
3730 2723 3830 2777 tol-

2234 2808 2342 2863 lere
2377 2810 2749 2865 vestimentum
2775 2826 2950 2865 suum.
2983 2812 3057 2866 Ve
3071 2822 3246 2867 autem
3266 2815 3714 2882 pregnantibuset
3730 2834 3828 2873 nu-

2230 2898 2508 2952 trientibus
2540 2901 2588 2952 in
2627 2902 2731 2952 illis
2772 2900 2981 2955 diebus.
3010 2903 3169 2955 Orate
3198 2917 3323 2955 vero
3352 2919 3363 2953 :
3391 2914 3445 2955 ut
3486 2903 3681 2974 hyeme
3716 2922 3824 2961 non

2230 2993 2377 3047 liam.
2415 2994 2579 3047 Erunt
2602 2994 2744 3047 enim
2774 2994 2888 3048 dies
2920 2993 2993 3048 illi
3035 2996 3393 3050 tribulationis
3420 2996 3556 3051 tales
3583 3013 3599 3052 :
3632 2998 3822 3067 quales

2228 3102 2334 3141 non
2378 3087 2589 3140 fuerunt
2617 3088 2684 3141 ab
2734 3086 2880 3142 initio
2915 3101 3196 3144 creature:
3226 3105 3383 3158 quam
3406 3089 3646 3145 condidit
3678 3090 3821 3145 Deus

2232 3193 2397 3249 usque
2428 3197 2568 3237 nunc
2596 3199 2607 3233 :
2636 3196 2807 3251 neque
2839 3182 2986 3237 lient.
3016 3184 3079 3236 Et
3107 3183 3205 3236 nisi
3241 3183 3541 3237 breviasset
3563 3184 3821 3240 Dominus

538 3271 801 3343 quebatur
841 3245 1112 3343 discipulis
1137 3274 1249 3328 suis
1269 3274 1469 3329 dicens.
1498 3273 1692 3327 Cavete
1719 3289 1747 3325 a
1771 3272 1971 3327 Scribis
1999 3289 2009 3323 :
2034 3275 2125 3340 qui
2152 3245 2199 3309 Ο
2232 3245 2346 3327 dies
2379 3289 2392 3325 :
2424 3288 2528 3327 non
2559 3273 2908 3355 fuissetsalra
2930 3275 3105 3328 omnis
3146 3289 3293 3328 caro.
3320 3276 3423 3330 Sed
3458 3285 3676 3344 propter
3707 3278 3821 3333 ele-

538 3369 724 3422 volunt
747 3369 798 3423 in
825 3371 975 3424 stolis
1032 3370 1308 3425 ambulare
1335 3386 1347 3421 :
1377 3378 1432 3422 et
1461 3370 1676 3422 salutari
1719 3369 1769 3421 in
1802 3368 1915 3422 foro
1950 3387 1959 3417 ε
1992 3366 2119 3421 etin

536 3464 720 3534 primis
743 3464 1013 3519 cathedris
1052 3464 1238 3518 sedere
1271 3464 1323 3516 in
1350 3461 1632 3531 Sinagogis
1658 3478 1673 3516 :
1706 3476 1754 3515 ei
1785 3462 1983 3529 primos
2011 3461 2121 3514 dis-

534 3554 743 3609 cubitus
768 3554 821 3608 in
851 3554 1131 3621 cenis.Qui
1155 3554 1412 3608 devorant
1457 3542 1663 3606 domos'
1688 3551 1964 3604 viduarum
2020 3552 2123 3606 sub

537 3646 759 3701 obtentu
806 3646 1012 3717 prolixe
1042 3646 1317 3699 orationis.
1349 3644 1412 3698 Hi
1442 3644 1707 3713 accipient
1757 3644 2013 3712 prolixius
2036 3646 2121 3711 ju-

533 3736 753 3793 dicium.
786 3739 856 3793 Et
881 3737 1075 3792 sedens
1102 3735 1259 3791 Jesus
1301 3747 1489 3792 contra
1535 3736 1955 3806 gazophilacium
1988 3754 2000 3789 :
2035 3752 2121 3791 as-

535 3830 761 3898 piciebat
788 3828 1055 3899 quomodo
1077 3829 1230 3883 turba
1252 3828 1395 3897 jacta
1406 3838 1488 3883 ret
1516 3843 1575 3883 es
1597 3830 1649 3882 in
1673 3830 2117 3898 gaaupliilacitmi.

533 3925 605 3980 Et
638 3925 791 3979 multi
817 3922 1290 3991 divitesjactabant
1314 3925 1498 3978 multa.
1522 3922 1652 3977 Cum
1680 3924 1915 3977 venisset
1941 3935 2117 3979 autem

531 4033 635 4073 una
667 4018 823 4073 vidua
857 4032 1082 4087 pauper:
1115 4016 1259 4071 misit
1288 4018 1395 4072 duo
1416 4019 1657 4073 minuta:
1714 4018 1853 4086 quod
1882 4028 1964 4074 est
1987 4036 2119 4089 qua-

530 4111 715 4165 drans.
748 4109 814 4161 Et
866 4109 1489 4178 convocansdiscipulos
1512 4123 1641 4163 suos
1661 4108 1733 4162 ait
1785 4108 1910 4165 illis.
1945 4111 2114 4167 Amen

530 4204 649 4257 dico
677 4203 852 4268 vobis;
876 4203 1129 4270 quoniam
1159 4202 1317 4257 vidua
1351 4202 1447 4257 hec
1463 4217 1661 4271 pauper
1692 4220 1703 4253 :
1728 4202 1846 4269 plus
1869 4202 2116 4258 omnibus

530 4294 677 4348 misit
707 4311 718 4346 :
747 4294 839 4361 qui
869 4293 1133 4348 miserunt
1160 4292 1213 4348 in
1244 4292 1694 4364 gazophilacium.
1722 4292 1922 4347 Omnes
1972 4296 2113 4348 enim

528 4400 592 4439 ex
614 4400 678 4439 eo
701 4385 840 4455 quod
872 4385 1179 4441 abundabat
1237 4384 1339 4440 illis
1369 4384 1649 4440 miserunt.
1685 4386 1794 4440 Hec
1846 4401 1973 4441 vero
2007 4387 2023 4422 ί
2046 4388 2119 4443 de

535 4477 758 4546 pecunia
790 4493 882 4533 sua
929 4479 1105 4532 omnia
1155 4494 1259 4548 que
1312 4477 1496 4533 habuit
1545 4479 1687 4533 misit
1719 4487 1883 4534 totum
1918 4480 2112 4535 victum

2230 3375 2347 3421 ctos
2396 3382 2531 3436 quos
2558 3368 2716 3437 elegit
2744 3385 2755 3419 :
2790 3368 3047 3422 breviavit
3073 3368 3211 3423 dies.
3239 3368 3444 3423 Ettunc
3466 3370 3509 3423 si
3529 3370 3652 3439 quis
3672 3370 3827 3425 vobis

2229 3460 2461 3515 dixerit:
2490 3476 2614 3515 ecce
2636 3462 2721 3516 hic
2741 3472 2820 3517 est
2847 3462 3087 3517 Christus
3113 3480 3139 3517 :‘
3160 3478 3284 3518 ecce
3304 3463 3413 3519 illic
3441 3481 3453 3515 :
3491 3480 3561 3519 ne
3579 3466 3825 3520 credide-

2230 3552 2365 3608 ritis.
2398 3553 2831 3623 Exurgentenim
2850 3554 3237 3622 pseudochristi
3266 3576 3279 3609 :
3303 3566 3356 3610 et
3383 3557 3823 3625 pseudopwphe-

2233 3656 2283 3701 te
2304 3656 2386 3701 :et
2405 3647 2597 3701 dabunt
2625 3648 2775 3718 signa
2796 3660 2849 3702 et
2877 3659 3117 3717 portenta
3139 3649 3205 3703 ad
3227 3650 3561 3706 seduccndos
3572 3651 3616 3703 si
3643 3660 3821 3718 potest

2230 3739 2343 3794 lieri
2363 3758 2376 3794 :
2400 3743 2557 3795 etiam
2587 3741 2805 3795 electos.
2832 3741 2939 3796 Vos
2966 3758 3091 3810 ergo
3111 3743 3309 3798 videte.
3335 3743 3473 3798 Ecce
3495 3742 3697 3809 111-811111
3724 3758 3825 3797 vo-

2230 3832 2307 3885 bis
2330 3834 2526 3885 omnia.
2551 3832 2659 3887 St:d
2691 3834 2857 3887 inillis
2880 3834 3067 3890 diebus
3096 3836 3619 3903 posttribulationem
3642 3835 3817 3891 illam:

2228 3923 2318 3979 Sol
2358 3925 2845 3990 contenebrabitnr,
2904 3936 2953 3979 et
2985 3928 3105 3980 luna
3150 3943 3256 3981 non
3290 3928 3437 3983 dabit
3475 3928 3821 3996 splendorem

2226 4028 2400 4069 suum.
2419 4015 2485 4068 Et
2510 4016 2662 4070 Stellc
2683 4016 2959 4072 cclieruut
2988 4018 3298 4073 decidentes
3322 4037 3334 4070 :
3368 4030 3421 4073 et
3450 4020 3673 4073 virtutes
3711 4035 3820 4090 que

2224 4120 2347 4163 sunt
2376 4110 2425 4164 in
2472 4109 2602 4164 celis
2624 4110 2995 4165 movebuntur.
3055 4112 3122 4165 Et
3178 4122 3303 4167 tunc
3348 4112 3606 4168 videbunt
3647 4113 3816 4169 ﬁlium

2225 4198 2455 4253 hominis
2480 4198 2782 4255 venientem
2808 4201 2859 4254 in
2887 4201 3115 4257 nubibus
3142 4218 3262 4257 cum
3302 4204 3490 4258 virtute
3540 4208 3707 4259 multa
3763 4216 3823 4261 et

2222 4290 2408 4359 gloria.
2455 4294 2519 4347 Et
2546 4303 2669 4347 tunc
2700 4298 2876 4349 mittet
2916 4296 3134 4365 angelos
3165 4310 3291 4351 suos
3323 4314 3335 4346 :
3370 4306 3426 4351 et
3453 4298 3815 4368 congregabit

2220 4382 2418 4438 cleCtos
2448 4399 2572 4439 suos
2601 4400 2630 4439 a
2658 4392 2887 4454 quatuor
2912 4386 3087 4440 ventis
3112 4402 3140 4439 a
3188 4402 3396 4440 summo
3430 4398 3569 4441 terre
3600 4404 3611 4439 :
3643 4402 3821 4456 usque

2220 4474 2283 4526 ad
2306 4490 2572 4529 summum
2627 4476 2821 4530 celi.A
2880 4475 2984 4529 lien
3032 4485 3210 4531 autem
3238 4478 3428 4532 discite
3478 4478 3816 4546 parabrilam.

531 4586 704 4623 sunt“.
724 4570 848 4640 Cap.
877 4569 1053 4625 XIII.
1081 4570 1145 4625 Et
1176 4580 1338 4625 cum!
1360 4571 1701 4640 egrederetur
1715 4571 1781 4626 de
1798 4574 2111 4641 templozait
2142 4606 2195 4667 Β
2218 4563 2353 4620 Cum
2380 4566 2488 4635 jam
2519 4580 2697 4620 ramus
2725 4566 2841 4635 ejus
2882 4576 3030 4622 tener
3060 4567 3215 4623 fuerit
3247 4578 3336 4623 :et
3357 4578 3477 4622 nata
3507 4567 3703 4622 fuerint
3732 4571 3820 4627 fo-

532 4662 605 4716 illi
635 4678 767 4716 unus
798 4678 864 4717 ex
888 4662 1161 4732 discipulis
1174 4662 1308 4717 suis.
1338 4662 1587 4734 Magister
1611 4662 1819 4733 :aspice
1834 4666 2015 4732 quales
2036 4666 2113 4719 la-

532 4756 679 4823 pides
707 4766 756 4809 et
775 4756 957 4824 quales
981 4763 1270 4809 structure.
1294 4756 1357 4809 Et
1379 4756 1705 4823 respondens
1733 4755 1891 4811 .lesus
1918 4755 2107 4812 aitilli.

530 4845 685 4900 Vides
710 4845 807 4899 has
837 4860 1058 4916 magnas
1081 4846 1613 4901 editicationesYNon
1637 4847 1961 4917 relinquetur
1979 4849 2111 4919 lapis

527 4953 685 5006 super
707 4937 933 5007 lapidem
961 4938 1083 5007 :qui
1102 4954 1204 4993 non
1228 4938 1549 4992 destruatur.
1581 4941 1641 4992 Et
1667 4956 1788 4994 cum
1814 4943 2027 4997 sederet
2059 4942 2109 4994 in

530 5042 707 5085 monte
722 5032 991 5086 Olivarum
1021 5051 1033 5086 :
1073 5033 1464 5102 interrogabant
1479 5049 1597 5088 eum
1619 5038 1904 5105 separatim
1924 5038 2110 5093 Petrus

528 5134 579 5179 et
600 5122 899 5179 Jobannes:
931 5133 984 5179 et
1004 5122 1231 5179 lacubus
1258 5134 1310 5179 et
1340 5130 1416 5180 An
1441 5131 1598 5182 trees.
1624 5125 1717 5181 Dic
1737 5127 2111 5199 nobisquando

600 5289 623 5314 υ
661 5279 695 5348 Ῡ
723 5319 736 5333 .
764 5280 902 5333 Psal.
931 5294 1052 5343 xcv,
1096 5282 1139 5336 I.

599 5348 624 5388 δ
652 5349 781 5419 Cap.
816 5349 863 5403 χ
884 5350 940 5403 v.
975 5352 1122 5406 Vers.
1156 5352 1345 5411 22-51.

599 5434 620 5491 ς
652 5420 719 5475 Et
749 5439 870 5475 non.
904 5422 1124 5491 Corrigc
1150 5435 1198 5477 et
1230 5440 1340 5476 nos.

597 5488 623 5527 ἀ
651 5491 890 5557 Quotidie
912 5488 1098 5568 moriar
1123 5506 1329 5568 prapter
1354 5506 1566 5568 vestram
1590 5497 1832 5566 gloriam.
1865 5498 2101 5568 Vulgata,

530 5580 613 5638 iter
644 5572 860 5638 vestram
894 5565 1129 5635 gloriam.
1160 5566 1378 5636 Syriaca
1412 5584 1422 5617 :
1455 5565 1705 5630 Juro’per
1752 5565 2104 5638 restrain'glo-

526 5636 686 5709 riant_._
708 5632 921 5709 Graius
968 5639 1171 5709 l’_extus,
1199 5632 1257 5695 In;
1287 5642 1377 5709 τήν
1400 5639 1649 5709 ὑμετέραν
1683 5646 1959 5709 καύχησιν.

602 5716 623 5741 ι·
648 5706 772 5773 Cap.
810 5703 944 5757 XII.
982 5706 1130 5760 Vcrs.
1162 5709 1250 5769 53,
1284 5708 1350 5759 ad
1385 5703 1570 5775 capitis
1604 5723 1716 5765 xm.
1755 5703 1824 5762 ve
1851 5727 1893 5761 ς.
1928 5708 2017 5761 32.

601 5775 618 5811 ί
658 5776 730 5828 De
759 5777 987 5843 pecunia.
1030 5780 1164 5847 Lege
1192 5778 1257 5832 dc
1286 5780 1499 5845 penuria
1526 5796 1615 5833 sua
1639 5820 1651 5843 ,
1690 5791 1746 5834 ut
1778 5794 1963 5833 omnes
1988 5783 2102 5835 alia:

524 5847 794 5902 versioncs
826 5847 1041 5900 habent.

2217 4658 2284 4712 lia
2314 4675 2326 4709 :
2359 4658 2690 4728 cognoscetis
2716 4659 2838 4729 quia
2866 4659 2917 4713 in
2945 4661 3191 4729 proximo
3214 4659 3282 4713 sit
3310 4668 3471 4715 estus.
3503 4662 3590 4716 Sic
3611 4672 3665 4715 et
3692 4678 3815 4720 vos:

2216 4765 2334 4805 cum
2362 4750 2599 4804 videritis
2628 4750 2725 4804 hoc
2754 4752 2887 4817 ﬁeri;
2922 4752 3111 4807 scitote
3140 4752 3280 4821 quod
3304 4753 3356 4807 in
3388 4752 3630 4823 proximo
3657 4757 3729 4809 sit
3756 4758 3814 4812 in

2216 4841 2387 4894 ostiis.
2420 4840 2585 4893 Amen
2618 4840 2739 4895 dico
2761 4842 2948 4895 vobis:
2984 4845 3237 4911 quoniam
3270 4841 3283 4891 i
3319 4859 3421 4897 non
3458 4847 3683 4900 transiet
3711 4862 3816 4915 ge-

2216 4932 2420 4986 neratio
2444 4932 2579 4985 hec:
2613 4932 2785 4985 donec
2829 4932 3001 5003 nuntia
3038 4936 3135 4987 ista
3166 4934 3312 4987 liant.
3362 4936 3546 4989 Celtilli
3578 4950 3627 4991 et
3666 4948 3815 4991 terra

2216 5024 2551 5077 transibunt:
2590 5024 2749 5077 verba
2788 5032 2963 5079 autem
2990 5039 3108 5079 mea
3139 5042 3243 5079 non
3276 5029 3595 5082 transibunt.
3628 5029 3699 5082 De
3717 5030 3815 5085 die

2213 5126 2387 5172 autem
2413 5115 2498 5169 illa
2528 5115 2610 5171 vel
2635 5114 2787 5170 hora.
2813 5113 2979 5172 Nemo
3004 5119 3136 5174 scit:
3164 5134 3339 5190 neque
3362 5122 3551 5191 Angeli
3576 5121 3627 5174 in
3651 5123 3811 5179 celo:

2287 5289 2311 5327 s
2340 5278 2699 5349 Egrederetur.
2759 5278 2945 5348 Incipit
2974 5278 3247 5350 hiecaput
3281 5296 3395 5348 xm,
3422 5280 3573 5351 juxta
3611 5279 3814 5351 Vulga-

2215 5359 2401 5474 ω’ἶῖἰςι
2431 5423 2484 5474 in
2514 5437 2704 5475 omnes.
2758 5420 2981 5495 Vulgata
3027 5433 3082 5477 et
3120 5422 3306 5479 Graeca
3356 5424 3559 5478 addunt
3604 5434 3807 5495 gentes.

2211 5494 2361 5562 Syr.,
2392 5494 2441 5545 in
2467 5496 2698 5547 omnibus
2727 5494 2975 5562 gentibus.

2273 5563 2299 5643 ,ί
2334 5564 2520 5618 Salvus
2553 5568 2669 5620 erit.
2726 5564 2915 5635 Vulg.,
2967 5564 3093 5634 Syr.
3144 5574 3201 5620 et
3247 5564 3457 5632 Graeca,
3507 5564 3590 5618 hic
3627 5567 3810 5622 8³10118

2238 5652 2278 5686 1⁸1
2313 5676 2323 5688 .

2210 5651 2234 5687 Β
2282 5645 2304 5755 tl
2338 5708 2458 5790 Non
2499 5710 2724 5763 tnmsiet.
2775 5708 2995 5780 Vulgata
3024 5724 3127 5763 non
3154 5711 3407 5765 transibit.
3454 5706 3653 5773 Grazc.,
3694 5724 3806 5765 non

2207 5791 2417 5845 1111131811Δ
2443 5792 2499 5831 ll.
