4040 6356
192 360 280 416 135
931 356 1230 417 MISSALE
1271 352 1540 415 MIXTUM
1579 348 1725 412 SEC.
1766 352 1926 411 RBG.
1972 352 2032 408 Β.
2074 345 2341 409 [SIDORL
2380 380 2450 393 —
2490 350 2669 410 PARS
2708 353 2750 409 1.

3354 354 3461 416 134

188 487 211 513 ι
235 488 396 543 neque
426 472 573 527 ﬁlius
620 472 892 529 hominis:
924 474 1026 530 nisi
1059 484 1228 545 pater.
1293 474 1477 529 Videte
1504 492 1515 525 :
1552 471 1765 542 vigilate
1790 477 1840 534 Α
1869 469 2136 524 ciantibus
2167 486 2180 522 :
2211 469 2470 525 adventus
2494 479 2615 527 tuus
2642 469 2834 525 claruit
2865 471 3080 528 tuundo.
3106 472 3457 534 Memoramus

186 582 229 624 et
256 578 417 622 orate.
453 567 691 621 Nescitis
721 568 862 621 enim
892 568 1107 637 quando
1131 580 1341 638 tempus
1368 568 1456 621 sit.
1491 565 1518 605 δ
1544 566 1643 631 Qui
1677 566 1766 619 ha-

187 661 261 712 bet
278 674 431 715 aures
459 659 722 713 audiendi
746 659 949 713 audiat.

261 750 328 818 ἡ.
361 754 555 805 Amen.

246 840 385 896 Dicat
413 842 642 897 Chorus.
680 855 700 882 ε
733 841 939 897 Lauda.
973 840 1243 910 Allelluja.

262 934 447 1003 ᾗ.Ωυί
499 938 653 1006 regis
709 936 875 991 Israel
920 935 1141 992 intende
1176 937 1262 1005 qui
1307 936 1529 993 deducis
1570 935 1748 1005 losepl

190 1026 323 1079 velut
348 1042 523 1081 ovem.
562 1028 635 1081 P.
668 1028 918 1099 Alleluja.
1744 1056 1745 1059 η

252 1119 597 1175 οἰο,.ιΡνεεὸ.
651 1122 913 1192 Adjuvatc
969 1138 1054 1178 me
1104 1122 1300 1179 fratres
1328 1123 1395 1177 in.
1429 1122 1770 1183 ora-tionibus

192 1212 381 1266 vesltis.
409 1222 459 1264 ut
483 1228 647 1283 supra
675 1214 769 1283 fol.
803 1214 857 1267 8.

255 1300 389 1356 Dicat
413 1305 644 1359 Chorus.

255 1395 277 1434 ά
304 1396 659 1466 Sacri/icium.
715 1399 853 1453 Ecce
880 1399 1116 1455 ostendit
1142 1400 1271 1454 mihi
1320 1401 1561 1469 Angelus
1586 1400 1767 1457 lusum

196 1487 516 1544 Sacerdotem
547 1505 800 1559 magnum
849 1500 1077 1546 stantem
1107 1503 1231 1545 ante
1261 1490 1447 1546 faciem
1510 1492 1718 1547 Domitii
1753 1508 1767 1545 ς

195 1595 240 1640 et
272 1585 491 1653 Angelus
549 1586 761 1639 Domini
812 1586 1131 1654 loquebatur
1159 1585 1223 1639 ad
1265 1602 1386 1641 eum
1443 1587 1669 1643 dicens:
1717 1595 1773 1640 tu

194 1676 521 1732 conservabis
547 1679 801 1747 pupulum
835 1687 984 1733 tuum
1012 1689 1066 1732 et
1110 1678 1380 1737 costodies
1411 1694 1555 1735 cum.
1592 1678 1771 1748 Usque

197 1768 241 1822 in
270 1782 503 1825 eternum
537 1772 765 1841 Alleluja
795 1772 1048 1840 Alleluia.

1869 562 2028 617 etiam
2061 563 2347 631 Apostolus
2392 572 2511 618 tuos
2543 580 2558 617 :
2585 564 2674 633 qui
2715 566 3003 627 adventum
3050 578 3191 621 tuum
3241 584 3269 622 a
3324 569 3456 626 Pro-

1871 652 2065 719 pbetis,
2099 653 2531 724 Patriarchisque
2578 657 2909 726 predicatum
2939 676 2953 711 :
2984 660 3150 715 oculis
3178 661 3291 717 suis
3336 679 3457 719 cer~

1871 758 1998 798 nere
2029 755 2355 809 meruerunt.
2391 744 2637 802 Facimus
2676 764 2892 820 quoque
2927 760 2981 813 et
3024 762 3231 808 tuorum
3262 755 3462 824 Muny-

1872 849 1988 888 rum
2016 839 2341 893 mentionem
2371 854 2386 891 :
2417 840 2505 906 qui
2534 850 2585 895 te
2608 840 2887 896 Dominum
2907 844 3329 916 redemptionem
3351 849 3463 916 jam

1871 928 2084 983 venisse
2109 929 2339 985 confessi
2374 948 2391 985 :
2418 932 2484 985 ad
2528 942 2754 988 mortem
2788 951 2951 1004 usque
2978 924 3104 991 sunt
3149 940 3337 994 certati
3369 957 3463 1009 pro

1872 1020 2126 1076 veritate.
2176 1021 2433 1078 Fidelium
2486 1037 2723 1096 preterea
2767 1038 2983 1083 tuorum
3032 1032 3085 1087 in
3139 1034 3240 1088 hae
3285 1035 3462 1089 adhuc

1875 1115 2312 1183 peregrinatione
2334 1117 2637 1185 degentium
2663 1122 2875 1174 nomina
2898 1136 3239 1190 recensemus
3264 1144 3275 1177 :
3308 1122 3327 1163 τ
3353 1142 3464 1196 pro-

1872 1212 2176 1261 testantes:
2211 1215 2268 1261 ut
2317 1224 2500 1264 eorum
2555 1212 2661 1266 vite
2707 1227 2923 1268 cursum
2974 1227 3028 1277 et
3082 1217 3460 1291 perfectionem

1871 1310 2213 1353 consummes
2246 1317 2258 1352 :
2293 1314 2426 1369 quos
2457 1301 2683 1358 Sanctus
2733 1316 2854 1360 tuos
2899 1307 3049 1374 apud.
3084 1318 3134 1362 te
3182 1310 3232 1365 in
3280 1312 3459 1365 celesli

1874 1389 2180 1445 habitacnlo
2201 1402 2385 1448 cautos
2412 1398 2779 1466 perfectosqne
2804 1397 2913 1467 jam
2944 1398 3159 1454 retines.
3187 1401 3299 1455 Neu
3329 1404 3464 1456 obli-

1872 1482 2127 1538 viscimur
2151 1501 2361 1554 quoque
2388 1487 2667 1543 defunctos
2700 1502 2887 1545 nature
2916 1502 3100 1548 nostre
3130 1507 3191 1547 ac
3223 1496 3343 1549 fidei
3373 1510 3459 1549 so-

1872 1572 2005 1625 cios.
2034 1572 2139 1629 Sed
2187 1590 2467 1641 precamur
2499 1586 2549 1632 te
2601 1579 2880 1633 Dominum
2924 1582 3250 1650 amplissime
3300 1584 3460 1653 pieta-

1874 1665 1939 1717 tis
1973 1684 1984 1717 :
2018 1674 2073 1721 ut
2107 1667 2185 1722 eis
2214 1668 2486 1739 refrigeria
2517 1671 2719 1727 tribuas
2746 1675 3076 1742 sempiterne
3107 1678 3322 1747 quietis.

1957 1757 2021 1826 ἡ.
2055 1759 2245 1813 Amen.

260 1871 281 1898 °
325 1864 357 1932 ᾗ
381 1902 398 1919 .
431 1864 661 1919 Locutus
686 1874 769 1919 est
796 1866 1027 1933 Angelus
1046 1864 1305 1921 Zacharie
1333 1866 1536 1920 dicens.
1568 1865 1766 1922 Rever-

1945 1849 2095 1903 Dicat
2126 1834 2305 1906 Presb.
2336 1854 2465 1919 Qu'a
2495 1868 2546 1910 ιιι
2575 1870 2631 1910 es
2662 1857 2764 1911 vita
2796 1858 3060 1927 viVnrutu,
3090 1871 3194 1916 etc.

196 1960 266 2005 lar
289 1954 352 2007 ad
387 1955 715 2011 llierusalem
769 1958 819 2009 in
868 1956 1231 2011 misericordia
1266 1972 1281 2009 :
1310 1967 1364 2011 et
1424 1957 1615 2017 domus
1648 1974 1762 2012 mea

195 2049 603 2104 restaurabitur:
658 2057 715 2105 et
755 2048 979 2105 afﬂuent
1019 2049 1263 2111 civitates
1292 2065 1411 2111 meo
1462 2050 1659 2113 bouis:
1716 2060 1769 2105 et

197 2140 543 2207 tnultiplicnbo
565 2144 809 2209 pOpulum
845 2157 1019 2196 meum
1045 2150 1100 2195 et
1148 2141 1363 2195 salvabo
1387 2159 1530 2196 eutn.
1561 2141 1625 2195 P.
1665 2140 1764 2197 Us-

198 2248 293 2300 que
311 2236 362 2287 in
391 2244 647 2289 eteruum.

273 2326 448 2381 Missa.
482 2328 616 2382 Dicat
644 2327 822 2384 Presb.
852 2328 1111 2384 Dominus
1138 2329 1209 2384 sit
1229 2344 1442 2398 semper
1468 2328 1764 2385 vobiscum.

291 2418 329 2483 ἡ
349 2456 364 2470 .
397 2422 460 2471 lit
487 2435 599 2473 cum
638 2423 845 2487 Spiritu.

281 2508 476 2562 Oratio.
506 2512 787 2566 Adventum
816 2512 1011 2567 Domini
1057 2521 1110 2566 ct
1133 2512 1503 2583 Redemptoris
1554 2518 1719 2567 nostri
1752 2535 1764 2569 :

201 2617 353 2669 quem
383 2605 451 2657 ab
470 2606 693 2674 antiquis
721 2605 959 2660 Patribus
980 2606 1301 2661 Palriarchis
1325 2608 1529 2661 scilicet
1558 2616 1611 2661 et
1636 2606 1766 2661 Pro-

201 2694 411 2762 pinetis:
464 2699 861 2752 vaticinantibus
908 2701 1031 2753 olim
1079 2700 1483 2768 pronunciatum
1528 2715 1631 2755 :ae
1674 2714 1769 2770 pro

201 2787 361 2841 salute
392 2800 567 2843 nostra
591 2790 788 2844 dudum
812 2802 1024 2845 constat
1046 2793 1355 2861 impletum:
1382 2794 1526 2847 omni
1554 2792 1767 2862 quidem

202 2894 286 2933 nos
309 2890 541 2951 tempore
568 2884 827 2939 condecet
864 2885 1164 2940 eharissimi
1195 2884 1387 2940 fratres
1418 2901 1538 2940 cum
1578 2885 1769 2956 gaudio

204 2986 427 3029 merere:
457 2976 548 3030 sed
577 2980 829 3045 precipue
858 2980 909 3032 in
939 2978 1017 3032 his
1042 2979 1231 3033 diebus
1260 2994 1431 3032 annua
1454 2980 1569 3033 vice
1589 2994 1773 3033 recur-

207 3065 470 3120 rentibus:
516 3078 728 3136 oportet
752 3085 850 3121 nos
903 3071 1042 3123 votis
1094 3071 1424 3125 solemnibus
1476 3072 1771 3125 celebrare.

208 3154 315 3209 Nam
344 3159 461 3228 quia
491 3160 634 3215 diem
664 3163 810 3214 illum
844 3163 1249 3217 celeberrimum
1281 3154 1464 3234 in‘quo
1497 3178 1595 3232 pro
1618 3162 1772 3218 nobis

211 3258 271 3303 est
299 3250 361 3305 de
401 3254 613 3321 Virgine
638 3267 795 3308 natus
830 3273 839 3307 :
876 3254 984 3324 jam
1010 3254 1225 3325 jamque
1258 3256 1481 3310 revoluti
1510 3256 1629 3309 anni
1663 3255 1772 3309 cir-

211 3341 309 3394 culo
334 3345 758 3415 appropinquare
783 3346 1040 3401 sentimus
1068 3364 1081 3399 :
1109 3346 1326 3417 dignum
1357 3357 1438 3401 est
1492 3359 1544 3400 ut
1574 3346 1773 3401 adven-

214 3443 305 3487 tum
325 3437 430 3506 ejus
451 3438 544 3510 qui
571 3439 625 3491 in
644 3454 708 3494 eo
737 3450 891 3494 natus
919 3448 1029 3494 est:
1059 3452 1236 3496 mente
1261 3440 1601 3495 devotissima
1627 3453 1775 3494 reco-

216 3524 379 3593 lentes;
403 3546 542 3586 nunc
567 3532 678 3601 jam
707 3532 839 3587 festa
895 3534 1154 3589 solemnia
1205 3535 1410 3591 alacres
1458 3535 1773 3590 solemniter

211 3634 416 3688 agamns.

281 3714 344 3783 ﬂ.
375 3715 560 3769 Amen.

273 3802 407 3859 Dicat
436 3806 617 3861 Presb.
655 3806 756 3861 Per
786 3808 1208 3863 misericordiam
1256 3817 1401 3861 tuam
1426 3807 1564 3863 Deus
1594 3819 1773 3864 noster

208 3905 308 3950 etc.
332 3910 379 3949 ut
404 3916 571 3967 supra.

274 3989 401 4042 Alia.
432 3990 565 4045 Deus
596 3992 683 4061 qui
713 3990 1055 4062 Unigenilum
1083 4000 1229 4044 tuum
1258 4004 1353 4058 pro
1399 3989 1553 4043 nobis
1582 3990 1631 4043 in
1670 3992 1775 4063 15'

205 4094 348 4135 carne
373 4095 655 4139 venturum
684 4106 697 4137 ς
728 4100 789 4138 ac
822 4082 888 4138 de
917 4084 1129 4153 Virgine
1156 4083 1479 4147 nasciturum
1507 4082 1773 4152 pr0pbeti-

208 4171 273 4223 cis
292 4176 502 4228 vocibus
534 4175 826 4244 promisisti
856 4193 867 4226 :
927 4183 981 4228 et
1009 4175 1059 4228 in
1102 4173 1406 4229 novissimis
1447 4174 1776 4242 temporibus

206 4280 290 4330 que
316 4270 640 4334 promiseras
664 4267 966 4336 adimplesti
992 4284 1005 4321 :
1032 4276 1210 4336 presta
1242 4281 1538 4335 quesumus
1566 4284 1577 4318 :
1609 4276 1663 4319 ut
1683 4266 1771 4336 qui

207 4370 307 4408 eum
335 4358 436 4427 jam
468 4360 688 4413 venisse
719 4360 1080 4427 mundumque
1119 4358 1413 4413 redemisse
1464 4357 1771 4412 credimus:

206 4445 446 4505 fatemur:
480 4461 546 4507 et
596 4450 936 4521 predicamus
968 4468 981 4505 :
1031 4465 1353 4521 rursumque
1401 4460 1685 4507 venturum
1709 4452 1775 4505 ad

1948 1944 2026 1995 Ad
2071 1962 2266 2011 pacem.
2301 1948 2514 2002 (Iliriste
2563 1949 2786 2004 Domine
2827 1959 2851 1997 8
2889 1952 2940 2006 in
2979 1954 3131 2020 cujus
3176 1954 3463 2011 adventum

1876 2050 1973 2103 pax
2008 2039 2327 2093 estreddita
2372 2042 2527 2094 tetris
2562 2059 2572 2093 :
2610 2059 2707 2110 pax
2758 2044 2950 2097 collata
3000 2044 3300 2101 hominibus
3330 2050 3471 2103 bone

1873 2130 2163 2185 voluntatis
2197 2150 2207 2184 :
2242 2133 2478 2188 concede
2520 2150 2807 2202 quesumus
2838 2134 2863 2171 h
2898 2148 2953 2190 ut
2984 2153 3076 2206 per
3108 2140 3333 2207 primum
3375 2142 3469 2195 ad-

1874 2230 2089 2274 ventum
2131 2222 2194 2274 ad
2226 2237 2323 2275 nos
2368 2226 2417 2275 in
2471 2226 2798 2279 humanitate
2830 2227 3047 2281 veniens
3080 2244 3093 2281 :
3127 2239 3181 2283 et
3209 2232 3466 2285 mundum

1876 2314 1968 2368 tibi
2022 2317 2071 2366 in
2116 2329 2245 2383 pace
2289 2316 2640 2371 reconciliare
2688 2318 2933 2387 dignatus
2959 2334 3016 2371 es
3046 2336 3058 2372 :
3093 2323 3467 2375 reconciliatos

1874 2423 1970 2476 per
2003 2418 2055 2463 te
2087 2409 2137 2462 in
2170 2418 2255 2463 tua
2288 2422 2417 2477 pace
2449 2420 2653 2477 prestes
2674 2410 2869 2480 iugiter
2898 2426 3203 2479 permanere
3233 2430 3245 2465 :
3275 2422 3462 2482 quale-

1874 2516 1972 2555 nus
2003 2501 2054 2556 in
2084 2502 2323 2557 secundo
2354 2503 2581 2557 adventu
2615 2516 2703 2558 tuo
2734 2504 2857 2557 dum
2890 2506 2941 2559 in
2973 2506 3247 2575 majestate
3273 2517 3326 2562 et
3347 2511 3465 2576 glo-

1872 2597 1948 2650 ria
1973 2597 2185 2651 veneris
2214 2598 2378 2651 lacias
2404 2597 2630 2652 heredes
2658 2596 2801 2666 pacis
2832 2608 3017 2652 eterue
3048 2615 3059 2649 :
3092 2600 3104 2633 ί
3139 2608 3188 2651 et
3215 2615 3345 2667 quos
3379 2600 3465 2654 hic

1874 2696 1963 2743 tue
1992 2690 2137 2756 pacis
2161 2688 2459 2760 depositum
2504 2690 2692 2745 feceris
2727 2709 2737 2743 ε
2772 2691 3146 2747 inviolabiliter
3172 2692 3334 2747 facias
3372 2708 3465 2748 cu-

1873 2779 1990 2834 stod
2000 2783 2094 2835 ire.

1962 2877 1999 2946 ῆ
2022 2917 2034 2929 .
2066 2880 2257 2932 Amen.

1948 2968 2100 3023 Dicat
2128 2968 2308 3023 Presb.
2343 2970 2478 3038 Quia
2532 2982 2583 3025 tu
2638 2986 2696 3026 es
2742 2988 2864 3028 vera
2908 2989 3006 3041 pax
3056 2985 3233 3029 nostra
3287 2986 3459 3032 totum

1875 3076 1994 3116 cum
2026 3063 2190 3131 gratia
2228 3062 2319 3115 Dei
2348 3063 2543 3117 Patris.
2578 3074 2628 3115 ut
2658 3081 2816 3133 supra
2848 3066 2900 3118 in
2942 3067 3107 3137 prima
3142 3067 3325 3122 Missa.
3362 3070 3463 3123 To-

1880 3162 1985 3206 tum
2017 3168 2127 3204 cum
2160 3153 2391 3207 lntroibo
2416 3154 2480 3207 ad
2514 3155 2695 3209 Altare
2721 3155 2811 3211 Dei
2847 3156 2970 3212 mei.
3004 3168 3057 3212 ut
3085 3176 3244 3230 supra
3274 3162 3465 3215 dictum

1877 3255 1951 3299 est
1984 3247 2078 3315 fol.
2111 3244 2165 3300 4.

1950 3336 2163 3390 Inlatio.
2202 3337 2427 3406 Dignum
2458 3348 2511 3393 et
2552 3339 2749 3409 justum
2792 3350 2874 3396 est
2904 3359 2915 3394 :
2944 3358 3069 3398 vere
3111 3353 3161 3397 et
3192 3346 3344 3401 nobis
3373 3362 3468 3416 per

1876 3429 2053 3483 omnia
2084 3444 2113 3483 e
2134 3429 2384 3498 pedibile
2418 3448 2429 3485 :
2462 3441 2604 3486 tuam
2635 3449 2732 3487 nos
2760 3434 3095 3490 cletnentiam
3119 3437 3468 3509 Omnipotens

1876 3519 2036 3574 Pater
2068 3538 2081 3575 :
2114 3523 2307 3590 quibus
2339 3538 2624 3591 possumus
2645 3540 2858 3596 semper
2882 3527 3124 3582 laudibus
3151 3531 3463 3599 pretlicare:

1876 3612 1963 3681 qui
1996 3613 2232 3668 bonitate
2261 3629 2357 3668 nos
2393 3614 2408 3664 t'
2452 3616 2883 3686 ingenuitateque
2913 3620 3195 3676 condidisti
3230 3638 3244 3675 :
3272 3637 3334 3676 ac
3356 3637 3468 3677 ser.

1876 3711 2053 3778 pontis
2082 3711 2283 3778 antiqui
2319 3710 2501 3766 fraude
2529 3709 2550 3747 κ
2582 3712 2788 3781 decepti
2815 3729 2827 3765 :
2864 3716 3092 3781 gratuita
3123 3716 3467 3772 miseratione

1876 3818 1905 3856 a
1938 3812 2111 3858 morte
2149 3800 2163 3838 ι
2203 3804 2335 3857 velis
2370 3804 2578 3871 eripere
2610 3821 2621 3857 :
2654 3804 2741 3873 qui
2775 3805 2939 3858 filium
2987 3816 3130 3859 tuum
3172 3821 3327 3873 quem
3368 3822 3464 3875 pro

1878 3895 2033 3949 nobis
2080 3895 2131 3948 in
2162 3910 2327 3949 carne
2374 3897 2635 3949 missurus
2664 3910 2783 3949 eras
2819 3913 2831 3948 :
2860 3896 2925 3949 ad
2959 3906 3128 3950 terras
3180 3906 3463 3950 venturum

1878 3989 2314 4057 nasciturumque
2351 3988 2418 4043 de
2464 3987 2681 4057 Virgine
2720 3989 2875 4059 longe
2922 4000 3077 4043 antea
3133 3989 3463 4058 predixisti:

1878 4081 1991 4151 ejus
2024 4083 2314 4137 nativitatis
2344 4082 2630 4136 adventrum
2664 4082 3067 4151 pretonantibus
3116 4081 3326 4137 Sanctis
3350 4098 3467 4154 pre-

1880 4176 2140 4230 nunciasti
2167 4193 2178 4227 :
2215 4184 2270 4228 nt
2300 4184 2610 4245 expectatus
2638 4174 2726 4229 diu
2754 4176 2842 4244 qui
2874 4176 3043 4231 fuerat
3069 4177 3426 4246 repromissns
3453 4196 3467 4233 :

1879 4282 2126 4337 magnum
2154 4266 2354 4320 mundo
2386 4266 2586 4320 faceret
2615 4265 2862 4337 gaudium
2892 4267 2942 4320 in
2973 4268 3303 4336 plenitudine
3335 4276 3469 4323 tem-

1880 4375 2066 4429 porum
2121 4367 2475 4429 presentatus.
2510 4357 2659 4412 Unde
2708 4358 2939 4427 petimus
2983 4367 3036 4413 et
3086 4374 3335 4431 rogamus
3370 4376 3383 4411 :
3416 4367 3472 4413 ut

1880 4454 1966 4520 qui
2029 4452 2227 4522 plasma
2284 4462 2429 4503 tuum
2465 4464 2479 4502 :
2513 4450 2652 4503 sicut
2699 4463 2824 4504 vere
2874 4451 2990 4520 pius
3022 4466 3038 4504 :
3067 4460 3122 4505 et
3167 4452 3472 4506 misericors

203 4537 433 4605 iudicium
483 4557 770 4613 speramus
804 4560 818 4597 :
850 4543 966 4612 ejus
1013 4545 1350 4614 praesentiam
1395 4558 1514 4599 cum
1572 4544 1778 4599 venerit
1804 4547 2057 4627 Dperit‘e
2104 4561 2209 4598 non
2240 4558 2424 4615 passus
2472 4559 2532 4597 es
2564 4561 2577 4597 :
2606 4544 2698 4598 sed
2732 4558 2827 4613 per
2875 4544 3129 4599 humilem
3178 4545 3468 4600 adventum

204 4633 301 4686 sine
327 4636 646 4692 confusione
671 4651 973 4694 cernamus.

279 4727 341 4791 ἢ.
373 4730 577 4784 Amen.

265 4816 378 4873 Post
405 4824 647 4876 nomina.
678 4822 997 4877 Sanctorum
1030 4834 1241 4878 tuorum
1274 4824 1495 4879 Domine
1532 4838 1773 4880 commu-

212 4913 427 4969 nicantes
456 4917 727 4969 marinorie
774 4915 1206 4971 Patriarclrarum
1230 4957 1247 4983 ,
1281 4916 1779 4985 Pmphetarumque

207 5011 391 5060 tuorum
423 5024 536 5061 null
586 5023 774 5062 sumus
818 5009 1162 5064 inunemores
1196 5028 1207 5062 :
1244 5010 1373 5078 ipsis
1399 5012 1541 5063 enim
1580 5024 1777 5063 renun-

265 5148 285 5171 δι
320 5141 501 5213 Neque
531 5144 672 5213 ﬁlius
722 5144 960 5199 hominis.
1006 5144 1134 5199 Illud
1184 5145 1403 5199 hominis
1433 5144 1484 5198 iu
1532 5143 1776 5215 Vulgata,

205 5207 365 5285 Greca
387 5207 445 5268 et
466 5207 713 5284 Siriaca,
744 5230 847 5269 non
882 5215 1092 5285 legitur.

264 5280 286 5317 δ
313 5286 408 5350 Qui
458 5280 631 5351 habet,
660 5298 763 5341 etc.
822 5286 876 5339 In
930 5280 1174 5357 Vulgata,
1230 5286 1412 5342 Grmca
1447 5295 1501 5342 et
1541 5285 1776 5357 Syriaco,

207 5349 291 5407 hoc
320 5349 435 5425 loco
465 5373 574 5409 non
603 5349 909 5425 apponitur.

267 5423 514 5481 ειωια.
554 5423 692 5481 Paul.
725 5444 907 5492 ωαιχ,
944 5428 991 5483 1.

264 5494 287 5532 ⁴
318 5497 673 5566 Sacriﬁcium.
708 5499 783 5552 Ex
812 5498 1090 5554 Zacharia:
1121 5515 1199 5561 ιιι,
1234 5501 1283 5554 1.

268 5575 287 5602 ⁸
330 5568 361 5632 ᾖ
386 5609 401 5622 .
438 5570 516 5625 Kx
545 5568 818 5624 Zacharitn
847 5586 888 5635 ι,
920 5571 1007 5635 Η,
1040 5571 1127 5634 16,
1165 5574 1247 5624 17.

272 5636 285 5671 ί
326 5638 699 5695 Protalantes.
749 5638 1002 5695 Fortasse
1050 5641 1327 5711 legendum
1384 5650 1675 5708 precantes,
1731 5650 1784 5693 nt

206 5723 362 5781 eorum
382 5712 498 5765 vita
522 5728 751 5775 cursum,
786 5722 831 5763 et
856 5714 1218 5781 perfectionem
1250 5728 1586 5773 camummes,
1624 5712 1785 5779 iisque

205 5780 445 5851 "illum
480 5799 607 5852 quos
653 5780 861 5843 annuos
896 5780 1034 5851 apud
1078 5794 1124 5836 te
1165 5785 1212 5836 in
1262 5782 1451 5838 caelesti
1493 5783 1785 5836 habitacula

205 5862 363 5905 cautos
394 5856 749 5924 perfectasque
762 5855 875 5924 jam
897 5855 1078 5909 retines

1876 4638 1967 4698 filii
1991 4639 2062 4691 tui
2100 4636 2310 4690 Domini
2337 4636 2502 4689 nostri
2536 4652 2549 4686 :
2582 4634 2719 4703 quod
2745 4634 2974 4704 perierat
3000 4638 3259 4691 revocasti
3293 4634 3469 4705 :quod

1873 4735 1982 4805 jam
2018 4733 2289 4786 inventum
2321 4738 2375 4783 et
2417 4736 2761 4795 reparatum:
2797 4742 2857 4781 ac
2902 4737 3208 4783 revocatum
3234 4739 3315 4783 est
3348 4744 3360 4779 :
3388 4728 3468 4782 sic
3511 4750 3515 4761 ν

1880 4835 2129 4897 protr-gas
2161 4839 2175 4876 :
2208 4822 2285 4876 sic
2332 4820 2638 4876 custodias:
2672 4821 2749 4875 sic
2798 4835 2956 4876 sanes
2990 4840 3002 4875 :
3033 4822 3109 4876 sic
3158 4820 3407 4875 defendas
3451 4837 3464 4871 :

1881 4921 1959 4974 sic
1992 4918 2207 4972 liberes.
2242 4914 2310 4970 Ut
2354 4916 2409 4967 in
2453 4914 2544 4969 illo
2581 4914 2813 4969 adventu
2859 4914 3083 4970 terribili
3131 4927 3233 4983 quo
3278 4913 3470 4966 iterato

1883 5014 1999 5069 illos
2030 5022 2285 5068 venturus
2332 5018 2413 5065 est
2440 5009 2680 5079 judicare
2715 5027 2728 5062 :
2760 5024 2789 5062 a
2836 5008 3026 5079 quibus
3053 5015 3107 5063 et
3157 5020 3252 5073 pro
3279 5006 3472 5076 quibus

1956 5159 1981 5196 6
2007 5148 2070 5202 In
2091 5152 2237 5219 cujus
2267 5156 2561 5201 adventum.
2595 5145 2734 5215 Lege
2763 5159 3002 5219 aduentu.

1956 5219 1983 5257 ιι
2019 5220 2084 5275 Ut
2132 5213 2219 5286 per
2248 5221 2466 5291 primum
2496 5213 2785 5291 admittunt.
2820 5217 2958 5281 Lege
2995 5231 3005 5264 :
3043 5213 3305 5291 _Conce_de,‘
3331 5232 3473 5284 quir-

1885 5309 2076 5355 sumus,
2112 5282 2165 5342 ut
2192 5282 2275 5356 qui
2306 5306 2391 5360 per
2436 5291 2665 5365 primunt
2685 5288 2955 5365 adventum
2985 5284 3053 5336 ad
3084 5284 3253 5365 nos-in
3284 5282 3471 5341 Ittrma.

1886 5365 2043 5417 nitate
2066 5353 2578 5427 irenie’usfmuudum
2608 5359 2696 5413 tibi
2730 5358 2780 5409 in
2824 5372 2947 5427 pac_e
2975 5353 3322 5427 recoitciliare,
3366 5370 3469 5412 etc.

1967 5434 1979 5471 ί
2021 5434 2081 5485 fit
2109 5449 2236 5501 quos
2268 5425 2348 5484 hic
2383 5441 2483 5484 tua:
2510 5431 2665 5497 pacis.
2700 5428 2858 5501 Lege.
2896 5425 2957 5501 Et
2986 5426 3217 5501 quos
3252 5438 3351 5501 (ore
3380 5444 3472 5501 pa-

1888 5507 1959 5559 cis
2008 5498 2340 5570 depositarios
2388 5502 2602 5571 feceris,
2652 5498 2857 5550 eosdem
2892 5498 3255 5552 inviolabiliter
3288 5498 3472 5567 facias.

1892 5587 2033 5629 tuum
2058 5576 2340 5643 depositum
2372 5572 2645 5643 custodire.

1962 5646 1977 5697 i
2020 5638 2470 5715 lngénuitatequr._
2490 5638 2669 5703 Forte,
2710 5640 2956 5711 ingenita.

1965 5717 1989 5754 ιι
2026 5713 2247 5779 ῡρερριί.
2280 5714 2415 5781 Lege
2437 5713 2688 5777 deceptos.

1970 5787 1981 5824 ι
2027 5786 2179 5839 Veiis.
2212 5785 2349 5852 Lege
2378 5782 2596 5837 voluisti.
