4040 6356
519 291 620 348 L535

1273 287 1562 344 MISSALE
1604 284 1862 340 MlX'lUil
1907 283 2059 340 SliC.
2107 279 2268 337 ΠΕΟ.
2313 281 2370 335 Β.
2413 280 2679 338 ISIDORI.
2719 309 2790 322 —
2829 277 3005 336 PARS
3039 279 3082 334 Ι.

3693 277 3796 334 156

518 417 596 463 est
642 405 909 475 judicatus
941 419 954 457 :
987 402 1118 458 tales
1170 401 1409 456 inveniat
1464 413 1596 469 quos
1644 397 1866 452 redemit
1899 413 1911 448 :
1947 405 2003 450 ιιι
2051 395 2103 449 in
2135 397 2183 457 Α
2213 393 2434 466 indigni.
2466 395 2664 466 Dignos
2693 410 2982 466 quesumus
3015 409 3111 450 nos
3154 391 3306 448 effice
3353 399 3499 447 laute
3527 375 3803 462 dignitatis

520 509 762 558 etcrttum
797 497 1068 571 possideat
1090 511 1223 568 quos
1253 497 1435 567 precio
1462 495 1542 549 sui
1573 493 1846 561 sanguinis
1875 490 2104 561 acquisia

519 595 629 648 vit:
657 603 712 648 ut
737 608 855 649 cum
895 590 1126 663 ignifluis
1156 588 1430 644 affectibus
1462 587 1857 656 redemptorum
1886 601 1898 637 :
1931 596 2102 639 tecum

519 697 573 744 et
599 688 793 744 Sancto
822 686 1023 756 Spiritu
1051 685 1166 739 sine
1196 682 1299 736 fine
1328 680 1575 736 laudetur
1604 679 1756 750 parili
1797 692 2059 733 concentu
2090 693 2102 730 :

519 797 639 837 cum
688 779 904 851 Angelis
943 786 999 834 et
1045 774 1396 846 Archangelis
1447 772 1784 827 laudantibus
1830 781 1987 840 atque
2037 769 2106 824 ita

520 873 838 929 dicentibus.
898 870 1052 925 Dicat
1101 867 1320 924 Chorus.
1377 867 1623 923 Sanctus.
1676 865 1925 922 Sanctus.
1977 864 2106 919 San-

519 977 657 1032 ctus,
689 973 794 1020 etc.

593 1055 741 1110 Dicat
771 1054 1065 1124 Presbyter.

591 1146 716 1202 Post
755 1147 997 1202 Sanctus.
1035 1146 1238 1200 Oratio.
1274 1143 1407 1200 Vere
1438 1151 1656 1200 sanctus
1689 1161 1701 1196 :
1734 1158 1858 1197 vere
1889 1140 2109 1198 benedi-

521 1250 636 1296 ctus
665 1238 756 1310 qui
804 1238 951 1294 venit
993 1239 1046 1292 in
1096 1238 1311 1292 nomine
1364 1237 1612 1292 Domini:
1645 1237 1756 1292 Rex
1806 1236 1988 1290 Israel.
2021 1237 2108 1304 qui

514 1332 622 1403 jam
666 1330 810 1386 venit
839 1330 1059 1386 humilis
1087 1348 1098 1384 :
1129 1338 1182 1385 et
1213 1330 1385 1386 adhuc
1434 1339 1688 1386 venturus
1733 1338 1815 1385 est
1844 1329 1896 1382 iit
1943 1328 2110 1398 maje-

517 1434 655 1480 state
675 1422 944 1478 terribilis.
968 1422 1068 1489 Qui
1084 1423 1194 1492 jam
1220 1421 1360 1477 venit
1383 1432 1438 1476 ut
1457 1421 1785 1492 judicaretur
1808 1422 1858 1474 in
1879 1419 2108 1482 mundo;

516 1529 570 1573 et
599 1517 734 1571 aduc
765 1524 1014 1571 venturus
1037 1525 1118 1570 est
1147 1524 1203 1570 ut
1227 1515 1435 1585 judicet
1462 1516 1738 1569 mundum.
1765 1515 1863 1581 Qui
1892 1514 1999 1582 jam
2025 1527 2112 1566 vc-

518 1612 596 1666 nit
627 1621 676 1665 ut
706 1610 1041 1666 redimereta
1081 1619 1251 1665 morte
1284 1627 1296 1663 :
1327 1624 1462 1680 quos
1492 1609 1560 1664 ad
1591 1611 1749 1664 vitam
1781 1608 2112 1679 predestina-

518 1705 635 1758 vit:
669 1711 724 1759 et
750 1703 922 1758 adhuc
964 1713 1221 1758 venturus
1260 1712 1342 1757 est
1372 1719 1388 1757 :
1419 1713 1474 1758 ιιι
1507 1711 1814 1758 remuneret
1843 1715 1976 1771 quos
2018 1714 2112 1752 re-

520 1797 687 1852 demit
720 1813 733 1849 :
764 1797 878 1868 ipse
908 1787 1164 1852 Dominus
1191 1812 1253 1852 ac
1280 1795 1610 1868 Redemptor
1651 1806 1888 1851 eternus.

597 1889 796 1944 Deinde
825 1890 960 1942 dicat
1010 1889 1282 1960 Presbyter
1326 1891 1378 1944 in
1421 1889 1645 1944 silentio.
1681 1888 1880 1944 Oratio.
1913 1887 2114 1942 Adesto

521 1982 706 2037 adesto
736 1982 852 2037 Iesu
885 1983 1022 2038 bone
1059 1982 1317 2054 pontifex.
1378 1980 1444 2035 Ut
1485 1996 1644 2052 supra
1689 1978 1784 2049 fol.
1817 1981 1869 2034 5.
1927 1977 2112 2032 Postea

521 2079 660 2153 dicat
687 2080 989 2134 orationem.

600 2171 722 2226 Post
751 2172 938 2241 pridie.
973 2170 1215 2226 Facimus
1245 2170 1472 2224 Domine
1517 2168 1636 2224 Filii
1665 2169 1736 2222 ttii
1771 2167 1980 2222 Domini
2019 2181 2113 2220 no-

518 2269 612 2325 stri
645 2267 768 2323 Jesu
815 2267 1015 2322 Christi
1065 2267 1626 2322 commemorationem
1655 2283 1668 2323 :
1697 2266 1835 2337 quod
1890 2266 2112 2320 veniens

522 2363 587 2418 ad
617 2380 714 2418 nos
737 2363 1021 2418 humanam
1047 2362 1270 2418 formam
1295 2363 1583 2434 assumpsit
1611 2380 1624 2417 :
1656 2363 1794 2432 quod
1820 2377 1914 2433 pro
1938 2362 2110 2416 homi-

521 2455 676 2510 nibus
696 2471 831 2525 quos
857 2466 1132 2511 creaverat
1157 2455 1480 2511 redimendis
1513 2457 1616 2527 16
1647 2455 1946 2526 passionem
1981 2454 2113 2510 Cru-

521 2551 599 2602 c's
629 2564 913 2618 perpessus
943 2559 1042 2604 cst.
1071 2549 1220 2616 Quod
1253 2559 1599 2620 superaturus
1641 2559 1799 2619 atque
1828 2549 2109 2603 conculca-

522 2651 674 2695 turus
704 2641 934 2696 debilarn
961 2651 1183 2696 mortem
1209 2653 1444 2694 nostram
1479 2659 1492 2694 :
1523 2649 1746 2695 mortem
1776 2643 1909 2695 ultra
1932 2656 2113 2694 susce-

521 2734 597 2806 pit
623 2734 735 2805 ipse
763 2734 1050 2789 indebitam
1082 2740 1096 2787 ἐ
1126 2734 1265 2804 quod
1296 2734 1562 2789 infernum
1593 2751 1656 2789 ex
1695 2745 1842 2806 parte
1877 2734 2113 2806 expolia-

522 2828 599 2880 vit
640 2826 993 2898 relinquendo
1024 2827 1220 2898 impios
1248 2847 1258 2880 :
1295 2835 1349 2883 et
1379 2837 1592 2882 sanctos
1621 2829 1706 2897 qui
1741 2828 1932 2882 ibidem
1964 2839 2113 2883 tene-

520 2918 717 2974 bantur
745 2936 758 2973 :
787 2934 1073 2991 resurgens
1101 2935 1284 2976 secum
1318 2921 1369 2975 in
1422 2921 1713 2976 celestibus
1761 2921 2110 2976 sublevando.

523 3009 676 3077 Quod
724 3012 937 3067 rediens
976 3012 1043 3068 ad
1085 3016 1258 3070 celum
1305 3016 1444 3070 viam
1489 3016 1644 3072 nobis
1693 3018 1937 3090 patefecit
1972 3038 1983 3072 :
2021 3035 2114 3091 per

519 3119 675 3174 quant
727 3105 1150 3163 conscendamus
1204 3109 1255 3163 in
1311 3110 1507 3167 celum.
1550 3112 1700 3177 Quod
1748 3120 2000 3166 venturus
2045 3113 2114 3166 sil

521 3196 714 3251 iterum
744 3198 810 3254 ad
856 3199 1114 3268 judicium
1159 3201 1397 3256 vivorum
1443 3212 1495 3257 ct
1523 3213 1850 3259 mortuorum
1883 3206 2112 3260 scelera-
2143 3182 2189 3245 Ο

523 3298 666 3345 tores
717 3301 771 3345 et
819 3303 1129 3362 peccatores
1176 3304 1362 3349 eterno
1415 3295 1680 3366 supplicio
1723 3297 2112 3351 damnaturos:

522 3381 741 3452 suisque
769 3383 1011 3439 fidelibus
1043 3401 1135 3439 sua
1165 3399 1412 3458 precepta
1444 3390 1781 3445 servantibus
1820 3392 2115 3447 eternitatis

525 3486 622 3527 sue
667 3474 891 3543 gloriam
933 3478 1239 3533 collaturus.
1276 3479 1378 3534 Per
1423 3481 1598 3551 ipsum
1635 3493 1684 3538 te
1731 3499 1858 3554 ergo
1910 3501 2117 3541 summe

526 3563 682 3620 Pater
703 3569 1056 3638 exposcimus
1088 3588 1100 3622 :
1134 3581 1190 3626 ut
1221 3572 1355 3627 hanc
1386 3581 1473 3627 tue
1496 3574 1806 3645 plaetitiunis
1836 3578 2062 3632 hostiam
2095 3595 2114 3635 :

521 3675 679 3728 quam
711 3661 804 3716 tibi
835 3662 1110 3719 offerimus
1144 3681 1212 3724 :e
1246 3668 1490 3722 manibus
1518 3669 1718 3724 nostris
1751 3671 1987 3740 placatus
2020 3687 2112 3727 ac-

517 3752 685 3822 cipias
717 3771 731 3808 :
769 3761 794 3790 ⁸
823 3768 1049 3826 eamque
1079 3757 1146 3812 de
1187 3757 1316 3813 celis
1359 3775 1387 3811 a
1435 3760 1562 3816 sede
1592 3761 1804 3832 placato
1845 3763 1989 3816 vultu
2034 3779 2118 3818 re-

517 3843 749 3915 spiciens
797 3845 1083 3906 benedicas
1120 3869 1130 3904 :
1165 3861 1225 3906 ut
1270 3861 1528 3922 quotquot
1580 3870 1644 3907 ex
1687 3853 1844 3923 hujus
1897 3865 2114 3926 sumptu

518 3939 863 3995 libaverimus
895 3957 907 3994 :
941 3943 1310 3998 salubritatem
1373 3959 1436 4000 ac
1483 3947 1778 4002 remedium
1824 3948 2002 4002 anime
2063 3956 2116 4003 et

521 4035 764 4103 corporis
794 4034 1121 4091 hauriatnus.
1169 4037 1206 4105 [ἢ
1230 4077 1242 4089 .
1274 4039 1465 4095 Arnen.

601 4145 664 4199 Et
696 4148 831 4201 dicto
861 4159 1108 4204 memento
1132 4167 1226 4219 pro
1252 4151 1374 4205 vivis
1400 4161 1448 4205 et
1487 4155 1709 4223 perfecto
1737 4154 1947 4208 simbolo
1978 4155 2114 4209 dicat

525 4234 797 4308 Prebyter
846 4243 1123 4295 orationem
1163 4242 1483 4297 Dominicam
1529 4249 1790 4316 equaliter.

596 4329 816 4386 Summe
845 4349 1048 4388 summe
1080 4343 1134 4388 ct
1161 4335 1502 4404 omnipotens
1537 4340 1676 4394 Deus
1720 4341 1876 4396 Pater
1901 4342 2111 4411 ingeni-

524 4431 608 4476 tus
643 4440 654 4473 :
689 4423 776 4491 qui
811 4422 1066 4493 unigeniti
1093 4426 1166 4479 tui
1191 4427 1240 4479 in
1271 4429 1634 4498 assumptione
1658 4434 1836 4487 carnis
1871 4452 1884 4488 :
1916 4436 2112 4490 adven-

525 4523 634 4568 tum
663 4517 1112 4573 rectiaciliationis
1156 4530 1337 4576 nostre
1368 4523 1580 4579 voluisti
1610 4539 1731 4580 esse
1763 4529 2056 4584 remedium
2095 4548 2108 4583 :

521 4603 548 4641 ι)
579 4617 636 4662 ut
680 4623 799 4663 cum
847 4625 911 4665 eo
940 4613 1164 4682 gratiam
1199 4614 1563 4685 reciperemus
1604 4619 1928 4690 adOptionis.
1961 4623 2048 4692 qui
2079 4639 2108 4677 a

523 4706 574 4753 te
601 4709 723 4754 ante
749 4701 929 4756 omnia
962 4705 1142 4759 secula
1171 4709 1287 4761 sine
1308 4706 1460 4762 initio
1484 4711 1826 4768 ineffabiliter
1850 4717 2060 4783 genitus
2096 4737 2111 4773 :

461 4833 485 4870 ᾖ
523 4789 576 4844 in
609 4801 795 4844 natura
827 4791 1042 4848 deitatis
1076 4795 1170 4848 tibi
1213 4807 1357 4852 extat
1400 4801 1625 4870 equalis.
1666 4803 1729 4857 Ut
1771 4803 2111 4865 efficerentur

472 4867 484 4888 ⁸
522 4881 596 4936 ttti
631 4882 864 4953 adoptivi
897 4885 985 4940 lilii
1020 4901 1035 4938 :
1066 4888 1153 4956 qui
1185 4889 1327 4944 servi
1359 4905 1422 4944 ex
1453 4901 1636 4947 nostro
1667 4899 1862 4953 merito
1897 4916 2110 4956 eramus

596 5048 622 5076 ⁸
653 5038 882 5118 Eamque
931 5041 992 5118 de
1039 5043 1252 5118 raetica
1299 5047 1433 5101 sede.
1487 5047 1791 5118 Legendum
1836 5053 2105 5113 fortasse:
2174 5066 2177 5068 ’

525 5107 872 5194 Εαξῖιηαενξςίε
899 5115 1090 5194 (σείεειξ
1113 5116 1230 5169 sede
1275 5119 1474 5194 placato
1502 5107 1658 5194 ivtiltu
1705 5107 2107 5194 t‘espicicnrsrbcl

525 5183 751 5269 nedicas.
773 5183 1046 5269 Extenuat
1069 5185 1193 5267 haec
1223 5183 1394 5243 oratio
1417 5193 1610 5269 eadem
1631 5183 1825 5249 Christi
1853 5183 2104 5269 mysteria

523 5255 896 5326 complectitur
920 5271 1040 5323 qua:
1068 5257 1120 5310 in
1145 5273 1350 5315 canone
1379 5263 1556 5317 missa:
1581 5265 1829 5322 Romana.-
1854 5255 2105 5326 sa'cerdos

521 5324 853 5399 s_tatim__post
881 5329 1333 5399 consecrationem
1362 5331 1544 5388 calicis
1571 5324 2104 5397 commemorat
2157 5392 2165 5399 .

524 5393 668 5448 tione
688 5394 919 5475 illa_qtta3
943 5396 1128 5475 incipit.
1157 5402 1286 5475 unde
1309 5411 1356 5455 et
1383 5420 1648 5473 memores,
1685 5393 2106 5469 Domina-Utra-

523 5479 628 5548 que
666 5469 838 5548 oratio
866 5469 1063 5548 eadem
1111 5473 1362 5548 petitione
1406 5469 1739 5545 terminatur,
1771 5492 1825 5537 tit
1855 5486 2059 5539 scilicet
2088 5505 2100 5539 :

523 5533 662 5622 Deus
703 5538 939 5622 dignetur
968 5533 1137 5622 oblata
1164 5545 1300 5622 vultu
1333 5548 1534 5622 placato
1577 5533 1842 5622 respicere,
1856 5533 2106 5611 'e'i'éjc'it;

520 5609 833 5685 cupientibus
861 5610 1239 5685 donacazlestia
1265 5609 1543 5685 impertire.

591 5675 864 5768 prt‘cunlt
887 5697 966 5768 eo.
1000 5682 1113 5739 l‘luc
1144 5685 1307 5741 refert
1335 5675 1465 5768 illud
1497 5693 1738 5762 Apostoli
1769 5696 1832 5753 ad
1864 5697 2099 5768 Galatas,

522 5753 602 5813 tu,
632 5749 685 5824 5_,
709 5759 763 5808 et
789 5751 1171 5824 aditomanos,
1207 5771 1325 5824 vni,
1361 5761 1450 5816 32.

595 5825 617 5859 ⁸
646 5820 774 5894 Cap.
803 5818 965 5878 XVI.
998 5818 1299 5883 γοναί-6.

2210 489 2590 546 solemnitate:
2621 500 2678 544 ut
2722 488 3094 562 possimus'ad
3142 497 3192 544 te
3233 502 3340 542 non
3374 485 3640 540 immerito
3672 501 3802 556 pro-

2209 584 2442 639 clamare
2467 595 2520 638 et
2548 584 2747 639 dicere.

2283 675 2432 729 Dicat
2460 674 2639 729 Presb.
2672 676 2826 749 l’ater
2868 685 3078 731 uoster.
3110 675 3318 728 Totum.
3359 672 3424 726 Et
3453 682 3623 744 postea
3665 671 3806 725 dicat

2213 766 2626 820 benedictionem.
2664 766 2948 820 l‘lutniliate
2985 781 3100 820 vos.
3131 763 3458 819 Benedictio.

2283 857 2599 913 Benedictio.
2635 859 2897 915 Adveniat
2923 874 3087 929 super
3127 873 3222 911 vos
3253 857 3493 928 placidus
3517 858 3682 926 gratie
3712 871 3808 908 su-

2214 963 2376 1021 perne
2425 961 2705 1020 respectus
2740 970 2752 1006 :
2783 961 2838 1006 et
2877 950 3110 1006 illustrct
3136 965 3232 1003 vos
3283 948 3410 1004 Jcsu
3458 947 3655 1001 L‘liristi
3703 947 3806 1000 Do-

2215 1043 2344 1098 tnini
2377 1044 2545 1099 nostri
2593 1052 2646 1099 et
2691 1044 2990 1100 Salvatoris
3022 1045 3302 1098 adventus.
3353 1043 3426 1111 li).
3463 1043 3657 1096 Anien.

2283 1137 2399 1192 Non
2431 1137 2652 1192 recedat
2674 1152 2702 1192 a
2731 1137 2981 1192 cordibus
3019 1139 3213 1192 vestris
3244 1155 3257 1191 :
3292 1137 3379 1206 qui
3431 1136 3576 1190 nasci
3617 1135 3808 1204 digna-

2215 1238 2298 1284 tus
2325 1240 2410 1285 est
2439 1245 2502 1285 ex
2535 1241 2690 1287 utero
2725 1230 2957 1300 Virginis
2986 1231 3196 1284 matris.
3255 1297 3262 1301 _

2301 1324 2337 1392 si
2363 1364 2374 1377 .
2405 1328 2594 1379 Amen.

2285 1417 2562 1485 Quatenus
2589 1419 2639 1472 in
2665 1426 2845 1472 vestro
2872 1427 3078 1473 maneat
3109 1426 3322 1487 pectore
3351 1415 3590 1485 placidus
3621 1429 3811 1468 :tnan-

2216 1508 2420 1562 sionem
2446 1509 2643 1564 ibidem
2673 1525 2792 1564 cum
2823 1509 2980 1565 Patre
3004 1519 3056 1565 et
3084 1510 3282 1580 Spiritu
3308 1508 3509 1565 Sancto
3540 1509 3806 1579 perpetiar

2218 1601 2514 1656 habiturus.
2560 1603 2596 1670 ιῆ
2620 1644 2632 1656 .
2667 1605 2856 1659 Amen.

2289 1694 2438 1749 Dicat
2477 1695 2653 1751 Presb.
2691 1697 2790 1752 Per
2821 1696 3240 1751 miscricordiam
3291 1695 3458 1766 ipsius
3489 1694 3578 1751 Dei
3613 1696 3807 1757 nostri,

2138 1774 2185 1834 Β
2216 1789 2302 1859 qui
2335 1798 2419 1844 est
2451 1789 2765 1844 benedictus
2815 1800 2867 1845 et
2893 1789 3022 1844 vivit
3049 1799 3104 1844 et
3143 1791 3320 1845 omnia
3348 1790 3485 1860 regit
3530 1790 3582 1844 in
3621 1791 3810 1845 secula

2215 1883 2541 1937 seculorum.

2303 1975 2339 2043 ιῆ
2364 2017 2377 2031 .
2407 1978 2596 2030 Amen.

2292 2066 2440 2120 Dicat
2475 2066 2653 2122 Presb.
2687 2067 2944 2123 Dominus
2995 2068 3065 2123 sit
3117 2083 3334 2140 semper
3389 2068 3682 2124 vobiscum.
3729 2068 3808 2139 ἡ.

2217 2158 2282 2214 Et
2313 2176 2458 2214 cum.

2291 2253 2438 2308 Dicat
2470 2254 2690 2309 Chorus.
2723 2255 2946 2310 Gustate
2970 2263 3024 2310 et
3053 2256 3244 2311 videte.
3282 2255 3347 2310 Et
3375 2255 3576 2311 Refecti
3606 2256 3806 2312 Christi

2215 2362 2393 2417 corpo:
2411 2363 2459 2402 e.
2480 2346 2542 2399 Et
2568 2349 2731 2401 oratio
2752 2359 2805 2402 ut
2826 2364 2984 2417 supra
3006 2349 3057 2402 in
3082 2348 3245 2418 primo
3271 2349 3537 2402 Dominico
3560 2349 3652 2417 fol.
3677 2349 3733 2401 7.

2252 2462 2316 2516 ΙΝ
2364 2462 2618 2530 QUINTO
2659 2462 2978 2519 DOMINICO
3015 2463 3102 2518 DE
3144 2463 3466 2519 ADVENTU
3518 2463 3773 2518 DOMINI.

2695 2579 2776 2630 Ad
2811 2577 2857 2630 Μ
2868 2578 3040 2631 issam.
3062 2578 3314 2647 Officium.

2288 2673 2456 2743 Super
2483 2683 2718 2728 montem
2749 2676 3085 2730 altissimum.
3123 2675 3344 2746 Require
3369 2675 3421 2728 in
3451 2674 3674 2728 secundo
3711 2671 3816 2726 Do-

2229 2767 2414 2820 minico
2448 2767 2509 2820 de
2534 2768 2769 2821 Adventu
2813 2768 3020 2822 Domini
3048 2768 3142 2837 fol.
3167 2768 3218 2823 7.

2361 2857 2535 2912 Lectio
2574 2858 2690 2912 libri
2732 2856 2903 2929 Esaye
2932 2857 3192 2929 Pi-Opliete
3223 2860 3274 2930 (ο
3306 2859 3432 2932 Cap.
3479 2859 3666 2930 XVI).

2304 2951 2339 3019 ιῆ
2364 2989 2376 3002 .
2411 2950 2521 3004 Deo
2550 2951 2771 3019 gratias.

2282 3043 2315 3078 τι
2349 3042 2544 3097 Emitte
2574 3059 2769 3112 agnum
2801 3044 3192 3100 dominatorem
3223 3056 3364 3101 terre
3399 3064 3410 3098 :
3442 3046 3507 3102 de
3539 3055 3686 3116 petra
3720 3045 3817 3103 de-

2219 3137 2347 3190 serti
2370 3136 2434 3189 ad
2461 3147 2694 3191 montem
2731 3137 2838 3192 filie
2865 3139 3030 3209 Syon.
3059 3139 3122 3194 Et
3142 3142 3245 3194 erit
3270 3139 3538 3194 sicutavis
3566 3147 3774 3210 fugiens
3800 3158 3817 3194 :

2220 3241 2272 3286 et
2303 3231 2430 3300 pulli
2460 3231 2526 3285 de
2567 3231 2694 3286 nido
2723 3231 3056 3288 advolantes.
3087 3232 3177 3288 Sic
3205 3241 3360 3287 erant
3411 3232 3515 3286 lilie
3564 3233 3717 3286 Moab
3765 3233 3818 3286 iu

2221 3335 2555 3393 transgressu
2601 3327 2783 3380 Arnon
2818 3343 2833 3380 :
2870 3327 2938 3379 ini
2981 3326 3259 3380 consilium
3296 3343 3309 3379 :
3341 3341 3470 3398 coge
3500 3327 3815 3380 concilium.

2221 3416 2366 3473 Pone
2409 3420 2561 3488 quasi
2611 3429 2824 3474 noctem
2876 3419 3117 3474 umbram
3152 3430 3292 3472 tuam
3327 3419 3378 3473 in
3430 3418 3670 3475 meridie.
3702 3420 3818 3474 Ab-

2219 3512 2416 3566 sconde
2444 3511 2701 3580 fugientes
2723 3524 2777 3566 et
2800 3527 2960 3583 vagos
2983 3528 3048 3567 ne
3072 3513 3266 3582 prodas
3293 3530 3307 3566 :
3340 3513 3648 3567 habitabant
3673 3512 3818 3580 apud

2221 3614 2272 3660 te
2304 3603 2532 3673 profugii
2559 3605 2682 3658 mei.
2711 3603 2864 3660 Moab
2893 3615 3010 3660 esto
3050 3605 3328 3661 latibulum
3357 3622 3542 3661 eorum
3571 3622 3586 3660 :
3619 3621 3648 3659 a
3683 3606 3822 3662 facie

2220 3698 2524 3752 vastatoris.
2579 3695 2782 3751 Finitus
2830 3707 2912 3752 est
2964 3698 3105 3753 enim
3159 3698 3329 3769 pulvis
3363 3718 3375 3752 :
3404 3711 3814 3755 consummatus

2221 3799 2302 3846 cst
2332 3791 2494 3846 miser
2528 3807 2542 3845 :
2570 3789 2765 3846 defecit
2803 3791 2896 3862 qui
2925 3792 3276 3848 conculcabat
3323 3803 3542 3850 terram.
3574 3793 3640 3846 Et
3688 3808 3822 3862 pre-

2221 3883 2498 3952 parahitur
2545 3883 2597 3936 itt
2629 3882 2998 3937 misericordia
3028 3883 3217 3938 solium
3249 3901 3262 3940 :
3299 3895 3348 3940 et
3397 3884 3604 3940 sedebit
3653 3899 3830 3958 super

2220 3993 2338 4032 eam
2387 3977 2438 4032 in
2486 3978 2710 4033 veritate
2739 3994 2752 4030 :
2785 3978 2836 4032 in
2884 3977 3226 4034 tabernaculo
3257 3979 3444 4034 David.
3477 3979 3732 4034 iudicans
3764 3986 3822 4034 et

2219 4086 2452 4140 querens
2487 4069 2782 4140 judicium;
2810 4078 2866 4126 et
2894 4069 3150 4126 velociter
3178 4072 3413 4127 reddens
3442 4073 3580 4142 quod
3604 4072 3817 4141 justum

2219 4173 2318 4218 est.
2366 4163 2438 4230 ti).
2472 4164 2663 4218 Amen.
2845 4174 2850 4178 '

2290 4253 2444 4308 Dicat
2475 4256 2654 4310 Presb.
2690 4256 2946 4314 Dominus
2972 4257 3044 4314 sit
3072 4273 3287 4330 semper
3315 4258 3610 4328 vobiscum.
3647 4260 3686 4329 ἡ
3709 4298 3725 4314 .
3753 4260 3820 4316 Et

2217 4365 2340 4406 cum
2368 4351 2576 4421 spiritu.

2294 4440 2442 4496 Dicat
2471 4441 2671 4496 Chorus
2698 4441 2902 4499 Lauda.
2935 4454 2958 4482 ε
2994 4444 3061 4502 Ut
3092 4445 3351 4501 inhabitet
3379 4445 3544 4517 gloria
3574 4447 3625 4501 in
3671 4454 3820 4503 terra

2221 4542 2402 4590 nostra
2439 4554 2450 4589 :
2487 4537 2846 4592 misericordia
2875 4549 2930 4593 et
2956 4542 3154 4594 veritas
3175 4551 3520 4596 occurrerunt
3548 4541 3648 4596 sibi
3683 4556 3698 4596 :
3725 4541 3820 4611 juo

2222 4627 2378 4681 sticia
2427 4639 2480 4683 et
2532 4643 2634 4698 pax
2669 4625 2687 4666 ί
2723 4631 3126 4698 complexerunt
3171 4648 3250 4688 se.
3292 4641 3317 4680 ε
3374 4634 3434 4702 7.
3485 4631 3692 4688 Veritas
3746 4635 3822 4691 de

2225 4727 2365 4774 terra
2396 4731 2508 4774 orta
2541 4729 2641 4775 est.
2679 4722 2742 4776 Et
2768 4722 2981 4790 justicia
3019 4723 3087 4778 de
3118 4725 3235 4780 celo
3263 4727 3533 4794 prospexit
3566 4746 3576 4779 :
3607 4727 3820 4782 etenim

2224 4813 2478 4869 Dominus
2507 4815 2650 4870 da‘bit
2679 4813 2706 4851 ιι
2734 4816 3168 4874 benedictionem
3195 4835 3209 4874 :
3237 4829 3290 4877 et
3322 4830 3463 4876 terra
3501 4831 3684 4878 nostra
3717 4824 3821 4878 da-

2219 4902 2296 4958 bit
2327 4903 2554 4960 fructum
2586 4921 2765 4960 suum.
2799 4905 2872 4962 P.
2903 4906 3141 4964 Justicia.

2287 5060 2311 5097 ά
2338 5063 2526 5138 βοιιὶιιε
2555 5081 2762 5133 agnum.
2800 5064 2873 5118 lta
2919 5067 3079 5123 LXX.
3121 5067 3346 5138 Vulgata
3380 5069 3524 5124 addit
3565 5069 3812 5129 Domine.

2290 5144 2312 5170 °
2345 5135 2645 5188 Psallendo.
2675 5138 2814 5190 l’sztl.
2850 5152 3074 5203 LXXXIV,
3113 5140 3196 5192 10.

2295 5204 2311 5241 ί
2347 5208 2763 5276 Corriptexnnnt.
2789 5209 3086 5278 Corripius,
3111 5211 3180 5266 de
3207 5211 3452 5268 laudibus
3479 5212 3772 5272 Justiniani
3798 5235 3814 5272 :

2332 5321 2527 5371 Portum
2550 5336 2692 5385 quam
2719 5328 2928 5386 gemina:
2952 5326 3262 5390 complexam
3283 5327 3481 5380 brachia
3511 5331 3657 5396 ripae;

2213 5433 2264 5478 et
2287 5425 2372 5478 alii
2405 5425 2644 5511 ejusdem
2676 5441 2726 5511 e_t_
2753 5434 3069 5499 posterioris
3101 5436 3199 5490 aevi
3223 5437 3518 5511 scriptores
3538 5442 3815 5511 complexa

2214 5511 2311 5569 pro
2347 5500 2650 5567 complector
2679 5500 2966 5565 dixerunt;
3018 5517 3269 5562 caeterum
3304 5500 3481 5566 Italica
3509 5500 3684 5568 versio
3715 5517 3818 5569 ba-

2214 5566 2304 5651 bet
2352 5570 2614 5651 complexa
2643 5584 2760 5626 sunt
2804 5590 2872 5629 se.
2913 5576 3124 5644 Chald.,
3159 5581 3446 5651 conjuncta:
3483 5566 3644 5638 sunt.
3675 5566 3815 5641 Vtil-

2210 5647 2330 5705 gata
2343 5680 2356 5703 ,
2389 5643 2631 5696 osculata:
2661 5655 2798 5698 sunt.

2285 5720 2310 5783 t5
2416 5750 2430 5763 .
2463 5712 2547 5766 Ps.
2578 5731 2802 5783 t.xxxtv,
2845 5717 2931 5774 1‘2.

2285 5777 2316 5871 li
2331 5779 2766 5871 Benedic-tionem.
2790 5777 2973 5863 'Vulg.,
3005 5791 3118 5851 Ital.
3142 5803 3196 5852 et
3223 5795 3387 5867 LXX,
3419 5798 3811 5871 benignitatem.

2213 5847 2424 5921 Cbald,
2459 5853 2838 5914 beatitudinem.
