4040 6356
174 448 179 455 ,
208 387 316 447 Ιότ

275 501 435 558 Dicat
465 494 655 556 Pmb.
688 497 976 558 Silentium
999 499 1185 558 facile.

203 616 493 706 Saguntia
524 615 755 689 Epistolc
780 614 943 763 Ital}
971 617 1222 764 gestor)
1238 620 1308 675 a’d
1335 618 1813 679 Thessaloniccmes

944 732 958 747 .
1067 709 1122 763 p.
1230 730 1244 745 .

393 697 404 706 ·
820 697 876 763 (ι
906 697 958 747 ι.
992 697 1122 763 Cap.
1159 697 1244 763 γ).

293 781 334 848 ἢ
356 819 371 834 .
407 780 521 836 Deo
548 782 769 853 gratias.

276 871 503 926 Fratres
534 890 549 928 :
578 889 829 945 rogamus
867 892 967 933 vos
999 894 1013 931 :
1047 878 1304 949 corripite
1355 878 1643 950 inquietos.
1675 880 1814 936 Con-

199 964 459 1020 solamini
487 966 860 1036 pusillanimes
891 987 907 1025 :
935 971 1194 1040 suscipite
1239 970 1499 1027 inﬁrmos.
1541 972 1813 1029 Patientes

202 1064 389 1113 estote
416 1058 484 1113 ad
528 1074 737 1116 omnes.
775 1061 962 1118 Videte
1007 1078 1075 1118 ne
1124 1061 1246 1132 quis
1283 1065 1481 1119 malum
1529 1079 1626 1134 pro
1671 1065 1814 1120 malo

204 1150 376 1205 alicui
407 1152 620 1208 reddat.
654 1153 764 1209 Sed
793 1170 1009 1225 semper
1031 1156 1173 1226 quod
1200 1154 1397 1211 bonum
1426 1163 1511 1211 est
1534 1155 1815 1212 sectamini

209 1243 454 1298 invicem
489 1261 505 1299 :
536 1255 591 1301 et
626 1245 680 1302 in
707 1262 898 1303 omnes
929 1265 943 1302 :
974 1263 1188 1319 semper
1213 1248 1460 1318 gaudete.
1492 1247 1621 1303 Sine
1648 1248 1815 1305 inter-

202 1334 471 1391 missione
500 1346 671 1394 orate.
703 1338 764 1393 In
814 1340 1064 1394 omnibus
1089 1340 1290 1411 gratias
1318 1341 1480 1410 agite.
1514 1340 1622 1395 I'Iec
1666 1341 1812 1395 enim

204 1429 463 1487 voluntas
510 1433 603 1488 Dei
645 1443 729 1489 est
776 1435 833 1490 in
862 1433 1078 1491 Christo
1124 1433 1254 1491 Jesu
1284 1435 1336 1489 in
1383 1435 1630 1489 omnibus
1660 1434 1813 1491 nobis

206 1522 464 1592 spiritum
509 1523 675 1579 nolite
704 1525 1021 1595 extinguere
1050 1542 1065 1579 :
1100 1523 1441 1597 prophetiam
1472 1525 1638 1581 nolite
1665 1540 1815 1595 sper-

203 1632 364 1675 nere.
400 1618 591 1673 Omnia
617 1619 1055 1690 autemprobate
1083 1635 1099 1673 :
1125 1630 1181 1675 et
1208 1618 1351 1691 quod
1382 1620 1580 1674 bonum
1619 1629 1701 1674 est
1724 1634 1813 1675 re-'

204 1710 399 1765 tinete.
438 1711 519 1766 A-b
549 1712 696 1766 omni
740 1715 923 1783 specie
947 1712 1089 1767 mala
1132 1712 1393 1768 abstinete
1421 1727 1538 1768 vos.
1566 1712 1685 1784 Ipse
1721 1727 1815 1768 au-

205 1815 317 1859 tem
368 1804 510 1861 Dens
558 1808 704 1875 pacis
749 1806 1050 1862 sanctiﬁcet
1080 1821 1175 1861 vos
1210 1820 1306 1877 per
1345 1807 1565 1862 omnia:
1603 1807 1701 1878 17
1731 1806 1815 1861 in-

966 370 1267 445 ﬁtssALn
1305 365 1579 445 uitium
1618 367 1765 445 sed.
1807 369 1969 445 hac.
2014 368 2078 444 Β.
2116 383 2389 469 tsmoni.
2428 367 2500 427 ἑ.
2538 374 2719 444 rAn-s
2755 385 2797 444 l.

3394 378 3501 448 tas

1832 507 1888 568 Α
1991 498 2060 555 Et
2089 498 2272 557 Prcsb.
2469 502 2626 557 aliam
2655 502 2958 557 orationem.

1986 592 2044 649 In
2074 596 2320 665 proximo
2338 595 2550 665 quidem
2581 604 2667 652 est
2690 597 2914 653 Domine
2942 596 3064 653 dies
3089 597 3355 655 adventus
3384 588 3499 655 tui:

1914 689 2011 745 sed
2035 704 2326 760 quesumus
2372 698 2432 745 ut
2454 700 2735 763 antequam
2783 693 2970 749 venias
3000 711 3012 745 :
3043 693 3245 763 expiari
3294 710 3503 751 merea-

1915 799 2035 841 mur
2062 786 2130 842 ab
2154 786 2301 841 omni
2322 787 2639 856 contagione
2659 786 2860 842 delicti.
2896 786 3047 842 Prius
3076 788 3219 843 dilue
3248 804 3502 859 rogamus

1916 875 1970 930 in
2011 877 2167 931 nobis
2196 891 2357 932 omne
2386 878 2528 947 quod
2561 878 2612 932 in
2642 878 2733 932 illa
2765 878 2935 932 futura
2959 876 3358 933 examinatione
3398 893 3503 947 pu-

1915 969 2121 1026 niturus
2148 985 2207 1026 es
2236 978 2334 1026 :ut
2359 985 2482 1026 cum
2526 971 2696 1040 justus
2738 969 3019 1025 adveneris
3056 968 3218 1038 judex
3247 987 3259 1023 :
3295 985 3399 1025 non
3448 968 3503 1023 in

1916 1062 2070 1118 nobis
2099 1063 2342 1119 invenias
2368 1064 2510 1132 quod
2540 1062 2886 1118 condemnes.
2935 1062 3009 1130 ἢ.
3041 1063 3233 1115 Amen.

1990 1154 2138 1208 Dicat
2169 1152 2350 1208 Presb.
2382 1153 2486 1210 Per
2513 1154 2936 1210 misericordiam
2969 1162 3110 1208 tuam
3140 1154 3285 1209 Deus
3313 1161 3502 1209 noster

1915 1242 1969 1298 in
2000 1248 2151 1313 cujus
2195 1253 2507 1316 conspectu.
2557 1243 2671 1300 Ista
2701 1256 2744 1300 ct
2771 1248 2876 1300 alia
2904 1263 2998 1315 que
3041 1255 3317 1314 sequuntur
3344 1261 3503 1316 usque

1915 1337 1986 1392 ad
2009 1338 2293 1418 orationem
2321 1355 2420 1409 que
2449 1338 2641 1393 dicitur
2668 1348 2782 1411 post
2809 1339 3039 1394 nomina.

1988 1428 2143 1483 Dicat
2170 1427 2357 1485 Prcsb.

1988 1520 2115 1577 Post
2146 1524 2374 1578 nomina.
2408 1523 2485 1580 Te
2507 1538 2797 1594 quesumus
2828 1523 2956 1581 Iesu
2979 1522 3204 1580 Domine
3232 1523 3375 1581 Deus
3412 1536 3506 1583 no-

1917 1623 2032 1671 ster
2052 1632 2067 1669 :
2086 1624 2143 1670 ut
2165 1630 2264 1671 nos
2284 1616 2372 1687 qui
2387 1616 2615 1673 ﬁdeliter
2638 1617 2995 1687 prestulamur
3015 1618 3298 1673 adventum
3323 1628 3468 1673 tuum
3488 1634 3507 1673 :

1918 1723 2024 1762 non
2043 1706 2378 1763 incurramus
2392 1710 2712 1779 supplicium
2743 1710 3149 1779 sempiternum,
3172 1726 3277 1781 quo
3303 1710 3507 1767 adven-

1918 1809 1973 1854 tu
2019 1809 2109 1855 tuo
2154 1809 2208 1856 et
2256 1801 2601 1858 offerentibus
2651 1804 2847 1859 venia:
2879 1812 2933 1861 et
2975 1804 3243 1861 defunctis
3292 1807 3507 1877 requies

204 1906 364 1965 teger
390 1896 613 1967 spiritus
644 1905 825 1954 vester
856 1913 872 1951 :
904 1898 1083 1953 anima
1099 1907 1152 1954 et
1174 1913 1367 1969 corpus
1392 1900 1509 1954 sine
1524 1899 1812 1969 querelain
1843 1882 1894 1943 Β
1918 1892 2251 1947 condonetur
2279 1902 2485 1950 eterna.
2530 1895 2604 1967 ἢ.
2636 1897 2828 1953 Amen.
2876 1894 3029 1953 Dicat
3060 1895 3244 1954 Prcsb.
3273 1898 3407 1967 Quia
3449 1908 3508 1955 tu

201 1988 443 2044 adventu
500 1990 709 2047 Domini
756 1991 929 2047 nostri
974 1990 1105 2048 Jesu
1153 1991 1355 2049 Christi
1401 1999 1667 2047 servetur.
1731 1990 1807 2061 ἢ.

205 2080 409 2136 Amen.

278 2172 437 2229 Dicat
458 2173 639 2232 Presb.
668 2176 923 2244 Dominus
950 2176 1023 2236 sit
1049 2192 1264 2250 semper
1290 2177 1589 2236 vobiscum.
1637 2179 1677 2245 ﬁ
1701 2217 1716 2234 .
1744 2178 1811 2235 Et

206 2281 340 2323 cum
368 2268 583 2338 spiritu.

216 2379 404 2436 Lectio
450 2381 631 2437 Sancti
675 2382 1269 2528 anngeii‘insﬁurdum
1316 2383 1513 2441 Lucam
1529 2366 1573 2457 ’(
1607 2382 1633 2425 ιι
1675 2383 1808 2455 Cap.

305 2543 404 2598 Illo
448 2542 504 2599 in
558 2553 812 2616 tempore.
864 2545 1111 2604 Dominus
1152 2555 1338 2605 noster
1378 2546 1537 2606 Iesus
1565 2547 1814 2606 Christus

212 2639 586 2711 interrogatus
633 2657 663 2696 a
716 2641 977 2700 Phariseis
1019 2662 1032 2700 :
1076 2645 1291 2716 quando
1356 2649 1503 2704 venit
1565 2646 1810 2717 Regnum

213 2729 357 2787 Dei?
396 2742 418 2771 ε
454 2732 749 2803 Respondit
776 2736 851 2791 eis
881 2745 935 2792 et
976 2737 1132 2794 dixit.
1164 2738 1189 2777 ἀ
1216 2738 1331 2794 Non
1359 2739 1537 2795 veniet
1567 2739 1812 2812 Regnum

221 2824 317 2879 Dei
372 2840 497 2883 cum
538 2826 946 2886 observatione:
979 2844 1079 2886 nec
1132 2830 1355 2888 dicent:
1389 2846 1515 2888 ecce
1557 2829 1686 2887 hic:
1719 2842 1813 2888 aut

225 2930 353 2973 ecce
392 2917 523 2973 illic.
569 2919 708 2975 Ecce
733 2922 878 2977 enim
909 2922 1151 2994 Regnum
1181 2923 1277 2980 Dei
1315 2923 1451 2979 intra
1479 2938 1573 2980 vos
1600 2934 1701 2981 est.
1748 2924 1816 2981 Et

230 3015 303 3069 ait
330 3014 397 3068 ad
426 3014 721 3087 discipulos
749 3032 898 3075 suos.
927 3018 1152 3076 Venient
1180 3019 1293 3075 dies
1321 3035 1339 3075 :
1367 3020 1579 3090 quando
1607 3018 1817 3076 deside-

233 3112 355 3165 retis
377 3109 564 3166 videre
587 3127 750 3169 unum
774 3113 917 3170 diem
943 3116 1034 3170 lilii
1057 3115 1322 3172 hominis:
1346 3125 1402 3172 et
1421 3130 1524 3170 non
1547 3115 1811 3171 videbitis.

223 3196 285 3253 si
328 3200 510 3257 dicent
551 3204 725 3260 vobis.
772 3205 910 3261 Ecce
941 3207 1027 3263 hic
1066 3217 1120 3264 et
1149 3222 1275 3264 ecce
1312 3208 1441 3264 illic.
1488 3186 1661 3264 Name
1689 3209 1806 3264 ire:

221 3305 390 3361 neque
418 3296 727 3352 sectemini.
755 3297 886 3353 Nam
913 3299 1048 3355 sicut
1075 3299 1254 3370 fulgur
1278 3313 1593 3357 corruscans
1618 3299 1686 3356 de
1711 3300 1810 3356 sub

222 3384 336 3439 celo
367 3403 381 3440 :
414 3386 466 3442 in
494 3403 561 3444 ea
610 3405 717 3460 que
747 3390 849 3446 sub
878 3392 996 3447 celo
1042 3401 1170 3447 sunt
1195 3392 1397 3464 fulget:
1428 3390 1501 3447 ita
1543 3393 1645 3449 erit
1672 3391 1812 3449 ﬁlius

224 3473 454 3534 hominis
482 3478 538 3535 in
569 3479 659 3536 die
683 3495 799 3536 sua.
844 3482 883 3549 ἡ
904 3523 918 3537 .
944 3485 1137 3541 Amen.

300 3565 442 3623 Dicat
483 3570 675 3629 Presb.
724 3572 985 3632 Dominus
1028 3577 1101 3633 sit
1143 3592 1357 3650 semper
1395 3570 1688 3635 vobiscum.
1733 3579 1809 3650 ti.

224 3655 296 3714 Et
317 3674 454 3717 cum.

294 3755 467 3813 Cantet
492 3760 680 3816 chorus
704 3771 729 3800 ο
749 3761 954 3818 Lauda.
974 3763 1187 3835 alleluja
1206 3764 1453 3837 Alleluja.
1494 3766 1530 3836 Ii)
1553 3806 1566 3820 .
1590 3766 1813 3836 Respice

220 3844 453 3905 Domine
489 3852 559 3906 de
586 3853 744 3910 celo:
778 3864 832 3911 et
860 3856 982 3913 vide
1008 3867 1064 3913 et
1089 3856 1244 3913 visita
1272 3859 1483 3914 vineam
1517 3860 1694 3915 istam.
1736 3858 1806 3914 Ρ.

222 3940 484 4013 Alleluia.

305 4031 462 4089 Dicat
489 4035 667 4094 Pmb.
701 4040 965 4112 Adjuvate
1008 4057 1095 4101 me
1140 4043 1333 4102 fratres
1380 4045 1434 4101 in
1480 4044 1812 4103 orationibus

213 4129 433 4184 vestris.
456 4131 555 4201 fol.
585 4130 642 4186 3.

289 4220 467 4279 Cantct
498 4225 689 4282 chorus
716 4228 737 4266 ί
765 4223 1113 4299 Sacriﬁcium.
1146 4231 1402 4303 Aparebit
1428 4232 1520 4289 tibi
1550 4232 1811 4292 Dominus

214 4316 312 4386 qui
337 4316 387 4373 in
411 4319 680 4377 charitate
706 4332 962 4393 perpetua
991 4323 1180 4380 dilexit
1220 4335 1272 4382 te
1296 4326 1445 4397 virgo
1486 4325 1649 4382 Israel
1680 4328 1812 4384 alle-

212 4410 346 4486 Iuja.
391 4416 468 4484 7.
506 4417 766 4473 Dominus
795 4419 935 4475 Deus
966 4430 1086 4476 tuus
1131 4419 1351 4476 adduxit
1397 4430 1449 4476 te
1492 4420 1559 4476 ad
1604 4421 1814 4478 miseri-

210 4507 453 4564 cordiam
498 4519 553 4566 et
580 4510 979 4569 miserationem
1008 4530 1021 4566 :
1055 4513 1230 4570 adhuc
1258 4512 1599 4571 ediﬂcaberis
1632 4525 1687 4572 et
1710 4515 1816 4576 edi.

209 4598 422 4656 ﬁcabis.
458 4598 527 4655 P.
558 4599 723 4671 Virgo
753 4599 917 4658 Israel
940 4602 1176 4676 alleluja.

281 4694 478 4751 Iliun.
526 4694 843 4767 Hilarescite
889 4712 1057 4767 queso
1106 4699 1439 4759 dilectissimi
1484 4702 1678 4760 fratres
1710 4719 1723 4757 :
1754 4712 1809 4761 et

208 4783 507 4841 letabunda
533 4800 746 4841 sursum
776 4787 1005 4844 attollite
1026 4789 1225 4858 corda;
1256 4791 1378 4861 quia
1404 4790 1515 4862 jam
1546 4794 1598 4848 in
1632 4795 1810 4864 proxi-

205 4890 297 4930 mo
323 4885 413 4932 est
444 4877 751 4946 redemptio
782 4890 958 4935 vestra
988 4897 1001 4933 :
1033 4892 1221 4952 parate
1248 4883 1323 4939 illi
1353 4884 1495 4939 viam
1536 4885 1591 4941 in
1634 4887 1811 4942 cordi-

204 4966 307 5022 bus
333 4970 575 5024 vestris:
604 4979 660 5025 ut
697 4986 763 5026 eo
789 4972 1037 5029 veniente
1062 4990 1077 5027 :
1111 4977 1525 5031 remuneremini
1572 4976 1811 5033 donariis

203 5062 587 5131 sempiternis.
634 5062 709 5133 ἢ.
744 5064 938 5120 Amen.

277 5152 446 5206 Dicat
481 5150 666 5207 Prcsb.
696 5152 797 5209 Per
832 5154 1289 5213 misericordiam.
1318 5164 1374 5211 ut
1425 5165 1584 5231 supra
1638 5158 1734 5227 fol.
1758 5156 1813 5213 5.

202 5240 366 5301 Dicat
398 5244 589 5300 Presb.
621 5246 871 5302 Oremus.
904 5244 975 5303 Et
997 5248 1183 5303 chorus
1208 5250 1261 5318 ,ἢ
1283 5288 1297 5303 .
1329 5251 1528 5321 Agyos.
1557 5257 1604 5305 et
1631 5247 1811 5305 Presb.

203 5336 347 5389 dicat
402 5335 707 5393 Ecclesiam
754 5347 994 5393 sanctam
1038 5340 1380 5397 catholicam.
1414 5340 1481 5397 Et
1505 5341 1691 5398 chorus
1735 5342 1814 5413 ti.

201 5425 405 5485 Prcsta
445 5435 636 5484 eterne
659 5429 1002 5499 omnipotens
1028 5429 1191 5487 Deus.

274 5618 305 5648 ι
338 5607 484 5679 Cap.
514 5608 586 5679 AV.
622 5608 776 5665 Vers.
808 5608 997 5668 ιιι-23.

272 5680 303 5718 δ
334 5676 479 5747 Cap,
501 5676 549 5735 Χ
568 5679 639 5735 VI
649 5680 700 5737 Ι.
727 5680 882 5737 Vers.
912 5679 1109 5737 20-24.

276 5761 305 5790 α
333 5751 633 5827 Respondit
658 5753 750 5827 eis,
774 5760 834 5827 _et
862 5752 1013 5807 dixit.
1033 5752 1111 5807 Ita
1136 5749 1190 5807 in
1222 5749 1447 5821 Graeco;
1478 5761 1534 5811 et
1564 5752 1811 5827 Vulgata,

200 5823 537 5936 furendam
562 5825 638 5877 eis
675 5824 829 5877 dixit.

349 5892 484 5936 Non
529 5894 714 5936 nonin-
744 5892 819 5936 Ita

341 5892 485 5951 Non
529 5894 715 5948 veniet.
744 5892 822 5948 Ita
869 5894 1045 5951 Graec.
1077 5903 1133 5952 et
1175 5894 1382 5971 Syriae.
1436 5898 1682 5974 Vulgata,
1710 5916 1813 5959 non

506 5990 785 6055 Panos.
830 5991 1153 6063 LXXXV.

458 6069 933 6103 w

1836 3255 1885 3319 C

1916 1999 1999 2040 es.
2029 1984 2098 2041 Ut
2126 1987 2318 2042 dictum
2344 1997 2439 2042 est.

1989 2075 2145 2132 Dicat
2180 2077 2361 2133 l’resb.

1986 2173 2070 2227 Ad
2098 2190 2292 2245 pacem.
2316 2174 2421 2230 Pax
2444 2183 2531 2231 tua
2556 2175 2884 2246 Redemptor
2908 2192 2971 2233 ac
2993 2177 3134 2234 Deus
3157 2189 3375 2236 noster:
3402 2191 3508 2250 que

1920 2273 1971 2321 te
1997 2276 2251 2322 nascente
2280 2267 2410 2322 olim
2441 2269 2767 2337 proclamata
2798 2278 2883 2325 est
2904 2270 2970 2325 ab
3000 2272 3219 2341 Angelis
3252 2289 3266 2326 :
3302 2272 3508 2327 habitet

1916 2360 1970 2414 in
2019 2360 2287 2415 mentibus
2332 2361 2566 2416 nostris:
2601 2376 2710 2431 quo
2753 2361 2870 2432 ejus
2902 2362 3023 2417 fulti
3074 2364 3322 2431 presidiis
3349 2381 3363 2418 :
3395 2379 3509 2419 me~

1916 2467 2132 2508 reamur
2174 2467 2295 2509 cum
2324 2455 2534 2510 veneris
2578 2462 2669 2509 tue
2698 2456 2941 2510 contueri
2980 2458 3308 2526 prescntiam
3340 2458 3507 2512 visio-

1916 2546 2020 2600 nis.
2067 2545 2106 2614 ιῆ
2127 2584 2141 2599 .
2169 2548 2358 2602 Amen.
2388 2543 2570 2601 Prcsb.
2601 2546 2753 2602 dicat.
2781 2547 2915 2614 Quia
2949 2556 3003 2603 tu
3031 2563 3091 2604 es
3119 2564 3245 2605 vera
3275 2564 3398 2620 pax.
3433 2548 3508 2603 Et

1918 2638 2091 2693 omnia
2122 2638 2227 2693 alia
2256 2654 2414 2710 usque
2437 2639 2642 2696 inlatio.

1990 2734 2206 2790 Inlatio.
2264 2737 2488 2806 Dignum
2516 2744 2571 2791 et
2613 2735 2818 2806 justum
2861 2745 2964 2795 est.
3016 2738 3125 2795 Nos
3170 2741 3261 2797 tibi
3311 2742 3509 2812 gratias

1916 2840 2113 2899 agere:
2135 2826 2356 2883 Domine
2377 2837 2564 2885 sancte
2590 2838 2742 2900 pater
2762 2840 2947 2887 eterne
2966 2831 3304 2902 omnipotens
3328 2835 3503 2891 Dens:

1918 2936 2013 2990 per
2044 2921 2225 2977 Jesum
2254 2921 2526 2978 Christum
2549 2922 2713 2977 ﬁlium
2747 2933 2893 2978 tuum
2926 2924 3209 2979 Dominum
3233 2934 3498 2980 nostrum.

1916 3012 2080 3083 Cujus
2130 3013 2425 3069 incarnatio
2469 3013 2617 3069 salus
2670 3014 2806 3069 facta
2849 3023 2931 3070 est
2974 3015 3195 3070 mundi:
3230 3026 3285 3071 et
3324 3015 3506 3085 passio

1918 3105 2094 3160 extitit
2120 3104 2419 3176 redemptio
2460 3106 2695 3166 hominis
2726 3107 3165 3176 procreati.'lpse
3212 3108 3373 3179 igitur
3404 3122 3507 3164 nos

1917 3198 2255 3268 omnipotens
2292 3207 2442 3267 pater
2468 3206 2758 3269 quesumus
2789 3200 3048 3268 perducat
3088 3199 3153 3255 ad
3186 3200 3447 3270 premium
3483 3218 3498 3254 :

1914 3290 2006 3361 qui
2050 3291 2279 3347 redemit
2329 3291 2396 3348 de
2436 3292 2674 3347 tenebris
2717 3292 3069 3348 infernarum.
3118 3294 3237 3363 Ipse
3283 3310 3503 3350 carnem

1917 3393 2155 3439 nostram
2180 3399 2210 3439 a
2249 3384 2471 3441 delectis
2500 3386 2766 3443 emaculet
2797 3404 2812 3441 :
2843 3388 2935 3459 qui
2983 3403 3101 3444 eam
3153 3390 3390 3461 suscepit
3435 3404 3507 3445 ex

1915 3473 2158 3548 Virgine.
2204 3478 2324 3547 Ipse
2352 3493 2451 3534 nos
2490 3478 2631 3535 lesos
2658 3487 2747 3535 tue
2790 3480 3038 3537 restituat
3065 3481 3331 3551 majestati
3365 3498 3380 3538 :
3412 3484 3509 3553 qui

1917 3584 2016 3626 nos
2070 3570 2165 3625 tibi
2210 3586 2308 3640 per
2337 3573 2652 3643 sanguinem
2697 3588 2852 3629 suum
2902 3575 3290 3633 reconciliavit.
3327 3585 3353 3623 ε
3382 3575 3502 3646 Ipse

1914 3678 2013 3719 nos
2035 3664 2254 3719 secundi
2279 3664 2538 3721 adventus
2567 3667 2965 3723 examinatione
2988 3668 3245 3738 justiﬁcet
3276 3686 3291 3734 ;
3324 3670 3413 3739 qui
3444 3670 3498 3724 in

1916 3755 2091 3825 primo
2118 3757 2343 3812 contulit
2365 3756 2561 3812 donum
2584 3760 2755 3827 gratie
2780 3774 2896 3814 sue.
2923 3760 3041 3829 Ipse
3067 3760 3132 3813 ad
3151 3760 3500 3829 judicandum

1914 3847 2091 3901 veniat
2119 3847 2261 3902 mitis
2291 3864 2305 3914 ;
2336 3848 2427 3917 qui
2457 3847 2585 3903 olim
2616 3850 2859 3917 apparuit
2902 3849 3137 3904 humilis.
3186 3848 3304 3918 Ipse
3335 3851 3386 3904 in
3413 3851 3501 3919 ju-
3570 3916 3577 3923 ε

1915 3938 2111 3996 dicium
2146 3941 2462 3996 ostendatur
2502 3940 2659 3995 nobis
2687 3942 3021 4008 mitissimus,
3069 3942 3157 4012 qui
3186 3942 3384 3997 dudum
3411 3958 3501 3998 ve-

1914 4033 1994 4089 nit
2023 4032 2264 4089 occultus
2297 4050 2311 4102 ;
2342 4034 2428 4088 cui
2454 4035 2646 4089 merito
2673 4048 2861 4090 omnes
2888 4035 3100 4106 Angeli,
3132 4044 3189 4090 et
3216 4035 3499 4108 Arcangeli
3579 4036 3590 4108 ξ

1915 4144 2020 4185 non
2066 4138 2280 4185 cessant
2327 4130 2562 4188 clamare
2607 4131 2845 4203 quotidie
2896 4133 2967 4188 ita
3022 4132 3284 4191 dicentes.
3349 4134 3506 4191 Dicat

1916 4222 2132 4278 Chorus.
2183 4224 2432 4280 Sanctus.

1986 4314 2140 4370 Dicat
2167 4314 2349 4372 Prcsb.

1992 4407 2116 4466 Post
2144 4410 2390 4468 Sanctus.
2422 4412 2560 4469 Vere
2587 4414 2817 4472 Sanctus
2842 4422 2897 4471 et
2936 4414 3201 4487 gloriosus
3244 4414 3502 4472 Dominus

1917 4513 2100 4559 noster
2140 4505 2295 4562 Jesus
2322 4506 2736 4563 Christusaﬁlius
2774 4517 2912 4562 tuus.
2947 4507 3046 4576 Qui
3097 4523 3193 4564 nos
3223 4517 3278 4564 et
3307 4509 3502 4578 prioris

1920 4598 2184 4654 adventus
2213 4594 2294 4653 sui
2340 4600 2509 4669 gratia
2562 4599 2869 4668 reparavit:
2899 4609 2954 4655 et
3002 4602 3053 4655 in
3084 4600 3316 4657 secundo
3344 4601 3503 4656 datu-

1918 4706 2036 4745 rum
2065 4705 2123 4745 se
2149 4688 2302 4744 nobis
2324 4704 2544 4760 regnum
2567 4702 2687 4745 cum
2712 4692 2913 4747 sanctis
2934 4693 3153 4763 Angelis
3171 4690 3503 4764 repromisit.

1918 4782 2032 4851 ipse
2063 4780 2319 4834 Dominus
2350 4794 2413 4835 ac
2442 4780 2769 4851 Redemptor
2798 4792 3039 4840 eternus.

1993 4875 2141 4928 Dicat
2170 4871 2350 4929 Presb.
2383 4876 2583 4930 Adesto
2608 4876 2816 4933 adesto.
2850 4889 2903 4932 ut
2929 4877 3313 4945 supra.Postea
3340 4874 3501 4930 dicat.

1992 4966 2119 5021 Post
2141 4968 2327 5038 pridie.
2359 4967 2495 5024 Veni
2546 4969 2773 5026 Domine
2802 4973 2983 5028 relaxa
3031 4971 3262 5027 facinora
3292 4978 3502 5039 nostra,

1920 5069 1975 5114 et
2004 5060 2104 5115 hec
2134 5060 2312 5115 oblata
2345 5060 2438 5116 tibi
2472 5075 2568 5131 pro
2614 5063 2744 5132 ipsis
2776 5062 3100 5120 facinoribus
3135 5059 3503 5118 benedicenda

1922 5167 2138 5208 assume
2170 5152 2447 5209 libamina.
2480 5154 2550 5210 Ut
2578 5155 2765 5211 borum
2797 5156 3136 5227 perceptione
3162 5154 3442 5223 expiamur
3469 5174 3502 5212 a

1920 5242 2145 5300 crimine
2178 5260 2192 5298 :
2224 5254 2277 5299 et
2312 5248 2384 5300 tui
2416 5245 2677 5302 adventus
2710 5248 2930 5317 gloriam
2962 5248 3062 5317 18
3088 5260 3390 5302 mereamur
3420 5248 3504 5305 in-

1922 5337 2092 5392 territi
2126 5337 2442 5407 prestolare.
2486 5339 2525 5407 ti
2546 5378 2561 5393 .
2592 5340 2782 5394 Amen.

1990 5427 2143 5496 Dicat
2174 5427 2355 5488 Presb.
2388 5431 2466 5488 Te
2488 5440 2787 5503 prestante.
2820 5438 2869 5485 et
2906 5429 3165 5491 Dominus
3195 5433 3266 5492 sit
3286 5447 3502 5506 semper

1919 5612 2072 5669 venit.

1996 5695 2019 5723 ο
2053 5685 2256 5741 Lauda.
2284 5683 2426 5741 Psal.
2462 5696 2658 5751 Lxxtx,
2688 5678 2775 5743 15'.

1998 5754 2016 5794 ί
2051 5756 2392 5833 $acriﬁcium.
2417 5754 2661 5833 Ieremia:
2693 5771 2840 5823 xxxi,
2871 5755 2925 5822 '5,
2947 5752 3002 5812 4.
3030 5831 3039 5833 _
3142 5832 3147 5833 γ
3317 5827 3333 5833 _
3484 5827 3492 5833 ν

1996 5837 2020 5875 8
2043 5827 2163 5896 Ipse
2201 5828 2544 5899 nosrsccundi
2577 5829 2822 5884 adventus
2871 5831 3266 5884 examinatione.
3317 5827 3457 5899 Lege

1922 5896 1991 5956 In
2016 5899 2223 5955 secundi
2250 5898 2493 5954 adventus
2532 5902 2903 5959 examinatione
2924 5900 3193 5971 jttstiﬁcct.

3023 5993 3075 6084 ὃ.
