4040 6356
548 314 646 376 ηπ)

1260 316 1554 384 WLB
1592 314 1865 383 Μικτωι
1906 314 2057 381 ιιι).
2100 312 2259 383 περ.
2303 318 2361 381 ο.
2406 316 2673 382 ιδωυιιι,
2716 340 2786 369 -ι
2826 316 3004 379 Phill
3044 318 3086 376 i.

3720 314 3816 376 HO

543 428 835 481 vobiscum.
869 428 933 481 Et
963 438 1135 499 postea
1162 430 1376 484 tenacia
1406 440 1597 501 corpus
1624 430 1832 485 Domini
1856 436 2010 497 super
2042 445 2127 483 cae
2152 437 2202 494 Α
2232 430 2336 500 ipsi
2368 430 2620 485 videbunt
2670 429 2895 500 gloriam
2934 427 3141 483 Domini
3170 443 3181 480 :
3213 434 3266 483 et
3294 425 3545 483 decorem
3594 424 3690 482 Del
3723 444 3818 484 no-

541 519 693 573 licem
720 519 856 572 dicat
900 520 1007 574 alta
1037 534 1175 575 uoce.
1206 520 1393 577 Fidem
1442 530 1601 589 quam
1630 522 1795 577 ccede
1834 522 2124 578 crctliinus.

541 610 696 665 Dicat
727 610 948 667 Chorus.
983 613 1264 670 Credimus
1306 614 1361 670 in
1400 631 1564 670 unum
1613 616 1783 671 Deu-
1828 626 2012 670 totant.
2058 615 2129 669 Et

541 713 664 758 tum:
692 705 850 776 faciat
879 705 997 760 illas
1026 707 1310 776 particulas
1337 725 1356 763 :
1380 719 1435 763 ut
1458 723 1618 780 supra
1642 709 1833 764 dictum
1853 710 2002 764 estin
2021 710 2131 779 prl-

538 810 625 849 ma
655 788 834 852 Missa.
866 796 937 851 Et
982 796 1163 854 Preab.
1220 801 1377 871 faciat
1433 800 1693 857 Memento
1744 817 1837 871 pro
1885 803 2027 857 riuis.
2062 800 2131 855 Et

539 887 766 959 perfecto
795 888 1009 943 simboio
1037 892 1174 945 dicat
1207 891 1386 948 Presb.
1416 894 1486 947 ad
1514 894 1838 949 Deusim'cam
1858 895 2127 965 qualiter.

507 1016 520 1053 ﬂ.
617 980 813 1035 Oratio.
847 980 1071 1037 Venisse
1098 992 1153 1040 te
1178 984 1404 1041 Domine
1430 995 1527 1057 pro
1554 996 1733 1042 nostra
1765 987 1821 1042 in
1854 987 2014 1044 torris
2040 1000 2129 1043 ss-

538 1071 655 1127 lute
711 1067 1017 1129 credimus:
1068 1084 1351 1132 venturum
1402 1086 1456 1132 te
1500 1084 1715 1150 quoque
1761 1077 1825 1134 ad
1868 1079 2130 1149 judicium

538 1163 871 1221 sustinemus
896 1181 911 1219 :
943 1179 998 1221 et
1049 1167 1169 1222 ideo
1195 1181 1317 1223 cum
1350 1168 1543 1224 liducia
1568 1184 1675 1241 que
1702 1171 1931 1227 docuisti
1956 1186 1971 1225 :
2001 1184 2131 1242 pro-

540 1252 841 1313 clamamus.
863 1271 894 1311 e
925 1256 1097 1311 terris.
1127 1257 1281 1313 Pater
1310 1268 1513 1315 noster.
1544 1260 1613 1315 Ut
1631 1278 1809 1333 supra.
1839 1261 1965 1317 Post
1998 1262 2132 1318 Uru-

550 1345 743 1400 tionem
764 1346 1087 1402 Dominicam
1116 1350 1251 1405 dicat
1280 1349 1459 1407 Presb.
1492 1351 1728 1409 Liberali
1754 1369 1783 1407 ι
1807 1355 1973 1409 malo.
2001 1352 2131 1410 Post

550 1436 692 1489 dicat
722 1436 1139 1493 benedictionem.
1177 1440 1465 1498 Humiliate
1500 1454 1595 1498 vos
1620 1443 1995 1499 benedictioni.
2027 1445 2130 1500 Do-

542 1528 725 1599 minus
750 1528 814 1582 sit
840 1545 1053 1599 semper
1080 1532 1371 1589 vobiscum;
1414 1535 1451 1603 ἡ
1472 1566 1486 1588 .
1522 1535 1590 1589 Et
1617 1545 1761 1589 cunt.

632 1621 949 1677 Benedictio.
975 1624 1249 1681 Adventus
1270 1629 1353 1681 sui
1379 1642 1474 1683 vos
1492 1628 1747 1684 Dominus
1776 1629 2132 1685 illustratione

544 1719 866 1775 sanctiiieet.
914 1720 990 1789 si.
1022 1723 1219 1775 Amen.
1258 1720 1476 1774 Vincula
1504 1729 1685 1775 vestra
1724 1720 1983 1775 dissolvat
2026 1736 2134 1775 an-

2231 523 2355 579 stri.
2384 523 2689 578 Conlortate
2738 534 2929 576 manus
2970 518 3259 574 dissolutas
3287 534 3302 573 :
3334 527 3391 575 et
3415 532 3592 590 genua
3624 517 3819 576 debilia

2234 617 2504 672 roborate.
2538 616 2707 670 Dicite
2733 611 2761 651 ἀ
2793 611 3161 683 pusillanimes
3190 610 3571 666 confortamini
3602 628 3613 663 :
3643 619 3699 666 et
3725 628 3822 667 no-

2232 710 2326 766 lite
2371 710 2579 764 timere.
2630 708 2767 763 Ecce
2798 716 2821 744 ε
2869 706 3011 761 Deus
3054 714 3235 759 noster
3283 704 3542 759 ultionem
3594 702 3824 760 adducet

2234 801 2647 857 retributionis:
2680 800 2820 855 Deus
2848 800 2964 869 ipse
2985 796 3161 854 veniet
3186 804 3241 853 et
3266 794 3495 851 salvabit
3523 808 3641 851 nos.
3672 794 3821 851 Tunc

2234 897 2541 966 aperientur
2569 892 2711 950 oculi
2738 905 2986 950 eccorum
3014 909 3027 945 :
3057 903 3110 948 et
3156 904 3314 947 aures
3342 888 3627 945 surdorum
3661 896 3814 960 pate-

2235 988 2383 1044 bunt.
2434 987 2584 1043 Tunc
2630 986 2783 1043 saliet
2826 986 2965 1041 sicut
3005 994 3199 1040 cervus
3248 982 3503 1037 claudus:
3534 990 3591 1037 et
3640 994 3818 1049 aperta

2234 1080 2336 1135 erit
2368 1080 2549 1151 lingua
2600 1088 2891 1134 mutorum.
2942 1076 3078 1144 Quia
3124 1077 3291 1132 scisse
3336 1082 3460 1130 sunt
3503 1076 3557 1129 in
3606 1078 3819 1129 deserto

2233 1185 2408 1243 sque:
2439 1181 2494 1226 et
2542 1179 2808 1226 torrentes
2847 1169 2903 1224 in
2928 1168 3231 1224 solitudine.
3268 1168 3332 1223 Et
3381 1179 3486 1238 que
3515 1170 3630 1222 erat
3678 1164 3820 1220 arida

2235 1264 2293 1319 in
2321 1276 2565 1335 stagnum
2601 1280 2613 1316 :
2649 1272 2700 1317 ct
2731 1262 2920 1318 sitiens
2962 1261 3017 1316 in
3046 1260 3226 1317 fontes
3255 1272 3534 1330 aquarum.
3586 1255 3641 1311 ln
3676 1252 3821 1311 eniti.

2235 1354 2376 1411 libus
2420 1355 2476 1409 in
2521 1354 2717 1424 quibus
2747 1353 2896 1423 prius
2938 1352 3198 1408 dracones
3242 1349 3820 1405 habitabantmrietur

2234 1447 2378 1503 viror
2423 1446 2614 1503 calami
2656 1453 2709 1501 et
2751 1444 2938 1514 junci:
2975 1442 2994 1483 τ
3026 1453 3079 1501 et
3124 1444 3228 1498 erit
3273 1442 3346 1497 ibi
3375 1441 3606 1497 semita:
3641 1446 3698 1495 et
3744 1440 3823 1493 vis

2236 1549 2424 1596 sancta
2447 1536 2747 1593 vocabitur.
2780 1535 2896 1591 Non
2923 1532 3173 1590 transibit
3196 1546 3292 1604 per
3315 1546 3433 1588 eam
3465 1532 3700 1602 pollutus
3726 1546 3737 1582 :
3769 1538 3820 1586 et

2234 1632 2340 1688 bec
2378 1631 2482 1686 erit
2529 1629 2683 1685 vobis
2729 1628 2930 1683 directa
2957 1626 3082 1683 via:
3114 1627 3184 1680 ita
3231 1633 3284 1681 et
3312 1623 3461 1680 stulti
3506 1637 3614 1678 non
3644 1631 3823 1678 errent

2237 1741 2332 1796 per
2358 1739 2497 1782 eam.
2527 1722 2641 1778 Non
2672 1723 2777 1777 erit
2806 1720 2877 1777 ibi
2904 1721 3030 1776 leo:
3061 1729 3115 1774 et
3140 1718 3278 1773 mala
3306 1716 3475 1772 bestia
3507 1728 3613 1770 non
3636 1727 3823 1770 ascen-

545 1820 760 1881 tequatlt
786 1813 985 1869 veniat.
1028 1814 1101 1882 ἡ.
1128 1816 1319 1868 Amen.
1358 1812 1423 1868 Ut
1450 1812 1659 1868 liberati
1689 1828 1719 1867 a
1749 1812 1975 1868 vinculis
2016 1828 2135 1881 pcc-
2160 1812 2213 1877 B
2239 1816 2330 1873 det
2357 1830 2455 1886 per
2482 1830 2600 1871 eam
2628 1833 2642 1867 :
2671 1827 2773 1868 nec
2794 1813 3091 1867 invenietur
3117 1810 3211 1865 ibi.
3245 1808 3313 1864 Et
3356 1807 3710 1862 ambulabunt
3734 1806 3821 1876 qui

545 1912 833 1958 calorum:
882 1905 1111 1960 interriti
1168 1905 1460 1976 expectetis
1510 1905 1628 1976 ejus
1684 1906 1993 1963 adventum.
2056 1907 2128 1976 ἡ.

546 1999 743 2051 Amen.
790 1996 892 2052 Per
922 1998 1348 2053 misericordiam
1382 1999 1547 2066 ipsius
1579 1998 1672 2054 Dei
1701 2000 1868 2054 nostri
1896 2016 1913 2055 :
1943 1999 2035 2070 qui
2054 2002 2133 2055 vi-

541 2090 623 2142 vit
643 2096 698 2144 et
717 2090 894 2144 omnia
918 2091 1054 2162 regit
1074 2091 1128 2145 in
1156 2092 1333 2147 secula
1350 2093 1681 2148 seculorum.
1721 2094 1759 2161 r3
1780 2130 1796 2147 .
1817 2094 2009 2148 Amen.
2040 2092 2133 2146 Di-

548 2191 631 2235 cat
684 2180 867 2237 l’resb.
900 2183 1171 2251 Dominus
1200 2184 1269 2238 sit
1310 2200 1523 2254 semper
1550 2183 1847 2242 vobiscum.
1897 2185 1966 2240 Et
2014 2196 2136 2240 tunc

541 2275 679 2329 dicat
710 2274 926 2331 Chorus.
958 2276 1181 2334 Gustata
1209 2287 1263 2332 et
1291 2277 1577 2334 videte.’Et
1604 2279 1689 2333 hic
1713 2280 1868 2349 faciat
1899 2279 2127 2335 Memen-

544 2374 599 2420 to
642 2383 735 2435 pro
776 2368 1011 2422 mortuis.
1054 2376 1101 2421 et
1133 2378 1245 2437 post
1274 2367 1533 2423 Memento
1566 2370 1705 2424 dicat
1732 2371 1852 2425 illas
1880 2372 2135 2425 orationes

541 2476 637 2533 que
670 2460 801 2517 dicte
819 2472 934 2517 sunt
962 2464 1014 2515 in
1051 2478 1093 2517 ι.
1125 2460 1308 2518 Missa.
1339 2462 1403 2517 Et
1430 2473 1601 2518 sumat
1625 2478 1813 2532 corpus
1839 2472 1887 2517 et
1927 2464 2136 2533 sangui-

543 2571 661 2609 nem
688 2571 707 2609 :
735 2564 781 2609 et
808 2556 900 2608 hoc
928 2555 1064 2624 facto
1094 2556 1227 2608 dicat
1274 2553 1456 2609 Prcsb.
1494 2557 1753 2609 orationes
1783 2563 1838 2606 ut
1877 2554 1930 2607 in
1971 2554 2135 2622 prima

546 2646 737 2702 Missa.
781 2645 851 2699 Et
896 2647 949 2699 in
978 2647 1084 2716 fine
1109 2646 1353 2700 orationis
1394 2646 1553 2699 dicat.
1585 2646 1685 2701 Per
1713 2644 2135 2701 misericordiam

547 2752 693 2797 tuam
720 2741 860 2798 Deus
887 2750 1069 2799 noster
1095 2742 1183 2812 qui
1212 2757 1273 2798 es
1304 2741 1613 2797 benedictus
1638 2759 1655 2802 ε
1681 2752 1736 2797 et
1763 2739 1896 2797 vivis
1926 2750 1981 2794 et
2021 2755 2138 2795 om-

546 2833 633 2889 nia
664 2835 805 2905 regis
850 2834 904 2887 in
935 2834 1113 2889 secula
1141 2834 1470 2890 seculorum.
1528 2834 1567 2903 ἡ
1589 2869 1603 2886 .
1636 2833 1829 2890 Amen.
1880 2833 2136 2888 Dominus

547 2926 621 2979 sit
665 2939 880 2995 semper
919 2923 1214 2980 vobiscum.
1260 2926 1334 2994 ἢ.
1391 2925 1629 2981 Etcum.
1682 2924 1937 2979 Solcnnia
1982 2937 2135 2979 com-

547 3017 687 3086 pleta
718 3024 844 3072 sunt
887 3018 940 3073 in
987 3018 1203 3075 nomine
1250 3018 1459 3073 Domini
1509 3018 1679 3073 nostri
1723 3016 1850 3073 Jesu
1891 3015 2133 3072 Christi:

548 3119 735 3166 votum
762 3118 1005 3166 nostrum
1035 3110 1109 3165 sit
1136 3121 1412 3181 acceptum
1441 3126 1563 3167 cum
1592 3126 1742 3182 pace.

632 3204 673 3273 ἢ
694 3241 708 3258 .
744 3202 963 3258 Chorus.
992 3202 1104 3259 Deo
1124 3206 1341 3274 gratias.

618 3337 687 3395 IN
724 3337 954 3396 SEXTO
994 3336 1316 3396 DOMINICO
1354 3334 1444 3395 DE
1485 3332 1810 3397 ADVENTU
1854 3334 2107 3397 DOMINI.

1196 3456 1220 3491 ³
1242 3450 1492 3524 Officium.

620 3560 850 3630 Sanctus
877 3563 1136 3621 Dominus
1166 3563 1309 3622 Deus
1352 3565 1712 3635 omnipotens.
1768 3567 1872 3635 Qui
1918 3576 2031 3623 erat
2082 3575 2138 3623 et

550 3664 635 3712 est
663 3660 714 3711 et
742 3664 997 3713 venturus
1026 3666 1108 3712 est
1138 3656 1354 3729 alleluia
1374 3658 1604 3728 alleluja.
1637 3657 1662 3697 ι)
1697 3659 1732 3727 ᾖ
1757 3697 1771 3712 .
1794 3660 1934 3715 Deus
1965 3660 2138 3714 inani-

546 3743 688 3801 i'este
717 3746 897 3803 veniet
921 3764 934 3801 :
968 3745 1110 3803 Deus
1134 3758 1314 3803 noster
1338 3758 1392 3804 et
1418 3763 1524 3804 non
1552 3748 1750 3806 silebit.
1776 3748 1844 3803 P.
1872 3749 1973 3819 Qui
2001 3760 2135 3806 erat.

563 3832 602 3908 Ῡ
627 3877 641 3892 .
671 3836 854 3895 Gloria
888 3848 942 3894 et
971 3836 1148 3896 honor
1177 3841 1321 3896 Patri
1350 3850 1404 3897 et
1449 3839 1587 3896 Filio
1611 3851 1665 3897 et
1693 3841 1911 3913 Spiritui
1942 3842 2138 3899 Sancto

552 3932 609 3988 in
636 3932 817 3990 secula
848 3935 1151 3991 seculorum
1180 3949 1358 3990 amen.
1394 3934 1462 3992 Ρ.
1494 3934 1595 4004 Qui
1622 3945 1755 3991 erat.

628 4024 828 4081 Oratio.
859 4020 999 4083 Deus
1022 4028 1113 4097 qui
1138 4043 1232 4097 per
1262 4028 1544 4097 Augeiicos
1566 4028 1789 4084 Chorus.
1815 4029 1909 4098 fol.
1940 4031 1991 4084 ί.

684 4110 858 4175 Lectio
885 4116 1001 4174 libri
1032 4116 1203 4190 Esaye
1233 4120 1473 4190 praphete
1505 4122 1553 4193 (ο
1582 4121 1709 4189 Cap.
1745 4120 2004 4191 XXXV).

643 4214 680 4281 tit
703 4252 717 4267 .
751 4213 861 4267 Deo
895 4210 1111 4281 gratias.

628 4304 739 4359 Hec
768 4302 898 4358 dicit
929 4304 1212 4360 Dominus.
1247 4304 1514 4361 Letabitur
1544 4304 1751 4361 deserta
1779 4314 1833 4359 et
1862 4306 2002 4361 invia
2035 4323 2049 4359 :
2081 4314 2135 4363 et

558 4392 821 4451 exultabit
863 4393 1133 4450 solitudo:
1168 4404 1224 4451 et
1266 4390 1477 4452 ﬂorebit
1505 4398 1654 4466 quasi
1700 4398 1890 4455 lilium.
1924 4397 2136 4454 Germi-

562 4503 695 4542 nans
725 4488 1043 4557 germinabit
1072 4500 1083 4541 ξ
1114 4496 1169 4544 et
1193 4489 1450 4545 exultabit
1497 4484 1779 4545 letabunda
1810 4500 1863 4547 et
1894 4491 2135 4548 laudans.

2237 1908 2448 1965 liberati
2497 1905 2696 1963 fuerint
2723 1913 2779 1961 et
2809 1903 3069 1972 redempti
3096 1917 3125 1955 a
3157 1900 3401 1956 Domino.
3428 1909 3454 1947 ι
3487 1898 3816 1955 Converten-

2236 2011 2325 2057 tur
2353 2010 2407 2056 et
2451 2000 2664 2055 venient
2693 2018 2705 2053 :
2736 2008 2789 2051 et
2821 1995 3114 2051 laudabunt
3144 1993 3428 2049 Dominum
3461 1993 3516 2048 in
3544 1991 3675 2048 Sion
3703 2007 3818 2047 cum

2236 2090 2394 2147 laude
2421 2107 2435 2145 :
2460 2098 2517 2143 et
2538 2089 2705 2145 letitla
2728 2088 3056 2156 sempiterna
3084 2098 3243 2153 super
3262 2094 3422 2155 caput
3447 2096 3653 2139 eorum.
3685 2083 3820 2136 Gau-

2236 2182 2380 2237 dium
2410 2192 2463 2236 et
2484 2180 2713 2236 leticiam
2743 2178 3078 2234 obtinebunt.
3110 2175 3179 2231 Et
3211 2176 3373 2247 fugiet
3403 2175 3557 2231 dolor
3584 2184 3639 2232 et
3658 2175 3819 2246 gemi-

2238 2283 2346 2328 tus.
2395 2272 2431 2339 ἡ
2454 2307 2469 2323 .
2500 2273 2695 2326 Amen.

2312 2363 2465 2417 Dicat
2498 2361 2681 2417 Presb.
2726 2362 2981 2417 Dominus
3025 2361 3098 2417 sit
3142 2374 3357 2432 semper
3399 2358 3700 2417 vobiscum.
3749 2364 3818 2428 tt.

2238 2460 2304 2513 Et
2333 2471 2477 2513 cum.

2308 2546 2335 2584 ιι
2368 2546 2670 2602 Psallendo.
2693 2545 2997 2615 Suscipiant
3019 2544 3246 2601 Domine
3275 2554 3482 2600 montes
3512 2544 3526 2580 ί
3563 2552 3619 2599 et
3648 2543 3815 2599 colles

2236 2639 2437 2711 populo
2484 2647 2575 2693 tuo
2600 2653 2785 2710 pacem
2813 2638 3079 2707 justitiam
3109 2654 3125 2692 ε
3159 2635 3173 2689 i
3206 2636 3467 2708 iudicabit
3504 2649 3705 2708 egenos
3736 2652 3822 2705 po-

2237 2733 2382 2803 pulo.
2417 2729 2444 2769 ¹ι
2478 2730 2746 2787 Utsalves
2774 2730 2913 2786 illius
2956 2741 3271 2799 pauperum.
3318 2727 3334 2767 ι
3380 2729 3456 2798 7.
3498 2727 3641 2783 Deus
3687 2727 3823 2796 judi-

2237 2826 2380 2880 cium
2408 2833 2557 2879 tuum
2590 2833 2630 2860 ω
2657 2823 2798 2879 dona
2831 2822 2999 2892 Regi;
3033 2830 3085 2876 et
3110 2822 3373 2891 justitiam
3402 2830 3546 2875 tuam
3579 2819 3690 2874 lilio
3723 2820 3819 2875 lic-

2237 2918 2319 2989 gis
2346 2934 2359 2971 :
2396 2927 2451 2971 ut
2473 2915 2673 2987 jndicet
2708 2914 2959 2985 populum
2990 2923 3136 2968 tuum
3158 2928 3280 2969 eum
3303 2912 3516 2981 justicia
3545 2921 3606 2969 et
3636 2926 3825 2984 paupe-

2239 3024 2329 3065 res
2357 3018 2474 3063 tuos
2504 3008 2557 3062 in
2588 3006 2813 3077 judicio.
2850 3004 2916 3059 P.
2946 3004 3014 3061 Ut
3041 3006 3217 3061 salvos
3242 3004 3402 3061 illius.

2311 3103 2671 3159 Dimt'Prcsb.
2716 3103 2996 3160 Silentium
3028 3102 3209 3159 incito.

2163 3178 2209 3245 Β
2246 3216 2521 3288 Sequentia
2550 3215 2784 3287 Epistole
2804 3215 2961 3288 Pauli
2991 3216 3226 3288 Apostoli
3254 3217 3321 3269 ad
3346 3213 3826 3273 Thessalonicensis

2818 3294 2866 3357 (ιι
2888 3286 2973 3343 ιι.
2991 3286 3118 3358 Cap.
3143 3285 3206 3341 tt
3222 3288 3261 3357 ).

2333 3380 2369 3448 ἰῇ
2393 3420 2405 3433 .
2444 3380 2553 3435 Deo
2573 3382 2792 3449 gratias.
3062 3430 3063 3433 η

2317 3473 2535 3528 Fratres
2564 3487 2813 3543 rogamus
2843 3486 2937 3527 vos
2969 3487 3061 3541 per
3091 3471 3381 3528 adventum
3409 3470 3623 3528 Domini
3650 3472 3823 3528 nostri

2244 3567 2369 3623 Jcsu
2404 3568 2602 3623 Christi
2643 3576 2695 3621 ct
2736 3575 2917 3621 no.~.tre
2964 3567 3391 3637 congregationis
3427 3566 3479 3621 in
3525 3566 3742 3636 ipsum;
3773 3571 3831 3619 ut

2243 3677 2349 3716 non
2374 3661 2480 3715 cito
2529 3661 2851 3715 moveamiui
2878 3673 2907 3714 a
2936 3669 3113 3716 vestro
3160 3676 3363 3716 sensu:
3397 3675 3568 3730 neque
3621 3668 3834 3715 terrea.

2244 3753 2396 3807 mini.
2444 3751 2626 3820 Neque
2672 3766 2767 3821 per
2815 3752 3062 3821 spiritum
3091 3766 3107 3806 :
3134 3768 3307 3822 neque
3339 3767 3432 3822 per
3473 3765 3779 3807 sermonem
3816 3766 3831 3805 :

2244 3858 2418 3914 neque
2470 3858 2565 3913 per
2614 3844 2892 3911 epistolam
2926 3860 2939 3898 :
2975 3854 3229 3914 tanquam
3283 3861 3377 3915 per
3419 3859 3516 3899 nos
3563 3844 3828 3899 missam:

2242 3937 2392 4006 quasi
2440 3933 2603 3991 instet
2649 3935 2766 3991 dies
2816 3935 3047 3990 Domini.
3081 3936 3157 3990 Ne
3188 3936 3305 4005 quis
3335 3951 3427 3991 vos
3459 3937 3679 3991 sadueat
3724 3935 3832 3990 ullo

2243 4028 2423 4085 modo.
2470 4030 2731 4095 Quoniam
2783 4028 2883 4083 nisi
2918 4028 3127 4083 venerit
3170 4028 3428 4083 discessio
3480 4028 3708 4099 primum
3739 4045 3753 4081 :
3781 4036 3833 4083 et

2242 4121 2511 4175 revelatus
2542 4119 2702 4175 luerit
2732 4119 2894 4175 homo
2940 4119 3145 4189 peccati
3174 4119 3279 4190 ιο
3306 4118 3448 4174 ﬁlius
3492 4117 3833 4187 perditionis.

2244 4213 2331 4282 qui
2357 4213 2667 4267 adversatur
2702 4220 2756 4267 et
2778 4211 3052 4267 extollitur
3080 4224 3242 4281 supra
3272 4224 3433 4265 omne
3466 4209 3607 4280 quod
3634 4210 3835 4265 dicitur

2243 4304 2384 4358 Deus
2411 4322 2424 4357 :
2447 4312 2537 4357 aut
2563 4304 2701 4373 quod
2732 4303 2928 4358 colitur
2953 4318 2966 4356 :
2991 4304 3064 4357 ita
3095 4312 3152 4356 ut
3172 4302 3227 4356 in
3258 4301 3458 4371 templo
3483 4300 3580 4355 Det
3607 4307 3833 4355 sedeat:

2245 4396 2531 4453 ostendens
2561 4412 2621 4451 se
2654 4406 2904 4467 tanquam
2950 4396 3018 4451 sit
3050 4397 3210 4450 Deus.
3260 4393 3376 4449 Non
3419 4392 3661 4448 retinetis
3689 4391 3838 4461 quod

2245 4506 2363 4546 cum
2395 4505 2632 4545 essemus
2663 4489 2799 4559 apud
2830 4504 2926 4546 vos
2955 4506 2969 4545 :
2995 4489 3095 4545 ltec
3119 4488 3362 4545 dicebam
3385 4488 3538 4542 vobis
3560 4487 3582 4541 ἵ
3604 4486 3667 4540 Et
3689 4498 3839 4541 nunc

558 4572 739 4636 Gloria
784 4572 971 4638 Libani
1000 4578 1120 4638 data
1150 4594 1234 4640 est
1260 4585 1309 4640 ei
1343 4602 1357 4639 :
1392 4583 1555 4640 decor
1584 4583 1813 4641 Carmeli
1863 4594 1913 4642 et
1942 4584 2133 4643 Saron.
2166 4581 2218 4643 D
2243 4586 2367 4658 quid
2398 4584 2633 4641 detineat
2678 4585 2864 4663 scitis:
2898 4593 2956 4640 ut
3002 4585 3271 4640 reveletur
3316 4583 3370 4637 in
3421 4594 3518 4636 suo
3566 4587 3833 4649 tempore.

634 4750 659 4775 τι
690 4739 955 4810 Officium.
988 4736 1207 4807 Apocal.
1243 4755 1317 4807 tv,
1350 4740 1402 4795 8.

629 4810 658 4849 ¹²
712 4812 748 4877 ἢ
773 4856 786 4869 .
820 4811 960 4866 Psal.
998 4828 1147 4877 sus,
1174 4810 1230 4865 5.

636 4894 657 4921 ο
692 4880 819 4951 Cap.
852 4880 1087 4936 XXXV.
1124 4883 1270 4951 Vers.
1306 4881 1461 4936 l—lO.

634 4946 1085 5025 d_l_’usillanimes.
1134 4950 1205 5025 Ita
1257 4951 1419 5007 LXX.
1465 4946 1719 5021 Vulgata,
1771 4954 2140 5025 pusillanimis,

561 5021 774 5094 Citald.,
808 5023 1004 5094 festinis
1035 5022 1205 5077 corde.

638 5102 662 5131 ο
712 5088 850 5148 Deus
891 5104 1200 5150 noster......
1240 5102 1286 5147 et
1324 5088 1535 5147 saltabit
1578 5104 1689 5148 nos.
1739 5095 1810 5149 Ita
1864 5094 2025 5151 LXX.
2076 5097 2144 5151 At

565 5161 720 5231 Vulg.
745 5173 797 5217 et
824 5164 1036 5230 Chald.,
1076 5165 1208 5219 Deus
1236 5172 1483 5221 vestem...
1516 5176 1563 5218 et
1592 5166 1804 5220 saluabit
1827 5185 1938 5221 nos.

642 5231 661 5270 ί
697 5224 765 5284 Et
795 5236 887 5284 erit
914 5237 1002 5284 ibi.
1034 5232 1250 5284 Vulgata
1280 5254 1292 5284 ε
1324 5244 1371 5284 et
1414 5235 1507 5284 erit
1551 5236 1622 5284 ibi
1658 5238 1856 5284 semita-
1891 5248 1937 5284 ρι
1968 5238 2013 5284 ni

642 5232 661 5270 τ
697 5232 765 5285 Et
795 5236 887 5287 erit
914 5237 1002 5289 ibi.
1034 5232 1250 5306 Vulgata
1280 5254 1291 5266 ν
1324 5244 1371 5289 et
1414 5235 1507 5287 erit
1551 5236 1622 5288 ibi
1658 5238 1857 5301 semita,
1891 5248 1937 5292 et
1968 5238 2065 5303 via,
2096 5247 2142 5290 et

563 5305 647 5358 uia
671 5306 1156 5386 sanctavocabitur.
1188 5278 1329 5361 LXX
1363 5307 1501 5386 :__erit
1519 5304 1634 5386 illic
1650 5307 1735 5386 _via
1756 5325 1903 5377 pura,
1928 5309 2144 5386 viasau:

564 5383 649 5429 uta
678 5373 949 5446 vocabitur.
983 5372 1192 5431 Missale
1231 5376 1435 5431 accedit
1467 5375 1532 5429 ad
1566 5372 1861 5446 vulgatam,
1891 5372 1983 5433 Sed
2012 5372 2145 5433 Illud

564 5446 647 5499 via
672 5457 779 5516 non
809 5442 1124 5513 duplicatur,
1158 5448 1207 5500 in
1247 5463 1350 5516 quo
1377 5462 1497 5500 cum
1531 5442 1969 5503 LXX'convenit.

640 5524 664 5562 s
690 5514 1070 5581 Convertentur,
1099 5524 1148 5570 et
1174 5514 1388 5584 uenient,
1422 5526 1470 5569 et
1490 5516 1769 5571 laudabunt
1796 5518 2075 5573 Dominum
2093 5521 2147 5575 in

564 5585 699 5659 Sion
739 5601 854 5638 cum
893 5586 1067 5659 laude.
1092 5586 1350 5659 AVAulgata
1388 5596 1443 5643 et
1487 5588 1678 5659 Cbald.
1713 5605 1741 5659 :_
1761 5589 1830 5641 Et
1870 5591 2065 5643 uenient
2096 5592 2148 5645 in

566 5656 699 5711 Sion
734 5672 849 5711 cum
883 5657 1058 5727 laude.
1087 5652 1372 5714 ωιιῑεοεε
1398 5658 1593 5727 uenient
1628 5658 1682 5713 in
1713 5654 1843 5714 Sion
1871 5676 1986 5714 cum
2008 5662 2149 5727 flati-

566 5728 664 5803 tia.
701 5727 954 5803 Syria_c._:
984 5726 1052 5781 Et
1097 5728 1448 5803 ingredientur
1473 5724 1793 5803 inmunem;
1821 5747 1934 5784 cum
1960 5726 2147 5803 gloria.

568 5790 759 5862 ﬂebit;
791 5797 855 5855 ad
887 5792 1123 5857 litteram
1151 5790 1174 5854 ἶ
1199 5796 1269 5854 Et
1296 5800 1495 5856 venient
1535 5800 1591 5855 in
1616 5798 1750 5857 Sion
1774 5801 1828 5858 in
1870 5790 2145 5872 prticonio.

2245 4742 2297 4797 in
2342 4742 2525 4797 barum
2558 4736 2721 4807 nulla,
2759 4752 2930 4812 neque
2960 4738 3012 4795 in
3058 4739 3280 4797 Arabica
3314 4734 3735 4812 versio._ie,_nec
3782 4739 3839 4812 i_n

2248 4814 2580 4869 versionibus
2623 4806 3010 4870 recentioribus
3037 4813 3381 4868 inveniuntur
3409 4806 3579 4867 verba
3599 4806 3693 4865 illa
3726 4826 3741 4864 :
3774 4806 3839 4864 Et

2244 4885 2526 4939 laudabunt
2556 4883 2855 4937 Dominum.

2316 4951 2343 4992 *-
2376 4955 2672 5008 Psallendo.
2710 4956 2846 5009 l’sal.
2873 4970 3015 5017 Lxxt,
3048 4956 3101 5022 3,
3129 4954 3180 5007 ιι.

2324 5023 2337 5063 ί
2374 5025 2439 5077 Et
2472 5027 2643 5079 colles.
2680 5026 2773 5079 llic
2800 5042 2949 5079 error
2983 5016 3391 5095 typograplticus
3421 5021 3648 5095 subesse
3679 5021 3833 5077 Vide-

2249 5106 2353 5149 tur.
2400 5095 2575 5149 italico
2607 5112 2619 5149 :
2654 5095 2947 5164 Suscipiunt
2980 5093 3173 5165 montes
3213 5110 3388 5165 pacem
3426 5093 3615 5165 populo
3645 5100 3763 5159 tuo,
3790 5100 3836 5146 et

2245 5168 2399 5221 colles
2417 5167 2701 5237 justitiam.
2736 5162 2874 5220 LXX
2906 5176 2959 5220 et
2990 5162 3221 5235 Vulgata
3239 5162 3439 5220 habent
3469 5162 3707 5219 :Patem
3743 5178 3841 5233 po-

2245 5238 2369 5307 pulo
2393 5245 2440 5292 et
2471 5238 2629 5303 colles
2640 5238 2921 5307 justitiam.

2321 5308 2333 5357 i
2373 5304 3088 5389 Jutlicabit'egettosnpopulo.
3126 5306 3305 5389 \'ulg.,
3348 5305 3488 5361 LXX
3516 5313 3582 5389 [et
3609 5304 3841 5389 Cha!th

2244 5396 2492 5449 pauper-rs
2528 5374 2728 5448 populi.
2760 5378 2813 5431 in
2847 5374 3053 5443 Graeco,
3088 5374 3341 5431 mendicos
3371 5376 3587 5449 pepuli.
3610 5374 3796 5430 Italica
3818 5414 3835 5442 ,

2246 5448 2296 5502 in
2327 5465 2419 5502 sua
2441 5450 2645 5517 justitia
2666 5449 2921 5519 Judicabit
2954 5464 3200 5518 pauperes
3228 5450 3383 5517 hujus
3413 5448 3607 5520 populi.

2324 5519 2349 5555 κ
2387 5519 2455 5573 Ut
2487 5521 2669 5575 solves.
2725 5520 2963 5589 Vulgata,
3009 5520 3210 5583 Italica,
3246 5518 3387 5573 LXX
3422 5533 3435 5571 :
3472 5518 3538 5569 Et
3564 5516 3735 5570 salvas
3759 5516 3813 5588 fot

2655 5560 2669 5575 ο
2732 5542 2963 5583 vmgzua,
3009 5542 3210 5583 Ιιίιιιω,
3246 5542 3387 5573 una
3422 5542 3435 5571 ἰ
3472 5542 3538 5569 ΕΙ
3564 5542 3735 5570 δαινυσ
3759 5542 3840 5583 ιη’

2254 5591 2346 5664 ciet
2375 5591 2507 5658 ﬁlios
2538 5602 2838 5664 pauperum.
2857 5590 3078 5664 Atllt_ald.,
3105 5590 3244 5659 filios
3273 5591 3597 5644 miserorum.

2329 5660 2347 5700 1
2392 5664 2425 5730 Ῡ
2451 5701 2463 5716 .
2498 5660 2816 5728 ΡηΙίιιιι,
2851 5662 2903 5727 l,
2933 5661 2989 5716 2.

2328 5744 2365 5770 ω
2395 5728 2724 5802 Donallegi.
2758 5729 3136 5802 Vulg.,_LXX,
3164 5730 3306 5801 ιιιιι..
3338 5729 3470 5801 Regi
3490 5728 3581 5784 άοο

2326 5812 2355 5843 ιι
2381 5802 2509 5876 Cap.
2540 5800 2627 5859 tt.
2653 5792 2805 5860 von.
2836 5792 2987 5860 ιῑιισ
