4040 6356
234 404 332 467 με

942 390 1237 481 MISSALE
1277 387 1552 451 MIXTUM
1591 384 1735 447 SbC.
1782 387 1941 446 ΠΕΟ.
1984 387 2044 445 Β.
2086 386 2351 447 lSlDORI.
2393 420 2462 435 —-
2501 388 2679 449 PARS
2718 380 2756 449 1.

3411 387 3510 447 ﬂii

257 533 297 562 ἰ
331 517 615 592 Sequentia
651 512 1074 592 Epistqle_1_’auli
1100 513 1331 592 Apostoli
1357 512 1425 567 ad
1451 508 1790 566 Timotheum.
1854 516 1908 577 Α
1932 520 2073 563 eam.
2122 508 2186 564 Et
2214 510 2304 578 qui
2344 508 2456 564 odit
2492 508 2727 563 animam
2771 521 2923 562 suam
2956 506 3009 563 in
3038 507 3140 563 hoc
3185 509 3385 565 mundo
3415 528 3428 564 :
3460 513 3512 568 in

801 584 853 657 (δ
877 584 964 654 Il,
994 603 1111 657 cap.
1141 582 1251 656 Il).

295 701 646 761 Cltarissime.
676 699 993 775 Confortare
1022 697 1074 752 in
1098 695 1265 770 gratia
1291 689 1393 765 que
1417 701 1502 750 est
1528 693 1581 748 in
1611 689 1827 748 Christo

234 800 347 858 Jesu
377 815 393 853 :
419 811 525 869 que
566 794 764 851 audisti
793 808 823 848 a
854 807 943 849 me
968 806 1065 864 per
1092 790 1289 847 multos
1329 799 1514 846 teStes.
1542 787 1652 844 Hec
1681 802 1828 844 com-

235 892 415 949 menda
447 890 705 945 lidelibus
727 884 1034 943 bomi‘nibus
1055 882 1145 955 qui
1173 893 1195 921 ο
1226 882 1403 939 idonei
1425 890 1551 938 sunt
1579 901 1590 936 :
1621 892 1676 938 et
1695 881 1826 938 alios

1926 599 2088 655 vitam
2125 598 2674 673 eternamhinveniet
2726 614 2866 656 eam.
2917 599 2974 657 Si
3018 601 3138 668 quis
3184 601 3315 657 mihi
3360 604 3517 660 mini-

1926 701 2061 748 Strat
2084 710 2097 747 :
2124 708 2210 749 me
2258 702 2546 763 sequatur:
2572 701 2627 747 et
2666 692 2755 747 ubi
2788 707 2903 748 sum
2951 708 3081 763 ego:
3116 694 3222 749 illic
3259 703 3313 749 et
3359 697 3517 754 mini.

1926 795 2038 843 ster
2061 800 2211 841 meus
2238 787 2356 841 erit.
2377 785 2430 842 Si
2453 786 2571 856 quis
2599 785 2727 839 mihi
2752 785 3165 842 ministraverit:
3187 786 3515 846 honorifica-

1926 877 2005 939 bit
2047 892 2170 934 eum
2206 879 2359 933 Pater
2403 893 2574 933 meus.
2626 877 2794 933 Amen
2822 892 2976 933 amen
3023 879 3143 934 dico
3181 881 3333 935 vobis
3366 898 3377 935 :
3410 895 3518 940 non

1927 982 2009 1028 est
2036 987 2224 1028 servus
2252 972 2427 1041 major
2462 972 2687 1026 Domino
2726 986 2843 1026 suo.
2873 971 3057 1039 Neque
3086 972 3372 1041 Apostolus
3403 990 3516 1029 ma-

1923 1065 2012 1138 jor
2044 1083 2058 1120 :
2084 1081 2150 1122 eo
2178 1067 2271 1135 qui
2302 1067 2445 1121 misit
2476 1066 2650 1121 illum.
2684 1065 2742 1122 Si
2772 1066 2871 1120 hec
2900 1066 3088 1121 scitis:
3120 1066 3262 1121 beati
3292 1067 3442 1123 eritis
3470 1067 3520 1122 si

1927 1160 2169 1217 feceritis
2194 1175 2280 1215 ea.
2328 1160 2429 1228 Qui
2460 1159 2655 1230 accipit
2684 1157 2698 1196 ί
2729 1160 2807 1215 sic
2838 1175 2995 1229 quem
3027 1160 3224 1215 misero
3249 1175 3263 1214 :
3291 1175 3377 1216 me
3421 1175 3514 1217 ac-

1929 1254 2082 1324 cipit.
2114 1254 2215 1322 Qui
2263 1260 2441 1307 aulem
2488 1268 2573 1307 tne
2612 1251 2843 1321 accipit:
2890 1253 3082 1321 accipit
3131 1267 3252 1305 cum
3300 1252 3391 1321 qui
3432 1266 3518 1306 me

1928 1348 2097 1404 misit.
2147 1348 2259 1418 Ego
2288 1362 2406 1401 sunt
2455 1345 2541 1401 via
2576 1362 2590 1399 :
2626 1346 2821 1400 veritas
2871 1352 2926 1400 et
2958 1343 3082 1398 vita.
3117 1342 3215 1409 Qui
3260 1343 3431 1397 credit
3459 1334 3516 1397 in

202 1018 205 1043 ;
237 987 441 1043 decere.
465 984 685 1039 Labora
711 982 847 1036 sicut
869 979 1042 1035 bonus
1074 976 1231 1032 miles
1255 975 1383 1032 Jesn
1407 975 1627 1032 Christi.
1660 974 1827 1031 Nemo
1882 1039 1885 1042 ν

201 1040 211 1157 ξ
238 1040 456 1136 militans
480 1078 599 1132 Deo
634 1094 647 1128 :
682 1074 919 1143 implicet
943 1086 1002 1127 se
1029 1069 1264 1141 negociis
1285 1068 1616 1125 secularibus
1647 1086 1660 1124 :
1690 1076 1749 1124 ut
1776 1069 1827 1125 ei

240 1172 430 1243 placeat
457 1169 546 1225 cui
576 1183 641 1223 se
662 1164 927 1238 probavit.
956 1163 1088 1218 Nam
1130 1170 1185 1217 et
1208 1162 1302 1230 Qui
1332 1169 1539 1216 certant
1577 1162 1629 1215 in
1657 1175 1828 1231 agone

202 1258 212 1337 ,
239 1277 339 1318 non
364 1269 697 1318 coronantur
726 1277 741 1312 :
775 1257 878 1314 nisi
916 1255 1149 1327 legitime
1174 1255 1519 1310 certaverint.
1552 1252 1826 1310 Laboran-

384 1354 678 1426 agricolatn
717 1368 731 1406 :
762 1358 974 1421 oportet
1013 1348 1243 1419 primum
1288 1348 1357 1404 de
1388 1347 1647 1402 fructibus
1688 1347 1828 1403 acci-

205 1418 215 1461 ³
240 1463 375 1520 pere.
406 1418 652 1517 lbtellige
679 1461 783 1517 que
800 1418 934 1499 dico
958 1459 973 1497 :
997 1442 1142 1498 dabit
1179 1442 1323 1497 enim
1363 1440 1743 1497 tibi‘Dominus
1775 1442 1827 1497 in

238 1541 475 1599 omnibus
496 1539 850 1596 intellectum.
882 1536 1085 1592 Memor
1104 1543 1223 1591 esto
1241 1533 1425 1591 Jesum
1449 1533 1721 1589 Christum
1746 1548 1827 1589 re-

226 1633 533 1691 .surrexisse
575 1648 606 1687 a
648 1632 879 1710 mortuis
908 1644 976 1686 ex
1019 1626 1227 1684 semine
1268 1626 1434 1683 David
1482 1644 1497 1680 :
1535 1626 1828 1682 secundum

240 1726 577 1801 Evangelium
620 1741 800 1783 meum
842 1725 896 1780 in
926 1739 1032 1794 quo
1070 1723 1256 1780 laboro
1306 1737 1476 1795 usque
1515 1721 1581 1778 ad
1620 1722 1827 1778 vincula

245 1817 427 1890 “quasi
453 1819 590 1875 latro
616 1836 629 1872 :
652 1818 749 1874 sed
774 1816 997 1873 verbum
1026 1814 1122 1871 Dei
1145 1828 1249 1870 non
1281 1822 1363 1870 est
1382 1814 1677 1884 alligatum.
1703 1814 1829 1870 ldeo

241 1912 413 1967 omnia
458 1910 696 1966 sustineo
728 1918 945 1981 propter
970 1907 1169 1964 electos

243 2014 646 2075 consequantur.
682 2011 707 2042 ⁸
729 2001 789 2061 ιιι
817 2000 1037 2059 Christo
1057 2000 1188 2058 Jesu
1216 1999 1444 2057 Domino
1474 2009 1678 2056 nostro.

326 2100 365 2170 ἡ
384 2129 400 2154 -.
433 2102 617 2157 Amen.

316 2195 421 2265 ξι
450 2192 591 2250 Dicat
630 2191 807 2249 Presb.
852 2190 1111 2248 Dominus
1154 2189 1227 2246 sit
1268 2202 1482 2261 semper
1510 2186 1818 2246 vobiscum.

266 2284 306 2344 ἢ
328 2324 342 2340 .
365 2285 432 2341 Et
457 2299 590 2340 cum.

373 2397 386 2436 ί
417 2397 580 2453 Lectio
608 2399 783 2456 Sancti
825 2397 1400 2473 Euangeliisecundum
1426 2395 1717 2453 Iohannem

834 2472 884 2542 (ι
906 2468 1025 2543 ea).
1050 2468 1170 2526 χιι
1186 2469 1230 2543 ).

332 2564 445 2621 Una
480 2565 676 2621 dierum
720 2564 972 2620 Dominus
1015 2573 1200 2621 noster
1223 2562 1379 2620 Jesus
1418 2563 1664 2620 Christus
1700 2575 1822 2617 cum

248 2654 572 2712 ascendisset
611 2657 663 2711 in
696 2656 992 2712 naviculam
1012 2664 1068 2713 et
1090 2656 1338 2727 discipuli
1378 2656 1628 2727 ejus:ait
1652 2653 1721 2710 ad
1754 2655 1821 2709 il-

247 2747 328 2804 los
354 2764 367 2802 :
393 2747 814 2803 Transfretemus
853 2756 1001 2803 trans
1043 2757 1312 2820 stagnum.
1360 2749 1427 2803 Et
1466 2748 1825 2805 ascenderunt

246 2849 297 2894 et
339 2840 714 2911 navigaverunt
756 2843 809 2896 in
839 2842 1117 2911 regionem
1151 2840 1543 2897 Gerasenorum
1568 2858 1583 2896 :
1606 2850 1661 2897 et
1700 2855 1823 2897 cum

246 2945 485 3002 egressus
513 2941 654 2987 esset
692 2931 757 2985 ad
785 2940 1023 2988 terram:
1052 2931 1183 2988 dixit
1213 2933 1492 3005 discipulis
1537 2934 1668 2989 suis.
1709 2933 1824 2990 Nisi

247 3036 459 3092 granum
506 3023 754 3080 frumenti
783 3024 987 3081 cadens
1032 3024 1085 3080 in
1126 3033 1267 3081 terra
1313 3034 1583 3081 mortuum
1618 3025 1820 3082 fuerit:

247 3115 407 3185 ipsum
433 3116 607 3173 solum
638 3128 841 3175 manet.
866 3120 924 3176 Si
951 3129 1131 3176 autem
1164 3130 1430 3176 mortuum
1464 3120 1659 3177 fuerit:
1684 3122 1823 3177 mul-

251 3217 347 3267 tum
379 3209 609 3268 fructum
641 3212 815 3270 aifert.
845 3213 947 3281 Qui
980 3223 1126 3269 amat
1153 3213 1387 3270 animam
1416 3229 1566 3270 suam
1595 3232 1610 3271 :
1636 3217 1825 3287 perdet

312 3376 337 3407 ι
367 3369 665 3439 Sequentia.
690 3369 751 3426 In
782 3371 980 3427 Missali
1010 3372 1291 3439 Toletano,
1326 3373 1471 3429 Edit.
1498 3389 1624 3429 ann.
1654 3374 1814 3439 1550,
1849 3376 1895 3439 C

250 3437 389 3514 lectio
418 3437 468 3495 in
521 3443 687 3497 missa
739 3444 909 3497 sancti
951 3444 1243 3499 Clementis
1276 3437 1365 3500 est
1402 3459 1467 3498 ex
1497 3445 1723 3514 epistola
1753 3437 1819 3501 ad
1866 3437 1913 3499 ί

256 3508 504 3585 Hebraeos,
528 3528 666 3585 cap.
721 3529 839 3578 xm,
870 3514 902 3569 9
930 3532 944 3570 :
986 3514 1246 3570 Doctrinis
1280 3516 1513 3585 “1751.876!
1535 3508 1826 3585 peregrinis

256 3584 389 3636 nolite
430 3584 660 3651 abduci,
714 3600 881 3649 usque
935 3586 998 3639 ad
1062 3601 1203 3641 vers.
1257 3586 1371 3640 l7:
1429 3584 1639 3640 Talibus
1694 3590 1825 3642 enim

251 3651 408 3707 hostiis
432 3665 753 3723 promeretur
782 3655 942 3719 Deus,
958 3672 1075 3726 qum
1102 3671 1203 3711 una
1226 3667 1395 3712 estex
1423 3657 1486 3711 iis
1510 3658 1826 3715 lectionibus

255 3738 377 3794 quas
397 3725 445 3777 in
477 3727 641 3780 natali
673 3728 830 3782 unius
858 3728 1184 3784 confessoris
1210 3727 1477 3797 pontilicis
1505 3728 1706 3799 legunt.

316 3794 340 3833 δ
370 3795 490 3853 Cap.
529 3796 612 3853 II.
646 3797 800 3852 Vers.
835 3798 983 3853 1-10.

408 3813 490 3853 an.
529 3813 612 3853 11.
649 3813 800 3852 VCI'S.
835 3813 983 3853 ‘l-IU.

324 3816 340 3833 ν
370 3816 490 3865 Cap.
529 3816 612 3853 ιι.
651 3816 800 3852 vers.
835 3816 983 3853 ι-ιυ.

324 3876 345 3903 ε
372 3863 545 3921 Idonei
571 3878 711 3922 sunt.
744 3867 917 3924 (ξι-ωε.
942 3879 996 3925 et
1018 3870 1263 3941 Vulgata,
1288 3870 1459 3925 idonei
1486 3880 1654 3938 erant;
1681 3881 1733 3928 et
1754 3873 1823 3928 ita

260 3933 611 4028 legitnsanctus
632 3941 969 4028 Ambrosius.
1018 4012 1031 4025 ο
1122 3933 1149 3941 ⁷
1250 3933 1259 3937 ’
1310 4017 1322 4028 .
1369 4020 1381 4028 Δ
1641 3933 1650 3938 ’
1809 4016 1821 4028 ,

320 4007 525 4082 {Quasi
551 4009 699 4082 latro.
736 4011 807 4065 Ita
834 4022 991 4066 vetus
1018 4012 1278 4082 interpres
1310 4017 1448 4067 Inter
1468 4027 1627 4082 opera
1655 4016 1825 4071 sancti

247 4077 529 4156 Ambrosii;
573 4081 815 4153 Syriaca,
854 4077 1192 4152 facinorosus.
1236 4077 1659 4153 Vulgata,'male
1704 4102 1827 4156 ope-

246 4150 454 4229 rans._ln
484 4150 699 4229 qratco,
725 4150 1019 4229 zaxoii‘cyog.

312 4220 437 4297 {In
474 4222 701 4297 _Cltristo
747 4220 889 4297 lesu'
919 4220 1141 4281 Domino
1188 4233 1383 4297 nostra.
1439 4224 1706 4297 Vulgata:
1761 4228 1824 4284 In

248 4290 431 4365 Christo
457 4293 586 4349 Iesu
618 4310 734 4348 cum
759 4296 926 4365 gloria
963 4299 1168 4352 εωιθειὶ.
1216 4296 1286 4350 Ita
1324 4297 1483 4351 etiam
1534 4290 1825 4354 Frimasius

246 4361 378 4431 legit.
422 4365 647 4438 Syriaca
675 4376 731 4422 et
759 4361 947 4423 'Grrec.
985 4386 999 4423 :
1028 4367 1095 4423 In
1126 4368 1327 4424 Christo
1356 4367 1483 4423 Jesu
1515 4386 1631 4424 cum
1659 4372 1824 4441 gloria

245 4446 435 4489 aeterna.

265 4575 274 4584 ι
309 4503 554 4584 ί-ιεειίᾳ.
588 4507 644 4563 in
679 4510 1162 4584 Missali'l‘oletano
1194 4510 1350 4566 lectio
1376 4524 1550 4568 estex
1584 4514 1824 4583 Evange-

245 4571 307 4653 lio
329 4575 575 4653 Joannis,
603 4596 722 4653 cap.
748 4597 843 4643 xu,
864 4580 965 4636 24:
990 4582 1036 4634 Ν
1045 4571 1116 4636 ἱδῖ
1133 4599 1346 4653 granum
1372 4583 1631 4651 frumenti,
1653 4571 1823 4653 usque

244 4648 300 4699 ad
329 4664 467 4705 vers.
498 4650 571 4704 27
600 4668 614 4705 :
650 4651 1027 4721 llonoriﬁcabit
1073 4648 1187 4707 cuin
1216 4648 1567 4718 Pater’meus;
1595 4648 1711 4720 quae
1736 4648 1822 4709 est

1927 1459 2017 1500 me
2052 1456 2067 1499 :
2104 1457 2265 1513 Opera
2296 1455 2400 1511 que
2448 1455 2548 1511 ego
2590 1440 2727 1496 facio
2756 1448 2810 1494 ct
2856 1440 2968 1509 ipse
2998 1438 3188 1493 faciet:
3222 1445 3276 1492 et
3312 1437 3517 1505 majora

1929 1533 2120 1591 horum
2164 1534 2345 1591 faciet.
2393 1532 2406 1584 i
2442 1532 2508 1588 Et
2555 1531 2912 1602 quodcunque
2952 1530 3164 1602 petierit
3210 1529 3262 1584 in
3304 1528 3517 1584 nomine

1928 1633 2211 1690 meozboc
2249 1630 2559 1687 faciamzut
2594 1628 2914 1687 clarificetur
2964 1638 3117 1701 pater
3165 1628 3222 1683 in
3268 1627 3396 1684 ﬁlio.
3440 1626 3514 1697 ιῆ.

1928 1724 2125 1781 Amen.

1998 1816 2151 1870 Dicat
2177 1814 2356 1871 Presb.
2387 1815 2640 1871 Dominus
2661 1816 2731 1871 sit
2757 1830 2969 1886 semper
2998 1815 3296 1871 vobiscum.

1216 1924 1230 1963 :
1274 1915 1331 1962 ut
1371 1916 1426 1962 et
1462 1906 1564 1976 ipsi
1592 1906 1817 1963 salutem
1850 1906 1899 1967 Β
1996 1906 2025 1949 ι
2056 1909 2258 1965 Lauda.
2289 1909 2535 1979 Alleluja.
2585 1911 2657 1980 ᾗ.
2703 1909 2778 1966 De
2808 1908 3084 1977 profundis
3114 1907 3339 1965 clamavi
3362 1906 3429 1962 ad
3463 1916 3515 1963 te

1927 2002 2190 2058 Domine:
2218 2003 2441 2059 Domine
2462 2003 2653 2058 exaudi
2685 2017 2868 2058 vocem
2902 2017 3094 2059 meam.
3124 2000 3192 2058 P.
3225 1999 3476 2071 Alleluja.

1996 2096 2152 2154 Dicat
2183 2097 2362 2154 Presb.
2385 2098 2649 2169 Adjuvate
2676 2113 2762 2154 me
2790 2096 3002 2154 fratres.

2002 2189 2397 2262 xSacrificium.
2446 2191 2690 2263 Fulgebit
2731 2193 2903 2262 justus
2946 2193 3085 2248 sicut
3137 2191 3391 2262 splendor
3428 2189 3519 2244 111-

1925 2286 2226 2343 mamenti:
2258 2294 2314 2341 et
2339 2285 2478 2341 sicut
2503 2286 2657 2342 stelle
2686 2285 2785 2341 celi
2829 2285 3021 2341 dantes
3051 2285 3347 2339 claritatem
3378 2281 3515 2337 lucis

1926 2380 2000 2436 ita
2031 2389 2086 2436 et
2119 2380 2298 2452 justus
2342 2379 2683 2450 splendebit:
2717 2379 2768 2433 in
2811 2389 3066 2449 perpetua
3115 2379 3403 2434 etcrnitate
3432 2380 3514 2432 ιιι.

1924 2471 2107 2543 leluja.
2153 2474 2230 2544 Ῡ.
2264 2472 2510 2544 Fulgebit
2556 2480 2611 2527 et
2658 2480 2908 2542 tanquam
2960 2472 3193 2533 scintilla
3239 2472 3292 2526 itt
3335 2474 3516 2528 arudi-

1925 2577 2050 2624 neto
2095 2567 2403 2623 discurrunt
2432 2565 2687 2636 judicabit
2726 2566 2968 2620 nationes
2998 2583 3012 2620 :
3045 2574 3100 2621 et
3147 2566 3511 2622 dominabitur

1926 2659 2134 2732 pepulis
2159 2667 2216 2714 et
2241 2659 2484 2729 regnabit
2521 2672 2642 2714 cum
2671 2658 2917 2714 Domino.
2951 2657 3019 2711 Ρ.
3053 2658 3108 2713 ln
3139 2667 3415 2729 perpetua.

1994 2750 2149 2809 Dicat
2204 2750 2381 2808 Presb.
2422 2750 2678 2808 Dominus
2719 2750 2792 2807 sit
2834 2764 3047 2820 semper
3092 2751 3389 2809 vobiscum.
3436 2752 3512 2825 ti.

1925 2844 1995 2901 Et
2023 2859 2167 2900 cum.

1997 2935 2177 2993 Missa.
2211 2934 2697 2993 Clementissimum
2744 2945 2802 2993 et
2838 2938 3246 2996 invictissimum
3277 2939 3508 3008 elipeum

1925 3030 2213 3086 Dominum
2243 3040 2489 3085 nostrum
2519 3029 2700 3086 Jesum
2730 3031 3002 3087 Christum
3039 3050 3052 3087 :
3084 3032 3275 3087 fratres
3306 3033 3513 3087 charis-

1926 3124 2049 3179 simi
2093 3124 2447 3193 deprecemur
2490 3135 2587 3180 :ut
2611 3126 3053 3182 convenientibus
3083 3128 3235 3182 nobis
3266 3128 3319 3182 in
3345 3136 3386 3165 ω
3410 3125 3511 3181 ho-
3555 3171 3558 3175 .

1925 3217 2110 3273 dierna
2139 3217 2431 3275 Clementis
2461 3218 2544 3274 sui
2571 3219 2894 3277 solennitate
2936 3220 3257 3277 clementem
3288 3230 3342 3277 et
3372 3218 3510 3276 inef—

1998 3373 2026 3413 ιι
2057 3376 2258 3431 Lauda.
2290 3376 2377 3432 Ps.
2403 3393 2631 3444 cxxxtx,
2662 3380 2711 3436 l.

1954 3444 2028 3572 ia!
2057 3447 2403 3572 gregi/icium.
2439 3452 2516 3505 Ex
2556 3452 2794 3519 Daniele,
2828 3468 2923 3524 xu,
2955 3452 3007 3508 5.
3054 3454 3090 3525 y
3114 3493 3129 3508 .
3181 3452 3260 3509 Ex
3289 3453 3514 3526 Sapien-

1931 3526 2025 3583 tia,
2058 3534 2140 3583 ιιι,
2164 3526 2218 3575 7.

2001 3599 2040 3627 ω
2071 3590 2340 3647 Hodierna
2367 3594 2467 3648 die.
2497 3593 2594 3649 Die
2621 3612 2674 3649 ιιι
2707 3596 2824 3651 Kal.
2857 3596 3167 3654 Decembris
3201 3598 3431 3655 celebris
3461 3600 3514 3653 in

1927 3659 2239 3729 Occidente,
2286 3675 2341 3719 et
2381 3674 2623 3721 vetustus
2653 3678 2737 3722 est
2782 3668 2958 3723 cultns
3004 3670 3174 3724 sancti
3219 3668 3515 3725 Clementis

1927 3746 2081 3801 papa:
2105 3743 2160 3787 et
2186 3738 2457 3808 martyris.
2484 3737 2557 3791 De
2587 3753 2652 3791 eo
2679 3739 2779 3793 hac
2799 3739 2886 3793 die
2914 3740 3128 3793 missam
3163 3742 3430 3808 propriam
3459 3750 3516 3796 et

1931 3809 2201 3873 proprium
2234 3806 2471 3860 oflicium
2500 3810 2771 3862 celebrant
2798 3806 3231 3875 Gotho—i—lispani
3254 3806 3275 3874 ;’
3296 3813 3515 3865 eodem-

1928 3889 2031 3941 qtte
2074 3875 2166 3947 die
2212 3876 2428 3947 missam
2479 3880 2745 3947 propriam
2790 3880 2948 3934 habet
2986 3882 3036 3932 in
3086 3881 3517 3936 Sacramentario

1929 3945 2103 4019 sancti
2118 3945 2372 4019 _Leonis,
2401 3945 2454 4001 in
2488 3945 2784 4019 ,Gelrasiano
2836 3958 2892 4003 et
2936 3949 2986 4003 in
3020 3949 3364 4019 Gregorianis
3402 3953 3516 4007 vul-

1928 4014 2086 4082 gatis.
2114 4016 2192 4087 De
2219 4017 2432 4086 eodem,
2465 4018 2553 4072 die
2581 4018 2650 4072 25
2682 4019 3026 4084 Novembris,
3061 4014 3223 4087 agunt
3245 4019 3515 4076 Kalenda-

1929 4088 2065 4163 Ijum
2109 4086 2451 4163 Frontonis,
2500 4090 2822 4163 Capitularia
2874 4086 3324 4163 Evangeliorum,
3372 4095 3513 4159 apud

1929 4155 2236 4233 Georgium,
2286 4158 2355 4215 de
2396 4155 2748 4215 Litur.'Rom.
2801 4171 2973 4229 pont.,
3004 4155 3058 4217 εἷ’
3094 4162 3190 4228 lll,
3229 4164 3280 4219 in
3309 4155 3515 4233 appen-

1927 4228 2076 4305 dice;
2106 4238 2310 4305 vetusta
2334 4245 2546 4305 quoque
2564 4228 2932 4305 Martyrologia
2961 4234 3262 4289 Celonense
3293 4228 3511 4290 et'Cor-

1927 4297 2144 4375 beiense
2165 4297 2404 4375 Aclterii,
2432 4297 2719 4373 utrumque
2748 4297 3217 4360 Antissiodorense
3245 4307 3511 4375 Martenii,

1930 4368 2087 4448 Deda:
2132 4368 2650 4448 genuinumtapud:
2681 4375 3055 4448 Bollandistas,
3105 4386 3236 4433 tom.
3271 4377 3286 4430 I
3316 4368 3511 4448 Martii,

1927 4442 2179 4497 collatum
2219 4459 2341 4498 cum
2371 4442 2567 4500 Codice
2610 4445 2908 4501 Veronensi
2947 4462 2977 4502 a
3008 4449 3216 4502 clariss.
3250 4448 3310 4502 P.
3354 4442 3512 4503 Blanl

1927 4512 2127 4585 cltinio,
2176 4515 2228 4568 in
2279 4516 2483 4584 proleg.
2534 4517 2600 4570 ad
2652 4527 2784 4573 tom.
2818 4517 2883 4571 IV
2930 4518 3232 4585 Anastasii;
3275 4517 3507 4576 Usuardi

1927 4582 2138 4638 Sollerii
2168 4582 2465 4657 Buttianum
2495 4587 2750 4651 Parvum;
2800 4587 3000 4643 Adonis
3044 4582 3278 4657 Georgii,
3309 4599 3364 4644 et
3407 4589 3513 4643 Ro-

1928 4669 2141 4708 manum
2166 4656 2398 4711 Baronii.
2430 4657 2482 4710 In
2510 4657 2689 4713 Africa
2711 4658 2899 4713 eodem
2922 4660 3009 4714 die
3038 4677 3090 4714 Ix
3112 4656 3228 4715 Kal.
3250 4660 3443 4715 Decem
3456 4661 3504 4713 b.

245 4730 301 4769 ex
351 4722 412 4774 iis
447 4723 776 4807 lectionibus
806 4728 939 4793 'quas
965 4724 1017 4779 in
1062 4724 1224 4779 natali
1267 4724 1423 4779 unius
1466 4727 1717 4797 martyris
1744 4726 1819 4781 le-
1853 4747 1907 4807 D
1932 4725 2388 4807 festivitassan‘cti
2415 4726 2711 4807 Clementis
2740 4730 3065 4807 celebratur,
3111 4740 3171 4785 ut
3190 4746 3264 4807 ex
3299 4739 3512 4783 vetusto

244 4802 357 4856 gere
381 4792 586 4846 solent.

270 4870 329 4939 __8
356 4862 484 4939 Cap.
523 4862 574 4915 Χ
581 4860 691 4939 ΙΙ.-
720 4863 904 4919 Lectio
936 4865 1069 4931 lucc,
1099 4868 1344 4939 centenis
1374 4866 1562 4939 instar,
1596 4881 1660 4921 ex
1701 4867 1820 4934 plu-

243 4930 376 5006 ribus
400 4934 723 5006 fragmentis
755 4945 975 4991 con-uta
1005 4930 1104 4991 est.
1140 4937 1347 4991 Initium
1378 4938 1520 5006 capit
1545 4930 1610 4991 ex
1642 4930 1818 4991 Evan-

241 5004 366 5066 gelio
406 5005 597 5071 Luem,
628 5020 748 5074 cap.
793 5022 904 5069 \lli,
932 5006 1003 5061 25
1036 5024 1049 5061 :
1089 5006 1299 5062 Factum
1338 5017 1411 5060 est
1438 5004 1605 5060 autem
1637 5008 1687 5060 in
1715 5024 1819 5062 una

243 5075 449 5139 dierum,
483 5081 757 5147 eLstatim
805 5078 1104 5133 adnectitur
1135 5080 1431 5132 versiculus
1467 5077 1535 5131 ΞΠ
1576 5078 1816 5147 ejusdem

243 5147 461 5218 c-tpitis:
516 5143 587 5198 Et
637 5163 751 5199 cunt
791 5164 1021 5218 egressus
1071 5160 1197 5203 esset
1243 5150 1295 5201 in
1332 5160 1548 5204 terram.
1575 5143 1710 5202 Tum
1748 5165 1816 5204 ex

241 5211 463 5292 Joamie,
482 5231 606 5292 cap.
637 5233 742 5292 xu,
764 5211 857 5283 εἰ,
888 5218 980 5292 25,
1004 5221 1083 5292 26
1116 5237 1131 5275 :
1159 5219 1278 5274 Nisi
1307 5235 1522 5290 granum
1550 5222 1814 5292 frumenti,

246 5296 293 5358 ut
347 5291 507 5341 modo
560 5290 613 5341 in
666 5291 864 5344 blissali
917 5291 1177 5345 Toletatto
1226 5292 1438 5358 legitur.
1496 5290 1698 5344 Deinde
1746 5306 1814 5349 ex

243 5352 456 5425 Joanne,
491 5372 614 5424 cap.
650 5375 762 5421 xm,
801 5360 1000 5427 16,17,
1035 5362 1135 5429 20;
1176 5375 1239 5416 ac
1266 5352 1481 5419 demum
1507 5376 1571 5417 ex
1602 5361 1814 5428 eodem,

242 5439 351 5487 cap.
385 5445 474 5491 xv,
508 5430 563 5492 6,
599 5429 686 5494 l2,
726 5433 812 5485 13.

309 5495 332 5532 δ
364 5498 593 5575 Ιιιυειιὶει
621 5517 752 5556 eain.
778 5503 933 5557 Joau.
963 5519 1056 5569 xu,
1080 5501 1367 5573 25.Vulg.,
1393 5501 1569 5558 Grzcc.
1596 5512 1650 5559 et
1670 5501 1816 5574 Syn,

242 5574 451 5623 custodit
478 5587 612 5625 eam.

315 5651 326 5674 ⁸
358 5641 470 5715 Sir,
499 5659 647 5711 quem
686 5644 887 5698 misero.
926 5645 1077 5715 Vulg.
1102 5655 1153 5700 et
1199 5644 1370 5700 Graec.
1406 5661 1420 5700 :
1448 5645 1517 5701 Se
1545 5662 1689 5715 quem
1721 5646 1815 5699 mi-

244 5714 514 5787 scrouSyr.
551 5732 562 5764 :
591 5717 831 5787 Quisquis
854 5714 1199 5787 recipitque”:
1229 5733 1319 5785 ego
1351 5717 1554 5769 misero.

310 5780 324 5831 i
364 5772 1130 5857 Είιμιοιιξιιηᾷιιερειὶεὲἰι.ἰιι
1158 5772 1329 5842 Crine.
1368 5797 1422 5840 et
1461 5787 1607 5856 Syr.,
1646 5790 1816 5857 quod-

243 5856 735 5929 cunquepetieritis.
788 5858 966 5926 ναις..
1019 5858 1263 5929 petieritis
1317 5857 1544 5911 Patrem.
1588 5856 1816 5916 Sanctus

242 5925 584 5996 Augustinus,
613 5927 668 5983 iu
689 5927 831 5987 hunc
857 5925 1050 5998 locum,
1085 5944 1395 6002 quiscunque
1418 5928 1680 6002 petieritis.

1930 4792 2255 4869 lialcndario
2283 4798 2687 4869 Carthaginensi
2725 4800 2986 4869 snspicari
3012 4792 3156 4865 licet,
3189 4801 3241 4853 in
3282 4815 3507 4866 quo.....
3548 4834 3551 4835 ν

1928 4864 2052 4920 Kal.
2088 4865 2332 4942 Decemb.
2373 4864 2855 4942 sancliAClcmenti's
2913 4864 3217 4942 legitur,ret
3266 4864 3511 4933 quamvis

1925 4950 2142 4991 corrosa
2176 4940 2484 4995 membrana
2513 4940 2792 4996 abstulerit
2817 4943 2920 4996 diei
2950 4940 3150 5001 notam,
3174 4950 3349 4993 tamen
3380 4955 3504 4996 cum

1926 5008 2180 5062 continuo
2208 5022 2527 5074 sequatur...
2559 5009 2685 5066 Kal.
2713 5013 2946 5067 Decemb.
2974 5012 3139 5066 sancti
3163 5009 3507 5080 Chrysogoni,

1925 5092 2082 5154 quem
2115 5082 2409 5154 non‘aliuto
2434 5098 2591 5154 quam
2623 5096 2862 5137 sanctum
2887 5085 3289 5154 Chrysogonum
3329 5082 3507 5138 Mnbil-

1927 5148 2103 5204 lonius
2132 5160 2186 5205 et
2210 5148 2487 5218 Sollerius,
2514 5153 2697 5208 harum
2730 5169 2907 5209 rerum
2941 5148 3114 5218 periti,
3140 5167 3262 5206 esse
3290 5164 3507 5209 conten-

1925 5218 2080 5291 dunt,
2111 5237 2269 5289 quem
2300 5234 2404 5277 tam
2434 5225 2603 5277 Latini
2643 5241 2797 5291 quam
2829 5222 2999 5275 Graeci
3035 5236 3124 5275 vtu
3149 5221 3265 5277 Kal.
3294 5223 3510 5279 Decem-

1925 5287 2037 5345 bris
2064 5287 2263 5357 colunt,
2295 5295 2599 5348 verosimile
2620 5287 2701 5348 est
2719 5303 2957 5347 sanctum
2982 5292 3311 5347 Clementem
3340 5295 3428 5350 die
3452 5313 3504 5358 Ix

1926 5358 2045 5434 iial.
2080 5361 2359 5434 Decembr.
2402 5363 2800 5432 Carthagincnsi
2841 5361 3160 5417 Kalendario
3188 5364 3504 5434 inscriptum

1927 5431 2110 5486 fuisse.
2160 5431 2297 5488 ῦιιιί
2345 5435 2511 5497 olim,
2562 5431 2783 5487 fortasse
2827 5434 2950 5500 quia
2993 5435 3164 5488 nullas
3192 5431 3501 5490 sanctorum

1927 5502 2242 5559 festivitates
2290 5506 2341 5558 in
2374 5505 2614 5558 Adventu
2654 5502 3018 5570 celebrabant,
3068 5506 3285 5559 missam
3332 5509 3505 5562 sancti

1928 5570 2238 5640 Clementis,
2284 5585 2337 5629 ut
2366 5584 2447 5629 est
2487 5574 2538 5626 in
2582 5570 3011 5637 Gallo-Getltico,
3056 5576 3192 5629 ittter
3220 5590 3313 5629 eas
3342 5593 3502 5642 repo—

1920 5644 2141 5698 suerunt
2163 5661 2280 5714 quae
2305 5645 2372 5699 ab
2392 5654 2574 5698 octava
2608 5643 2913 5714 Epiphania:
2932 5646 3001 5714 ad
3034 5646 3238 5699 initium
3262 5646 3503 5711 Quadra-

1921 5715 2133 5782 gesitnm
2150 5709 2573 5769 celebrabantur.
2599 5709 2971 5769 Kalendariutit
2996 5717 3238 5769 Bucherii
3256 5709 3497 5770 sanctum

1922 5785 2246 5839 Clementem
2269 5794 2552 5855 martyrem
2577 5800 2675 5837 una
2699 5801 2820 5840 cum
2843 5786 3251 5855 Semproniano,
3277 5785 3500 5855 Claudio

1922 5865 1977 5909 et
2019 5855 2335 5919 Nicostrate,
2362 5853 2519 5910 v’ld.
2576 5857 2890 5913 Novembris
2937 5853 3339 5911 commemorat.
3390 5853 3498 5908 Sed

1925 5924 2068 5982 hunc
2107 5940 2225 5983 esse
2249 5925 2579 5989 Clementem
2610 5941 2827 6001 papam,
2860 5928 2952 5985 alii
2977 5926 3241 5985 incertum
3261 5938 3383 5983 esse
3411 5921 3495 5977 fa-
