4040 6356
210 384 301 451 149

920 374 1225 443 ΜιεεΑιε
1260 372 1532 434 MIXTUM
1573 372 1721 433 SEC.
1766 366 1930 429 RBG.
1973 368 2028 425 Β.
2070 369 2340 431 [SIDORL
2373 401 2445 419 ι·-
2472 372 2652 432 PARS
2690 373 2733 431 I.

2211 180 2280 212 οδ

212 504 327 562 :iale
355 498 755 557 commonitum
784 513 796 552 :
821 495 925 552 hoc
961 494 1209 550 Publium
1232 502 1258 532 ι
1283 491 1630 565 Tarquinium
1672 506 1799 547 cnn-
1829 491 1877 554 Α
1907 499 2109 561 septem
2165 505 2270 561 quo
2317 490 2549 547 mundus
2611 491 2844 549 volvitur
2878 490 2993 547 dies
3027 509 3040 545 :
3086 507 3239 548 suum
3290 493 3492 551 invium

208 601 300 650 stat
322 592 581 660 accipere
620 589 675 645 in
720 600 1039 657 responsum
1066 603 1081 644 :
1105 594 1163 640 ut
1203 584 1374 641 eumb
1399 592 1548 638 trans
1581 592 1799 653 pontum

206 701 345 744 mare
377 685 601 740 mittere
648 697 755 737 non
794 687 1037 735 moretur
1091 678 1144 733 in
1193 678 1395 735 heremi
1430 676 1648 733 crudele
1687 675 1802 731 exi-

204 781 351 837 lium.
384 778 451 834 In
497 793 607 848 quo
649 789 773 832 cum
801 774 885 829 vir
929 772 1143 830 Domini
1180 772 1423 828 Julianus
1451 787 1570 829 cum
1607 770 1802 827 ceteris

202 872 366 929 Bome
402 872 653 944 plebibus
690 871 1035 940 deplorantes
1063 868 1180 924 :sui
1224 869 1451 938 pastoris
1502 867 1799 923 absentiam

205 967 587 1023 devenissent:
618 974 640 1003 ο
669 972 723 1019 et
770 969 988 1016 sanctos
1020 959 1217 1016 ibidem
1258 975 1329 1018 ex
1375 960 1627 1016 diuturno
1668 969 1801 1015 tent-

206 1077 325 1133 pore
369 1074 543 1115 causa
591 1057 827 1113 nominis
868 1053 1069 1109 Christi
1118 1052 1182 1107 ad
1234 1052 1447 1109 metalla
1478 1053 1799 1125 precidenda

209 1153 529 1222 impiissime
570 1159 748 1206 tentos
792 1148 1117 1218 reperissent
1144 1164 1158 1200 :
1183 1145 1321 1202 inter
1350 1146 1464 1201 lues
1493 1160 1725 1201 annosas
1749 1155 1803 1201 et

206 1246 423 1315 penates
454 1257 590 1315 quas
633 1233 831 1297 ibidem
875 1238 1173 1295 sustinebat
1209 1237 1495 1309 pernicies.
1543 1237 1693 1292 Hunc
1721 1238 1802 1292 in-

208 1336 559 1390 tullernbilem
614 1332 790 1388 ﬁendu
826 1340 881 1387 et
933 1329 1220 1400 mugiendo
1268 1329 1533 1385 dederunt
1579 1344 1803 1399 respon-

207 1443 310 1482 sum
340 1446 355 1482 :
383 1425 412 1465 ἀ
446 1427 539 1496 qui
568 1441 598 1479 a
640 1425 844 1480 clivoso
872 1424 1101 1478 miliario
1144 1438 1280 1491 aque
1310 1422 1414 1477 sibi
1455 1422 1803 1493 deportarent

209 1519 689 1577 laboriosissimum
723 1516 992 1586 poculum.
1041 1514 1121 1568 Ad
1166 1514 1267 1568 hee
1294 1513 1526 1570 Sanctus
1553 1512 1802 1570 Clemens

208 1614 362 1669 solari
407 1611 671 1682 incipiens
705 1626 769 1666 es
799 1609 997 1669 divinis
1027 1607 1260 1668 oraculis
1285 1623 1448 1678 grave
1470 1624 1654 1663 eorum
1684 1610 1801 1665 exi-

209 1708 325 1762 lium
356 1708 593 1778 :gratias
617 1720 781 1777 agens
816 1703 963 1759 Deo:
995 1702 1085 1774 qui
1108 1702 1581 1759 communicaverit
1610 1719 1800 1761 neces-

207 1800 449 1855 sitatibus
473 1818 486 1854 :
514 1798 773 1855 orationis
794 1794 974 1855 statim
1004 1796 1135 1865 petit
1158 1794 1489 1868 juvaculum.
1521 1795 1630 1854 Nec
1650 1813 1801 1857 mora

1901 582 2111 654 signum
2161 598 2427 652 apparens
2462 584 2854 643 demonstravit
2902 584 3017 654 ejus
3055 585 3241 655 judi‘cii
3288 587 3490 643 altissi-

1902 691 2047 731 mum
2080 676 2256 732 locum
2291 678 2498 737 :nitido
2527 678 2809 748 sarcofago
2837 680 3174 737 tumulatum.
3206 681 3359 748 Quod
3391 683 3494 739 hoc

1901 768 2085 829 divino
2107 772 2260 843 jussu
2304 770 2533 841 prostitit
2561 770 2878 829 beneﬁcium
2905 790 2919 826 :
2946 781 3001 827 ut
3031 775 3245 829 annuali
3272 790 3495 831 recursu

1902 863 1955 918 in
1996 862 2111 932 ejus
2142 863 2481 919 solemnitate
2507 862 2648 920 hun'c
2678 864 3001 922 elementum
3033 866 3253 934 martyri
3285 865 3496 922 deferat

1902 956 2235 1013 famulatum.
2275 959 2320 1011 0
2355 972 2513 1029 quam
2572 957 2815 1013 mirabile
2861 958 3085 1019 testibus
3127 960 3231 1015 tuis
3281 960 3496 1020 Christe

1902 1049 2132 1105 tribuisti
2164 1048 2487 1119 adjutorium
2514 1066 2530 1102 :
2556 1058 2613 1103 ut
2640 1048 2773 1105 nihil
2816 1050 2916 1106 sibi
2947 1050 3089 1119 quod
3121 1049 3204 1105 his
3234 1066 3340 1107 nou
3367 1067 3497 1108 conv-

1905 1140 2087 1196 tuleris
2123 1142 2367 1197 evenisse
2417 1134 2941 1214 applaudeat'plebs
2984 1142 3299 1201 loricarum.
3352 1145 3497 1200 Nihil

1903 1236 2129 1309 Domine
2158 1247 2288 1295 ante
2317 1248 2404 1295 tue
2434 1236 2816 1300 incarnationis
2842 1237 3155 1309 mysterium
3184 1255 3198 1292 :
3232 1237 3323 1292 ulli
3350 1254 3496 1293 mor-

1904 1332 2089 1389 talium
2138 1331 2421 1402 prestitisti
2460 1331 2724 1387 solacium
2757 1346 2953 1401 :quem
3000 1347 3107 1391 non
3152 1332 3257 1389 tuis
3295 1333 3499 1388 sanctis

1904 1431 2025 1493 post
2052 1421 2227 1479 crucis
2272 1421 2656 1478 exultationem
2699 1421 2998 1493 prestiteris
3028 1422 3081 1479 in
3108 1424 3495 1479 emolumento.

1904 1515 2059 1573 Unde
2101 1515 2297 1571 merito
2347 1529 2535 1573 omnes
2585 1516 2759 1586 angeli
2800 1524 2856 1571 et
2895 1515 3238 1585 archangeli:
3270 1515 3495 1570 throni:

1904 1607 2299 1665 dominationes
2332 1626 2345 1662 :
2372 1608 2633 1664 virtutes:
2658 1608 2992 1679 principatus
3018 1625 3030 1662 :
3061 1618 3117 1663 et
3163 1615 3455 1678 potestates
3484 1624 3498 1658 :

1904 1700 2166 1758 cherubin
2198 1716 2260 1757 ac
2282 1701 2531 1770 seraphin
2563 1701 2615 1756 in
2640 1717 2865 1771 quorum
2894 1709 3042 1757 sorte
3078 1701 3254 1759 omnis
3292 1701 3501 1757 consti-

1907 1793 1969 1851 tit
2006 1808 2267 1851 numerus
2294 1794 2586 1849 electorum
2615 1811 2627 1846 :
2654 1802 2706 1851 te
2730 1790 3037 1864 gloriﬁcare
3063 1799 3119 1847 et
3149 1791 3494 1863 magniﬁcare

206 1894 348 1947 solus
371 1894 514 1947 inter
541 1891 786 1945 homines
815 1888 1003 1963 aspicit
1033 1888 1129 1943 Dei
1157 1865 1351 1959 agnum
1381 1889 1639 1947 occultam
1666 1904 1803 1962 aque
1836 1865 1881 1926 Β
1908 1897 2070 1960 atque
2095 1887 2314 1944 laudare
2345 1902 2449 1943 non
2467 1894 2677 1943 cessant
2704 1903 2718 1940 :
2743 1887 2813 1941 ita
2840 1885 3101 1943 dicentes.

205 1999 391 2039 venam
434 1992 459 2021 ε
480 1983 767 2039 ostendere
797 1981 990 2036 dextro
1021 1979 1155 2050 pede
1200 1980 1401 2037 levato.
1433 1979 1452 2019 ί
1479 1981 1579 2049 Qui
1626 1982 1691 2037 ad
1723 1982 1805 2039 iu-

207 2086 317 2132 star
343 2077 651 2145 Mosaycum
668 2078 822 2130 'inter
848 2082 1070 2131 cunctos
1098 2087 1255 2128 manu
1289 2072 1501 2145 propria
1528 2092 1539 2126 :
1568 2088 1672 2129 non
1696 2074 1805 2133 vir-

209 2183 326 2238 gam
361 2166 773 2238 apprehendens
827 2171 1156 2220 metuentem
1192 2179 1205 2216 :
1238 2160 1333 2219 sed
1380 2163 1645 2218 sarculum
1678 2163 1803 2221 ﬁde—

211 2261 343 2315 lium
373 2262 530 2315 corda
564 2260 933 2330 exculpentcm
961 2276 982 2325 ε,
1003 2258 1214 2314 modice
1246 2258 1529 2320 fossorium
1572 2260 1624 2315 in
1664 2268 1804 2319 terra

215 2352 452 2409 deﬁxum
480 2371 494 2406 :
519 2354 801 2407 affluentes
826 2351 1220 2407 inundavcrunt
1248 2351 1485 2423 gurgites
1522 2367 1800 2423 aquarum.

228 2445 315 2499 λιι
340 2444 439 2500 hoc
479 2455 533 2499 et
576 2445 681 2499 tale
722 2445 1023 2499 miraculum
1066 2445 1245 2499 omnis
1295 2441 1622 2500 conveniens
1655 2444 1806 2500 turba

226 2535 502 2589 civitatum
531 2535 780 2590 viclnium
814 2534 1020 2590 laudant
1040 2543 1091 2590 et
1127 2534 1472 2605 magniﬁcam
1502 2535 1680 2605 procul
1712 2534 1809 2588 du-

218 2626 318 2682 bio
350 2627 669 2682 Dominum:
697 2636 887 2696 Squem
918 2626 1040 2681 olim
1083 2636 1397 2697 spreverant
1424 2629 1660 2683 concreti
1694 2626 1809 2683 cul-

216 2720 351 2775 turis
383 2719 770 2775 demoniorum.
810 2719 960 2776 Unde
991 2720 1283 2776 labefactus
1318 2719 1388 2777 de
1437 2720 1598 2775 tantis
1636 2718 1807 2775 mira-

216 2816 353 2871 culis
382 2814 627 2869 diabolus
668 2813 959 2869 scditioncs
985 2832 997 2866 :
1025 2814 1091 2867 ad
1129 2814 1579 2883 interpellandum
1622 2814 1808 2885 Traja-

217 2922 342 2967 tium
361 2907 557 2962 excitat
578 2906 915 2975 populorum.
936 2906 1037 2973 Qui
1080 2906 1259 2959 statim
1284 2904 1550 2974 perﬁdum
1590 2905 1806 2959 mittens

220 2996 556 3053 hAuﬁdium:
582 3015 704 3055 eum
736 3013 933 3053 ancora
962 2995 1092 3054 ferri
1126 3006 1399 3069 gravatum
1429 3014 1439 3051 :
1478 2996 1812 3080 tuarinisﬁu-

223 3100 271 3151 ct
290 3093 388 3151 bus
434 3094 674 3165 precepit
718 3092 1163 3165 demergendum.
1210 3091 1453 3164 Cumque
1481 3108 1605 3151 eum
1648 3094 1810 3149 disci-

225 3186 327 3255 puli
358 3199 478 3247 com
509 3186 763 3245 omnibus
782 3188 984 3242 sanctis
1024 3186 1114 3247 tali
1134 3185 1392 3243 vidissent
1420 3187 1675 3258 martyrio
1707 3201 1810 3242 co-

229 3290 466 3334 ronatum
492 3298 505 3333 :
535 3290 797 3351 ceperunt
826 3296 921 3350 per
960 3282 1277 3341 immensum
1322 3296 1466 3337 mare
1497 3295 1697 3354 ponere
1734 3282 1812 3337 vi-

226 3385 340 3429 Sttm
364 3389 377 3425 :
413 3374 456 3427 si
481 3374 617 3431 forte
651 3373 1018 3445 prospicerent
1044 3389 1165 3429 eum
1189 3373 1255 3431 ad
1278 3372 1458 3431 littora
1482 3375 1644 3437 maris
1666 3375 1811 3444 vagis

229 3461 471 3519 fluctibus
519 3466 937 3535 reciprocattnu.
989 3466 1144 3534 Quod
1183 3481 1333 3523 mare
1367 3450 1554 3522 videns
1586 3482 1814 3537 expave-

230 3570 380 3611 scens
398 3559 569 3613 collidi
600 3559 798 3614 Christi
830 3560 1148 3630 discipulum
1181 3580 1192 3613 :
1227 3560 1242 3598 ί
1271 3560 1384 3617 fere
1416 3561 1518 3616 tria
1552 3562 1693 3619 milia
1720 3578 1814 3631 per

225 3697 536 3751 ministrator
565 3696 885 3763 Romuleus,
926 3699 1075 3755 etab
1120 3714 1227 3755 em.
1287 3699 1515 3754 Baronio
1564 3700 1807 3766 (Annal.,

226 3779 357 3821 tom.
388 3767 467 3834 ll,
498 3771 562 3821 ad
590 3785 716 3821 ann.
751 3768 874 3842 Chr.
904 3770 1026 3840 i00)
1061 3770 1344 3839 pnefectus
1385 3770 1540 3826 Urbis
1572 3773 1809 3842 appella-

226 3848 351 3912 tur,
388 3854 415 3892 a
452 3843 707 3903 scripture
749 3839 937 3895 Grmco
977 3839 1218 3912 martyrii
1263 3844 1431 3896 sancti
1468 3839 1808 3899 Clementis?»

225 3908 481 3988 ἔπαρχος
520 3918 605 3965 τοῦ
657 3912 913 3988 uolgarum?
953 3908 1153 3988 Opéuau,
1201 3923 1260 3988 et
1295 3915 1346 3965 in
1408 3913 1652 3983 Epitome
1692 3916 1810 3968 (Ile-

227 3980 603 4056 meoitinarum,
622 3998 674 4056 tt.
706 3980 828 4056 H36,
854 3980 992 4056 ὁ
1010 3984 1209 4056 πόλεως
1228 3980 1487 4056 ἔπαρχοξ,
1511 4000 1627 4053 (μιὶιὲ
1657 3993 1807 4038 utro-

222 4065 347 4119 que
375 4050 794 4124 locoCotelerius
824 4055 1087 4124 praefectus
1117 4052 1268 4107 Urbis
1298 4050 1677 4124 interpretatus
1701 4066 1800 4109 est.

290 4130 318 4165 ι
361 4119 422 4175 Ρ.
456 4120 805 4195 Tarquinium.
834 4123 887 4174 In
915 4119 1184 4193 Mat-tyrio.
1217 4140 1270 4179 η.
1298 4126 1381 4185 18.
1410 4119 1462 4179 et
1486 4128 1537 4178 in
1565 4127 1805 4195 Epitome

221 4191 568 4264 uenientum.
600 4208 655 4246 n.
692 4191 814 4256 104,
855 4196 955 4249 iste
980 4191 1351 4262 Tarquitianus
1379 4191 1693 4264 appellat—ur.

296 4263 323 4306 ³³
350 4263 520 4318 Trans
546 4274 754 4336 pontum
784 4281 938 4318 mare.
972 4268 1085 4318 Atio
1108 4264 1199 4333 (In
1223 4266 1393 4321 libello
1417 4263 1806 4336 'Festlvitatum)

222 4335 296 4389 ait
348 4344 595 4389 sanctum
654 4335 989 4391 Clementem
1039 4338 1374 4404 deportatum
1438 4339 1601 4392 fuisse
1664 4335 1805 4393 trans

292 4416 437 4479 alunt
462 4422 598 4479 mare
620 4407 673 4457 in
701 4422 869 4479 eremo
888 4447 900 4470 ,
928 4408 1013 4472 qui
1051 4409 1252 4479 adjacet
1282 4409 1473 4461 civitati
1513 4409 1802 4463 C/tersourt'.

316 4477 387 4541 la,
425 4477 480 4549 in
501 4477 894 4549 Martyrologio,
916 4480 1057 4531 trans
1076 4477 1469 4546 pantuntmaris.
1498 4480 1804 4549 Martyrium

220 4551 390 4601 sancti
424 4547 718 4619 Clementis
745 4548 989 4616 Epito;ne
1018 4550 1335 4603 Clementin.
1357 4592 1371 4615 ,
1403 4568 1455 4603 υ.
1498 4547 1807 4619 ίϐὓίΝῙοθ-

221 4595 1818 4693 ᾗῖίὸὲἰὶςίὶᾇῖέῖ.”ἱςίιῖ,¹“ὲζ”185,ἰιὲἦεέτῖὄὲεέἕότιὶτῖἶέὑὲῖἑμί
1844 4595 1896 4656 D

219 4688 561 4754 Novembris)
593 4688 811 4754 habent,
845 4688 1088 4744 sanctum
1121 4692 1453 4746 Clementem
1490 4693 1538 4745 in
1574 4688 1819 4748 exsilium

218 4760 437 4833 pulsum
465 4773 583 4813 esse
604 4761 656 4811 in
686 4760 958 4833 desertum
985 4770 1125 4833 trans
1157 4772 1367 4832 pontum
1387 4762 1639 4833 adjacens
1666 4768 1821 4833 oppi-

218 4830 347 4883 dulo
378 4828 697 4885 Chersonze.
730 4830 997 4884 Craterum
1027 4832 1094 4885 de
1129 4828 1248 4885 lacn
1292 4828 1469 4888 exsilii
1498 4837 1666 4889 sancti
1694 4828 1818 4891 Cle-

217 4902 764 4975 mentis_consnlendi
796 4903 1057 4975 paruulus
1088 4903 1138 4955 in
1179 4908 1334 4975 notis
1382 4905 1448 4957 ad
1502 4905 1819 4975 Martyrolo-

216 4974 365 5037 gium
402 4970 742 5042 Romanum.
796 4972 1128 5042 ltosweydus
1176 4973 1229 5027 in
1282 4975 1423 5028 nolis
1467 4977 1530 5026 ad
1579 4970 1817 5030 libellum

216 5040 950 5112 AdonigdgFestivitatibus
966 5040 1346 5110 Apostolorum
1383 5043 1539 5109 (Bibl.
1572 5042 1814 5112 Patrum,

217 5121 345 5163 tam.
392 5108 565 5182 XVI,
598 5128 717 5182 pag.
749 5113 900 5182 917),
935 5108 1275 5168 Bollandistm
1306 5116 1369 5169 ad
1392 5108 1541 5170 diem
1572 5118 1604 5170 9
1644 5108 1819 5171 Martii

215 5181 545 5257 agentcsde
573 5181 1001 5257 διατίθης-γωνίης)
1035 5194 1088 5239 et
1114 5185 1381 5257 Methodio
1415 5187 1501 5257 (Τ.
1559 5184 1645 5255 ΙΙ,
1699 5199 1820 5242 nota

218 5250 311 5317 η,
332 5252 405 5326 σέ
444 5250 618 5304 Vitam
645 5250 1032 5326 S._Cletitentis,
1064 5272 1185 5326 pag.
1215 5255 1319 5311 5.ιὸ
1373 5250 1432 5311 ρι’
1452 5274 1536 5326 seq
1564 5260 1603 5326 ).

296 5334 323 5361 ε
348 5321 422 5375 Et
464 5332 683 5398 sanctos.
711 5323 956 5398 Epitome
975 5321 1238 5398 Clement.
1268 5321 1572 5383 christianos
1594 5328 1659 5382 ad
1683 5343 1820 5398 opus

217 5394 272 5446 in
295 5394 581 5446 marmoris
615 5393 911 5464 lapidicinis
956 5397 1236 5453 damnatos
1284 5398 1349 5452 ad
1397 5400 1544 5455 mille
1574 5393 1818 5455 sanctum

214 5466 562 5539 Clementem
589 5465 1130 5539 invenissetestatur,
1159 5486 1209 5520 ιι.
1244 5469 1367 5535 167,
1415 5485 1574 5539 quem
1625 5486 1816 5527 nume-

218 5551 343 5611 rum
364 5535 457 5611 ad
482 5534 591 5611 duo
610 5536 770 5589 millia
802 5550 961 5611 auget
990 5538 1221 5611 scriptor
1260 5534 1533 5611 martyrii,
1568 5557 1621 5594 n.
1660 5543 1743 5597 19.

288 5608 318 5641 ει
353 5606 459 5668 Qui
480 5606 715 5658 acliaaso
740 5607 1007 5662 milliaria.
1028 5609 1201 5663 Locus
1227 5606 1537 5666 mendosus.
1566 5610 1819 5668 Fortasse

212 5672 513 5753 legendum
545 5692 560 5728 :
598 5677 700 5741 Qui
731 5677 1112 5753 c‘liaosttinere
1142 5697 1175 5735 a
1200 5682 1445 5734 milliaria
1483 5692 1622 5737 sexto
1672 5698 1819 5753 aquae

210 5748 315 5797 sibi
375 5750 703 5822 deportarent
749 5747 1205 5804 laboriosissimum
1258 5756 1495 5822 poculum
1527 5770 1546 5809 .'
1579 5747 1727 5808 nam'
1763 5754 1815 5810 in

209 5827 504 5889 martyrio,
553 5834 609 5871 ιι.
639 5818 734 5885 2i,
767 5833 961 5888 aquam
993 5822 1222 5878 distasse
1250 5818 1344 5878 sex
1376 5824 1713 5889 milliarihus,
1760 5826 1814 5881 in

210 5880 478 5955 Epiuime
517 5880 1027 5954 Cloacina-stadiis
1064 5892 1301 5964 quinque
1357 5904 1410 5950 et
1463 5880 1813 5966 quadraginta

1838 3239 1887 3304 C

1984 1980 2185 2035 Chorus
2214 1981 2372 2036 dicat.
2404 1977 2653 2035 Sanctus.

1982 2071 2137 2127 Dicat
2172 2072 2350 2127 Presb.

1984 2163 2110 2220 Post
2140 2166 2383 2221 Sanctus.
2412 2165 2553 2223 Vere
2579 2174 2795 2222 sanctus
2820 2176 2872 2221 et
2897 2164 3135 2223 clemens
3158 2183 3171 2221 :
3196 2180 3321 2224 vere
3342 2166 3507 2225 bene-

1912 2258 2088 2313 dictus
2115 2266 2171 2323 et
2192 2260 2367 2327 justus
2396 2276 2407 2310 :
2435 2243 2567 2314 vere.
2584 2259 2919 2313 admirabilis
2944 2268 2997 2313 et
3026 2256 3290 2327 gloriosus
3321 2258 3505 2313 Domi-

1908 2367 2011 2407 nus
2039 2351 2196 2407 lesus
2223 2351 2471 2406 Christus
2518 2350 2659 2405 ﬁlius
2689 2362 2845 2404 tuus:
2878 2351 2967 2421 qui
3016 2349 3355 2403 incstimabili
3395 2349 3506 2405 cle-

1910 2446 2113 2505 mentia
2154 2461 2249 2500 sue
2288 2446 2429 2499 dunn
2480 2444 2682 2497 nullum
2737 2444 2912 2512 perire
2947 2442 3260 2511 jubetzsed
3313 2454 3503 2495 omnes

1914 2541 2129 2611 pietatis
2150 2540 2356 2609 gremio
2378 2547 2642 2593 convocat
2671 2537 2736 2591 ad
2762 2537 2986 2591 salutem
3015 2553 3027 2589 :
3060 2534 3301 2609 Christus
3326 2533 3509 2589 Domi—

1912 2648 2016 2697 nus
2044 2648 2110 2689 ac
2140 2631 2469 2700 Redemptor
2489 2637 2730 2687 eternus.

2000 2727 2036 2796 ti
2058 2766 2072 2780 .
2102 2730 2295 2787 Amen.

1989 2821 2113 2873 Post
2134 2820 2321 2891 pridie.
2356 2817 2781 2872 (Tlementissime
2799 2831 2860 2872 ac
2882 2814 3222 2871 sanctissime
3240 2812 3505 2869 Domine:

1913 2913 2186 2969 sanctiﬁca
2232 2912 2327 2971 hec
2373 2925 2590 2965 munera
2621 2928 2634 2964 :
2668 2908 2910 2979 impuris;
2939 2907 3186 2964 manibus
3234 2906 3329 2963 tibi
3373 2906 3512 2962 deli-

1918 3005 2061 3069 bata.
2097 3005 2195 3059 Per
2218 3018 2323 3073 que
2352 3012 2406 3063 et
2435 3001 2771 3057 offerentium
2803 2998 3036 3067 accipias
3067 3006 3191 3053 vota
3219 3016 3232 3052 :
3266 3006 3322 3054 et
3343 3012 3410 3053 ex
3438 3012 3505 3054 ea

1917 3098 2240 3155 sumentium
2271 3104 2460 3151 cuncta
2504 3095 2746 3150 dimittas
2779 3098 3019 3163 peccata.

2005 3190 2042 3263 ἡ
2068 3231 2079 3246 .
2114 3189 2305 3243 Amen.

1990 3283 2070 3347 Ad
2101 3281 2396 3337 Orationem
2421 3278 2764 3337 Dominicam.

1988 3378 2244 3432 Clemens
2294 3387 2345 3431 et
2401 3377 2662 3431 immense
2713 3382 2769 3429 et
2818 3373 3154 3430 admirabilis
3208 3374 3389 3432 Deus:
3422 3375 3537 3442 cui.

1922 3469 2104 3527 omnia
2129 3468 2393 3523 elementa
2424 3464 2750 3521 famulantur
2791 3474 2846 3524 et
2875 3481 3063 3522 omnes
3093 3466 3352 3523 elationes
3391 3480 3512 3522 ma-

1920 3564 1995 3621 ris
2030 3561 2378 3619 deserviunt:
2406 3563 2570 3618 libera
2613 3576 2710 3618 nos
2750 3561 2818 3619 de
2847 3564 2999 3633 aquis
3055 3561 3274 3621 multis:
3303 3560 3316 3614 i
3350 3568 3405 3615 et
3441 3560 3510 3615 de

1916 3700 2167 3773 legimus.

1994 3786 2015 3842 φ
2044 3772 2345 3829 Ostendere.
2380 3773 2518 3842 Lege
2540 3770 2909 3828 ostendentem.

1994 3841 2011 3880 τ
2048 3843 2146 3910 Qui
2174 3845 2239 3897 ad
2267 3841 2658 3898 instanLocus
2698 3841 3008 3897 mendosus.
3056 3841 3303 3895 Fortasse
3346 3843 3506 3895 resti-

1918 3915 2168 3969 tuendum
2195 3914 2273 3969 sic
2300 3931 2311 3965 :
2343 3915 2540 3982 Quare,
2585 3914 2652 3968 ad
2684 3915 2847 3966 instar
2870 3911 3084 3981 Maysis,
3117 3912 3249 3964 inter
3275 3920 3506 3975 cunctos,

1917 4002 2076 4039 manu
2106 3985 2315 4054 prapria
2345 3986 2754 4055 apprehendens,
2788 3998 2891 4055 non
2916 3985 3109 4055 virgam
3161 3982 3507 4055 metuendam,

1916 4056 2001 4110 sed
2060 4052 2627 4120 sarculum,'ﬁdelium
2673 4052 2832 4107 corda
2879 4053 3226 4119 exculpentem
3254 4094 3268 4117 ,
3311 4052 3510 4109 modice

1916 4128 2189 4192 fossnrittm
2232 4126 2285 4179 in
2319 4135 2503 4179 terram
2554 4124 2756 4189 deﬁxit,
2814 4120 2953 4194 unde
2993 4135 3199 4191 repente
3244 4123 3503 4194 affluentes

1914 4199 2282 4324 inundaveraulnt
2329 4198 2556 4271 gurgites
2604 4211 2871 4265 aquarum.
2919 4193 3116 4249 Cunler
3180 4196 3311 4253 Acta
3360 4209 3506 4249 mar-

1921 4278 2061 4324 tvrtt.
2092 4286 2144 4323 η.
2252 4308 2265 4323 .

1921 4270 2061 4335 tyrii,
2092 4286 2144 4323 n.
2174 4270 2265 4324 21.

1979 4286 2037 4321 rn
2092 4286 2144 4323 n.
2174 4286 2265 4324 21.

1942 4286 1970 4339 Υ
1989 4347 2013 4385 8
2046 4309 2061 4335 ’
2094 4342 2275 4403 Quem.
2302 4339 2438 4409 Lege
2464 4355 2475 4392 :
2509 4336 2572 4393 In
2599 4355 2742 4404 quem
2764 4346 3119 4411 speraverant,
3137 4337 3264 4394 olim
3282 4339 3510 4396 concreti

1927 4411 2128 4467 'ullnris
2150 4410 2541 4472 rlmmoniorum,

1987 4476 2013 4517 ιι
2052 4482 2334 4549 Auﬁdium.
2371 4483 2508 4548 Ado,
2535 4480 2585 4537 iu
2611 4480 2788 4543 libello
2816 4479 2885 4539 de
2930 4479 3075 4543 FeSt.
3130 4488 3307 4550 apost.
3349 4481 3504 4539 Anil-

1922 4551 2237 4625 dium_|tunc
2259 4553 2445 4625 ducent
2474 4552 2727 4625 appellat.

2005 4624 2016 4662 ί
2052 4621 2181 4677 Fere
2204 4623 2302 4695 tria
2333 4620 2524 4677 millial
2550 4620 2649 4695 Est
2689 4622 2958 4695 vulgatum
2995 4620 3137 4695 apud
3173 4637 3374 4695 omnes,
3398 4622 3510 4695 7mi-

1921 4694 2183 4765 racylum,
2208 4694 2274 4749 de
2300 4709 2406 4765 quo
2438 4692 2979 4765 legeiTillemoutium
2996 4692 3177 4763 (Citat.
3199 4712 3319 4765 pag.
3344 4692 3501 4763 565),

1921 4776 1995 4831 et,
2010 4764 2161 4834 apud
2186 4764 2505 4836 Cotelerittm
2526 4764 2729 4836 (Patres
2744 4765 3045 4836 Apostalici,
3067 4774 3189 4819 tam.
3209 4764 3331 4831 l,’in
3351 4765 3505 4836 line),

1923 4832 2206 4905 [turn—illam
2238 4834 2406 4891 sancti
2442 4832 2613 4892 Patris
2656 4832 2822 4891 nostri
2851 4836 3083 4905 Ephrem
3114 4832 3506 4905 archiepiscopi

1921 4904 2232 4971 Chersonis,
2266 4906 2332 4961 de
2361 4922 2467 4976 quo
2493 4907 2655 4962 etiam
2684 4903 2911 4963 Allatius
2949 4908 3001 4961 in
3026 4907 3288 4961 oDiatriba
3311 4905 3378 4976 d_e
3408 4903 3504 4959 tri-

1922 4976 2018 5030 bus
2052 4972 2394 5033 Simeonibus
2426 4976 2685 5034 tneminit.
2730 4977 2963 5039 Sanctus
2999 4976 3286 5043 Gregorius
3327 4972 3504 5029 Turoo

1920 5048 2102 5119 neusis
2131 5047 2231 5117 (De
2252 5046 2397 5102 ϐίον.
2422 5056 2662 5119 ηιατεμικ,
2697 5048 2785 5105 lib.
2820 5065 2855 5116 t,
2894 5064 2940 5103 c.
2997 5047 3089 5115 55)
3112 5046 3181 5119 de
3212 5047 3314 5101 hoc
3335 5044 3503 5101 mira-

1920 5118 2062 5185 eulo,
2096 5115 2341 5185 tanquam
2373 5119 2439 5173 de
2464 5136 2517 5177 re
2538 5115 2708 5189 certa,
2740 5115 2989 5189 loquitur,
3038 5115 3178 5183 quod
3229 5130 3329 5189 suo
3360 5128 3503 5175 tem-

1921 5203 2052 5263 pore
2080 5190 2479 5263 annissingulis
2502 5186 2848 5263 contingebat
2871 5207 2884 5244 :
2918 5187 3073 5263 Nunc
3091 5194 3283 5263 autem,
3303 5186 3499 5263 inquit,

1920 5258 2003 5313 die
2036 5256 2373 5315 solemnitatis
2405 5261 2517 5331 ejus
2569 5261 2645 5331 (S.
2691 5256 3003 5331 Clernentis)
3042 5256 3231 5331 recedit
3263 5256 3406 5313 mare
3432 5260 3509 5313 ait

1921 5330 2019 5404 tria
2070 5331 2235 5384 millia
2274 5328 2464 5385 siccum
2504 5328 2901 5404 ingredientibus
2942 5329 3038 5404 iter
3059 5328 3307 5404 praebens
3340 5344 3504 5399 usque

1919 5402 1987 5454 ad
2004 5404 2290 5473 sepulcrum
2315 5399 2593 5473 martyris}
2617 5403 2781 5468 ibique
2806 5408 2920 5473 stata
2940 5399 3210 5473 reddentes
3231 5408 3277 5454 et
3298 5408 3506 5473 orantes

1919 5472 2101 5541 pepuli
2130 5469 2491 5542 regrediuntur
2520 5472 2587 5525 ad
2611 5469 2871 5542 littusnEt
2920 5471 3096 5538 capite
3142 5470 3386 5541 sequenti
3416 5485 3506 5526 re-

1918 5540 2024 5597 fert
2049 5544 2115 5599 de
2147 5540 2395 5624 puni-uim.
2414 5543 2526 5612 qui,
2557 5557 2681 5624 casu
2710 5540 2930 5624 relictus
2958 5556 2994 5624 a_
3021 5542 3355 5624 parentibus,
3378 5549 3502 5611 post

1918 5627 2116 5668 annum
2149 5611 2692 5683 iucolumis’repertus
2718 5620 2805 5667 est.
2834 5611 2886 5666 iu
2915 5612 3034 5668 aede
3062 5614 3335 5683 martyris.

2001 5685 2014 5735 l
2060 5683 2127 5739 Et
2150 5683 2213 5738 de
2233 5698 2407 5737 manu.
2434 5684 2559 5736 Haec
2580 5681 2779 5751 Optime
2811 5684 3141 5739 conveniunt
3170 5680 3293 5737 cum
3322 5680 3500 5750 pessi-

1919 5770 2008 5810 mo
2035 5765 2175 5809 statu
2208 5769 2386 5809 rerum
2418 5754 2849 5821 llispztuicarum,
2879 5770 3000 5809 eum
3027 5752 3244 5810 Barbari
3270 5755 3499 5819 primum

1917 5835 2106 5881 contra
2136 5824 2355 5895 militem
2382 5823 2681 5880 Romanum
2713 5826 3104 5895 etiindigeaas,
3132 5824 3417 5895 tuatim};
3437 5833 3501 5875 aa
3596 5883 3600 5887 ,

1920 5898 2116 5954 bellum
2145 5894 2437 5952 saevissime
2456 5905 2710 5967 gererent
2734 5894 2897 5968 (Vide
2920 5890 3201 5958 'Idatium,
3241 5892 3297 5948 in
3323 5890 3496 5946 Claro-
