  <div class='ocr_page' id='page_1' title='image "/cluster/home/n/w/nwhite01/storage/ocr_20150623/85/hvd.32044015469455/081.png"; bbox 0 0 4040 6356; ppageno 0'>
   <div class='ocr_carea' id='block_1_1' title="bbox 523 354 623 418">
    <p class='ocr_par' dir='ltr' id='par_1_1' title="bbox 523 354 623 418">
     <span class='ocr_line' id='line_1_1' title="bbox 523 354 623 418; baseline 0.06 -7"><span class='ocrx_word' id='word_1_1' title='bbox 523 354 623 418; x_wconf 64' lang='lat' dir='ltr'><strong>{Si</strong></span> 
     </span>
    </p>
   </div>
   <div class='ocr_carea' id='block_1_2' title="bbox 1272 367 3099 431">
    <p class='ocr_par' dir='ltr' id='par_1_2' title="bbox 1272 367 3099 431">
     <span class='ocr_line' id='line_1_2' title="bbox 1272 367 3099 431; baseline -0.002 -2"><span class='ocrx_word' id='word_1_2' title='bbox 1272 369 1565 431; x_wconf 72' lang='lat' dir='ltr'><strong>MISSALE</strong></span> <span class='ocrx_word' id='word_1_3' title='bbox 1605 371 1875 431; x_wconf 75' lang='lat' dir='ltr'><strong>MIXTUM</strong></span> <span class='ocrx_word' id='word_1_4' title='bbox 1919 371 2071 430; x_wconf 84' lang='lat' dir='ltr'><strong>SEC.</strong></span> <span class='ocrx_word' id='word_1_5' title='bbox 2113 368 2275 428; x_wconf 81' lang='lat' dir='ltr'><strong>REG.</strong></span> <span class='ocrx_word' id='word_1_6' title='bbox 2320 370 2380 427; x_wconf 84' lang='grc' dir='ltr'><strong>Β.</strong></span> <span class='ocrx_word' id='word_1_7' title='bbox 2425 368 2695 426; x_wconf 79' lang='lat' dir='ltr'><strong>lSlDORl.</strong></span> <span class='ocrx_word' id='word_1_8' title='bbox 2738 400 2809 416; x_wconf 89' lang='lat'><strong>-</strong></span> <span class='ocrx_word' id='word_1_9' title='bbox 2848 369 3025 429; x_wconf 78' lang='lat' dir='ltr'><strong>PARS</strong></span> <span class='ocrx_word' id='word_1_10' title='bbox 3059 367 3099 426; x_wconf 84' lang='lat' dir='ltr'><strong>l.</strong></span> 
     </span>
    </p>
   </div>
   <div class='ocr_carea' id='block_1_3' title="bbox 3714 368 3817 429">
    <p class='ocr_par' dir='ltr' id='par_1_3' title="bbox 3714 368 3817 429">
     <span class='ocr_line' id='line_1_3' title="bbox 3714 368 3817 429; baseline -0.039 0"><span class='ocrx_word' id='word_1_11' title='bbox 3714 368 3817 429; x_wconf 68' lang='lat' dir='ltr'><strong>I52</strong></span> 
     </span>
    </p>
   </div>
   <div class='ocr_carea' id='block_1_4' title="bbox 542 484 3823 561">
    <p class='ocr_par' dir='ltr' id='par_1_4' title="bbox 542 484 3823 561">
     <span class='ocr_line' id='line_1_4' title="bbox 542 484 3823 561; baseline -0.002 -12"><span class='ocrx_word' id='word_1_12' title='bbox 542 513 702 552; x_wconf 87' lang='lat' dir='ltr'><strong>manu</strong></span> <span class='ocrx_word' id='word_1_13' title='bbox 728 492 953 550; x_wconf 86' lang='lat' dir='ltr'><strong>ﬁliorum</strong></span> <span class='ocrx_word' id='word_1_14' title='bbox 986 494 1300 549; x_wconf 89' lang='lat' dir='ltr'><strong>alienorum.</strong></span> <span class='ocrx_word' id='word_1_15' title='bbox 1332 492 1401 548; x_wconf 91' lang='lat' dir='ltr'><strong>Ut</strong></span> <span class='ocrx_word' id='word_1_16' title='bbox 1428 492 1515 560; x_wconf 90' lang='lat' dir='ltr'><strong>qui</strong></span> <span class='ocrx_word' id='word_1_17' title='bbox 1548 507 1641 561; x_wconf 87' lang='lat' dir='ltr'><strong>per</strong></span> <span class='ocrx_word' id='word_1_18' title='bbox 1664 499 1715 545; x_wconf 90' lang='lat' dir='ltr'><strong>te</strong></span> <span class='ocrx_word' id='word_1_19' title='bbox 1744 490 1912 546; x_wconf 91' lang='lat' dir='ltr'><strong>renati</strong></span> <span class='ocrx_word' id='word_1_20' title='bbox 1944 505 2131 545; x_wconf 88' lang='lat' dir='ltr'><strong>sumus</strong></span> <span class='ocrx_word' id='word_1_21' title='bbox 2158 496 2207 551; x_wconf 71' lang='grc' dir='ltr'>Α</span> <span class='ocrx_word' id='word_1_22' title='bbox 2235 489 2444 546; x_wconf 87' lang='lat' dir='ltr'><strong>devicto</strong></span> <span class='ocrx_word' id='word_1_23' title='bbox 2471 491 2686 549; x_wconf 78' lang='lat' dir='ltr'><strong>diabolo</strong></span> <span class='ocrx_word' id='word_1_24' title='bbox 2714 489 2891 547; x_wconf 83' lang='lat' dir='ltr'><strong>futuro</strong></span> <span class='ocrx_word' id='word_1_25' title='bbox 2928 485 3170 545; x_wconf 87' lang='lat' dir='ltr'><strong>letemini</strong></span> <span class='ocrx_word' id='word_1_26' title='bbox 3198 484 3266 545; x_wconf 89' lang='lat' dir='ltr'><strong>de</strong></span> <span class='ocrx_word' id='word_1_27' title='bbox 3294 484 3584 558; x_wconf 86' lang='lat' dir='ltr'><strong>triumpho.</strong></span> <span class='ocrx_word' id='word_1_28' title='bbox 3630 486 3668 556; x_wconf 64' lang='grc' dir='ltr'><strong>ἡ</strong></span> <span class='ocrx_word' id='word_1_29' title='bbox 3692 529 3704 542; x_wconf 93' lang='grc'><strong>.</strong></span> <span class='ocrx_word' id='word_1_30' title='bbox 3734 487 3823 545; x_wconf 61' lang='lat'><strong>£-</strong></span> 
     </span>
    </p>
   </div>
   <div class='ocr_carea' id='block_1_5' title="bbox 538 583 2128 659">
    <p class='ocr_par' dir='ltr' id='par_1_5' title="bbox 538 583 2128 659">
     <span class='ocr_line' id='line_1_5' title="bbox 538 583 2128 659; baseline -0.004 -15"><span class='ocrx_word' id='word_1_31' title='bbox 538 606 610 644; x_wconf 74' lang='lat' dir='ltr'><strong>ex</strong></span> <span class='ocrx_word' id='word_1_32' title='bbox 640 604 772 659; x_wconf 87' lang='lat' dir='ltr'><strong>aqua</strong></span> <span class='ocrx_word' id='word_1_33' title='bbox 795 598 849 644; x_wconf 90' lang='lat' dir='ltr'><strong>et</strong></span> <span class='ocrx_word' id='word_1_34' title='bbox 886 587 1314 658; x_wconf 87' lang='lat' dir='ltr'><strong>Spiritu.Saneto</strong></span> <span class='ocrx_word' id='word_1_35' title='bbox 1342 603 1355 638; x_wconf 92' lang='lat'><strong>:</strong></span> <span class='ocrx_word' id='word_1_36' title='bbox 1383 600 1487 639; x_wconf 89' lang='lat' dir='ltr'><strong>non</strong></span> <span class='ocrx_word' id='word_1_37' title='bbox 1523 584 1787 653; x_wconf 76' lang='lat' dir='ltr'><strong>patiamur</strong></span> <span class='ocrx_word' id='word_1_38' title='bbox 1810 586 1877 638; x_wconf 91' lang='lat' dir='ltr'><strong>ab</strong></span> <span class='ocrx_word' id='word_1_39' title='bbox 1897 583 2128 639; x_wconf 80' lang='lat' dir='ltr'><strong>ethnicis</strong></span> 
     </span>
    </p>
   </div>
   <div class='ocr_carea' id='block_1_6' title="bbox 544 674 2129 752">
    <p class='ocr_par' dir='ltr' id='par_1_6' title="bbox 544 674 2129 752">
     <span class='ocr_line' id='line_1_6' title="bbox 544 674 2129 752; baseline -0.007 -14"><span class='ocrx_word' id='word_1_40' title='bbox 544 694 595 738; x_wconf 91' lang='lat' dir='ltr'><strong>et</strong></span> <span class='ocrx_word' id='word_1_41' title='bbox 630 682 1003 752; x_wconf 79' lang='lat' dir='ltr'><strong>irregeneratis</strong></span> <span class='ocrx_word' id='word_1_42' title='bbox 1044 678 1229 733; x_wconf 82' lang='lat' dir='ltr'><strong>divelli</strong></span> <span class='ocrx_word' id='word_1_43' title='bbox 1279 692 1307 729; x_wconf 86' lang='lat' dir='ltr'><strong>a</strong></span> <span class='ocrx_word' id='word_1_44' title='bbox 1352 686 1537 731; x_wconf 91' lang='lat' dir='ltr'><strong>saneto</strong></span> <span class='ocrx_word' id='word_1_45' title='bbox 1576 674 1854 748; x_wconf 89' lang='lat' dir='ltr'><strong>proposito</strong></span> <span class='ocrx_word' id='word_1_46' title='bbox 1881 692 1895 730; x_wconf 91' lang='lat'><strong>:</strong></span> <span class='ocrx_word' id='word_1_47' title='bbox 1920 674 2014 730; x_wconf 91' lang='lat' dir='ltr'><strong>sed</strong></span> <span class='ocrx_word' id='word_1_48' title='bbox 2045 690 2129 728; x_wconf 86' lang='lat' dir='ltr'><strong>ar-</strong></span> 
     </span>
    </p>
   </div>
   <div class='ocr_carea' id='block_1_7' title="bbox 545 766 2130 838">
    <p class='ocr_par' dir='ltr' id='par_1_7' title="bbox 545 766 2130 838">
     <span class='ocr_line' id='line_1_7' title="bbox 545 766 2130 838; baseline -0.005 -9"><span class='ocrx_word' id='word_1_49' title='bbox 545 788 665 829; x_wconf 87' lang='lat' dir='ltr'><strong>cntn</strong></span> <span class='ocrx_word' id='word_1_50' title='bbox 716 789 900 836; x_wconf 87' lang='lat' dir='ltr'><strong>eorum</strong></span> <span class='ocrx_word' id='word_1_51' title='bbox 951 769 1415 827; x_wconf 88' lang='lat' dir='ltr'><strong>inconvertibilem</strong></span> <span class='ocrx_word' id='word_1_52' title='bbox 1459 778 1724 825; x_wconf 89' lang='lat' dir='ltr'><strong>contere:</strong></span> <span class='ocrx_word' id='word_1_53' title='bbox 1769 767 1994 838; x_wconf 77' lang='lat' dir='ltr'><strong>sagittas</strong></span> <span class='ocrx_word' id='word_1_54' title='bbox 2034 766 2130 822; x_wconf 85' lang='lat' dir='ltr'><strong>de-</strong></span> 
     </span>
    </p>
   </div>
   <div class='ocr_carea' id='block_1_8' title="bbox 546 860 2128 934">
    <p class='ocr_par' dir='ltr' id='par_1_8' title="bbox 546 860 2128 934">
     <span class='ocr_line' id='line_1_8' title="bbox 546 860 2128 934; baseline -0.003 -15"><span class='ocrx_word' id='word_1_55' title='bbox 546 876 694 920; x_wconf 86' lang='lat' dir='ltr'><strong>strue</strong></span> <span class='ocrx_word' id='word_1_56' title='bbox 724 876 737 919; x_wconf 71' lang='grc' dir='ltr'>ξ</span> <span class='ocrx_word' id='word_1_57' title='bbox 766 864 1047 934; x_wconf 78' lang='lat' dir='ltr'><strong>pharetras</strong></span> <span class='ocrx_word' id='word_1_58' title='bbox 1094 862 1319 917; x_wconf 83' lang='lat' dir='ltr'><strong>retunde</strong></span> <span class='ocrx_word' id='word_1_59' title='bbox 1359 861 1601 931; x_wconf 81' lang='lat' dir='ltr'><strong>:gladios</strong></span> <span class='ocrx_word' id='word_1_60' title='bbox 1646 861 1887 930; x_wconf 90' lang='lat' dir='ltr'><strong>perime:</strong></span> <span class='ocrx_word' id='word_1_61' title='bbox 1914 860 2128 914; x_wconf 78' lang='lat' dir='ltr'><strong>lanceas</strong></span> 
     </span>
    </p>
   </div>
   <div class='ocr_carea' id='block_1_9' title="bbox 545 950 2130 1022">
    <p class='ocr_par' dir='ltr' id='par_1_9' title="bbox 545 950 2130 1022">
     <span class='ocr_line' id='line_1_9' title="bbox 545 950 2130 1022; baseline -0.004 -12"><span class='ocrx_word' id='word_1_62' title='bbox 545 956 741 1010; x_wconf 84' lang='lat' dir='ltr'><strong>divelle</strong></span> <span class='ocrx_word' id='word_1_63' title='bbox 771 971 782 1009; x_wconf 92' lang='lat'>:</span> <span class='ocrx_word' id='word_1_64' title='bbox 816 953 1037 1009; x_wconf 90' lang='lat' dir='ltr'><strong>consilia</strong></span> <span class='ocrx_word' id='word_1_65' title='bbox 1087 967 1192 1022; x_wconf 87' lang='lat' dir='ltr'><strong>que</strong></span> <span class='ocrx_word' id='word_1_66' title='bbox 1229 952 1281 1006; x_wconf 93' lang='lat' dir='ltr'><strong>in</strong></span> <span class='ocrx_word' id='word_1_67' title='bbox 1332 966 1430 1006; x_wconf 94' lang='lat' dir='ltr'><strong>nos</strong></span> <span class='ocrx_word' id='word_1_68' title='bbox 1486 959 1686 1006; x_wconf 89' lang='lat' dir='ltr'><strong>acuunt</strong></span> <span class='ocrx_word' id='word_1_69' title='bbox 1732 950 1965 1021; x_wconf 79' lang='lat' dir='ltr'><strong>maligna</strong></span> <span class='ocrx_word' id='word_1_70' title='bbox 1999 963 2130 1003; x_wconf 91' lang='lat' dir='ltr'><strong>eon-</strong></span> 
     </span>
    </p>
   </div>
   <div class='ocr_carea' id='block_1_10' title="bbox 516 1039 2128 1111">
    <p class='ocr_par' dir='ltr' id='par_1_10' title="bbox 516 1039 2128 1111">
     <span class='ocr_line' id='line_1_10' title="bbox 516 1039 2128 1111; baseline -0.005 -11"><span class='ocrx_word' id='word_1_71' title='bbox 516 1044 820 1100; x_wconf 67' lang='lat' dir='ltr'><strong>4uude:et</strong></span> <span class='ocrx_word' id='word_1_72' title='bbox 869 1043 923 1096; x_wconf 87' lang='lat' dir='ltr'><strong>in</strong></span> <span class='ocrx_word' id='word_1_73' title='bbox 955 1044 1098 1111; x_wconf 85' lang='lat' dir='ltr'><strong>ipsos</strong></span> <span class='ocrx_word' id='word_1_74' title='bbox 1142 1042 1187 1095; x_wconf 90' lang='lat' dir='ltr'><strong>si</strong></span> <span class='ocrx_word' id='word_1_75' title='bbox 1231 1042 1449 1097; x_wconf 88' lang='lat' dir='ltr'><strong>credere</strong></span> <span class='ocrx_word' id='word_1_76' title='bbox 1493 1040 1757 1098; x_wconf 87' lang='lat' dir='ltr'><strong>noluerint</strong></span> <span class='ocrx_word' id='word_1_77' title='bbox 1785 1050 1877 1096; x_wconf 89' lang='lat' dir='ltr'><strong>:et</strong></span> <span class='ocrx_word' id='word_1_78' title='bbox 1920 1040 1972 1094; x_wconf 91' lang='lat' dir='ltr'><strong>in</strong></span> <span class='ocrx_word' id='word_1_79' title='bbox 2016 1039 2128 1109; x_wconf 87' lang='lat' dir='ltr'><strong>ipsa</strong></span> 
     </span>
    </p>
   </div>
   <div class='ocr_carea' id='block_1_11' title="bbox 541 1130 2129 1205">
    <p class='ocr_par' dir='ltr' id='par_1_11' title="bbox 541 1130 2129 1205">
     <span class='ocr_line' id='line_1_11' title="bbox 541 1130 2129 1205; baseline -0.005 -14"><span class='ocrx_word' id='word_1_80' title='bbox 541 1132 902 1205; x_wconf 85' lang='lat' dir='ltr'><strong>&#39;retorquen&#39;do</strong></span> <span class='ocrx_word' id='word_1_81' title='bbox 930 1134 1035 1205; x_wconf 73' lang='lat'><strong>23</strong></span> <span class='ocrx_word' id='word_1_82' title='bbox 1057 1143 1306 1188; x_wconf 79' lang='lat' dir='ltr'><strong>converte</strong></span> <span class='ocrx_word' id='word_1_83' title='bbox 1333 1150 1347 1188; x_wconf 87' lang='lat'>:</span> <span class='ocrx_word' id='word_1_84' title='bbox 1379 1140 1538 1202; x_wconf 89' lang='lat' dir='ltr'><strong>atque</strong></span> <span class='ocrx_word' id='word_1_85' title='bbox 1575 1146 1790 1201; x_wconf 85' lang='lat' dir='ltr'><strong>semper</strong></span> <span class='ocrx_word' id='word_1_86' title='bbox 1812 1130 1933 1185; x_wconf 85' lang='lat' dir='ltr'><strong>ﬁdei</strong></span> <span class='ocrx_word' id='word_1_87' title='bbox 1975 1138 2129 1183; x_wconf 92' lang='lat' dir='ltr'><strong>scuto</strong></span> 
     </span>
    </p>
   </div>
   <div class='ocr_carea' id='block_1_12' title="bbox 544 1221 2125 1295">
    <p class='ocr_par' dir='ltr' id='par_1_12' title="bbox 544 1221 2125 1295">
     <span class='ocr_line' id='line_1_12' title="bbox 544 1221 2125 1295; baseline -0.003 -13"><span class='ocrx_word' id='word_1_88' title='bbox 544 1241 643 1283; x_wconf 90' lang='lat' dir='ltr'><strong>nos</strong></span> <span class='ocrx_word' id='word_1_89' title='bbox 673 1237 911 1295; x_wconf 81' lang='lat' dir='ltr'><strong>protege.</strong></span> <span class='ocrx_word' id='word_1_90' title='bbox 941 1226 1177 1294; x_wconf 77' lang='lat' dir='ltr'><strong>Qualiter</strong></span> <span class='ocrx_word' id='word_1_91' title='bbox 1206 1225 1292 1295; x_wconf 88' lang='lat' dir='ltr'><strong>qui</strong></span> <span class='ocrx_word' id='word_1_92' title='bbox 1339 1224 1425 1280; x_wconf 91' lang='lat' dir='ltr'><strong>hic</strong></span> <span class='ocrx_word' id='word_1_93' title='bbox 1456 1233 1672 1294; x_wconf 85' lang='lat' dir='ltr'><strong>propter</strong></span> <span class='ocrx_word' id='word_1_94' title='bbox 1700 1238 1895 1278; x_wconf 90' lang='lat' dir='ltr'><strong>nomen</strong></span> <span class='ocrx_word' id='word_1_95' title='bbox 1924 1222 2015 1276; x_wconf 89' lang='lat' dir='ltr'><strong>ﬁlii</strong></span> <span class='ocrx_word' id='word_1_96' title='bbox 2049 1221 2125 1277; x_wconf 88' lang='lat' dir='ltr'><strong>ttti</strong></span> 
     </span>
    </p>
   </div>
   <div class='ocr_carea' id='block_1_13' title="bbox 546 1315 2126 1389">
    <p class='ocr_par' dir='ltr' id='par_1_13' title="bbox 546 1315 2126 1389">
     <span class='ocr_line' id='line_1_13' title="bbox 546 1315 2126 1389; baseline -0.002 -17"><span class='ocrx_word' id='word_1_97' title='bbox 546 1335 738 1374; x_wconf 85' lang='lat' dir='ltr'><strong>novum</strong></span> <span class='ocrx_word' id='word_1_98' title='bbox 784 1319 927 1389; x_wconf 86' lang='lat' dir='ltr'><strong>quod</strong></span> <span class='ocrx_word' id='word_1_99' title='bbox 973 1320 1026 1381; x_wconf 81' lang='lat' dir='ltr'><strong>in</strong></span> <span class='ocrx_word' id='word_1_100' title='bbox 1084 1318 1430 1389; x_wconf 82' lang='lat' dir='ltr'><strong>margaritum</strong></span> <span class='ocrx_word' id='word_1_101' title='bbox 1472 1317 1729 1389; x_wconf 79' lang='lat' dir='ltr'><strong>fulgidum</strong></span> <span class='ocrx_word' id='word_1_102' title='bbox 1779 1334 1791 1370; x_wconf 90' lang='lat'><strong>:</strong></span> <span class='ocrx_word' id='word_1_103' title='bbox 1842 1316 1894 1370; x_wconf 92' lang='lat' dir='ltr'><strong>id</strong></span> <span class='ocrx_word' id='word_1_104' title='bbox 1937 1325 2021 1370; x_wconf 90' lang='lat' dir='ltr'><strong>est</strong></span> <span class='ocrx_word' id='word_1_105' title='bbox 2072 1315 2126 1369; x_wconf 92' lang='lat' dir='ltr'><strong>in</strong></span> 
     </span>
    </p>
   </div>
   <div class='ocr_carea' id='block_1_14' title="bbox 544 1409 2127 1481">
    <p class='ocr_par' dir='ltr' id='par_1_14' title="bbox 544 1409 2127 1481">
     <span class='ocr_line' id='line_1_14' title="bbox 544 1409 2127 1481; baseline -0.001 -15"><span class='ocrx_word' id='word_1_106' title='bbox 544 1411 571 1439; x_wconf 70' lang='lat'>“</span> <span class='ocrx_word' id='word_1_107' title='bbox 602 1412 863 1467; x_wconf 83' lang='lat' dir='ltr'><strong>calculum</strong></span> <span class='ocrx_word' id='word_1_108' title='bbox 894 1412 1176 1467; x_wconf 86' lang='lat' dir='ltr'><strong>candidum</strong></span> <span class='ocrx_word' id='word_1_109' title='bbox 1207 1412 1465 1481; x_wconf 87' lang='lat' dir='ltr'><strong>scripsisti</strong></span> <span class='ocrx_word' id='word_1_110' title='bbox 1495 1430 1507 1465; x_wconf 92' lang='lat'>:</span> <span class='ocrx_word' id='word_1_111' title='bbox 1540 1413 1762 1467; x_wconf 79' lang='lat' dir='ltr'><strong>diversa.</strong></span> <span class='ocrx_word' id='word_1_112' title='bbox 1797 1426 1825 1464; x_wconf 88' lang='lat' dir='ltr'><strong>a</strong></span> <span class='ocrx_word' id='word_1_113' title='bbox 1883 1409 2127 1479; x_wconf 79' lang='lat' dir='ltr'><strong>gentibus</strong></span> 
     </span>
    </p>
   </div>
   <div class='ocr_carea' id='block_1_15' title="bbox 544 1501 2123 1577">
    <p class='ocr_par' dir='ltr' id='par_1_15' title="bbox 544 1501 2123 1577">
     <span class='ocr_line' id='line_1_15' title="bbox 544 1501 2123 1577; baseline -0.005 -12"><span class='ocrx_word' id='word_1_114' title='bbox 544 1509 872 1565; x_wconf 82' lang='lat' dir='ltr'><strong>sustinemus</strong></span> <span class='ocrx_word' id='word_1_115' title='bbox 919 1505 1203 1577; x_wconf 77' lang='lat' dir='ltr'><strong>opprobria</strong></span> <span class='ocrx_word' id='word_1_116' title='bbox 1246 1521 1261 1561; x_wconf 88' lang='lat'><strong>:</strong></span> <span class='ocrx_word' id='word_1_117' title='bbox 1298 1514 1569 1576; x_wconf 79' lang='lat' dir='ltr'><strong>portamus</strong></span> <span class='ocrx_word' id='word_1_118' title='bbox 1622 1501 1836 1559; x_wconf 79' lang='lat' dir='ltr'><strong>infanda</strong></span> <span class='ocrx_word' id='word_1_119' title='bbox 1877 1502 2123 1557; x_wconf 86' lang='lat' dir='ltr'><strong>ludibria.</strong></span> 
     </span>
    </p>
   </div>
   <div class='ocr_carea' id='block_1_16' title="bbox 544 1595 2128 1671">
    <p class='ocr_par' dir='ltr' id='par_1_16' title="bbox 544 1595 2128 1671">
     <span class='ocr_line' id='line_1_16' title="bbox 544 1595 2128 1671; baseline -0.005 -15"><span class='ocrx_word' id='word_1_120' title='bbox 544 1601 657 1657; x_wconf 90' lang='lat' dir='ltr'><strong>lllic</strong></span> <span class='ocrx_word' id='word_1_121' title='bbox 679 1616 775 1671; x_wconf 89' lang='lat' dir='ltr'><strong>pro</strong></span> <span class='ocrx_word' id='word_1_122' title='bbox 802 1601 907 1656; x_wconf 90' lang='lat' dir='ltr'><strong>ﬁde</strong></span> <span class='ocrx_word' id='word_1_123' title='bbox 926 1615 1083 1671; x_wconf 91' lang='lat' dir='ltr'><strong>quam</strong></span> <span class='ocrx_word' id='word_1_124' title='bbox 1112 1599 1380 1655; x_wconf 88' lang='lat' dir='ltr'><strong>credimus</strong></span> <span class='ocrx_word' id='word_1_125' title='bbox 1408 1608 1461 1653; x_wconf 87' lang='lat' dir='ltr'><strong>et</strong></span> <span class='ocrx_word' id='word_1_126' title='bbox 1488 1613 1583 1668; x_wconf 93' lang='lat' dir='ltr'><strong>pro</strong></span> <span class='ocrx_word' id='word_1_127' title='bbox 1604 1611 1665 1651; x_wconf 91' lang='lat' dir='ltr'><strong>ea</strong></span> <span class='ocrx_word' id='word_1_128' title='bbox 1696 1612 1863 1667; x_wconf 89' lang='lat' dir='ltr'><strong>nsque</strong></span> <span class='ocrx_word' id='word_1_129' title='bbox 1882 1595 1948 1651; x_wconf 90' lang='lat' dir='ltr'><strong>ad</strong></span> <span class='ocrx_word' id='word_1_130' title='bbox 1978 1610 2128 1650; x_wconf 90' lang='lat' dir='ltr'><strong>men-</strong></span> 
     </span>
    </p>
   </div>
   <div class='ocr_carea' id='block_1_17' title="bbox 544 1677 2136 1749">
    <p class='ocr_par' dir='ltr' id='par_1_17' title="bbox 544 1677 2136 1749">
     <span class='ocr_line' id='line_1_17' title="bbox 544 1677 2136 1749; baseline -0.003 0"><span class='ocrx_word' id='word_1_131' title='bbox 544 1694 817 1749; x_wconf 86' lang='lat' dir='ltr'><strong>dicitatem</strong></span> <span class='ocrx_word' id='word_1_132' title='bbox 840 1704 893 1749; x_wconf 92' lang='lat' dir='ltr'><strong>et</strong></span> <span class='ocrx_word' id='word_1_133' title='bbox 918 1702 1143 1749; x_wconf 90' lang='lat' dir='ltr'><strong>mortem</strong></span> <span class='ocrx_word' id='word_1_134' title='bbox 1171 1692 1517 1746; x_wconf 78' lang='lat' dir='ltr'><strong>distrahimur</strong></span> <span class='ocrx_word' id='word_1_135' title='bbox 1540 1706 1555 1745; x_wconf 91' lang='lat'><strong>:</strong></span> <span class='ocrx_word' id='word_1_136' title='bbox 1580 1690 1906 1746; x_wconf 88' lang='lat' dir='ltr'><strong>concedatur</strong></span> <span class='ocrx_word' id='word_1_137' title='bbox 1934 1677 2136 1745; x_wconf 50' lang='lat' dir='ltr'><strong>remis;</strong></span> 
     </span>
    </p>
   </div>
   <div class='ocr_carea' id='block_1_18' title="bbox 542 1782 2124 1855">
    <p class='ocr_par' dir='ltr' id='par_1_18' title="bbox 542 1782 2124 1855">
     <span class='ocr_line' id='line_1_18' title="bbox 542 1782 2124 1855; baseline 0 -17"><span class='ocrx_word' id='word_1_138' title='bbox 542 1786 624 1840; x_wconf 89' lang='lat' dir='ltr'><strong>sio</strong></span> <span class='ocrx_word' id='word_1_139' title='bbox 652 1795 991 1854; x_wconf 83' lang='lat' dir='ltr'><strong>peccatorum</strong></span> <span class='ocrx_word' id='word_1_140' title='bbox 1021 1804 1033 1838; x_wconf 91' lang='lat'><strong>:</strong></span> <span class='ocrx_word' id='word_1_141' title='bbox 1060 1795 1115 1840; x_wconf 94' lang='lat' dir='ltr'><strong>ut</strong></span> <span class='ocrx_word' id='word_1_142' title='bbox 1157 1785 1388 1855; x_wconf 89' lang='lat' dir='ltr'><strong>potiatur</strong></span> <span class='ocrx_word' id='word_1_143' title='bbox 1414 1784 1653 1840; x_wconf 88' lang='lat' dir='ltr'><strong>inﬁnitus</strong></span> <span class='ocrx_word' id='word_1_144' title='bbox 1691 1784 1837 1838; x_wconf 90' lang='lat' dir='ltr'><strong>locus</strong></span> <span class='ocrx_word' id='word_1_145' title='bbox 1859 1782 2124 1853; x_wconf 84' lang='lat' dir='ltr'><strong>justorum</strong></span> 
     </span>
    </p>
   </div>
   <div class='ocr_carea' id='block_1_19' title="bbox 2232 598 2376 640">
    <p class='ocr_par' dir='ltr' id='par_1_19' title="bbox 2232 598 2376 640">
     <span class='ocr_line' id='line_1_19' title="bbox 2232 598 2376 640; baseline -0.014 0"><span class='ocrx_word' id='word_1_146' title='bbox 2232 598 2376 640; x_wconf 89' lang='lat' dir='ltr'><strong>men.</strong></span> 
     </span>
    </p>
   </div>
   <div class='ocr_carea' id='block_1_20' title="bbox 2306 672 3825 749">
    <p class='ocr_par' dir='ltr' id='par_1_20' title="bbox 2306 672 3825 749">
     <span class='ocr_line' id='line_1_20' title="bbox 2306 672 3825 749; baseline 0.001 -17"><span class='ocrx_word' id='word_1_147' title='bbox 2306 677 2409 732; x_wconf 89' lang='lat' dir='ltr'><strong>Per</strong></span> <span class='ocrx_word' id='word_1_148' title='bbox 2442 677 2865 735; x_wconf 87' lang='lat' dir='ltr'><strong>misericordiam</strong></span> <span class='ocrx_word' id='word_1_149' title='bbox 2904 675 3072 749; x_wconf 82' lang='lat' dir='ltr'><strong>ipsius</strong></span> <span class='ocrx_word' id='word_1_150' title='bbox 3105 675 3195 730; x_wconf 89' lang='lat' dir='ltr'><strong>Dei</strong></span> <span class='ocrx_word' id='word_1_151' title='bbox 3224 672 3395 732; x_wconf 88' lang='lat' dir='ltr'><strong>nostri</strong></span> <span class='ocrx_word' id='word_1_152' title='bbox 3422 675 3512 745; x_wconf 86' lang='lat' dir='ltr'><strong>qui</strong></span> <span class='ocrx_word' id='word_1_153' title='bbox 3544 682 3628 731; x_wconf 90' lang='lat' dir='ltr'><strong>est</strong></span> <span class='ocrx_word' id='word_1_154' title='bbox 3655 674 3825 734; x_wconf 80' lang='lat' dir='ltr'><strong>bene—</strong></span> 
     </span>
    </p>
   </div>
   <div class='ocr_carea' id='block_1_21' title="bbox 2232 766 3821 843">
    <p class='ocr_par' dir='ltr' id='par_1_21' title="bbox 2232 766 3821 843">
     <span class='ocr_line' id='line_1_21' title="bbox 2232 766 3821 843; baseline 0.001 -20"><span class='ocrx_word' id='word_1_155' title='bbox 2232 769 2408 826; x_wconf 87' lang='lat' dir='ltr'><strong>dictus</strong></span> <span class='ocrx_word' id='word_1_156' title='bbox 2436 778 2491 827; x_wconf 92' lang='lat' dir='ltr'><strong>et</strong></span> <span class='ocrx_word' id='word_1_157' title='bbox 2521 770 2651 825; x_wconf 90' lang='lat' dir='ltr'><strong>vivit</strong></span> <span class='ocrx_word' id='word_1_158' title='bbox 2695 779 2751 825; x_wconf 93' lang='lat' dir='ltr'><strong>et</strong></span> <span class='ocrx_word' id='word_1_159' title='bbox 2790 768 2969 825; x_wconf 88' lang='lat' dir='ltr'><strong>omnia</strong></span> <span class='ocrx_word' id='word_1_160' title='bbox 3010 768 3148 843; x_wconf 77' lang='lat' dir='ltr'><strong>regit</strong></span> <span class='ocrx_word' id='word_1_161' title='bbox 3190 766 3243 824; x_wconf 89' lang='lat' dir='ltr'><strong>in</strong></span> <span class='ocrx_word' id='word_1_162' title='bbox 3292 766 3475 824; x_wconf 86' lang='lat' dir='ltr'><strong>secula</strong></span> <span class='ocrx_word' id='word_1_163' title='bbox 3514 768 3821 825; x_wconf 85' lang='lat' dir='ltr'><strong>seculorum</strong></span> 
     </span>
    </p>
   </div>
   <div class='ocr_carea' id='block_1_22' title="bbox 2231 877 2412 916">
    <p class='ocr_par' dir='ltr' id='par_1_22' title="bbox 2231 877 2412 916">
     <span class='ocr_line' id='line_1_22' title="bbox 2231 877 2412 916; baseline -0.006 0"><span class='ocrx_word' id='word_1_164' title='bbox 2231 877 2412 916; x_wconf 87' lang='lat' dir='ltr'><strong>amen.</strong></span> 
     </span>
    </p>
   </div>
   <div class='ocr_carea' id='block_1_23' title="bbox 2303 950 3823 1023">
    <p class='ocr_par' dir='ltr' id='par_1_23' title="bbox 2303 950 3823 1023">
     <span class='ocr_line' id='line_1_23' title="bbox 2303 950 3823 1023; baseline 0.004 -19"><span class='ocrx_word' id='word_1_165' title='bbox 2303 950 2452 1007; x_wconf 87' lang='lat' dir='ltr'><strong>Dicat</strong></span> <span class='ocrx_word' id='word_1_166' title='bbox 2480 951 2654 1009; x_wconf 86' lang='lat' dir='ltr'><strong>Presb.</strong></span> <span class='ocrx_word' id='word_1_167' title='bbox 2694 950 2952 1009; x_wconf 88' lang='lat' dir='ltr'><strong>Dominus</strong></span> <span class='ocrx_word' id='word_1_168' title='bbox 2969 951 3038 1008; x_wconf 90' lang='lat' dir='ltr'><strong>sit</strong></span> <span class='ocrx_word' id='word_1_169' title='bbox 3063 965 3277 1023; x_wconf 84' lang='lat' dir='ltr'><strong>semper</strong></span> <span class='ocrx_word' id='word_1_170' title='bbox 3306 950 3600 1011; x_wconf 83' lang='lat' dir='ltr'><strong>vobiscum.</strong></span> <span class='ocrx_word' id='word_1_171' title='bbox 3651 951 3689 1022; x_wconf 66' lang='grc' dir='ltr'><strong>ἢ</strong></span> <span class='ocrx_word' id='word_1_172' title='bbox 3710 990 3727 1007; x_wconf 90' lang='grc'><strong>.</strong></span> <span class='ocrx_word' id='word_1_173' title='bbox 3755 951 3823 1010; x_wconf 82' lang='lat' dir='ltr'><strong>Et</strong></span> 
     </span>
    </p>
   </div>
   <div class='ocr_carea' id='block_1_24' title="bbox 2233 1058 2378 1101">
    <p class='ocr_par' dir='ltr' id='par_1_24' title="bbox 2233 1058 2378 1101">
     <span class='ocr_line' id='line_1_24' title="bbox 2233 1058 2378 1101; baseline -0.007 0"><span class='ocrx_word' id='word_1_174' title='bbox 2233 1058 2378 1101; x_wconf 89' lang='lat' dir='ltr'><strong>eum.</strong></span> 
     </span>
    </p>
   </div>
   <div class='ocr_carea' id='block_1_25' title="bbox 2302 1137 3246 1196">
    <p class='ocr_par' dir='ltr' id='par_1_25' title="bbox 2302 1137 3246 1196">
     <span class='ocr_line' id='line_1_25' title="bbox 2302 1137 3246 1196; baseline 0.002 -3"><span class='ocrx_word' id='word_1_175' title='bbox 2302 1138 2501 1194; x_wconf 81' lang='lat' dir='ltr'><strong>Chorus</strong></span> <span class='ocrx_word' id='word_1_176' title='bbox 2527 1140 2686 1194; x_wconf 89' lang='lat' dir='ltr'><strong>dicat.</strong></span> <span class='ocrx_word' id='word_1_177' title='bbox 2718 1137 2939 1194; x_wconf 86' lang='lat' dir='ltr'><strong>Gustate</strong></span> <span class='ocrx_word' id='word_1_178' title='bbox 2967 1149 3021 1194; x_wconf 86' lang='lat' dir='ltr'><strong>et</strong></span> <span class='ocrx_word' id='word_1_179' title='bbox 3051 1138 3246 1196; x_wconf 86' lang='lat' dir='ltr'><strong>videte.</strong></span> 
     </span>
    </p>
   </div>
   <div class='ocr_carea' id='block_1_26' title="bbox 2301 1231 3826 1302">
    <p class='ocr_par' dir='ltr' id='par_1_26' title="bbox 2301 1231 3826 1302">
     <span class='ocr_line' id='line_1_26' title="bbox 2301 1231 3826 1302; baseline -0.001 -14"><span class='ocrx_word' id='word_1_180' title='bbox 2301 1233 2619 1288; x_wconf 80' lang='lat' dir='ltr'><strong>Connnunio.</strong></span> <span class='ocrx_word' id='word_1_181' title='bbox 2668 1233 2873 1290; x_wconf 80' lang='lat' dir='ltr'><strong>llel’ecti</strong></span> <span class='ocrx_word' id='word_1_182' title='bbox 2903 1231 3100 1287; x_wconf 87' lang='lat' dir='ltr'><strong>Christi</strong></span> <span class='ocrx_word' id='word_1_183' title='bbox 3127 1246 3373 1302; x_wconf 91' lang='lat' dir='ltr'><strong>corpore.</strong></span> <span class='ocrx_word' id='word_1_184' title='bbox 3400 1240 3447 1286; x_wconf 85' lang='lat' dir='ltr'><strong>ct</strong></span> <span class='ocrx_word' id='word_1_185' title='bbox 3473 1231 3675 1289; x_wconf 84' lang='lat' dir='ltr'><strong>Oratio.</strong></span> <span class='ocrx_word' id='word_1_186' title='bbox 3719 1247 3826 1288; x_wconf 88' lang='lat' dir='ltr'><strong>om-</strong></span> 
     </span>
    </p>
   </div>
   <div class='ocr_carea' id='block_1_27' title="bbox 2230 1322 3285 1396">
    <p class='ocr_par' dir='ltr' id='par_1_27' title="bbox 2230 1322 3285 1396">
     <span class='ocr_line' id='line_1_27' title="bbox 2230 1322 3285 1396; baseline 0.003 -20"><span class='ocrx_word' id='word_1_187' title='bbox 2230 1324 2315 1376; x_wconf 90' lang='lat' dir='ltr'><strong>nia</strong></span> <span class='ocrx_word' id='word_1_188' title='bbox 2341 1333 2394 1378; x_wconf 91' lang='lat' dir='ltr'><strong>ut</strong></span> <span class='ocrx_word' id='word_1_189' title='bbox 2422 1325 2473 1378; x_wconf 89' lang='lat' dir='ltr'><strong>in</strong></span> <span class='ocrx_word' id='word_1_190' title='bbox 2501 1325 2670 1396; x_wconf 87' lang='lat' dir='ltr'><strong>prima</strong></span> <span class='ocrx_word' id='word_1_191' title='bbox 2698 1322 2864 1379; x_wconf 78' lang='lat' dir='ltr'><strong>Missa</strong></span> <span class='ocrx_word' id='word_1_192' title='bbox 2891 1340 3060 1394; x_wconf 80' lang='lat' dir='ltr'><strong>quere.</strong></span> <span class='ocrx_word' id='word_1_193' title='bbox 3100 1322 3197 1394; x_wconf 90' lang='lat' dir='ltr'><strong>fol.</strong></span> <span class='ocrx_word' id='word_1_194' title='bbox 3230 1324 3285 1379; x_wconf 91' lang='lat'><strong>7.</strong></span> 
     </span>
    </p>
   </div>
   <div class='ocr_carea' id='block_1_28' title="bbox 2302 1444 3865 1513">
    <p class='ocr_par' dir='ltr' id='par_1_28' title="bbox 2302 1444 3865 1513">
     <span class='ocr_line' id='line_1_28' title="bbox 2302 1444 3865 1513; baseline -0.002 -1"><span class='ocrx_word' id='word_1_195' title='bbox 2302 1454 2366 1512; x_wconf 83' lang='lat' dir='ltr'><strong>IN</strong></span> <span class='ocrx_word' id='word_1_196' title='bbox 2397 1454 2673 1513; x_wconf 83' lang='lat' dir='ltr'><strong>NATALE</strong></span> <span class='ocrx_word' id='word_1_197' title='bbox 2702 1468 2723 1496; x_wconf 74' lang='grc' dir='ltr'><strong><em>ο</em></strong></span> <span class='ocrx_word' id='word_1_198' title='bbox 2757 1454 3001 1513; x_wconf 77' lang='lat' dir='ltr'><strong>SANCTI</strong></span> <span class='ocrx_word' id='word_1_199' title='bbox 3030 1454 3398 1513; x_wconf 81' lang='lat' dir='ltr'><strong>SATURNINI</strong></span> <span class='ocrx_word' id='word_1_200' title='bbox 3424 1454 3748 1513; x_wconf 81' lang='lat' dir='ltr'><strong>EPISCOPI.</strong></span> 
     </span>
    </p>
   </div>
   <div class='ocr_carea' id='block_1_29' title="bbox 2685 1569 3366 1645">
    <p class='ocr_par' dir='ltr' id='par_1_29' title="bbox 2685 1569 3366 1645">
     <span class='ocr_line' id='line_1_29' title="bbox 2685 1569 3366 1645; baseline 0 -17"><span class='ocrx_word' id='word_1_201' title='bbox 2685 1572 2767 1628; x_wconf 77' lang='lat' dir='ltr'><strong>Ad</strong></span> <span class='ocrx_word' id='word_1_202' title='bbox 2789 1571 3023 1628; x_wconf 73' lang='lat' dir='ltr'><strong>Missam.</strong></span> <span class='ocrx_word' id='word_1_203' title='bbox 3045 1569 3073 1610; x_wconf 71' lang='grc' dir='ltr'><strong><em>ἀ</em></strong></span> <span class='ocrx_word' id='word_1_204' title='bbox 3113 1572 3366 1645; x_wconf 71' lang='lat' dir='ltr'><strong>Officium.</strong></span> 
     </span>
    </p>
   </div>
   <div class='ocr_carea' id='block_1_30' title="bbox 2301 1682 3824 1759">
    <p class='ocr_par' dir='ltr' id='par_1_30' title="bbox 2301 1682 3824 1759">
     <span class='ocr_line' id='line_1_30' title="bbox 2301 1682 3824 1759; baseline 0.004 -20"><span class='ocrx_word' id='word_1_205' title='bbox 2301 1682 2535 1740; x_wconf 90' lang='lat' dir='ltr'><strong>Gloriam</strong></span> <span class='ocrx_word' id='word_1_206' title='bbox 2569 1693 2624 1741; x_wconf 92' lang='lat' dir='ltr'><strong>et</strong></span> <span class='ocrx_word' id='word_1_207' title='bbox 2646 1701 2898 1757; x_wconf 76' lang='lat' dir='ltr'><strong>magnum</strong></span> <span class='ocrx_word' id='word_1_208' title='bbox 2932 1687 3183 1743; x_wconf 86' lang='lat' dir='ltr'><strong>decorem</strong></span> <span class='ocrx_word' id='word_1_209' title='bbox 3214 1686 3455 1757; x_wconf 76' lang='lat' dir='ltr'><strong>imponas</strong></span> <span class='ocrx_word' id='word_1_210' title='bbox 3497 1702 3659 1759; x_wconf 81' lang='lat' dir='ltr'><strong>super</strong></span> <span class='ocrx_word' id='word_1_211' title='bbox 3698 1704 3824 1745; x_wconf 90' lang='lat' dir='ltr'><strong>eum</strong></span> 
     </span>
    </p>
   </div>
   <div class='ocr_carea' id='block_1_31' title="bbox 2229 1775 3823 1862">
    <p class='ocr_par' dir='ltr' id='par_1_31' title="bbox 2229 1775 3823 1862">
     <span class='ocr_line' id='line_1_31' title="bbox 2229 1775 3823 1862; baseline 0.004 -31"><span class='ocrx_word' id='word_1_212' title='bbox 2229 1775 2443 1845; x_wconf 88' lang='lat' dir='ltr'><strong>alleluja</strong></span> <span class='ocrx_word' id='word_1_213' title='bbox 2472 1795 2483 1830; x_wconf 89' lang='lat'><strong>:</strong></span> <span class='ocrx_word' id='word_1_214' title='bbox 2538 1789 2593 1833; x_wconf 88' lang='lat' dir='ltr'><strong>et</strong></span> <span class='ocrx_word' id='word_1_215' title='bbox 2629 1779 2782 1833; x_wconf 91' lang='lat' dir='ltr'><strong>dabis</strong></span> <span class='ocrx_word' id='word_1_216' title='bbox 2824 1794 2948 1835; x_wconf 91' lang='lat' dir='ltr'><strong>eum</strong></span> <span class='ocrx_word' id='word_1_217' title='bbox 2978 1780 3033 1835; x_wconf 91' lang='lat' dir='ltr'><strong>in</strong></span> <span class='ocrx_word' id='word_1_218' title='bbox 3063 1778 3460 1862; x_wconf 67' lang='lat' dir='ltr'><strong>benedictione.</strong></span> <span class='ocrx_word' id='word_1_219' title='bbox 3493 1780 3551 1835; x_wconf 90' lang='lat' dir='ltr'><strong>ln</strong></span> <span class='ocrx_word' id='word_1_220' title='bbox 3581 1781 3823 1838; x_wconf 84' lang='lat' dir='ltr'><strong>seculum</strong></span> 
     </span>
    </p>
   </div>
   <div class='ocr_carea' id='block_1_32' title="bbox 548 1870 3823 1949">
    <p class='ocr_par' dir='ltr' id='par_1_32' title="bbox 548 1870 3823 1949">
     <span class='ocr_line' id='line_1_32' title="bbox 548 1870 3823 1949; baseline 0 -19"><span class='ocrx_word' id='word_1_221' title='bbox 548 1878 930 1946; x_wconf 83' lang='lat' dir='ltr'><strong>proclamando</strong></span> <span class='ocrx_word' id='word_1_222' title='bbox 971 1894 1033 1933; x_wconf 90' lang='lat' dir='ltr'><strong>ac</strong></span> <span class='ocrx_word' id='word_1_223' title='bbox 1064 1877 1290 1933; x_wconf 86' lang='lat' dir='ltr'><strong>dicendo</strong></span> <span class='ocrx_word' id='word_1_224' title='bbox 1329 1879 1379 1932; x_wconf 93' lang='lat' dir='ltr'><strong>in</strong></span> <span class='ocrx_word' id='word_1_225' title='bbox 1413 1878 1588 1933; x_wconf 88' lang='lat' dir='ltr'><strong>terris.</strong></span> <span class='ocrx_word' id='word_1_226' title='bbox 1623 1876 1778 1932; x_wconf 86' lang='lat' dir='ltr'><strong>Pater</strong></span> <span class='ocrx_word' id='word_1_227' title='bbox 1807 1886 1995 1933; x_wconf 91' lang='lat' dir='ltr'><strong>noster</strong></span> <span class='ocrx_word' id='word_1_228' title='bbox 2021 1878 2129 1949; x_wconf 89' lang='lat' dir='ltr'><strong>qui.</strong></span> <span class='ocrx_word' id='word_1_229' title='bbox 2163 1884 2210 1944; x_wconf 76' lang='grc' dir='ltr'><strong><em>Β</em></strong></span> <span class='ocrx_word' id='word_1_230' title='bbox 2235 1870 2400 1926; x_wconf 70' lang='lat' dir='ltr'><strong>seculi</strong></span> <span class='ocrx_word' id='word_1_231' title='bbox 2432 1871 2645 1942; x_wconf 85' lang='lat' dir='ltr'><strong>alleluja</strong></span> <span class='ocrx_word' id='word_1_232' title='bbox 2675 1872 2912 1944; x_wconf 88' lang='lat' dir='ltr'><strong>alleluja.</strong></span> <span class='ocrx_word' id='word_1_233' title='bbox 2958 1875 2993 1945; x_wconf 64' lang='grc' dir='ltr'><em>ᾖ</em></span> <span class='ocrx_word' id='word_1_234' title='bbox 3020 1912 3033 1928; x_wconf 93' lang='grc'><strong>.</strong></span> <span class='ocrx_word' id='word_1_235' title='bbox 3059 1875 3255 1931; x_wconf 86' lang='lat' dir='ltr'><strong>Beatus</strong></span> <span class='ocrx_word' id='word_1_236' title='bbox 3294 1877 3375 1930; x_wconf 92' lang='lat' dir='ltr'><strong>vir</strong></span> <span class='ocrx_word' id='word_1_237' title='bbox 3402 1875 3493 1945; x_wconf 88' lang='lat' dir='ltr'><strong>qui</strong></span> <span class='ocrx_word' id='word_1_238' title='bbox 3524 1877 3697 1931; x_wconf 77' lang='lat' dir='ltr'><strong>timet&#39;</strong></span> <span class='ocrx_word' id='word_1_239' title='bbox 3720 1878 3823 1931; x_wconf 65' lang='lat' dir='ltr'><strong>Do»</strong></span> 
     </span>
    </p>
   </div>
   <div class='ocr_carea' id='block_1_33' title="bbox 624 1993 2125 2064">
    <p class='ocr_par' dir='ltr' id='par_1_33' title="bbox 624 1993 2125 2064">
     <span class='ocr_line' id='line_1_33' title="bbox 624 1993 2125 2064; baseline 0.001 -17"><span class='ocrx_word' id='word_1_240' title='bbox 624 1994 930 2049; x_wconf 71' lang='lat' dir='ltr'><strong>Beit&#39;ediuio.</strong></span> <span class='ocrx_word' id='word_1_241' title='bbox 963 1994 1212 2051; x_wconf 87' lang='lat' dir='ltr'><strong>Clemens</strong></span> <span class='ocrx_word' id='word_1_242' title='bbox 1259 2004 1311 2050; x_wconf 92' lang='lat' dir='ltr'><strong>et</strong></span> <span class='ocrx_word' id='word_1_243' title='bbox 1359 1993 1630 2064; x_wconf 87' lang='lat' dir='ltr'><strong>piissimus</strong></span> <span class='ocrx_word' id='word_1_244' title='bbox 1671 1993 1965 2050; x_wconf 88' lang='lat' dir='ltr'><strong>Dominus:</strong></span> <span class='ocrx_word' id='word_1_245' title='bbox 1993 1993 2125 2050; x_wconf 91' lang='lat' dir='ltr'><strong>Cle-</strong></span> 
     </span>
    </p>
   </div>
   <div class='ocr_carea' id='block_1_34' title="bbox 548 2086 2127 2145">
    <p class='ocr_par' dir='ltr' id='par_1_34' title="bbox 548 2086 2127 2145">
     <span class='ocr_line' id='line_1_34' title="bbox 548 2086 2127 2145; baseline 0 -2"><span class='ocrx_word' id='word_1_246' title='bbox 548 2090 748 2144; x_wconf 88' lang='lat' dir='ltr'><strong>mentis</strong></span> <span class='ocrx_word' id='word_1_247' title='bbox 778 2089 858 2144; x_wconf 91' lang='lat' dir='ltr'><strong>sui</strong></span> <span class='ocrx_word' id='word_1_248' title='bbox 901 2098 1111 2145; x_wconf 89' lang='lat' dir='ltr'><strong>tueatur</strong></span> <span class='ocrx_word' id='word_1_249' title='bbox 1139 2088 1520 2144; x_wconf 89' lang='lat' dir='ltr'><strong>amminiculo:</strong></span> <span class='ocrx_word' id='word_1_250' title='bbox 1568 2096 1622 2144; x_wconf 90' lang='lat' dir='ltr'><strong>et</strong></span> <span class='ocrx_word' id='word_1_251' title='bbox 1659 2086 1847 2143; x_wconf 87' lang='lat' dir='ltr'><strong>liberet</strong></span> <span class='ocrx_word' id='word_1_252' title='bbox 1885 2088 1953 2144; x_wconf 90' lang='lat' dir='ltr'><strong>ab</strong></span> <span class='ocrx_word' id='word_1_253' title='bbox 1979 2087 2127 2144; x_wconf 91' lang='lat' dir='ltr'><strong>omni</strong></span> 
     </span>
    </p>
   </div>
   <div class='ocr_carea' id='block_1_35' title="bbox 542 2188 1127 2259">
    <p class='ocr_par' dir='ltr' id='par_1_35' title="bbox 542 2188 1127 2259">
     <span class='ocr_line' id='line_1_35' title="bbox 542 2188 1127 2259; baseline -0.003 -15"><span class='ocrx_word' id='word_1_254' title='bbox 542 2197 785 2259; x_wconf 86' lang='lat' dir='ltr'><strong>peccato.</strong></span> <span class='ocrx_word' id='word_1_255' title='bbox 835 2188 871 2257; x_wconf 73' lang='lat' dir='ltr'><strong>ri)</strong></span> <span class='ocrx_word' id='word_1_256' title='bbox 894 2227 907 2241; x_wconf 95' lang='lat'><strong>.</strong></span> <span class='ocrx_word' id='word_1_257' title='bbox 937 2189 1127 2243; x_wconf 88' lang='lat' dir='ltr'><strong>Amen.</strong></span> 
     </span>
    </p>
   </div>
   <div class='ocr_carea' id='block_1_36' title="bbox 616 2301 2128 2360">
    <p class='ocr_par' dir='ltr' id='par_1_36' title="bbox 616 2301 2128 2360">
     <span class='ocr_line' id='line_1_36' title="bbox 616 2301 2128 2360; baseline 0.003 -4"><span class='ocrx_word' id='word_1_258' title='bbox 616 2302 913 2358; x_wconf 78' lang='lat' dir='ltr'><strong>Clementia</strong></span> <span class='ocrx_word' id='word_1_259' title='bbox 938 2317 1037 2358; x_wconf 91' lang='lat' dir='ltr'><strong>sue</strong></span> <span class='ocrx_word' id='word_1_260' title='bbox 1077 2301 1219 2357; x_wconf 91' lang='lat' dir='ltr'><strong>dono</strong></span> <span class='ocrx_word' id='word_1_261' title='bbox 1249 2318 1342 2358; x_wconf 86' lang='lat' dir='ltr'><strong>vos</strong></span> <span class='ocrx_word' id='word_1_262' title='bbox 1384 2303 1604 2360; x_wconf 89' lang='lat' dir='ltr'><strong>letiﬁeet</strong></span> <span class='ocrx_word' id='word_1_263' title='bbox 1643 2304 1694 2360; x_wconf 91' lang='lat' dir='ltr'><strong>in</strong></span> <span class='ocrx_word' id='word_1_264' title='bbox 1728 2304 1829 2360; x_wconf 90' lang='lat' dir='ltr'><strong>hoc</strong></span> <span class='ocrx_word' id='word_1_265' title='bbox 1858 2303 2043 2360; x_wconf 90' lang='lat' dir='ltr'><strong>seculo</strong></span> <span class='ocrx_word' id='word_1_266' title='bbox 2071 2311 2128 2360; x_wconf 87' lang='lat' dir='ltr'><strong>et</strong></span> 
     </span>
    </p>
   </div>
   <div class='ocr_carea' id='block_1_37' title="bbox 545 2381 2124 2471">
    <p class='ocr_par' dir='ltr' id='par_1_37' title="bbox 545 2381 2124 2471">
     <span class='ocr_line' id='line_1_37' title="bbox 545 2381 2124 2471; baseline 0.004 -20"><span class='ocrx_word' id='word_1_267' title='bbox 545 2390 613 2451; x_wconf 63' lang='lat' dir='ltr'><strong>‘ab</strong></span> <span class='ocrx_word' id='word_1_268' title='bbox 657 2398 803 2451; x_wconf 88' lang='lat' dir='ltr'><strong>omni</strong></span> <span class='ocrx_word' id='word_1_269' title='bbox 852 2381 1010 2454; x_wconf 77' lang='lat' dir='ltr'><strong>sorde</strong></span> <span class='ocrx_word' id='word_1_270' title='bbox 1066 2398 1375 2469; x_wconf 89' lang='lat' dir='ltr'><strong>puriﬁcatos</strong></span> <span class='ocrx_word' id='word_1_271' title='bbox 1424 2400 1670 2456; x_wconf 88' lang='lat' dir='ltr'><strong>restituat</strong></span> <span class='ocrx_word' id='word_1_272' title='bbox 1721 2400 1992 2471; x_wconf 87' lang='lat' dir='ltr'><strong>paradiso.</strong></span> <span class='ocrx_word' id='word_1_273' title='bbox 2048 2399 2124 2470; x_wconf 67' lang='lat' dir='ltr'><strong>ti.</strong></span> 
     </span>
    </p>
   </div>
   <div class='ocr_carea' id='block_1_38' title="bbox 541 2487 732 2547">
    <p class='ocr_par' dir='ltr' id='par_1_38' title="bbox 541 2487 732 2547">
     <span class='ocr_line' id='line_1_38' title="bbox 541 2487 732 2547; baseline -0.01 0"><span class='ocrx_word' id='word_1_274' title='bbox 541 2487 732 2547; x_wconf 85' lang='lat' dir='ltr'><strong>Arnen.</strong></span> 
     </span>
    </p>
   </div>
   <div class='ocr_carea' id='block_1_39' title="bbox 620 2604 2130 2680">
    <p class='ocr_par' dir='ltr' id='par_1_39' title="bbox 620 2604 2130 2680">
     <span class='ocr_line' id='line_1_39' title="bbox 620 2604 2130 2680; baseline 0.001 -19"><span class='ocrx_word' id='word_1_275' title='bbox 620 2605 687 2661; x_wconf 89' lang='lat' dir='ltr'><strong>Ut</strong></span> <span class='ocrx_word' id='word_1_276' title='bbox 718 2606 858 2661; x_wconf 91' lang='lat' dir='ltr'><strong>sicut</strong></span> <span class='ocrx_word' id='word_1_277' title='bbox 887 2605 1132 2663; x_wconf 89' lang='lat' dir='ltr'><strong>Clemens</strong></span> <span class='ocrx_word' id='word_1_278' title='bbox 1159 2623 1291 2679; x_wconf 89' lang='lat' dir='ltr'><strong>papa</strong></span> <span class='ocrx_word' id='word_1_279' title='bbox 1320 2604 1348 2643; x_wconf 66' lang='grc' dir='ltr'>δ</span> <span class='ocrx_word' id='word_1_280' title='bbox 1381 2621 1477 2678; x_wconf 89' lang='lat' dir='ltr'><strong>per</strong></span> <span class='ocrx_word' id='word_1_281' title='bbox 1498 2606 1741 2680; x_wconf 88' lang='lat' dir='ltr'><strong>martyrii</strong></span> <span class='ocrx_word' id='word_1_282' title='bbox 1772 2607 1995 2677; x_wconf 78' lang='lat' dir='ltr'><strong>gratiam</strong></span> <span class='ocrx_word' id='word_1_283' title='bbox 2032 2604 2130 2662; x_wconf 79' lang='lat' dir='ltr'><strong>ho-</strong></span> 
     </span>
    </p>
   </div>
   <div class='ocr_carea' id='block_1_40' title="bbox 548 2698 2131 2771">
    <p class='ocr_par' dir='ltr' id='par_1_40' title="bbox 548 2698 2131 2771">
     <span class='ocr_line' id='line_1_40' title="bbox 548 2698 2131 2771; baseline 0.001 -19"><span class='ocrx_word' id='word_1_284' title='bbox 548 2706 684 2753; x_wconf 87' lang='lat' dir='ltr'><strong>stem</strong></span> <span class='ocrx_word' id='word_1_285' title='bbox 730 2699 993 2757; x_wconf 88' lang='lat' dir='ltr'><strong>viucendo</strong></span> <span class='ocrx_word' id='word_1_286' title='bbox 1034 2700 1299 2771; x_wconf 79' lang='lat' dir='ltr'><strong>gloriosus</strong></span> <span class='ocrx_word' id='word_1_287' title='bbox 1342 2700 1588 2771; x_wconf 78' lang='lat' dir='ltr'><strong>migravit</strong></span> <span class='ocrx_word' id='word_1_288' title='bbox 1617 2714 1648 2755; x_wconf 91' lang='lat' dir='ltr'><strong>e</strong></span> <span class='ocrx_word' id='word_1_289' title='bbox 1685 2698 1907 2755; x_wconf 84' lang='lat' dir='ltr'><strong>seculo:</strong></span> <span class='ocrx_word' id='word_1_290' title='bbox 1939 2700 2009 2754; x_wconf 92' lang='lat' dir='ltr'><strong>ita</strong></span> <span class='ocrx_word' id='word_1_291' title='bbox 2037 2712 2131 2754; x_wconf 80' lang='lat' dir='ltr'><strong>vos</strong></span> 
     </span>
    </p>
   </div>
   <div class='ocr_carea' id='block_1_41' title="bbox 549 2837 2134 2913">
    <p class='ocr_par' dir='ltr' id='par_1_41' title="bbox 549 2837 2134 2913">
     <span class='ocr_line' id='line_1_41' title="bbox 549 2837 2134 2913; baseline -0.003 -18"><span class='ocrx_word' id='word_1_292' title='bbox 549 2842 685 2905; x_wconf 85' lang='lat' dir='ltr'><strong>nico,</strong></span> <span class='ocrx_word' id='word_1_293' title='bbox 719 2842 781 2895; x_wconf 84' lang='lat' dir='ltr'><strong>ab</strong></span> <span class='ocrx_word' id='word_1_294' title='bbox 816 2841 1121 2913; x_wconf 81' lang='lat' dir='ltr'><strong>Olympiade</strong></span> <span class='ocrx_word' id='word_1_295' title='bbox 1149 2840 1300 2912; x_wconf 73' lang='grc'>297).</span> <span class='ocrx_word' id='word_1_296' title='bbox 1336 2841 1451 2913; x_wconf 83' lang='lat' dir='ltr'><strong>lluc</strong></span> <span class='ocrx_word' id='word_1_297' title='bbox 1478 2840 1637 2913; x_wconf 86' lang='lat' dir='ltr'><strong>etiam</strong></span> <span class='ocrx_word' id='word_1_298' title='bbox 1662 2837 1825 2913; x_wconf 76' lang='lat' dir='ltr'><strong>refert</strong></span> <span class='ocrx_word' id='word_1_299' title='bbox 1855 2852 1975 2908; x_wconf 67' lang='lat' dir='ltr'><strong>qua:</strong></span> <span class='ocrx_word' id='word_1_300' title='bbox 2005 2837 2134 2913; x_wconf 71' lang='lat' dir='ltr'><strong>Avi-</strong></span> 
     </span>
    </p>
   </div>
   <div class='ocr_carea' id='block_1_42' title="bbox 550 2909 2134 2985">
    <p class='ocr_par' dir='ltr' id='par_1_42' title="bbox 550 2909 2134 2985">
     <span class='ocr_line' id='line_1_42' title="bbox 550 2909 2134 2985; baseline -0.003 -18"><span class='ocrx_word' id='word_1_301' title='bbox 550 2920 637 2967; x_wconf 84' lang='lat' dir='ltr'><strong>tus</strong></span> <span class='ocrx_word' id='word_1_302' title='bbox 672 2909 949 2985; x_wconf 75' lang='lat' dir='ltr'><strong>presbyter</strong></span> <span class='ocrx_word' id='word_1_303' title='bbox 972 2909 1181 2969; x_wconf 45' lang='lat' dir='ltr'><strong>&#39;scribit</strong></span> <span class='ocrx_word' id='word_1_304' title='bbox 1228 2909 1374 2982; x_wconf 77' lang='lat' dir='ltr'><strong>papa:</strong></span> <span class='ocrx_word' id='word_1_305' title='bbox 1406 2911 1678 2985; x_wconf 85' lang='lat' dir='ltr'><strong>Palcunio,</strong></span> <span class='ocrx_word' id='word_1_306' title='bbox 1727 2911 1977 2979; x_wconf 69' lang='lat' dir='ltr'><strong>episeopo</strong></span> <span class='ocrx_word' id='word_1_307' title='bbox 2006 2909 2134 2963; x_wconf 83' lang='lat' dir='ltr'><strong>Bra-</strong></span> 
     </span>
    </p>
   </div>
   <div class='ocr_carea' id='block_1_43' title="bbox 551 2981 2129 3051">
    <p class='ocr_par' dir='ltr' id='par_1_43' title="bbox 551 2981 2129 3051">
     <span class='ocr_line' id='line_1_43' title="bbox 551 2981 2129 3051; baseline -0.004 -14"><span class='ocrx_word' id='word_1_308' title='bbox 551 2984 763 3039; x_wconf 83' lang='lat' dir='ltr'><strong>car‘ensi</strong></span> <span class='ocrx_word' id='word_1_309' title='bbox 800 2981 975 3051; x_wconf 65' lang='lat' dir='ltr'><strong>(Apud</strong></span> <span class='ocrx_word' id='word_1_310' title='bbox 1027 2981 1417 3047; x_wconf 80' lang='lat' dir='ltr'><strong>Mabillanium,</strong></span> <span class='ocrx_word' id='word_1_311' title='bbox 1468 2981 1702 3036; x_wconf 82' lang='lat' dir='ltr'><strong>Analect.</strong></span> <span class='ocrx_word' id='word_1_312' title='bbox 1754 2991 1904 3034; x_wconf 74' lang='lat' dir='ltr'><strong>teter.</strong></span> <span class='ocrx_word' id='word_1_313' title='bbox 1937 3022 1952 3046; x_wconf 92' lang='lat'><strong>,</strong></span> <span class='ocrx_word' id='word_1_314' title='bbox 2004 2990 2129 3034; x_wconf 88' lang='lat' dir='ltr'><strong>tam.</strong></span> 
     </span>
    </p>
   </div>
   <div class='ocr_carea' id='block_1_44' title="bbox 552 3052 2131 3123">
    <p class='ocr_par' dir='ltr' id='par_1_44' title="bbox 552 3052 2131 3123">
     <span class='ocr_line' id='line_1_44' title="bbox 552 3052 2131 3123; baseline -0.004 -14"><span class='ocrx_word' id='word_1_315' title='bbox 552 3054 664 3122; x_wconf 86' lang='lat' dir='ltr'><strong>IV,</strong></span> <span class='ocrx_word' id='word_1_316' title='bbox 726 3074 775 3123; x_wconf 86' lang='lat' dir='ltr'><strong>p.</strong></span> <span class='ocrx_word' id='word_1_317' title='bbox 815 3058 970 3122; x_wconf 78' lang='grc'><strong>181),</strong></span> <span class='ocrx_word' id='word_1_318' title='bbox 1014 3072 1135 3111; x_wconf 89' lang='lat' dir='ltr'><strong>cum</strong></span> <span class='ocrx_word' id='word_1_319' title='bbox 1176 3056 1250 3111; x_wconf 87' lang='lat' dir='ltr'><strong>illi</strong></span> <span class='ocrx_word' id='word_1_320' title='bbox 1281 3072 1375 3123; x_wconf 89' lang='lat' dir='ltr'><strong>per</strong></span> <span class='ocrx_word' id='word_1_321' title='bbox 1419 3054 1666 3108; x_wconf 86' lang='lat' dir='ltr'><strong>Orosinm</strong></span> <span class='ocrx_word' id='word_1_322' title='bbox 1708 3054 1953 3123; x_wconf 72' lang='lat' dir='ltr'><strong>mitteret</strong></span> <span class='ocrx_word' id='word_1_323' title='bbox 2004 3052 2131 3106; x_wconf 89' lang='lat' dir='ltr'><strong>reli-</strong></span> 
     </span>
    </p>
   </div>
   <div class='ocr_carea' id='block_1_45' title="bbox 550 3120 2133 3199">
    <p class='ocr_par' dir='ltr' id='par_1_45' title="bbox 550 3120 2133 3199">
     <span class='ocr_line' id='line_1_45' title="bbox 550 3120 2133 3199; baseline -0.004 -18"><span class='ocrx_word' id='word_1_324' title='bbox 550 3120 701 3197; x_wconf 85' lang='lat' dir='ltr'><strong>quias</strong></span> <span class='ocrx_word' id='word_1_325' title='bbox 725 3120 893 3182; x_wconf 85' lang='lat' dir='ltr'><strong>s&#39;ancti</strong></span> <span class='ocrx_word' id='word_1_326' title='bbox 924 3120 1178 3199; x_wconf 72' lang='lat' dir='ltr'><strong>Stephani</strong></span> <span class='ocrx_word' id='word_1_327' title='bbox 1212 3120 1380 3195; x_wconf 85' lang='lat' dir='ltr'><strong>nuper</strong></span> <span class='ocrx_word' id='word_1_328' title='bbox 1398 3124 1676 3199; x_wconf 87' lang='lat' dir='ltr'><strong>detectas__:</strong></span> <span class='ocrx_word' id='word_1_329' title='bbox 1697 3120 2133 3199; x_wconf 65' lang='lat' dir='ltr'><strong>Tribulationibus</strong></span> 
     </span>
    </p>
   </div>
   <div class='ocr_carea' id='block_1_46' title="bbox 545 3190 2131 3270">
    <p class='ocr_par' dir='ltr' id='par_1_46' title="bbox 545 3190 2131 3270">
     <span class='ocr_line' id='line_1_46' title="bbox 545 3190 2131 3270; baseline -0.004 -17"><span class='ocrx_word' id='word_1_330' title='bbox 545 3190 743 3263; x_wconf 66' lang='lat' dir='ltr'><strong>vestris,</strong></span> <span class='ocrx_word' id='word_1_331' title='bbox 794 3200 986 3270; x_wconf 87' lang='lat' dir='ltr'><strong>inquit,</strong></span> <span class='ocrx_word' id='word_1_332' title='bbox 1022 3190 1361 3267; x_wconf 71' lang='lat' dir='ltr'><strong>compatiens,</strong></span> <span class='ocrx_word' id='word_1_333' title='bbox 1407 3206 1451 3270; x_wconf 82' lang='lat' dir='ltr'><strong>et</strong></span> <span class='ocrx_word' id='word_1_334' title='bbox 1490 3210 1581 3270; x_wconf 81' lang='lat' dir='ltr'><strong>pro</strong></span> <span class='ocrx_word' id='word_1_335' title='bbox 1611 3195 1846 3270; x_wconf 82' lang='lat' dir='ltr'><strong>discidio_</strong></span> <span class='ocrx_word' id='word_1_336' title='bbox 1878 3190 2131 3270; x_wconf 45' lang='lat' dir='ltr'><strong>[cncidio]</strong></span> 
     </span>
    </p>
   </div>
   <div class='ocr_carea' id='block_1_47' title="bbox 2231 1965 3823 2039">
    <p class='ocr_par' dir='ltr' id='par_1_47' title="bbox 2231 1965 3823 2039">
     <span class='ocr_line' id='line_1_47' title="bbox 2231 1965 3823 2039; baseline 0.003 -20"><span class='ocrx_word' id='word_1_337' title='bbox 2231 1965 2471 2020; x_wconf 82' lang='lat' dir='ltr'><strong>mitium:</strong></span> <span class='ocrx_word' id='word_1_338' title='bbox 2524 1967 2579 2020; x_wconf 91' lang='lat' dir='ltr'><strong>in</strong></span> <span class='ocrx_word' id='word_1_339' title='bbox 2621 1965 2890 2021; x_wconf 87' lang='lat' dir='ltr'><strong>mandatis</strong></span> <span class='ocrx_word' id='word_1_340' title='bbox 2943 1966 3061 2039; x_wconf 86' lang='lat' dir='ltr'><strong>ejus</strong></span> <span class='ocrx_word' id='word_1_341' title='bbox 3096 1968 3241 2037; x_wconf 91' lang='lat' dir='ltr'><strong>cupit</strong></span> <span class='ocrx_word' id='word_1_342' title='bbox 3269 1968 3446 2023; x_wconf 90' lang='lat' dir='ltr'><strong>nimis.</strong></span> <span class='ocrx_word' id='word_1_343' title='bbox 3481 1966 3549 2023; x_wconf 88' lang='grc' dir='ltr'><strong>Ρ.</strong></span> <span class='ocrx_word' id='word_1_344' title='bbox 3583 1968 3640 2022; x_wconf 95' lang='lat' dir='ltr'><strong>In</strong></span> <span class='ocrx_word' id='word_1_345' title='bbox 3664 1983 3823 2023; x_wconf 81' lang='lat' dir='ltr'><strong>secu-</strong></span> 
     </span>
    </p>
   </div>
   <div class='ocr_carea' id='block_1_48' title="bbox 2230 2056 3822 2130">
    <p class='ocr_par' dir='ltr' id='par_1_48' title="bbox 2230 2056 3822 2130">
     <span class='ocr_line' id='line_1_48' title="bbox 2230 2056 3822 2130; baseline 0.004 -18"><span class='ocrx_word' id='word_1_346' title='bbox 2230 2056 2361 2112; x_wconf 89' lang='lat' dir='ltr'><strong>lum.</strong></span> <span class='ocrx_word' id='word_1_347' title='bbox 2422 2059 2496 2127; x_wconf 59' lang='lat'><strong>7.</strong></span> <span class='ocrx_word' id='word_1_348' title='bbox 2533 2056 2713 2114; x_wconf 84' lang='lat' dir='ltr'><strong>Gloria</strong></span> <span class='ocrx_word' id='word_1_349' title='bbox 2759 2068 2814 2114; x_wconf 93' lang='lat' dir='ltr'><strong>et</strong></span> <span class='ocrx_word' id='word_1_350' title='bbox 2861 2060 3032 2115; x_wconf 90' lang='lat' dir='ltr'><strong>honor</strong></span> <span class='ocrx_word' id='word_1_351' title='bbox 3073 2059 3216 2115; x_wconf 87' lang='lat' dir='ltr'><strong>Patri</strong></span> <span class='ocrx_word' id='word_1_352' title='bbox 3261 2070 3315 2116; x_wconf 93' lang='lat' dir='ltr'><strong>et</strong></span> <span class='ocrx_word' id='word_1_353' title='bbox 3351 2059 3492 2116; x_wconf 89' lang='lat' dir='ltr'><strong>Filio</strong></span> <span class='ocrx_word' id='word_1_354' title='bbox 3520 2068 3577 2115; x_wconf 90' lang='lat' dir='ltr'><strong>et</strong></span> <span class='ocrx_word' id='word_1_355' title='bbox 3600 2061 3822 2130; x_wconf 87' lang='lat' dir='ltr'><strong>Spiritui</strong></span> 
     </span>
    </p>
   </div>
   <div class='ocr_carea' id='block_1_49' title="bbox 2230 2148 3820 2211">
    <p class='ocr_par' dir='ltr' id='par_1_49' title="bbox 2230 2148 3820 2211">
     <span class='ocr_line' id='line_1_49' title="bbox 2230 2148 3820 2211; baseline 0.004 -7"><span class='ocrx_word' id='word_1_356' title='bbox 2230 2148 2431 2205; x_wconf 91' lang='lat' dir='ltr'><strong>Sancto</strong></span> <span class='ocrx_word' id='word_1_357' title='bbox 2462 2150 2514 2205; x_wconf 91' lang='lat' dir='ltr'><strong>in</strong></span> <span class='ocrx_word' id='word_1_358' title='bbox 2564 2152 2743 2207; x_wconf 88' lang='lat' dir='ltr'><strong>secula</strong></span> <span class='ocrx_word' id='word_1_359' title='bbox 2790 2154 3091 2209; x_wconf 90' lang='lat' dir='ltr'><strong>seculorum</strong></span> <span class='ocrx_word' id='word_1_360' title='bbox 3139 2168 3317 2209; x_wconf 91' lang='lat' dir='ltr'><strong>amen.</strong></span> <span class='ocrx_word' id='word_1_361' title='bbox 3366 2152 3437 2209; x_wconf 86' lang='lat' dir='ltr'><strong>P.</strong></span> <span class='ocrx_word' id='word_1_362' title='bbox 3471 2153 3528 2210; x_wconf 91' lang='lat' dir='ltr'><strong>ln</strong></span> <span class='ocrx_word' id='word_1_363' title='bbox 3560 2154 3820 2211; x_wconf 87' lang='lat' dir='ltr'><strong>seculum.</strong></span> 
     </span>
    </p>
   </div>
   <div class='ocr_carea' id='block_1_50' title="bbox 2314 2242 3251 2302">
    <p class='ocr_par' dir='ltr' id='par_1_50' title="bbox 2314 2242 3251 2302">
     <span class='ocr_line' id='line_1_50' title="bbox 2314 2242 3251 2302; baseline 0.005 -5"><span class='ocrx_word' id='word_1_364' title='bbox 2314 2242 2466 2297; x_wconf 83' lang='lat' dir='ltr'><strong>Dicat</strong></span> <span class='ocrx_word' id='word_1_365' title='bbox 2492 2242 2677 2302; x_wconf 84' lang='lat' dir='ltr'><strong>Presb.</strong></span> <span class='ocrx_word' id='word_1_366' title='bbox 2709 2244 2887 2301; x_wconf 87' lang='lat' dir='ltr'><strong>Gloria</strong></span> <span class='ocrx_word' id='word_1_367' title='bbox 2919 2247 2972 2302; x_wconf 91' lang='lat' dir='ltr'><strong>in</strong></span> <span class='ocrx_word' id='word_1_368' title='bbox 3002 2245 3251 2302; x_wconf 77' lang='lat' dir='ltr'><strong>excelsis.</strong></span> 
     </span>
    </p>
   </div>
   <div class='ocr_carea' id='block_1_51' title="bbox 2311 2337 3822 2411">
    <p class='ocr_par' dir='ltr' id='par_1_51' title="bbox 2311 2337 3822 2411">
     <span class='ocr_line' id='line_1_51' title="bbox 2311 2337 3822 2411; baseline 0.001 -17"><span class='ocrx_word' id='word_1_369' title='bbox 2311 2337 2516 2394; x_wconf 79' lang='lat' dir='ltr'><strong>Oratio.</strong></span> <span class='ocrx_word' id='word_1_370' title='bbox 2545 2337 2725 2395; x_wconf 86' lang='lat' dir='ltr'><strong>Gloria</strong></span> <span class='ocrx_word' id='word_1_371' title='bbox 2754 2350 2937 2396; x_wconf 90' lang='lat' dir='ltr'><strong>nostra</strong></span> <span class='ocrx_word' id='word_1_372' title='bbox 2968 2341 3110 2397; x_wconf 87' lang='lat' dir='ltr'><strong>Deus</strong></span> <span class='ocrx_word' id='word_1_373' title='bbox 3135 2349 3316 2397; x_wconf 90' lang='lat' dir='ltr'><strong>noster</strong></span> <span class='ocrx_word' id='word_1_374' title='bbox 3344 2357 3358 2395; x_wconf 91' lang='lat'><strong>:</strong></span> <span class='ocrx_word' id='word_1_375' title='bbox 3390 2338 3478 2411; x_wconf 90' lang='lat' dir='ltr'><strong>qui</strong></span> <span class='ocrx_word' id='word_1_376' title='bbox 3510 2340 3564 2396; x_wconf 95' lang='lat' dir='ltr'><strong>in</strong></span> <span class='ocrx_word' id='word_1_377' title='bbox 3592 2341 3726 2396; x_wconf 87' lang='lat' dir='ltr'><strong>ceiis</strong></span> <span class='ocrx_word' id='word_1_378' title='bbox 3756 2340 3822 2395; x_wconf 90' lang='lat' dir='ltr'><strong>ab</strong></span> 
     </span>
    </p>
   </div>
   <div class='ocr_carea' id='block_1_52' title="bbox 2236 2432 3820 2505">
    <p class='ocr_par' dir='ltr' id='par_1_52' title="bbox 2236 2432 3820 2505">
     <span class='ocr_line' id='line_1_52' title="bbox 2236 2432 3820 2505; baseline -0.001 -16"><span class='ocrx_word' id='word_1_379' title='bbox 2236 2432 2457 2504; x_wconf 78' lang='lat' dir='ltr'><strong>Angelis</strong></span> <span class='ocrx_word' id='word_1_380' title='bbox 2480 2432 2900 2489; x_wconf 73' lang='lat' dir='ltr'><strong>demonstreris:</strong></span> <span class='ocrx_word' id='word_1_381' title='bbox 2930 2443 2986 2490; x_wconf 91' lang='lat' dir='ltr'><strong>et</strong></span> <span class='ocrx_word' id='word_1_382' title='bbox 3034 2433 3090 2489; x_wconf 90' lang='lat' dir='ltr'><strong>in</strong></span> <span class='ocrx_word' id='word_1_383' title='bbox 3134 2444 3449 2505; x_wconf 89' lang='lat' dir='ltr'><strong>perpetuum</strong></span> <span class='ocrx_word' id='word_1_384' title='bbox 3478 2432 3820 2488; x_wconf 76' lang='lat' dir='ltr'><strong>decantatis:</strong></span> 
     </span>
    </p>
   </div>
   <div class='ocr_carea' id='block_1_53' title="bbox 2238 2523 3824 2596">
    <p class='ocr_par' dir='ltr' id='par_1_53' title="bbox 2238 2523 3824 2596">
     <span class='ocr_line' id='line_1_53' title="bbox 2238 2523 3824 2596; baseline 0 -18"><span class='ocrx_word' id='word_1_385' title='bbox 2238 2524 2325 2579; x_wconf 87' lang='lat' dir='ltr'><strong>hic</strong></span> <span class='ocrx_word' id='word_1_386' title='bbox 2361 2524 2593 2581; x_wconf 88' lang='lat' dir='ltr'><strong>ﬁdeliter</strong></span> <span class='ocrx_word' id='word_1_387' title='bbox 2634 2540 2698 2580; x_wconf 89' lang='lat' dir='ltr'><strong>ac</strong></span> <span class='ocrx_word' id='word_1_388' title='bbox 2744 2526 3036 2582; x_wconf 88' lang='lat' dir='ltr'><strong>solenniter</strong></span> <span class='ocrx_word' id='word_1_389' title='bbox 3083 2525 3416 2596; x_wconf 89' lang='lat' dir='ltr'><strong>predicaris:</strong></span> <span class='ocrx_word' id='word_1_390' title='bbox 3464 2534 3642 2594; x_wconf 87' lang='lat' dir='ltr'><strong>presta</strong></span> <span class='ocrx_word' id='word_1_391' title='bbox 3673 2523 3824 2580; x_wconf 87' lang='lat' dir='ltr'><strong>nobis</strong></span> 
     </span>
    </p>
   </div>
   <div class='ocr_carea' id='block_1_54' title="bbox 2240 2614 3825 2687">
    <p class='ocr_par' dir='ltr' id='par_1_54' title="bbox 2240 2614 3825 2687">
     <span class='ocr_line' id='line_1_54' title="bbox 2240 2614 3825 2687; baseline 0.002 -20"><span class='ocrx_word' id='word_1_392' title='bbox 2240 2614 2570 2683; x_wconf 87' lang='lat' dir='ltr'><strong>amplissima</strong></span> <span class='ocrx_word' id='word_1_393' title='bbox 2596 2615 2794 2685; x_wconf 89' lang='lat' dir='ltr'><strong>pietate</strong></span> <span class='ocrx_word' id='word_1_394' title='bbox 2824 2624 2911 2671; x_wconf 87' lang='lat' dir='ltr'><strong>tua</strong></span> <span class='ocrx_word' id='word_1_395' title='bbox 2952 2632 2981 2671; x_wconf 73' lang='grc' dir='ltr'>ι</span> <span class='ocrx_word' id='word_1_396' title='bbox 3022 2617 3178 2672; x_wconf 89' lang='lat' dir='ltr'><strong>malis</strong></span> <span class='ocrx_word' id='word_1_397' title='bbox 3218 2616 3449 2687; x_wconf 89' lang='lat' dir='ltr'><strong>propriis</strong></span> <span class='ocrx_word' id='word_1_398' title='bbox 3475 2614 3697 2672; x_wconf 86' lang='lat' dir='ltr'><strong>liberari</strong></span> <span class='ocrx_word' id='word_1_399' title='bbox 3725 2632 3741 2672; x_wconf 85' lang='lat'><strong>:</strong></span> <span class='ocrx_word' id='word_1_400' title='bbox 3771 2623 3825 2672; x_wconf 90' lang='lat' dir='ltr'><strong>et</strong></span> 
     </span>
    </p>
   </div>
   <div class='ocr_carea' id='block_1_55' title="bbox 2242 2704 3461 2778">
    <p class='ocr_par' dir='ltr' id='par_1_55' title="bbox 2242 2704 3461 2778">
     <span class='ocr_line' id='line_1_55' title="bbox 2242 2704 3461 2778; baseline 0.005 -20"><span class='ocrx_word' id='word_1_401' title='bbox 2242 2704 2343 2759; x_wconf 92' lang='lat' dir='ltr'><strong>tuis</strong></span> <span class='ocrx_word' id='word_1_402' title='bbox 2371 2719 2584 2775; x_wconf 89' lang='lat' dir='ltr'><strong>semper</strong></span> <span class='ocrx_word' id='word_1_403' title='bbox 2611 2707 2858 2762; x_wconf 87' lang='lat' dir='ltr'><strong>laudibus</strong></span> <span class='ocrx_word' id='word_1_404' title='bbox 2883 2706 3118 2778; x_wconf 78' lang='lat' dir='ltr'><strong>gloriari.</strong></span> <span class='ocrx_word' id='word_1_405' title='bbox 3167 2709 3205 2777; x_wconf 66' lang='grc' dir='ltr'><strong>ἢ</strong></span> <span class='ocrx_word' id='word_1_406' title='bbox 3227 2748 3241 2763; x_wconf 94' lang='grc'><strong>.</strong></span> <span class='ocrx_word' id='word_1_407' title='bbox 3270 2710 3461 2764; x_wconf 83' lang='lat' dir='ltr'><strong>Amen.</strong></span> 
     </span>
    </p>
   </div>
   <div class='ocr_carea' id='block_1_56' title="bbox 2241 2840 3826 2899">
    <p class='ocr_par' dir='ltr' id='par_1_56' title="bbox 2241 2840 3826 2899">
     <span class='ocr_line' id='line_1_56' title="bbox 2241 2840 3826 2899; baseline 0.004 -7"><span class='ocrx_word' id='word_1_408' title='bbox 2241 2840 2411 2894; x_wconf 86' lang='lat' dir='ltr'><strong>viario</strong></span> <span class='ocrx_word' id='word_1_409' title='bbox 2432 2849 2486 2895; x_wconf 92' lang='lat' dir='ltr'><strong>et</strong></span> <span class='ocrx_word' id='word_1_410' title='bbox 2514 2840 2807 2897; x_wconf 91' lang='lat' dir='ltr'><strong>Orationali</strong></span> <span class='ocrx_word' id='word_1_411' title='bbox 2840 2841 3066 2897; x_wconf 89' lang='lat' dir='ltr'><strong>Gothico</strong></span> <span class='ocrx_word' id='word_1_412' title='bbox 3104 2856 3135 2896; x_wconf 91' lang='lat' dir='ltr'><strong>a</strong></span> <span class='ocrx_word' id='word_1_413' title='bbox 3163 2841 3459 2898; x_wconf 82' lang='lat' dir='ltr'><strong>Mozarabis</strong></span> <span class='ocrx_word' id='word_1_414' title='bbox 3500 2841 3713 2897; x_wconf 86' lang='lat' dir='ltr'><strong>colitur.</strong></span> <span class='ocrx_word' id='word_1_415' title='bbox 3748 2840 3826 2899; x_wconf 89' lang='lat' dir='ltr'><strong>De</strong></span> 
     </span>
    </p>
   </div>
   <div class='ocr_carea' id='block_1_57' title="bbox 2241 2912 3823 2982">
    <p class='ocr_par' dir='ltr' id='par_1_57' title="bbox 2241 2912 3823 2982">
     <span class='ocr_line' id='line_1_57' title="bbox 2241 2912 3823 2982; baseline 0.003 -18"><span class='ocrx_word' id='word_1_416' title='bbox 2241 2925 2306 2964; x_wconf 93' lang='lat' dir='ltr'><strong>eo</strong></span> <span class='ocrx_word' id='word_1_417' title='bbox 2335 2922 2499 2981; x_wconf 74' lang='lat' dir='ltr'><strong>agunt</strong></span> <span class='ocrx_word' id='word_1_418' title='bbox 2526 2914 2739 2968; x_wconf 85' lang='lat' dir='ltr'><strong>Missale</strong></span> <span class='ocrx_word' id='word_1_419' title='bbox 2759 2912 3227 2969; x_wconf 86' lang='lat' dir='ltr'><strong>Gallo-Cothieum</strong></span> <span class='ocrx_word' id='word_1_420' title='bbox 3263 2914 3481 2982; x_wconf 89' lang='lat' dir='ltr'><strong>propria</strong></span> <span class='ocrx_word' id='word_1_421' title='bbox 3512 2915 3674 2968; x_wconf 88' lang='lat' dir='ltr'><strong>missa</strong></span> <span class='ocrx_word' id='word_1_422' title='bbox 3703 2929 3823 2982; x_wconf 72' lang='lat' dir='ltr'><strong>qua:</strong></span> 
     </span>
    </p>
   </div>
   <div class='ocr_carea' id='block_1_58' title="bbox 2240 2982 3821 3107">
    <p class='ocr_par' dir='ltr' id='par_1_58' title="bbox 2240 2982 3821 3107">
     <span class='ocr_line' id='line_1_58' title="bbox 2240 2982 3821 3107; baseline 0.003 -72"><span class='ocrx_word' id='word_1_423' title='bbox 2240 2992 2363 3107; x_wconf 52' lang='lat' dir='ltr'><strong>R‘ost</strong></span> <span class='ocrx_word' id='word_1_424' title='bbox 2390 2982 2743 3065; x_wconf 71' lang='lat' dir='ltr'><strong>Epiphaniam</strong></span> <span class='ocrx_word' id='word_1_425' title='bbox 2766 2985 3089 3066; x_wconf 81' lang='lat' dir='ltr'><strong>celebratur,</strong></span> <span class='ocrx_word' id='word_1_426' title='bbox 3123 2994 3197 3068; x_wconf 42' lang='lat' dir='ltr'><strong>.et</strong></span> <span class='ocrx_word' id='word_1_427' title='bbox 3252 2984 3459 3068; x_wconf 52' lang='lat' dir='ltr'><strong>llhKal.</strong></span> <span class='ocrx_word' id='word_1_428' title='bbox 3506 2984 3821 3040; x_wconf 86' lang='lat' dir='ltr'><strong>Decembris</strong></span> 
     </span>
     <span class='ocr_line' id='line_1_59' title="bbox 2296 3054 3821 3107; baseline 0.001 -1"><span class='ocrx_word' id='word_1_429' title='bbox 2296 3055 2618 3107; x_wconf 77' lang='lat' dir='ltr'><strong>artvroloaia</strong></span> <span class='ocrx_word' id='word_1_430' title='bbox 2652 3055 2875 3107; x_wconf 83' lang='lat' dir='ltr'><strong>Adonis.</strong></span> <span class='ocrx_word' id='word_1_431' title='bbox 2910 3054 3161 3107; x_wconf 74' lang='lat' dir='ltr'><strong>l‘suardi.</strong></span> <span class='ocrx_word' id='word_1_432' title='bbox 3192 3055 3358 3107; x_wconf 85' lang='lat' dir='ltr'><strong>Flort.</strong></span> <span class='ocrx_word' id='word_1_433' title='bbox 3390 3057 3691 3107; x_wconf 82' lang='lat' dir='ltr'><strong>Romanum</strong></span> <span class='ocrx_word' id='word_1_434' title='bbox 3723 3055 3821 3107; x_wconf 78' lang='lat' dir='ltr'><strong>Ba-</strong></span> 
     </span>
    </p>
   </div>
   <div class='ocr_carea' id='block_1_59' title="bbox 2296 3054 3823 3125">
    <p class='ocr_par' dir='ltr' id='par_1_59' title="bbox 2296 3054 3823 3125">
     <span class='ocr_line' id='line_1_60' title="bbox 2296 3054 3823 3125; baseline 0.001 -19"><span class='ocrx_word' id='word_1_435' title='bbox 2296 3055 2618 3125; x_wconf 80' lang='lat' dir='ltr'><strong>artyrologia</strong></span> <span class='ocrx_word' id='word_1_436' title='bbox 2652 3055 2875 3121; x_wconf 84' lang='lat' dir='ltr'><strong>Adonis,</strong></span> <span class='ocrx_word' id='word_1_437' title='bbox 2910 3054 3161 3121; x_wconf 74' lang='lat' dir='ltr'><strong>l‘suardi,</strong></span> <span class='ocrx_word' id='word_1_438' title='bbox 3192 3055 3233 3110; x_wconf 84' lang='lat' dir='ltr'><strong>F</strong></span> <span class='ocrx_word' id='word_1_439' title='bbox 3239 3056 3358 3125; x_wconf 85' lang='lat' dir='ltr'><strong>lori,</strong></span> <span class='ocrx_word' id='word_1_440' title='bbox 3390 3057 3691 3111; x_wconf 81' lang='lat' dir='ltr'><strong>Romanum</strong></span> <span class='ocrx_word' id='word_1_441' title='bbox 3723 3055 3823 3108; x_wconf 79' lang='lat' dir='ltr'><strong>Ba-</strong></span> 
     </span>
    </p>
   </div>
   <div class='ocr_carea' id='block_1_60' title="bbox 2242 3124 3826 3198">
    <p class='ocr_par' dir='ltr' id='par_1_60' title="bbox 2242 3124 3826 3198">
     <span class='ocr_line' id='line_1_61' title="bbox 2242 3124 3826 3198; baseline 0.001 -20"><span class='ocrx_word' id='word_1_442' title='bbox 2242 3124 2400 3190; x_wconf 83' lang='lat' dir='ltr'><strong>ronii,</strong></span> <span class='ocrx_word' id='word_1_443' title='bbox 2438 3128 2676 3198; x_wconf 56' lang='lat' dir='ltr'><strong>Ltrcense</strong></span> <span class='ocrx_word' id='word_1_444' title='bbox 2731 3126 3203 3198; x_wconf 60' lang='lat' dir='ltr'><strong>lliefonymianum</strong></span> <span class='ocrx_word' id='word_1_445' title='bbox 3252 3124 3591 3198; x_wconf 83' lang='lat' dir='ltr'><strong>Florentinii,</strong></span> <span class='ocrx_word' id='word_1_446' title='bbox 3637 3125 3826 3181; x_wconf 67' lang='lat' dir='ltr'><strong>Gelloo</strong></span> 
     </span>
    </p>
   </div>
   <div class='ocr_carea' id='block_1_61' title="bbox 2244 3195 3825 3267">
    <p class='ocr_par' dir='ltr' id='par_1_61' title="bbox 2244 3195 3825 3267">
     <span class='ocr_line' id='line_1_62' title="bbox 2244 3195 3825 3267; baseline 0.002 -19"><span class='ocrx_word' id='word_1_447' title='bbox 2244 3210 2431 3261; x_wconf 77' lang='lat' dir='ltr'><strong>nense,</strong></span> <span class='ocrx_word' id='word_1_448' title='bbox 2491 3195 2761 3251; x_wconf 82' lang='lat' dir='ltr'><strong>Fuldense</strong></span> <span class='ocrx_word' id='word_1_449' title='bbox 2811 3195 3063 3266; x_wconf 77' lang='lat' dir='ltr'><strong>Georgii,</strong></span> <span class='ocrx_word' id='word_1_450' title='bbox 3116 3207 3170 3252; x_wconf 92' lang='lat' dir='ltr'><strong>et</strong></span> <span class='ocrx_word' id='word_1_451' title='bbox 3215 3197 3459 3267; x_wconf 63' lang='lat' dir='ltr'><strong>quaedam</strong></span> <span class='ocrx_word' id='word_1_452' title='bbox 3512 3199 3637 3251; x_wconf 87' lang='lat' dir='ltr'><strong>alia.</strong></span> <span class='ocrx_word' id='word_1_453' title='bbox 3692 3200 3825 3252; x_wconf 83' lang='lat' dir='ltr'><strong>Acta</strong></span> 
     </span>
    </p>
   </div>
   <div class='ocr_carea' id='block_1_62' title="bbox 548 3257 3822 3339">
    <p class='ocr_par' dir='ltr' id='par_1_62' title="bbox 548 3257 3822 3339">
     <span class='ocr_line' id='line_1_63' title="bbox 548 3257 3822 3339; baseline -0.001 -16"><span class='ocrx_word' id='word_1_454' title='bbox 548 3257 1080 3339; x_wconf 46' lang='lat' dir='ltr'><strong>pati&#39;iw&#39;mce&#39;ssabiles</strong></span> <span class='ocrx_word' id='word_1_455' title='bbox 1106 3257 1361 3339; x_wconf 69' lang='lat' dir='ltr'><strong>laci-ymas</strong></span> <span class='ocrx_word' id='word_1_456' title='bbox 1403 3257 1644 3338; x_wconf 81' lang='lat' dir='ltr'><strong>fundens,</strong></span> <span class='ocrx_word' id='word_1_457' title='bbox 1676 3274 1729 3318; x_wconf 85' lang='lat' dir='ltr'><strong>ut</strong></span> <span class='ocrx_word' id='word_1_458' title='bbox 1758 3276 1805 3318; x_wconf 88' lang='lat' dir='ltr'><strong>et</strong></span> <span class='ocrx_word' id='word_1_459' title='bbox 1831 3257 1966 3338; x_wconf 73' lang='lat' dir='ltr'><strong>[aut]</strong></span> <span class='ocrx_word' id='word_1_460' title='bbox 1995 3257 2133 3339; x_wconf 68' lang='lat' dir='ltr'><strong>uobis</strong></span> <span class='ocrx_word' id='word_1_461' title='bbox 2158 3257 2206 3319; x_wconf 89' lang='lat' dir='ltr'><strong>C</strong></span> <span class='ocrx_word' id='word_1_462' title='bbox 2237 3257 2708 3339; x_wconf 28' lang='lat' dir='ltr'><strong>saneti’Saturnini</strong></span> <span class='ocrx_word' id='word_1_463' title='bbox 2752 3257 3000 3322; x_wconf 71' lang='lat' dir='ltr'><strong>Tolosani</strong></span> <span class='ocrx_word' id='word_1_464' title='bbox 3033 3257 3061 3321; x_wconf 81' lang='lat' dir='ltr'><strong>a</strong></span> <span class='ocrx_word' id='word_1_465' title='bbox 3116 3257 3396 3339; x_wconf 75' lang='lat' dir='ltr'><strong>scriptore,</strong></span> <span class='ocrx_word' id='word_1_466' title='bbox 3448 3277 3657 3339; x_wconf 83' lang='lat' dir='ltr'><strong>tantum</strong></span> <span class='ocrx_word' id='word_1_467' title='bbox 3711 3284 3822 3339; x_wconf 72' lang='lat' dir='ltr'><strong>non</strong></span> 
     </span>
    </p>
   </div>
   <div class='ocr_carea' id='block_1_63' title="bbox 545 3337 2135 3407">
    <p class='ocr_par' dir='ltr' id='par_1_63' title="bbox 545 3337 2135 3407">
     <span class='ocr_line' id='line_1_64' title="bbox 545 3337 2135 3407; baseline -0.006 -10"><span class='ocrx_word' id='word_1_468' title='bbox 545 3337 802 3397; x_wconf 74' lang='lat' dir='ltr'><strong>Dominus</strong></span> <span class='ocrx_word' id='word_1_469' title='bbox 831 3342 1067 3396; x_wconf 75' lang='lat' dir='ltr'><strong>restituat</strong></span> <span class='ocrx_word' id='word_1_470' title='bbox 1104 3337 1415 3402; x_wconf 72' lang='lat' dir='ltr'><strong>libertatem,</strong></span> <span class='ocrx_word' id='word_1_471' title='bbox 1456 3354 1582 3407; x_wconf 87' lang='lat' dir='ltr'><strong>quos</strong></span> <span class='ocrx_word' id='word_1_472' title='bbox 1609 3340 1883 3390; x_wconf 87' lang='lat' dir='ltr'><strong>admonere</strong></span> <span class='ocrx_word' id='word_1_473' title='bbox 1933 3337 2093 3389; x_wconf 77' lang='lat' dir='ltr'><strong>voluit</strong></span> <span class='ocrx_word' id='word_1_474' title='bbox 2119 3376 2135 3401; x_wconf 93' lang='lat'><strong>,</strong></span> 
     </span>
    </p>
   </div>
   <div class='ocr_carea' id='block_1_64' title="bbox 549 3407 2137 3479">
    <p class='ocr_par' dir='ltr' id='par_1_64' title="bbox 549 3407 2137 3479">
     <span class='ocr_line' id='line_1_65' title="bbox 549 3407 2137 3479; baseline -0.004 -12"><span class='ocrx_word' id='word_1_475' title='bbox 549 3428 639 3468; x_wconf 86' lang='lat' dir='ltr'><strong>aut</strong></span> <span class='ocrx_word' id='word_1_476' title='bbox 680 3415 782 3468; x_wconf 62' lang='lat' dir='ltr'><strong>illi!</strong></span> <span class='ocrx_word' id='word_1_477' title='bbox 823 3412 1009 3466; x_wconf 87' lang='lat' dir='ltr'><strong>tribuat</strong></span> <span class='ocrx_word' id='word_1_478' title='bbox 1049 3411 1526 3477; x_wconf 78' lang='lat' dir='ltr'><strong>mansuetudinem,</strong></span> <span class='ocrx_word' id='word_1_479' title='bbox 1560 3424 1683 3478; x_wconf 88' lang='lat' dir='ltr'><strong>quos</strong></span> <span class='ocrx_word' id='word_1_480' title='bbox 1715 3407 1993 3479; x_wconf 76' lang='lat' dir='ltr'><strong>prwvalere</strong></span> <span class='ocrx_word' id='word_1_481' title='bbox 2020 3424 2137 3477; x_wconf 83' lang='lat' dir='ltr'><strong>per-</strong></span> 
     </span>
    </p>
   </div>
   <div class='ocr_carea' id='block_1_65' title="bbox 550 3487 707 3539">
    <p class='ocr_par' dir='ltr' id='par_1_65' title="bbox 550 3487 707 3539">
     <span class='ocr_line' id='line_1_66' title="bbox 550 3487 707 3539; baseline 0 0"><span class='ocrx_word' id='word_1_482' title='bbox 550 3487 707 3539; x_wconf 70' lang='grc' dir='ltr'><strong>ηιὶἑὶι.</strong></span> 
     </span>
    </p>
   </div>
   <div class='ocr_carea' id='block_1_66' title="bbox 623 3549 2140 3619">
    <p class='ocr_par' dir='ltr' id='par_1_66' title="bbox 623 3549 2140 3619">
     <span class='ocr_line' id='line_1_67' title="bbox 623 3549 2140 3619; baseline -0.005 -9"><span class='ocrx_word' id='word_1_483' title='bbox 623 3564 648 3591; x_wconf 75' lang='grc' dir='ltr'>α</span> <span class='ocrx_word' id='word_1_484' title='bbox 699 3552 967 3609; x_wconf 80' lang='lat' dir='ltr'><strong>Calculum</strong></span> <span class='ocrx_word' id='word_1_485' title='bbox 1019 3552 1314 3606; x_wconf 71' lang='lat' dir='ltr'><strong>candidatur.</strong></span> <span class='ocrx_word' id='word_1_486' title='bbox 1354 3550 1575 3619; x_wconf 88' lang='lat' dir='ltr'><strong>Apoeal.</strong></span> <span class='ocrx_word' id='word_1_487' title='bbox 1630 3567 1703 3615; x_wconf 86' lang='lat' dir='ltr'><strong>ll,</strong></span> <span class='ocrx_word' id='word_1_488' title='bbox 1762 3549 1848 3604; x_wconf 75' lang='lat' dir='ltr'><strong>l7.</strong></span> <span class='ocrx_word' id='word_1_489' title='bbox 1906 3549 2036 3614; x_wconf 77' lang='lat' dir='ltr'><strong>Qua:</strong></span> <span class='ocrx_word' id='word_1_490' title='bbox 2087 3558 2140 3605; x_wconf 94' lang='lat' dir='ltr'><strong>et</strong></span> 
     </span>
    </p>
   </div>
   <div class='ocr_carea' id='block_1_67' title="bbox 554 3620 2139 3696">
    <p class='ocr_par' dir='ltr' id='par_1_67' title="bbox 554 3620 2139 3696">
     <span class='ocr_line' id='line_1_68' title="bbox 554 3620 2139 3696; baseline -0.003 -16"><span class='ocrx_word' id='word_1_491' title='bbox 554 3636 750 3696; x_wconf 87' lang='lat' dir='ltr'><strong>quanta</strong></span> <span class='ocrx_word' id='word_1_492' title='bbox 793 3640 887 3692; x_wconf 90' lang='lat' dir='ltr'><strong>pro</strong></span> <span class='ocrx_word' id='word_1_493' title='bbox 911 3638 1039 3696; x_wconf 82' lang='lat' dir='ltr'><strong>sana</strong></span> <span class='ocrx_word' id='word_1_494' title='bbox 1071 3623 1188 3696; x_wconf 87' lang='lat' dir='ltr'><strong>ﬁde</strong></span> <span class='ocrx_word' id='word_1_495' title='bbox 1212 3632 1266 3696; x_wconf 80' lang='lat' dir='ltr'><strong>et</strong></span> <span class='ocrx_word' id='word_1_496' title='bbox 1298 3622 1389 3676; x_wconf 89' lang='lat' dir='ltr'><strong>Dei</strong></span> <span class='ocrx_word' id='word_1_497' title='bbox 1411 3624 1555 3696; x_wconf 88' lang='lat' dir='ltr'><strong>cultu</strong></span> <span class='ocrx_word' id='word_1_498' title='bbox 1588 3622 1728 3691; x_wconf 81' lang='lat' dir='ltr'><strong>passi</strong></span> <span class='ocrx_word' id='word_1_499' title='bbox 1759 3622 1869 3696; x_wconf 82' lang='lat' dir='ltr'><strong>sint</strong></span> <span class='ocrx_word' id='word_1_500' title='bbox 1914 3620 2139 3696; x_wconf 84' lang='lat' dir='ltr'><strong>Hispani</strong></span> 
     </span>
    </p>
   </div>
   <div class='ocr_carea' id='block_1_68' title="bbox 556 3692 2141 3761">
    <p class='ocr_par' dir='ltr' id='par_1_68' title="bbox 556 3692 2141 3761">
     <span class='ocr_line' id='line_1_69' title="bbox 556 3692 2141 3761; baseline -0.003 -10"><span class='ocrx_word' id='word_1_501' title='bbox 556 3692 800 3751; x_wconf 78' lang='lat' dir='ltr'><strong>catholici</strong></span> <span class='ocrx_word' id='word_1_502' title='bbox 847 3710 875 3746; x_wconf 91' lang='lat' dir='ltr'><strong>a</strong></span> <span class='ocrx_word' id='word_1_503' title='bbox 910 3693 1148 3747; x_wconf 89' lang='lat' dir='ltr'><strong>barbaris</strong></span> <span class='ocrx_word' id='word_1_504' title='bbox 1180 3692 1294 3749; x_wconf 87' lang='lat' dir='ltr'><strong>istis</strong></span> <span class='ocrx_word' id='word_1_505' title='bbox 1324 3693 1650 3759; x_wconf 88' lang='lat' dir='ltr'><strong>nationibus,</strong></span> <span class='ocrx_word' id='word_1_506' title='bbox 1692 3694 1960 3761; x_wconf 85' lang='lat' dir='ltr'><strong>conjicere</strong></span> <span class='ocrx_word' id='word_1_507' title='bbox 2017 3693 2141 3747; x_wconf 88' lang='lat' dir='ltr'><strong>licet</strong></span> 
     </span>
    </p>
   </div>
   <div class='ocr_carea' id='block_1_69' title="bbox 557 3762 2141 3834">
    <p class='ocr_par' dir='ltr' id='par_1_69' title="bbox 557 3762 2141 3834">
     <span class='ocr_line' id='line_1_70' title="bbox 557 3762 2141 3834; baseline -0.002 -14"><span class='ocrx_word' id='word_1_508' title='bbox 557 3784 622 3820; x_wconf 79' lang='lat' dir='ltr'><strong>ex</strong></span> <span class='ocrx_word' id='word_1_509' title='bbox 655 3768 718 3819; x_wconf 68' lang='lat' dir='ltr'><strong>iis</strong></span> <span class='ocrx_word' id='word_1_510' title='bbox 749 3780 865 3830; x_wconf 66' lang='lat' dir='ltr'><strong>quae</strong></span> <span class='ocrx_word' id='word_1_511' title='bbox 890 3765 955 3834; x_wconf 82' lang='lat' dir='ltr'><strong>de</strong></span> <span class='ocrx_word' id='word_1_512' title='bbox 986 3764 1268 3834; x_wconf 18' lang='lat' dir='ltr'><strong>Viandalica</strong></span> <span class='ocrx_word' id='word_1_513' title='bbox 1302 3767 1673 3834; x_wconf 90' lang='lat' dir='ltr'><strong>persecutione</strong></span> <span class='ocrx_word' id='word_1_514' title='bbox 1716 3762 2141 3834; x_wconf 84' lang='lat' dir='ltr'><strong>scripsitVietor</strong></span> 
     </span>
    </p>
   </div>
   <div class='ocr_carea' id='block_1_70' title="bbox 564 3832 2139 3904">
    <p class='ocr_par' dir='ltr' id='par_1_70' title="bbox 564 3832 2139 3904">
     <span class='ocr_line' id='line_1_71' title="bbox 564 3832 2139 3904; baseline 0.003 -18"><span class='ocrx_word' id='word_1_515' title='bbox 564 3834 795 3889; x_wconf 82' lang='lat' dir='ltr'><strong>Vitensis</strong></span> <span class='ocrx_word' id='word_1_516' title='bbox 853 3832 959 3903; x_wconf 86' lang='lat' dir='ltr'><strong>(De</strong></span> <span class='ocrx_word' id='word_1_517' title='bbox 1006 3833 1156 3891; x_wconf 76' lang='lat' dir='ltr'><strong>Pars.</strong></span> <span class='ocrx_word' id='word_1_518' title='bbox 1219 3832 1448 3904; x_wconf 58' lang='lat' dir='ltr'><strong>Vnum),</strong></span> <span class='ocrx_word' id='word_1_519' title='bbox 1505 3834 1757 3890; x_wconf 88' lang='lat' dir='ltr'><strong>Sidonius</strong></span> <span class='ocrx_word' id='word_1_520' title='bbox 1812 3832 2139 3904; x_wconf 85' lang='lat' dir='ltr'><strong>Apollinaris</strong></span> 
     </span>
    </p>
   </div>
   <div class='ocr_carea' id='block_1_71' title="bbox 464 3903 2136 3979">
    <p class='ocr_par' dir='ltr' id='par_1_71' title="bbox 464 3903 2136 3979">
     <span class='ocr_line' id='line_1_72' title="bbox 464 3903 2136 3979; baseline -0.001 -20"><span class='ocrx_word' id='word_1_521' title='bbox 464 3956 465 3959; x_wconf 44' lang='grc' dir='ltr'><strong>η</strong></span> <span class='ocrx_word' id='word_1_522' title='bbox 561 3906 702 3973; x_wconf 85' lang='lat' dir='ltr'><strong>(Lib.</strong></span> <span class='ocrx_word' id='word_1_523' title='bbox 756 3920 848 3971; x_wconf 85' lang='lat' dir='ltr'><strong>vit,</strong></span> <span class='ocrx_word' id='word_1_524' title='bbox 883 3905 1111 3979; x_wconf 75' lang='lat' dir='ltr'><strong>cap.6),</strong></span> <span class='ocrx_word' id='word_1_525' title='bbox 1164 3917 1219 3962; x_wconf 91' lang='lat' dir='ltr'><strong>et</strong></span> <span class='ocrx_word' id='word_1_526' title='bbox 1245 3903 1921 3979; x_wconf 69' lang='lat' dir='ltr'><strong>GregOrius_Turonensis</strong></span> <span class='ocrx_word' id='word_1_527' title='bbox 1972 3903 2136 3974; x_wconf 84' lang='lat' dir='ltr'><strong>(Hist.</strong></span> 
     </span>
    </p>
   </div>
   <div class='ocr_carea' id='block_1_72' title="bbox 557 3977 2140 4045">
    <p class='ocr_par' dir='ltr' id='par_1_72' title="bbox 557 3977 2140 4045">
     <span class='ocr_line' id='line_1_73' title="bbox 557 3977 2140 4045; baseline 0.001 -16"><span class='ocrx_word' id='word_1_528' title='bbox 557 3980 647 4031; x_wconf 86' lang='lat' dir='ltr'><strong>lib.</strong></span> <span class='ocrx_word' id='word_1_529' title='bbox 676 3992 737 4039; x_wconf 89' lang='lat' dir='ltr'><strong>ll,</strong></span> <span class='ocrx_word' id='word_1_530' title='bbox 768 3995 879 4043; x_wconf 84' lang='lat' dir='ltr'><strong>cap.</strong></span> <span class='ocrx_word' id='word_1_531' title='bbox 936 3977 1093 4045; x_wconf 73' lang='lat' dir='ltr'><strong>2)de</strong></span> <span class='ocrx_word' id='word_1_532' title='bbox 1124 3984 1490 4045; x_wconf 86' lang='lat' dir='ltr'><strong>persecutione</strong></span> <span class='ocrx_word' id='word_1_533' title='bbox 1532 3977 1763 4040; x_wconf 77' lang='lat' dir='ltr'><strong>Evarici,</strong></span> <span class='ocrx_word' id='word_1_534' title='bbox 1818 3987 1872 4029; x_wconf 90' lang='lat' dir='ltr'><strong>et</strong></span> <span class='ocrx_word' id='word_1_535' title='bbox 1923 3987 2140 4031; x_wconf 84' lang='lat' dir='ltr'><strong>sanctus</strong></span> 
     </span>
    </p>
   </div>
   <div class='ocr_carea' id='block_1_73' title="bbox 558 4045 2139 4119">
    <p class='ocr_par' dir='ltr' id='par_1_73' title="bbox 558 4045 2139 4119">
     <span class='ocr_line' id='line_1_74' title="bbox 558 4045 2139 4119; baseline 0 -18"><span class='ocrx_word' id='word_1_536' title='bbox 558 4048 789 4101; x_wconf 74' lang='lat' dir='ltr'><strong>ls&#39;idurus</strong></span> <span class='ocrx_word' id='word_1_537' title='bbox 815 4046 1027 4117; x_wconf 72' lang='lat' dir='ltr'><strong>(Chron.</strong></span> <span class='ocrx_word' id='word_1_538' title='bbox 1082 4048 1265 4119; x_wconf 84' lang='lat' dir='ltr'><strong>Catlt.)</strong></span> <span class='ocrx_word' id='word_1_539' title='bbox 1303 4050 1372 4104; x_wconf 88' lang='lat' dir='ltr'><strong>de</strong></span> <span class='ocrx_word' id='word_1_540' title='bbox 1412 4050 1784 4119; x_wconf 89' lang='lat' dir='ltr'><strong>persecutione</strong></span> <span class='ocrx_word' id='word_1_541' title='bbox 1814 4045 2139 4117; x_wconf 81' lang='lat' dir='ltr'><strong>Leovigildi,</strong></span> 
     </span>
    </p>
   </div>
   <div class='ocr_carea' id='block_1_74' title="bbox 556 4119 913 4173">
    <p class='ocr_par' dir='ltr' id='par_1_74' title="bbox 556 4119 913 4173">
     <span class='ocr_line' id='line_1_75' title="bbox 556 4119 913 4173; baseline -0.006 0"><span class='ocrx_word' id='word_1_542' title='bbox 556 4119 913 4173; x_wconf 89' lang='lat' dir='ltr'><strong>tradiderunt.</strong></span> 
     </span>
    </p>
   </div>
   <div class='ocr_carea' id='block_1_75' title="bbox 630 4187 2139 4261">
    <p class='ocr_par' dir='ltr' id='par_1_75' title="bbox 630 4187 2139 4261">
     <span class='ocr_line' id='line_1_76' title="bbox 630 4187 2139 4261; baseline 0.001 -21"><span class='ocrx_word' id='word_1_543' title='bbox 630 4187 657 4227; x_wconf 72' lang='grc' dir='ltr'>δ</span> <span class='ocrx_word' id='word_1_544' title='bbox 685 4188 786 4243; x_wconf 83' lang='lat' dir='ltr'><strong>Per</strong></span> <span class='ocrx_word' id='word_1_545' title='bbox 834 4191 1070 4261; x_wconf 88' lang='lat' dir='ltr'><strong>martyrii</strong></span> <span class='ocrx_word' id='word_1_546' title='bbox 1101 4192 1342 4261; x_wconf 87' lang='lat' dir='ltr'><strong>gratiam.</strong></span> <span class='ocrx_word' id='word_1_547' title='bbox 1390 4190 1645 4245; x_wconf 89' lang='lat' dir='ltr'><strong>Sanctum</strong></span> <span class='ocrx_word' id='word_1_548' title='bbox 1678 4190 2011 4245; x_wconf 89' lang='lat' dir='ltr'><strong>Clementem</strong></span> <span class='ocrx_word' id='word_1_549' title='bbox 2041 4204 2139 4257; x_wconf 89' lang='lat' dir='ltr'><strong>pa-</strong></span> 
     </span>
    </p>
   </div>
   <div class='ocr_carea' id='block_1_76' title="bbox 560 4261 2141 4331">
    <p class='ocr_par' dir='ltr' id='par_1_76' title="bbox 560 4261 2141 4331">
     <span class='ocr_line' id='line_1_77' title="bbox 560 4261 2141 4331; baseline -0.001 -17"><span class='ocrx_word' id='word_1_550' title='bbox 560 4276 681 4331; x_wconf 87' lang='lat' dir='ltr'><strong>pam</strong></span> <span class='ocrx_word' id='word_1_551' title='bbox 704 4261 843 4314; x_wconf 90' lang='lat' dir='ltr'><strong>inter</strong></span> <span class='ocrx_word' id='word_1_552' title='bbox 872 4273 1133 4331; x_wconf 73' lang='lat' dir='ltr'><strong>martyres</strong></span> <span class='ocrx_word' id='word_1_553' title='bbox 1160 4262 1547 4331; x_wconf 85' lang='lat' dir='ltr'><strong>numerandum</strong></span> <span class='ocrx_word' id='word_1_554' title='bbox 1591 4275 1732 4327; x_wconf 84' lang='lat' dir='ltr'><strong>esse,</strong></span> <span class='ocrx_word' id='word_1_555' title='bbox 1784 4268 1985 4331; x_wconf 58' lang='lat' dir='ltr'><strong>praeter:</strong></span> <span class='ocrx_word' id='word_1_556' title='bbox 2006 4262 2141 4314; x_wconf 85' lang='lat' dir='ltr'><strong>anti-</strong></span> 
     </span>
    </p>
   </div>
   <div class='ocr_carea' id='block_1_77' title="bbox 559 4329 2141 4404">
    <p class='ocr_par' dir='ltr' id='par_1_77' title="bbox 559 4329 2141 4404">
     <span class='ocr_line' id='line_1_78' title="bbox 559 4329 2141 4404; baseline 0.001 -20"><span class='ocrx_word' id='word_1_557' title='bbox 559 4329 817 4399; x_wconf 81' lang='lat' dir='ltr'><strong>quitatem</strong></span> <span class='ocrx_word' id='word_1_558' title='bbox 848 4329 1044 4404; x_wconf 83' lang='lat' dir='ltr'><strong>eultus,</strong></span> <span class='ocrx_word' id='word_1_559' title='bbox 1073 4343 1129 4386; x_wconf 92' lang='lat' dir='ltr'><strong>et</strong></span> <span class='ocrx_word' id='word_1_560' title='bbox 1158 4342 1426 4404; x_wconf 68' lang='lat' dir='ltr'><strong>vetustam</strong></span> <span class='ocrx_word' id='word_1_561' title='bbox 1467 4329 1905 4404; x_wconf 44' lang='lat' dir='ltr'><strong>cjusutnemoriaa</strong></span> <span class='ocrx_word' id='word_1_562' title='bbox 1958 4329 2141 4386; x_wconf 71' lang='lat' dir='ltr'><strong>Roma:</strong></span> 
     </span>
    </p>
   </div>
   <div class='ocr_carea' id='block_1_78' title="bbox 560 4401 2137 4473">
    <p class='ocr_par' dir='ltr' id='par_1_78' title="bbox 560 4401 2137 4473">
     <span class='ocr_line' id='line_1_79' title="bbox 560 4401 2137 4473; baseline 0.002 -18"><span class='ocrx_word' id='word_1_563' title='bbox 560 4413 815 4473; x_wconf 81' lang='lat' dir='ltr'><strong>structam</strong></span> <span class='ocrx_word' id='word_1_564' title='bbox 843 4403 1123 4456; x_wconf 84' lang='lat' dir='ltr'><strong>ecclesiam</strong></span> <span class='ocrx_word' id='word_1_565' title='bbox 1156 4402 1243 4473; x_wconf 90' lang='lat' dir='ltr'><strong>(S.</strong></span> <span class='ocrx_word' id='word_1_566' title='bbox 1276 4401 1452 4467; x_wconf 84' lang='lat' dir='ltr'><strong>Ilier.,</strong></span> <span class='ocrx_word' id='word_1_567' title='bbox 1487 4401 1550 4456; x_wconf 72' lang='lat' dir='ltr'><strong>de</strong></span> <span class='ocrx_word' id='word_1_568' title='bbox 1586 4401 1696 4456; x_wconf 87' lang='lat' dir='ltr'><strong>Vir.</strong></span> <span class='ocrx_word' id='word_1_569' title='bbox 1750 4402 1938 4456; x_wconf 84' lang='lat' dir='ltr'><strong>illustr.</strong></span> <span class='ocrx_word' id='word_1_570' title='bbox 1961 4440 1977 4467; x_wconf 89' lang='lat'><strong>,</strong></span> <span class='ocrx_word' id='word_1_571' title='bbox 2020 4419 2137 4473; x_wconf 85' lang='lat' dir='ltr'><strong>cap.</strong></span> 
     </span>
    </p>
   </div>
   <div class='ocr_carea' id='block_1_79' title="bbox 563 4471 2141 4544">
    <p class='ocr_par' dir='ltr' id='par_1_79' title="bbox 563 4471 2141 4544">
     <span class='ocr_line' id='line_1_80' title="bbox 563 4471 2141 4544; baseline 0.001 -18"><span class='ocrx_word' id='word_1_572' title='bbox 563 4471 673 4537; x_wconf 71' lang='lat'><strong>‘15),</strong></span> <span class='ocrx_word' id='word_1_573' title='bbox 706 4483 759 4544; x_wconf 80' lang='lat' dir='ltr'><strong>et</strong></span> <span class='ocrx_word' id='word_1_574' title='bbox 799 4474 971 4526; x_wconf 85' lang='lat' dir='ltr'><strong>locum</strong></span> <span class='ocrx_word' id='word_1_575' title='bbox 994 4471 1236 4542; x_wconf 27' lang='lat' dir='ltr'><strong>quem-in</strong></span> <span class='ocrx_word' id='word_1_576' title='bbox 1266 4475 1677 4544; x_wconf 13' lang='lat' dir='ltr'><strong>canonermissa‘.</strong></span> <span class='ocrx_word' id='word_1_577' title='bbox 1716 4473 1968 4544; x_wconf 75' lang='lat' dir='ltr'><strong>Romamn</strong></span> <span class='ocrx_word' id='word_1_578' title='bbox 1995 4471 2141 4544; x_wconf 59' lang='lat' dir='ltr'><strong>obti;</strong></span> 
     </span>
    </p>
   </div>
   <div class='ocr_carea' id='block_1_80' title="bbox 560 4542 2141 4615">
    <p class='ocr_par' dir='ltr' id='par_1_80' title="bbox 560 4542 2141 4615">
     <span class='ocr_line' id='line_1_81' title="bbox 560 4542 2141 4615; baseline -0.001 -18"><span class='ocrx_word' id='word_1_579' title='bbox 560 4556 675 4607; x_wconf 86' lang='lat' dir='ltr'><strong>net,</strong></span> <span class='ocrx_word' id='word_1_580' title='bbox 706 4542 837 4597; x_wconf 79' lang='lat' dir='ltr'><strong>facit</strong></span> <span class='ocrx_word' id='word_1_581' title='bbox 861 4559 1115 4612; x_wconf 84' lang='lat' dir='ltr'><strong>expressa</strong></span> <span class='ocrx_word' id='word_1_582' title='bbox 1137 4542 1429 4615; x_wconf 72' lang='lat' dir='ltr'><strong>auctoritas</strong></span> <span class='ocrx_word' id='word_1_583' title='bbox 1459 4543 1655 4599; x_wconf 89' lang='lat' dir='ltr'><strong>Zosimi</strong></span> <span class='ocrx_word' id='word_1_584' title='bbox 1684 4560 1833 4613; x_wconf 74' lang='lat' dir='ltr'><strong>papa:</strong></span> <span class='ocrx_word' id='word_1_585' title='bbox 1861 4543 2059 4615; x_wconf 57' lang='lat' dir='ltr'><strong>(Epist:</strong></span> <span class='ocrx_word' id='word_1_586' title='bbox 2106 4542 2141 4596; x_wconf 81' lang='lat'><strong>5</strong></span> 
     </span>
    </p>
   </div>
   <div class='ocr_carea' id='block_1_81' title="bbox 2240 3336 3819 3402">
    <p class='ocr_par' dir='ltr' id='par_1_81' title="bbox 2240 3336 3819 3402">
     <span class='ocr_line' id='line_1_82' title="bbox 2240 3336 3819 3402; baseline 0 -11"><span class='ocrx_word' id='word_1_587' title='bbox 2240 3338 2569 3402; x_wconf 84' lang='lat' dir='ltr'><strong>synchrono,</strong></span> <span class='ocrx_word' id='word_1_588' title='bbox 2596 3349 2810 3393; x_wconf 65' lang='lat' dir='ltr'><strong>exarata</strong></span> <span class='ocrx_word' id='word_1_589' title='bbox 2844 3341 3108 3393; x_wconf 87' lang='lat' dir='ltr'><strong>habentur</strong></span> <span class='ocrx_word' id='word_1_590' title='bbox 3151 3338 3291 3402; x_wconf 86' lang='lat' dir='ltr'><strong>apud</strong></span> <span class='ocrx_word' id='word_1_591' title='bbox 3337 3338 3554 3394; x_wconf 90' lang='lat' dir='ltr'><strong>Surium</strong></span> <span class='ocrx_word' id='word_1_592' title='bbox 3612 3338 3701 3393; x_wconf 90' lang='lat' dir='ltr'><strong>die</strong></span> <span class='ocrx_word' id='word_1_593' title='bbox 3745 3336 3819 3391; x_wconf 68' lang='lat'><strong>29</strong></span> 
     </span>
    </p>
   </div>
   <div class='ocr_carea' id='block_1_82' title="bbox 2240 3408 3823 3479">
    <p class='ocr_par' dir='ltr' id='par_1_82' title="bbox 2240 3408 3823 3479">
     <span class='ocr_line' id='line_1_83' title="bbox 2240 3408 3823 3479; baseline -0.002 -15"><span class='ocrx_word' id='word_1_594' title='bbox 2240 3408 2577 3472; x_wconf 80' lang='lat' dir='ltr'><strong>Novembris,</strong></span> <span class='ocrx_word' id='word_1_595' title='bbox 2602 3418 2656 3463; x_wconf 89' lang='lat' dir='ltr'><strong>et</strong></span> <span class='ocrx_word' id='word_1_596' title='bbox 2684 3408 3151 3479; x_wconf 77' lang='lat' dir='ltr'><strong>castigatius&#39;apud</strong></span> <span class='ocrx_word' id='word_1_597' title='bbox 3177 3408 3239 3463; x_wconf 91' lang='lat' dir='ltr'><strong>D.</strong></span> <span class='ocrx_word' id='word_1_598' title='bbox 3261 3409 3526 3465; x_wconf 89' lang='lat' dir='ltr'><strong>Theodor.</strong></span> <span class='ocrx_word' id='word_1_599' title='bbox 3551 3410 3823 3474; x_wconf 64' lang='lat' dir='ltr'><strong>Ruinam,</strong></span> 
     </span>
    </p>
   </div>
   <div class='ocr_carea' id='block_1_83' title="bbox 2244 3480 3827 3551">
    <p class='ocr_par' dir='ltr' id='par_1_83' title="bbox 2244 3480 3827 3551">
     <span class='ocr_line' id='line_1_84' title="bbox 2244 3480 3827 3551; baseline -0.001 -18"><span class='ocrx_word' id='word_1_600' title='bbox 2244 3480 2383 3551; x_wconf 89' lang='lat' dir='ltr'><strong>inter</strong></span> <span class='ocrx_word' id='word_1_601' title='bbox 2411 3480 2542 3535; x_wconf 91' lang='lat' dir='ltr'><strong>Acta</strong></span> <span class='ocrx_word' id='word_1_602' title='bbox 2576 3480 2785 3535; x_wconf 86' lang='lat' dir='ltr'><strong>sincera</strong></span> <span class='ocrx_word' id='word_1_603' title='bbox 2831 3489 2886 3533; x_wconf 89' lang='lat' dir='ltr'><strong>et</strong></span> <span class='ocrx_word' id='word_1_604' title='bbox 2914 3482 3109 3536; x_wconf 71' lang='lat' dir='ltr'><strong>st-lecta</strong></span> <span class='ocrx_word' id='word_1_605' title='bbox 3152 3491 3467 3551; x_wconf 89' lang='lat' dir='ltr'><strong>martyrum,</strong></span> <span class='ocrx_word' id='word_1_606' title='bbox 3529 3495 3657 3551; x_wconf 75' lang='lat' dir='ltr'><strong>pag.</strong></span> <span class='ocrx_word' id='word_1_607' title='bbox 3698 3481 3827 3535; x_wconf 65' lang='grc' dir='ltr'><strong>ιω.</strong></span> 
     </span>
    </p>
   </div>
   <div class='ocr_carea' id='block_1_84' title="bbox 2244 3550 3829 3621">
    <p class='ocr_par' dir='ltr' id='par_1_84' title="bbox 2244 3550 3829 3621">
     <span class='ocr_line' id='line_1_85' title="bbox 2244 3550 3829 3621; baseline 0.002 -19"><span class='ocrx_word' id='word_1_608' title='bbox 2244 3550 2540 3605; x_wconf 85' lang='lat' dir='ltr'><strong>Venantius</strong></span> <span class='ocrx_word' id='word_1_609' title='bbox 2564 3550 2885 3606; x_wconf 81' lang='lat' dir='ltr'><strong>Fortunatus</strong></span> <span class='ocrx_word' id='word_1_610' title='bbox 2913 3551 3051 3621; x_wconf 89' lang='lat' dir='ltr'><strong>(Lib.</strong></span> <span class='ocrx_word' id='word_1_611' title='bbox 3087 3567 3144 3615; x_wconf 89' lang='grc' dir='ltr'><strong>ιι,</strong></span> <span class='ocrx_word' id='word_1_612' title='bbox 3174 3550 3336 3605; x_wconf 74' lang='lat' dir='ltr'><strong>curnt.</strong></span> <span class='ocrx_word' id='word_1_613' title='bbox 3389 3552 3443 3621; x_wconf 90' lang='lat'><strong>8)</strong></span> <span class='ocrx_word' id='word_1_614' title='bbox 3486 3561 3540 3605; x_wconf 92' lang='lat' dir='ltr'><strong>et</strong></span> <span class='ocrx_word' id='word_1_615' title='bbox 3568 3550 3829 3607; x_wconf 83' lang='lat' dir='ltr'><strong>Sidonias</strong></span> 
     </span>
    </p>
   </div>
   <div class='ocr_carea' id='block_1_85' title="bbox 2242 3620 3827 3693">
    <p class='ocr_par' dir='ltr' id='par_1_85' title="bbox 2242 3620 3827 3693">
     <span class='ocr_line' id='line_1_86' title="bbox 2242 3620 3827 3693; baseline 0.001 -18"><span class='ocrx_word' id='word_1_616' title='bbox 2242 3620 2568 3689; x_wconf 78' lang='lat' dir='ltr'><strong>Apollinaris</strong></span> <span class='ocrx_word' id='word_1_617' title='bbox 2595 3621 2734 3691; x_wconf 86' lang='lat' dir='ltr'><strong>(Lib.</strong></span> <span class='ocrx_word' id='word_1_618' title='bbox 2764 3637 2834 3687; x_wconf 81' lang='lat' dir='ltr'><strong>ix,</strong></span> <span class='ocrx_word' id='word_1_619' title='bbox 2867 3620 3014 3693; x_wconf 84' lang='lat' dir='ltr'><strong>epist.</strong></span> <span class='ocrx_word' id='word_1_620' title='bbox 3067 3622 3156 3693; x_wconf 75' lang='lat' dir='ltr'><strong>ib)</strong></span> <span class='ocrx_word' id='word_1_621' title='bbox 3182 3633 3441 3693; x_wconf 14' lang='lat' dir='ltr'><strong>sanctum,</strong></span> <span class='ocrx_word' id='word_1_622' title='bbox 3472 3622 3827 3676; x_wconf 85' lang='lat' dir='ltr'><strong>Saturninum</strong></span> 
     </span>
    </p>
   </div>
   <div class='ocr_carea' id='block_1_86' title="bbox 2243 3692 3832 3763">
    <p class='ocr_par' dir='ltr' id='par_1_86' title="bbox 2243 3692 3832 3763">
     <span class='ocr_line' id='line_1_87' title="bbox 2243 3692 3832 3763; baseline 0.001 -17"><span class='ocrx_word' id='word_1_623' title='bbox 2243 3693 2571 3747; x_wconf 87' lang='lat' dir='ltr'><strong>Tolosanum</strong></span> <span class='ocrx_word' id='word_1_624' title='bbox 2601 3694 2841 3747; x_wconf 84' lang='lat' dir='ltr'><strong>versibus</strong></span> <span class='ocrx_word' id='word_1_625' title='bbox 2870 3692 3230 3749; x_wconf 88' lang='lat' dir='ltr'><strong>celebrarunt.</strong></span> <span class='ocrx_word' id='word_1_626' title='bbox 3286 3692 3532 3763; x_wconf 79' lang='lat' dir='ltr'><strong>Ejusdem</strong></span> <span class='ocrx_word' id='word_1_627' title='bbox 3581 3695 3832 3763; x_wconf 77' lang='lat' dir='ltr'><strong>mentio-</strong></span> 
     </span>
    </p>
   </div>
   <div class='ocr_carea' id='block_1_87' title="bbox 2244 3762 3829 3832">
    <p class='ocr_par' dir='ltr' id='par_1_87' title="bbox 2244 3762 3829 3832">
     <span class='ocr_line' id='line_1_88' title="bbox 2244 3762 3829 3832; baseline 0.003 -16"><span class='ocrx_word' id='word_1_628' title='bbox 2244 3778 2366 3817; x_wconf 88' lang='lat' dir='ltr'><strong>nem</strong></span> <span class='ocrx_word' id='word_1_629' title='bbox 2415 3765 2538 3818; x_wconf 83' lang='lat' dir='ltr'><strong>facit</strong></span> <span class='ocrx_word' id='word_1_630' title='bbox 2604 3773 2821 3818; x_wconf 87' lang='lat' dir='ltr'><strong>sanctns</strong></span> <span class='ocrx_word' id='word_1_631' title='bbox 2886 3764 3177 3832; x_wconf 54' lang='lat' dir='ltr'><strong>Gregorius</strong></span> <span class='ocrx_word' id='word_1_632' title='bbox 3236 3762 3563 3819; x_wconf 86' lang='lat' dir='ltr'><strong>Turonensis</strong></span> <span class='ocrx_word' id='word_1_633' title='bbox 3626 3762 3829 3832; x_wconf 82' lang='lat' dir='ltr'><strong>(Hist.</strong></span> 
     </span>
    </p>
   </div>
   <div class='ocr_carea' id='block_1_88' title="bbox 2244 3832 3830 3905">
    <p class='ocr_par' dir='ltr' id='par_1_88' title="bbox 2244 3832 3830 3905">
     <span class='ocr_line' id='line_1_89' title="bbox 2244 3832 3830 3905; baseline 0.003 -18"><span class='ocrx_word' id='word_1_634' title='bbox 2244 3832 2438 3905; x_wconf 68' lang='lat' dir='ltr'><strong>Franc.</strong></span> <span class='ocrx_word' id='word_1_635' title='bbox 2472 3834 2565 3889; x_wconf 85' lang='lat' dir='ltr'><strong>lib.</strong></span> <span class='ocrx_word' id='word_1_636' title='bbox 2585 3850 2622 3901; x_wconf 88' lang='lat' dir='ltr'><strong>I,</strong></span> <span class='ocrx_word' id='word_1_637' title='bbox 2651 3852 2764 3905; x_wconf 84' lang='lat' dir='ltr'><strong>cap.</strong></span> <span class='ocrx_word' id='word_1_638' title='bbox 2796 3834 2895 3901; x_wconf 76' lang='lat'><strong>50;</strong></span> <span class='ocrx_word' id='word_1_639' title='bbox 2923 3836 2987 3889; x_wconf 85' lang='lat' dir='ltr'><strong>de</strong></span> <span class='ocrx_word' id='word_1_640' title='bbox 3005 3835 3151 3889; x_wconf 86' lang='lat' dir='ltr'><strong>Glor.</strong></span> <span class='ocrx_word' id='word_1_641' title='bbox 3180 3844 3483 3905; x_wconf 81' lang='lat' dir='ltr'><strong>martyrum,</strong></span> <span class='ocrx_word' id='word_1_642' title='bbox 3515 3835 3604 3888; x_wconf 84' lang='lat' dir='ltr'><strong>lib.</strong></span> <span class='ocrx_word' id='word_1_643' title='bbox 3638 3849 3678 3896; x_wconf 80' lang='grc' dir='ltr'><strong>ι,</strong></span> <span class='ocrx_word' id='word_1_644' title='bbox 3707 3850 3830 3900; x_wconf 84' lang='lat' dir='ltr'><strong>cap.</strong></span> 
     </span>
    </p>
   </div>
   <div class='ocr_carea' id='block_1_89' title="bbox 2242 3903 3833 3975">
    <p class='ocr_par' dir='ltr' id='par_1_89' title="bbox 2242 3903 3833 3975">
     <span class='ocr_line' id='line_1_90' title="bbox 2242 3903 3833 3975; baseline 0.003 -18"><span class='ocrx_word' id='word_1_645' title='bbox 2242 3903 2363 3971; x_wconf 73' lang='lat'><strong>28).</strong></span> <span class='ocrx_word' id='word_1_646' title='bbox 2391 3906 2463 3959; x_wconf 90' lang='lat' dir='ltr'><strong>De</strong></span> <span class='ocrx_word' id='word_1_647' title='bbox 2490 3921 2674 3961; x_wconf 89' lang='lat' dir='ltr'><strong>mense</strong></span> <span class='ocrx_word' id='word_1_648' title='bbox 2701 3903 2765 3959; x_wconf 82' lang='lat' dir='ltr'><strong>ac</strong></span> <span class='ocrx_word' id='word_1_649' title='bbox 2785 3905 2870 3959; x_wconf 88' lang='lat' dir='ltr'><strong>die</strong></span> <span class='ocrx_word' id='word_1_650' title='bbox 2895 3907 3156 3975; x_wconf 87' lang='lat' dir='ltr'><strong>passionis</strong></span> <span class='ocrx_word' id='word_1_651' title='bbox 3178 3903 3347 3960; x_wconf 80' lang='lat' dir='ltr'><strong>sancti</strong></span> <span class='ocrx_word' id='word_1_652' title='bbox 3372 3904 3644 3960; x_wconf 88' lang='lat' dir='ltr'><strong>Saturnini</strong></span> <span class='ocrx_word' id='word_1_653' title='bbox 3667 3905 3833 3961; x_wconf 85' lang='lat' dir='ltr'><strong>silent</strong></span> 
     </span>
    </p>
   </div>
   <div class='ocr_carea' id='block_1_90' title="bbox 2244 3976 3832 4047">
    <p class='ocr_par' dir='ltr' id='par_1_90' title="bbox 2244 3976 3832 4047">
     <span class='ocr_line' id='line_1_91' title="bbox 2244 3976 3832 4047; baseline 0.001 -18"><span class='ocrx_word' id='word_1_654' title='bbox 2244 3976 2399 4041; x_wconf 78' lang='lat' dir='ltr'><strong>Acta,</strong></span> <span class='ocrx_word' id='word_1_655' title='bbox 2425 3992 2540 4043; x_wconf 71' lang='lat' dir='ltr'><strong>qua:</strong></span> <span class='ocrx_word' id='word_1_656' title='bbox 2569 3992 2766 4031; x_wconf 89' lang='lat' dir='ltr'><strong>annum</strong></span> <span class='ocrx_word' id='word_1_657' title='bbox 2796 3992 3009 4047; x_wconf 89' lang='lat' dir='ltr'><strong>quoque</strong></span> <span class='ocrx_word' id='word_1_658' title='bbox 3039 3978 3279 4047; x_wconf 86' lang='lat' dir='ltr'><strong>martyrii</strong></span> <span class='ocrx_word' id='word_1_659' title='bbox 3305 3978 3420 4043; x_wconf 86' lang='lat' dir='ltr'><strong>ejus</strong></span> <span class='ocrx_word' id='word_1_660' title='bbox 3462 3977 3513 4030; x_wconf 91' lang='lat' dir='ltr'><strong>in</strong></span> <span class='ocrx_word' id='word_1_661' title='bbox 3544 3976 3711 4030; x_wconf 89' lang='lat' dir='ltr'><strong>dubio</strong></span> <span class='ocrx_word' id='word_1_662' title='bbox 3745 3995 3832 4031; x_wconf 81' lang='lat' dir='ltr'><strong>te-</strong></span> 
     </span>
    </p>
   </div>
   <div class='ocr_carea' id='block_1_91' title="bbox 2244 4047 3825 4117">
    <p class='ocr_par' dir='ltr' id='par_1_91' title="bbox 2244 4047 3825 4117">
     <span class='ocr_line' id='line_1_92' title="bbox 2244 4047 3825 4117; baseline 0.001 -16"><span class='ocrx_word' id='word_1_663' title='bbox 2244 4047 2522 4114; x_wconf 86' lang='lat' dir='ltr'><strong>linqnunt;</strong></span> <span class='ocrx_word' id='word_1_664' title='bbox 2557 4048 2625 4101; x_wconf 85' lang='lat' dir='ltr'><strong>ita</strong></span> <span class='ocrx_word' id='word_1_665' title='bbox 2651 4049 2791 4100; x_wconf 87' lang='lat' dir='ltr'><strong>enim</strong></span> <span class='ocrx_word' id='word_1_666' title='bbox 2814 4048 3009 4103; x_wconf 82' lang='lat' dir='ltr'><strong>habent</strong></span> <span class='ocrx_word' id='word_1_667' title='bbox 3036 4066 3049 4102; x_wconf 89' lang='lat'><strong>:</strong></span> <span class='ocrx_word' id='word_1_668' title='bbox 3080 4050 3210 4102; x_wconf 78' lang='lat' dir='ltr'><strong>Ante</strong></span> <span class='ocrx_word' id='word_1_669' title='bbox 3238 4065 3397 4101; x_wconf 80' lang='lat' dir='ltr'><strong>annos</strong></span> <span class='ocrx_word' id='word_1_670' title='bbox 3426 4049 3825 4117; x_wconf 83' lang='lat' dir='ltr'><strong>quinquaginta,</strong></span> 
     </span>
    </p>
   </div>
   <div class='ocr_carea' id='block_1_92' title="bbox 2243 4118 3835 4189">
    <p class='ocr_par' dir='ltr' id='par_1_92' title="bbox 2243 4118 3835 4189">
     <span class='ocr_line' id='line_1_93' title="bbox 2243 4118 3835 4189; baseline 0.001 -19"><span class='ocrx_word' id='word_1_671' title='bbox 2243 4118 2375 4171; x_wconf 78' lang='lat' dir='ltr'><strong>sicut</strong></span> <span class='ocrx_word' id='word_1_672' title='bbox 2422 4120 2549 4172; x_wconf 86' lang='lat' dir='ltr'><strong>actis</strong></span> <span class='ocrx_word' id='word_1_673' title='bbox 2578 4118 2790 4189; x_wconf 82' lang='lat' dir='ltr'><strong>publicis</strong></span> <span class='ocrx_word' id='word_1_674' title='bbox 2820 4120 3125 4181; x_wconf 81' lang='lat' dir='ltr'><strong>continetur,</strong></span> <span class='ocrx_word' id='word_1_675' title='bbox 3158 4119 3212 4173; x_wconf 91' lang='lat' dir='ltr'><strong>id</strong></span> <span class='ocrx_word' id='word_1_676' title='bbox 3243 4128 3315 4173; x_wconf 88' lang='lat' dir='ltr'><strong>est</strong></span> <span class='ocrx_word' id='word_1_677' title='bbox 3360 4118 3513 4172; x_wconf 84' lang='lat' dir='ltr'><strong>Decio</strong></span> <span class='ocrx_word' id='word_1_678' title='bbox 3568 4128 3615 4172; x_wconf 85' lang='lat' dir='ltr'><strong>et</strong></span> <span class='ocrx_word' id='word_1_679' title='bbox 3671 4118 3835 4172; x_wconf 81' lang='lat' dir='ltr'><strong>Grato</strong></span> 
     </span>
    </p>
   </div>
   <div class='ocr_carea' id='block_1_93' title="bbox 2244 4189 3832 4258">
    <p class='ocr_par' dir='ltr' id='par_1_93' title="bbox 2244 4189 3832 4258">
     <span class='ocr_line' id='line_1_94' title="bbox 2244 4189 3832 4258; baseline 0.001 -17"><span class='ocrx_word' id='word_1_680' title='bbox 2244 4189 2560 4253; x_wconf 85' lang='lat' dir='ltr'><strong>consulibus.</strong></span> <span class='ocrx_word' id='word_1_681' title='bbox 2584 4190 2713 4243; x_wconf 87' lang='lat' dir='ltr'><strong>sicut</strong></span> <span class='ocrx_word' id='word_1_682' title='bbox 2743 4189 2886 4258; x_wconf 76' lang='lat' dir='ltr'><strong>fideli</strong></span> <span class='ocrx_word' id='word_1_683' title='bbox 2921 4191 3272 4245; x_wconf 84' lang='lat' dir='ltr'><strong>recordatione</strong></span> <span class='ocrx_word' id='word_1_684' title='bbox 3304 4189 3569 4253; x_wconf 63' lang='lat' dir='ltr'><strong>retinetur,</strong></span> <span class='ocrx_word' id='word_1_685' title='bbox 3602 4191 3832 4253; x_wconf 81' lang='lat' dir='ltr'><strong>priurum</strong></span> 
     </span>
    </p>
   </div>
   <div class='ocr_carea' id='block_1_94' title="bbox 2245 4259 3832 4316">
    <p class='ocr_par' dir='ltr' id='par_1_94' title="bbox 2245 4259 3832 4316">
     <span class='ocr_line' id='line_1_95' title="bbox 2245 4259 3832 4316; baseline 0.001 -5"><span class='ocrx_word' id='word_1_686' title='bbox 2245 4274 2305 4311; x_wconf 90' lang='lat' dir='ltr'><strong>ac</strong></span> <span class='ocrx_word' id='word_1_687' title='bbox 2333 4277 2586 4314; x_wconf 85' lang='lat' dir='ltr'><strong>summum</strong></span> <span class='ocrx_word' id='word_1_688' title='bbox 2607 4260 2796 4313; x_wconf 83' lang='lat' dir='ltr'><strong>Christi</strong></span> <span class='ocrx_word' id='word_1_689' title='bbox 2826 4259 3015 4314; x_wconf 77' lang='lat' dir='ltr'><strong>Tolo-a</strong></span> <span class='ocrx_word' id='word_1_690' title='bbox 3063 4263 3240 4316; x_wconf 82' lang='lat' dir='ltr'><strong>civitas</strong></span> <span class='ocrx_word' id='word_1_691' title='bbox 3295 4270 3528 4314; x_wconf 86' lang='lat' dir='ltr'><strong>sanctum</strong></span> <span class='ocrx_word' id='word_1_692' title='bbox 3579 4260 3832 4315; x_wconf 80' lang='lat' dir='ltr'><strong>Saturni-</strong></span> 
     </span>
    </p>
   </div>
   <div class='ocr_carea' id='block_1_95' title="bbox 2246 4331 3836 4398">
    <p class='ocr_par' dir='ltr' id='par_1_95' title="bbox 2246 4331 3836 4398">
     <span class='ocr_line' id='line_1_96' title="bbox 2246 4331 3836 4398; baseline 0.001 -15"><span class='ocrx_word' id='word_1_693' title='bbox 2246 4346 2367 4383; x_wconf 84' lang='lat' dir='ltr'><strong>num</strong></span> <span class='ocrx_word' id='word_1_694' title='bbox 2396 4332 2580 4385; x_wconf 82' lang='lat' dir='ltr'><strong>habere</strong></span> <span class='ocrx_word' id='word_1_695' title='bbox 2594 4340 2809 4398; x_wconf 67' lang='lat' dir='ltr'><strong>(asperat</strong></span> <span class='ocrx_word' id='word_1_696' title='bbox 2832 4332 3170 4387; x_wconf 80' lang='lat' dir='ltr'><strong>sacerdotem.</strong></span> <span class='ocrx_word' id='word_1_697' title='bbox 3208 4331 3337 4398; x_wconf 76' lang='lat' dir='ltr'><strong>Qua:</strong></span> <span class='ocrx_word' id='word_1_698' title='bbox 3369 4331 3622 4388; x_wconf 82' lang='lat' dir='ltr'><strong>videntur</strong></span> <span class='ocrx_word' id='word_1_699' title='bbox 3653 4332 3836 4397; x_wconf 88' lang='lat' dir='ltr'><strong>potius</strong></span> 
     </span>
    </p>
   </div>
   <div class='ocr_carea' id='block_1_96' title="bbox 2248 4401 3835 4471">
    <p class='ocr_par' dir='ltr' id='par_1_96' title="bbox 2248 4401 3835 4471">
     <span class='ocr_line' id='line_1_97' title="bbox 2248 4401 3835 4471; baseline 0.003 -18"><span class='ocrx_word' id='word_1_700' title='bbox 2248 4401 2486 4457; x_wconf 89' lang='lat' dir='ltr'><strong>indicare</strong></span> <span class='ocrx_word' id='word_1_701' title='bbox 2512 4418 2709 4455; x_wconf 87' lang='lat' dir='ltr'><strong>annum</strong></span> <span class='ocrx_word' id='word_1_702' title='bbox 2740 4417 2846 4471; x_wconf 92' lang='lat' dir='ltr'><strong>quo</strong></span> <span class='ocrx_word' id='word_1_703' title='bbox 2867 4416 3083 4458; x_wconf 86' lang='lat' dir='ltr'><strong>sanctus</strong></span> <span class='ocrx_word' id='word_1_704' title='bbox 3110 4402 3431 4458; x_wconf 78' lang='lat' dir='ltr'><strong>Saturninus</strong></span> <span class='ocrx_word' id='word_1_705' title='bbox 3460 4402 3644 4456; x_wconf 84' lang='lat' dir='ltr'><strong>sedem</strong></span> <span class='ocrx_word' id='word_1_706' title='bbox 3673 4417 3835 4457; x_wconf 87' lang='lat' dir='ltr'><strong>suam</strong></span> 
     </span>
    </p>
   </div>
   <div class='ocr_carea' id='block_1_97' title="bbox 2248 4471 3837 4544">
    <p class='ocr_par' dir='ltr' id='par_1_97' title="bbox 2248 4471 3837 4544">
     <span class='ocr_line' id='line_1_98' title="bbox 2248 4471 3837 4544; baseline 0.001 -19"><span class='ocrx_word' id='word_1_707' title='bbox 2248 4471 2457 4527; x_wconf 68' lang='lat' dir='ltr'><strong>Tolosae</strong></span> <span class='ocrx_word' id='word_1_708' title='bbox 2490 4474 2621 4538; x_wconf 76' lang='lat' dir='ltr'><strong>ﬁxit,</strong></span> <span class='ocrx_word' id='word_1_709' title='bbox 2645 4489 2801 4541; x_wconf 89' lang='lat' dir='ltr'><strong>quam</strong></span> <span class='ocrx_word' id='word_1_710' title='bbox 2831 4490 3028 4528; x_wconf 90' lang='lat' dir='ltr'><strong>annum</strong></span> <span class='ocrx_word' id='word_1_711' title='bbox 3051 4490 3157 4544; x_wconf 92' lang='lat' dir='ltr'><strong>quo</strong></span> <span class='ocrx_word' id='word_1_712' title='bbox 3179 4485 3262 4529; x_wconf 89' lang='lat' dir='ltr'><strong>est</strong></span> <span class='ocrx_word' id='word_1_713' title='bbox 3313 4474 3571 4544; x_wconf 86' lang='lat' dir='ltr'><strong>martyrio</strong></span> <span class='ocrx_word' id='word_1_714' title='bbox 3601 4488 3837 4527; x_wconf 83' lang='lat' dir='ltr'><strong>corona-</strong></span> 
     </span>
    </p>
   </div>
   <div class='ocr_carea' id='block_1_98' title="bbox 2250 4545 3837 4627">
    <p class='ocr_par' dir='ltr' id='par_1_98' title="bbox 2250 4545 3837 4627">
     <span class='ocr_line' id='line_1_99' title="bbox 2250 4545 3837 4627; baseline 0.002 -32"><span class='ocrx_word' id='word_1_715' title='bbox 2250 4551 2355 4597; x_wconf 91' lang='lat' dir='ltr'><strong>tus.</strong></span> <span class='ocrx_word' id='word_1_716' title='bbox 2387 4546 2527 4599; x_wconf 88' lang='lat' dir='ltr'><strong>Sane</strong></span> <span class='ocrx_word' id='word_1_717' title='bbox 2551 4547 2594 4598; x_wconf 94' lang='lat' dir='ltr'><strong>si</strong></span> <span class='ocrx_word' id='word_1_718' title='bbox 2627 4545 2694 4598; x_wconf 91' lang='lat' dir='ltr'><strong>de</strong></span> <span class='ocrx_word' id='word_1_719' title='bbox 2744 4560 2884 4627; x_wconf 76' lang='lat' dir='ltr'><strong>anno</strong></span> <span class='ocrx_word' id='word_1_720' title='bbox 2916 4545 3589 4627; x_wconf 32' lang='lat' dir='ltr'><strong>martyrii“intelligantur,</strong></span> <span class='ocrx_word' id='word_1_721' title='bbox 3624 4559 3837 4627; x_wconf 63' lang='lat' dir='ltr'><strong>passus</strong></span> 
     </span>
    </p>
   </div>
   <div class='ocr_carea' id='block_1_99' title="bbox 559 4613 3837 4694">
    <p class='ocr_par' dir='ltr' id='par_1_99' title="bbox 559 4613 3837 4694">
     <span class='ocr_line' id='line_1_100' title="bbox 559 4613 3837 4694; baseline 0.001 -27"><span class='ocrx_word' id='word_1_722' title='bbox 559 4616 627 4667; x_wconf 80' lang='lat' dir='ltr'><strong>ad</strong></span> <span class='ocrx_word' id='word_1_723' title='bbox 665 4616 989 4694; x_wconf 61' lang='grc' dir='ltr'><strong>⁵ΑῙνὶεαῃρςλ,</strong></span> <span class='ocrx_word' id='word_1_724' title='bbox 1038 4616 1213 4694; x_wconf 61' lang='grc' dir='ltr'><strong>βιωῃηί</strong></span> <span class='ocrx_word' id='word_1_725' title='bbox 1260 4617 1287 4694; x_wconf 68' lang='grc' dir='ltr'><strong>Δ(</strong></span> <span class='ocrx_word' id='word_1_726' title='bbox 1325 4613 1397 4669; x_wconf 89' lang='lat' dir='ltr'><strong>De</strong></span> <span class='ocrx_word' id='word_1_727' title='bbox 1424 4613 1996 4694; x_wconf 41' lang='lat' dir='ltr'><strong>adtrlte_ratione_-libr._</strong></span> <span class='ocrx_word' id='word_1_728' title='bbox 2021 4613 2144 4694; x_wconf 70' lang='lat' dir='ltr'><strong>Ori-</strong></span> <span class='ocrx_word' id='word_1_729' title='bbox 2179 4628 2229 4688; x_wconf 84' lang='grc' dir='ltr'><strong>ι)</strong></span> <span class='ocrx_word' id='word_1_730' title='bbox 2258 4624 2340 4694; x_wconf 86' lang='lat' dir='ltr'><strong>est</strong></span> <span class='ocrx_word' id='word_1_731' title='bbox 2364 4630 2507 4694; x_wconf 76' lang='lat' dir='ltr'><strong>a_nt_io</strong></span> <span class='ocrx_word' id='word_1_732' title='bbox 2536 4630 2655 4669; x_wconf 60' lang='lat' dir='ltr'><strong>arra:</strong></span> <span class='ocrx_word' id='word_1_733' title='bbox 2685 4615 2917 4694; x_wconf 79' lang='lat' dir='ltr'><strong>vulgaris</strong></span> <span class='ocrx_word' id='word_1_734' title='bbox 2941 4613 3138 4670; x_wconf 84' lang='lat' dir='ltr'><strong>Christi</strong></span> <span class='ocrx_word' id='word_1_735' title='bbox 3168 4614 3407 4694; x_wconf 42' lang='grc' dir='ltr'><strong>Ξῖξιξηηει</strong></span> <span class='ocrx_word' id='word_1_736' title='bbox 3461 4615 3837 4694; x_wconf 72' lang='lat' dir='ltr'><strong>verosimilins</strong></span> 
     </span>
    </p>
   </div>
   <div class='ocr_carea' id='block_1_100' title="bbox 560 4686 2142 4757">
    <p class='ocr_par' dir='ltr' id='par_1_100' title="bbox 560 4686 2142 4757">
     <span class='ocr_line' id='line_1_101' title="bbox 560 4686 2142 4757; baseline 0.001 -17"><span class='ocrx_word' id='word_1_737' title='bbox 560 4686 747 4757; x_wconf 84' lang='lat' dir='ltr'><strong>genis).</strong></span> <span class='ocrx_word' id='word_1_738' title='bbox 772 4698 823 4740; x_wconf 93' lang='lat' dir='ltr'><strong>et</strong></span> <span class='ocrx_word' id='word_1_739' title='bbox 855 4687 1107 4741; x_wconf 71' lang='lat' dir='ltr'><strong>Ecclesia:</strong></span> <span class='ocrx_word' id='word_1_740' title='bbox 1128 4688 1562 4756; x_wconf 75' lang='lat' dir='ltr'><strong>Carthaginensis</strong></span> <span class='ocrx_word' id='word_1_741' title='bbox 1594 4688 1647 4741; x_wconf 91' lang='lat' dir='ltr'><strong>in</strong></span> <span class='ocrx_word' id='word_1_742' title='bbox 1676 4702 1775 4741; x_wconf 91' lang='lat' dir='ltr'><strong>suo</strong></span> <span class='ocrx_word' id='word_1_743' title='bbox 1795 4686 2142 4752; x_wconf 61' lang='lat' dir='ltr'><strong>Kalendmio,</strong></span> 
     </span>
    </p>
   </div>
   <div class='ocr_carea' id='block_1_101' title="bbox 562 4757 2143 4827">
    <p class='ocr_par' dir='ltr' id='par_1_101' title="bbox 562 4757 2143 4827">
     <span class='ocr_line' id='line_1_102' title="bbox 562 4757 2143 4827; baseline 0.001 -16"><span class='ocrx_word' id='word_1_744' title='bbox 562 4758 646 4811; x_wconf 89' lang='lat' dir='ltr'><strong>cui</strong></span> <span class='ocrx_word' id='word_1_745' title='bbox 672 4759 888 4819; x_wconf 87' lang='lat' dir='ltr'><strong>nullius,</strong></span> <span class='ocrx_word' id='word_1_746' title='bbox 940 4759 1039 4811; x_wconf 91' lang='lat' dir='ltr'><strong>nisi</strong></span> <span class='ocrx_word' id='word_1_747' title='bbox 1093 4758 1363 4827; x_wconf 87' lang='lat' dir='ltr'><strong>martyris,</strong></span> <span class='ocrx_word' id='word_1_748' title='bbox 1395 4758 1511 4812; x_wconf 89' lang='lat' dir='ltr'><strong>dies</strong></span> <span class='ocrx_word' id='word_1_749' title='bbox 1567 4760 1762 4812; x_wconf 85' lang='lat' dir='ltr'><strong>natalis</strong></span> <span class='ocrx_word' id='word_1_750' title='bbox 1818 4757 2143 4813; x_wconf 88' lang='lat' dir='ltr'><strong>inscribitur.</strong></span> 
     </span>
    </p>
   </div>
   <div class='ocr_carea' id='block_1_102' title="bbox 561 4827 2148 4897">
    <p class='ocr_par' dir='ltr' id='par_1_102' title="bbox 561 4827 2148 4897">
     <span class='ocr_line' id='line_1_103' title="bbox 561 4827 2148 4897; baseline 0.001 -15"><span class='ocrx_word' id='word_1_751' title='bbox 561 4828 749 4897; x_wconf 81' lang='lat' dir='ltr'><strong>Neque</strong></span> <span class='ocrx_word' id='word_1_752' title='bbox 802 4830 981 4882; x_wconf 88' lang='lat' dir='ltr'><strong>obstat</strong></span> <span class='ocrx_word' id='word_1_753' title='bbox 1030 4828 1299 4883; x_wconf 86' lang='lat' dir='ltr'><strong>silentium</strong></span> <span class='ocrx_word' id='word_1_754' title='bbox 1359 4827 2039 4897; x_wconf 3' lang='lat' dir='ltr'><strong>Kalendarii(Bucheriani,</strong></span> <span class='ocrx_word' id='word_1_755' title='bbox 2092 4839 2148 4883; x_wconf 88' lang='lat' dir='ltr'><strong>et</strong></span> 
     </span>
    </p>
   </div>
   <div class='ocr_carea' id='block_1_103' title="bbox 564 4894 2145 4969">
    <p class='ocr_par' dir='ltr' id='par_1_103' title="bbox 564 4894 2145 4969">
     <span class='ocr_line' id='line_1_104' title="bbox 564 4894 2145 4969; baseline 0.002 -18"><span class='ocrx_word' id='word_1_756' title='bbox 564 4894 737 4953; x_wconf 76' lang='lat' dir='ltr'><strong>sancti</strong></span> <span class='ocrx_word' id='word_1_757' title='bbox 766 4899 985 4965; x_wconf 65' lang='lat' dir='ltr'><strong>Irenaai;</strong></span> <span class='ocrx_word' id='word_1_758' title='bbox 1018 4915 1138 4954; x_wconf 91' lang='lat' dir='ltr'><strong>nam</strong></span> <span class='ocrx_word' id='word_1_759' title='bbox 1163 4902 1227 4952; x_wconf 89' lang='lat' dir='ltr'><strong>ad</strong></span> <span class='ocrx_word' id='word_1_760' title='bbox 1255 4902 1552 4969; x_wconf 76' lang='lat' dir='ltr'><strong>catalogum</strong></span> <span class='ocrx_word' id='word_1_761' title='bbox 1579 4894 1968 4954; x_wconf 75' lang='lat' dir='ltr'><strong>Bueherianum</strong></span> <span class='ocrx_word' id='word_1_762' title='bbox 2000 4900 2145 4965; x_wconf 87' lang='lat' dir='ltr'><strong>quod</strong></span> 
     </span>
    </p>
   </div>
   <div class='ocr_carea' id='block_1_104' title="bbox 563 4970 2148 5039">
    <p class='ocr_par' dir='ltr' id='par_1_104' title="bbox 563 4970 2148 5039">
     <span class='ocr_line' id='line_1_105' title="bbox 563 4970 2148 5039; baseline 0.001 -16"><span class='ocrx_word' id='word_1_763' title='bbox 563 4971 777 5039; x_wconf 83' lang='lat' dir='ltr'><strong>attinet,</strong></span> <span class='ocrx_word' id='word_1_764' title='bbox 798 4972 864 5028; x_wconf 89' lang='lat' dir='ltr'><strong>ab</strong></span> <span class='ocrx_word' id='word_1_765' title='bbox 886 4985 951 5025; x_wconf 86' lang='lat' dir='ltr'><strong>eo</strong></span> <span class='ocrx_word' id='word_1_766' title='bbox 978 4980 1194 5025; x_wconf 84' lang='lat' dir='ltr'><strong>sanctus</strong></span> <span class='ocrx_word' id='word_1_767' title='bbox 1208 4970 1566 5038; x_wconf 87' lang='lat' dir='ltr'><strong>Telesphorus</strong></span> <span class='ocrx_word' id='word_1_768' title='bbox 1588 4985 1742 5039; x_wconf 89' lang='lat' dir='ltr'><strong>papa,</strong></span> <span class='ocrx_word' id='word_1_769' title='bbox 1767 4971 2148 5025; x_wconf 88' lang='lat' dir='ltr'><strong>celeberrimus</strong></span> 
     </span>
    </p>
   </div>
   <div class='ocr_carea' id='block_1_105' title="bbox 564 5042 2143 5111">
    <p class='ocr_par' dir='ltr' id='par_1_105' title="bbox 564 5042 2143 5111">
     <span class='ocr_line' id='line_1_106' title="bbox 564 5042 2143 5111; baseline -0.001 -17"><span class='ocrx_word' id='word_1_770' title='bbox 564 5052 789 5111; x_wconf 81' lang='lat' dir='ltr'><strong>martyr,</strong></span> <span class='ocrx_word' id='word_1_771' title='bbox 821 5043 1022 5110; x_wconf 89' lang='lat' dir='ltr'><strong>aliique</strong></span> <span class='ocrx_word' id='word_1_772' title='bbox 1073 5058 1179 5096; x_wconf 84' lang='lat' dir='ltr'><strong>non</strong></span> <span class='ocrx_word' id='word_1_773' title='bbox 1223 5043 1378 5110; x_wconf 90' lang='lat' dir='ltr'><strong>pauci</strong></span> <span class='ocrx_word' id='word_1_774' title='bbox 1431 5042 1575 5096; x_wconf 90' lang='lat' dir='ltr'><strong>taciti</strong></span> <span class='ocrx_word' id='word_1_775' title='bbox 1624 5042 2143 5111; x_wconf 65' lang='lat' dir='ltr'><strong>praetermittuntur:</strong></span> 
     </span>
    </p>
   </div>
   <div class='ocr_carea' id='block_1_106' title="bbox 563 5110 2148 5178">
    <p class='ocr_par' dir='ltr' id='par_1_106' title="bbox 563 5110 2148 5178">
     <span class='ocr_line' id='line_1_107' title="bbox 563 5110 2148 5178; baseline 0.001 -14"><span class='ocrx_word' id='word_1_776' title='bbox 563 5110 792 5178; x_wconf 83' lang='lat' dir='ltr'><strong>quOrum</strong></span> <span class='ocrx_word' id='word_1_777' title='bbox 825 5128 961 5167; x_wconf 88' lang='lat' dir='ltr'><strong>unus</strong></span> <span class='ocrx_word' id='word_1_778' title='bbox 989 5123 1071 5167; x_wconf 90' lang='lat' dir='ltr'><strong>est</strong></span> <span class='ocrx_word' id='word_1_779' title='bbox 1099 5122 1317 5166; x_wconf 90' lang='lat' dir='ltr'><strong>sanctus</strong></span> <span class='ocrx_word' id='word_1_780' title='bbox 1339 5110 1609 5177; x_wconf 88' lang='lat' dir='ltr'><strong>Clemens,</strong></span> <span class='ocrx_word' id='word_1_781' title='bbox 1663 5112 1766 5165; x_wconf 85' lang='lat' dir='ltr'><strong>nisi</strong></span> <span class='ocrx_word' id='word_1_782' title='bbox 1814 5111 1953 5165; x_wconf 77' lang='lat' dir='ltr'><strong>forte</strong></span> <span class='ocrx_word' id='word_1_783' title='bbox 2006 5110 2148 5165; x_wconf 90' lang='lat' dir='ltr'><strong>inter</strong></span> 
     </span>
    </p>
   </div>
   <div class='ocr_carea' id='block_1_107' title="bbox 565 5180 2147 5249">
    <p class='ocr_par' dir='ltr' id='par_1_107' title="bbox 565 5180 2147 5249">
     <span class='ocr_line' id='line_1_108' title="bbox 565 5180 2147 5249; baseline -0.001 -14"><span class='ocrx_word' id='word_1_784' title='bbox 565 5192 829 5249; x_wconf 84' lang='lat' dir='ltr'><strong>martyres</strong></span> <span class='ocrx_word' id='word_1_785' title='bbox 868 5198 898 5234; x_wconf 81' lang='grc' dir='ltr'><strong>ν</strong></span> <span class='ocrx_word' id='word_1_786' title='bbox 933 5182 1055 5237; x_wconf 91' lang='lat' dir='ltr'><strong>ldus</strong></span> <span class='ocrx_word' id='word_1_787' title='bbox 1087 5182 1406 5238; x_wconf 87' lang='lat' dir='ltr'><strong>Novembris</strong></span> <span class='ocrx_word' id='word_1_788' title='bbox 1445 5182 1746 5237; x_wconf 87' lang='lat' dir='ltr'><strong>recensitus</strong></span> <span class='ocrx_word' id='word_1_789' title='bbox 1795 5181 1975 5235; x_wconf 77' lang='lat' dir='ltr'><strong>fuerit.</strong></span> <span class='ocrx_word' id='word_1_790' title='bbox 2008 5180 2147 5235; x_wconf 88' lang='lat' dir='ltr'><strong>San-</strong></span> 
     </span>
    </p>
   </div>
   <div class='ocr_carea' id='block_1_108' title="bbox 478 5252 2146 5322">
    <p class='ocr_par' dir='ltr' id='par_1_108' title="bbox 478 5252 2146 5322">
     <span class='ocr_line' id='line_1_109' title="bbox 478 5252 2146 5322; baseline 0.001 -19"><span class='ocrx_word' id='word_1_791' title='bbox 478 5256 488 5319; x_wconf 68' lang='grc' dir='ltr'><strong>ί</strong></span> <span class='ocrx_word' id='word_1_792' title='bbox 565 5261 708 5322; x_wconf 86' lang='lat' dir='ltr'><strong>etum</strong></span> <span class='ocrx_word' id='word_1_793' title='bbox 739 5259 918 5307; x_wconf 89' lang='lat' dir='ltr'><strong>autem</strong></span> <span class='ocrx_word' id='word_1_794' title='bbox 948 5252 1229 5319; x_wconf 64' lang='lat' dir='ltr'><strong>Irenaeum,</strong></span> <span class='ocrx_word' id='word_1_795' title='bbox 1260 5254 1349 5322; x_wconf 91' lang='lat' dir='ltr'><strong>qui</strong></span> <span class='ocrx_word' id='word_1_796' title='bbox 1384 5254 1531 5308; x_wconf 85' lang='lat' dir='ltr'><strong>Vitas</strong></span> <span class='ocrx_word' id='word_1_797' title='bbox 1556 5253 1920 5307; x_wconf 82' lang='lat' dir='ltr'><strong>Romanorum</strong></span> <span class='ocrx_word' id='word_1_798' title='bbox 1971 5252 2146 5319; x_wconf 88' lang='lat' dir='ltr'><strong>ponti-</strong></span> 
     </span>
    </p>
   </div>
   <div class='ocr_carea' id='block_1_109' title="bbox 478 5321 2147 5392">
    <p class='ocr_par' dir='ltr' id='par_1_109' title="bbox 478 5321 2147 5392">
     <span class='ocr_line' id='line_1_110' title="bbox 478 5321 2147 5392; baseline -0.001 -14"><span class='ocrx_word' id='word_1_799' title='bbox 478 5331 485 5378; x_wconf 76' lang='lat' dir='ltr'><strong>L-</strong></span> <span class='ocrx_word' id='word_1_800' title='bbox 565 5321 725 5376; x_wconf 87' lang='lat' dir='ltr'><strong>ﬁc&#39;um</strong></span> <span class='ocrx_word' id='word_1_801' title='bbox 750 5337 855 5376; x_wconf 91' lang='lat' dir='ltr'><strong>non</strong></span> <span class='ocrx_word' id='word_1_802' title='bbox 881 5325 1109 5387; x_wconf 80' lang='lat' dir='ltr'><strong>texebat,</strong></span> <span class='ocrx_word' id='word_1_803' title='bbox 1133 5321 1356 5380; x_wconf 83' lang='lat' dir='ltr'><strong>necesse</strong></span> <span class='ocrx_word' id='word_1_804' title='bbox 1386 5340 1490 5378; x_wconf 91' lang='lat' dir='ltr'><strong>non</strong></span> <span class='ocrx_word' id='word_1_805' title='bbox 1507 5323 1831 5379; x_wconf 89' lang='lat' dir='ltr'><strong>eratdoeere</strong></span> <span class='ocrx_word' id='word_1_806' title='bbox 1852 5337 1955 5392; x_wconf 90' lang='lat' dir='ltr'><strong>qua</strong></span> <span class='ocrx_word' id='word_1_807' title='bbox 1973 5335 2147 5377; x_wconf 85' lang='lat' dir='ltr'><strong>morte</strong></span> 
     </span>
    </p>
   </div>
   <div class='ocr_carea' id='block_1_110' title="bbox 484 5391 2146 5461">
    <p class='ocr_par' dir='ltr' id='par_1_110' title="bbox 484 5391 2146 5461">
     <span class='ocr_line' id='line_1_111' title="bbox 484 5391 2146 5461; baseline 0.002 -17"><span class='ocrx_word' id='word_1_808' title='bbox 484 5432 487 5455; x_wconf 55' lang='grc' dir='ltr'>ε</span> <span class='ocrx_word' id='word_1_809' title='bbox 565 5393 764 5447; x_wconf 87' lang='lat' dir='ltr'><strong>obierit</strong></span> <span class='ocrx_word' id='word_1_810' title='bbox 812 5407 1031 5448; x_wconf 89' lang='lat' dir='ltr'><strong>sanctus</strong></span> <span class='ocrx_word' id='word_1_811' title='bbox 1080 5394 1348 5458; x_wconf 83' lang='lat' dir='ltr'><strong>Clemens.</strong></span> <span class='ocrx_word' id='word_1_812' title='bbox 1384 5397 1619 5449; x_wconf 78' lang='lat' dir='ltr'><strong>maxime</strong></span> <span class='ocrx_word' id='word_1_813' title='bbox 1649 5408 1768 5446; x_wconf 89' lang='lat' dir='ltr'><strong>eum</strong></span> <span class='ocrx_word' id='word_1_814' title='bbox 1814 5396 1858 5447; x_wconf 90' lang='lat' dir='ltr'><strong>is</strong></span> <span class='ocrx_word' id='word_1_815' title='bbox 1905 5391 2146 5461; x_wconf 89' lang='lat' dir='ltr'><strong>pluribus</strong></span> 
     </span>
    </p>
   </div>
   <div class='ocr_carea' id='block_1_111' title="bbox 565 5464 1890 5533">
    <p class='ocr_par' dir='ltr' id='par_1_111' title="bbox 565 5464 1890 5533">
     <span class='ocr_line' id='line_1_112' title="bbox 565 5464 1890 5533; baseline 0.001 -17"><span class='ocrx_word' id='word_1_816' title='bbox 565 5471 693 5517; x_wconf 86' lang='lat' dir='ltr'><strong>ante</strong></span> <span class='ocrx_word' id='word_1_817' title='bbox 720 5473 944 5518; x_wconf 89' lang='lat' dir='ltr'><strong>mortem</strong></span> <span class='ocrx_word' id='word_1_818' title='bbox 969 5469 1122 5521; x_wconf 91' lang='lat' dir='ltr'><strong>annis</strong></span> <span class='ocrx_word' id='word_1_819' title='bbox 1145 5466 1506 5533; x_wconf 86' lang='lat' dir='ltr'><strong>pontiﬁcatum</strong></span> <span class='ocrx_word' id='word_1_820' title='bbox 1540 5464 1890 5518; x_wconf 85' lang='lat' dir='ltr'><strong>abdicaverit.</strong></span> 
     </span>
    </p>
   </div>
   <div class='ocr_carea' id='block_1_112' title="bbox 498 5534 2147 5607">
    <p class='ocr_par' dir='ltr' id='par_1_112' title="bbox 498 5534 2147 5607">
     <span class='ocr_line' id='line_1_113' title="bbox 498 5534 2147 5607; baseline 0.004 -22"><span class='ocrx_word' id='word_1_821' title='bbox 498 5546 503 5551; x_wconf 86' lang='lat'>&#39;</span> <span class='ocrx_word' id='word_1_822' title='bbox 572 5603 599 5607; x_wconf 70' lang='lat'><strong><em>_</em></strong></span> <span class='ocrx_word' id='word_1_823' title='bbox 644 5544 666 5571; x_wconf 79' lang='grc' dir='ltr'><strong>ο</strong></span> <span class='ocrx_word' id='word_1_824' title='bbox 702 5534 947 5607; x_wconf 86' lang='lat' dir='ltr'><strong>Binihae</strong></span> <span class='ocrx_word' id='word_1_825' title='bbox 974 5536 1061 5591; x_wconf 90' lang='lat' dir='ltr'><strong>die</strong></span> <span class='ocrx_word' id='word_1_826' title='bbox 1104 5537 1174 5591; x_wconf 73' lang='lat'><strong>29</strong></span> <span class='ocrx_word' id='word_1_827' title='bbox 1224 5536 1543 5591; x_wconf 80' lang='lat' dir='ltr'><strong>Novembris</strong></span> <span class='ocrx_word' id='word_1_828' title='bbox 1593 5534 1844 5589; x_wconf 91' lang='lat' dir='ltr'><strong>coluntur</strong></span> <span class='ocrx_word' id='word_1_829' title='bbox 1884 5544 2147 5607; x_wconf 89' lang='lat' dir='ltr'><strong>martyres</strong></span> 
     </span>
    </p>
   </div>
   <div class='ocr_carea' id='block_1_113' title="bbox 566 5603 2149 5674">
    <p class='ocr_par' dir='ltr' id='par_1_113' title="bbox 566 5603 2149 5674">
     <span class='ocr_line' id='line_1_114' title="bbox 566 5603 2149 5674; baseline 0.001 -15"><span class='ocrx_word' id='word_1_830' title='bbox 566 5603 863 5670; x_wconf 88' lang='lat' dir='ltr'><strong>Saturnini,</strong></span> <span class='ocrx_word' id='word_1_831' title='bbox 888 5606 1024 5661; x_wconf 90' lang='lat' dir='ltr'><strong>alter</strong></span> <span class='ocrx_word' id='word_1_832' title='bbox 1045 5608 1229 5661; x_wconf 73' lang='lat' dir='ltr'><strong>Roma:</strong></span> <span class='ocrx_word' id='word_1_833' title='bbox 1260 5610 1342 5659; x_wconf 76' lang='lat' dir='ltr'><strong>via</strong></span> <span class='ocrx_word' id='word_1_834' title='bbox 1376 5608 1599 5670; x_wconf 84' lang='lat' dir='ltr'><strong>Salaria,</strong></span> <span class='ocrx_word' id='word_1_835' title='bbox 1634 5606 1700 5659; x_wconf 91' lang='lat' dir='ltr'><strong>de</strong></span> <span class='ocrx_word' id='word_1_836' title='bbox 1748 5621 1856 5674; x_wconf 91' lang='lat' dir='ltr'><strong>quo</strong></span> <span class='ocrx_word' id='word_1_837' title='bbox 1886 5603 2149 5662; x_wconf 82' lang='lat' dir='ltr'><strong>Kalenda-</strong></span> 
     </span>
    </p>
   </div>
   <div class='ocr_carea' id='block_1_114' title="bbox 567 5676 2149 5742">
    <p class='ocr_par' dir='ltr' id='par_1_114' title="bbox 567 5676 2149 5742">
     <span class='ocr_line' id='line_1_115' title="bbox 567 5676 2149 5742; baseline 0.002 -13"><span class='ocrx_word' id='word_1_838' title='bbox 567 5676 707 5730; x_wconf 81' lang='lat' dir='ltr'><strong>rium</strong></span> <span class='ocrx_word' id='word_1_839' title='bbox 764 5677 1073 5742; x_wconf 81' lang='lat' dir='ltr'><strong>Frontonis,</strong></span> <span class='ocrx_word' id='word_1_840' title='bbox 1105 5677 1532 5732; x_wconf 84' lang='lat' dir='ltr'><strong>Sacramentaria</strong></span> <span class='ocrx_word' id='word_1_841' title='bbox 1568 5676 1907 5732; x_wconf 82' lang='lat' dir='ltr'><strong>Gelasianum</strong></span> <span class='ocrx_word' id='word_1_842' title='bbox 1936 5688 1989 5733; x_wconf 92' lang='lat' dir='ltr'><strong>et</strong></span> <span class='ocrx_word' id='word_1_843' title='bbox 2017 5679 2149 5732; x_wconf 89' lang='lat' dir='ltr'><strong>Gre-</strong></span> 
     </span>
    </p>
   </div>
   <div class='ocr_carea' id='block_1_115' title="bbox 570 5747 2148 5819">
    <p class='ocr_par' dir='ltr' id='par_1_115' title="bbox 570 5747 2148 5819">
     <span class='ocr_line' id='line_1_116' title="bbox 570 5747 2148 5819; baseline 0.001 -18"><span class='ocrx_word' id='word_1_844' title='bbox 570 5749 870 5819; x_wconf 72' lang='lat' dir='ltr'><strong>gorianum,</strong></span> <span class='ocrx_word' id='word_1_845' title='bbox 894 5762 945 5805; x_wconf 93' lang='lat' dir='ltr'><strong>et</strong></span> <span class='ocrx_word' id='word_1_846' title='bbox 965 5747 1365 5819; x_wconf 77' lang='lat' dir='ltr'><strong>Martyrologia</strong></span> <span class='ocrx_word' id='word_1_847' title='bbox 1383 5748 1548 5802; x_wconf 81' lang='lat' dir='ltr'><strong>lenne</strong></span> <span class='ocrx_word' id='word_1_848' title='bbox 1577 5751 1757 5802; x_wconf 78' lang='lat' dir='ltr'><strong>omnia</strong></span> <span class='ocrx_word' id='word_1_849' title='bbox 1785 5758 1964 5817; x_wconf 82' lang='lat' dir='ltr'><strong>agunt.</strong></span> <span class='ocrx_word' id='word_1_850' title='bbox 2000 5750 2148 5803; x_wconf 91' lang='lat' dir='ltr'><strong>Alter</strong></span> 
     </span>
    </p>
   </div>
   <div class='ocr_carea' id='block_1_116' title="bbox 572 5818 2147 5889">
    <p class='ocr_par' dir='ltr' id='par_1_116' title="bbox 572 5818 2147 5889">
     <span class='ocr_line' id='line_1_117' title="bbox 572 5818 2147 5889; baseline 0.003 -18"><span class='ocrx_word' id='word_1_851' title='bbox 572 5818 892 5873; x_wconf 90' lang='lat' dir='ltr'><strong>Saturninus</strong></span> <span class='ocrx_word' id='word_1_852' title='bbox 935 5818 1237 5873; x_wconf 83' lang='lat' dir='ltr'><strong>Tolosanus</strong></span> <span class='ocrx_word' id='word_1_853' title='bbox 1267 5818 1603 5889; x_wconf 70' lang='lat' dir='ltr'><strong>cpiscopus,</strong></span> <span class='ocrx_word' id='word_1_854' title='bbox 1650 5821 1751 5874; x_wconf 91' lang='lat' dir='ltr'><strong>ritu</strong></span> <span class='ocrx_word' id='word_1_855' title='bbox 1797 5821 1995 5889; x_wconf 89' lang='lat' dir='ltr'><strong>duplici</strong></span> <span class='ocrx_word' id='word_1_856' title='bbox 2051 5835 2147 5875; x_wconf 81' lang='lat' dir='ltr'><strong>sex</strong></span> 
     </span>
    </p>
   </div>
   <div class='ocr_carea' id='block_1_117' title="bbox 578 5887 2147 5963">
    <p class='ocr_par' dir='ltr' id='par_1_117' title="bbox 578 5887 2147 5963">
     <span class='ocr_line' id='line_1_118' title="bbox 578 5887 2147 5963; baseline 0.003 -18"><span class='ocrx_word' id='word_1_857' title='bbox 578 5904 889 5960; x_wconf 87' lang='lat' dir='ltr'><strong>eapparum,</strong></span> <span class='ocrx_word' id='word_1_858' title='bbox 939 5890 1104 5948; x_wconf 86' lang='lat' dir='ltr'><strong>missa</strong></span> <span class='ocrx_word' id='word_1_859' title='bbox 1135 5887 1399 5949; x_wconf 84' lang='lat' dir='ltr'><strong>etoi‘licio</strong></span> <span class='ocrx_word' id='word_1_860' title='bbox 1432 5887 1649 5963; x_wconf 82' lang='lat' dir='ltr'><strong>proprio</strong></span> <span class='ocrx_word' id='word_1_861' title='bbox 1678 5891 1731 5948; x_wconf 89' lang='lat' dir='ltr'><strong>in</strong></span> <span class='ocrx_word' id='word_1_862' title='bbox 1757 5887 1980 5963; x_wconf 68' lang='lat' dir='ltr'><strong>MisSali,</strong></span> <span class='ocrx_word' id='word_1_863' title='bbox 2014 5895 2147 5949; x_wconf 81' lang='lat' dir='ltr'><strong>Bre-</strong></span> 
     </span>
    </p>
   </div>
   <div class='ocr_carea' id='block_1_118' title="bbox 2253 4685 3834 4754">
    <p class='ocr_par' dir='ltr' id='par_1_118' title="bbox 2253 4685 3834 4754">
     <span class='ocr_line' id='line_1_119' title="bbox 2253 4685 3834 4754; baseline 0.001 -15"><span class='ocrx_word' id='word_1_864' title='bbox 2253 4693 2337 4739; x_wconf 87' lang='lat' dir='ltr'><strong>est</strong></span> <span class='ocrx_word' id='word_1_865' title='bbox 2365 4685 2613 4739; x_wconf 87' lang='lat' dir='ltr'><strong>Tolosam</strong></span> <span class='ocrx_word' id='word_1_866' title='bbox 2649 4686 2859 4739; x_wconf 85' lang='lat' dir='ltr'><strong>venisse</strong></span> <span class='ocrx_word' id='word_1_867' title='bbox 2894 4688 3189 4754; x_wconf 89' lang='lat' dir='ltr'><strong>imperante</strong></span> <span class='ocrx_word' id='word_1_868' title='bbox 3218 4686 3480 4753; x_wconf 87' lang='lat' dir='ltr'><strong>Philippo.</strong></span> <span class='ocrx_word' id='word_1_869' title='bbox 3512 4685 3582 4739; x_wconf 90' lang='lat' dir='ltr'><strong>At</strong></span> <span class='ocrx_word' id='word_1_870' title='bbox 3604 4687 3652 4738; x_wconf 89' lang='lat' dir='ltr'><strong>si</strong></span> <span class='ocrx_word' id='word_1_871' title='bbox 3703 4702 3834 4740; x_wconf 85' lang='lat' dir='ltr'><strong>eum</strong></span> 
     </span>
    </p>
   </div>
   <div class='ocr_carea' id='block_1_119' title="bbox 2250 4754 3831 4827">
    <p class='ocr_par' dir='ltr' id='par_1_119' title="bbox 2250 4754 3831 4827">
     <span class='ocr_line' id='line_1_120' title="bbox 2250 4754 3831 4827; baseline 0.001 -20"><span class='ocrx_word' id='word_1_872' title='bbox 2250 4766 2435 4809; x_wconf 90' lang='lat' dir='ltr'><strong>sancto</strong></span> <span class='ocrx_word' id='word_1_873' title='bbox 2466 4755 2723 4821; x_wconf 75' lang='lat' dir='ltr'><strong>Gregorio</strong></span> <span class='ocrx_word' id='word_1_874' title='bbox 2753 4756 3049 4813; x_wconf 87' lang='lat' dir='ltr'><strong>Turonensi</strong></span> <span class='ocrx_word' id='word_1_875' title='bbox 3078 4756 3247 4827; x_wconf 84' lang='lat' dir='ltr'><strong>(Hist.</strong></span> <span class='ocrx_word' id='word_1_876' title='bbox 3287 4754 3479 4809; x_wconf 79' lang='lat' dir='ltr'><strong>Franc.</strong></span> <span class='ocrx_word' id='word_1_877' title='bbox 3512 4757 3600 4827; x_wconf 89' lang='lat' dir='ltr'><strong>lib.</strong></span> <span class='ocrx_word' id='word_1_878' title='bbox 3640 4771 3677 4819; x_wconf 87' lang='grc' dir='ltr'><strong>ι,</strong></span> <span class='ocrx_word' id='word_1_879' title='bbox 3708 4772 3831 4826; x_wconf 55' lang='lat' dir='ltr'><strong>cap,</strong></span> 
     </span>
    </p>
   </div>
   <div class='ocr_carea' id='block_1_120' title="bbox 2249 4826 3838 4897">
    <p class='ocr_par' dir='ltr' id='par_1_120' title="bbox 2249 4826 3838 4897">
     <span class='ocr_line' id='line_1_121' title="bbox 2249 4826 3838 4897; baseline 0.003 -18"><span class='ocrx_word' id='word_1_880' title='bbox 2249 4827 2342 4897; x_wconf 68' lang='lat'><strong>30)</strong></span> <span class='ocrx_word' id='word_1_881' title='bbox 2368 4827 2708 4895; x_wconf 71' lang='lat' dir='ltr'><strong>intelligenda</strong></span> <span class='ocrx_word' id='word_1_882' title='bbox 2737 4829 2844 4881; x_wconf 90' lang='lat' dir='ltr'><strong>sint</strong></span> <span class='ocrx_word' id='word_1_883' title='bbox 2872 4833 2936 4882; x_wconf 88' lang='lat' dir='ltr'><strong>de</strong></span> <span class='ocrx_word' id='word_1_884' title='bbox 2957 4826 3100 4883; x_wconf 88' lang='lat' dir='ltr'><strong>anno</strong></span> <span class='ocrx_word' id='word_1_885' title='bbox 3131 4843 3238 4896; x_wconf 92' lang='lat' dir='ltr'><strong>quo</strong></span> <span class='ocrx_word' id='word_1_886' title='bbox 3267 4841 3484 4880; x_wconf 79' lang='lat' dir='ltr'><strong>sanctus</strong></span> <span class='ocrx_word' id='word_1_887' title='bbox 3506 4826 3838 4897; x_wconf 82' lang='lat' dir='ltr'><strong>Saturninus</strong></span> 
     </span>
    </p>
   </div>
   <div class='ocr_carea' id='block_1_121' title="bbox 2250 4896 3911 4967">
    <p class='ocr_par' dir='ltr' id='par_1_121' title="bbox 2250 4896 3911 4967">
     <span class='ocr_line' id='line_1_122' title="bbox 2250 4896 3911 4967; baseline 0.002 -17"><span class='ocrx_word' id='word_1_888' title='bbox 2250 4896 2459 4953; x_wconf 72' lang='lat' dir='ltr'><strong>Talosa:</strong></span> <span class='ocrx_word' id='word_1_889' title='bbox 2492 4898 2674 4953; x_wconf 87' lang='lat' dir='ltr'><strong>sedem</strong></span> <span class='ocrx_word' id='word_1_890' title='bbox 2705 4900 3063 4967; x_wconf 87' lang='lat' dir='ltr'><strong>episcopalem</strong></span> <span class='ocrx_word' id='word_1_891' title='bbox 3091 4897 3390 4963; x_wconf 75' lang='lat' dir='ltr'><strong>constituit,</strong></span> <span class='ocrx_word' id='word_1_892' title='bbox 3425 4896 3699 4966; x_wconf 87' lang='lat' dir='ltr'><strong>probabile</strong></span> <span class='ocrx_word' id='word_1_893' title='bbox 3724 4909 3835 4966; x_wconf 87' lang='lat' dir='ltr'><strong>est,</strong></span> <span class='ocrx_word' id='word_1_894' title='bbox 3908 4958 3911 4959; x_wconf 23' lang='grc' dir='ltr'><em>ν</em></span> 
     </span>
    </p>
   </div>
   <div class='ocr_carea' id='block_1_122' title="bbox 2250 4968 3909 5041">
    <p class='ocr_par' dir='ltr' id='par_1_122' title="bbox 2250 4968 3909 5041">
     <span class='ocr_line' id='line_1_123' title="bbox 2250 4968 3909 5041; baseline 0.002 -20"><span class='ocrx_word' id='word_1_895' title='bbox 2250 4982 2370 5021; x_wconf 88' lang='lat' dir='ltr'><strong>eum</strong></span> <span class='ocrx_word' id='word_1_896' title='bbox 2404 4970 2703 5039; x_wconf 85' lang='lat' dir='ltr'><strong>imperante</strong></span> <span class='ocrx_word' id='word_1_897' title='bbox 2732 4968 3013 5024; x_wconf 85' lang='lat' dir='ltr'><strong>Valeriano</strong></span> <span class='ocrx_word' id='word_1_898' title='bbox 3064 4974 3380 5041; x_wconf 81' lang='lat' dir='ltr'><strong>inartyrium</strong></span> <span class='ocrx_word' id='word_1_899' title='bbox 3436 4969 3654 5029; x_wconf 80' lang='lat' dir='ltr'><strong>iecisse,</strong></span> <span class='ocrx_word' id='word_1_900' title='bbox 3684 4971 3838 5041; x_wconf 84' lang='lat' dir='ltr'><strong>scri-</strong></span> <span class='ocrx_word' id='word_1_901' title='bbox 3904 4971 3909 4976; x_wconf 84' lang='grc'><em>’</em></span> 
     </span>
    </p>
   </div>
   <div class='ocr_carea' id='block_1_123' title="bbox 2251 5038 3840 5110">
    <p class='ocr_par' dir='ltr' id='par_1_123' title="bbox 2251 5038 3840 5110">
     <span class='ocr_line' id='line_1_124' title="bbox 2251 5038 3840 5110; baseline 0.002 -18"><span class='ocrx_word' id='word_1_902' title='bbox 2251 5038 2568 5109; x_wconf 79' lang='lat' dir='ltr'><strong>ptoremque</strong></span> <span class='ocrx_word' id='word_1_903' title='bbox 2599 5048 2838 5094; x_wconf 85' lang='lat' dir='ltr'><strong>acturum</strong></span> <span class='ocrx_word' id='word_1_904' title='bbox 2862 5040 3128 5108; x_wconf 87' lang='lat' dir='ltr'><strong>passionis</strong></span> <span class='ocrx_word' id='word_1_905' title='bbox 3157 5038 3276 5110; x_wconf 77' lang='lat' dir='ltr'><strong>ejus</strong></span> <span class='ocrx_word' id='word_1_906' title='bbox 3306 5054 3367 5093; x_wconf 84' lang='lat' dir='ltr'><strong>ea</strong></span> <span class='ocrx_word' id='word_1_907' title='bbox 3414 5054 3533 5110; x_wconf 74' lang='lat' dir='ltr'><strong>qua:</strong></span> <span class='ocrx_word' id='word_1_908' title='bbox 3561 5038 3840 5110; x_wconf 81' lang='lat' dir='ltr'><strong>oculatus</strong></span> 
     </span>
    </p>
   </div>
   <div class='ocr_carea' id='block_1_124' title="bbox 2252 5109 3841 5177">
    <p class='ocr_par' dir='ltr' id='par_1_124' title="bbox 2252 5109 3841 5177">
     <span class='ocr_line' id='line_1_125' title="bbox 2252 5109 3841 5177; baseline 0.002 -15"><span class='ocrx_word' id='word_1_909' title='bbox 2252 5112 2402 5165; x_wconf 74' lang='lat' dir='ltr'><strong>testis</strong></span> <span class='ocrx_word' id='word_1_910' title='bbox 2430 5112 2559 5164; x_wconf 89' lang='lat' dir='ltr'><strong>vidit</strong></span> <span class='ocrx_word' id='word_1_911' title='bbox 2587 5112 2815 5177; x_wconf 80' lang='lat' dir='ltr'><strong>posteris</strong></span> <span class='ocrx_word' id='word_1_912' title='bbox 2845 5112 3146 5165; x_wconf 83' lang='lat' dir='ltr'><strong>tradidisse.</strong></span> <span class='ocrx_word' id='word_1_913' title='bbox 3184 5109 3259 5165; x_wconf 87' lang='lat' dir='ltr'><strong>De</strong></span> <span class='ocrx_word' id='word_1_914' title='bbox 3285 5109 3537 5164; x_wconf 78' lang='lat' dir='ltr'><strong>Ecclesiis</strong></span> <span class='ocrx_word' id='word_1_915' title='bbox 3559 5109 3609 5162; x_wconf 91' lang='lat' dir='ltr'><strong>in</strong></span> <span class='ocrx_word' id='word_1_916' title='bbox 3642 5109 3841 5176; x_wconf 86' lang='lat' dir='ltr'><strong>llispa—</strong></span> 
     </span>
    </p>
   </div>
   <div class='ocr_carea' id='block_1_125' title="bbox 2250 5179 3839 5246">
    <p class='ocr_par' dir='ltr' id='par_1_125' title="bbox 2250 5179 3839 5246">
     <span class='ocr_line' id='line_1_126' title="bbox 2250 5179 3839 5246; baseline 0.002 -14"><span class='ocrx_word' id='word_1_917' title='bbox 2250 5180 2336 5233; x_wconf 90' lang='lat' dir='ltr'><strong>nia</strong></span> <span class='ocrx_word' id='word_1_918' title='bbox 2363 5197 2389 5231; x_wconf 90' lang='lat' dir='ltr'><strong>a</strong></span> <span class='ocrx_word' id='word_1_919' title='bbox 2415 5196 2601 5235; x_wconf 91' lang='lat' dir='ltr'><strong>saneto</strong></span> <span class='ocrx_word' id='word_1_920' title='bbox 2630 5181 2918 5235; x_wconf 85' lang='lat' dir='ltr'><strong>Saturnino</strong></span> <span class='ocrx_word' id='word_1_921' title='bbox 2949 5181 3181 5236; x_wconf 79' lang='lat' dir='ltr'><strong>fundatis</strong></span> <span class='ocrx_word' id='word_1_922' title='bbox 3199 5223 3213 5246; x_wconf 87' lang='lat'><strong>,</strong></span> <span class='ocrx_word' id='word_1_923' title='bbox 3241 5180 3462 5235; x_wconf 89' lang='lat' dir='ltr'><strong>consule</strong></span> <span class='ocrx_word' id='word_1_924' title='bbox 3490 5179 3839 5235; x_wconf 80' lang='lat' dir='ltr'><strong>Ambrosium</strong></span> 
     </span>
    </p>
   </div>
   <div class='ocr_carea' id='block_1_126' title="bbox 2248 5249 3840 5319">
    <p class='ocr_par' dir='ltr' id='par_1_126' title="bbox 2248 5249 3840 5319">
     <span class='ocr_line' id='line_1_127' title="bbox 2248 5249 3840 5319; baseline 0.002 -16"><span class='ocrx_word' id='word_1_925' title='bbox 2248 5249 2473 5306; x_wconf 83' lang='lat' dir='ltr'><strong>Murales</strong></span> <span class='ocrx_word' id='word_1_926' title='bbox 2497 5252 2586 5313; x_wconf 85' lang='lat' dir='ltr'><strong>(In</strong></span> <span class='ocrx_word' id='word_1_927' title='bbox 2615 5250 2887 5318; x_wconf 79' lang='lat' dir='ltr'><strong>Chronico,</strong></span> <span class='ocrx_word' id='word_1_928' title='bbox 2920 5252 3007 5307; x_wconf 85' lang='lat' dir='ltr'><strong>lib.</strong></span> <span class='ocrx_word' id='word_1_929' title='bbox 3046 5267 3132 5319; x_wconf 81' lang='lat' dir='ltr'><strong>ix,</strong></span> <span class='ocrx_word' id='word_1_930' title='bbox 3185 5269 3301 5319; x_wconf 89' lang='lat' dir='ltr'><strong>cap.</strong></span> <span class='ocrx_word' id='word_1_931' title='bbox 3335 5250 3449 5319; x_wconf 71' lang='grc'><strong>14).</strong></span> <span class='ocrx_word' id='word_1_932' title='bbox 3482 5249 3840 5307; x_wconf 75' lang='lat' dir='ltr'><strong>Franciseutn</strong></span> 
     </span>
    </p>
   </div>
   <div class='ocr_carea' id='block_1_127' title="bbox 2250 5320 3842 5392">
    <p class='ocr_par' dir='ltr' id='par_1_127' title="bbox 2250 5320 3842 5392">
     <span class='ocr_line' id='line_1_128' title="bbox 2250 5320 3842 5392; baseline 0.001 -16"><span class='ocrx_word' id='word_1_933' title='bbox 2250 5322 2453 5377; x_wconf 84' lang='lat' dir='ltr'><strong>l’adilla</strong></span> <span class='ocrx_word' id='word_1_934' title='bbox 2486 5322 2654 5392; x_wconf 78' lang='lat' dir='ltr'><strong>(Hist.</strong></span> <span class='ocrx_word' id='word_1_935' title='bbox 2676 5322 2873 5376; x_wconf 81' lang='lat' dir='ltr'><strong>Eccles.</strong></span> <span class='ocrx_word' id='word_1_936' title='bbox 2898 5321 3079 5391; x_wconf 85' lang='lat' dir='ltr'><strong>Hisp.,</strong></span> <span class='ocrx_word' id='word_1_937' title='bbox 3103 5333 3296 5376; x_wconf 80' lang='lat' dir='ltr'><strong>rentur.</strong></span> <span class='ocrx_word' id='word_1_938' title='bbox 3328 5337 3367 5382; x_wconf 87' lang='grc' dir='ltr'><strong>ι,</strong></span> <span class='ocrx_word' id='word_1_939' title='bbox 3400 5338 3514 5390; x_wconf 87' lang='lat' dir='ltr'><strong>cap.</strong></span> <span class='ocrx_word' id='word_1_940' title='bbox 3546 5320 3842 5392; x_wconf 61' lang='lat' dir='ltr'><strong>Qt‘),_Saus-</strong></span> 
     </span>
    </p>
   </div>
   <div class='ocr_carea' id='block_1_128' title="bbox 2248 5390 3841 5463">
    <p class='ocr_par' dir='ltr' id='par_1_128' title="bbox 2248 5390 3841 5463">
     <span class='ocr_line' id='line_1_129' title="bbox 2248 5390 3841 5463; baseline 0.001 -16"><span class='ocrx_word' id='word_1_941' title='bbox 2248 5394 2416 5463; x_wconf 76' lang='lat' dir='ltr'><strong>saiutn</strong></span> <span class='ocrx_word' id='word_1_942' title='bbox 2440 5390 2532 5462; x_wconf 73' lang='lat' dir='ltr'><strong>(In</strong></span> <span class='ocrx_word' id='word_1_943' title='bbox 2557 5393 2927 5463; x_wconf 83' lang='lat' dir='ltr'><strong>Martyrologio</strong></span> <span class='ocrx_word' id='word_1_944' title='bbox 2954 5390 3272 5461; x_wconf 73' lang='lat' dir='ltr'><strong>Gallicana),</strong></span> <span class='ocrx_word' id='word_1_945' title='bbox 3307 5392 3647 5447; x_wconf 83' lang='lat' dir='ltr'><strong>Franciscuui</strong></span> <span class='ocrx_word' id='word_1_946' title='bbox 3667 5390 3841 5462; x_wconf 74' lang='grc' dir='ltr'><strong>υἱεεο</strong></span> 
     </span>
    </p>
   </div>
   <div class='ocr_carea' id='block_1_129' title="bbox 2251 5462 2984 5534">
    <p class='ocr_par' dir='ltr' id='par_1_129' title="bbox 2251 5462 2984 5534">
     <span class='ocr_line' id='line_1_130' title="bbox 2251 5462 2984 5534; baseline 0.007 -20"><span class='ocrx_word' id='word_1_947' title='bbox 2251 5462 2389 5534; x_wconf 78' lang='lat' dir='ltr'><strong>(Lib.</strong></span> <span class='ocrx_word' id='word_1_948' title='bbox 2435 5479 2469 5516; x_wconf 92' lang='lat' dir='ltr'><strong>ll</strong></span> <span class='ocrx_word' id='word_1_949' title='bbox 2525 5463 2699 5532; x_wconf 82' lang='lat' dir='ltr'><strong>Antiq.</strong></span> <span class='ocrx_word' id='word_1_950' title='bbox 2739 5462 2984 5534; x_wconf 57' lang='lat' dir='ltr'><strong>osseum).</strong></span> 
     </span>
    </p>
   </div>
   <div class='ocr_carea' id='block_1_130' title="bbox 2320 5532 3837 5604">
    <p class='ocr_par' dir='ltr' id='par_1_130' title="bbox 2320 5532 3837 5604">
     <span class='ocr_line' id='line_1_131' title="bbox 2320 5532 3837 5604; baseline 0.002 -18"><span class='ocrx_word' id='word_1_951' title='bbox 2320 5532 2345 5570; x_wconf 78' lang='grc' dir='ltr'>ἀ</span> <span class='ocrx_word' id='word_1_952' title='bbox 2379 5534 2644 5604; x_wconf 74' lang='lat' dir='ltr'><strong>Officium.</strong></span> <span class='ocrx_word' id='word_1_953' title='bbox 2673 5537 2759 5589; x_wconf 78' lang='lat' dir='ltr'><strong>Ps.</strong></span> <span class='ocrx_word' id='word_1_954' title='bbox 2786 5551 2864 5600; x_wconf 86' lang='lat' dir='ltr'><strong>Ill,</strong></span> <span class='ocrx_word' id='word_1_955' title='bbox 2896 5532 2947 5589; x_wconf 76' lang='lat' dir='ltr'><strong>l.</strong></span> <span class='ocrx_word' id='word_1_956' title='bbox 2981 5534 3045 5589; x_wconf 87' lang='lat' dir='ltr'><strong>In</strong></span> <span class='ocrx_word' id='word_1_957' title='bbox 3068 5535 3322 5600; x_wconf 76' lang='lat' dir='ltr'><strong>mandatis</strong></span> <span class='ocrx_word' id='word_1_958' title='bbox 3346 5536 3455 5604; x_wconf 84' lang='lat' dir='ltr'><strong>ejus</strong></span> <span class='ocrx_word' id='word_1_959' title='bbox 3485 5534 3626 5603; x_wconf 83' lang='lat' dir='ltr'><strong>cupit</strong></span> <span class='ocrx_word' id='word_1_960' title='bbox 3658 5534 3837 5604; x_wconf 68' lang='lat' dir='ltr'><strong>nimis.</strong></span> 
     </span>
    </p>
   </div>
   <div class='ocr_carea' id='block_1_131' title="bbox 2252 5603 3841 5676">
    <p class='ocr_par' dir='ltr' id='par_1_131' title="bbox 2252 5603 3841 5676">
     <span class='ocr_line' id='line_1_132' title="bbox 2252 5603 3841 5676; baseline 0 -18"><span class='ocrx_word' id='word_1_961' title='bbox 2252 5606 2428 5674; x_wconf 78' lang='lat' dir='ltr'><strong>\&#39;u|g.,</strong></span> <span class='ocrx_word' id='word_1_962' title='bbox 2452 5603 2607 5661; x_wconf 79' lang='lat' dir='ltr'><strong>LXX</strong></span> <span class='ocrx_word' id='word_1_963' title='bbox 2629 5614 2685 5662; x_wconf 90' lang='lat' dir='ltr'><strong>et</strong></span> <span class='ocrx_word' id='word_1_964' title='bbox 2710 5616 2928 5661; x_wconf 88' lang='lat' dir='ltr'><strong>sanctus</strong></span> <span class='ocrx_word' id='word_1_965' title='bbox 2948 5607 3295 5676; x_wconf 80' lang='lat' dir='ltr'><strong>Augustinus,</strong></span> <span class='ocrx_word' id='word_1_966' title='bbox 3326 5603 3453 5659; x_wconf 78' lang='lat' dir='ltr'><strong>v&#39;olet</strong></span> <span class='ocrx_word' id='word_1_967' title='bbox 3477 5605 3660 5676; x_wconf 77' lang='lat' dir='ltr'><strong>nimis.</strong></span> <span class='ocrx_word' id='word_1_968' title='bbox 3684 5603 3841 5676; x_wconf 76' lang='lat' dir='ltr'><strong>l‘sal-</strong></span> 
     </span>
    </p>
   </div>
   <div class='ocr_carea' id='block_1_132' title="bbox 2249 5674 3837 5753">
    <p class='ocr_par' dir='ltr' id='par_1_132' title="bbox 2249 5674 3837 5753">
     <span class='ocr_line' id='line_1_133' title="bbox 2249 5674 3837 5753; baseline 0 -22"><span class='ocrx_word' id='word_1_969' title='bbox 2249 5678 2798 5753; x_wconf 65' lang='lat' dir='ltr'><strong>teriutn_lluinant_i_m,</strong></span> <span class='ocrx_word' id='word_1_970' title='bbox 2848 5674 3108 5753; x_wconf 75' lang='lat' dir='ltr'><strong>editunia</strong></span> <span class='ocrx_word' id='word_1_971' title='bbox 3141 5693 3274 5753; x_wconf 84' lang='lat' dir='ltr'><strong>_ven_.</strong></span> <span class='ocrx_word' id='word_1_972' title='bbox 3322 5676 3612 5753; x_wconf 80' lang='lat' dir='ltr'><strong>Thomasio</strong></span> <span class='ocrx_word' id='word_1_973' title='bbox 3642 5674 3837 5753; x_wconf 80' lang='lat' dir='ltr'><strong>(Oper.</strong></span> 
     </span>
    </p>
   </div>
   <div class='ocr_carea' id='block_1_133' title="bbox 2249 5746 3841 5820">
    <p class='ocr_par' dir='ltr' id='par_1_133' title="bbox 2249 5746 3841 5820">
     <span class='ocr_line' id='line_1_134' title="bbox 2249 5746 3841 5820; baseline -0.001 -19"><span class='ocrx_word' id='word_1_974' title='bbox 2249 5759 2372 5801; x_wconf 86' lang='lat' dir='ltr'><strong>tam.</strong></span> <span class='ocrx_word' id='word_1_975' title='bbox 2408 5746 2504 5811; x_wconf 87' lang='lat' dir='ltr'><strong>Il,</strong></span> <span class='ocrx_word' id='word_1_976' title='bbox 2546 5747 2648 5802; x_wconf 85' lang='lat' dir='ltr'><strong>Ed.</strong></span> <span class='ocrx_word' id='word_1_977' title='bbox 2686 5747 2897 5820; x_wconf 54' lang='lat' dir='ltr'><strong>Rana),</strong></span> <span class='ocrx_word' id='word_1_978' title='bbox 2948 5750 3088 5818; x_wconf 90' lang='lat' dir='ltr'><strong>quod</strong></span> <span class='ocrx_word' id='word_1_979' title='bbox 3130 5747 3371 5803; x_wconf 82' lang='lat' dir='ltr'><strong>Italicam</strong></span> <span class='ocrx_word' id='word_1_980' title='bbox 3422 5746 3699 5820; x_wconf 75' lang='lat' dir='ltr'><strong>versionem</strong></span> <span class='ocrx_word' id='word_1_981' title='bbox 3742 5762 3841 5820; x_wconf 84' lang='lat' dir='ltr'><strong>ap—</strong></span> 
     </span>
    </p>
   </div>
   <div class='ocr_carea' id='block_1_134' title="bbox 2250 5818 3837 5901">
    <p class='ocr_par' dir='ltr' id='par_1_134' title="bbox 2250 5818 3837 5901">
     <span class='ocr_line' id='line_1_135' title="bbox 2250 5818 3837 5901; baseline 0.001 -29"><span class='ocrx_word' id='word_1_982' title='bbox 2250 5820 2427 5901; x_wconf 76' lang='lat' dir='ltr'><strong>pello,</strong></span> <span class='ocrx_word' id='word_1_983' title='bbox 2469 5820 2608 5890; x_wconf 85' lang='lat' dir='ltr'><strong>cupit</strong></span> <span class='ocrx_word' id='word_1_984' title='bbox 2648 5819 2819 5879; x_wconf 87' lang='lat' dir='ltr'><strong>nimis.</strong></span> <span class='ocrx_word' id='word_1_985' title='bbox 2848 5818 3190 5880; x_wconf 75' lang='lat' dir='ltr'><strong>Psalterium</strong></span> <span class='ocrx_word' id='word_1_986' title='bbox 3234 5818 3610 5888; x_wconf 82' lang='lat' dir='ltr'><strong>Muzarabum,</strong></span> <span class='ocrx_word' id='word_1_987' title='bbox 3654 5819 3837 5888; x_wconf 78' lang='lat' dir='ltr'><strong>cupiet</strong></span> 
     </span>
    </p>
   </div>
   <div class='ocr_carea' id='block_1_135' title="bbox 2248 5906 2420 5946">
    <p class='ocr_par' dir='ltr' id='par_1_135' title="bbox 2248 5906 2420 5946">
     <span class='ocr_line' id='line_1_136' title="bbox 2248 5906 2420 5946; baseline -0.012 0"><span class='ocrx_word' id='word_1_988' title='bbox 2248 5906 2420 5946; x_wconf 78' lang='grc' dir='ltr'><strong>ηιιηιε.</strong></span> 
     </span>
    </p>
   </div>
  </div>
