4040 6356
169 359 285 439 ’155

934 369 1227 429 MISSALE
1265 371 1535 430 Ml-XTUM
1576 368 1729 428 δερ.
1771 365 1934 425 REG.
1975 359 2349 433 B.'lSlDORl.
2379 364 2451 418 4-
2492 375 2671 433 PARS
2713 376 2754 432 l.

3363 376 3466 442 634

255 496 351 551 Per
376 490 814 549 misericordiam
842 497 987 545 tuam
1018 490 1161 547 Deus
1206 500 1389 546 noster
1420 509 1434 544 :
1471 490 1561 562 qui
1586 505 1644 546 es
1675 489 1769 543 be-
1799 488 1857 549 Δ
1883 496 1937 544 et
1965 488 2231 548 doctrina.
2272 494 2388 549 Erit
2430 493 2575 550 enim
2622 502 2831 565 tempus
2873 510 2995 553 cum
3043 514 3226 556 sanam
3270 501 3471 558 doctri—

193 591 426 651 nedictus
459 594 521 643 et
555 586 694 642 vivis
719 592 773 639 et
800 583 981 639 omnia
1010 583 1151 654 regis
1182 586 1234 640 in
1274 582 1452 639 secula
1476 582 1779 639 seculorum

194 702 352 743 amen.

256 777 517 835 Dominus
544 776 617 830 sit
637 788 853 843 semper
878 770 1180 826 vobiscum;

287 870 454 925 Lectio
478 868 602 923 libri
632 865 980 921 Ecclesiastici
1010 862 1307 919 Salomonis
1339 861 1390 935 (⁸
1422 860 1551 932 Cap.
1581 860 1672 931 ι).

271 969 305 1038 ἢ
326 1010 340 1025 .
380 966 499 1021 Deo
528 963 748 1036 gratias.

258 1058 345 1112 Vir
368 1056 472 1111 iste
519 1052 863 1110 conservavit
891 1051 1062 1122 legem
1092 1050 1189 1105 Dei
1229 1048 1467 1104 excelsi:
1496 1056 1550 1103 et
1577 1047 1628 1102 in
1654 1056 1776 1104 ten-

200 1152 376 1209 tatione
401 1150 661 1205 inventus
691 1156 773 1202 est
796 1144 983 1200 fidelis.
1024 1144 1093 1199 Et
1120 1141 1307 1197 statuit
1334 1142 1383 1197 ei
1416 1142 1672 1196 Dominus
1701 1150 1778 1195 te-

202 1252 516 1302 stamentum
546 1251 790 1296 eternum
819 1259 832 1293 :
866 1248 921 1294 et
950 1238 1098 1293 de’dit
1126 1237 1199 1293 illi
1244 1236 1605 1293 sacerdotium
1650 1252 1778 1308 gen-

205 1336 298 1391 tis:
329 1342 383 1390 et
422 1332 759 1388 beatiﬁcavit
789 1331 939 1386 illutn
989 1330 1041 1385 in
1082 1329 1273 1399 gloria.
1319 1330 1382 1384 Et
1408 1327 1779 1383 circumcinxit

204 1427 333 1481 illum
358 1440 554 1480 zonam
580 1423 762 1493 gloria:
787 1439 802 1477 :
826 1432 881 1477 et
904 1422 1074 1477 induit
1097 1421 1241 1476 illum
1264 1422 1313 1475 in
1332 1419 1474 1475 vasis
1495 1420 1775 1477 virtutum.

207 1518 291 1587 Qui
320 1515 523 1572 curavit
543 1524 757 1587 gentem
793 1530 943 1569 suam
971 1531 985 1568 :
1016 1523 1070 1569 et
1094 1512 1341 1569 liberavit
1366 1512 1514 1568 illam
1540 1528 1570 1566 a
1602 1513 1779 1581 pernic

206 1612 286 1667 tie.
329 1610 425 1679 Qui
460 1609 731 1681 prevaluit
763 1608 1014 1663 edificare
1052 1605 1321 1663 civitatem
1358 1623 1374 1662 :
1417 1606 1507 1677 qui
1554 1607 1779 1676 adeptus

206 1714 276 1760 est
322 1705 549 1774 gloriam
606 1705 660 1758 in
700 1700 1111 1757 conversatione
1159 1701 1371 1770 gentis:
1411 1710 1466 1755 et
1509 1700 1780 1769 ingressus

206 1798 381 1851 domus
410 1805 464 1850 et
485 1794 609 1849 atrii
632 1792 992 1863 ampliﬁcatus
1022 1800 1122 1846 est.
1165 1791 1326 1857 Quasi
1345 1791 1497 1846 stella
1523 1790 1777 1845 matutina

1882 599 2007 641 nam
2038 600 2145 641 non
2188 588 2571 648 sustinebunt:
2601 588 2695 644 sed
2736 590 2801 643 ad
2834 605 2926 645 sua
2957 592 3219 649 desideria
3246 608 3471 651 coacer-

1881 678 2082 734 vabunt
2110 680 2209 733 sibi
2239 680 2519 751 Magistros
2556 684 2861 752 prurientes
2892 692 3111 742 auri‘eus
3142 704 3155 742 :
3188 697 3238 744 et
3265 704 3293 742 a
3328 691 3470 745 veri-

1884 778 1992 825 tate
2044 772 2257 839 qntdem
2307 773 2546 827 auditum
2586 783 2828 831 avertent
2869 795 2880 829 :
2934 777 2999 832 ad
3042 778 3248 835 fabulas
3291 790 3466 835 autem

1806 866 1821 909 ⁷.
1881 873 2290 921 convertentur.
2330 865 2410 920 Tu
2454 881 2582 922 vero
2628 868 2829 938 vigila:
2878 870 2931 925 in
2982 872 3230 927 omnibus
3261 873 3468 929 labora.

1790 948 1793 951 ⁷
1860 958 2028 1029 Opus
2075 959 2157 1014 fac
2201 961 2577 1030 livangeliste:
2612 962 2964 1019 Ministerium
3009 975 3155 1021 tuum
3206 965 3231 1005 ιι
3285 968 3461 1028 impie.

1884 1051 1996 1120 Ego
2020 1052 2162 1106 enim
2203 1052 2312 1121 jam
2357 1052 2567 1108 delibor
2592 1072 2608 1110 :
2635 1063 2689 1109 et
2730 1064 2939 1125 tempus
2980 1058 3325 1114 resolutionis
3352 1076 3472 1117 meo

1888 1140 2075 1197 instat.
2136 1142 2341 1199 Bonum
2397 1153 2667 1200 certamen
2713 1149 2952 1203 certavi:
3002 1147 3161 1204 fidem
3211 1152 3421 1207 Servavi
3451 1170 3469 1207 ε

1884 1248 2103 1290 cursum
2150 1236 2540 1292 consummavi.
2582 1236 2641 1292 In
2696 1234 2900 1309 ieliquo
2940 1240 3176 1310 reposita
3219 1256 3303 1296 est
3336 1244 3469 1300 nubi

1885 1342 2086 1383 corona
2128 1326 2377 1396 justicie:
2427 1344 2585 1399 quam
2616 1330 2804 1386 reddet
2842 1331 2973 1386 mihi
3016 1333 3270 1389 Dominus
3294 1335 3469 1397 justus

1879 1419 2047 1490 judex
2072 1422 2123 1476 in
2155 1422 2240 1477 die
2264 1422 2375 1476 illa.
2405 1422 2519 1478 Non
2557 1423 2731 1479 solum
2762 1435 2938 1481 autem
2983 1426 3149 1483 mihi:
3181 1428 3276 1485 sed
3305 1438 3359 1486 et
3384 1428 3469 1485 his

1884 1512 1974 1583 qui
1999 1513 2225 1584 diligunt
2248 1514 2535 1571 adventum
2558 1516 2700 1586 ejus.

1962 1602 2010 1675 '13
2032 1646 2046 1660 .
2078 1606 2271 1663 Amen.

1958 1696 2110 1751 Dicat
2140 1696 2320 1752 Presb.
2354 1698 2609 1755 Dominus
2637 1698 2708 1754 sit
2731 1713 2945 1769 semper
2967 1699 3261 1758 vobiscum.

1887 1790 2063 1844 Lectio
2089 1790 2267 1844 Sancti
2278 1788 2549 1862 Evangelii
2562 1791 2841 1844 secundant
2853 1790 3043 1845 Lucam
3067 1792 3118 1864 (°
3133 1791 3264 1862 Cap.
3280 1791 3467 1866 XIX).

204 1890 249 1939 in
290 1886 460 1941 media
506 1886 687 1941 nube:
719 1857 773 1940 et
798 1884 947 1954 quasi
993 1884 1118 1939 luna
1166 1882 1317 1951 plena
1369 1883 1422 1938 in
1453 1883 1641 1938 diebus
1669 1884 1782 1938 suis
1810 1857 1862 1917 Β
1962 1884 2019 1938 In
2048 1883 2236 1939 diebus
2264 1883 2385 1938 illis.
2424 1857 2680 1937 Dominus
2705 1895 2884 1938 noster
2924 1857 3083 1940 Iesus
3107 1857 3353 1942 Christus
3382 1857 3466 1940 to-

204 1981 354 2033 lueet.
399 1978 465 2031 Et
485 1976 630 2046 quasi
652 1975 731 2031 sol
758 1975 1065 2044 refulgens:
1101 1974 1178 2030 sic
1209 1974 1300 2030 ille
1326 1971 1534 2029 refulsit
1561 1976 1612 2029 in
1647 1984 1783 2030 tem-

210 2070 288 2136 plo
314 2068 430 2123 Dei.
470 2068 629 2135 Quasi
657 2084 815 2124 arcus
844 2067 1115 2139 refulgens
1159 2068 1298 2123 inter
1327 2063 1548 2124 nebulas
1569 2069 1779 2137 glorie:

208 2172 255 2216 et
278 2163 428 2231 quasi
452 2163 545 2219 ﬂos
566 2178 807 2219 rosarum
834 2164 885 2217 in
912 2162 1100 2218 diebus
1128 2163 1299 2218 verni.
1353 2162 1512 2230 Quasi
1542 2160 1651 2217 lilia
1680 2178 1783 2233 que

210 2267 330 2309 sunt
358 2257 413 2311 in
443 2258 659 2312 transitu
687 2272 860 2326 aque:
898 2265 954 2312 et
981 2256 1130 2325 quasi
1157 2256 1277 2310 thus
1308 2256 1557 2311 rcdolens
1586 2257 1638 2311 in
1665 2256 1780 2311 die-

214 2346 313 2400 bus
359 2348 557 2402 estatis.
618 2348 783 2415 Quasi
826 2348 961 2418 ignis
1007 2346 1316 2418 refulgens:
1348 2357 1400 2403 et
1432 2348 1554 2402 thus
1588 2348 1783 2404 ardens

222 2436 353 2506 igni.
394 2436 548 2504 Quasi
576 2452 672 2492 vas
701 2437 815 2492 auri
856 2437 1110 2492 solidum:
1142 2447 1387 2493 ornatum
1427 2438 1572 2492 (ιιιιιιί
1612 2438 1784 2508 lapide

229 2530 485 2597 precioso.
510 2528 673 2596 Quasi
702 2529 837 2583 oliva
866 2529 1122 2599 pullulans
1147 2549 1159 2585 :
1192 2541 1247 2585 et
1272 2544 1555 2601 cypressus
1582 2530 1633 2583 in
1664 2528 1785 2583 alti-

216 2621 450 2676 tudinem
476 2637 535 2677 se
568 2622 783 2678 tollens.
826 2621 879 2676 ln
906 2621 1215 2693 accipiendo
1244 2624 1415 2693 ipsum
1447 2623 1639 2678 stolam
1665 2622 1783 2693 glo-

213 2714 345 2770 riae:
387 2722 441 2769 et
478 2714 659 2770 vestiri
708 2717 1165 2772 consummatione
1188 2717 1420 2772 virtutis.
1472 2718 1524 2770 In
1557 2731 1784 2772 ascensu

214 2808 390 2862 altaris
418 2808 584 2863 sancti
610 2825 625 2861 :
653 2808 874 2878 gloriam
906 2809 1052 2864 dedit
1080 2800 1379 2864 sanctitatis
1407 2808 1674 2863 amictum.
1726 2808 1783 2863 In

213 2899 507 2969 accipiendo
536 2912 715 2956 autem
744 2911 922 2969 partes
949 2901 1018 2957 de
1041 2917 1201 2956 manu
1227 2901 1556 2956 sacerdotis:
1589 2910 1643 2955 et
1671 2899 1785 2969 ipse

218 3002 354 3048 stans
382 2993 524 3061 juxta
566 3008 714 3049 aram
745 2996 884 3051 circa
928 2995 1077 3050 illum
1114 3011 1307 3052 corona
1336 2994 1576 3049 fratrum.
1621 2994 1785 3063 Quasi

216 3086 457 3157 plantatio
482 3087 629 3143 cedri
653 3089 705 3143 in
738 3096 923 3144 monte
949 3089 1153 3145 Libano
1179 3106 1193 3142 :
1221 3089 1299 3144 sic
1326 3088 1465 3143 circa
1499 3088 1645 3141 illum
1678 3097 1788 3141 ste-

219 3189 378 3237 terunt
419 3183 569 3252 quasi
615 3184 754 3238 rami
803 3185 856 3237 in
893 3185 1084 3253 palma.
1116 3182 1357 3238 Porrexit
1385 3198 1600 3237 manum
1631 3197 1781 3236 suam
1813 3220 1861 3285 Ο

222 3272 262 3327 in
287 3273 574 3330 libatione:
610 3282 665 3331 et
710 3274 891 3329 libavit
924 3275 995 3331 de
1035 3276 1293 3347 sanguine
1320 3291 1425 3330 uve
1450 3293 1462 3328 :
1489 3284 1543 3331 et
1568 3274 1704 3330 fudit
1732 3277 1783 3331 in

222 3362 603 3422 fundamentum
650 3366 837 3422 altaris
876 3368 1094 3422 odorem
1126 3368 1364 3423 divinum
1398 3368 1612 3423 excelso
1640 3369 1786 3439 prin-

222 3455 331 3527 cipi.
374 3459 519 3515 Tunc
548 3458 988 3515 exclamaverunt
1019 3459 1112 3513 ﬁlii
1140 3461 1315 3514 Aaron
1344 3477 1357 3515 :
1396 3459 1450 3514 in
1493 3460 1635 3514 tubis
1668 3475 1788 3529 per-

226 3548 483 3609 ductiltbus
531 3562 902 3609 sonaverunt:
935 3565 988 3608 et
1034 3553 1269 3607 auditam
1317 3554 1560 3608 fecerunt
1598 3566 1785 3606 vocem

224 3642 271 3697 in
294 3648 595 3701 memoriam
637 3662 818 3703 coram
868 3647 999 3703 Deo.
1060 3648 1135 3717 ιῆ.
1167 3648 1360 3703 Amen.
1403 3645 1558 3701 Dicat
1602 3646 1784 3701 Presb.

223 3736 456 3793 Dominus
484 3740 556 3794 sit
585 3754 804 3810 semper
826 3740 1125 3794 vobiscum.
1160 3739 1185 3778 δ
1219 3722 1520 3795 Ρὶαιιεηάο.
1557 3738 1789 3793 Posuisti

223 3839 373 3897 super
392 3841 545 3899 caput
572 3830 692 3902 ejus
717 3847 971 3888 coronam
994 3832 1060 3888 de
1084 3832 1261 3902 lapide
1292 3831 1554 3901 precioso.
1601 3833 1634 3901 ὶ
1660 3831 1790 3886 .Su—

227 3936 322 3990 per
349 3923 569 3979 salutare
595 3934 742 3980 tuum
775 3926 999 3981 Domine
1026 3926 1288 3981 exultabit
1320 3925 1666 3980 vehementer
1695 3925 1789 3979 dc-

224 4008 466 4067 siderium
511 4015 680 4070 anime
708 4014 829 4085 ejus
870 4014 1064 4070 dedisti
1102 4016 1190 4071 ei:
1221 4025 1273 4071 et
1318 4016 1590 4069 voluntate
1630 4013 1789 4068 labio-

222 4118 326 4158 rum
361 4106 474 4177 ejus
514 4123 617 4163 nou
644 4108 900 4165 fraudasti
929 4110 1000 4166 ei.
1049 4107 1117 4165 P.
1166 4110 1451 4166 Coronam.
1504 4108 1683 4165 Presb.
1707 4108 1791 4166 Si-

224 4194 424 4252 lentium
455 4198 633 4256 facile.

222 4311 478 4385 Sequentia
510 4316 742 4387 Epistole
778 4316 937 4429 Pcaufi
968 4318 1195 4461 Αἵῖἥοςὶ
1222 4318 1289 4372 ad
1324 4317 1642 4373 Timotheum
1674 4315 1787 4389 (Il,

865 4405 980 4460 cap.
1108 4400 1113 4406 '
1183 4431 1195 4443 .

865 4400 1195 4460 cap.1111).

294 4485 330 4555 Ii
353 4526 366 4541 .
392 4486 507 4541 Deo
530 4485 756 4556 gratias.

1864 1972 1867 1973 ⁷
1894 1974 2160 2046 quebatur
2190 1974 2467 2043 discipulis
2495 1973 2607 2030 suis
2635 1986 2687 2030 et
2714 1974 2884 2030 turbis
2912 1974 3120 2031 dicens.
3160 1975 3332 2031 Homo
3361 1975 3470 2046 qui-

1866 2050 2011 2122 dam
2044 2064 2239 2120 nobilis
2270 2064 2400 2119 abiit
2442 2065 2495 2120 in
2542 2064 2812 2135 regionem
2856 2067 3200 2138 longinquam
3229 2066 3473 2137 accipere

1887 2160 1991 2216 sibi
2021 2174 2244 2231 regnum
2287 2167 2342 2213 et
2379 2156 2593 2215 reverti.
2640 2158 2852 2213 Vocatis
2882 2168 3058 2215 autem
3086 2158 3274 2215 decem
3305 2159 3475 2216 servis

1888 2253 2040 2308 suis:
2072 2253 2219 2307 dedit
2249 2252 2356 2307 illis
2387 2252 2572 2307 decem
2598 2266 2772 2308 muas.
2817 2253 2883 2307 Et
2910 2252 2983 2307 ait
3002 2252 3066 2308 ad
3096 2252 3240 2309 illos.
3301 2252 3476 2323 Nego-

1888 2342 2248 2400 eiaminidum
2272 2344 2446 2399 venio.
2487 2342 2645 2400 Cives
2683 2353 2859 2401 autem
2889 2345 3005 2415 ejus
3033 2345 3259 2419 oderant
3283 2345 3430 2401 illum
3456 2363 3470 2400 :

1888 2445 1945 2493 et
1976 2434 2236 2492 miserunt
2278 2435 2596 2506 legationem
2625 2444 2745 2506 post
2769 2452 2891 2491 eum
2915 2436 3176 2492 dicentes.
3216 2435 3474 2492 Nolumus

1890 2532 2030 2585 hunc
2080 2544 2307 2600 regnare
2356 2543 2518 2599 super
2559 2544 2679 2583 nos.
2740 2527 2806 2582 Et
2849 2527 3041 2582 factum
3076 2537 3158 2583 est
3186 2536 3245 2583 ut
3273 2527 3476 2583 rediret

1872 2610 2109 2693 accepto
2160 2636 2372 2694 regno:
2431 2620 2591 2691 jussit
2636 2619 2817 2675 vocari
2862 2633 3047 2675 servos
3094 2618 3287 2689 quibus
3329 2618 3476 2675 dedit

1888 2718 2212 2789 pecuniam:
2259 2726 2317 2772 ut
2346 2716 2510 2772 sciret
2539 2723 2793 2786 quantum
2825 2714 2944 2784 quis
2968 2711 3279 2785 negociatus
3308 2720 3471 2767 esset.

1888 2812 2046 2869 Venit
2073 2821 2247 2867 autem
2278 2811 2481 2882 primus
2512 2809 2698 2865 dicens
2727 2827 2740 2864 :
2789 2808 3048 2864 Domine:
3092 2823 3216 2863 mna
3258 2818 3344 2863 tua
3373 2808 3473 2863 de-

1886 2919 2004 2960 cem
2035 2920 2187 2959 mnas
2231 2902 2533 2974 acquisivit.
2578 2902 2646 2956 Et
2674 2900 2748 2957 ait
2775 2900 2872 2956 il;i.
2922 2901 3068 2971 Euge
3111 2914 3265 2956 serve
3295 2898 3472 2955 bone:

1888 2996 2013 3067 quia
2047 2995 2101 3050 in
2126 2995 2336 3050 modico
2378 2993 2549 3048 fidelis
2572 2991 2715 3047 fuisti
2745 3009 2759 3046 :
2791 2992 2897 3046 eris
2929 2999 3240 3060 potestatem
3272 2990 3476 3046 habens

1887 3101 2047 3157 supra
2097 3086 2281 3141 decem
2330 3083 2597 3138 civitates.
2642 3082 2705 3137 Et
2743 3082 2880 3136 alter
2920 3083 3067 3137 venit
3109 3081 3291 3136 dicens
3330 3081 3477 3135 :Do-

1892 3182 2072 3235 mine:
2108 3193 2226 3232 mna
2259 3185 2345 3231 tua
2373 3174 2499 3230 feeit
2528 3173 2760 3244 quinque
2789 3187 2962 3230 mnas.
3005 3174 3068 3227 Et
3111 3172 3233 3228 huic
3268 3172 3359 3227 ait.
3407 3164 3477 3227 Εἰ

1893 3283 1947 3327 ιιι
1995 3279 2112 3326 esto
2157 3283 2318 3336 supra
2358 3264 2591 3337 quinque
2639 3263 2902 3320 civitates.
2962 3263 3028 3319 Et
3064 3263 3197 3319 alius
3224 3263 3370 3319 venit
3397 3263 3477 3319 di-

1892 3377 2039 3418 cens.
2087 3360 2348 3415 Domine:
2378 3372 2505 3414 ecce
2549 3372 2672 3412 mna
2722 3365 2809 3411 tna
2838 3374 2851 3411 :
2885 3370 3043 3425 quam
3074 3354 3235 3410 habui
3263 3354 3476 3424 reposi-

1892 3464 1998 3509 tam
2028 3451 2082 3507 in
2104 3451 2342 3508 sudario.
2383 3450 2558 3505 Timui
2588 3449 2729 3505 enim
2758 3447 2879 3518 quia
2906 3447 3067 3503 homo
3096 3455 3343 3503 austerus
3372 3462 3429 3503 es
3460 3463 3473 3501 :

1894 3546 2034 3602 tollis
2061 3544 2198 3616 quod
2232 3560 2336 3599 non
2369 3541 2593 3613 posuisti
2620 3559 2632 3595 :
2663 3550 2717 3596 et
2748 3539 2904 3596 metis
2948 3538 3087 3609 quod
3118 3554 3223 3593 non
3247 3537 3478 3593 semina-

1891 3639 1980 3695 Sli.
2025 3636 2161 3691 Dicit
2190 3634 2259 3690 ei.
2308 3634 2383 3690 De
2425 3648 2521 3688 ore
2568 3640 2659 3687 tuo
2700 3642 2753 3688 te
2798 3631 2978 3700 judico
3008 3646 3160 3686 serve
3202 3646 3471 3701 nequam:

1892 3730 2099 3786 sciebas
2141 3728 2263 3797 quia
2304 3740 2403 3794 ego
2432 3735 2679 3780 austeros
2724 3724 2886 3779 homo
2918 3740 3033 3779 sum
3063 3743 3074 3778 :
3111 3724 3305 3780 tollens
3334 3724 3473 3792 quod

1894 3840 1999 3881 non
2034 3823 2186 3894 posui
2220 3838 2232 3874 :
2262 3830 2310 3875 et
2344 3829 2555 3874 metens
2584 3818 2723 3889 quod
2756 3833 2862 3871 non
2892 3816 3187 3871 seminavi:
3230 3826 3283 3869 et
3311 3829 3476 3885 quare

1894 3941 1999 3980 non
2032 3920 2226 3977 dedisti
2256 3919 2536 3989 pecuniam
2566 3931 2739 3971 meam
2768 3914 2833 3967 ad
2868 3927 3104 3967 mensam
3130 3929 3143 3964 :
3185 3921 3237 3965 et
3263 3926 3360 3980 ego
3384 3924 3475 3963 vc-

1894 4016 2048 4072 niens
2074 4027 2193 4066 cum
2227 4009 2402 4063 usuris
2432 4008 2614 4074 utique
2643 4004 2941 4073 exegissem
2971 4001 3153 4057 illam?
3191 4000 3257 4055 Et
3292 4008 3474 4055 astano

1893 4113 2036 4170 tibus
2065 4110 2215 4165 dixit.
2259 4106 2480 4162 Auferte
2526 4105 2594 4160 ab
2642 4103 2733 4159 illo
2779 4117 2995 4157 mnam:
3031 4111 3083 4156 et
3128 4101 3251 4157 date
3287 4102 3358 4157 illi
3388 4101 3476 4172 qui

1895 4207 2080 4262 decem
2127 4216 2279 4257 muas
2324 4199 2506 4254 habet.
2547 4198 2614 4252 Et
2641 4196 2891 4252 dixerunt
2918 4194 2989 4249 ei.
3034 4192 3480 4250 Dominc:habet

1895 4298 2078 4353 decem
2110 4309 2283 4350 muas.
2328 4292 2456 4346 Dico
2485 4300 2663 4346 autem
2691 4287 2880 4343 vobis:
2914 4286 3038 4357 quia
3080 4287 3224 4341 omni
3260 4286 3477 4343 habenti

1896 4391 2107 4448 dabitur
2135 4398 2189 4444 ct
2235 4385 2542 4441 abundabit.
2605 4382 2685 4437 Ab
2714 4398 2780 4438 eo
2821 4390 2997 4435 autem
3028 4380 3119 4450 qui
3141 4395 3247 4435 non
3279 4378 3477 4435 habet:

1897 4497 1951 4543 et
1978 4483 2118 4556 quod
2166 4481 2325 4535 habet
2370 4476 2643 4532 auferetur
2691 4474 2758 4528 ab
2799 4486 2884 4527 co.
2928 4471 3344 4534 Verumtamen:
3380 4470 3481 4525 ini-

278 4577 629 4636 Charissime.
677 4578 864 4634 Omnis
909 4576 1168 4648 scriptura
1209 4575 1460 4631 divinitus
1492 4574 1747 4641 inSpirata
1775 4591 1787 4629 :
1815 4592 1870 4653 ι)
1898 4579 2065 4634 micos
2094 4588 2240 4628 meos
2265 4572 2385 4625 illos
2412 4569 2500 4639 qui
2530 4566 2814 4622 noluerunt
2843 4578 2927 4620 me
2947 4577 3173 4634 regnare
3198 4578 3358 4653 super
3376 4577 3435 4617 se
3460 4578 3475 4616 :

218 4671 349 4727 utilis
376 4683 482 4729 est.
534 4672 617 4729 Ad
647 4673 968 4727 docendum.
1018 4670 1096 4725 Ad
1126 4670 1479 4737 arguendum.
1515 4668 1593 4721 Ad
1622 4668 1789 4721 corri-

218 4766 457 4832 gendum.
502 4766 586 4822 Ad
630 4765 981 4821 erudiendum
1021 4763 1073 4817 in
1110 4762 1320 4832 justieia
1362 4780 1373 4814 :
1422 4771 1478 4815 ut
1525 4761 1790 4830 perfectus

219 4856 275 4909 sit
295 4859 451 4915 homo
481 4859 577 4914 Dei
611 4875 626 4912 :
660 4858 724 4913 ad
751 4872 910 4913 omne
937 4871 1071 4924 onus
1110 4857 1304 4910 bonum
1338 4853 1647 4908 instructus.
1690 4854 1793 4908 Te-

219 4950 405 5008 stiftcor
435 4969 628 5009 coram
661 4953 768 5007 Deo
812 4959 867 5006 et
908 4950 1122 5007 Christo
1151 4949 1312 5004 Jesu:
1340 4949 1429 5018 qui
1461 4946 1794 5016 judicaturus

219 5052 292 5097 est
313 5045 460 5102 vivos
491 5054 549 5101 et
579 5054 816 5100 mortuos
841 5061 856 5102 :
880 5055 932 5098 et
952 5043 1235 5099 adventum
1256 5042 1423 5111 ipsius
1451 5058 1464 5093 :
1488 5049 1542 5095 et
1569 5055 1791 5107 regnum

219 5133 337 5202 ejus.
390 5138 502 5210 24
526 5137 746 5193 Prediea
776 5137 1015 5192 verbum.
1052 5136 1210 5190 lnsta.
1253 5137 1567 5203 Opportune
1596 5133 1797 5202 impor-

222 5238 354 5288 tune.
414 5237 643 5302 Argue:
676 5232 943 5288 obsecra:
991 5232 1206 5301 increpa
1255 5230 1307 5284 in
1350 5228 1491 5283 omni
1543 5227 1793 5297 patientia

283 5368 307 5394 ⁸
332 5370 463 5439 Cap.
513 5372 579 5423 L.
610 5369 734 5424 Hmc
766 5365 1043 5439 prophetia
1073 5374 1172 5439 est
1218 5374 1375 5419 cento
1420 5369 1673 5439 consutus
1722 5375 1792 5415 cx

220 5432 523 5508 fragmentis
552 5441 670 5495 libri
726 5432 1111 5499 Ecclesiastiei,
1163 5451 1283 5499 cap.
1340 5448 1481 5508 sunt,
1536 5432 1637 5508 ‘20:
1671 5446 1788 5508 cap.

223 5504 329 5574 va,
361 5513 434 5578 8;
461 5528 580 5581 cap.
613 5527 664 5575 ι,
691 5511 862 5578 4,14,
898 5510 986 5573 16,
1016 5507 1102 5561 l9.
1123 5508 1287 5581 Initio
1307 5504 1554 5572 adjicitur
1574 5505 1650 5556 vir
1674 5504 1788 5569 iste,

220 5584 345 5648 quod
378 5577 443 5637 ad
474 5577 770 5651 scripturae
796 5591 994 5634 textum
1026 5595 1127 5631 non
1159 5577 1408 5642 pertinet.

282 5652 307 5688 ι’
332 5653 637 5705 Psallendo.
664 5654 753 5705 Ps.
785 5667 874 5705 xx.
900 5655 955 5705 4.
1000 5651 1070 5705 ἴ.
1104 5649 1255 5705 lbid..
1289 5647 1343 5705 ‘2.
1376 5646 1408 5698 ὖ

290 5654 307 5687 ι’
332 5653 637 5708 Psellendo.
664 5654 753 5708 Ps.
785 5667 874 5709 xx.
900 5655 955 5715 4,
1000 5651 1070 5717 i'.
1104 5651 1255 5712 lbid.,
1289 5651 1343 5708 ‘2,
1376 5651 1429 5700 ὖ.

290 5737 310 5763 ε
342 5727 469 5795 Cap.
495 5724 616 5778 HI.
653 5726 811 5796 Vers.
841 5723 926 5796 lli,
953 5723 1017 5774 ad
1040 5735 1157 5796 cap.
1186 5736 1258 5796 tv,
1283 5732 1425 5772 vers.
1453 5718 1505 5796 8.
1583 5784 1595 5796 θ
1712 5784 1724 5796 ο

284 5797 307 5833 ⁸³
344 5784 727 5866 Ιηὶριε.ΛάιΙὶι
777 5794 1028 5859 Vulgata,
1075 5784 1274 5866 sobrius
1322 5784 1788 5866 este._Amhrosia-

221 5876 323 5924 ster
348 5856 473 5942 legit
500 5886 514 5925 :
546 5868 630 5924 Tu
656 5882 775 5924 vero
813 5856 1022 5923 sobrias,
1065 5873 1195 5932 esto,
1226 5862 1279 5917 in
1306 5860 1534 5915 omnibus
1572 5856 1791 5925 patiens,

1896 4666 2146 4724 adducite
2175 4665 2278 4718 huc
2310 4678 2325 4719 :
2357 4670 2411 4716 et
2455 4657 2738 4715 interficite
2773 4664 2898 4711 ante
2928 4669 3034 4711 me.
3066 4654 3165 4721 Qui
3198 4652 3359 4708 habet
3382 4667 3476 4705 au-

1898 4780 2010 4820 rem
2040 4761 2292 4817 audiendi
2322 4758 2520 4814 audiat.

1978 4854 2505 5013 ἔῆὶιΐῐιῒῗλιιειυίθ.
2551 4942 2624 5012 ᾖ.
2650 4941 2727 4995 Τιι
2765 4954 2823 4994 es
2864 4934 3125 4994 Sacerdos
3151 4934 3204 4988 in
3234 4936 3475 4984 eternum

1902 5041 2196 5099 secundum
2228 5036 2469 5092 ordinem
2509 5030 2902 5088 Melchisedech
2927 5025 3157 5094 alleluja.

1974 5142 1999 5181 s
2034 5130 2384 5199 Sacriﬁcium.
2413 5126 2575 5182 Stans
2592 5124 2856 5179 Sacerdos
2885 5122 2949 5173 ad
2977 5120 3142 5171 altare
3168 5114 3220 5168 in
3252 5111 3479 5167 circuitu

1902 5227 2062 5297 ejus:
2115 5236 2315 5278 corona
2364 5219 2588 5275 fratrum
2631 5213 2781 5287 quasi
2826 5225 3041 5282 germen
3090 5205 3372 5263 cedrorum
3421 5203 3475 5258 in

1902 5377 2031 5427 opus
2064 5362 2148 5429 {ac
2204 5355 2542 5429 Evangelista:
2566 5394 2580 5418 ,
2621 5345 2961 5429 ministerium.
2997 5351 3140 5429 tuum
3183 5340 3481 5429 imp-leniit

1902 5413 2101 5495 om;
2130 5428 2279 5498 Syr.,
2306 5413 2641 5481 causam
2668 5416 2912 5498 pluribus
2946 5414 3147 5469 Latinis
3194 5413 3477 5467 Codicibus

1901 5502 2016 5556 hmc
2040 5492 2220 5558 verba.
2255 5499 2456 5552 sobrius
2487 5506 2613 5550 esto.
2649 5492 2860 5541 desunt.

1972 5583 1995 5609 ε’
2028 5572 2155 5640 Cap.
2190 5568 2352 5622 XIX.
2387 5566 2544 5640 Vera.
2573 5558 2759 5613 12-37.

1974 5643 1992 5680 τ
2027 5634 2229 5695 Lauda.
2262 5641 2347 5693 l’s.
2380 5651 2488 5697 crs,
2517 5634 2572 5686 .4.
3250 5692 3307 5697 __
3401 5674 3419 5697 AA

1967 5724 1991 5761 κ
2025 5690 2372 5779 sia-"theam,
2416 5690 2489 5759 ut
2526 5699 2934 5768 ECClealaSliCO,
2975 5713 3093 5768 cap.
3134 5712 3186 5763 ι,
3244 5692 3330 5749 15.
3394 5690 3469 5762 ﬁ.

1896 5783 2051 5851 tum,
2086 5783 2140 5850 o,
2168 5778 2220 5851 7,
2261 5782 2315 5847 8,
2343 5778 2394 5834 9.

3468 768 3495 787 ρ
