4040 6356
1350 309 1640 372 MISSALE
1679 307 1946 374 inwa
1985 311 2137 370 δερ.
2177 311 2343 375 nso.
2387 316 2450 374 Β.
2491 319 2764 382 tsmont.
2796 302 2869 374 ..ἒ
2899 321 3080 388 rans
3117 325 3159 386 ι.

603 416 807 474 Libano
836 435 852 477 :
877 419 1346 479 circumdederunt
1393 438 1514 478 eum
1561 422 1699 478 sicut
1733 421 1952 478 arbores
1983 423 2185 493 paltna-
2209 429 2259 486 Α
2292 434 2508 490 nomine
2547 436 2888 492 beatissimus
2912 439 3254 510 Saturninus,
3301 443 3499 500 Prtesul
3529 455 3586 505 et
3633 447 3836 522 Martyr
3864 471 3880 512 :

603 518 848 565 rum:et
895 511 1086 567 obtulit
1134 514 1456 568 obtationvm
1511 512 1738 568 Domino
1788 515 1841 571 in
1894 525 2183 584 conspectu

601 601 847 658 universe
870 603 1120 659 Ecclesia:
1149 603 1380 671 alleluja.
1413 605 1446 673 ᾗ
1472 604 1781 662 .Exaltatus
1810 616 1895 664 est
1917 609 2182 681 refulgens

600 693 655 748 in
685 696 886 766 templo
915 696 1043 752 Dei:
1077 696 1227 766 quasi
1259 697 1410 750 stella
1443 699 1698 754 matutina
1725 701 1776 754 in
1794 701 1973 756 media
2000 703 2176 757 nube:

600 797 656 844 et
679 791 818 846 sicut
844 791 967 846 luna
1000 791 1154 860 plena
1198 789 1249 844 in
1278 790 1468 846 diebus
1501 794 1647 850 suis:
1689 793 1825 848 sicut
1849 811 2004 850 arcus
2037 796 2180 865 pacis

597 882 906 938 illuminans
952 884 1002 937 in
1052 881 1280 938 nubibus
1319 884 1506 954 gloria:
1533 901 1546 938 :
1572 893 1628 941 et
1658 887 1956 942 sicutoliva
1984 889 2180 957 germi-

599 991 733 1031 nans
786 977 1012 1031 fructum
1044 978 1252 1047 accepit
1288 978 1481 1033 stolam
1522 987 1784 1036 sanctam.
1820 979 1888 1036 P.
1923 981 1989 1036 Et
2016 981 2176 1038 obtu-

596 1070 656 1124 lit
685 1070 1023 1126 oblationem.

605 1181 608 1184 ί
670 1159 847 1217 Missa.
898 1162 1145 1233 Magnum
1197 1164 1348 1219 nobis
1393 1179 1608 1237 semper
1641 1167 1947 1246 festivum-“
1975 1171 2174 1226 summi

591 1251 856 1320 pontificis
897 1263 952 1307 et
999 1254 1254 1325 martyris
1283 1255 1556 1310 Saturnini
1596 1271 1610 1309 :
1645 1257 1838 1314 fratres
1867 1259 2174 1316 clrarissimi

586 1343 837 1412 depensis
865 1346 1090 1401 fideliter
1114 1348 1363 1416 precibus
1389 1351 1700 1406 excolamus
1724 1368 1737 1405 :
1762 1351 1852 1422 qui
1881 1341 2174 1410 Salvatoris

587 1438 757 1494 nostri
790 1450 1040 1510 precepta
1073 1443 1420 1498 custodiens:
1454 1459 1559 1499 non
1606 1445 1780 1501 solum
1812 1449 2171 1503 sacerdotium

583 1547 648 1587 ac
674 1532 778 1587 vite
821 1532 1206 1590 beatitudinem
1257 1537 1490 1592 meruit:
1521 1538 1614 1593 sed
1647 1540 1808 1594 etiam
1842 1541 1970 1596 tanti
2002 1541 2171 1600 hono-

583 1625 660 1679 ris
707 1623 945 1679 officinm
997 1625 1133 1682 felici
1183 1630 1442 1702 martyrio
1487 1633 1841 1698 consecravit.
1902 1634 1984 1690 Ad
2015 1636 2170 1705 cujus

586 1715 912 1779 presentiam
961 1725 1108 1772 tanto
1157 1719 1445 1776 demonum
1484 1725 1746 1794 sagacitas
1776 1727 1969 1783 timore
1997 1730 2169 1788 conti-

2285 523 2411 579 dum
2447 525 2599 582 litare
2641 529 2750 582 aris
2797 529 3095 588 demonieis
3145 535 3322 589 renuit
3357 551 3373 593 :
3406 537 3468 592 ad
3501 540 3824 610 Capitolium
3851 561 3881 601 a

2287 615 2458 671 turbis
2489 619 2770 674 attrahitur
2805 641 2817 676 :
2847 620 3178 693 furentisque
3209 624 3350 681 tauri
3380 630 3650 699 supplicio
3681 649 3878 696 conse-

2286 717 2482 762 cratur.
2509 708 2587 762 Tu
2619 712 2736 778 ejus
2764 713 2968 768 meritis
2995 713 3335 772 offerentium
3385 721 3600 796 suscipe
3621 733 3745 780 vota
3782 742 3796 778 :
3827 734 3882 783 et

2285 814 2471 855 omnes
2515 801 2567 855 in
2597 817 2882 859 commune
2929 821 3030 878 pro
3057 817 3142 866 tua
3191 808 3576 880 iustificatione
3633 830 3879 874 commu-

2285 892 2425 947 nica.
2453 895 2568 961 Quo
2599 897 2833 952 exauditi
2861 914 2956 970 pro
2983 901 3138 958 nobis
3185 905 3422 974 requiem
3451 908 3616 968 etiam
3647 913 3792 982 apud
3826 922 3878 971 te

2285 999 2592 1042 mereamur
2617 989 2903 1064 impetrare
2931 993 3186 1054 defuncti.

2369 1078 2407 1145 ιῆ
2430 1118 2443 1132 .
2477 1082 2668 1136 Amen.

2354 1167 2435 1221 Ad
2455 1186 2649 1240 pacem.
2681 1172 2881 1230 Oratio.
2913 1175 3123 1238 Christe
3154 1178 3295 1235 Deus
3323 1183 3560 1239 omnium
3581 1187 3872 1260 gratiarum

2280 1260 2502 1333 largitor
2532 1271 2553 1318 :‘
2575 1265 2663 1338 qui
2694 1266 2718 1304 ἀ
2738 1269 2964 1336 primum
2996 1285 3060 1326 ac
3082 1286 3349 1332 summum
3374 1275 3660 1337 Telosante
3682 1282 3873 1338 civita-

2280 1350 2349 1405 tis
2396 1350 2649 1409 Sanctum
2687 1351 3040 1414 Saturninum
3079 1361 3425 1421 Sacerdotem
3457 1367 3765 1427 instituisti.
3801 1374 3872 1430 Ad

2277 1443 2430 1514 cujus
2477 1447 2914 1515 prmdicationem
2976 1461 3138 1526 atque
3167 1456 3414 1514 virtutem
3445 1460 3518 1516 ita
3567 1477 3662 1518 ora
3692 1464 3874 1524 demo-

2275 1550 2401 1591 num
2425 1537 2688 1595 siluerunt
2711 1557 2723 1594 :
2745 1550 2803 1597 ut
2823 1556 2882 1598 se
2903 1545 3298 1604 consulentium
3320 1551 3620 1611 cultoribus
3641 1557 3759 1612 suis
3782 1557 3872 1616 ob-

2275 1637 2448 1683 strnsa
2477 1631 2642 1686 veluti
2670 1632 2910 1690 absentia
2930 1638 3307 1707 probarentur.
3328 1642 3405 1698 Tu
3425 1659 3519 1699 ora
3544 1657 3730 1708 nostra
3757 1664 3874 1724 prc-

2273 1723 2429 1777 conio
2471 1738 2596 1779 vere
2639 1727 3029 1796 predicationis
3077 1733 3298 1804 accinge
3328 1744 3382 1791 et
3428 1738 3691 1807 viciorum
3726 1723 3870 1808 inso-

579 1805 722 1860 cuit:
745 1815 800 1861 ut
828 1809 988 1878 largis
1009 1810 1244 1866 victimis
1274 1813 1502 1870 invocati
1529 1793 1718 1870 :solita
1743 1818 2036 1876 cultoribus
2053 1823 2165 1883 suis
2198 1793 2248 1858 Β
2277 1815 2498 1870 letttium
2529 1817 2828 1876 Simultates
2858 1836 2885 1874 a
2912 1823 3110 1879 nastris
3133 1828 3435 1897 pectoribus
3463 1831 3661 1902 abjice,
3698 1832 3769 1890 Ut
3800 1837 3866 1891 ita

583 1913 844 1968 reSponsa
879 1919 982 1957 non
1015 1904 1322 1961 redderent.
1377 1908 1539 1980 Cujus
1579 1910 1656 1968 rei
1688 1913 1958 1983 gentilitas
1991 1916 2169 1973 furore

583 2004 842 2048 succensa
871 1996 1328 2066 comprehendere
1355 2017 1369 2055 :
1403 2000 1468 2054 ad
1500 2003 1817 2072 supplicium
1847 2020 2045 2070 vesano
2084 2008 2168 2064 fu-

578 2098 703 2140 rore
750 2101 854 2139 non
905 2087 1115 2143 timuit:
1146 2105 1301 2160 quem
1352 2092 1404 2158 in
1437 2092 1529 2147 Dei
1559 2093 1893 2151 confessione
1918 2107 2169 2155 constan-

583 2184 688 2232 tcm
734 2178 1019 2234 evincere:
1051 2180 1315 2250 prescntis
1357 2185 1546 2239 mortis
1593 2185 2030 2246 lntermioatione
2059 2207 2163 2252 non

576 2268 764 2333 potuit.
809 2269 1040 2327 Proinde
1089 2272 1347 2330 debemus
1391 2277 1442 2331 in
1495 2277 1624 2332 tanti
1669 2283 1921 2354 martyris
1947 2286 2158 2347 laudem

576 2359 686 2416 Deo
722 2360 841 2415 vivo
887 2373 939 2417 et
985 2364 1303 2432 placationis
1351 2367 1579 2432 hostiam
1630 2371 1883 2427 adolere:
1915 2389 2023 2445 quo
2068 2391 2164 2446 per

579 2452 720 2509 hunc
742 2457 950 2512 cunctis
982 2459 1136 2515 nobis
1168 2461 1438 2533 impartiat
1469 2466 1608 2532 quod
1654 2477 1906 2536 rogatur:
1932 2471 2021 2540 qui
2067 2487 2162 2541 per

572 2547 693 2602 eum
717 2547 864 2604 dedit
894 2552 1102 2622 pepulis
1130 2572 1141 2606 :
1179 2570 1285 2624 quo
1329 2555 1478 2612 solus
1528 2557 1580 2614 in
1605 2558 1874 2616 Trinitate
1906 2564 2160 2622 Dominus

571 2641 905 2700 crederetur.
945 2649 1136 2702 Amen.

638 2733 777 2790 Atia.
805 2733 833 2772 δ
872 2737 1088 2794 Debitas
1126 2739 1476 2814 tibijbomine
1509 2755 1695 2800 eterne
1725 2742 2006 2804 referimus
2038 2767 2158 2824 gra-

567 2827 700 2883 tias:
737 2838 790 2883 et
842 2828 966 2884 .lesu
1009 2831 1223 2888 Christo
1277 2834 1389 2889 ﬁlio
1446 2845 1538 2890 tuo
1591 2837 1817 2896 Doinino
1853 2852 2056 2898 nostro.
2101 2846 2154 2900 In

565 2919 720 2990 cujus
771 2920 1175 2980 similitudinem
1230 2925 1574 2983 l-teatissimus
1622 2931 1981 2992 Saturninus:
2029 2936 2152 2996 dum

563 3011 724 3068 offert
747 3015 1050 3068 victimam:
1099 3016 1212 3084 ipse
1241 3027 1321 3072 est
1367 3019 1600 3078 victima.
1648 3021 1884 3094 Dunique
1913 3026 2018 3099 25
2048 3029 2154 3084 ele-

559 3112 677 3159 ctus
726 3105 833 3175 agit
875 3106 1188 3177 martyrium
1235 3107 1461 3164 devotus
1512 3112 1782 3182 implevit:
1818 3129 1871 3171 ut
1904 3133 2000 3189 per
2025 3121 2150 3174 emi-

559 3196 796 3251 nentiam
849 3198 1070 3268 justitiaa
1117 3211 1277 3270 atqttc
1335 3204 1570 3260 victoriae
1614 3219 1666 3262 et
1718 3211 1868 3266 tcstis
1909 3211 2061 3268 fleret
2090 3224 2144 3270 et

560 3290 805 3344 antistes.
849 3289 904 3344 ln
929 3307 1032 3362 quo
1064 3293 1348 3362 proficiens
1378 3297 1497 3353 fidei
1529 3299 1772 3371 latitudo,
1806 3304 1932 3360 dum
1957 3308 2144 3364 cathe-

560 3378 713 3433 dram
753 3381 990 3451 suscepit
1033 3385 1373 3456 sanctitatis,
1417 3403 1667 3446 coronam
1717 3397 1889 3464 rapuit
1942 3399 2144 3468 passio-

561 3469 665 3525 nis.
701 3484 721 3510 ε
751 3472 956 3529 Probus
988 3475 1052 3530 ad
1084 3477 1317 3534 officium
1346 3499 1356 3533 :
1404 3482 1678 3552 improbus
1706 3487 1770 3540 ad
1797 3490 2141 3561 triurnplttttn.

557 3550 693 3619 Dum
733 3567 951 3634 ungitur
998 3583 1361 3627 consecrans:
1396 3575 1520 3629 dum
1565 3578 1823 3634 occiditur
1861 3599 2144 3640 consecra-

481 3703 486 3708 .
555 3663 666 3713 tur.
700 3658 854 3714 Prius
887 3661 1008 3715 fidei
1059 3663 1339 3733 predicans
1382 3683 1669 3726 sermone:
1703 3683 1816 3742 post
1862 3680 2138 3748 sanguine.

552 3749 756 3807 Lector
804 3755 867 3809 ad
915 3757 1204 3812 altarium:
1258 3762 1426 3817 victor
1474 3765 1538 3819 ad
1588 3782 1829 3838 regnum.
1866 3771 2048 3828 Erexit
2075 3777 2140 3830 ad

555 3839 810 3900 lat-dem:
863 3864 996 3917 quos
1035 3853 1245 3909 erudiat
1293 3854 1358 3908 ad
1407 3855 1655 3913 salutem.
1699 3861 1989 3919 Ambolans
2017 3884 2140 3925 vere

549 3933 616 3990 de
647 3936 934 3996 virtutibus
965 3943 1017 3997 in
1049 3945 1300 4004 virtutem
1331 3934 1419 4005 'L't
1449 3955 1536 4022 qui
1570 3962 1978 4017 conversatione
2009 3979 2139 4019 eon-

547 4026 746 4083 tulerat
787 4029 1158 4091 intellectum:
1211 4043 1478 4099 conferret
1526 4057 1989 4109 consummatione
2029 4057 2138 4110 suf-

549 4114 798 4189 fragium.
837 4123 1087 4182 Obtiueat
1133 4130 1292 4198 igitur
1327 4133 1462 4188 Deus
1504 4137 1724 4194 Summe
1765 4144 1904 4211 apud
1936 4156 1984 4200 te
2009 4147 2138 4204 dare

548 4210 763 4265 miseris
815 4213 1202 4286 indulgentiam
1260 4234 1378 4292 post
1433 4226 1734 4285 delictum:
1796 4210 1882 4304 qui
1937 4239 2135 4293 meruit

546 4315 670 4372 post
697 4305 1065 4365 Sacerdotium
1097 4316 1276 4373 subire
1309 4325 1644 4393 martyrium.

632 4397 704 4466 ἡ.
748 4400 940 4457 'Amen.

614 4490 743 4545 Post
772 4497 1000 4552 nomina.
1031 4500 1226 4556 Uratio.
1269 4503 1489 4562 Domine
1518 4509 1642 4564 Jesu
1673 4513 1883 4572 Clit-iste

538 4578 826 4640 incllabilis
871 4586 1125 4647 bonitas:
1157 4603 1207 4648 et
1249 4595 1442 4654 invicta
1476 4611 1710 4669 potestas
1771 4625 1782 4660 :
1827 4627 1922 4678 pro
1973 4578 2128 4684 cujus

611 4722 638 4802 ξι
686 4719 887 4804 Summi
937 4721 1227 4810 Pontiﬁcis.
1271 4726 1903 4810 Episcopumjntellige.
1959 4743 2116 4798 Anti-

534 4789 1136 4869 qtiiores‘episcopaturn
1187 4789 1379 4851 sumini
1440 4789 2108 4869 sacertlotiivrni‘iuStc-tium

534 4861 708 4941 (S_ncr.
734 4861 956 4941 ,(Ινςέςιε..ς
1013 4866 1065 4918 in
1133 4868 1246 4920 ord.
1281 4870 1498 4941 cpiam),
1543 4881 1872 4934 sacerdotale
1898 4886 2109 4939 Culmen

537 4932 762 5011 {MissuL
829 4934 1099 5011 diuinos”
1162 4954 1214 4990 tu
1270 4932 1451 5011 prro].
1485 4932 1653 5001 inissa:
1703 4932 1814 5004 ord.
1851 4932 1937 5005 Is".

531 5003 732 5089 brosii),
766 5014 814 5089 et
846 5005 988 5089 ipsos
1011 5003 1293 5089 episcopos
1321 5003 1556 5068 summos
1575 5003 1839 5076 antistites
1985 5025 2105 5089 Leo,

2274 1911 2422 1979 pacis
2467 1924 2817 1972 monumento
2869 1919 3308 1980 convalescamus
3351 1923 3417 1978 ad
3451 1924 3686 1985 invicem
3723 1947 3736 1982 :
3768 1944 3866 2000 quo

2273 2002 2398 2057 dum
2441 2018 2501 2059 ea
2531 2021 2650 2078 qua:
2693 2008 3031 2078 predicamus
3055 2015 3392 2069 sermonibus
3424 2033 3437 2069 :
3472 2031 3636 2086 opere
3670 2021 3860 2098 imple-
3888 2023 3890 2028 ’

2273 2093 2514 2150 verimns
2540 2113 2552 2150 :
2583 2097 2648 2151 ad
2669 2107 2718 2154 te
2745 2099 2834 2170 qui
2852 2113 2910 2155 es
2935 2101 3222 2159 retributor
3241 2104 3572 2174 justissitnus
3599 2111 3720 2166 sine
3741 2093 3863 2168 con-

2271 2189 2482 2246 fusione
2513 2195 2909 2262 perveniamus.
2939 2199 3129 2255 Amen.

2340 2303 2561 2364 Inlan'o.
2594 2309 2820 2383 Dignum
2855 2321 2906 2370 et
2933 2313 3137 2384 justum
3166 2327 3247 2374 cst
3279 2321 3578 2390 :optimum
3609 2337 3854 2397 saneest,

2267 2400 2528 2472 nobisque
2557 2405 2773 2474 speciali
2805 2407 3089 2470 devotione
3119 2412 3454 2482 praecipuum
3492 2432 3507 2471 :
3541 2426 3597 2474 ut
3622 2419 3723 2478 tibi
3755 2421 3858 2477 Do-

2265 2490 2410 2548 mine
2439 2493 2770 2552 incessanter
2801 2500 2999 2569 gratias
3033 2516 3048 2552 :
3081 2500 3207 2556 dum
3238 2513 3502 2576 martyres
3541 2516 3663 2566 tuos
3694 2511 3856 2568 mira-

2264 2584 2446 2642 biliter
2465 2587 2758 2645 excolimus
2783 2588 3100 2647 referamus.
3125 2592 3311 2664 Neque
3330 2597 3472 2654 enim
3501 2597 3731 2660 Domine
3756 2604 3854 2662 dia-

2265 2677 2425 2734 bolici
2455 2678 2649 2736 furoris
2675 2682 2928 2752 impetum
2958 2685 3203 2744 humana:
3240 2688 3543 2760 iragilitatis
3573 2693 3853 2755 infirmitas

2263 2770 2560 2830 sustineret
2586 2789 2598 2825 :
2625 2772 2729 2829 nisi
2760 2775 3059 2844 subjectum
3090 2779 3427 2839 inimicorum
3460 2788 3849 2850 tentationibus

2261 2876 2498 2932 corpus:
2529 2865 2707 2922 anima
2757 2866 3053 2937 spiritualis
3079 2873 3358 2934 evinceret
3403 2895 3418 2934 :
3470 2880 3688 2949 tuisque
3719 2897 3848 2942 con-

2259 2955 2465 3013 ﬁrmata
2497 2957 2750 3014 doctrinis
2800 2961 3119 3020 imbecillum
3171 2967 3455 3026 habitaculi
3506 2973 3588 3028 sui
3619 2974 3850 3034 domici-

2261 3049 2389 3110 lium
2421 3050 2542 3106 fidei
2573 3053 2866 3110 munimine
2907 3057 3203 3117 roboraret.
3238 3059 3368 3120 Nam
3391 3077 3510 3122 cum
3560 3070 3847 3134 praesentia

2175 3155 2226 3224 α
2257 3142 2510 3198 antistitis
2536 3144 2607 3199 tui
2634 3153 2688 3200 et
2717 3147 2966 3219 martyris
2995 3147 3270 3208 Saturnini
3314 3155 3525 3227 garrula
3552 3157 3844 3220 demonum

2249 3235 2543 3305 loquacitas
2565 3237 2802 3297 siluisset
2833 3255 2848 3294 :
2880 3256 3052 3312 neque
3080 3243 3271 3304 solutis
3309 3246 3551 3308 lasarent
3570 3265 3665 3308 ora
3695 3251 3847 3310 falla-

2247 3329 2343 3386 ciis
2370 3346 2382 3384 :
2418 3329 2483 3384 ad
2531 3344 2654 3390 aras
2697 3331 2980 3393 demonum
3009 3336 3280 3396 horrcndo
3308 3343 3524 3411 gentilis
3554 3349 3744 3418 populi
3769 3347 3845 3408 fu-

2249 3435 2370 3493 rore
2400 3432 2701 3492 pertractus
2729 3437 2806 3480 est
2836 3445 2850 3493 ;
2881 3439 2935 3486 et
2966 3444 3088 3486 eum
3134 3433 3439 3495 sacriﬁcare
3460 3438 3650 3496 mortis
3681 3441 3843 3500 inter-

2247 3514 2542 3570 minatione
2565 3518 2956 3588 compulerunt.
2989 3523 3070 3580 Ad
3097 3525 3252 3595 cujus
3279 3527 3560 3598 imperium
3588 3548 3842 3604 repressa

2248 3603 2535 3662 demonum
2591 3622 2811 3664 suorum
2869 3610 3074 3668 fallacia
3108 3615 3384 3674 siluissent
3409 3638 3422 3674 :
3449 3622 3539 3691 qui
3570 3603 3692 3682 cum
3724 3641 3844 3683 cor-

2249 3705 2459 3767 reptum
2494 3707 2517 3735 ο
2545 3699 2612 3754 ad
2641 3701 2959 3772 Capitolium
2990 3705 3287 3768 ducerent:
3320 3719 3374 3766 et
3397 3711 3576 3770 Sancti
3607 3716 3845 3785 Spiritus

2245 3787 2387 3844 dono
2421 3800 2721 3857 presentem
2753 3794 2956 3861 peritur
2984 3799 3160 3852 carnis
3183 3801 3405 3858 exitium
3433 3818 3537 3864 non
3564 3818 3796 3875 paveret
3823 3829 3837 3865 :

2247 3883 2299 3930 te
2343 3894 2504 3932 unum
2558 3879 2609 3935 in
2658 3881 2920 3940 Trinitate
2947 3885 3230 3944 Dominum
3281 3893 3552 3949 confiteri:
3589 3897 3640 3951 in
3694 3906 3841 3958 tanta

2246 3985 2495 4037 perterse
2526 3972 2691 4042 plebis
2724 3971 2741 4010 ί
2770 3975 3031 4034 seditione
3056 3995 3159 4035 non
3194 3982 3388 4039 timuit.
3412 3985 3494 4040 Ad
3519 3986 3672 4058 cujus
3709 4005 3841 4048 con-

2242 4060 2495 4118 stantiam
2521 4061 2694 4117 acrior
2721 4065 2953 4124 nefande
2979 4070 3378 4130 vociferationis
3402 4079 3660 4136 tumultus
3677 4096 3840 4138 exar-

2241 4151 2310 4205 sit
2361 4172 2372 4206 :
2406 4155 2456 4207 in
2487 4170 2671 4210 necem
2722 4156 3013 4216 beatissimi
3052 4163 3358 4223 Sacerdotis
3401 4181 3625 4230 cunctus
3664 4189 3838 4246 popu-

2241 4246 2322 4300 lus
2365 4248 2523 4301 unico
2572 4249 2804 4306 clamore
2853 4257 3146 4325 conSpirat.
3181 4259 3349 4332 Cujus
3381 4263 3548 4334 pedes
3588 4269 3836 4337 protinus

2237 4339 2465 4394 vinculis
2497 4340 2778 4410 inligantes
2807 4365 2818 4399 :
2855 4347 2920 4402 ad
2954 4351 3247 4417 posteriora
3293 4356 3430 4409 tauri
3477 4373 3636 4427 quem
3669 4361 3836 4420 vieti-

2236 4449 2321 4488 me
2343 4445 2756 4503 procuraverant
2779 4438 3000 4496 nefanda
3019 4453 3236 4500 nectere
3252 4450 3556 4510 temeritate
3577 4467 3684 4508 non
3720 4467 3833 4512 tre-

1911 4538 1923 4573 :
1957 4524 2125 4592 quies
2159 4543 2212 4604 ι)
2236 4526 2417 4596 pidant
2450 4544 2462 4580 :
2505 4543 2738 4602 eumque
2785 4535 3084 4597 acrioribus
3132 4539 3362 4598 stimulis
3396 4545 3744 4608 verberatum
3809 4568 3824 4609 :

2237 4630 2290 4674 et
2313 4620 2664 4678 multitudinis
2692 4627 2927 4686 clamore
2947 4645 3264 4691 succensum
3288 4651 3382 4708 per
3405 4639 3603 4710 gradus
3627 4645 3832 4713 quibus

2218 4753 2491 4821 sanguine.

2289 4819 2328 4858 δή
2354 4822 2689 4914 Primummc
2729 4848 3005 4917 summum.
3039 4833 3284 4917 Hmcnex
3342 4840 3476 4917 actis
3527 4842 3824 4917 desumpta

2217 4902 2368 4981 sunt.
2394 4913 2531 4965 quae,
2565 4903 2607 4954 si
2637 4914 2806 4981 vacat,
2843 4904 3064 4981 confer;
3103 4905 3154 4960 in
3182 4909 3242 4960 iis
3268 4910 3411 4963 cniin
3444 4928 3561 4981 quae
3590 4914 3643 4970 in
3698 4902 3827 4974 ora;

2218 4964 2456 5044 tionibus
2489 4964 2542 5023 et
2569 4973 2621 5044 in
2657 4964 2896 5026 illatiOnc
2947 4964 3266 5043 referuntur,
3300 4981 3366 5035 de
3396 4964 3565 5036 sancti
3591 4964 3826 5044 "Satur-

2216 5033 2324 5116 nini
2358 5043 2615 5116 martyrio
2645 5045 2877 5116 tideliter
2897 5045 3164 5116 descripta
3195 5033 3454 5105 invenies.

2295 5111 2316 5136 θ
2351 5109 2430 5188 {id
2461 5111 2812 5188 _Capi_toliuut.
2862 5115 2977 5171 Non
3007 5109 3167 5174 modo
3197 5119 3404 5188 Romae.
3439 5125 3530 5180 sed
3555 5129 3727 5184 etiam
3763 5133 3818 5188 in

2219 5179 2502 5260 praecipuis
2531 5179 2846 5260 quibusdam
2881 5190 3276 5252 provinciarum
3320 5179 3820 5260 civitatibus—erant

2216 5244 2500 5344 ρῗρίξὸιίθε
2530 5244 2761 5344 ῐῆξικίιῐιξ
2793 5258 2852 5344 ίιι¹
2877 5244 2937 5312 iis
2969 5244 3819 5344 qua:coloriitnllﬂomanzejrliaii:

2219 5325 2327 5373 tate
2359 5321 2684 5406 fruebantur.
2722 5326 2921 5406 Prmter
2970 5321 3292 5406 Tolosanum
3328 5335 3449 5399 hoc,
3484 5321 3818 5406 apud

2219 5394 2703 5476 plores-leguntur
2744 5396 3093 5476 Carthagine.
3142 5403 3358 5474 Capuae,
3390 5394 3816 5476 Narbona—Ku-

2218 5470 2385 5541 gusta:
2413 5463 2830 5541 Vindelicorum,
2878 5463 3273 5538 'l‘réverismtc.
3331 5463 3460 5532 Vide
3505 5463 3811 5541 nni-Bitian.

2219 5524 2309 5626 Sf'n
2361 5536 2501 5616 notis
2550 5539 2616 5626 at)!
2675 5524 3273 5626 Ξανιξιϊὸῐοῂὶιξὴίξάῖᾆ

2219 5603 2552 5694 Glossarium
2583 5603 2900 5694 dufresne,
2930 5603 3091 5669 νῦτυο
3119 5603 3445 5694 Capitolium
3472 5603 3509 5685 ,γ
3528 5603 3807 5694 aliusqu’c:

2293 5671 2312 5710 ί
2347 5675 2776 5759 δεᾴὶςὶσοηεκΝοη
2800 5671 2940 5759 enim
2969 5671 3229 5743 sententia
3259 5671 3486 5759 judicis;
3658 5671 3796 5754 sciti:

2219 5746 2363 5802 tione
2385 5748 2553 5819 plebis
2581 5751 2646 5806 ad
2674 5753 2992 5828 supplicium
3024 5767 3210 5829 raptus
3233 5746 3332 5816 e'st.

529 5091 628 5163 sner.
683 5076 1113 5163 1υίζεωουαι1νξθ
1135 5079 1184 5163 ).
1201 5076 1213 5078 “
1238 5096 1474 5163 summus
1498 5091 1803 5163 sacerdotes
1858 5076 2010 5163 (Actu

531 5143 821 5228 Saturnini,
845 5144 1006 5228 Ἰξςξι..
1039 5143 1396 5228 delirantismo,
1429 5173 1544 5228 cap.
1598 5143 2107 5228 t7).‘siim‘ii{.i§'n‘éi

529 5216 835 5299 sacerdotes
867 5217 1026 5299 (Ceno
1076 5217 1191 5299 Tol.
1227 5236 1364 5299 t_s_.e.
1387 5216 1504 5299 i7);
1554 5216 1793 5286 sum’mos
1827 5216 2109 5299 pontifices

533 5284 710 5363 (_I_‘_ass.
744 5284 994 5363 dimicat”
1041 5293 1181 5359 apud
1233 5284 1621 5363 Mabtllonium,
1657 5284 2108 5363 numerisI-Ei.“

528 5351 639 5424 IV,
670 5374 722 5424 p.
750 5355 897 5426 i‘l6).
934 5368 985 5412 et
1006 5351 1267 5418 similibus
1290 5351 1550 5422 bonorum
1573 5351 2107 5432 it'uiiisB'riiéré'ééiiI

523 5439 830 5482 sueverunt.

597 5496 885 5576 {Debitos}
938 5501 1146 5576 initium
1195 5507 1352 5575 hujus
1407 5513 1664 5568 orationis
1709 5515 1892 5572 eadem
1941 5531 2022 5575 cst
2054 5520 2106 5576 in

528 5565 941 5650 Gallo-Gothico
968 5573 1108 5629 eun.
1137 5565 1329 5650 ιξθιῖίέη
1366 5595 1485 5650 pag.
1518 5565 1696 5648 etsi,

595 5649 618 5677 ς
648 5637 866 5726 Ρνριηω,
907 5644 1097 5726 ,ιεςος
1143 5637 1464 5726 τΡνοὺιέεάἇ
1503 5637 1790 5720 afﬁcitur“:
1803 5661 1994 5726 probus
2037 5666 2106 5720 ad

520 5711 852 5782 triumphum,
867 5711 1017 5790 dunt—
1029 5720 1176 5790 ungit
1197 5735 1513 5790 consecratis,
1536 5711 1669 5777 'r'tttm
1699 5711 1947 5787 occiditur
1977 5711 2106 5789 coit-

517 5794 764 5854 secratur,
799 5787 941 5844 prius
971 5787 1703 5862 ﬁdei'doctrt'namprtedicims
1723 5811 1973 5873 sermbne,
1990 5787 2108 5878 post
