4040 6356
170 422 255 483 15⁸1
907 410 1201 470 MISSALE
1245 408 1516 470 MIXTUN
1558 406 1707 467 SEC.
1754 405 1917 467 RBG.
1961 408 2020 463 Β.
2063 405 2333 469 ISIDORI.
2368 440 2437 457 --
2467 411 2649 477 PARS
2685 414 2724 472 Ι.

172 536 466 607 Capi-aliam
508 531 945 591 descendebatur
996 531 1149 587 turba
1195 530 1494 600 preciliitst.
1542 538 1571 570 ἰ
1618 526 1743 587 Sta-
1772 527 1827 597 ᾼ
1856 524 2020 583 Deum
2062 529 2448 591 commendet:
2483 530 2573 599 qui
2602 530 2920 601 supplicium
2972 533 3171 592 nullum
3204 539 3459 608 patimur»

171 634 352 705 linque
399 632 542 685 inter
574 629 724 697 ipsos
747 625 1027 694 primordii
1059 624 1257 693 gradus
1294 642 1304 676 :
1332 622 1621 679 contractis
1650 634 1746 678 ca-

174 726 287 798 pitis
330 722 689 793 compagibus
739 718 914 774 soluta
961 719 1168 773 cerebri
1220 718 1424 771 interna
1456 714 1748 770 dissiliunt.

178 820 274 875 Nec
304 817 447 888 prius
479 816 727 871 lacerum
758 827 955 880 corpus
985 810 1117 866 trahi
1149 810 1355 867 destitit
1383 827 1395 862 :
1429 824 1587 879 quam
1618 823 1749 879 rup-

176 922 247 971 tus
275 908 561 967 fructuosis
592 905 837 966 cursibus
858 902 1000 961 funis
1046 901 1245 959 conlisa
1277 900 1482 961 tumulo
1508 899 1749 957 membra

174 1005 372 1060 laxaret.
408 999 816 1067 Victricemqne
842 995 1077 1055 animum
1108 1003 1162 1049 et
1193 994 1425 1064 gloriosa
1457 992 1748 1061 profestum

173 1114 231 1155 ne
252 1090 531 1154 sublimem
560 1114 575 1150 :
611 1094 679 1149 ad
700 1094 857 1148 beate
877 1089 1379 1149 sedisamenitatem
1404 1088 1706 1145 tendentem
1727 1105 1742 1142 :

174 1193 220 1247 ia
246 1189 481 1245 Haltrahe
503 1184 905 1255 suscipiendam
928 1182 1135 1253 gremio
1158 1196 1379 1237 securus
1407 1181 1606 1236 emisit.
1636 1180 1747 1236 Unq

174 1281 230 1339 de
251 1282 433 1337 merito
455 1287 690 1336 cunctus
716 1277 809 1332 ille
834 1274 1076 1344 angelice
1122 1272 1552 1344 congregationis
1583 1289 1749 1328 exora

175 1375 292 1439 citus
321 1392 335 1430 :
367 1373 421 1431 in
450 1373 556 1439 hac
612 1371 869 1441 martyris
895 1369 969 1423 tui
1001 1368 1384 1438 congressione
1414 1385 1426 1421 :
1451 1376 1597 1422 tuam
1642 1367 1745 1419 ιὶοιε

177 1468 301 1523 raise
322 1466 515 1521 diebus
563 1479 631 1523 ac
673 1461 923 1525 noctibus
948 1459 1197 1517 virtutem
1247 1458 1591 1529 magniﬁcare
1637 1471 1745 1517 non

174 1557 345 1613 desinit
376 1574 390 1614 :
427 1558 773 1626 proclamans
803 1564 963 1623 atque
987 1552 1059 1607 ita
1085 1551 1295 1609 dicens.

234 1652 369 1705 Dica’t
398 1649 622 1705 Chorus.
649 1650 898 1704 Sanctus.

230 1741 349 1799 Post
374 1743 628 1799 Sanctus.
660 1739 801 1796 Vere
838 1747 1059 1795 sanctus
1085 1754 1099 1793 ε
1126 1735 1397 1807 gloriosus
1427 1742 1657 1804 :potetts
1686 1744 1741 1789 et

176 1833 485 1891 admirabilis
533 1832 791 1890 Dominus
847 1838 1032 1888 noster
1081 1828 1240 1887 Jesus
1287 1826 1534 1885 Christus
1598 1826 1736 1885 (ilius

1857 629 2074 689 propter
2118 620 2296 675 tidem.
2333 620 2399 676 Ct
2439 637 2562 692 spes
2592 638 2689 678 nos
2731 640 2836 681 non
2889 624 3144 685 destituat
3168 631 3442 691 miseros:

1853 728 1988 783 quos
2020 730 2125 771 non
2182 714 2348 773 eiticit
2373 714 2563 777 eil'usio.
2592 717 2873 787 sanguinis
2914 718 3204 791 gloriosos.
3262 724 3440 793 Atque

1854 807 2078 861 recreati
2108 822 2203 877 per
2231 818 2499 863 momenta
2527 826 2539 861 :
2565 808 2761 864 divinis
2793 811 3138 866 consolemur
3171 816 3441 869 sermoni-

1852 897 1950 952 bus
1977 913 2135 954 :cum
2185 899 2250 953 ad
2282 899 2451 954 Deum
2481 901 2991 969 proclamaverlmus
3012 918 3044 959 e
3074 906 3252 959 torris.
3284 906 3444 962 Pater

1854 1005 2037 1050 noster
2075 995 2163 1064 qui
2210 1010 2268 1049 es
2302 995 2355 1050 in
2386 994 2557 1051 cmlis.

1924 1088 2243 1144 Benedictio.
2276 1088 2523 1144 Christus
2572 1088 3038 1159 Dominuszcujus
3068 1105 3262 1145 nomen
3314 1090 3443 1145 bea-

1850 1182 2087 1237 tissimus
2115 1182 2435 1238 Saturninus
2467 1181 2609 1237 inter
2631 1182 2839 1239 furores
2862 1183 3099 1252 gentium
3131 1183 3275 1237 clara
3305 1198 3440 1239 voce

1848 1275 2125 1330 confessus
2144 1283 2227 1330 est
2259 1275 2617 1330 :conliteatur
2662 1276 2875 1329 nomina
2907 1283 3081 1329 vestra
3121 1288 3302 1330 coram
3338 1276 3438 1330 Pa-

1850 1379 1928 1425 tre
1956 1384 2053 1424 suo
2073 1379 2127 1424 et
2149 1384 2330 1425 coram
2364 1369 2582 1438 Angelis
2612 1369 2750 1439 ejus.
2796 1369 2833 1431 ri
2858 1411 2871 1423 .
2892 1370 3082 1423 Amen.

1917 1461 2125 1531 Quique
2148 1462 2198 1515 in
2223 1461 2534 1530 praedictum
2560 1470 2846 1533 martyrem
2875 1460 3119 1515 habitans
3138 1459 3439 1515 simulacris

1846 1552 2141 1607 demonicis
2170 1551 2369 1607 ademit
2409 1566 2727 1622 responsum
2761 1569 2775 1605 :
2820 1553 2936 1622 ipse
2975 1551 3308 1607 orationibus
3348 1565 3444 1605 ve-

1845 1644 1973 1699 stris
1997 1644 2199 1713 aperiat
2229 1659 2326 1699 sue
2352 1644 2563 1714 pietatis
2585 1643 2844 1697 auditum.
2888 1645 2924 1713 ιῆ
2947 1684 2960 1698 .
2990 1647 3181 1698 A‘meu.

1920 1738 1989 1793 Ut
2010 1753 2128 1791 cum
2166 1751 2232 1791 eo
2252 1744 2372 1806 post
2403 1735 2531 1789 illud
2556 1735 2795 1789 securium
2823 1735 2984 1788 vitam
3018 1734 3297 1788 retineatis
3320 1748 3442 1803 per-

1851 1838 2061 1899 petuam
2091 1845 2104 1882 :
2137 1826 2206 1879 ob
2236 1825 2391 1895 cujus
2420 1839 2659 1879 amorem
2712 1828 2977 1893 presentis
3002 1823 3108 1881 diei
3154 1823 3443 1891 celebratis

175 1938 280 1987 tuus
313 1946 328 1984 :
364 1929 519 1999 cujus
558 1929 665 1999 28
692 1926 1090 1983 confessionem
1120 1925 1173 1981 in
1196 1924 1517 1996 martyribus
1566 1924 1741 1980 illatus
1773 1891 1821 1961 Β
1850 1891 2114 1973 so'ennia.
2165 1916 2200 1983 ἢ
2223 1955 2236 1968 .
2272 1891 2464 1969 nmen.

171 2022 304 2079 furor
332 2037 438 2077 non
466 2021 697 2076 admittit
744 2037 758 2073 :
785 2020 1050 2090 cujusque
1081 2031 1316 2072 amorem
1359 2016 1745 2071 insanientium

173 2115 421 2170 crosiatio
450 2129 557 2171 non
583 2113 867 2183 extinguit.
921 2111 1091 2182 Hujus
1119 2111 1298 2179 itaque
1322 2125 1519 2165 nomen
1552 2110 1747 2165 beatis~

173 2208 333 2263 simus
358 2207 676 2264 Saturninus
724 2214 927 2276 martyr
958 2214 1203 2258 tuus:et
1255 2212 1381 2257 ante
1425 2202 1745 2271 supplicium

173 2290 534 2372 pradicavit:
554 2310 609 2356 et
634 2300 775 2354 inter
819 2298 1081 2369 supplicia
1114 2312 1218 2350 non
1272 2295 1577 2365 denegavit.
1610 2295 1744 2349 Cum

173 2392 604 2463 persequentium
627 2390 978 2445 circumdatus
1003 2388 1245 2445 obicibus
1273 2406 1287 2443 :
1311 2401 1635 2456 coactusque
1666 2400 1748 2440 sa-

181 2485 426 2542 criﬁcare
453 2485 759 2543 demonibus
791 2484 963 2538 renuit
984 2502 999 2538 :
1017 2492 1065 2539 te
1088 2497 1256 2538 unum
1286 2490 1339 2536 et
1366 2496 1549 2536 verum
1578 2480 1747 2534 Deum

173 2592 304 2633 voce
324 2578 474 2633 clara
496 2592 550 2633 se
578 2586 802 2633 testatus
831 2587 907 2631 est
945 2575 1163 2631 credere
1194 2590 1209 2629 :
1234 2589 1329 2644 pro
1358 2588 1465 2644 quo
1500 2573 1661 2629 etiam
1692 2577 1749 2629 et

170 2671 393 2727 animam
426 2672 595 2740 posuit
626 2685 792 2735 usque
820 2669 883 2724 ad
926 2680 1153 2727 mortem
1194 2686 1208 2721 :
1240 2682 1334 2736 per
1361 2667 1534 2737 ipsum
1560 2664 1746 2720 Domi-

172 2777 287 2819 nam
319 2776 383 2817 ae
416 2761 821 2829 Redemptorem
860 2771 1128 2821 cternum.

232 2854 353 2909 Post
370 2855 553 2924 pridie.
575 2854 824 2910 Oblatum
851 2854 942 2907 tibi
962 2853 1064 2907 hoc
1084 2852 1404 2911 sacriﬁcium
1427 2851 1567 2907 Deus
1586 2850 1744 2906 Pater

175 2946 221 3001 in
244 2945 396 3018 hujus
442 2946 693 3018 martyris
742 2947 813 2999 tui
840 2946 1116 3003 Saturnini
1149 2944 1473 2999 solennitate
1519 2958 1745 2998 serenus

177 3054 365 3112 accepta
393 3061 408 3097 :
443 3053 495 3097 et
517 3044 663 3099 illius
711 3041 998 3097 invisibilis
1050 3043 1221 3113 gratio
1252 3049 1339 3095 tua
1370 3041 1745 3096 benedictione

182 3138 441 3193 sanetiiica.
479 3137 546 3191 Et
572 3137 716 3191 sicut
762 3137 903 3191 idem
957 3144 1160 3205 martyr
1212 3133 1626 3203 participatione
1654 3144 1741 3188 tua

188 3229 391 3298 grscidus
421 3229 689 3301 presentia
732 3243 825 3283 sua
856 3227 1176 3283 demonilica
1207 3225 1329 3281 fecit
1357 3224 1638 3279 simulacra
1663 3224 1740 3280 si-

184 3320 301 3375 lue:
327 3324 392 3374 ita
419 3336 519 3376 nos
550 3322 743 3375 horum
773 3322 1245 3381 Sacramentorum
1280 3319 1626 3387 perceptione
1646 3333 1741 3373 ex.
1773 3319 1813 3345 "

185 3411 401 3482 tirpemus
429 3415 476 3466 in
505 3414 662 3467 nobis
693 3428 906 3468 omnem
936 3411 1203 3467 (liabolicc
1224 3412 1593 3481 temptationis
1618 3413 1743 3468 hor-

183 3518 332 3558 TOI’EID
341 3545 353 3558 .

256 3594 319 3664 ἡ.
347 3597 530 3653 Amen.
578 3609 583 3612 ’
652 3610 655 3611 ⁷

240 3682 311 3741 A'd
340 3689 637 3744 Orationem
668 3688 1017 3746 Dominicam.

240 3777 368 3836 Ecce
402 3783 733 3839 dilectissimi
763 3783 958 3839 fratres
987 3782 1091 3839 lidc
1141 3784 1309 3839 relata
1338 3784 1693 3854 cognovimus
1726 3803 1739 3839 :

178 3870 527 3928 beatissimum
546 3876 890 3931 Saturninum
924 3894 938 3931 :
969 3886 1023 3931 et
1045 3876 1070 3915 δ
1103 3877 1260 3945 gladii
1287 3878 1608 3947 pontificalis
1646 3879 1745 3933 Sa-

178 3963 401 4020 cerdotio
423 3968 652 4023 iunctum
686 3987 700 4023 :
729 3978 783 4023 et
813 3971 876 4022 ad
897 3980 1042 4040 terga
1072 3972 1206 4024 tauri
1232 3972 1486 4042 illigatum
1520 3972 1746 4041 pedibus

183 4062 427 4133 martyrio
465 4073 859 4120 consecratum.
908 4063 1061 4121 Unde
1104 4066 1526 4135 omnipotentem
1578 4068 1743 4124 Deum

181 4150 255 4216 qui
274 4152 320 4207 ci
338 4156 606 4222 geminam
631 4172 881 4212 coronam
903 4156 1215 4213 Sacerdotis
1258 4161 1468 4215 scilicet
1496 4169 1549 4216 et
1597 4177 1744 4216 mar-

180 4242 285 4313 ψη
310 4246 530 4318 largitus
558 4259 643 4305 est
680 4250 1054 4320 deprecemur.
1090 4251 1156 4307 Ut
1188 4252 1275 4307 vel
1306 4253 1435 4309 iides
1478 4270 1575 4309 nos
1604 4256 1745 4324 apud

241 4379 595 4452 'Statimque.
644 4381 876 4439 Consule
930 4384 1083 4449 Acta,
1135 4384 1451 4439 Venanlium
1500 4385 1749 4443 Fortuna-

179 4455 687 4523 tumketSidnnium
730 4456 1092 4523 Apollinarem
1136 4458 1348 4510 citatos.

234 4520 256 4559 δ
292 4521 455 4579 Ctadii
501 4520 852 4594 Ponti/iratis.
899 4527 1033 4580 Num
1067 4526 1204 4582 forte
1242 4527 1523 4594 legendum
1554 4531 1746 4593 qrarhts

180 4595 505 4675 pontiﬁcalis;
543 4606 721 4653 tamen
763 4597 1133 4675 episcopijus
1178 4599 1337 4675 gladii
1385 4600 1682 4675 spiritualis
1711 4618 1737 4653 a

179 4659 363 4738 Christo
391 4659 751 4738 acceperunt.
782 4659 834 4722 et
861 4670 926 4726 ab
955 4659 1108 4724 itiiin
1136 4659 1205 4722 eo
1226 4669 1346 4738 jure
1378 4659 1454 4723 nisi
1488 4680 1631 4725 sunt.

380 4736 1039 4816 Andrew._l{alendarium
1076 4736 1460 4816 Bucberiannm
1511 4743 1632 4816 silnt
1676 4743 1741 4798 de

178 4800 436 4880 {estiritate
484 4810 662 4863 sancti
696 4809 924 4880 Andreae
954 4811 1201 4878 apostoli.
1254 4813 1478 4865 fortasse
1507 4813 1626 4880 quia
1658 4828 1743 4867 se-

177 4873 312 4955 deate
341 4879 848 4955 Liberiopontiﬁce
894 4873 1131 4955 nondum
1167 4891 1282 4955 crat
1311 4881 1492 4955 Roma:
1526 4873 1742 4955 basilica

178 4951 522 5021 Ejusttomini
554 4952 745 5009 dicata.
784 4951 1089 5021 Simplicius
1134 4954 1298 5015 enim,
1329 4953 1415 5021 qui
1466 4970 1607 5005 anno
1636 4954 1739 5009 litis

177 5019 383 5083 pontifex
419 5022 711 5078 ordinatus
743 5029 858 5084 est,
894 5019 1147 5075 translata
1181 5023 1244 5076 ad
1281 5019 1419 5075 hunc
1453 5039 1602 5075 tlStlttl
1652 5023 1742 5077 ba-

178 5086 296 5141 silica
335 5092 649 5156 Siciniana,
705 5094 910 5162 primus
959 5094 1239 5146 ecclesiam
1298 5104 1485 5145 sancto
1516 5093 1744 5147 Andrei:

175 5167 509 5238 consecrarit,
551 5172 609 5218 ut
639 5180 825 5219 versus
848 5163 1065 5238 musico
1110 5180 1272 5238 opere
1304 5164 1473 5238 apsidi
1510 5164 1743 5238 basilica:

175 5233 385 5305 inscripti
411 5233 813 5291 demonstrant.
840 5233 983 5305 iV'ide
1002 5233 1338 5304 Ciampinttm
1375 5234 1542 5288 Veter.
1565 5233 1745 5288 Monu-

178 5304 323 5379 φωρ
355 5318 493 5370 part.
528 5322 586 5379 _t_.
611 5322 686 5379 _c.
718 5307 773 5379 _7,
806 5304 913 5375 1³1).
971 5304 1043 5379 De
1072 5308 1259 5379 eodem
1289 5314 1477 5379 sa_ncto
1503 5308 1746 5379 apostolo

174 5371 273 5446 silet
299 5379 496 5445 pariter
528 5376 814 5430 Kalendar.
850 5371 988 5442 apud
1024 5377 1264 5429 Bollaud.
1298 5375 1467 5446 (Tom.
1516 5374 1620 5429 VII
1648 5376 1745 5430 Ju-

176 5443 249 5505 ηὶὶ,
428 5447 507 5509 1).
530 5446 814 5501 Festivitas
846 5448 1011 5499 sancti
1041 5448 1255 5501 Andrea'
1280 5443 1499 5515 apostoli
1526 5459 1573 5501 et
1603 5465 1745 5500 mar-

179 5517 281 5588 tyris
326 5518 645 5572 inscribitur
691 5527 903 5588 vetusto
948 5518 1356 5588 Cartltaginensi
1404 5517 1742 5573 Kalendario.

176 5580 237 5636 De
262 5588 443 5643 eodem
464 5589 733 5659 aguntdie
757 5588 827 5643 50
853 5580 1177 5659 Novembris
1203 5589 1569 5658 Martyrologia
1601 5590 1747 5644 Lati-

176 5667 361 5731 norum,
392 5660 710 5715 Graecorum
744 5658 1063 5731 Menologia,
1095 5669 1148 5713 et
1180 5660 1300 5715 libri
1338 5659 1591 5731 liturgicl,
1623 5661 1748 5714 Mis-

175 5727 276 5801 ειδιςξ⁸
295 5742 341 5782 et
371 5732 699 5801 Breviarium
726 5727 1085 5796 Mozarabum,
1110 5731 1416 5787 Orationale
1437 5727 1744 5801 Gothicum,

175 5808 213 5873 ct
239 5798 440 5856 ltissale
471 5800 970 5861 Gallo-Gothicum,
1014 5801 1073 5873 in?
1114 5817 1221 5873 quo
1251 5803 1414 5873 missa
1438 5803 1606 5856 sancti
1637 5798 1748 5857 Αηέ

175 5866 298 5946 drca:
331 5884 449 5941 post
480 5872 831 5946 Epiphaniam
875 5886 999 5926 cum
1030 5866 1147 5929 aliis
1175 5872 1492 5944 quibusdam
1545 5888 1666 5946 quae
1693 5875 1749 5932 in

174 5936 455 6001 Adventum
486 5936 688 6001 cadunt
715 5943 1031 6001 collocatur.

1772 4638 1823 4701 Ιό

1922 2011 2023 2065 Per
2053 2007 2478 2064 miscricordiam
2538 2005 2707 2075 ipsius
2740 2005 2833 2061 Dei
2889 2004 3058 2059 nostri
3088 2004 3175 2075 qui
3224 2004 3352 2058 vivit
3384 2011 3444 2059 et

1850 2105 2026 2159 omnia
2049 2104 2184 2174 regit
2208 2103 2257 2156 in
2290 2100 2469 2156 secula
2501 2099 2826 2155 seculorum.
2874 2099 2912 2163 ιῖ
2935 2138 2947 2152 .
2981 2100 3172 2153 Amen.

1924 2199 2027 2253 Hic
2055 2199 2190 2252 dicat
2238 2196 2436 2252 Chorus
2468 2212 2486 2250 :
2515 2196 2739 2252 Gustate
2767 2203 2822 2249 et
2845 2194 3047 2251 videte.
3104 2195 3286 2248 Oratio
3326 2200 3442 2264 post

1851 2292 2278 2346 communionem.
2323 2290 2614 2345 Gustantes
2644 2288 2869 2343 Domine
2900 2288 3198 2346 suavitatis.
3253 2284 3437 2339 Cetera

1850 2386 2023 2439 omnia
2055 2394 2107 2437 ut
2138 2385 2189 2436 in
2223 2384 2389 2450 prima
2423 2380 2606 2435 Missa.

2089 2491 2154 2547 ΙΝ
2192 2490 2434 2547 SANCTI
2480 2498 2503 2527 °
2536 2487 2813 2544 ANDREE
2854 2485 3210 2543 APOSTOLI.

2279 2585 2359 2638 Ad
2403 2580 2635 2636 Missam.
2678 2578 2704 2619 δ
2737 2580 3006 2652 Ofﬁcium.

1920 2681 2115 2736 Sancta
2155 2678 2293 2733 Crux
2325 2685 2610 2745 antequam
2655 2686 2705 2729 te
2730 2672 2990 2727 Dominus
3022 2672 3339 2726 ascenderet
3369 2670 3438 2724 ti-

1850 2787 2056 2829 morem
2087 2780 2359 2825 terrenum
2393 2767 2626 2822 habuisti
2658 2784 2672 2820 :
2707 2765 2868 2821 modo
2899 2780 3028 2818 vero
3075 2778 3316 2818 amorem
3347 2776 3439 2817 ce-

1849 2867 2039 2921 lestem
2081 2863 2293 2919 obtines
2321 2861 2533 2930 alleluja
2578 2857 2818 2927 alleluja.
2856 2866 2879 2899 ο
2928 2859 3003 2926 il.
3045 2856 3269 2910 Domine
3304 2870 3434 2923 pro-

1849 2959 1980 3013 basti
2017 2972 2102 3011 me
2148 2964 2203 3010 et
2228 2954 2522 3026 cognovisti
2580 2968 2665 3006 me
2696 2960 2750 3005 tu
2791 2950 3087 3020 cognovisti
3137 2948 3434 3002 sessionem

1810 3065 2019 3103 amcam
2075 3058 2129 3102 et
2174 3046 2620 3100 resurrectionem
2682 3056 2878 3097 meam.
2941 3040 3010 3095 P.
3057 3038 3213 3093 Modo
3275 3050 3431 3097 vero.

1860 3143 1897 3212 y
1922 3181 1936 3197 .
1968 3140 2150 3197 Gloria
2178 3147 2232 3193 et
2261 3138 2431 3192 honor
2460 3135 2603 3191 Patri
2632 3144 2688 3190 et
2718 3134 2756 3190 F
2766 3134 2859 3189 ilio
2899 3140 2956 3193 et
2981 3131 3205 3204 Spiritui
3237 3131 3439 3193 Sancto

1845 3235 1899 3290 in
1922 3233 2102 3290 secuta
2130 3232 2452 3287 seculorum.
2481 3227 2546 3283 Ρ.
2580 3227 2733 3283 Modo
2763 3241 2910 3282 vero.

1886 3368 1889 3369 ν
1918 3327 2070 3382 Dicat
2102 3326 2287 3385 Presb.
2318 3325 2498 3380 Gloria
2530 3324 2582 3377 in
2612 3322 2860 3377 excelsis.

1917 3420 2114 3476 Oratio.
2148 3417 2329 3473 Gloria
2363 3424 2543 3471 nostra
2592 3415 2730 3469 Deus
2762 3423 2943 3471 noster
2970 3428 2984 3467 :
3012 3409 3101 3482 qui
3130 3410 3182 3465 in
3210 3410 3340 3467 celis
3371 3410 3438 3467 ab

1845 3513 2064 3584 Angelis
2109 3510 2499 3566 demonStraris
2530 3525 2543 3562 :
2575 3516 2629 3564 et
2654 3508 2708 3562 in
2740 3512 3057 3577 perpetuum
3086 3504 3391 3559 decantaris
3421 3521 3435 3558 :

1846 3605 1933 3661 hic
1970 3605 2269 3661 solenniter
2313 3617 2377 3657 ac
2417 3600 2646 3656 tldeliter
2681 3598 2974 3669 predicaris
3007 3616 3019 3651 :
3058 3606 3231 3666 presta
3282 3596 3438 3652 nobis

1845 3699 2176 3769 amplissima
2210 3694 2423 3767 pietatis
2457 3704 2548 3749 tue
2569 3709 2598 3748 a
2628 3692 2781 3748 malis
2826 3688 3053 3760 propriis
3085 3689 3300 3745 liberari
3336 3708 3350 3744 :
3379 3695 3435 3744 et

1845 3808 2057 3862 semper
2104 3792 2156 3845 in
2209 3792 2312 3847 tuis
2364 3789 2609 3843 laudibus
2659 3786 2902 3856 gloriari.
2944 3786 3017 3852 si.
3053 3788 3243 3840 Arnen.

1919 3888 2023 3942 Per
2052 3884 2475 3941 misericordiam
2498 3922 2512 3947 ,
2544 3890 2649 3937 etc.

1918 3978 2221 4049 Prophetin.
2247 3976 2428 4031 Justus
2459 3976 2503 4029 si
2552 3980 2725 4027 morte
2752 3977 3063 4039 occupatus.
3100 3967 3318 4038 nequire
3352 3982 3437 4021 re-

1848 4083 1925 4127 tro
1956 4072 2009 4126 in
2037 4072 2217 4126 Sancti
2245 4069 2518 4124 Clementis
2548 4068 2641 4140 fat.
2667 4068 2740 4123 20

1925 4163 1942 4203 ί
1972 4162 2137 4217 Psall.
2173 4162 2527 4231 Magniﬁcavit
2552 4160 2810 4215 Dominus
2833 4167 3078 4212 sanctum
3103 4171 3257 4213 suum
3288 4156 3434 4213 :Do-

1850 4256 2025 4310 minus
2052 4254 2298 4308 exaudiet
2330 4268 2416 4308 me
2442 4253 2568 4307 dum
2594 4253 2899 4307 clamat/ero
2928 4249 2994 4305 ad
3024 4265 3170 4305 eum.
3206 4250 3239 4318 Ῡ
3265 4289 3279 4305 .
3304 4249 3435 4305 Cum

1922 4389 1946 4428 ἀ
1992 4389 2246 4459 Οῃῖσίιιηι.
2299 4388 2644 4456 Dcsumptnm
2674 4394 2758 4441 est
2803 4386 3096 4459 admissam
3127 4386 3346 4455 officium
3372 4401 3438 4443 ex

1849 4458 2058 4533 vulgata
2073 4460 2295 4533 epistola
2315 4462 2815 4533 presbyterorumct
2831 4458 3178 4533 diaconorum
3200 4460 3339 4533 Acha
3349 4458 3434 4533 ite,

1849 4528 1987 4600 qurﬁ,
2040 4534 2206 4599 inquit
2253 4528 2517 4585 Sollcrius
2564 4528 2655 4599 (In
2708 4528 3049 4599 Murtyrolog.
3089 4528 3336 4592 Usuardi,
3367 4528 3435 4579 ad

1851 4606 1984 4657 diem
2009 4603 2077 4655 2i
2114 4601 2438 4667 Novembr),
2480 4600 2823 4671 omniforme
2850 4601 3153 4654 Christiano
3184 4615 3298 4658 mro
3329 4601 3435 4652 cir-

1847 4677 2075 4728 cumlata
2105 4684 2204 4727 est.
2240 4672 2312 4726 Ex
2346 4674 2442 4725 hac
2473 4671 2694 4737 cpistola
2735 4671 2909 4726 locum
2944 4672 3203 4741 insignem
3236 4672 3302 4725 tle
3345 4684 3433 4722 sa-

1846 4746 2049 4799 criﬁcio
2097 4744 2452 4797 eucharistico
2489 4741 2811 4811 depromunt
2858 4741 3110 4795 Etherius
3154 4751 3205 4793 et
3245 4741 3436 4793 Beatus

1846 4817 1985 4884 (Lib.
2017 4832 2029 4867 l
2057 4816 2171 4869 adv.
2215 4812 2575 4884 Elipandum).
2628 4813 2889 4866 Nonnulla
2936 4828 3000 4867 ex
3049 4811 3237 4884 eodem
3284 4812 3430 4884 fonto

1848 4880 2142 4941 hauserunt
2191 4886 2405 4941 llissale
2454 4883 2943 4948 Gallo-Gothicum,
3014 4880 3433 4950 Antiphooarius

1847 4957 2204 5014 Gregorianus
2262 4958 2313 5009 in
2372 4956 2589 5010 introitu
2639 4956 2817 5008 missm
2866 4955 3035 5009 sancti
3088 4953 3333 5009 Andreae.
3381 4957 3435 5002 ct

1850 5020 2088 5095 praelatio
2114 5026 2354 5093 cju~dcm
2385 5025 2561 5078 missas
2595 5025 2646 5078 in
2678 5024 3009 5091 Gregoriano
3029 5020 3283 5095 Mcnardi,
3314 5022 3434 5095 qni-

1849 5091 1963 5152 bus.
2000 5107 2055 5151 ut
2087 5091 2272 5149 notant
2322 5097 2517 5149 eruditi
2550 5096 2796 5150 Editores
2824 5109 3045 5162 operum
3097 5091 3266 5162 sancti
3306 5092 3437 5145 Cre-

1848 5169 2007 5240 gmii,
2052 5168 2449 5219 corroborantur
2478 5167 2603 5221 Acta
2633 5161 3061 5240 sanctiftnrtrew,
3097 5161 3441 5240 probaturque

1848 5233 1948 5293 non
1979 5233 2049 5293 ita
2076 5247 2322 5293 recentem
2350 5254 2461 5291 esse
2491 5254 2667 5291 eorum
2696 5235 3111 5301 publicationem.
3145 5233 3217 5288 De
3248 5233 3344 5288 hac
3380 5249 3438 5289 re

1849 5313 1997 5380 plura
2054 5310 2168 5378 lege
2216 5309 2355 5377 apud
2411 5300 2811 5380 Tillcmontiu_m
2863 5300 3152 5380 (T0nt.!l.
3193 5303 3442 5380 not.in

1852 5375 1912 5436 Β.
1936 5375 2238 5445 Andream),
2257 5375 2698 5437 Bartholomeum
2728 5376 2981 5428 German.
3014 5375 3114 5445 (De
3139 5386 3290 5430 vetor.
3311 5375 3441 5429 [Iw-

1847 5462 1943 5505 ret.
1972 5467 2106 5505 sacr.
2132 5450 2257 5503 Cod.
2287 5460 2598 5515 corruptor.,
2632 5449 2721 5499 lib.
2748 5461 2824 5516 at,
2853 5462 2973 5516 pag.
3013 5446 3169 5515 9.2!),
3201 5446 3440 5501 Natalem

1849 5523 2215 5578 Alexandrum
2249 5521 2422 5591 (Tom.
2448 5517 2500 5582 1,
2542 5515 3101 5591 ματ-Λωηᾼηςινθαω
3129 5517 3439 5591 Sanssaiutn

1849 5595 2158 5663 episcopum
2183 5587 2510 5663 'I‘u'llensem,
2533 5587 2887 5663 _In_Viud_iciis
2916 5604 3049 5663 quas
3083 5605 3178 5663 pro
3211 5588 3437 5663 Historia

1851 5658 2113 5733 passionis
2160 5661 2358 5732 adjecit
2404 5658 2686 5715 duodecim
2735 5659 2885 5716 libris
2932 5658 3001 5717 de
3044 5658 3215 5733 gloria
3266 5658 3436 5714 sancti

1851 5737 2095 5790 Androm.

1924 5814 1948 5918 ἶ
1983 5801 2577 5932 i.ai.in§’.“§.'."it.‘é

1902 5876 1945 5918 ’ί
1983 5872 2290 5932 ‘Psallettdo.
2328 5872 2417 5928 ΡΒ.
2449 5886 2527 5943 tv,
2556 5872 2616 5931 '5.
