4040 6356
510 440 517 447 ·
592 415 692 475 I59

1348 414 1646 474 MISSALE
1682 413 1951 472 MIXTUM
1995 413 2144 473 SEC.
2190 412 2349 471 IlEG.
2394 412 2455 470 ll.
2497 412 2766 473 lSlDORl.
2808 444 2876 459 -
2915 415 3093 474 PARS
3129 415 3170 473 Ι.

3761 418 3862 479 160

591 532 893 589 invocarem
919 540 970 586 te
1000 529 1259 587 exaudisti
1289 545 1372 585 me
1415 530 1553 586 Deus
1572 529 1801 600 justieite
1830 543 1965 585 mete
1994 528 2048 585 in
2081 530 2175 585 tri-
2204 535 2255 594 Α
2281 545 2476 588 vocare
2514 532 2771 589 Dominus
2798 533 3111 604 dignaretur
3139 552 3154 590 :
3182 534 3362 591 audita
3410 550 3543 594 voce
3566 540 3862 599 vocationis

590 622 883 681 bulatione.
917 621 980 677 P.
1014 623 1269 677 Dominus
1293 621 1507 678 exaudi.

660 715 940 785 Sequentia
996 712 1415 851 Ερὶοιοιῗιιὲαιιιὶ
1444 714 1701 856 VAlp)ostoli
1757 714 1825 768 ad
1855 713 2103 769 Gafatltas

1315 802 1403 855 ap.
1564 825 1579 841 .

1315 802 1403 855 ap.
1448 802 1579 855 γι).

660 876 877 934 Fratres
917 878 1120 931 Bonum
1161 875 1418 932 facientes
1447 892 1513 932 ne
1542 876 1853 933 deficiamus
1884 893 1897 931 :
1933 886 2175 945 tempore

587 971 728 1028 enim
754 986 853 1026 suo
872 980 1136 1024 metemus
1164 984 1269 1024 non
1292 969 1626 1024 deficientes.
1656 971 1793 1041 Ergo
1815 971 1941 1025 dum
1966 980 2174 1039 tempus

588 1062 846 1118 habemus
880 1077 895 1115 :
927 1074 1213 1131 aperemus
1265 1060 1465 1115 bonum
1504 1062 1571 1116 ad
1618 1076 1806 1117 omnes
1865 1060 2110 1119 homines
2155 1078 2170 1117 :

589 1157 827 1211 maxime
862 1163 1041 1209 autem
1074 1155 1140 1209 ad
1167 1154 1493 1210 domesticos
1528 1155 1671 1210 ﬁdei.
1707 1155 1897 1211 Videte
1924 1155 2173 1226 qualibus

586 1246 756 1301 literis
790 1265 802 1300 :
846 1246 1037 1315 scripsi
1070 1248 1223 1301 vobis
1266 1262 1425 1301 manu
1459 1261 1598 1300 mea.
1631 1246 1965 1317 Quicumque
1988 1247 2173 1302 volunt

584 1339 793 1409 placere
824 1339 875 1394 in
900 1354 1062 1395 carne
1097 1358 1109 1393 :
1146 1339 1197 1393 hi
1228 1347 1426 1409 cogunt
1463 1354 1557 1395 vos
1580 1339 1887 1395 circumcidi
1922 1357 1937 1394 :
1970 1350 2171 1395 tantum

583 1441 642 1486 ut
663 1432 839 1487 erue‘is
856 1432 1055 1488 Christi
1078 1433 1506 1501 persecutionem
1533 1448 1638 1487 non
1670 1435 1955 1502 patiantur.
1986 1433 2169 1503 Neque

581 1525 725 1581 enim
750 1526 839 1597 qui
868 1526 1344 1594 circumciduntur,
1381 1525 1552 1595 legem
1578 1525 1885 1580 custodiunt
1909 1543 1923 1579 :
1952 1526 2045 1581 sed
2077 1542 2170 1581 voc

586 1618 705 1673 lunt
732 1632 826 1673 vos
870 1618 1203 1673 circumcidi:
1237 1618 1303 1674 Ut
1352 1618 1403 1672 in
1437 1628 1615 1673 vestra
1662 1633 1824 1673 carne
1854 1619 2170 1687 glorientur.

584 1711 709 1767 Mihi
732 1721 909 1765 autem
942 1711 1320 1781 absitgloriari
1354 1711 1454 1765 nisi
1482 1713 1534 1765 in
1556 1725 1718 1766 cruce
1749 1709 1965 1765 Domini
1999 1712 2169 1766 nostri

579 1801 708 1860 Iesu
738 1803 936 1858 Christi
970 1822 981 1856 :
1010 1818 1105 1875 per
1129 1816 1287 1873 quem
1315 1802 1444 1857 tnilti
1477 1801 1708 1857 mundus
1738 1803 2027 1858 cruciﬁxus
2048 1812 2127 1858 est
2154 1819 2167 1857 :

581 1904 637 1951 et
665 1911 762 1966 ego
792 1895 1012 1950 mundo.

582 1986 717 2041 cisio
740 1988 939 2056 aliquid
961 1988 1099 2043 valet
1124 2003 1137 2040 :
1164 2002 1335 2057 neque
1364 1987 1672 2055 prepueium
1708 2004 1720 2039 :
1747 1988 1841 2043 sed
1866 2003 2000 2041 nova
2019 2004 2170 2043 crea-

584 2088 728 2136 tura.
763 2080 1147 2150 thuicunque
1179 2080 1316 2135 hanc
1341 2081 1579 2153 regulam
1605 2084 1773 2136 secuti
1806 2083 2035 2137 fuerint:
2065 2098 2170 2151 pax

583 2189 748 2246 super
776 2176 894 2231 illos
918 2187 1005 2232 :et
1032 2177 1398 2231 misericordia
1414 2186 1469 2231 et
1489 2193 1650 2247 super
1667 2178 1827 2233 lsrael
1857 2179 1969 2234 Dei.
1999 2180 2071 2235 De
2085 2195 2173 2235 ce-

586 2275 703 2323 tero
721 2284 735 2321 :
756 2283 913 2323 nemo
933 2269 1039 2339 2³1
1059 2268 1187 2323 mihi
1211 2270 1468 2324 molestus
1485 2270 1574 2324 sit.
1594 2270 1705 2339 Ego
1723 2281 1900 2325 autem
1922 2272 2171 2342 stigmata

581 2359 791 2417 Domini
822 2363 988 2418 nostri
1036 2362 1162 2418 Jesu
1212 2362 1408 2417 Christi
1461 2362 1514 2417 in
1548 2378 1774 2433 corpore
1826 2380 1946 2419 meo
1981 2374 2164 2434 porto.

582 2454 763 2511 Gratia
812 2454 1021 2512 Domini
1071 2457 1241 2513 nostri
1271 2457 1399 2514 Jesu
1431 2455 1630 2513 Christi
1674 2473 1795 2513 cum
1838 2459 2027 2528 spiritu
2073 2475 2165 2515 ve-

580 2556 714 2605 811⁵0.

666 2641 704 2707 ἡ
727 2681 739 2695 .
764 2640 951 2698 Amen.

690 2748 862 2806 Lectio
892 2750 1077 2807 Sancti
1122 2750 1391 2819 Evangelii
1440 2750 1721 2805 secundum
1777 2748 2061 2805 Mattheum

1142 2820 1193 2894 (ιι
1231 2821 1360 2891 Cap.
1394 2819 1594 2892 XVI).

658 2941 752 2996 illo
781 2940 832 2996 in
877 2952 1117 3012 tempore
1165 2940 1421 2995 Dominus
1475 2949 1658 2996 noster
1713 2939 1871 2995 .lesus
1923 2940 2168 2997 Christus

581 3033 897 3105 loquebatur
924 3035 1201 3106 discipulis
1248 3035 1359 3089 suis
1392 3033 1595 3089 dicens.
1630 3032 1687 3089 Si
1740 3032 1858 3102 quis
1885 3033 1994 3089 vult
2048 3042 2169 3103 post
2198 3078 2211 3093 ,

580 3138 667 3185 me
718 3128 902 3184 venire
945 3128 1173 3199 abneget
1222 3126 1567 3198 semetipsum
1602 3146 1616 3183 :
1647 3135 1704 3181 et
1748 3126 1900 3181 tollat
1947 3141 2164 3184 crucem

2280 622 2476 677 Christi
2511 640 2525 677 :
2556 634 2766 680 terrena
2832 627 3009 681 omnia
3062 626 3497 698 derelinquentes
3526 642 3863 703 :cunctaque

2280 712 2438 769 simul
2466 715 2589 769 vitia
2630 717 2739 771 vita
2783 719 2979 773 veteris
3026 729 3436 788 respuentes:a
3468 722 3859 782 muudanarum

2274 809 2491 879 jamque
2540 826 2719 868 rerum
2766 814 2911 869 curis
2968 816 3205 883 expediti
3255 823 3311 869 et
3366 815 3519 871 liberi
3556 834 3570 872 :
3605 826 3767 889 atque
3795 821 3863 877 ab

2278 904 2515 958 omnium
2571 907 2820 962 vitiorum
2890 909 3116 964 nexibus
3160 909 3430 966 absoluti:
3460 912 3755 970 Salvatoris
3801 930 3863 973 ac

2278 994 2491 1051 Domini
2520 1000 2743 1069 vestigia
2773 1010 2898 1055 sunt
2934 1002 3125 1057 secuti.
3160 1001 3361 1057 florum
3390 1018 3520 1074 ergo
3551 1021 3649 1061 nos
3676 1021 3863 1062 exem-

2277 1086 2379 1157 plis
2421 1092 2632 1146 accensi
2678 1104 2693 1145 :
2737 1106 3025 1162 sequamur
3080 1093 3354 1149 Christum
3402 1105 3863 1153 :eontemnamus

2275 1180 2532 1234 mundum
2565 1198 2577 1233 :
2604 1197 2725 1237 cum
2752 1184 2865 1239 suis
2895 1184 3150 1253 operibus
3180 1185 3555 1242 transiturum.
3582 1188 3734 1244 Nulla
3765 1206 3864 1246 nos

2274 1272 2539 1341 cupiditas
2585 1274 2855 1331 mundana
2905 1276 3175 1332 retineat:
3204 1293 3303 1333 nec
3335 1278 3689 1348 periturarum
3713 1298 3866 1340 atnor

2275 1379 2456 1419 rerum
2488 1380 2517 1419 a
2541 1366 2835 1424 Salvatoris
2862 1369 3031 1424 nostri
3064 1384 3163 1425 nos
3186 1385 3369 1426 amore
3388 1371 3681 1443 disiungat.
3714 1375 3862 1442 Qua-

2276 1469 2431 1516 tenus
2461 1460 2779 1517 Sanctorum
2828 1463 3105 1533 sequendo
3133 1464 3357 1535 vestigia
3388 1482 3404 1521 :
3439 1466 3723 1536 pervenire
3751 1482 3864 1525 me-

2275 1566 2491 1609 reamur
2516 1554 2583 1609 ad
2616 1554 2811 1625 gaudia
2830 1556 3181 1627 sempiterna.

2360 1648 2398 1714 ἡ
2422 1690 2435 1703 .
2470 1651 2659 1703 Amen.
3053 1664 3060 1671 ·

2346 1740 2463 1793 Atia
2495 1740 2694 1795 Oratio.
2718 1740 3000 1811 Supplices
3050 1749 3104 1798 te
3148 1756 3399 1813 rogamus
3449 1743 3862 1801 clementissime

2275 1832 2443 1889 Deus:
2464 1842 2517 1888 ut
2532 1834 2729 1888 Sancto
2752 1843 2842 1889 tuo
2870 1834 3082 1890 Andrea
3103 1836 3352 1905 aposmlo
3367 1850 3431 1891 ac
3453 1844 3691 1907 martyre
3720 1836 3860 1893 obti-

1054 1896 1109 1950 ln
1141 1897 1353 1951 Christo
1384 1897 1527 1950 enim
1550 1895 1675 1955 Jesu
1700 1912 1713 1949 :
1739 1911 1914 1967 neque
1943 1897 2163 1951 circum-

2279 1933 2439 1979 nente
2472 1942 2485 1977 :
2516 1934 2602 1979 tue
2638 1924 2960 1995 cognitionis
3006 1895 3228 1995 gratiam
3260 1924 3495 1980 uberiori
3526 1895 3681 1995 copia
3703 1934 3863 1996 atque

2275 2015 2614 2070 eminentiori
2640 2016 2961 2086 perspicatia
2994 2030 3414 2085 consequamur.
3451 2016 3560 2073 Nec
3584 2019 3733 2073 enim
3766 2019 3863 2075 hoc

2276 2114 2524 2175 rogantes
2555 2123 2568 2158 :
2602 2106 2791 2161 eodem
2840 2106 3238 2163 interveniente
3259 2122 3359 2163 nos
3411 2107 3704 2177 adepturos
3746 2124 3861 2167 esse

2274 2195 2567 2251 diffidimus
2600 2212 2613 2249 :
2645 2213 2803 2267 quem
2846 2207 2992 2254 tanto
3031 2207 3135 2252 tua:
3178 2198 3480 2254 dilectionis
3512 2199 3694 2256 calore
3743 2214 3861 2255 sue-

2274 2302 2494 2344 eensum
2526 2290 2889 2359 agnoscimus.
2921 2290 2989 2347 Ut
3022 2306 3127 2345 non
3156 2291 3331 2346 solum
3364 2291 3445 2347 eis
3473 2292 3564 2363 qui
3590 2308 3661 2349 eo
3682 2294 3860 2364 predi-

2274 2391 2431 2436 caute
2464 2381 2516 2436 in
2561 2390 2613 2437 te
2654 2382 2945 2437 credebant
2986 2383 3238 2438 salutaria
3266 2385 3414 2439 verbi
3466 2385 3657 2454 pocula
3713 2388 3863 2441 mini-

2271 2485 2470 2531 straret
2512 2494 2525 2529 :
2570 2476 2664 2531 sed
2711 2478 2884 2546 ipsum
2933 2491 3144 2547 quoque
3198 2477 3571 2547 impiissimum
3616 2489 3639 2517 ο
3668 2480 3859 2550 Egeam

2271 2576 2669 2640 persecutorem
2695 2576 2784 2622 :ut
2809 2569 2876 2623 ab
2897 2568 3163 2624 idolorum
3194 2569 3488 2625 vanissimo
3536 2570 3683 2626 cultu
3713 2586 3861 2627 rece-

2270 2660 2424 2716 deret
2456 2670 2549 2716 :et
2576 2676 2761 2716 verum
2794 2661 2963 2717 Deum
3004 2674 3323 2734 agnosceret
3358 2681 3371 2716 :
3404 2663 3509 2733 piis
3530 2664 3860 2721 adhortatio-

2271 2752 2429 2807 nibus
2458 2761 2811 2807 ammoneret.
2851 2752 3042 2808 Vernm
3066 2754 3192 2824 quia
3216 2753 3507 2823 nepbarius
3530 2756 3621 2812 ille
3646 2771 3714 2811 ac
3743 2772 3862 2827 per-

2272 2840 2410 2895 ﬁdus
2430 2841 2655 2912 gratiam
2688 2852 2791 2896 tua:
2824 2843 3145 2913 cognitionis
3178 2859 3378 2915 :quam
3432 2860 3556 2901 ecca
3606 2849 3859 2917 superba-

2269 2948 2374 3005 que
2393 2945 2573 2989 mente
2604 2934 2926 3005 contempsit
2957 2954 2969 2990 :
3002 2937 3126 3005 quia
3150 2952 3254 2993 non
3280 2938 3473 2992 meruit
3509 2956 3519 2990 :
3552 2939 3736 3009 utique
3764 2955 3858 2995 nec

2270 3026 2499 3094 accepit.
2530 3026 2713 3083 Presta
2745 3028 2899 3083 nobis
2939 3029 3255 3085 humillimis
3287 3029 3460 3085 servis
3492 3028 3594 3084 tuis
3621 3047 3634 3084 :
3668 3039 3729 3085 ut
3771 3032 3859 3102 qui

2271 3126 2325 3175 te
2354 3119 2520 3176 Deum
2550 3132 2639 3178 tuo
2667 3122 2809 3178 dono
2855 3123 3136 3179 credentes
3179 3124 3522 3195 agnoscimus
3549 3141 3563 3179 :
3589 3134 3645 3182 et
3693 3141 3858 3198 agno-

581 3232 731 3275 suam
757 3227 810 3276 et
845 3228 1102 3289 sequatur
1156 3233 1265 3273 me.
1321 3218 1422 3284 Qui
1463 3218 1604 3273 enim
1655 3218 1883 3273 voluerit
1931 3218 2162 3273 animam
2203 3283 2238 3289 _
2272 3221 2483 3268 scentes
2513 3211 2777 3268 fatemur:
2809 3229 2838 3268 a
2868 3224 2919 3270 te
2944 3230 3213 3283 nunquam
3273 3218 3486 3287 penitus
3515 3217 3855 3275 recedamus.

581 3326 731 3367 suam
760 3283 964 3367 salvam
989 3310 1164 3366 facere
1194 3326 1209 3365 :
1243 3310 1428 3379 perdet
1454 3325 1592 3365 eam.
1619 3309 1720 3377 Qui
1747 3310 1888 3365 enim
1919 3311 2163 3379 perdide-
2191 3283 2239 3349 ο
2270 3308 2379 3367 Sed
2403 3311 2528 3366 dum
2560 3312 2656 3367 tibi
2676 3313 3022 3383 subjiciatur:
3056 3314 3255 3384 tibique
3273 3283 3507 3373 ﬁdeliter
3526 3315 3855 3374 inhaeremus

581 3404 902 3459 ritanimam
930 3419 1079 3457 suam
1124 3412 1339 3472 propter
1389 3417 1475 3457 me
1507 3420 1521 3457 :
1548 3403 1787 3459 inveniet
1829 3418 1969 3459 eam.
2026 3404 2163 3472 Quid

581 3496 724 3552 enim
745 3495 961 3564 prodest
987 3492 1190 3547 homini
1213 3502 1269 3549 ut
1285 3494 1539 3549 mundum
1554 3495 1857 3550 universum
1874 3496 2110 3552 lucretur
2145 3514 2161 3553 :

581 3600 642 3642 se
672 3594 847 3641 autem
879 3586 1051 3655 ipsum
1083 3583 1271 3654 perdat
1300 3602 1314 3639 :
1343 3594 1397 3640 et
1420 3585 1794 3641 detrimentum
1827 3588 1911 3643 sui
1960 3587 2165 3644 faciat?

581 3676 713 3733 Nam
734 3676 824 3746 qui
863 3690 949 3731 me
974 3677 1212 3747 arguerit
1258 3687 1313 3732 et
1335 3692 1483 3733 meos
1516 3694 1791 3736 sermones
1823 3696 1836 3734 :
1866 3682 2004 3737 hunc
2025 3682 2165 3737 [ilius

581 3767 815 3824 hominis
835 3768 1112 3825 erubescet
1143 3786 1156 3824 :
1186 3784 1307 3825 cum
1341 3773 1554 3827 venerit
1610 3774 1661 3827 in
1705 3774 1981 3844 majestate
2024 3790 2117 3829 sua
2145 3792 2158 3828 :

581 3869 634 3916 et
667 3860 835 3915 i’atris
864 3868 920 3915 et
940 3870 1243 3917 sanctorum
1270 3862 1617 3931 Angelorum.
1647 3864 1773 3918 Dico
1802 3874 1980 3919 autem
2011 3865 2162 3920 vobis

583 3968 757 4011 vere:
787 3965 911 4010 sunt
939 3953 1098 4025 aliqui
1142 3955 1226 4009 hie
1269 3963 1554 4011 astantes:
1584 3956 1675 4027 qui
1728 3973 1833 4013 non
1878 3958 2164 4031 gustabunt

579 4058 803 4102 mortem
838 4066 850 4103 :
882 4048 1051 4105 donec
1082 4048 1295 4104 videant
1317 4064 1541 4119 regnum
1572 4049 1688 4105 Dei.

664 4141 701 4208 ιῆ
724 4180 738 4195 .
767 4142 959 4198 Amen.

654 4236 853 4291 Lauda.
932 4235 1176 4307 Allelnja.
1243 4237 1319 4305 ᾖ,
1394 4233 1673 4304 Loquebar
1730 4234 1798 4289 tle
1843 4234 2159 4293 testimoniis

581 4331 691 4390 tuis
722 4331 772 4386 in
799 4340 1090 4402 conspectu
1145 4328 1352 4400 Regum
1401 4338 1588 4383 etnon
1636 4328 1999 4385 confundebar
2030 4331 2158 4386 alle-

580 4425 709 4498 luja.

648 4518 994 4587 Sacriﬁcium.
1046 4515 1289 4589 Fulgebit
1337 4514 1532 4586 justus.
1584 4513 1805 4585 Reqttire
1858 4517 1910 4570 in
1974 4515 2159 4572 Sancti

578 4611 849 4667 Clementis
882 4613 975 4682 fol.
999 4613 1087 4667 9.1.

650 4705 831 4759 Missa.
862 4704 1238 4760 Anniversaria
1260 4702 1399 4757 beati
1425 4702 1636 4757 Andree
1667 4708 1892 4773 apostoti
1924 4719 1984 4758 ac
2016 4720 2155 4760 mar-

577 4795 714 4867 tyris
742 4796 984 4852 natalicia
1037 4794 1367 4850 celebrantes
1403 4810 1417 4850 :
1449 4795 1849 4858 consideremus
1871 4795 2157 4851 dilectissi-

576 4892 649 4947 tni
681 4892 873 4945 fratres
899 4897 1096 4959 quanta
1122 4886 1318 4942 mentis
1337 4888 1613 4941 alacritate
1642 4886 1811 4941 isdem
1837 4888 1917 4941 vir
1942 4899 2158 4941 sanctus

579 4986 731 5054 sequi
759 4983 905 5054 cepit
952 4982 1307 5037 Salvatorem.
1359 4980 1491 5035 Nam
1522 4980 1659 5035 sicut
1690 4980 1972 5051 Evangelia
2005 4994 2157 5034 saera

577 5086 839 5134 testantur
863 5095 875 5132 :
900 5077 1026 5133 dum
1048 5090 1203 5131 secus
1224 5090 1372 5131 mare
1394 5075 1673 5131 ambulans
1700 5076 1840 5130 hunc
1861 5084 1917 5129 et
1944 5074 2157 5130 Petrum

649 5217 674 5243 “
714 5213 841 5282 Cap.
880 5212 983 5267 VI.
1013 5211 1168 5268 Vers.
1201 5211 1352 5270 9-18.

649 5282 677 5321 δ
720 5285 846 5353 Cap.
891 5282 1053 5346 XVI.
1103 5284 1230 5339 Pars
1262 5285 1427 5352 prima
1458 5283 1617 5352 hujus
1652 5282 1927 5353 Evangelii
1972 5292 2053 5337 est
2083 5298 2147 5338 ex

578 5351 807 5410 blattbrei
838 5370 947 5421 xvt,
974 5353 1079 5420 24;
1115 5370 1236 5423 pars
1262 5356 1425 5409 altera
1459 5351 1538 5407 ex
1560 5354 1714 5407 Luca:
1745 5369 1819 5415 ιχ,
1846 5351 1937 5406 25.

652 5438 674 5466 ο
717 5424 927 5495 Egeam.
981 5425 1035 5479 ln
1080 5426 1225 5480 Actis
1254 5425 1423 5480 sancti
1469 5424 1698 5477 Andrea:
1731 5424 1925 5489 .Egeas
1954 5423 2148 5479 dicitur

578 5498 883 5568 proconsul,
922 5511 1025 5568 nec
1065 5497 1243 5551 obstat
1283 5495 1425 5564 quod
1478 5510 1669 5568 nomen
1704 5495 1997 5547 Romanum
2043 5512 2145 5549 non

574 5564 661 5624 sit.
711 5566 935 5623 Romani
974 5568 1115 5622 enim
1172 5581 1549 5631 nonnunquam
1594 5564 1780 5617 Gr.cca
1828 5567 2146 5633 cognomina

574 5641 860 5697 habebant.
893 5637 948 5691 In
980 5639 1177 5707 hymno
1209 5636 1455 5707 Beate-tle
1486 5645 1671 5688 saneto
1703 5636 1912 5689 Andrea
1949 5636 2147 5706 (Egens

573 5712 766 5765 dicitur
788 5711 893 5763 dux
916 5704 1153 5768 Adaeus.
1171 5707 1307 5775 quod
1324 5708 1404 5764 .iis
1429 5704 1567 5758 favet
1588 5707 1672 5777 qui
1703 5708 2007 5775 opinantur,
2026 5704 2148 5760 sau-

573 5795 713 5837 ctum
744 5782 1007 5835 Andream
1041 5791 1252 5847 passum
1283 5791 1403 5830 esse
1433 5787 1709 5845 postquam
1742 5777 1880 5831 Nero
1921 5780 2147 5833 Achaeos

575 5853 803 5909 libertati
834 5850 1173 5912 restituerat;
1208 5848 1242 5902 ii
1269 5847 1488 5915 Aigeam
1519 5848 1667 5901 aiunt
1689 5850 1850 5913 fuisse
1878 5848 2147 5918 honunem

574 5922 823 5982 Graecum
846 5920 1165 5979 Achaeorum
1215 5921 1606 5991 magistratum.
1651 5918 1707 5977 lu
1739 5918 1921 5978 libello
1950 5919 2019 5977 de
2061 5919 2149 5977 Vi-

2269 3404 2568 3460 eternitatis
2597 3414 2686 3461 tue
2734 3421 2955 3464 munera
2979 3408 3285 3462 sortiamur.

2342 3494 2539 3551 Chorus
2560 3510 2697 3568 resp.
2729 3499 2922 3555 Amen.

2340 3586 2467 3641 Post
2496 3590 2727 3644 nomina.
2763 3588 2960 3645 Oratio.
2983 3589 3302 3646 Nominibus
3361 3592 3679 3649 Sanctorum
3713 3593 3855 3650 Mar-

2270 3690 2448 3751 tyrum
2480 3679 2924 3751 otierentiumque
2955 3680 3190 3737 fidelium
3217 3700 3230 3737 :
3266 3692 3426 3753 atque
3448 3698 3635 3739 eorum
3665 3685 3762 3754 qui
3792 3685 3857 3740 ab

2269 3769 2373 3827 hoc
2396 3770 2580 3826 seculo
2610 3771 2936 3826 transierunt
2969 3790 2982 3824 :
3012 3786 3040 3824 a
3060 3772 3320 3827 Ministris
3344 3773 3452 3843 jam
3473 3772 3610 3827 sacri
3637 3773 3863 3829 Ordinis

2268 3863 2547 3919 recensitis
2574 3880 2587 3919 :
2614 3874 2664 3919 te
2696 3864 2975 3945 Dominum
3000 3863 3166 3920 Deum
3190 3875 3430 3921 nostrum
3460 3880 3555 3936 per
3588 3864 3860 3922 interces-

2265 3974 2387 4017 sum
2413 3960 2585 4017 sancti
2610 3960 2683 4015 tui
2717 3961 2926 4017 Andree
2976 3961 3204 4031 apostoli
3232 3970 3287 4016 et
3318 3959 3569 4031 martyris
3598 3958 3860 4029 depreca-

2264 4070 2405 4110 mur.
2439 4054 2505 4110 Ut
2525 4063 2580 4110 et
2608 4064 2897 4125 martyrum
2933 4053 3230 4123 patrocinia
3251 4053 3408 4107 nobis
3435 4067 3651 4122 semper
3677 4051 3859 4121 epitu-

2264 4146 2448 4201 lentur
2481 4163 2495 4201 :
2521 4158 2576 4202 et
2603 4144 2939 4201 oflerentium
2970 4145 3223 4215 obsequia
3252 4160 3282 4198 a
3312 4153 3364 4200 te
3392 4144 3693 4199 clementer
3718 4142 3859 4198 acci-

2263 4239 2477 4309 piantur
2509 4254 2523 4291 :
2553 4252 2617 4292 ac
2661 4235 3031 4290 defunctorum
3061 4236 3299 4291 fidelium
3355 4234 3634 4289 animabus
3689 4234 3859 4289 celes-

2264 4331 2394 4386 tiutn
2428 4328 2764 4399 receptacula
2797 4328 3133 4384 mansionum
3165 4342 3179 4381 :
3212 4337 3265 4384 et
3294 4325 3620 4397 sempiterna
3652 4325 3857 4395 quietis

2265 4424 2521 4479 tutamina
2547 4422 2875 4481 tribuantur.

2349 4516 2387 4584 ti
2410 4557 2422 4569 .
2452 4515 2641 4569 Amen.

2333 4609 2415 4664 Ad
2437 4626 2631 4681 pacem.
2670 4600 2993 4679 Redemptor
3035 4617 3217 4664 noster
3240 4615 3296 4662 et
3327 4606 3554 4662 Domine
3599 4604 3859 4673 Omnipo-

2266 4707 2383 4755 tens
2422 4700 2546 4755 .Iesu
2595 4700 2805 4756 Christe
2840 4718 2851 4754 :
2885 4700 2973 4770 qui
3019 4714 3115 4771 per
3154 4697 3467 4768 sanguinem
3510 4696 3685 4752 crucis
3750 4707 3857 4751 tua:

2260 4793 2438 4849 Omnia
2462 4794 2739 4862 paciﬁcare
2766 4779 3013 4865 dignatus
3040 4806 3098 4846 es
3126 4807 3141 4846 :
3174 4791 3291 4846 sive
3320 4805 3423 4860 que
3446 4794 3499 4845 in
3525 4788 3650 4843 celis
3680 4799 3815 4844 sunt
3840 4805 3856 4843 :

2264 4891 2378 4945 sive
2401 4905 2503 4960 que
2535 4889 2585 4944 in
2613 4891 2792 4945 terris.
2825 4890 2957 4943 Dum
2981 4886 3302 4943 discordiam
3331 4902 3435 4957 que
3457 4888 3595 4941 inter
3618 4886 3863 4955 Angelos

2260 4991 2314 5037 et
2343 4981 2583 5037 homines
2614 4997 2707 5051 per
2732 4982 2939 5049 culpam
2987 4980 3141 5050 primi
3166 4980 3400 5049 parentis
3426 4985 3709 5032 contracta
3739 4975 3863 5032 fueo

2262 5084 2346 5130 rat
2376 5092 2390 5130 :
2415 5091 2598 5132 verum
2629 5075 2901 5131 hominem
2954 5074 3275 5130 assumendo
3311 5087 3413 5128 :ac
3455 5087 3551 5142 pro
3599 5070 3862 5129 omnibus

2260 5214 2329 5269 tis
2354 5215 2757 5284 Apostolorum.
2781 5215 3017 5269 versioni
3050 5214 3251 5268 Graecae
3283 5212 3405 5268 libri
3454 5211 3624 5284 sancti
3658 5210 3863 5284 Hiero-

2258 5281 2500 5355 nymi—de
2528 5285 2665 5341 Viris
2696 5285 2990 5355 illustribus
3015 5287 3245 5345 adnexo.
3271 5284 3414 5336 eruci
3438 5282 3629 5355 afﬁxus
3651 5281 3860 5337 dicitur

2255 5350 2474 5411 sanctus
2507 5357 2747 5410 Andreas
2797 5359 2858 5408 α’)
2900 5354 3091 5426 Αἴθρα,
3124 5362 3215 5411 τοῦ
3251 5355 3505 5426 βασιλέως·
3546 5350 3858 5426 Ἐδεσηνῴν,

2254 5443 2372 5497 rege
2392 5426 2782 5490 Edessenorum,
2817 5436 2869 5479 et
2900 5427 2950 5479 in
2980 5424 3331 5480 translatione
3364 5425 3573 5489 Latina,
3600 5439 3632 5474 a
3660 5424 3859 5497 prurie-

2255 5496 2337 5549 διὸ
2365 5497 2759 5552 Edessenorum.
2814 5497 3061 5551 Fortasse
3092 5497 3212 5549 huic
3243 5496 3538 5548 narrationi
3570 5510 3731 5547 error
3760 5496 3860 5547 ali-

2255 5568 2373 5635 quis
2397 5571 2581 5622 subest
2598 5588 2607 5621 :
2625 5578 2834 5623 constat
2859 5579 3055 5633 tamen,
3077 5568 3220 5633 ipsos
3244 5566 3509 5631 Augustos
3532 5564 3850 5635 aliquando,

2257 5633 2477 5693 honoris
2526 5656 2727 5705 causa,
2779 5639 3013 5707 gessisse
3063 5638 3402 5705 tttagistratus
3455 5633 3859 5707 municipales;

2255 5712 2379 5777 quid
2409 5713 2599 5765 mirum
2633 5706 2797 5777 igitur
2820 5710 2862 5765 si
2897 5708 3108 5776 regulus
3134 5710 3221 5762 ille
3246 5706 3544 5773 susceperit
3572 5720 3857 5777 summum

2255 5774 2396 5848 apud
2443 5774 2675 5835 Achmos'
2719 5774 3111 5847 magistratum.
3160 5787 3218 5831 ut
3264 5777 3568 5832 adularetur
3621 5774 3860 5844 Neroni,

2254 5853 2345 5921 qui
2374 5854 2625 5909 Achaiam
2657 5852 2874 5908 liberam
2905 5866 3023 5907 esse
3050 5850 3301 5920 jusserat.

3885 1626 3894 1701 ι
