4040 6356
184 338 268 400 l6!
933 328 1233 398 ωιεςλιε
1272 328 1545 398 M'IXTUM
1584 336 1738 398 δερ.
1778 329 1942 396 REG.
1986 337 2046 395 Β.
2088 332 2362 398 ISIDORI.
2399 369 2471 384 —
2508 335 2688 402 PARS
2728 339 2769 400 Ι.
3350 343 3454 403 16!

184 452 486 514 moriendo:
514 466 614 524 per
650 450 832 509 crucis
877 458 968 508 tue
1024 444 1309 524 tr0plieum
1355 453 1628 510 resolvisti
1663 469 1678 508 :
1709 462 1764 510 et
1786 452 1845 517 Α
1866 450 1982 522 ipse
1996 466 2206 512 summe
2233 466 2550 527 provocaret
2577 477 2592 513 :
2616 458 2732 531 ipse
2758 455 3015 516 Dominus
3041 472 3105 517 ac
3126 456 3453 535 Redemptor

184 563 355 620 pacem
386 546 529 602 inter
556 545 793 602 celestes
851 552 1240 616 terrestresque
1264 553 1540 601 creaturas
1597 544 1769 602 factor
1868 556 2106 606 eteruus.

183 648 521 711 etreparator
540 637 787 695 omnium
829 652 845 692 :
877 645 1041 707 amue
1068 638 1391 709 Angelorum
1414 637 1661 693 conditor
1683 650 1769 693 re-
1954 663 1993 735 ἢ
2014 700 2031 720 θ
2062 665 2251 722 Amen.

184 734 418 793 formasti
442 752 458 788 :
480 736 593 807 28
618 732 853 788 acclines
882 741 937 788 te
961 745 1085 787 cum
1110 732 1259 789 omni
1308 731 1562 787 humilate
1600 731 1767 801 depo-

186 828 370 885 scimus
402 834 505 880 :ut
532 840 628 894 per
649 823 931 881 obtentum
962 824 1135 879 sancti
1166 821 1407 893 Apostoli
1436 831 1492 878 et
1517 823 1768 894 martyris

189 921 253 975 uti
276 918 492 975 Andree
514 932 704 989 pacem
731 926 879 973 tuam
914 933 929 971 :
958 930 1065 986 que
1090 925 1355 986 exuperat
1397 930 1610 972 omnem
1643 930 1769 972 sen-

189 1027 291 1068 sum
320 1027 429 1067 non
450 1010 628 1065 solum
655 1008 934 1066 hominum
962 1024 979 1062 :
1007 1007 1104 1062 sed
1134 1006 1296 1063 etiam
1319 1007 1558 1077 ipsorum
1582 1006 1766 1077 Ange-

191 1105 347 1161 lorum
374 1106 433 1159 ln
461 1102 665 1161 nostris
715 1101 969 1159 cordibus
995 1098 1345 1171 perhenniter
1372 1100 1612 1157 exultare
1632 1114 1768 1159 con-

189 1197 355 1254 cedas.

264 1309 300 1377 ῆ
320 1348 334 1363 .
370 1311 565 1364 Amen.

254 1398 463 1455 lutatio.
494 1400 727 1471 Dignum
777 1404 832 1453 et
854 1398 1059 1467 justum
1113 1402 1198 1451 est
1229 1412 1244 1450 :
1276 1408 1376 1451 nos
1433 1395 1527 1451 tibi
1570 1395 1771 1466 gratias

192 1506 334 1563 agere
358 1507 372 1544 :
400 1500 450 1546 te
471 1504 686 1559 semper
708 1488 1025 1543 benedicere
1052 1502 1068 1540 :
1092 1492 1252 1555 teque
1274 1484 1493 1540 laudare
1524 1502 1537 1538 :
1562 1499 1773 1542 summe

194 1594 239 1641 et
263 1586 597 1653 omnipotens
635 1581 777 1637 Deus
830 1579 1010 1636 Pater.
1039 1579 1087 1631 Α
1138 1593 1244 1647 quo
1292 1577 1483 1633 beatus
1528 1576 1774 1632 Andreas

194 1679 451 1751 apostolus
478 1673 831 1747 insuperabili
881 1671 1215 1744 protectioue
1244 1672 1480 1727 munitus
1506 1687 1521 1725 :
1550 1685 1776 1727 conver-

195 1780 301 1828 tens
322 1771 387 1826 ad
415 1769 575 1826 ﬁdem
602 1768 829 1839 populos
855 1766 1085 1837 gloriam
1138 1766 1313 1821 crucis
1342 1763 1542 1820 Christi
1587 1763 1769 1835 predi-

193 1864 322 1920 cavit
346 1864 642 1934 intrepidus
675 1882 689 1919 :
723 1871 778 1917 et
802 1862 984 1917 crucis
1036 1862 1400 1917 cruciamenta
1453 1875 1549 1930 pro
1594 1859 1770 1914 cruci-

194 1956 290 2013 ﬁx‘o
319 1957 543 2013 Domino
565 1954 802 2023 suscepit
844 1957 984 2009 lctus
1033 1961 1195 2023 atque
1248 1966 1491 2008 securus.
1527 1950 1770 2020 Dumque

194 2050 257 2105 de
285 2048 543 2119 passionis
565 2063 660 2103 sue
688 2045 1016 2102 cruciatibus
1040 2043 1300 2099 letaretur
1327 2059 1340 2096 :
1368 2043 1435 2097 de
1457 2052 1772 2111 persecuto-

196 2140 266 2196 ris
292 2141 369 2195 sui
393 2140 760 2196 tantummodo
788 2138 1003 2193 interitu
1030 2133 1353 2192 condolebat
1376 2151 1389 2185 :
1413 2131 1771 2201 eumdemque

196 2240 584 2303 pbrsecutorem
615 2250 628 2283 :
654 2240 712 2286 ut
735 2239 950 2287 eternas
1002 2241 1171 2296 penas
1222 2226 1525 2281 evaderet'l
1554 2232 1771 2280 exorta-

198 2326 309 2381 bat.
335 2326 436 2383 Sed
464 2325 603 2395 quod
629 2324 939 2394 plerumque
967 2321 1138 2392 magis
1193 2333 1257 2375 ac
1284 2320 1453 2391 magis
1481 2317 1769 2374 damnatio-

205 2419 295 2473 nis
324 2433 451 2488 petra
477 2423 908 2488 augmentaretur
938 2433 952 2467 ι
982 2429 1082 2484 quo
1110 2415 1351 2469 veritatis
1378 2413 1497 2485 ejus
1527 2412 1772 2483 predica-

211 2511 287 2585 tio
317 2525 413 2565 non
442 2520 662 2564 tacetur.
694 2506 846 2563 Unde
871 2505 1133 2575 apostolus
1176 2514 1230 2560 et
1269 2515 1474 2576 martyr
1514 2503 1770 2560 salutaria

202 2598 231 2639 δ
261 2602 641 2657 bonoramenta
672 2599 749 2653 illi
776 2613 881 2654 non
933 2598 1129 2653 tacuit:
1160 2606 1217 2653 et
1258 2598 1383 2651 lude
1410 2596 1771 2667 persecutoris

199 2692 439 2748 immanis
464 2691 651 2760 majori
674 2688 1003 2744 crudelitatis
1050 2686 1331 2744 atrocitate
1356 2689 1568 2743 seviens
1593 2687 1646 2742 in
1677 2704 1771 2744 ne-

199 2801 311 2842 cem
336 2785 556 2857 apostoli
580 2784 728 2855 quasi
755 2799 905 2840 more
936 2784 1180 2839 lrenetici
1214 2800 1227 2837 :
1253 2783 1319 2838 ad
1345 2784 1631 2841 vindictam
1656 2801 1770 2843 me-

200 2878 297 2934 dici
327 2877 651 2933 consulentis
677 2876 911 2932 exarsit:
933 2885 1093 2947 atque
1118 2876 1414 2933 antidotum
1443 2877 1605 2933 saluti
1651 2894 1771 2935 cou-

202 2988 369 3044 gruum
391 2972 535 3044 quod
566 2972 644 3027 illi
671 2972 912 3027 medicus
941 2970 1136 3026 obtulit
1167 2987 1180 3023 :
1209 2970 1359 3041 quasi
1390 2971 1551 3027 vitam
1575 2971 1769 3028 medici

204 3072 597 3133 perempturus:
634 3063 751 3132 ipse
801 3060 1016 3117 medico
1068 3060 1252 3116 furens
1296 3076 1421 3132 eger
1476 3061 1768 3118 bibendum

206 3158 349 3213 dedit.
367 3158 497 3212 Dum
515 3156 806 3227 patibulum
820 3155 1053 3225 gloriose
1065 3155 1235 3209 crucis
1258 3168 1273 3206 :
1295 3154 1435 3223 quod
1452 3155 1595 3210 omni
1615 3154 1769 3212 laude

208 3250 738 3321 predicansapostolus
748 3249 938 3305 extulit
954 3265 967 3301 :
983 3258 1287 3319 persecutor
1299 3247 1526 3303 crudelis
1537 3248 1766 3304 eundem

204 3347 473 3414 apostolum
505 3344 690 3400 subire
712 3345 978 3413 prcccpit.
1008 3341 1115 3399 Sed
1137 3342 1271 3397 letus
1299 3342 1643 3414 gaudensque
1666 3341 1768 3397 hoc

205 3438 418 3495 medicus
439 3439 669 3510 sumpsit
697 3456 711 3490 :
740 3436 883 3509 quod
917 3450 1039 3507 eger
1084 3435 1396 3491 insanabilis
1418 3449 1522 3491 non
1545 3434 1768 3490 creden-

206 3532 269 3588 do
294 3533 495 3602 abiecit.
528 3532 787 3589 Nesciens
834 3530 997 3587 miser
1024 3531 1147 3601 quia
1178 3531 1278 3585 hoc
1298 3530 1595 3585 antidotum
1643 3529 1769 3584 licet

206 3626 253 3679 in
280 3636 423 3695 gustu
462 3638 482 3665 ε
514 3640 701 3695 parum
752 3624 948 3679 sentiat
985 3637 1226 3677 amarum
1262 3638 1276 3675 :
1307 3621 1361 3677 in
1383 3621 1645 3676 suavitate
1686 3628 1767 3675 ta-

205 3734 313 3775 mcn
336 3720 482 3776 dulce
526 3729 608 3774 est
634 3733 699 3774 ac
725 3717 1039 3788 iocundum.
1072 3716 1206 3770 Dum
1255 3730 1349 3785 per
1375 3716 1474 3771 hoc
1522 3724 1577 3769 et
1620 3714 1765 3769 salus

203 3812 367 3865 habita
393 3810 738 3881 perhenniter
766 3808 1012 3864 habenda
1034 3817 1278 3863 servatur
1307 3823 1322 3862 :
1354 3815 1411 3863 et
1437 3806 1584 3862 salus
1603 3805 1765 3861 amis-

204 3920 259 3957 sa
284 3919 539 3974 nunquam
581 3905 787 3979 penitus
834 3902 1122 3959 amittenda
1169 3901 1443 3971 recipitur.
1480 3900 1581 3956 Per
1638 3914 1761 3955 eum

204 4011 354 4065 quem
385 4005 549 4050 tecum
575 4006 627 4051 et
653 4012 776 4050 cum
803 3995 1003 4050 Sancto
1030 3994 1230 4065 Spiritu
1260 4010 1425 4050 unum
1455 3993 1620 4048 Deum
1648 3993 1762 4048 col-

200 4088 407 4143 laudant
432 4089 614 4159 Angeli
641 4105 656 4141 :
686 4103 981 4159 omnesque
1004 4102 1234 4158 superne
1280 4087 1509 4143 virtutes
1531 4087 1648 4142 sine
1677 4086 1761 4142 iu-

203 4184 518 4240 terinissione
544 4186 615 4239 ita
645 4185 902 4239 dicentes.

260 4298 402 4356 Dicat
431 4300 653 4358 Chorus.
690 4298 940 4358 Sanctus.
973 4295 1219 4355 Sanctus.

258 4418 375 4475 Post
406 4420 654 4476 Sanctus.
690 4417 828 4472 Vere
851 4415 1081 4472 Sanctus
1112 4430 1127 4469 :
1160 4429 1287 4471 vere
1310 4413 1621 4470 benedictus
1651 4412 1758 4471 Re-
1781 4383 1834 4501 ,ίῖ

1940 778 2070 835 Post
2097 781 2282 852 pridie.
2314 781 2598 839 Credimus
2654 784 2855 854 pariter
2883 796 2938 841 et
2986 787 3214 844 fatemur
3243 802 3452 846 summe

1868 886 1931 926 ac
1954 872 2290 929 credulitatis
2321 874 2554 945 impulsu
2584 884 2761 932 tacere
2781 893 2886 933 non
2910 879 3139 934 sinimur
3169 900 3182 935 :
3215 880 3454 936 relicum

1870 964 2287 1035 Redemptorem
2315 982 2332 1021 :
2361 982 2518 1036 quem
2564 978 2806 1023 nostrum
2840 985 2935 1039 pro
2960 971 3116 1026 nobis
3168 972 3380 1029 miseris
3403 974 3456 1028 in

1870 1070 2030 1113 cruce
2062 1057 2225 1113 luisse
2255 1073 2599 1127 suspensum.
2632 1058 2987 1117 Descendisse
3014 1063 3174 1117 etiam
3204 1064 3255 1117 in
3289 1064 3458 1119 infer-
3488 1120 3489 1123 η

1873 1165 1997 1204 num
2027 1164 2043 1204 :
2078 1157 2136 1204 ut
2162 1165 2260 1205 nos
2287 1165 2575 1220 resurgens
2602 1151 2844 1207 elevares
2873 1153 2938 1207 ad
2961 1156 3124 1210 celos.
3153 1153 3460 1224 Reliquissc

1874 1243 2033 1298 etiam
2058 1244 2213 1299 nobis
2242 1245 2545 1314 exemplum
2571 1261 2587 1300 :
2620 1253 2678 1300 ut
2706 1254 2758 1301 te
2789 1256 3078 1317 sequentes
3131 1246 3414 1301 Dominum
3439 1263 3458 1301 :

1875 1335 2156 1403 passiones
2189 1334 2502 1390 tolleremus
2523 1335 2578 1390 in
2606 1335 2886 1391 mundum.
2917 1335 2943 1373 ά
2968 1351 3074 1406 quo
3094 1337 3307 1406 expleto
3337 1337 3463 1392 bea-

1875 1434 1961 1479 tus
1992 1425 2235 1481 Andreas
2258 1426 2551 1496 discipulus
2593 1436 2715 1483 tuus
2737 1443 2801 1483 ac
2851 1437 3054 1498 martyr
3081 1436 3135 1483 et
3188 1431 3462 1498 apostolus

1874 1513 2191 1571 informatus
2224 1534 2237 1569 :
2278 1526 2299 1553 ο
2324 1518 2501 1573 crucis
2529 1533 2627 1588 pro
2654 1528 2707 1575 te
2723 1518 3042 1589 supplicium
3071 1520 3259 1574 devota
3282 1529 3463 1576 mente

1877 1607 2129 1676 portavit.
2166 1607 2272 1664 Fac
2312 1624 2413 1664 nos
2442 1624 2737 1681 quesumus
2790 1612 3015 1667 Domine
3066 1612 3181 1681 ipso
3234 1613 3464 1669 interce-

1878 1699 2037 1757 dente
2066 1699 2168 1756 boc
2198 1702 2271 1756 tui
2305 1702 2553 1772 corporis
2602 1703 2985 1774 sanguinisque
3014 1705 3328 1774 mysterium
3352 1703 3464 1773 spi-

1799 1825 1851 1887 Β
1879 1792 2011 1848 ritus
2042 1794 2117 1848 tui
2144 1808 2266 1850 rore
2289 1794 2674 1851 sanctiﬁcatum
2701 1810 2716 1851 :
2747 1795 2815 1851 ad
2843 1805 3146 1854 nostrarum
3165 1796 3462 1854 remedium

1875 1903 2091 1945 sumere
2115 1889 2439 1944 animarum.

1958 2004 2033 2075 it).
2066 2003 2256 2060 Amen.

1943 2120 2025 2174 Ad
2056 2101 2349 2176 Orationem
2376 2120 2724 2176 Dominicam.

1947 2232 2148 2289 Oratio.
2176 2234 2319 2290 Deus
2338 2249 2368 2290 a
2397 2251 2505 2307 quo
2542 2234 2561 2274 τ
2593 2236 2784 2291 unicus
2807 2243 2930 2291 tuus
2952 2235 3003 2291 in
3033 2235 3175 2291 hunc
3204 2235 3462 2293 mundum

1872 2324 2074 2381 missus
2109 2343 2122 2380 :
2155 2341 2218 2381 ac
2263 2342 2358 2397 pro
2386 2327 2540 2382 nobis
2590 2327 2643 2381 in
2693 2341 2854 2383 cruce
2903 2340 3201 2397 su5pensus
3230 2345 3244 2381 :
3277 2336 3464 2383 nostre

1873 2420 2264 2490 redemptionis
2309 2420 2548 2491 precium
2601 2420 2748 2476 dedit
2800 2423 3114 2491 sanguinem
3168 2437 3320 2477 suum
3354 2437 3370 2476 :
3399 2428 3463 2477 ut

1872 2514 2203 2570 reconciliati
2230 2529 2326 2583 per
2346 2515 2463 2584 ejus
2484 2522 2715 2570 mortem
2744 2515 2975 2571 ﬁliorum
3003 2515 3144 2584 apud
3177 2526 3228 2573 te
3250 2531 3463 2587 prome-

1878 2627 2122 2667 reremur
2174 2611 2513 2681 adoptionem
2556 2627 2573 2666 :
2624 2610 2865 2681 ejusdem
2914 2612 3086 2666 nostri
3144 2612 3463 2669 mediatoris

1872 2705 2093 2762 obtentu
2115 2704 2269 2759 nobis
2293 2718 2393 2760 nec
2420 2703 2756 2760 merentibus
2786 2713 2811 2752 ε
2842 2703 3078 2760 tribuat:
3105 2711 3163 2758 ut
3191 2704 3464 2774 possimus

1876 2808 1928 2853 te
1960 2808 2168 2867 patrem
2194 2796 2517 2853 ﬁducialiter
2547 2795 2819 2867 appellare
2846 2813 2860 2850 :
2893 2805 2948 2851 et
2975 2796 3271 2851 orationem
3298 2810 3465 2866 quam

1873 2892 1989 2960 ipso
2010 2890 2238 2947 docente
2267 2890 2556 2946 didicimus
2585 2907 2602 2949 :
2637 2888 2705 2945 ad
2738 2898 2790 2946 te
2830 2905 2938 2947 non
2966 2889 3142 2945 solum
3193 2887 3415 2945 vocibus
3443 2902 3463 2942 :

1874 2984 1971 3041 sed
1999 2995 2054 3040 et
2083 2984 2288 3041 meritis
2308 2986 2640 3056 proclamare
2668 2986 2722 3041 in
2756 2983 2936 3041 terris.
2965 2982 3125 3039 Pater
3151 2990 3335 3039 noster
3359 2981 3458 3054 qui

1872 3091 1932 3133 es
1962 3072 2013 3133 in
2036 3077 2184 3133 celis.

1794 3189 1842 3251 C
1959 3192 1997 3259 ﬁl
2016 3230 2037 3253 .
2066 3193 2256 3249 Amen.

1942 3310 2260 3367 Benedictio.
2294 3310 2522 3368 Sanctus
2552 3308 2799 3366 Andreas
2847 3307 3121 3379 apostolus
3154 3324 3168 3362 :
3202 3307 3292 3380 qui
3355 3322 3458 3378 pro

1869 3404 2131 3461 crucilixo
2186 3404 2415 3460 Domino
2463 3418 2528 3459 ac
2582 3402 2946 3473 Redemptore
2999 3410 3185 3458 nostro
3217 3408 3341 3457 :est
3401 3401 3461 3456 in

1869 3512 2029 3554 cruce
2050 3511 2343 3568 suspensus
2370 3513 2386 3552 ε
2418 3512 2516 3567 pro
2547 3495 2703 3553 vobis
2733 3495 2835 3567 ipsi
2863 3494 3090 3553 Domino
3118 3495 3302 3566 gratiae
3327 3508 3458 3565 pro-

1866 3592 2023 3648 vidus
2050 3594 2244 3650 existat
2266 3606 2481 3662 semper
2510 3600 2785 3662 patronus.
2828 3590 2868 3659 ἡ
2889 3629 2903 3644 .
2934 3593 3127 3651 Amen.

1939 3708 2008 3764 Et
2026 3710 2097 3766 ob
2122 3709 2275 3780 cujus
2303 3708 2677 3765 celebrandam
2711 3709 3089 3765 solennitatem
3130 3701 3312 3764 alacer
3360 3714 3448 3763 est

1867 3800 2029 3856 hodie
2054 3813 2232 3857 vester
2254 3809 2551 3857 conventus
2581 3818 2595 3855 :
2620 3804 2691 3855 sit
2714 3816 2812 3871 pro
2842 3801 3077 3871 peccatis
3099 3800 3296 3855 vestris
3323 3808 3455 3855 ante

1868 3893 2037 3950 Deum
2062 3894 2385 3949 intercessor
2409 3892 2678 3948 assiduus.
2724 3893 2760 3948 ii
2781 3931 2796 3946 .
2820 3894 3014 3947 Amen.

1938 4010 2016 4062 Ac
2043 4017 2184 4062 srcut
2214 4007 2302 4061 hic
2328 4013 2549 4061 sanctus
2577 4004 2773 4059 virtute
2830 4003 2998 4059 fretus
3058 4003 3151 4059 Dei
3204 3980 3456 4059 ρι’υοὶίῖιὶ

1864 4116 1959 4172 per
2000 4103 2175 4155 crucis
2229 4098 2508 4154 victoriam
2555 4096 2827 4153 diabolum
2877 4098 2986 4169 29
3025 4096 3344 4167 superavit:
3378 4080 3489 4151 ita,

1861 4208 1960 4248 vos
1984 4208 2078 4262 per
2107 4190 2577 4248 mortiﬁcationem
2630 4190 2807 4245 crucis
2835 4202 3027 4245 cuncta
3075 4188 3204 4243 vitia
3232 4188 3454 4245 concul-

1861 4290 2015 4343 cetis.
2058 4286 2096 4356 ἡ
2119 4323 2135 4341 .
2164 4284 2355 4340 Amen.
2382 4282 2487 4341 Per
2507 4282 2930 4340 misericordiam
2960 4284 3127 4355 ipsius
3152 4292 3257 4339 etc.

1933 4400 2084 4455 Dicat
2114 4399 2292 4455 Presb.
2316 4398 2573 4456 Dominus
2602 4399 2670 4455 sit
2698 4412 2909 4469 semper
2931 4397 3226 4455 vobiscum.
3271 4397 3311 4468 ἡ
3331 4435 3347 4454 .
3379 4398 3459 4456 Et

198 4514 422 4584 demptor
448 4523 635 4568 noster
654 4520 710 4566 et
743 4510 994 4564 Dominus
1018 4508 1175 4564 Jesus
1192 4506 1455 4563 Christus.
1481 4507 1580 4576 Qui
1602 4523 1754 4561 ama-
1860 4515 1981 4556 cum
2022 4494 2232 4569 spiritu.

196 4621 297 4662 rum
324 4606 589 4677 passionis
647 4605 895 4674 poculum
945 4603 1065 4656 ideo
1095 4603 1246 4672 quasi
1302 4615 1461 4656 verus
1512 4600 1753 4657 medicus

195 4700 501 4769 prcgustavit
535 4716 549 4751 :
583 4707 639 4754 et
687 4706 744 4752 ut
804 4696 1091 4750 admissam
1137 4704 1319 4751 nostre
1357 4694 1544 4748 salutis
1598 4693 1753 4749 nobis

192 4794 380 4864 copiam
410 4800 675 4849 restauret
712 4807 726 4845 :
757 4799 813 4845 et
862 4803 957 4845 nos
986 4790 1053 4845 ad
1088 4787 1191 4847 hoc
1240 4788 1565 4864 sumendum
1607 4786 1756 4857 prior

1781 4560 1839 4625 Β

1931 4615 2082 4670 Dicat
2106 4611 2325 4671 Chorus.
2344 4608 2567 4667 Gustate
2594 4617 2649 4665 et
2676 4607 2871 4666 videte.
2897 4616 2953 4664 ut
2990 4624 3148 4682 supra
3186 4588 3241 4664 in
3275 4610 3454 4681 prima:

1862 4710 2044 4768 Missa.

1860 4992 1945 5054 cui
1976 4996 2112 5052 favet
2155 4997 2369 5048 sanctus
2416 4986 2604 5044 Petrus
2644 4986 3004 5059 Chrysiilogus
3035 4986 3240 5059 (Serm.
3278 4984 3432 5059 153),

1858 5084 1979 5124 cum
2027 5067 2139 5120 ait:
2170 5063 2353 5118 Petrus
2394 5076 2608 5129 namque
2652 5056 2877 5124 crucem,
2916 5056 3439 5129 'arbo‘rent‘Audrcaa

1857 5138 2106 5194 ascendit.
2141 5135 2282 5208 Crux
2311 5126 2755 5208 sanctiéndrem,
2787 5145 2943 5208 quam
2962 5129 3126 5208 apud
3135 5126 3441 5208 blassiljen-
3479 5130 3497 5204 ρ

1857 5224 1945 5267 ses
1975 5214 2026 5264 in
2057 5207 2254 5263 celebri
2282 5202 2453 5259 sancti
2487 5201 2719 5257 Victoris
2765 5199 3011 5256 coenobio
3042 5197 3172 5262 vidi,
3203 5212 3269 5253 cx
3299 5197 3437 5255 duo-

1857 5283 1956 5337 bus
1996 5281 2154 5350 lignis
2184 5275 2444 5350 dedolatis
2473 5280 2751 5350 compacta
2780 5279 2884 5334 est,
2909 5268 2977 5349 ad
3005 5269 3239 5350 angulos
3255 5278 3438 5350 rectos

1856 5340 2178 5418 conjunctis,
2227 5349 2361 5402 adeo
2412 5340 2655 5418 ut,__pro
2696 5343 2839 5418 _situs
2868 5340 3127 5418 varietate
3153 5340 3243 5418 vel
3297 5345 3438 5399 hanc

1859 5431 1918 5490 >14
1943 5411 2183 5494 liguram',
2216 5419 2301 5474 vel
2330 5418 2471 5473 illam
2493 5413 2543 5468 X
2563 5411 2902 5494 'ellleiat;_est
2937 5419 3121 5494 autem
3150 5411 3307 5494 Longa
3338 5428 3439 5494 pe-

1858 5481 1954 5552 des
1976 5481 2201 5551 circiter
2225 5502 2368 5554 octo,
2399 5497 2452 5543 et
2500 5486 2720 5539 totidem
2750 5483 2877 5554 lata,
2919 5481 2989 5538 de
3016 5497 3122 5553 quo
3149 5481 3438 5554 Sau'ssaius

1858 5550 2159 5636 (Martyrot.
2209 5550 2489 5636 Gallicam,
2533 5555 2643 5636 die“
2662 5554 2732 5608 '50
2754 5550 2920 5636 Nam;
2949 5550 3051 5609 lib.
3085 5554 3149 5609 de
3172 5555 3338 5626 gloria
3367 5552 3433 5610 S.

1855 5623 2093 5701 Ἁηίιτίιῖε,
2131 5655 2184 5705 p.
2213 5649 2270 5697 ll,
2306 5631 2505 5705 (ialm,
2532 5641 2577 5678 ο.
2609 5624 2668 5690 2,
2696 5634 2798 5705 art.
2817 5623 2903 5705 2)τ

1934 5709 1951 5747 ί
1977 5695 2188 5764 -Πηῖσὶιε
2219 5695 2355 5757 tuus.
2390 5698 2654 5768 Fortasse,
2681 5695 2865 5755 unicus
2883 5695 2933 5751 F
2934 5698 3057 5755 ilius
3078 5706 3215 5755 tuus.

1929 5792 1953 5829 ε
1999 5780 2227 5833 Tribuat.
2270 5775 2408 5842 Lege
2430 5769 2613 5827 tribue.

248 5006 271 5036 ι
306 4997 618 5053 Exortabat.
649 4993 789 5065 Lego
817 4992 1196 5047 exhortabatur.

245 5068 271 5106 δ
309 5064 796 5124 Honoramenta.'F
799 5074 934 5130 orte,
967 5064 1314 5117 hortamenta.

248 5148 268 5179 ε
309 5140 505 5193 Parum
533 5140 716 5193 sentiat
745 5153 1000 5199 amarunt,
1032 5138 1085 5188 in
1108 5136 1358 5189 suavitate
1387 5142 1573 5187 tamen.
1600 5130 1753 5187 Tolle

186 5226 348 5280 parum
378 5211 566 5265 sentiat
595 5225 852 5272 amarum,
878 5218 932 5262 et
962 5207 1089 5280 illud
1135 5208 1188 5259 in
1211 5206 1490 5280 suavitate,
1520 5214 1574 5259 et
1602 5203 1748 5275 lege:

187 5276 306 5355 Licet
330 5294 505 5355 gustu
525 5296 783 5355 natarum,
817 5277 1141 5355 pereuntibus
1186 5276 1333 5331 dulce
1362 5287 1529 5330 tamen
1559 5286 1651 5343 est,
1691 5290 1752 5329 ac

188 5351 451 5409 iucundum
480 5352 725 5406 ﬁdelibus
753 5351 977 5404 sanctis.

239 5426 264 5463 ἀ
305 5430 424 5495 Quo
452 5426 670 5495 expleto.
706 5421 847 5495 Lege
869 5437 972 5495 quo
989 5421 1237 5490 exempla.

241 5508 264 5536 ⁸
302 5488 671 5569 Crucisfﬁiliil
698 5488 1341 5569 niagislvulgatumquani
1369 5488 1509 5569 quod
1539 5498 1754 5569 sanctus

185 5570 408 5625 andreas
437 5568 615 5623 crucis
665 5561 987 5633 supplicium
1019 5563 1234 5617 obierit.
1278 5562 1351 5633 De
1382 5563 1545 5630 ligura
1579 5561 1753 5616 crucis

182 5646 251 5695 cui
282 5641 474 5695 afﬁxus
502 5648 587 5692 est
627 5631 900 5705 disputant
928 5633 1138 5705 Lipsius
1169 5632 1272 5705 (De
1297 5631 1497 5705 Cruce,‘
1521 5647 1636 5700 cap.
1655 5632 1751 5705 -η,

180 5714 402 5769 Joannes
427 5710 656 5765 Jacobus
684 5701 989 5763 Cliifﬂetius
1023 5704 1113 5769 (In
1144 5704 1370 5758 Historia
1403 5702 1620 5755 civitatis
1655 5701 1750 5755 Vi-

178 5787 406 5849 suntinaz,
451 5792 586 5853 part.
638 5796 677 5847 ι,
727 5777 876 5853 ad).
921 5776 977 5830 Si
1028 5776 1159 5830 ﬁdes
1206 5772 1747 5853 pseudo-Hippolyto,

179 5842 969 5913 sanctus'A'udreas’crucilixus
997 5856 1079 5905 est
1105 5842 1272 5901 rectus
1310 5846 1363 5899 in
1391 5842 1571 5900 arbore
1600 5842 1750 5914 olea;
