4040 6356
172 412 263 474 ros
909 400 1210 466 MISSALE
1254 400 1527 467 tttlt'rtttt
1569 402 1716 469 ssc.
1758 400 1920 469 nec.
1964 407 2020 467 ιι.
2065 406 2333 470 Istoom.
2364 392 2435 459 ’_'
2472 407 2652 468 rans
2688 406 2732 465 ι.

3344 406 3448 471 100

171 526 217 584 in
246 520 596 594 generatione
632 517 961 575 seculorum.
991 515 1094 585 Qui
1118 516 1279 571 edunt
1310 531 1395 573 me
1424 514 1597 572 adhuc
1635 533 1753 573 esu-
1786 521 1838 583 Α
1866 520 2055 578 Dicunt
2083 522 2151 577 ei.
2181 521 2376 577 Etiam.
2408 523 2496 578 Ait
2525 522 2649 577 illis.
2676 520 2804 578 ideo
2832 520 3012 577 omnis
3054 520 3230 578 scriba
3258 521 3448 579 doctus

172 620 296 674 ricnt
328 634 340 669 :
370 624 425 671 et
451 615 548 685 qui
582 612 765 669 bibunt
804 625 889 665 me
918 610 1093 665 adhuc
1120 610 1328 664 sitiunt.
1384 607 1484 676 Qui
1538 607 1758 665 audient

173 724 247 765 me
278 726 291 763 :
328 722 432 762 non
465 703 874 760 enniuiidentur
908 719 921 754 :
953 708 1004 756 et
1034 701 1122 770 qui
1170 707 1462 769 operantur
1512 699 1564 753 in
1614 716 1697 755 me
1740 716 1755 755 :

173 816 269 861 non
313 796 641 868 peccabunt.
689 793 792 862 ρει
837 790 1111 848 elueidant
1159 804 1247 847 me
1296 790 1459 845 vitam
1518 799 1756 846 eternam

176 892 532 965 possidebunt.

242 984 629 1130 gicaflzletgius.
666 1080 690 1110 ⁸
722 1070 1026 1126 Psallendo.
1068 1066 1203 1125 Audi
1237 1066 1341 1125 tilia
1365 1077 1419 1125 et
1444 1067 1562 1125 vide
1596 1068 1762 1139 :quia

180 1167 457 1239 concupivit
481 1175 580 1221 rex
611 1165 860 1220 decorem
895 1174 1065 1218 tuum.
1095 1160 1157 1215 Et
1189 1161 1303 1231 ipse
1334 1168 1414 1215 est
1451 1158 1589 1215 Deus
1614 1168 1757 1215 tuus.

196 1263 256 1332 γ.
288 1261 485 1329 Lingua
522 1268 613 1313 tua
644 1256 884 1313 calamus
924 1254 1100 1310 scribe
1142 1253 1395 1307 velociter
1437 1252 1757 1307 scribentis;

182 1352 347 1408 diliusa
376 1360 452 1406 est
481 1349 652 1420 gratia
678 1347 735 1400 in
754 1346 907 1402 labiis
929 1348 1029 1400 tuis
1061 1355 1339 1415 propterea
1396 1342 1672 1398 benedixit
1711 1352 1760 1399 te

185 1446 309 1499 Deus
336 1444 385 1496 in
413 1451 682 1498 eternum.
726 1438 885 1492 P.-Et
918 1440 1032 1507 ipse
1062 1446 1143 1491 est
1172 1434 1312 1490 Deus
1336 1444 1472 1489 tuus.

246 1536 384 1590 Dicat
415 1532 601 1589 Presb.
634 1532 915 1588 Silentium
949 1532 1127 1586 facite.

188 1648 444 1720 Sequentia
477 1646 705 1717 Epistole
731 1641 888 1698 Pauli
912 1643 1144 1786 Αἶῗὶοἰί
1172 1642 1240 1695 ad
1269 1640 1559 1698 Corintltios
1590 1641 1639 1714 (ι’
1671 1640 1757 1709 II,

820 1731 942 1785 cap.
1072 1751 1088 1768 .

820 1731 942 1785 cap.
974 1731 1020 1768 Α
1045 1731 1088 1785 ι.

262 1812 299 1880 ἡ
319 1852 331 1866 .
372 1812 483 1867 Deo
508 1810 721 1882 gratias.

250 1900 573 1958 Charissimi.
606 1901 704 1967 Qui
736 1898 991 1971 gloriatur
1038 1914 1051 1951 :

192 2007 288 2049 non
317 1993 460 2050 enim
484 1993 569 2061 qui
589 1990 822 2064 seipsum
846 1988 1192 2045 commendat
1219 2007 1230 2043 :
1254 1989 1343 2045 ille
1369 1989 1622 2058 probatus
1654 1989 1721 2041 sit
1747 2005 1758 2039 :

190 2088 275 2143 sed
321 2086 478 2157 quem
525 2086 659 2142 Deus
688 2080 1069 2141 commendat.
1113 2096 1133 2123 ε
1172 2079 1383 2138 Utinam
1428 2078 1766 2138 sustineretis

198 2180 457 2234 modicum
482 2178 600 2248 quid
624 2174 925 2247 insipientia
953 2190 1105 2232 mee:
1127 2174 1221 2232 sed
1250 2184 1303 2232 et
1330 2183 1636 2246 supportatc
1659 2187 1761 2229 me.

196 2270 397 2323 emulor
420 2270 554 2323 enirn
579 2282 673 2323 vos
697 2268 789 2323 Dei
812 2265 1161 2325 emulatione.
1189 2266 1456 2337 Despondi
1488 2268 1630 2322 enim
1670 2278 1765 2320 vos

197 2362 285 2413 uni
314 2358 468 2413 viro:
497 2360 742 2428 virginem
763 2365 962 2413 castam
993 2354 1252 2413 exhibere
1296 2352 1533 2412 Christo.
1576 2354 1765 2410 Timeo

205 2460 382 2504 autem
404 2464 472 2504 ne
496 2453 623 2505 sicut
651 2460 869 2519 serpens
897 2448 1058 2504 Evam
1087 2446 1301 2515 seduxit
1346 2449 1546 2503 astutia
1599 2460 1692 2503 sua
1747 2464 1761 2503 :

209 2542 282 2597 ita
310 2553 707 2614 corrumpantur
728 2557 916 2599 sensus
942 2542 1095 2598 vestri
1121 2552 1179 2597 ut
1205 2542 1455 2598 excidant
1482 2558 1509 2595 a
1552 2540 1755 2611 simpli-

202 2636 362 2691 citate
380 2644 434 2690 et
459 2636 708 2691 charitate
734 2648 838 2706 que
864 2642 942 2690 est
970 2634 1023 2689 in
1051 2633 1287 2690 Christo.
1320 2630 1449 2688 Nam
1492 2632 1535 2687 si
1585 2631 1630 2687 is
1672 2630 1763 2701 qui

203 2729 340 2783 venit
377 2726 534 2782 alium
560 2727 823 2782 Christum
874 2726 1109 2796 predicat
1136 2740 1294 2797 quem
1339 2741 1441 2779 non
1497 2722 1762 2794 predicavi

200 2818 336 2873 vobis
364 2834 379 2872 :
409 2826 500 2872 aut
525 2818 683 2873 alium
708 2816 951 2887 spiritum
993 2817 1237 2886 accipitis
1273 2830 1428 2887 quem
1473 2831 1576 2871 non
1608 2829 1759 2871 acce-

200 2910 334 2979 pistis
361 2924 378 2967 :
407 2921 497 2964 aut
523 2910 660 2965 aliud
685 2907 1020 2980 evangelium
1048 2909 1189 2976 quod
1230 2907 1505 2977 recepistis
1550 2923 1564 2961 :
1617 2917 1764 2963 recte

202 3003 511 3070 paterentini.
544 3010 600 3059 et
619 3003 821 3058 extimo
851 3004 994 3058 enim
1025 3001 1157 3057 nihil
1187 3017 1271 3056 me
1296 3000 1472 3057 minus
1496 3000 1688 3056 fecisse
1710 3002 1761 3056 in

203 3095 336 3150 rubis
368 3109 397 3148 a
428 3095 630 3166 magnis
660 3094 961 3165 Apostalis.
1000 3094 1066 3148 Et
1093 3094 1137 3148 si
1166 3093 1443 3163 imperitus
1484 3107 1600 3147 sum
1649 3107 1764 3146 ser-

206 3201 337 3241 mone
367 3201 381 3238 :
411 3184 504 3241 sed
529 3200 635 3242 non
664 3186 910 3241 scientia.
943 3185 1001 3240 ln
1028 3184 1279 3240 omnibus
1309 3193 1483 3238 autem
1538 3182 1763 3238 manife-

210 3286 423 3331 stsssam
456 3278 611 3332 vobis
643 3294 657 3332 :
691 3275 718 3314 ἀ
750 3290 848 3346 per
876 3274 1031 3332 ﬁdem
1055 3291 1158 3346 que
1187 3284 1268 3332 est
1299 3275 1350 3331 in
1383 3275 1595 3331 Christo
1633 3274 1759 3331 .lesu
1788 3279 1833 3343 ο

208 3366 397 3424 Domino
425 3378 629 3425 nostro.

274 3462 307 3530 ἢ
325 3503 337 3517 .
361 3464 545 3519 Amen.

212 3550 353 3608 Lectio
380 3556 558 3611 Sancti
590 3554 857 3627 Evangelii
860 3552 1165 3694 ἱῇιῖιςίυηι
1199 3552 1500 3608 Matt/neum
1531 3552 1549 3623 (
1580 3556 1603 3585 °
1633 3550 1762 3621 Cap.

265 3715 345 3771 illo
364 3718 412 3773 in
434 3728 675 3788 tempore
699 3716 831 3773 dixit
854 3716 1112 3772 Dominus
1132 3715 1282 3772 Jcsus
1306 3714 1581 3785 discipulis
1614 3716 1724 3770 suis
1744 3730 1763 3769 :

208 3811 479 3876 parabolam
535 3813 695 3867 hanc.
743 3812 928 3868 S‘niile
969 3820 1052 3865 est
1092 3812 1199 3882 30
1246 3811 1481 3879 ltegnum
1523 3811 1763 3865 celorum

206 3906 437 3956 thesauro
454 3904 762 3959 abscondito
786 3904 837 3957 in
860 3918 986 3973 agro
1014 3921 1024 3955 :
1053 3918 1209 3973 quem
1235 3904 1319 3968 qui
1348 3901 1721 3958 invenithumo
1747 3919 1761 3960 :

218 3991 478 4047 abscondit
506 4010 519 4046 :
552 4003 602 4048 et
631 4012 722 4063 pre
753 3995 946 4064 gaudio
969 3994 1109 4048 illius
1140 3994 1277 4046 vadit
1312 4009 1325 4045 :
1356 4000 1413 4047 et
1450 3993 1623 4046 vendit
1651 3994 1763 4048 uni-

203 4096 341 4137 versa
370 4099 467 4152 que
492 4086 651 4139 habet
686 4102 703 4137 ι
732 4095 787 4139 et
811 4086 942 4139 emit
968 4100 1156 4154 agrum
1176 4084 1345 4139 illum.
1373 4084 1567 4139 lteram
1586 4084 1764 4141 simile

206 4182 273 4226 est
312 4190 525 4245 regnum
579 4177 819 4231 celerum
873 4176 1072 4230 homini
1121 4176 1436 4245 negotiatori
1472 4192 1484 4229 :
1518 4179 1762 4246 querenti

206 4264 343 4322 bonas
364 4268 705 4340 margaritas.
745 4270 956 4323 inventa
984 4277 1158 4323 autem
1204 4284 1301 4321 una
1352 4268 1589 4339 preciosa
1621 4285 1763 4323 mar-

203 4361 343 4425 garita
369 4377 383 4415 :
412 4362 547 4419 abiit
578 4373 632 4416 et
669 4361 911 4416 vendidit
940 4360 1190 4414 universa
1237 4376 1354 4429 quae
1406 4362 1588 4415 habuit
1635 4379 1648 4416 :
1708 4371 1764 4417 et

203 4460 309 4507 cant
334 4470 469 4511 eam.
506 4455 709 4510 lterum
740 4454 917 4509 simile
946 4461 1029 4509 est
1048 4467 1270 4523 regnum
1299 4454 1534 4507 celerum
1564 4469 1760 4526 sagcne

204 4546 334 4601 misse
356 4548 404 4600 in
430 4562 587 4603 mare
620 4564 633 4601 :
664 4555 717 4601 et
746 4560 811 4601 ex
840 4544 985 4601 omni
1023 4559 1221 4616 genere
1272 4546 1493 4615 piscium
1532 4560 1755 4615 congre-

1862 619 1913 673 in
1944 632 2107 686 regno
2124 616 2361 670 celorum
2385 613 2576 669 similis
2602 623 2684 670 est
2711 612 3083 685 patrifamilias
3130 632 3144 668 :

1862 710 1964 765 fert
1994 710 2060 763 de
2089 706 2337 763 thesauro
2361 721 2458 763 suo
2488 721 2626 763 nova
2654 716 2709 763 et
2731 715 2934 764 vetera.

3191 615 3281 685 qui
3328 630 3453 687 pro-

1948 802 1984 857 li
2006 842 2019 855 .
2046 799 2236 855 Amen.

1948 819 1965 857 ι
2006 842 2019 855 .
2046 802 2236 855 Amen.

1936 802 2086 947 gicat
2120 892 2297 947 Presb.
2342 892 2597 947 Dominus
2617 892 2686 947 sit
2712 907 2928 963 semper
2950 893 3244 949 vobiscum.
3285 893 3325 963 ﬂ
3347 931 3361 948 .
3388 893 3454 949 Et

1861 1001 1982 1041 cum
2013 986 2197 1055 spiritu
2223 996 2332 1040 tuo.

1936 1077 2352 1133 CantetCIiorus.
2389 1073 2407 1114 ί
2444 1076 2649 1131 Lauda.
2677 1076 2924 1147 Alleluja.
2985 1078 3019 1147 Ῠ
3046 1116 3060 1133 .
3110 1078 3289 1134 Lauda
3346 1080 3452 1136 illia

1866 1169 2009 1240 Syon
2043 1171 2208 1223 Ietare
2233 1177 2286 1224 et
2315 1170 2489 1224 exulta
2523 1168 2628 1223 tilia
2684 1168 3037 1225 Hierusalem.
3088 1167 3153 1224 P.
3199 1170 3449 1243 Alleluja.

1939 1265 2091 1317 Dicat
2115 1262 2292 1317 Presb.
2321 1263 2594 1333 Adjttvate
2615 1278 2701 1318 me
2731 1262 2944 1318 fratres.

1938 1369 1961 1407 ες
1998 1359 2348 1427 Sacri/icium.
2373 1358 2522 1414 Sicut
2546 1358 2737 1413 cedrus
2764 1358 2995 1413 exaltata
3021 1366 3137 1415 Sum
3165 1362 3217 1415 in
3249 1360 3453 1417 Libano

1866 1461 1921 1508 et
1950 1452 2099 1522 quasi
2125 1448 2414 1520 cypressus
2454 1451 2507 1503 in
2557 1458 2738 1505 monte
2785 1450 2929 1521 Syon
2983 1467 2997 1505 :
3052 1452 3205 1522 quasi
3254 1451 3454 1508 mirrha

1866 1544 2032 1598 electa
2057 1525 2176 1596 dedi
2199 1542 2511 1597 suavitatem
2536 1541 2715 1595 odoris
2736 1540 2973 1611 alleluia.
3011 1542 3046 1611 γ
3072 1581 3085 1595 .
3111 1543 3258 1598 Sicut
3277 1551 3455 1600 stores

1865 1642 1919 1687 et
1947 1633 2207 1703 galbanus
2228 1641 2283 1687 et
2313 1632 2438 1686 onis
2471 1640 2524 1685 et
2545 1640 2693 1701 gutta
2727 1649 2741 1686 :
2768 1640 2823 1687 et
2850 1633 2999 1703 quasi
3031 1633 3263 1690 Libanus
3294 1634 3319 1672 δ
3348 1648 3455 1692 non

1867 1725 2117 1780 incensus
2148 1724 2398 1795 vaporaii
2443 1724 2827 1780 habitationem
2878 1740 3051 1782 meam
3098 1746 3113 1783 ε
3158 1741 3257 1799 ego
3306 1729 3454 1799 qttasi

1869 1817 2163 1873 terebintus
2192 1810 2421 1885 expendi
2452 1832 2629 1873 ramos
2662 1834 2677 1873 :
2708 1826 2762 1872 et
2803 1819 2933 1874 rami
2983 1818 3087 1874 mei
3130 1819 3349 1877 honoris
3404 1828 3459 1878 et

1098 1898 1152 1953 ίη
1199 1897 1423 1954 Domino
1450 1895 1709 1967 Βιοτίειυν
1741 1911 1754 1947 ε
1788 1914 1835 1973 Β
1867 1910 2049 1981 gratiae
2078 1927 2090 1961 :
2125 1924 2224 1978 ego
2244 1908 2397 1979 quasi
2418 1908 2542 1963 vitis
2562 1907 2875 1964 fructiﬁcavi
2898 1911 3214 1966 suavitatem
3233 1911 3454 1967 odoris:

1870 2005 1921 2059 in
1977 2019 2063 2058 me
2110 2017 2235 2074 spes
2277 2003 2455 2057 omnis
2496 2002 2606 2058 vite
2645 2014 2697 2057 et
2736 2003 2949 2060 virtutis
2982 2019 2996 2057 :
3028 2004 3248 2060 transite
3275 2004 3343 2059 ad
3373 2019 3459 2060 me

1868 2122 2055 2163 omnes
2074 2105 2164 2177 qui
2184 2103 2564 2173 concupiscitis
2591 2118 2678 2159 me
2705 2120 2721 2161 :
2751 2113 2804 2160 et
2829 2119 2858 2157 a
2876 2102 3307 2174 generationibus
3324 2103 3459 2159 meis

1867 2198 2264 2270 adimplemini;
2296 2198 2512 2268 spiritus
2541 2198 2686 2253 enim
2716 2211 2870 2253 meus
2889 2210 3053 2265 super
3108 2197 3211 2253 mel
3261 2196 3455 2252 dulcis.

1868 2289 1937 2344 P.
1955 2292 2115 2357 Quasi
2137 2289 2335 2345 mirrlia
2351 2290 2518 2345 electa
2537 2287 2658 2343 dedi
2680 2288 2996 2343 suavitatem
3014 2286 3197 2343 odoris
3221 2286 3455 2357 alleluia.

1940 2403 2122 2458 Missa.
2155 2404 2355 2457 Omnes
2400 2398 2487 2470 qui
2538 2400 2640 2456 sub
2694 2400 3117 2470 impugnantlum
3162 2399 3458 2455 certamine

1867 2499 2122 2554 viciurum
2156 2512 2170 2555 :
2206 2505 2297 2551 aut
2341 2494 2605 2551 vulnerati
2647 2492 2872 2563 turpiter
2904 2508 2919 2545 :
2949 2502 3039 2548 aut
3084 2491 3341 2563 perempti
3389 2491 3458 2549 de

1865 2592 2041 2646 carnis
2090 2587 2374 2660 fragilitate
2421 2586 2813 2657 conquerlmur'
2853 2598 2869 2640 :
2931 2584 2945 2621 ί
3008 2586 3205 2655 quique
3252 2583 3457 2655 ignavia

1864 2682 2065 2740 mentis
2090 2680 2438 2737 excusatione
2470 2690 2733 2749 eorporee
2757 2674 3135 2733 imbecillitatis
3163 2677 3457 2735 occulimus

1868 2775 2065 2832 fratres
2094 2773 2395 2830 charissimi
2420 2786 2436 2826 :
2463 2779 2517 2827 et
2547 2770 2879 2842 propositum
2908 2771 3228 2841 aspiciamus
3252 2768 3459 2830 Eulalie

1868 2866 2089 2937 virginis
2120 2881 2134 2921 :
2168 2873 2225 2921 et
2252 2864 2602 2935 triumphum.
2629 2862 2743 2930 Que
2773 2875 2869 2917 nec
2898 2860 3052 2917 sexui
3078 2861 3315 2932 subjecta
3358 2872 3459 2919 nec

1863 2958 2078 3029 corpori
2112 2975 2125 3013 :
2159 2958 2316 3014 virile
2342 2956 2740 3014 contemnendo
2779 2954 3082 3025 contagium
3116 2971 3131 3008 :
3160 2954 3220 3009 tit
3266 2950 3453 3013 virilis.

1864 3054 1919 3108 ιη
1952 3066 2052 3123 qua
2083 3066 2188 3108 non
2219 3051 2315 3106 fuit
2343 3049 2650 3120 corruptele
2686 3049 2859 3118 portio
2905 3064 2917 3100 :
2976 3056 3033 3101 ut
3084 3055 3227 3102 esset
3282 3048 3457 3119 gratie

1865 3144 2157 3215 plenitudo.
2223 3147 2238 3194 Ι
2310 3144 2477 3210 Quam
2529 3142 2895 3199 credulitatem
2945 3141 3051 3197 ﬁde
3109 3158 3124 3194 :
3181 3139 3457 3198 libidinem

1866 3238 2110 3294 castitate
2139 3238 2444 3291 vincentem
2471 3250 2485 3289 :
2511 3242 2567 3291 et
2610 3234 2818 3289 ornavit
2864 3232 3127 3305 virginem
3177 3230 3458 3291 admiratio

1870 3330 2127 3386 castitatis
2159 3346 2171 3381 :
2199 3336 2251 3384 et
2275 3329 2548 3383 coronavit
2573 3334 2873 3399 martyrem
2917 3322 3086 3398 gloria
3130 3324 3393 3396 passionis
3438 3336 3453 3382 ε

1869 3438 1972 3495 que
2020 3423 2145 3477 dum
2199 3422 2340 3477 vitiis
2384 3428 2645 3494 repugnat
2684 3430 2736 3477 et
2776 3419 2983 3493 gladiis.
3018 3420 3144 3478 dum
3174 3432 3225 3478 et
3256 3418 3455 3479 ferrum

1868 3518 2111 3586 spernit:
2144 3525 2197 3571 et
2226 3516 2445 3573 coitum.
2477 3523 2528 3571 et
2559 3513 2890 3571 credulitatis
2913 3528 3006 3571 sue
3029 3514 3236 3571 hostem
3274 3519 3459 3585 pertu-

1868 3608 2051 3663 lit:et
2073 3609 2250 3663 etatis.
2284 3607 2451 3679 llujus
2492 3623 2621 3679 ergo
2666 3609 2961 3663 intercessu
3015 3608 3455 3678 omnipotentiam

1869 3699 2060 3754 summi
2091 3701 2257 3769 patris
2302 3713 2515 3755 oremus
2546 3716 2561 3753 :
2592 3710 2648 3754 ut
2691 3700 2830 3755 sicut
2872 3701 2942 3755 ab
2983 3714 3052 3757 eo
3098 3700 3214 3769 ejus
3261 3699 3456 3758 invicta

1867 3792 2144 3862 virginitas
2167 3792 2329 3846 locari
2355 3792 2548 3846 meruit
2569 3791 2620 3845 in
2644 3792 2864 3862 regione
2885 3792 3121 3847 celorum
3152 3808 3167 3846 :
3199 3793 3269 3846 ita
3292 3790 3449 3847 nobis

1865 3897 2118 3939 concessa
2150 3882 2304 3938 venit
2334 3881 2653 3939 delictomm
2687 3900 2703 3938 :
2734 3883 3058 3938 concedatur
3078 3881 3227 3937 locus
3264 3882 3320 3937 in
3358 3896 3451 3937 re-

1863 3980 2022 4049 gione
2050 3976 2359 4032 viventium.

1955 4071 1990 4138 ti
2013 4104 2029 4122 .
2069 4072 2263 4124 Amen.

1938 4183 2053 4238 Alia
2080 4181 2282 4237 Oratio.
2317 4178 2533 4239 Letetttr
2568 4183 2623 4239 in
2655 4191 2705 4239 te
2747 4182 2970 4239 Domine
3015 4197 3197 4253 quasso
3238 4184 3456 4253 virgini-

1866 4288 1945 4335 tas
1979 4298 1991 4331 :
2025 4288 2081 4334 et
2112 4276 2139 4316 ιι
2164 4278 2285 4333 huic
2315 4280 2561 4349 proxima
2589 4277 2917 4349 congaudent
2945 4277 3293 4334 continentia.
3335 4277 3453 4334 Non

1862 4388 2049 4428 sexum
2072 4369 2630 4444 queruntlmjusmodi
2672 4370 2809 4427 bella
2855 4389 2869 4426 :
2913 4370 3005 4426 sed
3048 4371 3303 4425 animum.
3339 4372 3454 4427 Non

1862 4466 2132 4523 mucronis
2180 4463 2554 4521 conﬁdentiam
2612 4481 2626 4518 :
2679 4464 2771 4519 sed
2834 4460 3070 4533 pudoris.
3132 4461 3247 4517 Non
3290 4465 3453 4518 etiam

1862 4573 2121 4627 personas
2180 4558 2518 4613 discussuras
2570 4570 2587 4609 :
2643 4556 2737 4610 sed
2782 4568 2988 4609 causas.
3048 4555 3264 4624 impune
3309 4554 3453 4608 inter

202 4642 337 4703 gauli.
364 4640 537 4707 Quam
566 4652 689 4693 cum
722 4634 935 4706 impleta
958 4648 1101 4693 esset
1132 4655 1146 4691 :
1181 4640 1468 4703 educentes
1510 4648 1563 4692 et
1605 4654 1761 4694 secus

1873 4658 2099 4703 armatas
2131 4648 2480 4703 transitacies
2511 4648 2767 4702 innocens
2802 4642 3129 4701 conscientia
3164 4663 3176 4698 :
3213 4659 3313 4715 que
3364 4659 3455 4698 sua

204 4726 301 4783 litus
322 4733 576 4787 sedentes
613 4730 1122 4801 :elegeruntbonos
1149 4730 1199 4783 in
1228 4744 1348 4784 vasa
1385 4745 1479 4784 sua
1526 4747 1539 4782 :
1588 4732 1756 4785 malos

200 4828 343 4875 autem
363 4823 507 4879 foras
546 4822 829 4877 miserunt.
862 4821 951 4878 Sic
973 4820 1071 4876 erit
1105 4822 1156 4876 in
1188 4822 1649 4877 consunnnatione
1672 4836 1757 4878 se-

200 4908 297 4966 culi.
327 4914 563 4971 Exibunt
593 4914 778 4985 Angeli
810 4922 864 4969 et
895 4914 1217 4983 separabunt
1244 4916 1409 4969 malos
1438 4933 1450 4969 :
1483 4915 1549 4968 de
1580 4918 1758 4972 medio

196 5000 420 5069 iustorum
453 5027 468 5064 :
507 5018 566 5063 et
596 5009 813 5063 mittent
839 5021 933 5063 eos
962 5009 1014 5061 in
1044 5010 1315 5079 caminum
1348 5010 1499 5076 ignis.
1549 5010 1624 5064 lbi
1655 5013 1758 5066 erit

200 5096 324 5157 lienis
344 5113 395 5159 et
438 5104 650 5160 stridor
696 5104 960 5159 dentium.
1012 5104 1356 5159 intellexistis
1412 5104 1507 5160 hec
1540 5107 1759 5161 omnia?

220 5238 609 5321 fluitantia.
650 5243 755 5321 _l’s.
798 5254 943 5321 xyv,
994 5243 1079 5321 ιι,
1129 5240 1215 5295 li.
1284 5242 1356 5312 ὶ.
1410 5242 1566 5321 lbid.,
1612 5244 1668 5310 2,
1698 5240 1754 5301 5.

384 5327 567 5371 autem
616 5314 771 5369 aliter
819 5306 1249 5391 dispositasunt
1286 5306 1454 5385 "quam
1508 5306 1564 5370 in
1611 5306 1754 5371 textu

564 5457 715 5538 Yers.
746 5457 831 5521 i7,
864 5454 932 5537 ad
960 5454 1075 5538 cap.
1108 5469 1158 5538 χι
1190 5468 1326 5538 vers.
1360 5454 1414 5511 6.

254 5532 273 5595 ἦ
311 5525 536 5583 Utinam.
570 5528 785 5583 Initium
816 5527 1009 5595 capitis
1039 5526 1326 5582 undecimi.

252 5592 274 5671 ἦ
306 5595 401 5651 Per
427 5602 609 5669 ﬁdem.
659 5599 807 5665 Hinc,
842 5592 905 5666 et
942 5610 1071 5671 quia
1104 5604 1395 5671 supersunt
1441 5597 1595 5669 hujus
1626 5600 1749 5671 Epi-

198 5667 341 5742 stola_,_
367 5667 695 5742 ἱιιγσιιιῃιιιἱ
708 5668 1171 5742 Δ(ἱικυιεξιςδχιθὶειιιει
1195 5682 1302 5723 non
1335 5667 1601 5742 leguntur.

254 5744 276 5810 ξ
308 5740 430 5810 Cap.
462 5738 642 5796 XI".
681 5740 833 5796 Vers.
870 5738 1056 5810 44:52.

257 5804 273 5884 ξ
308 5804 501 5884 Wa.
532 5811 778 5884 Sophon.
811 5825 890 5879 in,
924 5809 1013 5884 ιι.

249 5882 275 5927 ⁸
310 5878 653 5955 Sacriﬁcium.
707 5880 791 5940 Ea
818 5878 1180 5941 Ecclesiastlci
1228 5894 1379 5955 xxiv,
1416 5883 1504 5952 17,
1535 5884 1621 5940 so.
1676 5886 1746 5955 ᾗ.

1866 4739 2317 4809 peravitcriinina
2352 4758 2363 4791 :
2397 4746 2616 4809 supcrat
2666 4748 2720 4794 et
2761 4737 3000 4793 metalla.
3050 4734 3234 4792 Facile
3282 4734 3455 4790 vincit

1861 4830 1998 4889 alios
2031 4850 2046 4886 :
2078 4833 2318 4903 quisquis
2347 4848 2407 4888 se
2429 4832 2635 4887 vicerit.
2669 4842 2722 4886 et
2750 4846 2872 4886 cum
2914 4830 3181 4886 laudabile
3228 4830 3297 4883 sit
3336 4826 3453 4881 viro

1863 4925 2057 4979 iecisse
2086 4926 2333 4979 virtutem
2364 4940 2379 4979 :
2413 4923 2632 4997 majoris
2664 4930 2841 4980 tamen
2866 4922 3118 4994 praeconii
3147 4928 3228 4974 est
3257 4917 3449 4973 iecisse

1861 5017 2119 5087 virginem
2150 5030 2262 5071 rem
2291 5015 2518 5071 virilem.
2563 5015 2901 5086 l‘r0plianum
2956 5027 3107 5069 sacra
3154 5007 3450 5079 ingreditur

1864 5110 2033 5179 puelli
2065 5109 2349 5164 concilium
2376 5126 2391 5163 :
2419 5118 2475 5164 et
2502 5110 2675 5165 solum
2718 5108 2885 5165 Deum
2912 5106 2965 5161 in
2992 5113 3208 5175 pectore
3234 5110 3453 5174 gestans

1864 5247 2023 5316 lbi_d.,
2055 5247 2243 5303 20-27.

1932 5314 1957 5355 δ
2004 5314 2126 5373 Non
2154 5322 2389 5374 incensus
2439 5314 2580 5388 Lege
2609 5335 2710 5373 non
2737 5316 2949 5388 incisus.

1938 5388 1953 5427 ί
2002 5391 2217 5460 Quique.
2250 5390 2427 5459 Lege:
2463 5385 2658 5459 Quique
2683 5387 2935 5460 ignaviam
2963 5385 3167 5460 mentis.

1933 5460 1947 5511 i
2001 5455 2168 5528 Quam
2196 5455 2552 5516 credulitatem
2575 5455 2707 5527 ﬁde.
2729 5459 2871 5523 Lege
2898 5455 3258 5512 crudelitatem
3285 5458 3412 5524 ﬁde.

1931 5530 1957 5568 ¹ί
2003 5532 2138 5586 Ιιιιίε
2178 5535 2435 5586 proxima.
2484 5537 2680 5583 Auctor
2711 5529 2776 5581 de
2807 5526 2956 5581 Bono
2987 5528 3276 5586 pudicitiae.
3312 5530 3412 5585 ints

1933 5537 1957 5568 κ
2003 5537 2138 5587 Huic
2178 5537 2435 5601 proxima.
2484 5537 2680 5583 Auctor
2711 5537 2776 5581 de
2807 5537 2956 5581 Bono
2987 5537 3276 5598 pudicitiae,
3312 5537 3451 5585 inter

1856 5618 2017 5672 Opera
2048 5606 2215 5658 sancti
2243 5601 2495 5669 Cypriani
2524 5616 2537 5653 :
2568 5599 2676 5653 Sed
2704 5600 2840 5672 enim
2871 5594 3118 5666 pudicitia
3147 5600 3451 5672 locumgpri-

1858 5670 1994 5728 nium
2035 5676 2090 5727 in
2130 5673 2406 5744 virginibus
2446 5676 2603 5744 tenet,
2631 5671 2918 5744 secundum
2967 5672 3025 5744 in
3052 5670 3445 5744 continentibus,

1859 5756 1921 5801 te:
1936 5747 2060 5800 tium
2093 5739 2531 5823 inurriatrintoniis,
2560 5754 2735 5797 verum
2762 5742 2816 5798 in
2838 5739 3071 5798 omnibus
3106 5741 3335 5812 gloriosa
3374 5743 3450 5794 αι

1857 5833 1973 5871 Cum
2006 5814 2255 5888 gradibus
2283 5814 2411 5869 suis.
