4040 6356
534 327 635 388 167

1279 329 1572 391 MISSALE
1610 325 1889 388 MIXTUM
1929 327 2081 389 SEC.
2124 324 2144 383 Ι

2251 327 2287 384 ι.
2328 328 2390 385 Β.
2434 322 2707 388 iSIDORl.
2740 360 2809 372 —
2847 326 3027 389 PARS
3065 332 3105 389 f.

3705 324 3807 393 mg
3854 366 3877 377 ..

536 440 705 502 infert
726 440 1033 503 violentiam
1057 447 1311 518 passioni.
1331 447 1442 503 Nec
1463 448 1613 503 deest
1636 447 1794 504 lictor
1817 458 1923 503 tam
1956 447 2123 517 impu-
2147 446 2197 507 Δ
2226 448 2468 504 rentibus
2494 450 2780 519 perhennis
2807 450 2977 519 gratie
3004 448 3207 504 lucrum
3243 465 3254 501 :
3288 457 3341 504 et
3370 446 3639 506 defunctis
3662 459 3806 508 eter-

541 541 680 597 dens
708 557 868 613 quam
896 541 1133 598 crudelis
1165 558 1177 593 :
1205 548 1229 576 °
1258 541 1348 610 qui
1379 554 1628 609 sponsam
1675 542 1694 610 (
1725 556 1912 596 secure
1966 540 2126 594 dixe-

538 634 687 703 rim)
739 635 935 690 Christi
969 652 983 689 :
1026 630 1392 687 fornicantium
1432 631 1744 687 verberibus
1794 631 2068 686 oculorum
2108 648 2122 686 :

538 725 804 797 supplicio
829 726 1140 781 libidinante
1162 730 1454 792 torqueret.
1488 721 1556 777 Ut
1579 737 1682 791 que
1707 737 1875 793 pcnas
1907 723 1957 776 in
1986 720 2129 775 adul.

539 817 681 869 terio
711 831 817 870 non
851 815 1027 869 luebat
1056 832 1069 865 :
1100 814 1285 867 saltem
1320 827 1482 882 penas
1512 812 1779 867 adulteras
1813 813 2125 868 sustineret.

538 902 749 960 Dudum
780 904 921 975 quod
965 904 1180 974 gravius
1232 902 1472 957 carnifex
1532 912 1682 970 put-at
1729 904 2125 972 expectantium

540 997 709 1052 oculis
737 1008 930 1065 corpus
955 996 1170 1063 exponit
1204 1012 1217 1047 :
1248 1004 1302 1049 et
1348 1010 1442 1063 per
1488 993 1816 1049 divaricatas
1863 998 2126 1049 viscerum

548 1099 729 1159 partes
761 1106 775 1143 :
808 1089 1007 1142 ictuum
1039 1087 1218 1141 sulcos
1241 1101 1431 1141 cursus
1462 1087 1565 1141 fusi
1590 1088 1865 1155 sanguinis
1905 1098 2121 1142 antece-

544 1181 639 1237 dit.
672 1179 839 1235 Periit
896 1187 1022 1233 tunc
1066 1180 1281 1233 tortoris
1332 1179 1496 1248 iniqui
1538 1186 1900 1235 commentum
1956 1195 1970 1233 :
2017 1179 2130 1234 sola

547 1276 823 1345 patiuntur
848 1280 1111 1326 tormenta
1143 1270 1447 1325 ludibrium.
1494 1269 1663 1325 Habet
1708 1270 1924 1341 quidem
1972 1271 2134 1341 virgi-

547 1382 671 1423 nem
701 1377 938 1422 nostram
972 1365 1186 1420 nuditas
1218 1382 1229 1417 2
1264 1362 1292 1401 δ
1323 1363 1415 1419 sed
1446 1363 1712 1433 pudicam.
1747 1362 1927 1419 Discat
1958 1378 2124 1434 ergo:

541 1459 965 1527 discatuterque
990 1471 1150 1512 sexus
1171 1470 1235 1511 ex
1267 1454 1505 1524 virgine:
1538 1469 1644 1509 non
1677 1456 2133 1525 pulchritudinem

539 1552 723 1607 Colere
752 1568 767 1604 :
792 1550 886 1606 sed
917 1549 1186 1604 virtutem.
1215 1546 1399 1601 Fidem
1440 1561 1621 1602 amare
1670 1565 1682 1599 :
1732 1564 1838 1602 non
1885 1548 2133 1603 formam.

548 1644 853 1701 Pla’citurus
870 1641 1096 1698 Domino
1120 1657 1135 1694 :
1155 1654 1259 1695 non
1282 1638 1491 1694 decoris
1512 1649 1824 1709 exspectare
1840 1640 2097 1709 judicium
2118 1656 2133 1695 :

543 1737 640 1794 sed
672 1735 913 1808 pudoris.
943 1734 1048 1790 Sed
1092 1732 1215 1801 quia
1252 1742 1400 1787 tuum
1440 1741 1525 1787 est
1565 1731 1671 1803 31
1717 1731 1930 1788 Christe
1971 1741 2137 1787 totum

545 1834 686 1904 quod
712 1834 813 1889 hec
842 1832 993 1902 virgo
1016 1830 1209 1885 vicerit
1238 1844 1253 1883 :
1284 1838 1431 1883 tuum
1482 1828 1627 1898 quod
1666 1828 1863 1883 meruit

545 1925 709 1982 etiam
737 1924 883 1995 quod
911 1922 1138 1993 peregit.
1169 1920 1279 1975 Nec
1306 1922 1449 1976 enim
1483 1921 1587 1975 tela
1608 1920 1917 1990 repellimus
1947 1922 2139 1977 adver-

545 2018 779 2072 santium
815 2033 829 2068 :
862 2012 963 2070 nisi
991 2022 1081 2068 tue
1126 2011 1419 2067 divinitatis
1461 2010 1722 2067 beneﬁcio
1769 2012 2132 2068 sublevemur.

544 2108 698 2165 Nunc
726 2116 900 2177 presta
923 2104 1081 2159 nobis
1101 2112 1157 2158 ut
1179 2101 1317 2158 sicut
1340 2102 1442 2159 hec
1468 2100 1776 2159 beatissima
1810 2112 2013 2175 martyr
2047 2113 2137 2159 tua

547 2202 834 2276 pugnando
858 2198 1133 2270 prmmium
1164 2198 1354 2267 adepta
1402 2204 1487 2253 est
1530 2197 1789 2253 castitatis
1845 2214 1861 2252 :
1916 2198 1990 2251 ita
2040 2212 2138 2254 nos

546 2296 955 2354 commissorum
987 2300 1290 2348 nostrorum
1319 2289 1387 2345 ad
1439 2300 1493 2345 te
1541 2288 1776 2346 dimissis
1827 2290 2087 2362 contagiis
2118 2307 2133 2344 :

549 2388 907 2459 adipiscamur
932 2385 1137 2456 premia
1166 2392 1252 2440 lue
1276 2382 1670 2453 promissionis.

636 2484 675 2550 ἢ
695 2520 711 2536 .
749 2481 946 2537 Amen.

629 2575 757 2630 Post
787 2574 1020 2629 nomina.
1062 2570 1287 2627 Domine
1316 2578 1502 2626 sancte
1550 2568 1708 2624 Pater
1736 2575 1923 2623 eterne
1963 2566 2139 2623 omni-

560 2677 752 2742 potens
780 2666 919 2722 Deus
952 2682 967 2720 :
998 2664 1053 2720 in
1078 2664 1230 2735 cujus
1252 2663 1471 2717 nomine
1499 2662 1655 2717 beate
1685 2659 1893 2715 Eulalie
1922 2659 2141 2730 virginis

559 2775 627 2817 ac
653 2757 902 2829 martyris
934 2765 1023 2813 tne
1050 2756 1291 2812 solennia
1319 2753 1657 2809 celebramus
1689 2768 1704 2806 :
1734 2766 1840 2822 que
1872 2760 1893 2788 ο
1922 2751 2049 2805 dum
2074 2750 2140 2805 ad

555 2850 948 2911 confessionem
978 2851 1264 2906 duceretur
1294 2864 1309 2903 :
1338 2862 1449 2903 non
1480 2846 1625 2900 illam
1658 2847 1845 2899 mortis
1875 2844 2033 2898 timor
2062 2843 2143 2897 in-

556 2945 879 3001 travit:,nec
921 2946 1101 2998 vultus
1155 2939 1323 3008 pallor
1372 2937 1600 2993 obsedit.
1667 2935 1784 2991 Non
1834 2936 1912 2990 ira
1956 2933 2144 2989 terruit

555 3038 933 3096 comminantis
966 3051 1113 3090 :non
1145 3033 1260 3089 dira
1302 3047 1446 3089 vox:
1476 3045 1581 3086 non
1625 3039 1847 3086 cruenta
1896 3043 2088 3083 manus
2124 3043 2138 3079 :

558 3145 665 3188 non
712 3129 872 3185 etiam
918 3124 1161 3181 turbidus
1205 3131 1455 3193 aspectus
1501 3136 1531 3174 a
1580 3119 1847 3190 proposita
1900 3116 2144 3189 passione

2228 554 2298 595 ne
2325 541 2657 610 pausationis
2682 543 2954 598 solatium.

2314 632 2387 700 ἡ.
2421 634 2627 688 Amen:

2300 726 2382 778 Ad
2438 743 2636 795 pacem.
2700 727 2838 783 Deus
2891 735 3075 783 eterne
3108 726 3302 798 :cujus
3353 727 3524 799 gratia
3572 735 3812 797 protecta

2229 815 2380 886 virgo
2409 815 2615 871 Eulalia
2648 817 2785 873 inter
2824 818 3065 873 ﬂammas
3110 834 3215 873 non
3264 818 3479 873 erubuit
3524 818 3811 873 confiteri:

2229 910 2372 980 quod
2402 925 2466 965 ex
2514 910 2726 965 flamma
2774 912 2847 966 ttti
2876 912 3075 967 amoris
3119 910 3334 966 haurire
3363 910 3676 979 promeruit.
3736 910 3814 965 Tu

2231 1017 2330 1057 nos
2359 1001 2475 1070 ejus
2510 1012 2726 1070 precatu
2758 1003 2895 1058 inter
2925 1002 3105 1057 mundi
3136 1002 3296 1072 hujus
3318 1002 3656 1055 flammarum
3688 1017 3816 1067 pro-

2233 1092 2436 1147 cellosa
2482 1093 2792 1148 discrimina
2843 1102 3061 1164 protege
3093 1110 3105 1146 :
3142 1102 3198 1148 et
3240 1102 3331 1147 tue
3360 1093 3504 1163 pacis
3533 1092 3818 1162 multiplici

2234 1184 2566 1241 incremento
2606 1186 2860 1254 adimple.
2916 1186 3032 1252 Quo
3061 1194 3115 1239 et
3147 1184 3232 1239 hic
3268 1184 3406 1239 bene
3446 1185 3730 1239 vivamus:
3762 1192 3820 1240 et

2232 1276 2299 1329 ad
2346 1286 2397 1330 te
2447 1277 2513 1331 de
2556 1277 2653 1332 hac
2693 1278 2799 1332 vita
2827 1278 3222 1333 remuneraturi
3271 1290 3459 1333 secura
3490 1277 3815 1333 conscientia

2235 1382 2607 1437 properemus.

2322 1462 2359 1531 ιῆ
2382 1502 2394 1515 .
2427 1462 2619 1518 Amen.

2310 1554 2461 1607 Dicat
2494 1554 2673 1608 Presb.
2702 1555 2834 1623 Quia
2858 1565 2911 1611 tu
2939 1570 2997 1611 es
3023 1572 3146 1612 vera
3172 1571 3273 1627 pax
3306 1567 3485 1614 nOStra
3512 1566 3618 1614 etc.

2310 1643 2524 1699 Inlatio.
2555 1645 2781 1716 Dignum
2806 1644 3079 1717 etjustum
3100 1657 3183 1702 est
3205 1649 3429 1704 Domine
3462 1652 3597 1705 Deus
3629 1668 3641 1702 :
3679 1645 3814 1725 dqui

2242 1748 2347 1791 tam
2400 1737 2714 1807 prudentem
2765 1740 3021 1809 virginem
3062 1740 3186 1795 fidei
3244 1742 3446 1796 sociata
3490 1742 3644 1809 apice
3700 1742 3815 1811 glo-

1921 1846 1935 1882 :
1988 1838 2135 1883 tuum
2166 1817 2216 1878 Β
2244 1830 2321 1885 rie
2362 1831 2691 1887 consecrasti
2720 1848 2735 1885 :
2768 1832 2863 1886 tibi
2919 1830 3116 1902 gratias
3160 1847 3339 1903 agere.
3407 1832 3475 1888 Ut
3517 1846 3614 1902 per
3662 1846 3815 1902 quem

2244 1923 2383 1975 facta
2429 1932 2512 1975 est
2557 1932 2732 1977 mater
2776 1922 2939 1977 Maria
2972 1923 3161 1978 :fieret
3202 1934 3406 1994 martyr
3445 1924 3652 1979 Eulalia
3685 1940 3701 1979 :
3732 1925 3817 1982 illa

2239 2015 2483 2085 pariendi
2527 2014 2719 2071 affectu
2765 2014 2893 2070 felix
2937 2019 3080 2071 :ista
3121 2016 3406 2073 moriendi.
3455 2015 3545 2071 illa
3593 2018 3817 2088 impleas

2239 2106 2621 2162 incarnationis
2652 2107 2886 2163 officium
2919 2128 2931 2161 :
2963 2110 3063 2164 ista
3094 2110 3309 2179 rapiens
3338 2111 3604 2179 passionis
3638 2126 3816 2166 essent-

2238 2200 2384 2272 plum
2416 2216 2428 2252 :
2465 2200 2554 2255 Illa
2578 2200 2806 2256 credidit
2835 2202 3025 2270 angelo
3060 2219 3072 2254 :
3101 2202 3200 2257 ista
3230 2201 3431 2257 resistit
3462 2203 3696 2258 inimico.
3727 2202 3817 2259 Illa

2239 2295 2409 2350 electa
2448 2310 2543 2365 per
2572 2310 2730 2365 quam
2756 2294 3006 2350 Christus
3035 2306 3350 2352 nasceretur
3375 2314 3390 2350 :
3415 2298 3517 2352 ista
3544 2306 3819 2367 assumpta

2239 2403 2335 2458 per
2364 2404 2521 2456 quam
2546 2388 2792 2442 diabolus
2822 2388 3147 2443 vinceretur.
3178 2388 3410 2459 Dignare
3439 2389 3645 2444 Eulalia
3677 2405 3820 2444 mar-

2241 2488 2327 2551 tyr
2370 2489 2424 2535 et
2466 2480 2614 2548 virgo
2668 2470 2926 2549 placitura
2977 2478 3206 2534 Domino
3247 2495 3343 2535 suo
3393 2497 3408 2533 :
3464 2496 3571 2550 que
3617 2480 3820 2550 Spiritu

2241 2572 2441 2627 Sancto
2466 2582 2777 2641 protegente
2809 2575 2835 2602 "
2860 2581 3044 2628 tenero
3066 2588 3197 2628 sexu
3223 2574 3416 2629 bellum
3438 2573 3574 2630 forte
3597 2576 3821 2630 sudave-

2242 2660 2309 2715 rit
2340 2676 2355 2713 :
2386 2668 2438 2715 et
2469 2660 2606 2713 ultra
2647 2660 2956 2728 Opinionem
3008 2661 3239 2716 humane
3289 2663 3502 2717 virtutis
3546 2663 3615 2719 ad
3667 2665 3823 2719 tolle-

2243 2754 2475 2809 rantiam
2510 2768 2768 2821 penarum
2808 2755 2924 2808 zelo
2962 2754 3038 2808 tui
3066 2755 3263 2809 amoris
3293 2769 3353 2811 se
3386 2756 3634 2811 obtulerit
3660 2774 3677 2812 :
3701 2771 3821 2812 cum

2245 2846 2297 2899 in
2350 2845 2532 2914 specie
2584 2845 2811 2913 preciosi
2859 2845 3125 2915 Unigeniti
3168 2848 3482 2917 sanguinem
3530 2863 3685 2903 suum
3725 2851 3823 2904 sub

2246 2939 2555 2993 testimonio
2600 2938 2739 2993 bone
2786 2937 3139 2993 confessionis
3183 2940 3433 2994 effuderit
3482 2958 3495 2993 :
3547 2950 3600 2995 et
3647 2941 3823 2995 incor-

2251 3041 2405 3100 rupta
2434 3027 2666 3083 ﬂammis
2693 3030 2896 3083 viscera
2927 3030 2979 3085 in
3009 3030 3230 3085 odorem
3269 3032 3574 3086 suavissimi
3606 3030 3821 3086 thimia-

2250 3122 2407 3179 matis
2426 3122 2744 3177 adoleverit.
2776 3118 2794 3158 τ
2822 3121 3061 3175 Vaditad
3082 3120 3311 3177 tribunal
3333 3122 3539 3176 cruenti
3562 3121 3788 3190 presidis
3806 3136 3825 3174 :

557 3186 844 3276 submovit.
899 3216 979 3271 Tu
1012 3215 1169 3269 nobis
1209 3186 1458 3283 martyris
1492 3186 1649 3281 hujus
1680 3186 2037 3280 gaudentibus
2076 3210 2145 3265 de
2172 3186 2219 3250 C
2250 3232 2353 3271 non
2396 3215 2622 3284 quesita.
2680 3213 2736 3266 in
2758 3228 2861 3283 qua
2895 3222 2999 3267 tam
3024 3214 3191 3267 solum
3233 3213 3331 3267 fuit
3360 3186 3574 3268 animus
3600 3215 3827 3268 inconti-

560 3310 835 3381 triumpho
868 3326 882 3362 :
914 3316 969 3362 et
1005 3306 1071 3361 ad
1110 3315 1161 3360 te
1207 3302 1559 3361 convertendi
1607 3302 1807 3357 aditum
1860 3304 2021 3372 prebe
2048 3321 2063 3359 :
2093 3315 2149 3361 et

566 3410 755 3460 sancte
775 3398 1202 3455 conversationis
1231 3394 1452 3450 tribuite
1474 3394 1808 3463 dignitatem.
1840 3393 2150 3451 Concedens

559 3511 659 3567 per
687 3495 828 3550 hanc
854 3492 1179 3549 oblationem
1212 3490 1306 3546 tibi
1351 3506 1381 3546 a
1429 3490 1584 3546 nobis
1621 3489 1854 3545 oblatam
1886 3507 1900 3544 :
1933 3500 1988 3547 et
2014 3492 2149 3548 olle.

636 3644 660 3672 α
706 3634 805 3703 Qui
830 3646 1094 3703 sponsam.
1154 3627 1209 3682 in
1238 3626 1384 3703 Actis
1414 3625 1551 3703 apud
1579 3625 2144 3703 Joannetnu'l‘amajtttn

564 3697 867 3764 beatissima
899 3702 1109 3756 Eulalia
1151 3698 1555 3754 sanctimonialis
1600 3698 1774 3767 puella
1815 3697 2042 3753 dicitur.
2087 3701 2144 3755 ln

565 3777 858 3837 Oratiouali
889 3773 1115 3830 Gothico
1144 3768 1342 3841 7(Pag._
1357 3768 1450 3841 20,
1481 3778 1609 3821 orat.
1635 3767 1699 3841 A5)
1724 3840 1729 3841 γ
1759 3779 1914 3821 orant
1943 3770 2147 3825 Cotho-

562 3849 784 3920 llispatti
818 3865 831 3920 ς
866 3845 1081 3920 Domine
1129 3838 1521 3920 lesu_'CIiriste,
1562 3838 1822 3919 cui-uirgo
1846 3846 1915 3919 ⁸ει
1954 3851 2148 3920 martyr

564 3910 773 3977 Eulalia
811 3915 1100 3986 integritate
1127 3914 1382 3984 jungitur,
1414 3919 1461 3962 et
1486 3911 1733 3979 sanguine
1752 3910 2147 3986 mammam

568 3993 658 4047 tibi
688 4003 734 4045 et
768 3982 1136 4044 cssrtitoutsu’
1156 3982 1347 4046 vovtr.
1389 3990 1435 4035 et
1460 3997 1551 4051 pro
1580 3992 1627 4052 te
1652 3982 1970 4052 sanguinem
1991 3983 2147 4049 fudit,

569 4073 757 4131 prmia
788 4058 995 4131 famulis
1021 4056 1141 4121 tuis,
1167 4062 1278 4131 _etc.
1325 4052 1555 4131 _Demum
1589 4051 1928 4112 Prudentius.
1961 4051 2149 4131 in_hy.-

567 4122 693 4189 iuno
719 4122 798 4185 de
820 4130 937 4198 ejus
964 4124 1218 4195 martyrio
1242 4123 1427 4198 eadem
1450 4122 1649 4198 _docet,
1683 4136 1802 4198 cum
1846 4135 1960 4198 non
1993 4124 2149 4198 uirgi-

568 4221 705 4271 nem,
739 4192 1062 4267 sed'aperte
1103 4192 1302 4271 sacram
1331 4192 1579 4271 virginem
1605 4193 1839 4261 appellat
1868 4192 2148 4250 Eulaliam.

638 4273 666 4313 ι’
692 4262 813 4329 ’δεά
843 4262 1100 4341 pudicam.
1136 4266 1279 4341 Lege
1300 4265 1387 4341 sed
1407 4262 1611 4341 pudica.

646 4359 667 4384 ε
710 4332 866 4397 Dum".
902 4342 1151 4396 Sanctam
1186 4332 1446 4389 Eni-aliam
1482 4332 1869 4388 Emeritensem
1901 4334 1953 4388 in
1986 4332 2151 4393 fundo

572 4413 889 4482 Porcejano,
921 4410 1029 4475 vel,
1064 4416 1121 4460 ut
1150 4406 1257 4482 alii_
1286 4407 1497 4482 legunt,_
1516 4402 2148 4482 Pgrcejano,__vigesitt_to,

572 4496 667 4540 aut
698 4474 974 4554 vigesimo
1000 4474 1214 4554 quarto,
1246 4475 1517 4554 lapide-ab
1536 4474 2001 4554 .Emerita‘di‘s‘sito
2028 4475 2151 4547 (Iti-

572 4532 1213 4611 iteramoil—ntomniedit.’
1246 4532 1566 4617 Wesselingi,
1616 4561 1735 4617 pag.
1778 4546 1932 4616 432),
1980 4532 2151 4602 laien-
2180 4532 2231 4592 D

573 4636 704 4693 tem,
728 4643 757 4679 a
788 4620 1242 4693 conquisitoribus
1264 4616 1551 4693 detectam,
1581 4616 1882 4693 etpublicu,
1902 4618 2149 4674 vehiculo

573 4687 1414 4768 impositam,'uLCalphurniano
1441 4687 1651 4768 prasidi
1686 4688 1991 4768 sisteretur,
2026 4704 2149 4768 per-_-

572 4759 785 4825 duétam
826 4759 945 4820 esse
977 4762 1266 4818 Emeritam
1314 4767 1576 4830 testantur
1602 4760 1731 4811 Acta
1762 4759 1877 4826 ejus
1904 4759 2151 4830 _tnartyrii

576 4841 717 4909 apud
749 4838 1019 4909 laudatum
1046 4833 1325 4909 :i‘atttajurn
1368 4828 1461 4898 (In
1492 4827 1859 4909 _Ma‘rtyrologio
1891 4827 2151 4909 Hispana)

575 4898 632 4967 ei
677 4912 730 4966 in
779 4907 1022 4978 antiquis
1044 4898 1328 4957 Breviariis
1371 4898 1522 4978 apud.
1557 4898 1899 4953 Franciseum
1953 4898 2154 4978 ffadrlla

574 4978 746 5047 (Hist.
773 4970 929 5033 Eccl:
949 4974 1196 5047 Ηὶεραῃη
1220 4980 1365 5047 cent.
1496 4970 1749 5047 Actorum
1782 4972 2153 5047 auctoritatem

575 5041 754 5105 firmat
787 5060 1001 5104 sanctus
1049 5041 1300 5113 Eulogius
1352 5042 1670 5113 (Memorial.
1716 5052 1901 5098 sanct..
1943 5041 2057 5113 lib.
2087 5042 2150 5110 ι),

578 5123 815 5189 quicum
857 5116 1150 5174 illustribus
1178 5112 1451 5189 exemplis
1484 5112 1757 5189 indigeret
1798 5114 1863 5167 ad
1904 5112 2152 5189 tuendam

578 5183 795 5249 causam
843 5198 1136 5259 mattyrum
1168 5183 1612 5259 CordubensiutnJ
1646 5183 1853 5259 lustutn
1888 5193 1941 5259 et
1971 5185 2155 5237 f’a~to-

574 5279 716 5328 rem,
741 5253 1000 5316 Eulaliaui
1028 5258 1468 5328 Barcinonettsetn
1499 5264 1554 5328 et
1578 5253 1813 5308 Babilatu
1843 5256 2153 5328 episcopum

578 5325 889 5403 compellat,
917 5330 984 5385 de
1010 5329 1208 5403 Eulalia
1241 5326 1558 5403 Emeritensi
1610 5332 1781 5388 tacet;
1825 5340 1981 5403 quam
2007 5325 2158 5403 illus-

584 5394 721 5459 treni
753 5394 1042 5472 martyrem
1078 5398 1521 5472 utique_siletttio
1566 5411 1670 5472 nonn
1704 5394 2155 5472 prmttrrmisisset,

581 5474 630 5530 si
649 5490 711 5529 ea
739 5465 931 5545 sponte
956 5486 1015 5526 se
1042 5465 1319 5525 tormentis
1351 5476 1405 5521 et
1431 5468 1586 5545 morti
1612 5465 1808 5545 Christi
1827 5480 1985 5520 causa
2004 5466 2158 5545 obje-

581 5536 1021 5612 cissetIEgregie
1067 5556 1280 5611 quoque
1326 5536 1639 5612 eorumdem
1690 5536 1946 5612 Actorum
1973 5541 2155 5612 _lidem

580 5608 1463 5671 corroborant'hliss'aleFnostrum
1512 5608 1610 5661 hac
1659 5608 1919 5669 oratione,
1973 5608 2157 5676 inqua

580 5695 817 5743 sanctam
850 5685 1111 5740 Eulaliam
1160 5683 1278 5735 dum
1319 5682 1385 5733 ad
1427 5679 1795 5749 confessionem
1840 5694 2155 5733 DUCERt-ZTL‘R

582 5768 808 5814 mortem
861 5771 967 5811 non
1018 5754 1258 5807 timuisse
1288 5751 1509 5819 legitur;
1548 5758 1602 5805 et
1629 5750 1934 5804 Orationale
1961 5750 2157 5802 Gothi-

580 5844 702 5889 cunt
730 5830 904 5903 (Orat.
934 5827 989 5895 5,
1022 5840 1140 5895 pag.
1172 5820 1262 5891 20)
1309 5822 1361 5875 in
1387 5835 1492 5893 quo
1532 5821 1721 5892 legitur
1748 5820 2017 5875 Christum
2050 5822 2153 5877 Do-

2252 3323 2384 3364 nens
2412 3309 2475 3361 ad
2501 3315 2768 3363 secretum
2807 3323 2820 3359 :
2854 3321 3011 3375 quam
3039 3306 3190 3361 locus
3209 3316 3521 3375 competens
3547 3305 3616 3359 ad
3639 3306 3826 3359 triumo

2252 3404 2439 3472 pltum.
2467 3401 2761 3455 Lucratura
2788 3414 3009 3469 regnum
3040 3418 3050 3451 :
3073 3408 3441 3468 contemptura
3468 3400 3784 3470 supplicium
3808 3415 3824 3451 :

2256 3496 2537 3549 inventura
2585 3493 2851 3563 quesituut
2887 3509 2901 3545 :
2934 3491 3111 3548 visura
3168 3491 3494 3548 confessum.
3548 3492 3665 3547 Non
3724 3504 3830 3547 tre-

2256 3632 2459 3686 minum
2502 3638 2740 3683 sanctam
2774 3627 3031 3682 Eulaliam
3064 3628 3133 3681 ita
3164 3629 3474 3695 impavidum
3504 3628 3829 3697 reddidisse,

2256 3714 2310 3755 ut
2334 3703 2727 3771 persecutionem
2755 3701 3071 3769 sequentium
3113 3701 3384 3769 impiorum
3414 3701 3832 3768 (conquisitores

2255 3770 2512 3843 intelligo)
2552 3789 2661 3843 Anon
2705 3786 2972 3835 roaener,
3005 3787 3093 3824 nec
3134 3786 3481 3827 DECLINARET.
3530 3771 3601 3823 Ea
3644 3781 3832 3827 autem

2255 3860 2371 3912 qua:
2404 3841 2508 3896 non
2542 3841 2675 3910 fugit
2722 3843 3084 3912 insequentes,
3115 3857 3235 3910 qua:
3262 3843 3471 3896 ducitur
3522 3843 3587 3893 ad
3612 3843 3833 3897 confes-

2257 3911 2481 3974 sionem,
2510 3913 2744 3981 profecto
2788 3926 2847 3966 se
2877 3911 2927 3964 in
2958 3913 3247 3978 perieulum
3296 3925 3485 3980 sponte
3518 3925 3623 3967 non
3654 3913 3832 3981 conji-

2256 3987 2347 4039 cit.
2397 3984 2546 4039 Adde
2591 3984 2732 4053 quod
2762 3982 3110 4053 Prudentius,
3142 3984 3230 4051 qui
3276 3998 3339 4036 ex
3370 3982 3576 4037 άυιὼυς
3611 3984 3833 4040 Eulaliis

2261 4070 2417 4109 unam
2451 4054 2595 4120 fecit,
2619 4069 2739 4108 cum
2765 4052 3128 4121 virgunculam
3161 4053 3433 4118 tenellam,
3467 4055 3638 4106 :etatis
3664 4055 3833 4109 ferme

2260 4127 2499 4194 puerilis,
2527 4126 2715 4179 laceris
2744 4125 2987 4193 pedibus,
3015 4134 3169 4179 nocte
3191 4126 3436 4188 obscura,
3462 4124 3625 4177 millia
3648 4129 3831 4191 multa,

2259 4196 2454 4268 viginti
2475 4205 2533 4249 ttt
2564 4195 2860 4258 minimum,
2893 4209 3163 4268 emensam
3195 4210 3317 4249 esse
3339 4194 3553 4268 scribit,
3600 4210 3715 4249 rem
3749 4196 3835 4249 in-

2258 4264 2567 4323 crédibifem
2614 4275 2796 4319 narrat
2840 4281 2853 4317 :
2900 4264 3047 4318 addit
3096 4265 3184 4319 ille
3230 4264 3462 4334 quidem,
3489 4266 3609 4333 jure
3651 4275 3837 4333 poeta-

2261 4353 2403 4402 rum,
2455 4337 2671 4407 angelos
2719 4337 2960 4400 comites,
3011 4335 3105 4390 sed
3158 4335 3255 4389 hos
3288 4337 3544 4389 ltulaliatn
3592 4346 3837 4404 portasse

2262 4424 2367 4463 non
2397 4411 2491 4475 ait,
2519 4409 2656 4473 quod
2688 4416 2860 4459 tamen
2892 4419 3111 4461 necesse
3137 4416 3272 4470 erat,
3306 4420 3362 4461 ut
3404 4409 3506 4460 iter
3535 4418 3639 4460 tam
3670 4408 3837 4475 proli-

2257 4495 2383 4533 xum
2414 4480 2640 4551 perlocu
2670 4487 2810 4530 senta
2836 4476 2935 4529 situ
2959 4486 3005 4530 et
3025 4476 3256 4551 vepribus
3284 4486 3571 4551 noctenna
3603 4481 3839 4551 contice-

2258 4560 2357 4603 ret.
2394 4547 2524 4603 Illud
2552 4549 2707 4601 etiam
2744 4563 2846 4599 non
2882 4547 3418 4616 prmtennittendum,
3455 4548 3707 4602 Ecclesia:
3755 4549 3837 4602 le-

2254 4621 2409 4690 gibus
2447 4622 2667 4673 vetitum
2708 4619 2869 4672 fuisse
2913 4633 2978 4689 ne
3005 4619 3124 4687 quis
3158 4633 3216 4673 se
3246 4616 3434 4688 spoitte
3467 4619 3841 4690 persequenti-

2255 4689 2355 4745 bus
2382 4691 2663 4760 objiceret.
2716 4690 2822 4743 Nec
2853 4690 3008 4743 aliter
3032 4704 3193 4758 quam
3222 4689 3564 4760 specialiDei
3600 4689 3840 4757 impulsu

2258 4759 2543 4816 excusatur
2574 4763 2767 4815 factum
2812 4760 3035 4814 Eulalia
3077 4759 3494 4816 Barcinonensis
3525 4768 3579 4813 et
3606 4761 3841 4817 aliorum

2258 4834 2631 4901 quorumdam,
2659 4831 2749 4901 qui
2780 4839 2968 4885 contra
3010 4832 3148 4885 hanc
3196 4831 3367 4901 legem
3417 4831 3841 4886 ecclesiasticam

2259 4906 2517 4958 iecerunt.

2328 4974 2352 5011 ά
2395 4977 2489 5037 Qui
2539 4986 2663 5029 tam.
2708 4972 2853 5034 liae.
2905 4985 3073 5041 usque
3120 4971 3187 5026 ad
3236 4971 3321 5026 illa
3367 4970 3557 5036 verba,
3618 4968 3844 5041 dignare

2261 5042 2471 5098 Eulalia
2499 5058 2712 5116 martyr,
2742 5042 3214 5116 verbatimeadem
3246 5042 3507 5116 habentur
3535 5042 3603 5116 _in
3637 5042 3847 5116 praefa-

2260 5119 2395 5170 tione
2427 5117 2591 5170 missa?
2621 5110 2818 5169 sanctae
2852 5113 3068 5167 Eulaliae
3096 5114 3322 5165 Missalis
3346 5110 3742 5166 Callo-Gothiei
3766 5148 3782 5164 .

2333 5194 2359 5222 ⁸
2401 5185 2593 5241 Teneto
2634 5202 2779 5239 sexu.
2811 5184 2936 5239 Haec
2977 5199 3031 5237 et
3074 5184 3350 5251 sequentia
3398 5182 3615 5244 ibidem,
3648 5180 3843 5239 iisdem

2258 5257 2428 5313 ferme
2458 5260 2651 5321 verbis,
2687 5256 2950 5310 habent-tr
2979 5254 3031 5308 in
3060 5254 3410 5307 immolatione
3439 5253 3607 5306 missa:
3637 5262 3845 5308 sancte

2262 5328 2505 5394 Ettlalite,
2538 5338 2592 5382 ut
2624 5329 2832 5394 opinor,
2862 5325 3293 5379 Barcin'usnsis.

2338 5398 2356 5437 τ
2406 5398 2581 5453 Vadit.
2622 5399 2747 5453 flare
2779 5398 2843 5451 ad
2877 5398 3132 5451 Eulaliam
3166 5396 3614 5450 Barcinonensem
3666 5394 3847 5463 peni-

2262 5479 2409 5538 ttent,
2452 5487 2571 5540 qua:
2616 5469 2733 5524 sine
2761 5470 2869 5523 ulla
2910 5468 3166 5540 ntiracuio
3196 5466 3296 5521 tria
3341 5475 3430 5540 aut
3460 5476 3686 5540 qustuir
3719 5478 3849 5540 pas-

2261 5535 2414 5597 suutn
2464 5535 2633 5596 millia
2680 5556 2779 5595 una
2832 5551 2988 5593 uocit-
3036 5537 3212 5592 facere
3260 5538 3452 5607 potuit.
3486 5541 3583 5590 Ast
3627 5535 3848 5591 Eulalia

2264 5614 2606 5667 EtllCl‘ilCDSi:
2638 5614 2702 5665 ad
2737 5612 2966 5665 tribunal
3008 5623 3111 5662 ncn
3147 5612 3367 5677 qum-sita
3403 5608 3626 5661 minime
3654 5621 3849 5661 acces-

2261 5683 2348 5748 sit,
2382 5687 2472 5738 seti
2519 5686 2672 5738 ducta
2704 5682 2772 5734 ad
2802 5681 3165 5748 confessionem
3194 5681 3326 5734 ntz-"i
3362 5693 3458 5749 pro
3478 5678 3695 5734 Christo
3736 5692 3849 5737 non

2264 5756 2453 5809 timuit.
3872 5811 3879 5819 η

3646 5864 3739 5879 ,,,.
3824 5844 3845 5871 ‘l
