  <div class='ocr_page' id='page_1' title='image "/cluster/home/n/w/nwhite01/storage/ocr_20150623/85/hvd.32044015469455/090.png"; bbox 0 0 4040 6356; ppageno 0'>
   <div class='ocr_carea' id='block_1_1' title="bbox 160 342 308 409">
    <p class='ocr_par' dir='ltr' id='par_1_1' title="bbox 160 342 308 409">
     <span class='ocr_line' id='line_1_1' title="bbox 160 342 308 409; baseline -0.041 -5"><span class='ocrx_word' id='word_1_1' title='bbox 160 405 164 409; x_wconf 92' lang='lat'><em>_</em></span> <span class='ocrx_word' id='word_1_2' title='bbox 220 342 308 405; x_wconf 72' lang='grc'><strong>1⁸39</strong></span> 
     </span>
    </p>
   </div>
   <div class='ocr_carea' id='block_1_2' title="bbox 962 337 2785 400">
    <p class='ocr_par' dir='ltr' id='par_1_2' title="bbox 962 337 2785 400">
     <span class='ocr_line' id='line_1_2' title="bbox 962 337 2785 400; baseline 0.001 -4"><span class='ocrx_word' id='word_1_3' title='bbox 962 338 1257 399; x_wconf 78' lang='lat' dir='ltr'><strong>MISSALE</strong></span> <span class='ocrx_word' id='word_1_4' title='bbox 1294 339 1568 399; x_wconf 79' lang='lat' dir='ltr'><strong>MIXTUM</strong></span> <span class='ocrx_word' id='word_1_5' title='bbox 1606 340 1756 399; x_wconf 88' lang='lat' dir='ltr'><strong>SEC.</strong></span> <span class='ocrx_word' id='word_1_6' title='bbox 1798 337 1958 397; x_wconf 80' lang='lat' dir='ltr'><strong>REG.</strong></span> <span class='ocrx_word' id='word_1_7' title='bbox 2002 338 2060 395; x_wconf 88' lang='grc' dir='ltr'><strong>Β.</strong></span> <span class='ocrx_word' id='word_1_8' title='bbox 2105 338 2379 397; x_wconf 80' lang='lat' dir='ltr'><strong>ISIDORI.</strong></span> <span class='ocrx_word' id='word_1_9' title='bbox 2418 367 2489 387; x_wconf 87' lang='lat'><strong>--</strong></span> <span class='ocrx_word' id='word_1_10' title='bbox 2527 341 2707 400; x_wconf 76' lang='lat' dir='ltr'><strong>PARS</strong></span> <span class='ocrx_word' id='word_1_11' title='bbox 2744 341 2785 399; x_wconf 83' lang='grc' dir='ltr'><strong>Ι.</strong></span> 
     </span>
    </p>
   </div>
   <div class='ocr_carea' id='block_1_3' title="bbox 3385 350 3484 407">
    <p class='ocr_par' dir='ltr' id='par_1_3' title="bbox 3385 350 3484 407">
     <span class='ocr_line' id='line_1_3' title="bbox 3385 350 3484 407; baseline 0.02 -2"><span class='ocrx_word' id='word_1_12' title='bbox 3385 350 3484 407; x_wconf 74' lang='grc'><strong>170</strong></span> 
     </span>
    </p>
   </div>
   <div class='ocr_carea' id='block_1_4' title="bbox 223 454 3481 531">
    <p class='ocr_par' dir='ltr' id='par_1_4' title="bbox 223 454 3481 531">
     <span class='ocr_line' id='line_1_4' title="bbox 223 454 3481 531; baseline 0.002 -18"><span class='ocrx_word' id='word_1_13' title='bbox 223 459 327 531; x_wconf 76' lang='lat' dir='ltr'><strong>pido</strong></span> <span class='ocrx_word' id='word_1_14' title='bbox 350 458 415 511; x_wconf 85' lang='lat' dir='ltr'><strong>de</strong></span> <span class='ocrx_word' id='word_1_15' title='bbox 443 468 596 525; x_wconf 89' lang='lat' dir='ltr'><strong>pena</strong></span> <span class='ocrx_word' id='word_1_16' title='bbox 623 472 638 511; x_wconf 92' lang='lat'><strong>:</strong></span> <span class='ocrx_word' id='word_1_17' title='bbox 674 469 784 512; x_wconf 85' lang='lat' dir='ltr'><strong>non</strong></span> <span class='ocrx_word' id='word_1_18' title='bbox 810 454 1067 527; x_wconf 80' lang='lat' dir='ltr'><strong>ambigua</strong></span> <span class='ocrx_word' id='word_1_19' title='bbox 1095 457 1165 514; x_wconf 89' lang='lat' dir='ltr'><strong>de</strong></span> <span class='ocrx_word' id='word_1_20' title='bbox 1191 472 1389 514; x_wconf 84' lang='lat' dir='ltr'><strong>corona</strong></span> <span class='ocrx_word' id='word_1_21' title='bbox 1418 476 1430 511; x_wconf 88' lang='lat'><strong>:</strong></span> <span class='ocrx_word' id='word_1_22' title='bbox 1457 473 1567 513; x_wconf 87' lang='lat' dir='ltr'><strong>non</strong></span> <span class='ocrx_word' id='word_1_23' title='bbox 1589 457 1802 514; x_wconf 87' lang='lat' dir='ltr'><strong>defessa</strong></span> <span class='ocrx_word' id='word_1_24' title='bbox 1830 461 1879 521; x_wconf 83' lang='grc' dir='ltr'>Α</span> <span class='ocrx_word' id='word_1_25' title='bbox 1907 456 1963 512; x_wconf 92' lang='lat' dir='ltr'><strong>in</strong></span> <span class='ocrx_word' id='word_1_26' title='bbox 2005 455 2263 512; x_wconf 85' lang='lat' dir='ltr'><strong>honorem</strong></span> <span class='ocrx_word' id='word_1_27' title='bbox 2311 458 2565 528; x_wconf 77' lang='lat' dir='ltr'><strong>martyris</strong></span> <span class='ocrx_word' id='word_1_28' title='bbox 2616 467 2706 513; x_wconf 92' lang='lat' dir='ltr'><strong>tue</strong></span> <span class='ocrx_word' id='word_1_29' title='bbox 2742 456 2978 513; x_wconf 89' lang='lat' dir='ltr'><strong>oblatam</strong></span> <span class='ocrx_word' id='word_1_30' title='bbox 3032 458 3125 514; x_wconf 91' lang='lat' dir='ltr'><strong>tibi</strong></span> <span class='ocrx_word' id='word_1_31' title='bbox 3173 462 3481 520; x_wconf 84' lang='lat' dir='ltr'><strong>sanctifices</strong></span> 
     </span>
    </p>
   </div>
   <div class='ocr_carea' id='block_1_5' title="bbox 228 546 1802 624">
    <p class='ocr_par' dir='ltr' id='par_1_5' title="bbox 228 546 1802 624">
     <span class='ocr_line' id='line_1_5' title="bbox 228 546 1802 624; baseline -0.001 -16"><span class='ocrx_word' id='word_1_32' title='bbox 228 552 285 609; x_wconf 87' lang='lat' dir='ltr'><strong>de</strong></span> <span class='ocrx_word' id='word_1_33' title='bbox 309 551 499 606; x_wconf 84' lang='lat' dir='ltr'><strong>eculeo</strong></span> <span class='ocrx_word' id='word_1_34' title='bbox 528 567 543 604; x_wconf 89' lang='lat'><strong><em>:</em></strong></span> <span class='ocrx_word' id='word_1_35' title='bbox 576 565 685 605; x_wconf 90' lang='lat' dir='ltr'><strong>non</strong></span> <span class='ocrx_word' id='word_1_36' title='bbox 715 546 887 605; x_wconf 76' lang='lat' dir='ltr'><strong>difﬁsa</strong></span> <span class='ocrx_word' id='word_1_37' title='bbox 908 549 978 606; x_wconf 91' lang='lat' dir='ltr'><strong>de</strong></span> <span class='ocrx_word' id='word_1_38' title='bbox 1001 551 1229 622; x_wconf 90' lang='lat' dir='ltr'><strong>premio.</strong></span> <span class='ocrx_word' id='word_1_39' title='bbox 1256 552 1614 624; x_wconf 82' lang='lat' dir='ltr'><strong>lnterrogatur</strong></span> <span class='ocrx_word' id='word_1_40' title='bbox 1638 572 1650 607; x_wconf 92' lang='lat'>:</span> <span class='ocrx_word' id='word_1_41' title='bbox 1675 566 1802 609; x_wconf 89' lang='lat' dir='ltr'><strong>con-</strong></span> 
     </span>
    </p>
   </div>
   <div class='ocr_carea' id='block_1_6' title="bbox 225 643 1800 716">
    <p class='ocr_par' dir='ltr' id='par_1_6' title="bbox 225 643 1800 716">
     <span class='ocr_line' id='line_1_6' title="bbox 225 643 1800 716; baseline 0.001 -16"><span class='ocrx_word' id='word_1_42' title='bbox 225 643 729 701; x_wconf 78' lang='lat' dir='ltr'><strong>fiteturzoeciditur</strong></span> <span class='ocrx_word' id='word_1_43' title='bbox 771 661 785 696; x_wconf 89' lang='lat'>:</span> <span class='ocrx_word' id='word_1_44' title='bbox 828 653 1143 700; x_wconf 91' lang='lat' dir='ltr'><strong>coronatur.</strong></span> <span class='ocrx_word' id='word_1_45' title='bbox 1190 644 1503 716; x_wconf 88' lang='lat' dir='ltr'><strong>Ingentique</strong></span> <span class='ocrx_word' id='word_1_46' title='bbox 1541 646 1800 701; x_wconf 90' lang='lat' dir='ltr'><strong>miraculo</strong></span> 
     </span>
    </p>
   </div>
   <div class='ocr_carea' id='block_1_7' title="bbox 225 734 1797 807">
    <p class='ocr_par' dir='ltr' id='par_1_7' title="bbox 225 734 1797 807">
     <span class='ocr_line' id='line_1_7' title="bbox 225 734 1797 807; baseline 0 -14"><span class='ocrx_word' id='word_1_47' title='bbox 225 736 458 805; x_wconf 71' lang='lat' dir='ltr'><strong>majesms</strong></span> <span class='ocrx_word' id='word_1_48' title='bbox 514 743 605 790; x_wconf 91' lang='lat' dir='ltr'><strong>tua</strong></span> <span class='ocrx_word' id='word_1_49' title='bbox 651 734 919 791; x_wconf 80' lang='lat' dir='ltr'><strong>exalatum</strong></span> <span class='ocrx_word' id='word_1_50' title='bbox 986 735 1212 806; x_wconf 78' lang='lat' dir='ltr'><strong>virginis</strong></span> <span class='ocrx_word' id='word_1_51' title='bbox 1264 736 1506 805; x_wconf 83' lang='lat' dir='ltr'><strong>spiritum</strong></span> <span class='ocrx_word' id='word_1_52' title='bbox 1543 754 1557 791; x_wconf 89' lang='lat'><strong>:</strong></span> <span class='ocrx_word' id='word_1_53' title='bbox 1588 746 1613 774; x_wconf 73' lang='grc' dir='ltr'>η</span> <span class='ocrx_word' id='word_1_54' title='bbox 1641 752 1797 807; x_wconf 91' lang='lat' dir='ltr'><strong>quem</strong></span> 
     </span>
    </p>
   </div>
   <div class='ocr_carea' id='block_1_8' title="bbox 220 825 1797 897">
    <p class='ocr_par' dir='ltr' id='par_1_8' title="bbox 220 825 1797 897">
     <span class='ocr_line' id='line_1_8' title="bbox 220 825 1797 897; baseline 0.001 -15"><span class='ocrx_word' id='word_1_55' title='bbox 220 829 499 897; x_wconf 78' lang='lat' dir='ltr'><strong>assumpsit</strong></span> <span class='ocrx_word' id='word_1_56' title='bbox 546 843 642 896; x_wconf 91' lang='lat' dir='ltr'><strong>per</strong></span> <span class='ocrx_word' id='word_1_57' title='bbox 689 825 962 882; x_wconf 89' lang='lat' dir='ltr'><strong>ﬂammam</strong></span> <span class='ocrx_word' id='word_1_58' title='bbox 999 843 1011 879; x_wconf 91' lang='lat'><strong>:</strong></span> <span class='ocrx_word' id='word_1_59' title='bbox 1045 826 1284 896; x_wconf 80' lang='lat' dir='ltr'><strong>suscepit</strong></span> <span class='ocrx_word' id='word_1_60' title='bbox 1330 842 1427 897; x_wconf 85' lang='lat' dir='ltr'><strong>per</strong></span> <span class='ocrx_word' id='word_1_61' title='bbox 1470 828 1797 885; x_wconf 88' lang='lat' dir='ltr'><strong>columbam.</strong></span> 
     </span>
    </p>
   </div>
   <div class='ocr_carea' id='block_1_9' title="bbox 222 916 1800 989">
    <p class='ocr_par' dir='ltr' id='par_1_9' title="bbox 222 916 1800 989">
     <span class='ocr_line' id='line_1_9' title="bbox 222 916 1800 989; baseline 0.001 -16"><span class='ocrx_word' id='word_1_62' title='bbox 222 916 282 973; x_wconf 83' lang='lat' dir='ltr'><strong>Ut</strong></span> <span class='ocrx_word' id='word_1_63' title='bbox 308 918 399 972; x_wconf 91' lang='lat' dir='ltr'><strong>hoc</strong></span> <span class='ocrx_word' id='word_1_64' title='bbox 426 918 681 988; x_wconf 88' lang='lat' dir='ltr'><strong>prodigio</strong></span> <span class='ocrx_word' id='word_1_65' title='bbox 714 919 768 972; x_wconf 88' lang='lat' dir='ltr'><strong>in</strong></span> <span class='ocrx_word' id='word_1_66' title='bbox 805 918 939 973; x_wconf 92' lang='lat' dir='ltr'><strong>celis</strong></span> <span class='ocrx_word' id='word_1_67' title='bbox 974 927 1185 989; x_wconf 83' lang='lat' dir='ltr'><strong>martyr</strong></span> <span class='ocrx_word' id='word_1_68' title='bbox 1211 920 1530 974; x_wconf 83' lang='lat' dir='ltr'><strong>ascenderet</strong></span> <span class='ocrx_word' id='word_1_69' title='bbox 1564 936 1582 976; x_wconf 93' lang='lat'><strong><em>:</em></strong></span> <span class='ocrx_word' id='word_1_70' title='bbox 1611 934 1716 989; x_wconf 86' lang='lat' dir='ltr'><strong>quo</strong></span> <span class='ocrx_word' id='word_1_71' title='bbox 1746 920 1800 975; x_wconf 91' lang='lat' dir='ltr'><strong>in</strong></span> 
     </span>
    </p>
   </div>
   <div class='ocr_carea' id='block_1_10' title="bbox 227 1007 1801 1079">
    <p class='ocr_par' dir='ltr' id='par_1_10' title="bbox 227 1007 1801 1079">
     <span class='ocr_line' id='line_1_10' title="bbox 227 1007 1801 1079; baseline 0.002 -17"><span class='ocrx_word' id='word_1_72' title='bbox 227 1009 368 1064; x_wconf 89' lang='lat' dir='ltr'><strong>terris</strong></span> <span class='ocrx_word' id='word_1_73' title='bbox 412 1009 588 1063; x_wconf 89' lang='lat' dir='ltr'><strong>lilium</strong></span> <span class='ocrx_word' id='word_1_74' title='bbox 632 1017 783 1079; x_wconf 90' lang='lat' dir='ltr'><strong>pater</strong></span> <span class='ocrx_word' id='word_1_75' title='bbox 809 1008 1143 1064; x_wconf 86' lang='lat' dir='ltr'><strong>ostenderat.</strong></span> <span class='ocrx_word' id='word_1_76' title='bbox 1191 1007 1471 1078; x_wconf 86' lang='lat' dir='ltr'><strong>Siquidem</strong></span> <span class='ocrx_word' id='word_1_77' title='bbox 1504 1024 1603 1065; x_wconf 90' lang='lat' dir='ltr'><strong>nec</strong></span> <span class='ocrx_word' id='word_1_78' title='bbox 1647 1010 1801 1065; x_wconf 91' lang='lat' dir='ltr'><strong>inho-</strong></span> 
     </span>
    </p>
   </div>
   <div class='ocr_carea' id='block_1_11' title="bbox 226 1101 1797 1171">
    <p class='ocr_par' dir='ltr' id='par_1_11' title="bbox 226 1101 1797 1171">
     <span class='ocr_line' id='line_1_11' title="bbox 226 1101 1797 1171; baseline 0.001 -16"><span class='ocrx_word' id='word_1_79' title='bbox 226 1115 393 1156; x_wconf 90' lang='lat' dir='ltr'><strong>norum</strong></span> <span class='ocrx_word' id='word_1_80' title='bbox 425 1101 706 1170; x_wconf 82' lang='lat' dir='ltr'><strong>patiantur</strong></span> <span class='ocrx_word' id='word_1_81' title='bbox 740 1102 1003 1157; x_wconf 89' lang='lat' dir='ltr'><strong>elementa</strong></span> <span class='ocrx_word' id='word_1_82' title='bbox 1027 1102 1401 1170; x_wconf 89' lang='lat' dir='ltr'><strong>corpusculum</strong></span> <span class='ocrx_word' id='word_1_83' title='bbox 1433 1118 1446 1155; x_wconf 89' lang='lat'><strong>:</strong></span> <span class='ocrx_word' id='word_1_84' title='bbox 1480 1101 1621 1171; x_wconf 90' lang='lat' dir='ltr'><strong>quod</strong></span> <span class='ocrx_word' id='word_1_85' title='bbox 1648 1102 1797 1158; x_wconf 89' lang='lat' dir='ltr'><strong>deei-</strong></span> 
     </span>
    </p>
   </div>
   <div class='ocr_carea' id='block_1_12' title="bbox 224 1189 1800 1272">
    <p class='ocr_par' dir='ltr' id='par_1_12' title="bbox 224 1189 1800 1272">
     <span class='ocr_line' id='line_1_12' title="bbox 224 1189 1800 1272; baseline 0.001 -22"><span class='ocrx_word' id='word_1_86' title='bbox 224 1193 327 1250; x_wconf 87' lang='lat' dir='ltr'><strong>duis</strong></span> <span class='ocrx_word' id='word_1_87' title='bbox 358 1195 445 1249; x_wconf 83' lang='lat' dir='ltr'><strong>nix</strong></span> <span class='ocrx_word' id='word_1_88' title='bbox 482 1209 704 1264; x_wconf 84' lang='lat' dir='ltr'><strong>aspersa</strong></span> <span class='ocrx_word' id='word_1_89' title='bbox 744 1194 1033 1251; x_wconf 91' lang='lat' dir='ltr'><strong>velleribus</strong></span> <span class='ocrx_word' id='word_1_90' title='bbox 1052 1208 1083 1272; x_wconf 36' lang='grc' dir='ltr'><strong>,ε</strong></span> <span class='ocrx_word' id='word_1_91' title='bbox 1116 1202 1169 1250; x_wconf 93' lang='lat' dir='ltr'><strong>et</strong></span> <span class='ocrx_word' id='word_1_92' title='bbox 1214 1195 1427 1250; x_wconf 90' lang='lat' dir='ltr'><strong>virtutis</strong></span> <span class='ocrx_word' id='word_1_93' title='bbox 1462 1189 1702 1265; x_wconf 77' lang='lat' dir='ltr'><strong>&#39;rigorem</strong></span> <span class='ocrx_word' id='word_1_94' title='bbox 1744 1204 1800 1251; x_wconf 90' lang='lat' dir='ltr'><strong>et</strong></span> 
     </span>
    </p>
   </div>
   <div class='ocr_carea' id='block_1_13' title="bbox 228 1286 1800 1354">
    <p class='ocr_par' dir='ltr' id='par_1_13' title="bbox 228 1286 1800 1354">
     <span class='ocr_line' id='line_1_13' title="bbox 228 1286 1800 1354; baseline 0.001 -12"><span class='ocrx_word' id='word_1_95' title='bbox 228 1286 535 1354; x_wconf 76' lang='lat' dir='ltr'><strong>virginitatis</strong></span> <span class='ocrx_word' id='word_1_96' title='bbox 559 1293 697 1342; x_wconf 90' lang='lat' dir='ltr'><strong>tecta</strong></span> <span class='ocrx_word' id='word_1_97' title='bbox 722 1287 1011 1342; x_wconf 75' lang='lat' dir='ltr'><strong>candorem</strong></span> <span class='ocrx_word' id='word_1_98' title='bbox 1034 1286 1295 1341; x_wconf 88' lang='lat' dir='ltr'><strong>eluceret.</strong></span> <span class='ocrx_word' id='word_1_99' title='bbox 1317 1286 1561 1343; x_wconf 85' lang='lat' dir='ltr'><strong>vestiret.</strong></span> <span class='ocrx_word' id='word_1_100' title='bbox 1585 1288 1800 1344; x_wconf 87' lang='lat' dir='ltr'><strong>abscon-</strong></span> 
     </span>
    </p>
   </div>
   <div class='ocr_carea' id='block_1_14' title="bbox 222 1374 1797 1447">
    <p class='ocr_par' dir='ltr' id='par_1_14' title="bbox 222 1374 1797 1447">
     <span class='ocr_line' id='line_1_14' title="bbox 222 1374 1797 1447; baseline 0.002 -17"><span class='ocrx_word' id='word_1_101' title='bbox 222 1374 358 1431; x_wconf 84' lang='lat' dir='ltr'><strong>deret</strong></span> <span class='ocrx_word' id='word_1_102' title='bbox 388 1392 401 1432; x_wconf 95' lang='lat'><strong>:</strong></span> <span class='ocrx_word' id='word_1_103' title='bbox 433 1378 657 1447; x_wconf 86' lang='lat' dir='ltr'><strong>superni</strong></span> <span class='ocrx_word' id='word_1_104' title='bbox 704 1377 989 1433; x_wconf 87' lang='lat' dir='ltr'><strong>velaminis</strong></span> <span class='ocrx_word' id='word_1_105' title='bbox 1018 1375 1047 1416; x_wconf 69' lang='grc' dir='ltr'>δ</span> <span class='ocrx_word' id='word_1_106' title='bbox 1078 1377 1439 1446; x_wconf 90' lang='lat' dir='ltr'><strong>operimento.</strong></span> <span class='ocrx_word' id='word_1_107' title='bbox 1486 1378 1658 1434; x_wconf 91' lang='lat' dir='ltr'><strong>celum</strong></span> <span class='ocrx_word' id='word_1_108' title='bbox 1708 1376 1797 1433; x_wconf 85' lang='lat' dir='ltr'><strong>fu-</strong></span> 
     </span>
    </p>
   </div>
   <div class='ocr_carea' id='block_1_15' title="bbox 225 1468 1797 1539">
    <p class='ocr_par' dir='ltr' id='par_1_15' title="bbox 225 1468 1797 1539">
     <span class='ocr_line' id='line_1_15' title="bbox 225 1468 1797 1539; baseline 0.002 -16"><span class='ocrx_word' id='word_1_109' title='bbox 225 1468 325 1523; x_wconf 88' lang='lat' dir='ltr'><strong>neri</strong></span> <span class='ocrx_word' id='word_1_110' title='bbox 349 1479 550 1537; x_wconf 85' lang='lat' dir='ltr'><strong>prestat</strong></span> <span class='ocrx_word' id='word_1_111' title='bbox 577 1470 849 1539; x_wconf 79' lang='lat' dir='ltr'><strong>exequias.</strong></span> <span class='ocrx_word' id='word_1_112' title='bbox 876 1478 930 1525; x_wconf 89' lang='lat' dir='ltr'><strong>et</strong></span> <span class='ocrx_word' id='word_1_113' title='bbox 964 1482 1062 1539; x_wconf 90' lang='lat' dir='ltr'><strong>per</strong></span> <span class='ocrx_word' id='word_1_114' title='bbox 1103 1469 1522 1525; x_wconf 77' lang='lat' dir='ltr'><strong>misericordiam</strong></span> <span class='ocrx_word' id='word_1_115' title='bbox 1565 1470 1797 1526; x_wconf 87' lang='lat' dir='ltr'><strong>Redem-</strong></span> 
     </span>
    </p>
   </div>
   <div class='ocr_carea' id='block_1_16' title="bbox 226 1560 1799 1632">
    <p class='ocr_par' dir='ltr' id='par_1_16' title="bbox 226 1560 1799 1632">
     <span class='ocr_line' id='line_1_16' title="bbox 226 1560 1799 1632; baseline 0.003 -19"><span class='ocrx_word' id='word_1_116' title='bbox 226 1561 378 1631; x_wconf 84' lang='lat' dir='ltr'><strong>ptoris</strong></span> <span class='ocrx_word' id='word_1_117' title='bbox 423 1560 584 1616; x_wconf 86' lang='lat' dir='ltr'><strong>daret</strong></span> <span class='ocrx_word' id='word_1_118' title='bbox 621 1563 801 1617; x_wconf 84' lang='lat' dir='ltr'><strong>anime</strong></span> <span class='ocrx_word' id='word_1_119' title='bbox 848 1560 1031 1616; x_wconf 85' lang='lat' dir='ltr'><strong>sedem</strong></span> <span class='ocrx_word' id='word_1_120' title='bbox 1061 1575 1198 1631; x_wconf 75' lang='lat' dir='ltr'><strong>:‘pro</strong></span> <span class='ocrx_word' id='word_1_121' title='bbox 1229 1561 1505 1632; x_wconf 86' lang='lat' dir='ltr'><strong>sepultura</strong></span> <span class='ocrx_word' id='word_1_122' title='bbox 1548 1561 1799 1617; x_wconf 81' lang='lat' dir='ltr'><strong>redderet</strong></span> 
     </span>
    </p>
   </div>
   <div class='ocr_carea' id='block_1_17' title="bbox 224 1648 1792 1723">
    <p class='ocr_par' dir='ltr' id='par_1_17' title="bbox 224 1648 1792 1723">
     <span class='ocr_line' id='line_1_17' title="bbox 224 1648 1792 1723; baseline 0.002 -18"><span class='ocrx_word' id='word_1_123' title='bbox 224 1648 543 1718; x_wconf 77' lang='lat' dir='ltr'><strong>dignitatem.</strong></span> <span class='ocrx_word' id='word_1_124' title='bbox 596 1650 713 1720; x_wconf 90' lang='lat' dir='ltr'><strong>Ipse</strong></span> <span class='ocrx_word' id='word_1_125' title='bbox 760 1666 918 1722; x_wconf 85' lang='lat' dir='ltr'><strong>quem</strong></span> <span class='ocrx_word' id='word_1_126' title='bbox 966 1651 1277 1708; x_wconf 75' lang='lat' dir='ltr'><strong>collaudant</strong></span> <span class='ocrx_word' id='word_1_127' title='bbox 1314 1668 1505 1707; x_wconf 91' lang='lat' dir='ltr'><strong>omnes</strong></span> <span class='ocrx_word' id='word_1_128' title='bbox 1557 1652 1792 1723; x_wconf 87' lang='lat' dir='ltr'><strong>Angeli:</strong></span> 
     </span>
    </p>
   </div>
   <div class='ocr_carea' id='block_1_18' title="bbox 222 1740 1789 1812">
    <p class='ocr_par' dir='ltr' id='par_1_18' title="bbox 222 1740 1789 1812">
     <span class='ocr_line' id='line_1_18' title="bbox 222 1740 1789 1812; baseline 0.001 -13"><span class='ocrx_word' id='word_1_129' title='bbox 222 1756 498 1812; x_wconf 82' lang='lat' dir='ltr'><strong>omnesque</strong></span> <span class='ocrx_word' id='word_1_130' title='bbox 517 1742 699 1799; x_wconf 82' lang='lat' dir='ltr'><strong>Sancti</strong></span> <span class='ocrx_word' id='word_1_131' title='bbox 727 1744 799 1799; x_wconf 91' lang='lat' dir='ltr'><strong>ita</strong></span> <span class='ocrx_word' id='word_1_132' title='bbox 817 1740 1087 1800; x_wconf 85' lang='lat' dir='ltr'><strong>&#39;dicentes.</strong></span> <span class='ocrx_word' id='word_1_133' title='bbox 1113 1744 1265 1798; x_wconf 84' lang='lat' dir='ltr'><strong>Dicat</strong></span> <span class='ocrx_word' id='word_1_134' title='bbox 1287 1744 1506 1799; x_wconf 78' lang='lat' dir='ltr'><strong>Chorus.</strong></span> <span class='ocrx_word' id='word_1_135' title='bbox 1539 1745 1789 1802; x_wconf 88' lang='lat' dir='ltr'><strong>Sanctus.</strong></span> 
     </span>
    </p>
   </div>
   <div class='ocr_carea' id='block_1_19' title="bbox 1907 545 3481 627">
    <p class='ocr_par' dir='ltr' id='par_1_19' title="bbox 1907 545 3481 627">
     <span class='ocr_line' id='line_1_19' title="bbox 1907 545 3481 627; baseline 0.008 -27"><span class='ocrx_word' id='word_1_136' title='bbox 1907 545 2135 601; x_wconf 84' lang='lat' dir='ltr'><strong>hostiam</strong></span> <span class='ocrx_word' id='word_1_137' title='bbox 2181 567 2195 600; x_wconf 88' lang='lat'>:</span> <span class='ocrx_word' id='word_1_138' title='bbox 2236 556 2291 603; x_wconf 90' lang='lat' dir='ltr'><strong>et</strong></span> <span class='ocrx_word' id='word_1_139' title='bbox 2340 548 2593 604; x_wconf 87' lang='lat' dir='ltr'><strong>cordibus</strong></span> <span class='ocrx_word' id='word_1_140' title='bbox 2634 550 2835 605; x_wconf 87' lang='lat' dir='ltr'><strong>nostris</strong></span> <span class='ocrx_word' id='word_1_141' title='bbox 2889 553 3266 623; x_wconf 84' lang='lat' dir='ltr'><strong>consequentis</strong></span> <span class='ocrx_word' id='word_1_142' title='bbox 3314 556 3481 627; x_wconf 87' lang='lat' dir='ltr'><strong>gratie</strong></span> 
     </span>
    </p>
   </div>
   <div class='ocr_carea' id='block_1_20' title="bbox 1904 639 2911 712">
    <p class='ocr_par' dir='ltr' id='par_1_20' title="bbox 1904 639 2911 712">
     <span class='ocr_line' id='line_1_20' title="bbox 1904 639 2911 712; baseline 0.008 -18"><span class='ocrx_word' id='word_1_143' title='bbox 1904 639 2234 710; x_wconf 89' lang='lat' dir='ltr'><strong>spiritualem</strong></span> <span class='ocrx_word' id='word_1_144' title='bbox 2267 643 2544 712; x_wconf 89' lang='lat' dir='ltr'><strong>impartias</strong></span> <span class='ocrx_word' id='word_1_145' title='bbox 2572 644 2911 702; x_wconf 85' lang='lat' dir='ltr'><strong>medicinam.</strong></span> 
     </span>
    </p>
   </div>
   <div class='ocr_carea' id='block_1_21' title="bbox 1990 733 2302 799">
    <p class='ocr_par' dir='ltr' id='par_1_21' title="bbox 1990 733 2302 799">
     <span class='ocr_line' id='line_1_21' title="bbox 1990 733 2302 799; baseline 0 -12"><span class='ocrx_word' id='word_1_146' title='bbox 1990 733 2028 799; x_wconf 78' lang='lat' dir='ltr'><strong>Ii)</strong></span> <span class='ocrx_word' id='word_1_147' title='bbox 2050 771 2065 787; x_wconf 92' lang='lat'><strong>.</strong></span> <span class='ocrx_word' id='word_1_148' title='bbox 2105 733 2302 788; x_wconf 90' lang='lat' dir='ltr'><strong>Amen.</strong></span> 
     </span>
    </p>
   </div>
   <div class='ocr_carea' id='block_1_22' title="bbox 1975 823 3481 883">
    <p class='ocr_par' dir='ltr' id='par_1_22' title="bbox 1975 823 3481 883">
     <span class='ocr_line' id='line_1_22' title="bbox 1975 823 3481 883; baseline 0.004 -7"><span class='ocrx_word' id='word_1_149' title='bbox 1975 824 2057 877; x_wconf 87' lang='lat' dir='ltr'><strong>Ad</strong></span> <span class='ocrx_word' id='word_1_150' title='bbox 2094 825 2374 879; x_wconf 83' lang='lat' dir='ltr'><strong>orationem</strong></span> <span class='ocrx_word' id='word_1_151' title='bbox 2420 823 2762 879; x_wconf 86' lang='lat' dir='ltr'><strong>Dominicam.</strong></span> <span class='ocrx_word' id='word_1_152' title='bbox 2814 825 3101 881; x_wconf 80' lang='lat' dir='ltr'><strong>Recensito</strong></span> <span class='ocrx_word' id='word_1_153' title='bbox 3150 827 3481 883; x_wconf 85' lang='lat' dir='ltr'><strong>dilectissimi</strong></span> 
     </span>
    </p>
   </div>
   <div class='ocr_carea' id='block_1_23' title="bbox 1907 913 3488 992">
    <p class='ocr_par' dir='ltr' id='par_1_23' title="bbox 1907 913 3488 992">
     <span class='ocr_line' id='line_1_23' title="bbox 1907 913 3488 992; baseline 0.005 -26"><span class='ocrx_word' id='word_1_154' title='bbox 1907 913 2099 970; x_wconf 89' lang='lat' dir='ltr'><strong>fratres</strong></span> <span class='ocrx_word' id='word_1_155' title='bbox 2133 914 2159 953; x_wconf 77' lang='grc' dir='ltr'><strong>ει</strong></span> <span class='ocrx_word' id='word_1_156' title='bbox 2189 916 2420 971; x_wconf 90' lang='lat' dir='ltr'><strong>simbolo</strong></span> <span class='ocrx_word' id='word_1_157' title='bbox 2464 927 2645 972; x_wconf 90' lang='lat' dir='ltr'><strong>nostre</strong></span> <span class='ocrx_word' id='word_1_158' title='bbox 2683 917 3015 973; x_wconf 87' lang='lat' dir='ltr'><strong>credulitatis</strong></span> <span class='ocrx_word' id='word_1_159' title='bbox 3046 937 3060 973; x_wconf 91' lang='lat'><strong>:</strong></span> <span class='ocrx_word' id='word_1_160' title='bbox 3092 919 3297 975; x_wconf 87' lang='lat' dir='ltr'><strong>Eulalie</strong></span> <span class='ocrx_word' id='word_1_161' title='bbox 3326 922 3488 992; x_wconf 60' lang='lat' dir='ltr'><strong>virgio</strong></span> 
     </span>
    </p>
   </div>
   <div class='ocr_carea' id='block_1_24' title="bbox 1907 1007 3490 1079">
    <p class='ocr_par' dir='ltr' id='par_1_24' title="bbox 1907 1007 3490 1079">
     <span class='ocr_line' id='line_1_24' title="bbox 1907 1007 3490 1079; baseline 0.004 -18"><span class='ocrx_word' id='word_1_162' title='bbox 1907 1007 1989 1062; x_wconf 91' lang='lat' dir='ltr'><strong>nis</strong></span> <span class='ocrx_word' id='word_1_163' title='bbox 2015 1008 2321 1063; x_wconf 86' lang='lat' dir='ltr'><strong>intueamur</strong></span> <span class='ocrx_word' id='word_1_164' title='bbox 2349 1010 2516 1064; x_wconf 79' lang='lat' dir='ltr'><strong>robur</strong></span> <span class='ocrx_word' id='word_1_165' title='bbox 2547 1010 2666 1065; x_wconf 91' lang='lat' dir='ltr'><strong>fidei</strong></span> <span class='ocrx_word' id='word_1_166' title='bbox 2697 1012 2780 1066; x_wconf 90' lang='lat' dir='ltr'><strong>vel</strong></span> <span class='ocrx_word' id='word_1_167' title='bbox 2810 1012 2988 1065; x_wconf 88' lang='lat' dir='ltr'><strong>etatis.</strong></span> <span class='ocrx_word' id='word_1_168' title='bbox 3020 1012 3133 1079; x_wconf 81' lang='lat' dir='ltr'><strong>Que</strong></span> <span class='ocrx_word' id='word_1_169' title='bbox 3165 1013 3303 1068; x_wconf 90' lang='lat' dir='ltr'><strong>inter</strong></span> <span class='ocrx_word' id='word_1_170' title='bbox 3337 1014 3490 1069; x_wconf 88' lang='lat' dir='ltr'><strong>ﬂam-</strong></span> 
     </span>
    </p>
   </div>
   <div class='ocr_carea' id='block_1_25' title="bbox 1904 1104 3488 1176">
    <p class='ocr_par' dir='ltr' id='par_1_25' title="bbox 1904 1104 3488 1176">
     <span class='ocr_line' id='line_1_25' title="bbox 1904 1104 3488 1176; baseline 0.006 -21"><span class='ocrx_word' id='word_1_171' title='bbox 1904 1116 2022 1156; x_wconf 88' lang='lat' dir='ltr'><strong>mas</strong></span> <span class='ocrx_word' id='word_1_172' title='bbox 2053 1104 2162 1172; x_wconf 89' lang='lat' dir='ltr'><strong>jam</strong></span> <span class='ocrx_word' id='word_1_173' title='bbox 2208 1104 2261 1158; x_wconf 92' lang='lat' dir='ltr'><strong>in</strong></span> <span class='ocrx_word' id='word_1_174' title='bbox 2303 1104 2767 1160; x_wconf 86' lang='lat' dir='ltr'><strong>consummatione</strong></span> <span class='ocrx_word' id='word_1_175' title='bbox 2810 1108 3189 1176; x_wconf 88' lang='lat' dir='ltr'><strong>suppliciorum</strong></span> <span class='ocrx_word' id='word_1_176' title='bbox 3235 1126 3395 1164; x_wconf 90' lang='lat' dir='ltr'><strong>unum</strong></span> <span class='ocrx_word' id='word_1_177' title='bbox 3433 1119 3488 1165; x_wconf 90' lang='lat' dir='ltr'><strong>et</strong></span> 
     </span>
    </p>
   </div>
   <div class='ocr_carea' id='block_1_26' title="bbox 1903 1194 3488 1264">
    <p class='ocr_par' dir='ltr' id='par_1_26' title="bbox 1903 1194 3488 1264">
     <span class='ocr_line' id='line_1_26' title="bbox 1903 1194 3488 1264; baseline 0.006 -18"><span class='ocrx_word' id='word_1_178' title='bbox 1903 1207 2089 1249; x_wconf 86' lang='lat' dir='ltr'><strong>verum</strong></span> <span class='ocrx_word' id='word_1_179' title='bbox 2140 1195 2307 1249; x_wconf 92' lang='lat' dir='ltr'><strong>Deum</strong></span> <span class='ocrx_word' id='word_1_180' title='bbox 2349 1195 2403 1249; x_wconf 93' lang='lat' dir='ltr'><strong>in</strong></span> <span class='ocrx_word' id='word_1_181' title='bbox 2447 1194 2713 1250; x_wconf 82' lang='lat' dir='ltr'><strong>Trinitate</strong></span> <span class='ocrx_word' id='word_1_182' title='bbox 2754 1197 2997 1264; x_wconf 89' lang='lat' dir='ltr'><strong>predicat</strong></span> <span class='ocrx_word' id='word_1_183' title='bbox 3023 1199 3374 1255; x_wconf 87' lang='lat' dir='ltr'><strong>adorandum.</strong></span> <span class='ocrx_word' id='word_1_184' title='bbox 3422 1202 3488 1256; x_wconf 88' lang='lat' dir='ltr'><strong>Et</strong></span> 
     </span>
    </p>
   </div>
   <div class='ocr_carea' id='block_1_27' title="bbox 1906 1285 3488 1362">
    <p class='ocr_par' dir='ltr' id='par_1_27' title="bbox 1906 1285 3488 1362">
     <span class='ocr_line' id='line_1_27' title="bbox 1906 1285 3488 1362; baseline 0.004 -22"><span class='ocrx_word' id='word_1_185' title='bbox 1906 1285 2029 1345; x_wconf 91' lang='lat' dir='ltr'><strong>ideo</strong></span> <span class='ocrx_word' id='word_1_186' title='bbox 2070 1286 2390 1342; x_wconf 88' lang='lat' dir='ltr'><strong>accedamus</strong></span> <span class='ocrx_word' id='word_1_187' title='bbox 2422 1288 2487 1342; x_wconf 93' lang='lat' dir='ltr'><strong>ad</strong></span> <span class='ocrx_word' id='word_1_188' title='bbox 2522 1288 2689 1343; x_wconf 91' lang='lat' dir='ltr'><strong>Deum</strong></span> <span class='ocrx_word' id='word_1_189' title='bbox 2727 1303 2847 1343; x_wconf 90' lang='lat' dir='ltr'><strong>cum</strong></span> <span class='ocrx_word' id='word_1_190' title='bbox 2886 1288 3159 1345; x_wconf 87' lang='lat' dir='ltr'><strong>lachrimis</strong></span> <span class='ocrx_word' id='word_1_191' title='bbox 3189 1310 3201 1345; x_wconf 93' lang='lat'>:</span> <span class='ocrx_word' id='word_1_192' title='bbox 3234 1292 3297 1346; x_wconf 80' lang='lat' dir='ltr'><strong>ad</strong></span> <span class='ocrx_word' id='word_1_193' title='bbox 3325 1306 3488 1362; x_wconf 88' lang='lat' dir='ltr'><strong>quem</strong></span> 
     </span>
    </p>
   </div>
   <div class='ocr_carea' id='block_1_28' title="bbox 1904 1376 3487 1452">
    <p class='ocr_par' dir='ltr' id='par_1_28' title="bbox 1904 1376 3487 1452">
     <span class='ocr_line' id='line_1_28' title="bbox 1904 1376 3487 1452; baseline 0.006 -23"><span class='ocrx_word' id='word_1_194' title='bbox 1904 1376 1990 1431; x_wconf 85' lang='lat' dir='ltr'><strong>illa</strong></span> <span class='ocrx_word' id='word_1_195' title='bbox 2040 1379 2269 1432; x_wconf 90' lang='lat' dir='ltr'><strong>accessit</strong></span> <span class='ocrx_word' id='word_1_196' title='bbox 2311 1387 2685 1434; x_wconf 91' lang='lat' dir='ltr'><strong>consummato</strong></span> <span class='ocrx_word' id='word_1_197' title='bbox 2734 1380 2997 1449; x_wconf 90' lang='lat' dir='ltr'><strong>suppliclo</strong></span> <span class='ocrx_word' id='word_1_198' title='bbox 3024 1382 3311 1452; x_wconf 89' lang='lat' dir='ltr'><strong>passionis.</strong></span> <span class='ocrx_word' id='word_1_199' title='bbox 3345 1382 3487 1438; x_wconf 91' lang='lat' dir='ltr'><strong>Con-</strong></span> 
     </span>
    </p>
   </div>
   <div class='ocr_carea' id='block_1_29' title="bbox 1902 1471 3488 1545">
    <p class='ocr_par' dir='ltr' id='par_1_29' title="bbox 1902 1471 3488 1545">
     <span class='ocr_line' id='line_1_29' title="bbox 1902 1471 3488 1545; baseline 0.004 -21"><span class='ocrx_word' id='word_1_200' title='bbox 1902 1480 2190 1539; x_wconf 89' lang='lat' dir='ltr'><strong>querentes</strong></span> <span class='ocrx_word' id='word_1_201' title='bbox 2217 1472 2357 1541; x_wconf 87' lang='lat' dir='ltr'><strong>apud</strong></span> <span class='ocrx_word' id='word_1_202' title='bbox 2387 1488 2509 1527; x_wconf 91' lang='lat' dir='ltr'><strong>eum</strong></span> <span class='ocrx_word' id='word_1_203' title='bbox 2546 1473 2614 1527; x_wconf 92' lang='lat' dir='ltr'><strong>de</strong></span> <span class='ocrx_word' id='word_1_204' title='bbox 2636 1471 2947 1529; x_wconf 76' lang='lat' dir='ltr'><strong>infirmitate</strong></span> <span class='ocrx_word' id='word_1_205' title='bbox 2986 1482 3169 1528; x_wconf 84' lang='lat' dir='ltr'><strong>nostra</strong></span> <span class='ocrx_word' id='word_1_206' title='bbox 3199 1473 3330 1542; x_wconf 84' lang='lat' dir='ltr'><strong>:qui</strong></span> <span class='ocrx_word' id='word_1_207' title='bbox 3368 1474 3488 1545; x_wconf 84' lang='lat' dir='ltr'><strong>ejus</strong></span> 
     </span>
    </p>
   </div>
   <div class='ocr_carea' id='block_1_30' title="bbox 1901 1563 3484 1637">
    <p class='ocr_par' dir='ltr' id='par_1_30' title="bbox 1901 1563 3484 1637">
     <span class='ocr_line' id='line_1_30' title="bbox 1901 1563 3484 1637; baseline 0.001 -17"><span class='ocrx_word' id='word_1_208' title='bbox 1901 1565 2172 1620; x_wconf 85' lang='lat' dir='ltr'><strong>roboravit</strong></span> <span class='ocrx_word' id='word_1_209' title='bbox 2202 1563 2503 1620; x_wconf 80' lang='lat' dir='ltr'><strong>infantiam.</strong></span> <span class='ocrx_word' id='word_1_210' title='bbox 2547 1566 2799 1622; x_wconf 89' lang='lat' dir='ltr'><strong>Petentes</strong></span> <span class='ocrx_word' id='word_1_211' title='bbox 2842 1567 2912 1621; x_wconf 90' lang='lat' dir='ltr'><strong>ab</strong></span> <span class='ocrx_word' id='word_1_212' title='bbox 2941 1581 3007 1622; x_wconf 91' lang='lat' dir='ltr'><strong>eo</strong></span> <span class='ocrx_word' id='word_1_213' title='bbox 3034 1567 3178 1637; x_wconf 93' lang='lat' dir='ltr'><strong>quod</strong></span> <span class='ocrx_word' id='word_1_214' title='bbox 3207 1567 3436 1637; x_wconf 89' lang='lat' dir='ltr'><strong>precipit</strong></span> <span class='ocrx_word' id='word_1_215' title='bbox 3468 1582 3484 1621; x_wconf 91' lang='lat'><strong>:</strong></span> 
     </span>
    </p>
   </div>
   <div class='ocr_carea' id='block_1_31' title="bbox 1901 1656 3485 1730">
    <p class='ocr_par' dir='ltr' id='par_1_31' title="bbox 1901 1656 3485 1730">
     <span class='ocr_line' id='line_1_31' title="bbox 1901 1656 3485 1730; baseline 0.003 -21"><span class='ocrx_word' id='word_1_216' title='bbox 1901 1663 1958 1709; x_wconf 94' lang='lat' dir='ltr'><strong>ut</strong></span> <span class='ocrx_word' id='word_1_217' title='bbox 2004 1656 2118 1724; x_wconf 91' lang='lat' dir='ltr'><strong>ipse</strong></span> <span class='ocrx_word' id='word_1_218' title='bbox 2167 1656 2365 1711; x_wconf 87' lang='lat' dir='ltr'><strong>tribuat</strong></span> <span class='ocrx_word' id='word_1_219' title='bbox 2413 1656 2555 1727; x_wconf 93' lang='lat' dir='ltr'><strong>quod</strong></span> <span class='ocrx_word' id='word_1_220' title='bbox 2596 1658 2859 1730; x_wconf 74' lang='lat' dir='ltr'><strong>prpmisit.</strong></span> <span class='ocrx_word' id='word_1_221' title='bbox 2915 1659 3236 1714; x_wconf 91' lang='lat' dir='ltr'><strong>luvocantes</strong></span> <span class='ocrx_word' id='word_1_222' title='bbox 3262 1673 3384 1713; x_wconf 89' lang='lat' dir='ltr'><strong>cum</strong></span> <span class='ocrx_word' id='word_1_223' title='bbox 3421 1673 3485 1713; x_wconf 90' lang='lat' dir='ltr'><strong>ea</strong></span> 
     </span>
    </p>
   </div>
   <div class='ocr_carea' id='block_1_32' title="bbox 1901 1746 3483 1817">
    <p class='ocr_par' dir='ltr' id='par_1_32' title="bbox 1901 1746 3483 1817">
     <span class='ocr_line' id='line_1_32' title="bbox 1901 1746 3483 1817; baseline 0.001 -16"><span class='ocrx_word' id='word_1_224' title='bbox 1901 1746 2115 1817; x_wconf 88' lang='lat' dir='ltr'><strong>pictatis</strong></span> <span class='ocrx_word' id='word_1_225' title='bbox 2179 1748 2475 1802; x_wconf 89' lang='lat' dir='ltr'><strong>intentione</strong></span> <span class='ocrx_word' id='word_1_226' title='bbox 2528 1758 2552 1786; x_wconf 77' lang='grc' dir='ltr'><strong>ο</strong></span> <span class='ocrx_word' id='word_1_227' title='bbox 2596 1748 2922 1817; x_wconf 83' lang='lat' dir='ltr'><strong>parcendum</strong></span> <span class='ocrx_word' id='word_1_228' title='bbox 2988 1750 3207 1804; x_wconf 91' lang='lat' dir='ltr'><strong>miserie</strong></span> <span class='ocrx_word' id='word_1_229' title='bbox 3257 1757 3483 1804; x_wconf 90' lang='lat' dir='ltr'><strong>nostre:</strong></span> 
     </span>
    </p>
   </div>
   <div class='ocr_carea' id='block_1_33' title="bbox 290 1833 3485 1911">
    <p class='ocr_par' dir='ltr' id='par_1_33' title="bbox 290 1833 3485 1911">
     <span class='ocr_line' id='line_1_33' title="bbox 290 1833 3485 1911; baseline 0.003 -22"><span class='ocrx_word' id='word_1_230' title='bbox 290 1836 409 1890; x_wconf 86' lang='lat' dir='ltr'><strong>Post</strong></span> <span class='ocrx_word' id='word_1_231' title='bbox 444 1836 685 1892; x_wconf 83' lang='lat' dir='ltr'><strong>Sanctus.</strong></span> <span class='ocrx_word' id='word_1_232' title='bbox 717 1837 857 1893; x_wconf 83' lang='lat' dir='ltr'><strong>Vere</strong></span> <span class='ocrx_word' id='word_1_233' title='bbox 892 1847 1114 1893; x_wconf 88' lang='lat' dir='ltr'><strong>sanctus</strong></span> <span class='ocrx_word' id='word_1_234' title='bbox 1144 1855 1159 1893; x_wconf 90' lang='lat'><strong>:</strong></span> <span class='ocrx_word' id='word_1_235' title='bbox 1184 1853 1310 1894; x_wconf 83' lang='lat' dir='ltr'><strong>vere</strong></span> <span class='ocrx_word' id='word_1_236' title='bbox 1345 1839 1659 1896; x_wconf 90' lang='lat' dir='ltr'><strong>benedictus</strong></span> <span class='ocrx_word' id='word_1_237' title='bbox 1688 1841 1794 1896; x_wconf 84' lang='lat' dir='ltr'><strong>Do-</strong></span> <span class='ocrx_word' id='word_1_238' title='bbox 1828 1833 1874 1893; x_wconf 90' lang='lat' dir='ltr'><strong>B</strong></span> <span class='ocrx_word' id='word_1_239' title='bbox 1901 1853 2003 1908; x_wconf 86' lang='lat' dir='ltr'><strong>qua</strong></span> <span class='ocrx_word' id='word_1_240' title='bbox 2034 1839 2383 1894; x_wconf 90' lang='lat' dir='ltr'><strong>miseratione</strong></span> <span class='ocrx_word' id='word_1_241' title='bbox 2412 1852 2512 1893; x_wconf 91' lang='lat' dir='ltr'><strong>nos</strong></span> <span class='ocrx_word' id='word_1_242' title='bbox 2555 1838 2923 1896; x_wconf 77' lang='lat' dir='ltr'><strong>docuit&#39;orare</strong></span> <span class='ocrx_word' id='word_1_243' title='bbox 2952 1856 3171 1911; x_wconf 84' lang='lat' dir='ltr'><strong>semper</strong></span> <span class='ocrx_word' id='word_1_244' title='bbox 3199 1850 3255 1896; x_wconf 90' lang='lat' dir='ltr'><strong>et</strong></span> <span class='ocrx_word' id='word_1_245' title='bbox 3282 1841 3485 1898; x_wconf 90' lang='lat' dir='ltr'><strong>dicere.</strong></span> 
     </span>
    </p>
   </div>
   <div class='ocr_carea' id='block_1_34' title="bbox 216 1929 1791 2007">
    <p class='ocr_par' dir='ltr' id='par_1_34' title="bbox 216 1929 1791 2007">
     <span class='ocr_line' id='line_1_34' title="bbox 216 1929 1791 2007; baseline 0.006 -24"><span class='ocrx_word' id='word_1_246' title='bbox 216 1929 385 1984; x_wconf 91' lang='lat' dir='ltr'><strong>minus</strong></span> <span class='ocrx_word' id='word_1_247' title='bbox 424 1940 604 1987; x_wconf 90' lang='lat' dir='ltr'><strong>noster</strong></span> <span class='ocrx_word' id='word_1_248' title='bbox 624 1931 779 1987; x_wconf 85' lang='lat' dir='ltr'><strong>Jesus</strong></span> <span class='ocrx_word' id='word_1_249' title='bbox 816 1931 1066 1988; x_wconf 88' lang='lat' dir='ltr'><strong>Christus</strong></span> <span class='ocrx_word' id='word_1_250' title='bbox 1105 1931 1247 1989; x_wconf 88' lang='lat' dir='ltr'><strong>filius</strong></span> <span class='ocrx_word' id='word_1_251' title='bbox 1294 1942 1419 1989; x_wconf 91' lang='lat' dir='ltr'><strong>tuus</strong></span> <span class='ocrx_word' id='word_1_252' title='bbox 1450 1952 1465 1989; x_wconf 89' lang='lat'><strong>:</strong></span> <span class='ocrx_word' id='word_1_253' title='bbox 1498 1951 1593 2005; x_wconf 92' lang='lat' dir='ltr'><strong>pro</strong></span> <span class='ocrx_word' id='word_1_254' title='bbox 1639 1936 1791 2007; x_wconf 87' lang='lat' dir='ltr'><strong>cujus</strong></span> 
     </span>
    </p>
   </div>
   <div class='ocr_carea' id='block_1_35' title="bbox 217 2021 1791 2096">
    <p class='ocr_par' dir='ltr' id='par_1_35' title="bbox 217 2021 1791 2096">
     <span class='ocr_line' id='line_1_35' title="bbox 217 2021 1791 2096; baseline 0.006 -22"><span class='ocrx_word' id='word_1_255' title='bbox 217 2021 425 2075; x_wconf 86' lang='lat' dir='ltr'><strong>nomine</strong></span> <span class='ocrx_word' id='word_1_256' title='bbox 455 2021 757 2079; x_wconf 86' lang='lat' dir='ltr'><strong>beatissima</strong></span> <span class='ocrx_word' id='word_1_257' title='bbox 789 2032 995 2096; x_wconf 83' lang='lat' dir='ltr'><strong>martyr</strong></span> <span class='ocrx_word' id='word_1_258' title='bbox 1032 2024 1240 2080; x_wconf 88' lang='lat' dir='ltr'><strong>Eulalia</strong></span> <span class='ocrx_word' id='word_1_259' title='bbox 1284 2027 1632 2084; x_wconf 90' lang='lat' dir='ltr'><strong>cremandum</strong></span> <span class='ocrx_word' id='word_1_260' title='bbox 1668 2043 1791 2084; x_wconf 62' lang='lat' dir='ltr'><strong>coro</strong></span> 
     </span>
    </p>
   </div>
   <div class='ocr_carea' id='block_1_36' title="bbox 214 2113 1789 2186">
    <p class='ocr_par' dir='ltr' id='par_1_36' title="bbox 214 2113 1789 2186">
     <span class='ocr_line' id='line_1_36' title="bbox 214 2113 1789 2186; baseline 0.008 -21"><span class='ocrx_word' id='word_1_261' title='bbox 214 2124 311 2183; x_wconf 90' lang='lat' dir='ltr'><strong>pus</strong></span> <span class='ocrx_word' id='word_1_262' title='bbox 338 2127 489 2167; x_wconf 92' lang='lat' dir='ltr'><strong>suum</strong></span> <span class='ocrx_word' id='word_1_263' title='bbox 518 2114 709 2169; x_wconf 90' lang='lat' dir='ltr'><strong>obtulit</strong></span> <span class='ocrx_word' id='word_1_264' title='bbox 738 2113 970 2170; x_wconf 88' lang='lat' dir='ltr'><strong>ﬂammis</strong></span> <span class='ocrx_word' id='word_1_265' title='bbox 1000 2134 1013 2169; x_wconf 89' lang='lat'>:</span> <span class='ocrx_word' id='word_1_266' title='bbox 1048 2118 1348 2186; x_wconf 91' lang='lat' dir='ltr'><strong>suscipiens</strong></span> <span class='ocrx_word' id='word_1_267' title='bbox 1372 2119 1656 2176; x_wconf 88' lang='lat' dir='ltr'><strong>candentis</strong></span> <span class='ocrx_word' id='word_1_268' title='bbox 1685 2121 1789 2177; x_wconf 90' lang='lat' dir='ltr'><strong>olei</strong></span> 
     </span>
    </p>
   </div>
   <div class='ocr_carea' id='block_1_37' title="bbox 204 2202 1792 2281">
    <p class='ocr_par' dir='ltr' id='par_1_37' title="bbox 204 2202 1792 2281">
     <span class='ocr_line' id='line_1_37' title="bbox 204 2202 1792 2281; baseline 0.006 -25"><span class='ocrx_word' id='word_1_269' title='bbox 204 2202 524 2271; x_wconf 83' lang='lat' dir='ltr'><strong>supplicium</strong></span> <span class='ocrx_word' id='word_1_270' title='bbox 566 2205 622 2259; x_wconf 89' lang='lat' dir='ltr'><strong>in</strong></span> <span class='ocrx_word' id='word_1_271' title='bbox 653 2204 968 2259; x_wconf 87' lang='lat' dir='ltr'><strong>mammillis</strong></span> <span class='ocrx_word' id='word_1_272' title='bbox 999 2222 1014 2259; x_wconf 89' lang='lat'><strong>:</strong></span> <span class='ocrx_word' id='word_1_273' title='bbox 1047 2220 1109 2261; x_wconf 89' lang='lat' dir='ltr'><strong>ac</strong></span> <span class='ocrx_word' id='word_1_274' title='bbox 1143 2221 1238 2276; x_wconf 91' lang='lat' dir='ltr'><strong>per</strong></span> <span class='ocrx_word' id='word_1_275' title='bbox 1269 2208 1475 2279; x_wconf 87' lang='lat' dir='ltr'><strong>reliqua</strong></span> <span class='ocrx_word' id='word_1_276' title='bbox 1506 2211 1792 2281; x_wconf 84' lang='lat' dir='ltr'><strong>supplicio-</strong></span> 
     </span>
    </p>
   </div>
   <div class='ocr_carea' id='block_1_38' title="bbox 191 2296 1792 2367">
    <p class='ocr_par' dir='ltr' id='par_1_38' title="bbox 191 2296 1792 2367">
     <span class='ocr_line' id='line_1_38' title="bbox 191 2296 1792 2367; baseline 0.007 -16"><span class='ocrx_word' id='word_1_277' title='bbox 191 2306 306 2351; x_wconf 88' lang='lat' dir='ltr'><strong>rum</strong></span> <span class='ocrx_word' id='word_1_278' title='bbox 331 2310 543 2367; x_wconf 82' lang='lat' dir='ltr'><strong>genera</strong></span> <span class='ocrx_word' id='word_1_279' title='bbox 566 2298 726 2352; x_wconf 89' lang='lat' dir='ltr'><strong>finem</strong></span> <span class='ocrx_word' id='word_1_280' title='bbox 757 2296 961 2353; x_wconf 88' lang='lat' dir='ltr'><strong>faciens</strong></span> <span class='ocrx_word' id='word_1_281' title='bbox 990 2299 1276 2367; x_wconf 89' lang='lat' dir='ltr'><strong>passionis.</strong></span> <span class='ocrx_word' id='word_1_282' title='bbox 1312 2301 1399 2357; x_wconf 87' lang='lat' dir='ltr'><strong>illa</strong></span> <span class='ocrx_word' id='word_1_283' title='bbox 1428 2305 1627 2360; x_wconf 90' lang='lat' dir='ltr'><strong>etenim</strong></span> <span class='ocrx_word' id='word_1_284' title='bbox 1664 2320 1792 2361; x_wconf 83' lang='lat' dir='ltr'><strong>ecu-</strong></span> 
     </span>
    </p>
   </div>
   <div class='ocr_carea' id='block_1_39' title="bbox 192 2386 1791 2461">
    <p class='ocr_par' dir='ltr' id='par_1_39' title="bbox 192 2386 1791 2461">
     <span class='ocr_line' id='line_1_39' title="bbox 192 2386 1791 2461; baseline 0.008 -19"><span class='ocrx_word' id='word_1_285' title='bbox 192 2386 279 2442; x_wconf 87' lang='lat' dir='ltr'><strong>leo</strong></span> <span class='ocrx_word' id='word_1_286' title='bbox 321 2388 590 2458; x_wconf 82' lang='lat' dir='ltr'><strong>imposita</strong></span> <span class='ocrx_word' id='word_1_287' title='bbox 629 2389 881 2457; x_wconf 89' lang='lat' dir='ltr'><strong>cruciqne</strong></span> <span class='ocrx_word' id='word_1_288' title='bbox 907 2405 1134 2461; x_wconf 90' lang='lat' dir='ltr'><strong>appensa</strong></span> <span class='ocrx_word' id='word_1_289' title='bbox 1172 2410 1185 2446; x_wconf 91' lang='lat'>:</span> <span class='ocrx_word' id='word_1_290' title='bbox 1223 2404 1276 2449; x_wconf 89' lang='lat' dir='ltr'><strong>te</strong></span> <span class='ocrx_word' id='word_1_291' title='bbox 1324 2410 1490 2451; x_wconf 92' lang='lat' dir='ltr'><strong>unum</strong></span> <span class='ocrx_word' id='word_1_292' title='bbox 1521 2406 1575 2452; x_wconf 91' lang='lat' dir='ltr'><strong>et</strong></span> <span class='ocrx_word' id='word_1_293' title='bbox 1605 2413 1791 2453; x_wconf 89' lang='lat' dir='ltr'><strong>verum</strong></span> 
     </span>
    </p>
   </div>
   <div class='ocr_carea' id='block_1_40' title="bbox 197 2479 1793 2548">
    <p class='ocr_par' dir='ltr' id='par_1_40' title="bbox 197 2479 1793 2548">
     <span class='ocr_line' id='line_1_40' title="bbox 197 2479 1793 2548; baseline 0.006 -11"><span class='ocrx_word' id='word_1_294' title='bbox 197 2479 364 2537; x_wconf 87' lang='lat' dir='ltr'><strong>Deum</strong></span> <span class='ocrx_word' id='word_1_295' title='bbox 395 2482 465 2536; x_wconf 70' lang='lat' dir='ltr'><strong>in.</strong></span> <span class='ocrx_word' id='word_1_296' title='bbox 500 2479 763 2535; x_wconf 83' lang='lat' dir='ltr'><strong>Trinitate</strong></span> <span class='ocrx_word' id='word_1_297' title='bbox 795 2482 1033 2548; x_wconf 85' lang='lat' dir='ltr'><strong>professa</strong></span> <span class='ocrx_word' id='word_1_298' title='bbox 1081 2492 1159 2539; x_wconf 91' lang='lat' dir='ltr'><strong>est</strong></span> <span class='ocrx_word' id='word_1_299' title='bbox 1190 2486 1246 2540; x_wconf 93' lang='lat' dir='ltr'><strong>in</strong></span> <span class='ocrx_word' id='word_1_300' title='bbox 1284 2501 1415 2542; x_wconf 90' lang='lat' dir='ltr'><strong>voce</strong></span> <span class='ocrx_word' id='word_1_301' title='bbox 1451 2503 1549 2545; x_wconf 90' lang='lat' dir='ltr'><strong>sue</strong></span> <span class='ocrx_word' id='word_1_302' title='bbox 1583 2489 1793 2546; x_wconf 87' lang='lat' dir='ltr'><strong>confes-</strong></span> 
     </span>
    </p>
   </div>
   <div class='ocr_carea' id='block_1_41' title="bbox 200 2568 1793 2649">
    <p class='ocr_par' dir='ltr' id='par_1_41' title="bbox 200 2568 1793 2649">
     <span class='ocr_line' id='line_1_41' title="bbox 200 2568 1793 2649; baseline 0.006 -23"><span class='ocrx_word' id='word_1_303' title='bbox 200 2572 368 2626; x_wconf 80' lang='lat' dir='ltr'><strong>sionis</strong></span> <span class='ocrx_word' id='word_1_304' title='bbox 398 2578 507 2627; x_wconf 71' lang='grc' dir='ltr'><strong>εει</strong></span> <span class='ocrx_word' id='word_1_305' title='bbox 527 2568 731 2626; x_wconf 87' lang='lat' dir='ltr'><strong>laudem</strong></span> <span class='ocrx_word' id='word_1_306' title='bbox 764 2573 836 2625; x_wconf 91' lang='lat' dir='ltr'><strong>tui</strong></span> <span class='ocrx_word' id='word_1_307' title='bbox 866 2574 1076 2628; x_wconf 87' lang='lat' dir='ltr'><strong>honoris</strong></span> <span class='ocrx_word' id='word_1_308' title='bbox 1101 2592 1114 2627; x_wconf 87' lang='lat'><strong>:</strong></span> <span class='ocrx_word' id='word_1_309' title='bbox 1136 2575 1217 2630; x_wconf 92' lang='lat' dir='ltr'><strong>Ob</strong></span> <span class='ocrx_word' id='word_1_310' title='bbox 1242 2579 1342 2633; x_wconf 93' lang='lat' dir='ltr'><strong>hoc</strong></span> <span class='ocrx_word' id='word_1_311' title='bbox 1370 2586 1422 2634; x_wconf 91' lang='lat' dir='ltr'><strong>te</strong></span> <span class='ocrx_word' id='word_1_312' title='bbox 1446 2580 1675 2649; x_wconf 90' lang='lat' dir='ltr'><strong>petimus</strong></span> <span class='ocrx_word' id='word_1_313' title='bbox 1703 2583 1793 2636; x_wconf 87' lang='lat' dir='ltr'><strong>im-</strong></span> 
     </span>
    </p>
   </div>
   <div class='ocr_carea' id='block_1_42' title="bbox 215 2662 1793 2743">
    <p class='ocr_par' dir='ltr' id='par_1_42' title="bbox 215 2662 1793 2743">
     <span class='ocr_line' id='line_1_42' title="bbox 215 2662 1793 2743; baseline 0.009 -26"><span class='ocrx_word' id='word_1_314' title='bbox 215 2676 400 2717; x_wconf 82' lang='lat' dir='ltr'><strong>mensa</strong></span> <span class='ocrx_word' id='word_1_315' title='bbox 418 2662 623 2717; x_wconf 84' lang='lat' dir='ltr'><strong>bonitas</strong></span> <span class='ocrx_word' id='word_1_316' title='bbox 657 2678 868 2719; x_wconf 90' lang='lat' dir='ltr'><strong>summe</strong></span> <span class='ocrx_word' id='word_1_317' title='bbox 887 2665 1024 2722; x_wconf 91' lang='lat' dir='ltr'><strong>Deus</strong></span> <span class='ocrx_word' id='word_1_318' title='bbox 1049 2684 1062 2720; x_wconf 91' lang='lat'>:</span> <span class='ocrx_word' id='word_1_319' title='bbox 1086 2668 1259 2739; x_wconf 91' lang='lat' dir='ltr'><strong>utqui</strong></span> <span class='ocrx_word' id='word_1_320' title='bbox 1291 2686 1409 2726; x_wconf 90' lang='lat' dir='ltr'><strong>eam</strong></span> <span class='ocrx_word' id='word_1_321' title='bbox 1428 2672 1496 2727; x_wconf 88' lang='lat' dir='ltr'><strong>de</strong></span> <span class='ocrx_word' id='word_1_322' title='bbox 1521 2681 1599 2727; x_wconf 91' lang='lat' dir='ltr'><strong>tot</strong></span> <span class='ocrx_word' id='word_1_323' title='bbox 1628 2689 1793 2743; x_wconf 89' lang='lat' dir='ltr'><strong>pena-</strong></span> 
     </span>
    </p>
   </div>
   <div class='ocr_carea' id='block_1_43' title="bbox 215 2757 1794 2838">
    <p class='ocr_par' dir='ltr' id='par_1_43' title="bbox 215 2757 1794 2838">
     <span class='ocr_line' id='line_1_43' title="bbox 215 2757 1794 2838; baseline 0.008 -27"><span class='ocrx_word' id='word_1_324' title='bbox 215 2769 330 2811; x_wconf 86' lang='lat' dir='ltr'><strong>rum</strong></span> <span class='ocrx_word' id='word_1_325' title='bbox 379 2757 651 2825; x_wconf 77' lang='lat' dir='ltr'><strong>generibus</strong></span> <span class='ocrx_word' id='word_1_326' title='bbox 700 2757 1026 2829; x_wconf 87' lang='lat' dir='ltr'><strong>triumphare</strong></span> <span class='ocrx_word' id='word_1_327' title='bbox 1073 2761 1249 2818; x_wconf 80' lang='lat' dir='ltr'><strong>fecisti</strong></span> <span class='ocrx_word' id='word_1_328' title='bbox 1292 2781 1305 2817; x_wconf 91' lang='lat'><strong>:</strong></span> <span class='ocrx_word' id='word_1_329' title='bbox 1360 2764 1467 2837; x_wconf 70' lang='lat'><strong>32</strong></span> <span class='ocrx_word' id='word_1_330' title='bbox 1525 2781 1623 2822; x_wconf 90' lang='lat' dir='ltr'><strong>nos</strong></span> <span class='ocrx_word' id='word_1_331' title='bbox 1676 2768 1794 2838; x_wconf 89' lang='lat' dir='ltr'><strong>ejus</strong></span> 
     </span>
    </p>
   </div>
   <div class='ocr_carea' id='block_1_44' title="bbox 214 2848 1794 2931">
    <p class='ocr_par' dir='ltr' id='par_1_44' title="bbox 214 2848 1794 2931">
     <span class='ocr_line' id='line_1_44' title="bbox 214 2848 1794 2931; baseline 0.009 -29"><span class='ocrx_word' id='word_1_332' title='bbox 214 2848 453 2919; x_wconf 87' lang='lat' dir='ltr'><strong>precibus</strong></span> <span class='ocrx_word' id='word_1_333' title='bbox 470 2858 521 2904; x_wconf 92' lang='lat' dir='ltr'><strong>et</strong></span> <span class='ocrx_word' id='word_1_334' title='bbox 540 2849 622 2904; x_wconf 91' lang='lat' dir='ltr'><strong>hic</strong></span> <span class='ocrx_word' id='word_1_335' title='bbox 640 2849 694 2905; x_wconf 91' lang='lat' dir='ltr'><strong>in</strong></span> <span class='ocrx_word' id='word_1_336' title='bbox 716 2853 895 2908; x_wconf 90' lang='lat' dir='ltr'><strong>seculo</strong></span> <span class='ocrx_word' id='word_1_337' title='bbox 916 2856 1240 2925; x_wconf 83' lang='lat' dir='ltr'><strong>protegendo</strong></span> <span class='ocrx_word' id='word_1_338' title='bbox 1263 2858 1526 2914; x_wconf 89' lang='lat' dir='ltr'><strong>salvilices</strong></span> <span class='ocrx_word' id='word_1_339' title='bbox 1550 2877 1564 2915; x_wconf 90' lang='lat'><strong>:</strong></span> <span class='ocrx_word' id='word_1_340' title='bbox 1590 2869 1645 2916; x_wconf 92' lang='lat' dir='ltr'><strong>et</strong></span> <span class='ocrx_word' id='word_1_341' title='bbox 1669 2876 1794 2931; x_wconf 91' lang='lat' dir='ltr'><strong>per-</strong></span> 
     </span>
    </p>
   </div>
   <div class='ocr_carea' id='block_1_45' title="bbox 214 2941 1792 3011">
    <p class='ocr_par' dir='ltr' id='par_1_45' title="bbox 214 2941 1792 3011">
     <span class='ocr_line' id='line_1_45' title="bbox 214 2941 1792 3011; baseline 0.008 -17"><span class='ocrx_word' id='word_1_342' title='bbox 214 2950 319 2997; x_wconf 87' lang='lat' dir='ltr'><strong>acto</strong></span> <span class='ocrx_word' id='word_1_343' title='bbox 352 2941 633 2998; x_wconf 90' lang='lat' dir='ltr'><strong>luctamine</strong></span> <span class='ocrx_word' id='word_1_344' title='bbox 662 2945 845 2999; x_wconf 88' lang='lat' dir='ltr'><strong>mundi</strong></span> <span class='ocrx_word' id='word_1_345' title='bbox 868 2964 880 2998; x_wconf 90' lang='lat'>:</span> <span class='ocrx_word' id='word_1_346' title='bbox 903 2949 1102 3003; x_wconf 87' lang='lat' dir='ltr'><strong>sanctis</strong></span> <span class='ocrx_word' id='word_1_347' title='bbox 1121 2949 1224 3003; x_wconf 91' lang='lat' dir='ltr'><strong>tuis</strong></span> <span class='ocrx_word' id='word_1_348' title='bbox 1239 2949 1444 3006; x_wconf 86' lang='lat' dir='ltr'><strong>efficias</strong></span> <span class='ocrx_word' id='word_1_349' title='bbox 1463 2952 1792 3011; x_wconf 84' lang='lat' dir='ltr'><strong>coheredes:</strong></span> 
     </span>
    </p>
   </div>
   <div class='ocr_carea' id='block_1_46' title="bbox 215 3030 1441 3110">
    <p class='ocr_par' dir='ltr' id='par_1_46' title="bbox 215 3030 1441 3110">
     <span class='ocr_line' id='line_1_46' title="bbox 215 3030 1441 3110; baseline 0.007 -24"><span class='ocrx_word' id='word_1_350' title='bbox 215 3030 445 3089; x_wconf 86' lang='lat' dir='ltr'><strong>Christus</strong></span> <span class='ocrx_word' id='word_1_351' title='bbox 476 3035 726 3091; x_wconf 90' lang='lat' dir='ltr'><strong>Dominus</strong></span> <span class='ocrx_word' id='word_1_352' title='bbox 751 3051 816 3092; x_wconf 91' lang='lat' dir='ltr'><strong>ac</strong></span> <span class='ocrx_word' id='word_1_353' title='bbox 841 3037 1173 3110; x_wconf 78' lang='lat' dir='ltr'><strong>Redemptor</strong></span> <span class='ocrx_word' id='word_1_354' title='bbox 1202 3051 1441 3097; x_wconf 85' lang='lat' dir='ltr'><strong>eternus.</strong></span> 
     </span>
    </p>
   </div>
   <div class='ocr_carea' id='block_1_47' title="bbox 279 3124 1787 3207">
    <p class='ocr_par' dir='ltr' id='par_1_47' title="bbox 279 3124 1787 3207">
     <span class='ocr_line' id='line_1_47' title="bbox 279 3124 1787 3207; baseline 0.012 -29"><span class='ocrx_word' id='word_1_355' title='bbox 279 3124 400 3179; x_wconf 82' lang='lat' dir='ltr'><strong>Post</strong></span> <span class='ocrx_word' id='word_1_356' title='bbox 426 3127 588 3198; x_wconf 83' lang='lat' dir='ltr'><strong>pridie</strong></span> <span class='ocrx_word' id='word_1_357' title='bbox 620 3127 822 3183; x_wconf 87' lang='lat' dir='ltr'><strong>Oratio.</strong></span> <span class='ocrx_word' id='word_1_358' title='bbox 859 3129 999 3186; x_wconf 82' lang='lat' dir='ltr'><strong>Deus</strong></span> <span class='ocrx_word' id='word_1_359' title='bbox 1032 3133 1123 3202; x_wconf 89' lang='lat' dir='ltr'><strong>qui</strong></span> <span class='ocrx_word' id='word_1_360' title='bbox 1164 3131 1379 3189; x_wconf 87' lang='lat' dir='ltr'><strong>fervens</strong></span> <span class='ocrx_word' id='word_1_361' title='bbox 1406 3146 1427 3174; x_wconf 76' lang='grc' dir='ltr'><strong>ο</strong></span> <span class='ocrx_word' id='word_1_362' title='bbox 1461 3138 1787 3207; x_wconf 86' lang='lat' dir='ltr'><strong>supplicium</strong></span> 
     </span>
    </p>
   </div>
   <div class='ocr_carea' id='block_1_48' title="bbox 1896 1931 2567 2004">
    <p class='ocr_par' dir='ltr' id='par_1_48' title="bbox 1896 1931 2567 2004">
     <span class='ocr_line' id='line_1_48' title="bbox 1896 1931 2567 2004; baseline 0 -17"><span class='ocrx_word' id='word_1_363' title='bbox 1896 1931 2057 1989; x_wconf 91' lang='lat' dir='ltr'><strong>Pater</strong></span> <span class='ocrx_word' id='word_1_364' title='bbox 2083 1942 2268 1988; x_wconf 90' lang='lat' dir='ltr'><strong>noster</strong></span> <span class='ocrx_word' id='word_1_365' title='bbox 2294 1933 2382 2004; x_wconf 93' lang='lat' dir='ltr'><strong>qui</strong></span> <span class='ocrx_word' id='word_1_366' title='bbox 2407 1934 2567 1988; x_wconf 85' lang='lat' dir='ltr'><strong>es‘in.</strong></span> 
     </span>
    </p>
   </div>
   <div class='ocr_carea' id='block_1_49' title="bbox 1973 2022 3488 2097">
    <p class='ocr_par' dir='ltr' id='par_1_49' title="bbox 1973 2022 3488 2097">
     <span class='ocr_line' id='line_1_49' title="bbox 1973 2022 3488 2097; baseline 0.005 -22"><span class='ocrx_word' id='word_1_367' title='bbox 1973 2022 2288 2080; x_wconf 78' lang='lat' dir='ltr'><strong>Benedictio.</strong></span> <span class='ocrx_word' id='word_1_368' title='bbox 2330 2022 2485 2079; x_wconf 85' lang='lat' dir='ltr'><strong>Jesus</strong></span> <span class='ocrx_word' id='word_1_369' title='bbox 2516 2022 2765 2079; x_wconf 88' lang='lat' dir='ltr'><strong>Christus</strong></span> <span class='ocrx_word' id='word_1_370' title='bbox 2788 2023 3042 2080; x_wconf 91' lang='lat' dir='ltr'><strong>Dominus</strong></span> <span class='ocrx_word' id='word_1_371' title='bbox 3070 2023 3159 2095; x_wconf 90' lang='lat' dir='ltr'><strong>qui</strong></span> <span class='ocrx_word' id='word_1_372' title='bbox 3191 2032 3488 2097; x_wconf 86' lang='lat' dir='ltr'><strong>martyrem</strong></span> 
     </span>
    </p>
   </div>
   <div class='ocr_carea' id='block_1_50' title="bbox 1896 2114 3487 2188">
    <p class='ocr_par' dir='ltr' id='par_1_50' title="bbox 1896 2114 3487 2188">
     <span class='ocr_line' id='line_1_50' title="bbox 1896 2114 3487 2188; baseline 0.001 -17"><span class='ocrx_word' id='word_1_373' title='bbox 1896 2129 2048 2171; x_wconf 86' lang='lat' dir='ltr'><strong>suam</strong></span> <span class='ocrx_word' id='word_1_374' title='bbox 2095 2116 2356 2171; x_wconf 84' lang='lat' dir='ltr'><strong>Eulaliam</strong></span> <span class='ocrx_word' id='word_1_375' title='bbox 2390 2114 2409 2154; x_wconf 74' lang='grc' dir='ltr'><strong>ί</strong></span> <span class='ocrx_word' id='word_1_376' title='bbox 2444 2117 2723 2172; x_wconf 86' lang='lat' dir='ltr'><strong>coronavit</strong></span> <span class='ocrx_word' id='word_1_377' title='bbox 2764 2125 2884 2186; x_wconf 90' lang='lat' dir='ltr'><strong>post</strong></span> <span class='ocrx_word' id='word_1_378' title='bbox 2929 2117 3200 2175; x_wconf 85' lang='lat' dir='ltr'><strong>ﬂammam</strong></span> <span class='ocrx_word' id='word_1_379' title='bbox 3232 2135 3247 2173; x_wconf 90' lang='lat'><strong>:</strong></span> <span class='ocrx_word' id='word_1_380' title='bbox 3278 2118 3395 2188; x_wconf 86' lang='lat' dir='ltr'><strong>ipse</strong></span> <span class='ocrx_word' id='word_1_381' title='bbox 3431 2118 3487 2173; x_wconf 89' lang='lat' dir='ltr'><strong>in</strong></span> 
     </span>
    </p>
   </div>
   <div class='ocr_carea' id='block_1_51' title="bbox 1896 2195 3489 2281">
    <p class='ocr_par' dir='ltr' id='par_1_51' title="bbox 1896 2195 3489 2281">
     <span class='ocr_line' id='line_1_51' title="bbox 1896 2195 3489 2281; baseline 0 -16"><span class='ocrx_word' id='word_1_382' title='bbox 1896 2209 2047 2265; x_wconf 89' lang='lat' dir='ltr'><strong>vobis</strong></span> <span class='ocrx_word' id='word_1_383' title='bbox 2089 2195 2589 2278; x_wconf 40' lang='lat' dir='ltr'><strong>male&#39;cupiditatis</strong></span> <span class='ocrx_word' id='word_1_384' title='bbox 2636 2211 2923 2281; x_wconf 88' lang='lat' dir='ltr'><strong>restringat</strong></span> <span class='ocrx_word' id='word_1_385' title='bbox 2960 2211 3229 2266; x_wconf 87' lang='lat' dir='ltr'><strong>incendia.</strong></span> <span class='ocrx_word' id='word_1_386' title='bbox 3282 2211 3349 2266; x_wconf 88' lang='lat' dir='ltr'><strong>Et</strong></span> <span class='ocrx_word' id='word_1_387' title='bbox 3392 2210 3489 2281; x_wconf 90' lang='lat' dir='ltr'><strong>qui</strong></span> 
     </span>
    </p>
   </div>
   <div class='ocr_carea' id='block_1_52' title="bbox 1896 2304 3488 2376">
    <p class='ocr_par' dir='ltr' id='par_1_52' title="bbox 1896 2304 3488 2376">
     <span class='ocr_line' id='line_1_52' title="bbox 1896 2304 3488 2376; baseline -0.003 -15"><span class='ocrx_word' id='word_1_388' title='bbox 1896 2304 2014 2376; x_wconf 88' lang='lat' dir='ltr'><strong>ejus</strong></span> <span class='ocrx_word' id='word_1_389' title='bbox 2068 2305 2450 2375; x_wconf 89' lang='lat' dir='ltr'><strong>corpusculum</strong></span> <span class='ocrx_word' id='word_1_390' title='bbox 2500 2305 2639 2360; x_wconf 86' lang='lat' dir='ltr'><strong>nivei</strong></span> <span class='ocrx_word' id='word_1_391' title='bbox 2692 2306 2942 2360; x_wconf 86' lang='lat' dir='ltr'><strong>candoris</strong></span> <span class='ocrx_word' id='word_1_392' title='bbox 2997 2306 3195 2361; x_wconf 89' lang='lat' dir='ltr'><strong>velavit</strong></span> <span class='ocrx_word' id='word_1_393' title='bbox 3230 2305 3431 2360; x_wconf 91' lang='lat' dir='ltr'><strong>amictu</strong></span> <span class='ocrx_word' id='word_1_394' title='bbox 3471 2319 3488 2357; x_wconf 87' lang='lat'><strong>:</strong></span> 
     </span>
    </p>
   </div>
   <div class='ocr_carea' id='block_1_53' title="bbox 1876 2397 3475 2467">
    <p class='ocr_par' dir='ltr' id='par_1_53' title="bbox 1876 2397 3475 2467">
     <span class='ocr_line' id='line_1_53' title="bbox 1876 2397 3475 2467; baseline -0.001 -14"><span class='ocrx_word' id='word_1_395' title='bbox 1876 2397 2016 2466; x_wconf 70' lang='lat' dir='ltr'><strong>,ipse</strong></span> <span class='ocrx_word' id='word_1_396' title='bbox 2055 2410 2151 2451; x_wconf 92' lang='lat' dir='ltr'><strong>vos</strong></span> <span class='ocrx_word' id='word_1_397' title='bbox 2193 2412 2221 2450; x_wconf 92' lang='lat' dir='ltr'><strong>a</strong></span> <span class='ocrx_word' id='word_1_398' title='bbox 2268 2404 2491 2467; x_wconf 91' lang='lat' dir='ltr'><strong>peccato</strong></span> <span class='ocrx_word' id='word_1_399' title='bbox 2537 2397 2782 2466; x_wconf 89' lang='lat' dir='ltr'><strong>purificet</strong></span> <span class='ocrx_word' id='word_1_400' title='bbox 2824 2406 2877 2451; x_wconf 90' lang='lat' dir='ltr'><strong>et</strong></span> <span class='ocrx_word' id='word_1_401' title='bbox 2913 2397 3131 2456; x_wconf 87' lang='lat' dir='ltr'><strong>delicto.</strong></span> <span class='ocrx_word' id='word_1_402' title='bbox 3176 2398 3251 2467; x_wconf 61' lang='grc' dir='ltr'><strong>ἡ.</strong></span> <span class='ocrx_word' id='word_1_403' title='bbox 3282 2399 3475 2453; x_wconf 85' lang='lat' dir='ltr'><strong>Amen.</strong></span> 
     </span>
    </p>
   </div>
   <div class='ocr_carea' id='block_1_54' title="bbox 1896 2490 3488 2562">
    <p class='ocr_par' dir='ltr' id='par_1_54' title="bbox 1896 2490 3488 2562">
     <span class='ocr_line' id='line_1_54' title="bbox 1896 2490 3488 2562; baseline -0.001 -15"><span class='ocrx_word' id='word_1_404' title='bbox 1896 2490 2107 2562; x_wconf 90' lang='lat' dir='ltr'><strong>Quique</strong></span> <span class='ocrx_word' id='word_1_405' title='bbox 2152 2491 2270 2561; x_wconf 87' lang='lat' dir='ltr'><strong>ejus</strong></span> <span class='ocrx_word' id='word_1_406' title='bbox 2313 2491 2558 2559; x_wconf 85' lang='lat' dir='ltr'><strong>spiritum</strong></span> <span class='ocrx_word' id='word_1_407' title='bbox 2592 2490 2777 2547; x_wconf 89' lang='lat' dir='ltr'><strong>celesti</strong></span> <span class='ocrx_word' id='word_1_408' title='bbox 2808 2490 3002 2545; x_wconf 86' lang='lat' dir='ltr'><strong>locavit</strong></span> <span class='ocrx_word' id='word_1_409' title='bbox 3031 2492 3085 2545; x_wconf 91' lang='lat' dir='ltr'><strong>in</strong></span> <span class='ocrx_word' id='word_1_410' title='bbox 3125 2505 3293 2562; x_wconf 85' lang='lat' dir='ltr'><strong>regno</strong></span> <span class='ocrx_word' id='word_1_411' title='bbox 3326 2508 3339 2545; x_wconf 90' lang='lat'><strong>:</strong></span> <span class='ocrx_word' id='word_1_412' title='bbox 3366 2504 3488 2560; x_wconf 88' lang='lat' dir='ltr'><strong>pre-</strong></span> 
     </span>
    </p>
   </div>
   <div class='ocr_carea' id='block_1_55' title="bbox 1897 2583 3247 2652">
    <p class='ocr_par' dir='ltr' id='par_1_55' title="bbox 1897 2583 3247 2652">
     <span class='ocr_line' id='line_1_55' title="bbox 1897 2583 3247 2652; baseline -0.004 -11"><span class='ocrx_word' id='word_1_413' title='bbox 1897 2586 2064 2641; x_wconf 90' lang='lat' dir='ltr'><strong>mium</strong></span> <span class='ocrx_word' id='word_1_414' title='bbox 2092 2585 2245 2639; x_wconf 88' lang='lat' dir='ltr'><strong>vobis</strong></span> <span class='ocrx_word' id='word_1_415' title='bbox 2279 2585 2478 2639; x_wconf 91' lang='lat' dir='ltr'><strong>tribuat</strong></span> <span class='ocrx_word' id='word_1_416' title='bbox 2500 2585 2905 2652; x_wconf 83' lang='lat' dir='ltr'><strong>sempiternum.</strong></span> <span class='ocrx_word' id='word_1_417' title='bbox 2951 2584 2989 2652; x_wconf 66' lang='lat' dir='ltr'>ﬁ</span> <span class='ocrx_word' id='word_1_418' title='bbox 3013 2625 3025 2639; x_wconf 93' lang='lat'><strong>.</strong></span> <span class='ocrx_word' id='word_1_419' title='bbox 3053 2583 3247 2639; x_wconf 79' lang='lat' dir='ltr'><strong>Amen.</strong></span> 
     </span>
    </p>
   </div>
   <div class='ocr_carea' id='block_1_56' title="bbox 1969 2673 3487 2751">
    <p class='ocr_par' dir='ltr' id='par_1_56' title="bbox 1969 2673 3487 2751">
     <span class='ocr_line' id='line_1_56' title="bbox 1969 2673 3487 2751; baseline -0.002 -21"><span class='ocrx_word' id='word_1_420' title='bbox 1969 2675 2074 2730; x_wconf 86' lang='lat' dir='ltr'><strong>Hic</strong></span> <span class='ocrx_word' id='word_1_421' title='bbox 2110 2676 2248 2731; x_wconf 84' lang='lat' dir='ltr'><strong>dicat</strong></span> <span class='ocrx_word' id='word_1_422' title='bbox 2284 2675 2501 2751; x_wconf 81' lang='lat' dir='ltr'><strong>Chorus.</strong></span> <span class='ocrx_word' id='word_1_423' title='bbox 2535 2675 2755 2730; x_wconf 87' lang='lat' dir='ltr'><strong>Gustate</strong></span> <span class='ocrx_word' id='word_1_424' title='bbox 2783 2682 2838 2732; x_wconf 90' lang='lat' dir='ltr'><strong>et</strong></span> <span class='ocrx_word' id='word_1_425' title='bbox 2877 2675 3072 2732; x_wconf 89' lang='lat' dir='ltr'><strong>videte.</strong></span> <span class='ocrx_word' id='word_1_426' title='bbox 3124 2674 3195 2729; x_wconf 89' lang='lat' dir='ltr'><strong>Ut</strong></span> <span class='ocrx_word' id='word_1_427' title='bbox 3226 2689 3387 2746; x_wconf 84' lang='lat' dir='ltr'><strong>supra</strong></span> <span class='ocrx_word' id='word_1_428' title='bbox 3430 2673 3487 2728; x_wconf 83' lang='lat' dir='ltr'><strong>in</strong></span> 
     </span>
    </p>
   </div>
   <div class='ocr_carea' id='block_1_57' title="bbox 1898 2768 3450 2840">
    <p class='ocr_par' dir='ltr' id='par_1_57' title="bbox 1898 2768 3450 2840">
     <span class='ocr_line' id='line_1_57' title="bbox 1898 2768 3450 2840; baseline -0.004 -17"><span class='ocrx_word' id='word_1_429' title='bbox 1898 2768 2171 2824; x_wconf 84' lang='lat' dir='ltr'><strong>Dominica</strong></span> <span class='ocrx_word' id='word_1_430' title='bbox 2198 2770 2367 2840; x_wconf 87' lang='lat' dir='ltr'><strong>prima</strong></span> <span class='ocrx_word' id='word_1_431' title='bbox 2390 2768 2666 2823; x_wconf 78' lang='lat' dir='ltr'><strong>Adventus.</strong></span> <span class='ocrx_word' id='word_1_432' title='bbox 3440 2828 3450 2833; x_wconf 86' lang='lat'>_</span> 
     </span>
    </p>
   </div>
   <div class='ocr_carea' id='block_1_58' title="bbox 1898 2858 3475 2920">
    <p class='ocr_par' dir='ltr' id='par_1_58' title="bbox 1898 2858 3475 2920">
     <span class='ocr_line' id='line_1_58' title="bbox 1898 2858 3475 2920; baseline 0.002 -9"><span class='ocrx_word' id='word_1_433' title='bbox 1898 2871 1926 2911; x_wconf 74' lang='lat' dir='ltr'><strong>tt</strong></span> <span class='ocrx_word' id='word_1_434' title='bbox 1956 2861 2024 2920; x_wconf 84' lang='lat' dir='ltr'><strong>IN</strong></span> <span class='ocrx_word' id='word_1_435' title='bbox 2077 2862 2530 2920; x_wconf 82' lang='lat' dir='ltr'><strong>FESTIVITATE</strong></span> <span class='ocrx_word' id='word_1_436' title='bbox 2576 2860 3150 2918; x_wconf 82' lang='lat' dir='ltr'><strong>ANNUNCIATIONIS</strong></span> <span class='ocrx_word' id='word_1_437' title='bbox 3207 2858 3475 2917; x_wconf 86' lang='lat' dir='ltr'><strong>SANCTE</strong></span> 
     </span>
    </p>
   </div>
   <div class='ocr_carea' id='block_1_59' title="bbox 2419 2952 2967 3008">
    <p class='ocr_par' dir='ltr' id='par_1_59' title="bbox 2419 2952 2967 3008">
     <span class='ocr_line' id='line_1_59' title="bbox 2419 2952 2967 3008; baseline 0 0"><span class='ocrx_word' id='word_1_438' title='bbox 2419 2952 2634 3008; x_wconf 79' lang='lat' dir='ltr'><strong>MARIE</strong></span> <span class='ocrx_word' id='word_1_439' title='bbox 2675 2952 2967 3008; x_wconf 82' lang='lat' dir='ltr'><strong>VlRGlNIS</strong></span> 
     </span>
    </p>
   </div>
   <div class='ocr_carea' id='block_1_60' title="bbox 2009 3042 3376 3118">
    <p class='ocr_par' dir='ltr' id='par_1_60' title="bbox 2009 3042 3376 3118">
     <span class='ocr_line' id='line_1_60' title="bbox 2009 3042 3376 3118; baseline 0 -18"><span class='ocrx_word' id='word_1_440' title='bbox 2009 3047 2120 3114; x_wconf 81' lang='lat' dir='ltr'><strong>Que</strong></span> <span class='ocrx_word' id='word_1_441' title='bbox 2147 3046 2338 3100; x_wconf 82' lang='lat' dir='ltr'><strong>dicitur</strong></span> <span class='ocrx_word' id='word_1_442' title='bbox 2362 3042 2391 3082; x_wconf 59' lang='lat'><strong>1*</strong></span> <span class='ocrx_word' id='word_1_443' title='bbox 2421 3045 2484 3100; x_wconf 80' lang='lat' dir='ltr'><strong>de</strong></span> <span class='ocrx_word' id='word_1_444' title='bbox 2508 3045 2560 3099; x_wconf 84' lang='lat' dir='ltr'><strong>la</strong></span> <span class='ocrx_word' id='word_1_445' title='bbox 2594 3045 2658 3100; x_wconf 94' lang='lat'><strong>0.</strong></span> <span class='ocrx_word' id='word_1_446' title='bbox 2686 3046 2766 3099; x_wconf 82' lang='lat' dir='ltr'><strong>Ad</strong></span> <span class='ocrx_word' id='word_1_447' title='bbox 2796 3044 3030 3100; x_wconf 78' lang='lat' dir='ltr'><strong>Missam.</strong></span> <span class='ocrx_word' id='word_1_448' title='bbox 3066 3045 3080 3083; x_wconf 79' lang='grc' dir='ltr'><strong>ί</strong></span> <span class='ocrx_word' id='word_1_449' title='bbox 3111 3046 3376 3118; x_wconf 77' lang='lat' dir='ltr'><strong>Ofﬁcium.</strong></span> 
     </span>
    </p>
   </div>
   <div class='ocr_carea' id='block_1_61' title="bbox 1973 3139 3491 3210">
    <p class='ocr_par' dir='ltr' id='par_1_61' title="bbox 1973 3139 3491 3210">
     <span class='ocr_line' id='line_1_61' title="bbox 1973 3139 3491 3210; baseline 0 -16"><span class='ocrx_word' id='word_1_450' title='bbox 1973 3139 2205 3210; x_wconf 86' lang='lat' dir='ltr'><strong>Alleluja</strong></span> <span class='ocrx_word' id='word_1_451' title='bbox 2248 3139 2492 3194; x_wconf 84' lang='lat' dir='ltr'><strong>:Cliristi</strong></span> <span class='ocrx_word' id='word_1_452' title='bbox 2532 3141 2815 3209; x_wconf 82' lang='lat' dir='ltr'><strong>generatio</strong></span> <span class='ocrx_word' id='word_1_453' title='bbox 2858 3142 2936 3195; x_wconf 85' lang='lat' dir='ltr'><strong>sic</strong></span> <span class='ocrx_word' id='word_1_454' title='bbox 2984 3149 3099 3197; x_wconf 90' lang='lat' dir='ltr'><strong>erat</strong></span> <span class='ocrx_word' id='word_1_455' title='bbox 3131 3161 3143 3194; x_wconf 91' lang='lat'><strong>:</strong></span> <span class='ocrx_word' id='word_1_456' title='bbox 3175 3156 3295 3195; x_wconf 81' lang='lat' dir='ltr'><strong>cum</strong></span> <span class='ocrx_word' id='word_1_457' title='bbox 3345 3150 3491 3195; x_wconf 90' lang='lat' dir='ltr'><strong>esset</strong></span> 
     </span>
    </p>
   </div>
   <div class='ocr_carea' id='block_1_62' title="bbox 222 3203 3488 3303">
    <p class='ocr_par' dir='ltr' id='par_1_62' title="bbox 222 3203 3488 3303">
     <span class='ocr_line' id='line_1_62' title="bbox 222 3203 3488 3303; baseline 0.004 -31"><span class='ocrx_word' id='word_1_458' title='bbox 222 3216 407 3287; x_wconf 72' lang='lat' dir='ltr'><strong>plumbi</strong></span> <span class='ocrx_word' id='word_1_459' title='bbox 436 3229 560 3276; x_wconf 91' lang='lat' dir='ltr'><strong>ante</strong></span> <span class='ocrx_word' id='word_1_460' title='bbox 599 3221 789 3277; x_wconf 88' lang='lat' dir='ltr'><strong>oculos</strong></span> <span class='ocrx_word' id='word_1_461' title='bbox 816 3222 1020 3279; x_wconf 90' lang='lat' dir='ltr'><strong>illatum</strong></span> <span class='ocrx_word' id='word_1_462' title='bbox 1066 3225 1272 3281; x_wconf 87' lang='lat' dir='ltr'><strong>Eulalie</strong></span> <span class='ocrx_word' id='word_1_463' title='bbox 1303 3228 1495 3298; x_wconf 81' lang='lat' dir='ltr'><strong>virgini</strong></span> <span class='ocrx_word' id='word_1_464' title='bbox 1523 3203 1612 3287; x_wconf 75' lang='lat' dir='ltr'><strong>tne</strong></span> <span class='ocrx_word' id='word_1_465' title='bbox 1641 3232 1783 3302; x_wconf 89' lang='lat' dir='ltr'><strong>frigi-</strong></span> <span class='ocrx_word' id='word_1_466' title='bbox 1818 3203 1862 3266; x_wconf 64' lang='grc' dir='ltr'>Ο</span> <span class='ocrx_word' id='word_1_467' title='bbox 1899 3203 2222 3303; x_wconf 76' lang='lat' dir='ltr'><strong>desponsata</strong></span> <span class='ocrx_word' id='word_1_468' title='bbox 2250 3231 2418 3288; x_wconf 82' lang='lat' dir='ltr'><strong>Mater</strong></span> <span class='ocrx_word' id='word_1_469' title='bbox 2449 3203 2568 3302; x_wconf 68' lang='lat' dir='ltr'><strong>ejus</strong></span> <span class='ocrx_word' id='word_1_470' title='bbox 2596 3233 2758 3287; x_wconf 86' lang='lat' dir='ltr'><strong>Maria</strong></span> <span class='ocrx_word' id='word_1_471' title='bbox 2789 3231 3014 3303; x_wconf 86' lang='lat' dir='ltr'><strong>Joseph.</strong></span> <span class='ocrx_word' id='word_1_472' title='bbox 3048 3242 3334 3303; x_wconf 87' lang='lat' dir='ltr'><strong>antequam</strong></span> <span class='ocrx_word' id='word_1_473' title='bbox 3359 3245 3488 3285; x_wconf 89' lang='lat' dir='ltr'><strong>con-</strong></span> 
     </span>
    </p>
   </div>
   <div class='ocr_carea' id='block_1_63' title="bbox 220 3308 1788 3388">
    <p class='ocr_par' dir='ltr' id='par_1_63' title="bbox 220 3308 1788 3388">
     <span class='ocr_line' id='line_1_63' title="bbox 220 3308 1788 3388; baseline 0.011 -25"><span class='ocrx_word' id='word_1_474' title='bbox 220 3308 326 3364; x_wconf 77' lang='lat' dir='ltr'><strong>dum</strong></span> <span class='ocrx_word' id='word_1_475' title='bbox 380 3310 653 3367; x_wconf 81' lang='lat' dir='ltr'><strong>effecisti:</strong></span> <span class='ocrx_word' id='word_1_476' title='bbox 688 3322 826 3375; x_wconf 85' lang='lat' dir='ltr'><strong>tue</strong></span> <span class='ocrx_word' id='word_1_477' title='bbox 870 3315 1002 3371; x_wconf 90' lang='lat' dir='ltr'><strong>celis</strong></span> <span class='ocrx_word' id='word_1_478' title='bbox 1057 3318 1233 3388; x_wconf 89' lang='lat' dir='ltr'><strong>ignem</strong></span> <span class='ocrx_word' id='word_1_479' title='bbox 1272 3318 1419 3375; x_wconf 90' lang='lat' dir='ltr'><strong>illum</strong></span> <span class='ocrx_word' id='word_1_480' title='bbox 1468 3322 1541 3377; x_wconf 92' lang='lat' dir='ltr'><strong>tui</strong></span> <span class='ocrx_word' id='word_1_481' title='bbox 1589 3330 1788 3381; x_wconf 88' lang='lat' dir='ltr'><strong>amoris</strong></span> 
     </span>
    </p>
   </div>
   <div class='ocr_carea' id='block_1_64' title="bbox 219 3404 1783 3485">
    <p class='ocr_par' dir='ltr' id='par_1_64' title="bbox 219 3404 1783 3485">
     <span class='ocr_line' id='line_1_64' title="bbox 219 3404 1783 3485; baseline 0.012 -29"><span class='ocrx_word' id='word_1_482' title='bbox 219 3404 381 3459; x_wconf 84' lang='lat' dir='ltr'><strong>emitte</strong></span> <span class='ocrx_word' id='word_1_483' title='bbox 414 3425 426 3459; x_wconf 92' lang='lat'>:</span> <span class='ocrx_word' id='word_1_484' title='bbox 459 3405 551 3475; x_wconf 89' lang='lat' dir='ltr'><strong>qui</strong></span> <span class='ocrx_word' id='word_1_485' title='bbox 582 3421 858 3478; x_wconf 88' lang='lat' dir='ltr'><strong>nunquam</strong></span> <span class='ocrx_word' id='word_1_486' title='bbox 883 3409 1033 3465; x_wconf 91' lang='lat' dir='ltr'><strong>novit</strong></span> <span class='ocrx_word' id='word_1_487' title='bbox 1059 3409 1353 3482; x_wconf 84' lang='lat' dir='ltr'><strong>frigescere</strong></span> <span class='ocrx_word' id='word_1_488' title='bbox 1387 3432 1399 3466; x_wconf 93' lang='lat'><strong>:</strong></span> <span class='ocrx_word' id='word_1_489' title='bbox 1432 3431 1537 3485; x_wconf 93' lang='lat' dir='ltr'><strong>quo</strong></span> <span class='ocrx_word' id='word_1_490' title='bbox 1564 3426 1619 3471; x_wconf 91' lang='lat' dir='ltr'><strong>et</strong></span> <span class='ocrx_word' id='word_1_491' title='bbox 1645 3423 1783 3474; x_wconf 88' lang='lat' dir='ltr'><strong>hanc</strong></span> 
     </span>
    </p>
   </div>
   <div class='ocr_carea' id='block_1_65' title="bbox 284 3568 1797 3639">
    <p class='ocr_par' dir='ltr' id='par_1_65' title="bbox 284 3568 1797 3639">
     <span class='ocr_line' id='line_1_65' title="bbox 284 3568 1797 3639; baseline 0.006 -19"><span class='ocrx_word' id='word_1_492' title='bbox 284 3576 306 3603; x_wconf 75' lang='grc' dir='ltr'>ι</span> <span class='ocrx_word' id='word_1_493' title='bbox 326 3570 478 3635; x_wconf 86' lang='lat' dir='ltr'><strong>Quem</strong></span> <span class='ocrx_word' id='word_1_494' title='bbox 490 3579 788 3639; x_wconf 82' lang='lat' dir='ltr'><strong>assumpsit.</strong></span> <span class='ocrx_word' id='word_1_495' title='bbox 808 3569 1007 3625; x_wconf 87' lang='lat' dir='ltr'><strong>Eadem</strong></span> <span class='ocrx_word' id='word_1_496' title='bbox 1025 3570 1080 3625; x_wconf 90' lang='lat' dir='ltr'><strong>in</strong></span> <span class='ocrx_word' id='word_1_497' title='bbox 1093 3568 1516 3637; x_wconf 59' lang='lat' dir='ltr'><strong>Gallo&#39;Gotliico,</strong></span> <span class='ocrx_word' id='word_1_498' title='bbox 1537 3571 1691 3639; x_wconf 89' lang='lat' dir='ltr'><strong>ibid.,</strong></span> <span class='ocrx_word' id='word_1_499' title='bbox 1711 3573 1797 3629; x_wconf 83' lang='lat' dir='ltr'><strong>ha-</strong></span> 
     </span>
    </p>
   </div>
   <div class='ocr_carea' id='block_1_66' title="bbox 217 3637 1798 3710">
    <p class='ocr_par' dir='ltr' id='par_1_66' title="bbox 217 3637 1798 3710">
     <span class='ocr_line' id='line_1_66' title="bbox 217 3637 1798 3710; baseline 0.003 -14"><span class='ocrx_word' id='word_1_500' title='bbox 217 3637 406 3696; x_wconf 85' lang='lat' dir='ltr'><strong>bentur.</strong></span> <span class='ocrx_word' id='word_1_501' title='bbox 425 3637 755 3695; x_wconf 85' lang='lat' dir='ltr'><strong>Decolumba</strong></span> <span class='ocrx_word' id='word_1_502' title='bbox 773 3656 911 3710; x_wconf 64' lang='lat' dir='ltr'><strong>quae,</strong></span> <span class='ocrx_word' id='word_1_503' title='bbox 932 3643 1190 3697; x_wconf 91' lang='lat' dir='ltr'><strong>moriente</strong></span> <span class='ocrx_word' id='word_1_504' title='bbox 1206 3654 1387 3697; x_wconf 80' lang='lat' dir='ltr'><strong>saneta</strong></span> <span class='ocrx_word' id='word_1_505' title='bbox 1420 3644 1620 3697; x_wconf 77' lang='lat' dir='ltr'><strong>Eulalia</strong></span> <span class='ocrx_word' id='word_1_506' title='bbox 1651 3637 1798 3701; x_wconf 81' lang='lat' dir='ltr'><strong>Eme-</strong></span> 
     </span>
    </p>
   </div>
   <div class='ocr_carea' id='block_1_67' title="bbox 215 3710 1794 3779">
    <p class='ocr_par' dir='ltr' id='par_1_67' title="bbox 215 3710 1794 3779">
     <span class='ocr_line' id='line_1_67' title="bbox 215 3710 1794 3779; baseline 0.002 -12"><span class='ocrx_word' id='word_1_507' title='bbox 215 3713 409 3779; x_wconf 78' lang='lat' dir='ltr'><strong>rttensi,</strong></span> <span class='ocrx_word' id='word_1_508' title='bbox 439 3714 548 3765; x_wconf 87' lang='lat' dir='ltr'><strong>visa</strong></span> <span class='ocrx_word' id='word_1_509' title='bbox 570 3723 652 3765; x_wconf 88' lang='lat' dir='ltr'><strong>est</strong></span> <span class='ocrx_word' id='word_1_510' title='bbox 683 3710 737 3766; x_wconf 92' lang='lat' dir='ltr'><strong>in</strong></span> <span class='ocrx_word' id='word_1_511' title='bbox 764 3714 958 3766; x_wconf 73' lang='lat' dir='ltr'><strong>cmlum</strong></span> <span class='ocrx_word' id='word_1_512' title='bbox 980 3713 1184 3779; x_wconf 82' lang='lat' dir='ltr'><strong>volans,</strong></span> <span class='ocrx_word' id='word_1_513' title='bbox 1222 3725 1381 3769; x_wconf 87' lang='lat' dir='ltr'><strong>testes</strong></span> <span class='ocrx_word' id='word_1_514' title='bbox 1411 3725 1532 3768; x_wconf 88' lang='lat' dir='ltr'><strong>sunt</strong></span> <span class='ocrx_word' id='word_1_515' title='bbox 1556 3717 1794 3770; x_wconf 84' lang='lat' dir='ltr'><strong>Pruden-</strong></span> 
     </span>
    </p>
   </div>
   <div class='ocr_carea' id='block_1_68' title="bbox 216 3782 1796 3858">
    <p class='ocr_par' dir='ltr' id='par_1_68' title="bbox 216 3782 1796 3858">
     <span class='ocr_line' id='line_1_68' title="bbox 216 3782 1796 3858; baseline 0.003 -22"><span class='ocrx_word' id='word_1_516' title='bbox 216 3782 339 3858; x_wconf 77' lang='lat' dir='ltr'><strong>tius,</strong></span> <span class='ocrx_word' id='word_1_517' title='bbox 360 3792 569 3858; x_wconf 71' lang='lat' dir='ltr'><strong>sanctus</strong></span> <span class='ocrx_word' id='word_1_518' title='bbox 592 3783 885 3858; x_wconf 86' lang='lat' dir='ltr'><strong>Gregorius</strong></span> <span class='ocrx_word' id='word_1_519' title='bbox 912 3786 1251 3858; x_wconf 64' lang='lat' dir='ltr'><strong>&#39;l‘uronensis</strong></span> <span class='ocrx_word' id='word_1_520' title='bbox 1268 3784 1370 3855; x_wconf 84' lang='lat' dir='ltr'><strong>(De</strong></span> <span class='ocrx_word' id='word_1_521' title='bbox 1393 3785 1573 3840; x_wconf 84' lang='lat' dir='ltr'><strong>Gloria</strong></span> <span class='ocrx_word' id='word_1_522' title='bbox 1602 3800 1796 3858; x_wconf 82' lang='lat' dir='ltr'><strong>marty-</strong></span> 
     </span>
    </p>
   </div>
   <div class='ocr_carea' id='block_1_69' title="bbox 214 3853 1794 3923">
    <p class='ocr_par' dir='ltr' id='par_1_69' title="bbox 214 3853 1794 3923">
     <span class='ocr_line' id='line_1_69' title="bbox 214 3853 1794 3923; baseline 0.004 -16"><span class='ocrx_word' id='word_1_523' title='bbox 214 3854 350 3921; x_wconf 82' lang='lat' dir='ltr'><strong>rum)</strong></span> <span class='ocrx_word' id='word_1_524' title='bbox 373 3853 571 3923; x_wconf 82' lang='lat' dir='ltr'><strong>aliique</strong></span> <span class='ocrx_word' id='word_1_525' title='bbox 584 3868 688 3908; x_wconf 88' lang='lat' dir='ltr'><strong>non</strong></span> <span class='ocrx_word' id='word_1_526' title='bbox 714 3857 887 3923; x_wconf 89' lang='lat' dir='ltr'><strong>pauci.</strong></span> <span class='ocrx_word' id='word_1_527' title='bbox 917 3855 1102 3909; x_wconf 80' lang='lat' dir='ltr'><strong>Refert</strong></span> <span class='ocrx_word' id='word_1_528' title='bbox 1127 3853 1324 3911; x_wconf 86' lang='lat' dir='ltr'><strong>Paulus</strong></span> <span class='ocrx_word' id='word_1_529' title='bbox 1352 3858 1611 3911; x_wconf 86' lang='lat' dir='ltr'><strong>Diaconns</strong></span> <span class='ocrx_word' id='word_1_530' title='bbox 1636 3853 1794 3914; x_wconf 79' lang='lat' dir='ltr'><strong>Eme-</strong></span> 
     </span>
    </p>
   </div>
   <div class='ocr_carea' id='block_1_70' title="bbox 215 3924 1790 3997">
    <p class='ocr_par' dir='ltr' id='par_1_70' title="bbox 215 3924 1790 3997">
     <span class='ocr_line' id='line_1_70' title="bbox 215 3924 1790 3997; baseline 0.003 -19"><span class='ocrx_word' id='word_1_531' title='bbox 215 3924 426 3997; x_wconf 79' lang='lat' dir='ltr'><strong>ritensi_s</strong></span> <span class='ocrx_word' id='word_1_532' title='bbox 453 3924 551 3997; x_wconf 11' lang='lat' dir='ltr'><strong>(In!</strong></span> <span class='ocrx_word' id='word_1_533' title='bbox 569 3924 694 3979; x_wconf 84' lang='lat' dir='ltr'><strong>Vitis</strong></span> <span class='ocrx_word' id='word_1_534' title='bbox 725 3925 943 3979; x_wconf 84' lang='lat' dir='ltr'><strong>Patrum</strong></span> <span class='ocrx_word' id='word_1_535' title='bbox 972 3925 1380 3992; x_wconf 82' lang='lat' dir='ltr'><strong>Emeritensium,</strong></span> <span class='ocrx_word' id='word_1_536' title='bbox 1404 3944 1520 3997; x_wconf 88' lang='lat' dir='ltr'><strong>cap.</strong></span> <span class='ocrx_word' id='word_1_537' title='bbox 1559 3930 1632 3997; x_wconf 84' lang='lat' dir='ltr'><strong>l),</strong></span> <span class='ocrx_word' id='word_1_538' title='bbox 1666 3944 1790 3983; x_wconf 90' lang='lat' dir='ltr'><strong>san-</strong></span> 
     </span>
    </p>
   </div>
   <div class='ocr_carea' id='block_1_71' title="bbox 219 3994 1791 4067">
    <p class='ocr_par' dir='ltr' id='par_1_71' title="bbox 219 3994 1791 4067">
     <span class='ocr_line' id='line_1_71' title="bbox 219 3994 1791 4067; baseline 0.003 -19"><span class='ocrx_word' id='word_1_539' title='bbox 219 4004 353 4067; x_wconf 79' lang='lat' dir='ltr'><strong>ctam</strong></span> <span class='ocrx_word' id='word_1_540' title='bbox 387 3994 638 4049; x_wconf 89' lang='lat' dir='ltr'><strong>Eulaliam</strong></span> <span class='ocrx_word' id='word_1_541' title='bbox 668 3998 1059 4067; x_wconf 79' lang='lat' dir='ltr'><strong>Emeritensem</strong></span> <span class='ocrx_word' id='word_1_542' title='bbox 1099 3999 1278 4067; x_wconf 88' lang='lat' dir='ltr'><strong>specie</strong></span> <span class='ocrx_word' id='word_1_543' title='bbox 1314 3994 1791 4054; x_wconf 49' lang='lat' dir='ltr'><strong>coluriibai&#39;Candi-</strong></span> 
     </span>
    </p>
   </div>
   <div class='ocr_carea' id='block_1_72' title="bbox 211 4065 1793 4140">
    <p class='ocr_par' dir='ltr' id='par_1_72' title="bbox 211 4065 1793 4140">
     <span class='ocr_line' id='line_1_72' title="bbox 211 4065 1793 4140; baseline 0.003 -20"><span class='ocrx_word' id='word_1_544' title='bbox 211 4065 435 4140; x_wconf 55' lang='lat' dir='ltr'><strong>dissimile</strong></span> <span class='ocrx_word' id='word_1_545' title='bbox 483 4068 797 4140; x_wconf 86' lang='lat' dir='ltr'><strong>apparuisse</strong></span> <span class='ocrx_word' id='word_1_546' title='bbox 857 4065 1487 4140; x_wconf 47' lang='lat' dir='ltr'><strong>Massonie&#39;Emeritensi</strong></span> <span class='ocrx_word' id='word_1_547' title='bbox 1541 4071 1793 4140; x_wconf 85' lang='lat' dir='ltr'><strong>episcopo</strong></span> 
     </span>
    </p>
   </div>
   <div class='ocr_carea' id='block_1_73' title="bbox 212 4137 1792 4212">
    <p class='ocr_par' dir='ltr' id='par_1_73' title="bbox 212 4137 1792 4212">
     <span class='ocr_line' id='line_1_73' title="bbox 212 4137 1792 4212; baseline 0.002 -20"><span class='ocrx_word' id='word_1_548' title='bbox 212 4137 478 4212; x_wconf 71' lang='lat' dir='ltr'><strong>catholicae</strong></span> <span class='ocrx_word' id='word_1_549' title='bbox 520 4139 646 4191; x_wconf 90' lang='lat' dir='ltr'><strong>fidei</strong></span> <span class='ocrx_word' id='word_1_550' title='bbox 667 4153 832 4212; x_wconf 74' lang='lat' dir='ltr'><strong>causa</strong></span> <span class='ocrx_word' id='word_1_551' title='bbox 882 4139 1228 4212; x_wconf 20' lang='lat' dir='ltr'><strong>i_n¥exsilium</strong></span> <span class='ocrx_word' id='word_1_552' title='bbox 1271 4156 1300 4194; x_wconf 91' lang='lat' dir='ltr'><strong>a</strong></span> <span class='ocrx_word' id='word_1_553' title='bbox 1332 4137 1639 4212; x_wconf 82' lang='lat' dir='ltr'><strong>Leovigildo</strong></span> <span class='ocrx_word' id='word_1_554' title='bbox 1666 4137 1792 4212; x_wconf 80' lang='lat' dir='ltr'><strong>rege</strong></span> 
     </span>
    </p>
   </div>
   <div class='ocr_carea' id='block_1_74' title="bbox 210 4208 1788 4280">
    <p class='ocr_par' dir='ltr' id='par_1_74' title="bbox 210 4208 1788 4280">
     <span class='ocr_line' id='line_1_74' title="bbox 210 4208 1788 4280; baseline 0.004 -17"><span class='ocrx_word' id='word_1_555' title='bbox 210 4208 367 4278; x_wconf 86' lang='lat' dir='ltr'><strong>pulso,</strong></span> <span class='ocrx_word' id='word_1_556' title='bbox 396 4209 554 4279; x_wconf 88' lang='lat' dir='ltr'><strong>eique</strong></span> <span class='ocrx_word' id='word_1_557' title='bbox 584 4210 815 4264; x_wconf 86' lang='lat' dir='ltr'><strong>reditum</strong></span> <span class='ocrx_word' id='word_1_558' title='bbox 844 4209 909 4263; x_wconf 91' lang='lat' dir='ltr'><strong>ad</strong></span> <span class='ocrx_word' id='word_1_559' title='bbox 946 4210 1232 4265; x_wconf 77' lang='lat' dir='ltr'><strong>Ecclesium</strong></span> <span class='ocrx_word' id='word_1_560' title='bbox 1264 4227 1415 4265; x_wconf 88' lang='lat' dir='ltr'><strong>suam</strong></span> <span class='ocrx_word' id='word_1_561' title='bbox 1450 4208 1788 4280; x_wconf 64' lang='lat' dir='ltr'><strong>praedixisse;</strong></span> 
     </span>
    </p>
   </div>
   <div class='ocr_carea' id='block_1_75' title="bbox 210 4280 1789 4351">
    <p class='ocr_par' dir='ltr' id='par_1_75' title="bbox 210 4280 1789 4351">
     <span class='ocr_line' id='line_1_75' title="bbox 210 4280 1789 4351; baseline 0.004 -18"><span class='ocrx_word' id='word_1_562' title='bbox 210 4280 268 4333; x_wconf 89' lang='lat' dir='ltr'><strong>de</strong></span> <span class='ocrx_word' id='word_1_563' title='bbox 293 4284 536 4335; x_wconf 88' lang='lat' dir='ltr'><strong>columba</strong></span> <span class='ocrx_word' id='word_1_564' title='bbox 588 4296 730 4349; x_wconf 65' lang='lat' dir='ltr'><strong>quae,</strong></span> <span class='ocrx_word' id='word_1_565' title='bbox 762 4281 1021 4337; x_wconf 91' lang='lat' dir='ltr'><strong>moriente</strong></span> <span class='ocrx_word' id='word_1_566' title='bbox 1054 4282 1257 4335; x_wconf 82' lang='lat' dir='ltr'><strong>Eulalia</strong></span> <span class='ocrx_word' id='word_1_567' title='bbox 1304 4284 1704 4351; x_wconf 87' lang='lat' dir='ltr'><strong>Barcinnnensi,</strong></span> <span class='ocrx_word' id='word_1_568' title='bbox 1736 4287 1789 4339; x_wconf 89' lang='lat' dir='ltr'><strong>in</strong></span> 
     </span>
    </p>
   </div>
   <div class='ocr_carea' id='block_1_76' title="bbox 211 4352 1792 4423">
    <p class='ocr_par' dir='ltr' id='par_1_76' title="bbox 211 4352 1792 4423">
     <span class='ocr_line' id='line_1_76' title="bbox 211 4352 1792 4423; baseline 0.004 -19"><span class='ocrx_word' id='word_1_569' title='bbox 211 4352 386 4423; x_wconf 69' lang='lat' dir='ltr'><strong>gelum</strong></span> <span class='ocrx_word' id='word_1_570' title='bbox 415 4352 676 4417; x_wconf 86' lang='lat' dir='ltr'><strong>evolavit,</strong></span> <span class='ocrx_word' id='word_1_571' title='bbox 703 4360 963 4423; x_wconf 86' lang='lat' dir='ltr'><strong>testantur</strong></span> <span class='ocrx_word' id='word_1_572' title='bbox 990 4354 1106 4421; x_wconf 87' lang='lat' dir='ltr'><strong>ejus</strong></span> <span class='ocrx_word' id='word_1_573' title='bbox 1134 4355 1266 4408; x_wconf 83' lang='lat' dir='ltr'><strong>Acta</strong></span> <span class='ocrx_word' id='word_1_574' title='bbox 1299 4354 1454 4423; x_wconf 88' lang='lat' dir='ltr'><strong>plane</strong></span> <span class='ocrx_word' id='word_1_575' title='bbox 1473 4358 1704 4423; x_wconf 90' lang='lat' dir='ltr'><strong>sincera,</strong></span> <span class='ocrx_word' id='word_1_576' title='bbox 1737 4364 1792 4411; x_wconf 88' lang='lat' dir='ltr'><strong>ct</strong></span> 
     </span>
    </p>
   </div>
   <div class='ocr_carea' id='block_1_77' title="bbox 208 4419 1171 4494">
    <p class='ocr_par' dir='ltr' id='par_1_77' title="bbox 208 4419 1171 4494">
     <span class='ocr_line' id='line_1_77' title="bbox 208 4419 1171 4494; baseline 0.001 -18"><span class='ocrx_word' id='word_1_577' title='bbox 208 4419 335 4494; x_wconf 84' lang='lat' dir='ltr'><strong>Beda</strong></span> <span class='ocrx_word' id='word_1_578' title='bbox 362 4423 659 4493; x_wconf 80' lang='lat' dir='ltr'><strong>genuinus,</strong></span> <span class='ocrx_word' id='word_1_579' title='bbox 692 4424 742 4476; x_wconf 89' lang='lat' dir='ltr'><strong>in</strong></span> <span class='ocrx_word' id='word_1_580' title='bbox 776 4419 1171 4494; x_wconf 77' lang='lat' dir='ltr'><strong>Martyrologio.</strong></span> 
     </span>
    </p>
   </div>
   <div class='ocr_carea' id='block_1_78' title="bbox 226 4492 1790 4573">
    <p class='ocr_par' dir='ltr' id='par_1_78' title="bbox 226 4492 1790 4573">
     <span class='ocr_line' id='line_1_78' title="bbox 226 4492 1790 4573; baseline 0 -20"><span class='ocrx_word' id='word_1_581' title='bbox 226 4562 238 4573; x_wconf 32' lang='grc' dir='ltr'><strong>ν</strong></span> <span class='ocrx_word' id='word_1_582' title='bbox 267 4492 293 4573; x_wconf 68' lang='grc' dir='ltr'><strong>ξ’</strong></span> <span class='ocrx_word' id='word_1_583' title='bbox 325 4492 689 4573; x_wconf 72' lang='lat' dir='ltr'><strong>Operimento.</strong></span> <span class='ocrx_word' id='word_1_584' title='bbox 720 4494 865 4549; x_wconf 83' lang='lat' dir='ltr'><strong>idem</strong></span> <span class='ocrx_word' id='word_1_585' title='bbox 892 4492 1104 4566; x_wconf 82' lang='lat' dir='ltr'><strong>utrique</strong></span> <span class='ocrx_word' id='word_1_586' title='bbox 1133 4495 1355 4551; x_wconf 60' lang='lat' dir='ltr'><strong>Eulaliae</strong></span> <span class='ocrx_word' id='word_1_587' title='bbox 1388 4497 1635 4568; x_wconf 74' lang='lat' dir='ltr'><strong>Hispana:</strong></span> <span class='ocrx_word' id='word_1_588' title='bbox 1662 4512 1790 4553; x_wconf 85' lang='lat' dir='ltr'><strong>con-</strong></span> 
     </span>
    </p>
   </div>
   <div class='ocr_carea' id='block_1_79' title="bbox 206 4564 659 4637">
    <p class='ocr_par' dir='ltr' id='par_1_79' title="bbox 206 4564 659 4637">
     <span class='ocr_line' id='line_1_79' title="bbox 206 4564 659 4637; baseline -0.002 -17"><span class='ocrx_word' id='word_1_589' title='bbox 206 4564 371 4637; x_wconf 72' lang='lat' dir='ltr'><strong>ﬁgisse</strong></span> <span class='ocrx_word' id='word_1_590' title='bbox 398 4567 659 4620; x_wconf 82' lang='lat' dir='ltr'><strong>traditur.</strong></span> 
     </span>
    </p>
   </div>
   <div class='ocr_carea' id='block_1_80' title="bbox 270 4637 1788 4711">
    <p class='ocr_par' dir='ltr' id='par_1_80' title="bbox 270 4637 1788 4711">
     <span class='ocr_line' id='line_1_80' title="bbox 270 4637 1788 4711; baseline 0.002 -18"><span class='ocrx_word' id='word_1_591' title='bbox 270 4638 673 4711; x_wconf 48' lang='lat' dir='ltr'><strong>{Supplicium</strong></span> <span class='ocrx_word' id='word_1_592' title='bbox 708 4637 919 4711; x_wconf 80' lang='lat' dir='ltr'><strong>plumbi.</strong></span> <span class='ocrx_word' id='word_1_593' title='bbox 974 4637 1051 4711; x_wconf 85' lang='lat' dir='ltr'><strong>De</strong></span> <span class='ocrx_word' id='word_1_594' title='bbox 1084 4640 1343 4709; x_wconf 86' lang='lat' dir='ltr'><strong>supplicio</strong></span> <span class='ocrx_word' id='word_1_595' title='bbox 1374 4640 1572 4710; x_wconf 78' lang='lat' dir='ltr'><strong>plumbi</strong></span> <span class='ocrx_word' id='word_1_596' title='bbox 1607 4641 1788 4711; x_wconf 87' lang='lat' dir='ltr'><strong>liquati</strong></span> 
     </span>
    </p>
   </div>
   <div class='ocr_carea' id='block_1_81' title="bbox 206 4708 1783 4781">
    <p class='ocr_par' dir='ltr' id='par_1_81' title="bbox 206 4708 1783 4781">
     <span class='ocr_line' id='line_1_81' title="bbox 206 4708 1783 4781; baseline 0.001 -18"><span class='ocrx_word' id='word_1_597' title='bbox 206 4708 371 4763; x_wconf 82' lang='lat' dir='ltr'><strong>etolei</strong></span> <span class='ocrx_word' id='word_1_598' title='bbox 412 4709 729 4774; x_wconf 85' lang='lat' dir='ltr'><strong>candentis,</strong></span> <span class='ocrx_word' id='word_1_599' title='bbox 757 4708 826 4781; x_wconf 86' lang='lat' dir='ltr'><strong>de</strong></span> <span class='ocrx_word' id='word_1_600' title='bbox 869 4723 974 4778; x_wconf 92' lang='lat' dir='ltr'><strong>quo</strong></span> <span class='ocrx_word' id='word_1_601' title='bbox 1002 4710 1055 4764; x_wconf 92' lang='lat' dir='ltr'><strong>in</strong></span> <span class='ocrx_word' id='word_1_602' title='bbox 1093 4708 1334 4767; x_wconf 87' lang='lat' dir='ltr'><strong>oratione</strong></span> <span class='ocrx_word' id='word_1_603' title='bbox 1376 4708 1491 4781; x_wconf 69' lang='lat' dir='ltr'><strong>post</strong></span> <span class='ocrx_word' id='word_1_604' title='bbox 1541 4708 1783 4778; x_wconf 78' lang='lat' dir='ltr'><strong>Sanctus,</strong></span> 
     </span>
    </p>
   </div>
   <div class='ocr_carea' id='block_1_82' title="bbox 200 4779 1787 4901">
    <p class='ocr_par' dir='ltr' id='par_1_82' title="bbox 200 4779 1787 4901">
     <span class='ocr_line' id='line_1_82' title="bbox 200 4779 1787 4901; baseline 0.003 -66"><span class='ocrx_word' id='word_1_605' title='bbox 200 4781 477 4901; x_wconf 41' lang='lat' dir='ltr'><strong>Imaginem</strong></span> <span class='ocrx_word' id='word_1_606' title='bbox 527 4788 658 4835; x_wconf 90' lang='lat' dir='ltr'><strong>acta</strong></span> <span class='ocrx_word' id='word_1_607' title='bbox 696 4779 909 4849; x_wconf 82' lang='lat' dir='ltr'><strong>vulgata</strong></span> <span class='ocrx_word' id='word_1_608' title='bbox 956 4780 1071 4850; x_wconf 89' lang='lat' dir='ltr'><strong>ejus</strong></span> <span class='ocrx_word' id='word_1_609' title='bbox 1113 4779 1388 4854; x_wconf 70' lang='lat' dir='ltr'><strong>martyrii.</strong></span> <span class='ocrx_word' id='word_1_610' title='bbox 1414 4784 1548 4838; x_wconf 85' lang='lat' dir='ltr'><strong>Silet</strong></span> <span class='ocrx_word' id='word_1_611' title='bbox 1589 4783 1657 4839; x_wconf 91' lang='lat' dir='ltr'><strong>de</strong></span> <span class='ocrx_word' id='word_1_612' title='bbox 1703 4785 1787 4839; x_wconf 90' lang='lat' dir='ltr'><strong>bis</strong></span> 
     </span>
     <span class='ocr_line' id='line_1_83' title="bbox 236 4864 526 4901; baseline 0 0"><span class='ocrx_word' id='word_1_613' title='bbox 236 4866 289 4901; x_wconf 73' lang='lat' dir='ltr'><strong>fl]</strong></span> <span class='ocrx_word' id='word_1_614' title='bbox 325 4864 526 4901; x_wconf 71' lang='lat' dir='ltr'><strong>elllIUS.</strong></span> 
     </span>
    </p>
   </div>
   <div class='ocr_carea' id='block_1_83' title="bbox 236 4853 526 4907">
    <p class='ocr_par' dir='ltr' id='par_1_83' title="bbox 236 4853 526 4907">
     <span class='ocr_line' id='line_1_84' title="bbox 236 4853 526 4907; baseline 0.007 -3"><span class='ocrx_word' id='word_1_615' title='bbox 236 4853 526 4907; x_wconf 86' lang='lat' dir='ltr'><strong>rudentius.</strong></span> 
     </span>
    </p>
   </div>
   <div class='ocr_carea' id='block_1_84' title="bbox 259 4891 1872 4995">
    <p class='ocr_par' dir='ltr' id='par_1_84' title="bbox 259 4891 1872 4995">
     <span class='ocr_line' id='line_1_85' title="bbox 259 4891 1872 4995; baseline 0.004 -20"><span class='ocrx_word' id='word_1_616' title='bbox 259 4891 571 4978; x_wconf 59' lang='grc' dir='ltr'><strong>ἶ</strong></span> <span class='ocrx_word' id='word_1_617' title='bbox 611 4920 927 4995; x_wconf 85' lang='lat' dir='ltr'><strong>Symbolum</strong></span> <span class='ocrx_word' id='word_1_618' title='bbox 958 4922 1309 4979; x_wconf 89' lang='lat' dir='ltr'><strong>Constantino</strong></span> <span class='ocrx_word' id='word_1_619' title='bbox 1332 4924 1625 4993; x_wconf 91' lang='lat' dir='ltr'><strong>politanum</strong></span> <span class='ocrx_word' id='word_1_620' title='bbox 1666 4934 1791 4981; x_wconf 88' lang='lat' dir='ltr'><strong>ante</strong></span> <span class='ocrx_word' id='word_1_621' title='bbox 1817 4891 1872 4954; x_wconf 69' lang='grc' dir='ltr'><strong><em>Β</em></strong></span> 
     </span>
    </p>
   </div>
   <div class='ocr_carea' id='block_1_85' title="bbox 165 4988 1791 5062">
    <p class='ocr_par' dir='ltr' id='par_1_85' title="bbox 165 4988 1791 5062">
     <span class='ocr_line' id='line_1_86' title="bbox 165 4988 1791 5062; baseline 0.004 -17"><span class='ocrx_word' id='word_1_622' title='bbox 165 4988 481 5050; x_wconf 83' lang='lat' dir='ltr'><strong>&#39;orationem</strong></span> <span class='ocrx_word' id='word_1_623' title='bbox 516 4988 889 5062; x_wconf 79' lang='lat' dir='ltr'><strong>Doniinicam,</strong></span> <span class='ocrx_word' id='word_1_624' title='bbox 917 5009 983 5050; x_wconf 78' lang='lat' dir='ltr'><strong>ex</strong></span> <span class='ocrx_word' id='word_1_625' title='bbox 1011 4996 1229 5051; x_wconf 89' lang='lat' dir='ltr'><strong>decreto</strong></span> <span class='ocrx_word' id='word_1_626' title='bbox 1272 4988 1498 5051; x_wconf 71' lang='lat' dir='ltr'><strong>concilii</strong></span> <span class='ocrx_word' id='word_1_627' title='bbox 1545 4997 1791 5053; x_wconf 88' lang='lat' dir='ltr'><strong>Toletani</strong></span> 
     </span>
    </p>
   </div>
   <div class='ocr_carea' id='block_1_86' title="bbox 196 5066 867 5121">
    <p class='ocr_par' dir='ltr' id='par_1_86' title="bbox 196 5066 867 5121">
     <span class='ocr_line' id='line_1_87' title="bbox 196 5066 867 5121; baseline 0.003 -4"><span class='ocrx_word' id='word_1_628' title='bbox 196 5076 243 5117; x_wconf 87' lang='lat' dir='ltr'><strong>tu</strong></span> <span class='ocrx_word' id='word_1_629' title='bbox 269 5070 494 5120; x_wconf 83' lang='lat' dir='ltr'><strong>recitant</strong></span> <span class='ocrx_word' id='word_1_630' title='bbox 525 5066 867 5121; x_wconf 80' lang='lat' dir='ltr'><strong>Mozarabes.</strong></span> 
     </span>
    </p>
   </div>
   <div class='ocr_carea' id='block_1_87' title="bbox 258 5135 1791 5210">
    <p class='ocr_par' dir='ltr' id='par_1_87' title="bbox 258 5135 1791 5210">
     <span class='ocr_line' id='line_1_88' title="bbox 258 5135 1791 5210; baseline 0.004 -21"><span class='ocrx_word' id='word_1_631' title='bbox 258 5144 281 5172; x_wconf 79' lang='grc' dir='ltr'><strong><em>ο</em></strong></span> <span class='ocrx_word' id='word_1_632' title='bbox 308 5135 675 5190; x_wconf 82' lang='lat' dir='ltr'><strong>Parcendum.</strong></span> <span class='ocrx_word' id='word_1_633' title='bbox 710 5135 824 5192; x_wconf 81' lang='lat' dir='ltr'><strong>Hoc</strong></span> <span class='ocrx_word' id='word_1_634' title='bbox 867 5146 950 5194; x_wconf 90' lang='lat' dir='ltr'><strong>est</strong></span> <span class='ocrx_word' id='word_1_635' title='bbox 978 5137 1251 5195; x_wconf 88' lang='lat' dir='ltr'><strong>Christum</strong></span> <span class='ocrx_word' id='word_1_636' title='bbox 1294 5138 1602 5210; x_wconf 89' lang='lat' dir='ltr'><strong>Dominum,</strong></span> <span class='ocrx_word' id='word_1_637' title='bbox 1632 5154 1791 5210; x_wconf 90' lang='lat' dir='ltr'><strong>quem</strong></span> 
     </span>
    </p>
   </div>
   <div class='ocr_carea' id='block_1_88' title="bbox 193 5210 920 5277">
    <p class='ocr_par' dir='ltr' id='par_1_88' title="bbox 193 5210 920 5277">
     <span class='ocr_line' id='line_1_89' title="bbox 193 5210 920 5277; baseline 0.001 -15"><span class='ocrx_word' id='word_1_638' title='bbox 193 5219 456 5275; x_wconf 76' lang='lat' dir='ltr'><strong>speramus</strong></span> <span class='ocrx_word' id='word_1_639' title='bbox 487 5210 620 5262; x_wconf 85' lang='lat' dir='ltr'><strong>fore</strong></span> <span class='ocrx_word' id='word_1_640' title='bbox 645 5218 699 5260; x_wconf 93' lang='lat' dir='ltr'><strong>ut</strong></span> <span class='ocrx_word' id='word_1_641' title='bbox 722 5218 920 5277; x_wconf 89' lang='lat' dir='ltr'><strong>parcat.</strong></span> 
     </span>
    </p>
   </div>
   <div class='ocr_carea' id='block_1_89' title="bbox 257 5277 1792 5349">
    <p class='ocr_par' dir='ltr' id='par_1_89' title="bbox 257 5277 1792 5349">
     <span class='ocr_line' id='line_1_90' title="bbox 257 5277 1792 5349; baseline 0.003 -17"><span class='ocrx_word' id='word_1_642' title='bbox 257 5277 595 5334; x_wconf 71' lang='lat' dir='ltr'><strong>tCoronanit</strong></span> <span class='ocrx_word' id='word_1_643' title='bbox 654 5290 766 5349; x_wconf 82' lang='lat' dir='ltr'><strong>post</strong></span> <span class='ocrx_word' id='word_1_644' title='bbox 811 5282 1096 5349; x_wconf 74' lang='lat' dir='ltr'><strong>ﬂanzmam.</strong></span> <span class='ocrx_word' id='word_1_645' title='bbox 1146 5285 1279 5338; x_wconf 85' lang='lat' dir='ltr'><strong>Acta</strong></span> <span class='ocrx_word' id='word_1_646' title='bbox 1323 5292 1521 5339; x_wconf 84' lang='lat' dir='ltr'><strong>sanctae</strong></span> <span class='ocrx_word' id='word_1_647' title='bbox 1572 5282 1792 5338; x_wconf 86' lang='lat' dir='ltr'><strong>Eulaliae</strong></span> 
     </span>
    </p>
   </div>
   <div class='ocr_carea' id='block_1_90' title="bbox 196 5345 1787 5422">
    <p class='ocr_par' dir='ltr' id='par_1_90' title="bbox 196 5345 1787 5422">
     <span class='ocr_line' id='line_1_91' title="bbox 196 5345 1787 5422; baseline 0.004 -20"><span class='ocrx_word' id='word_1_648' title='bbox 196 5345 541 5408; x_wconf 80' lang='lat' dir='ltr'><strong>Emeritensis</strong></span> <span class='ocrx_word' id='word_1_649' title='bbox 570 5345 976 5418; x_wconf 60' lang='lat' dir='ltr'><strong>habent,&#39;eam,</strong></span> <span class='ocrx_word' id='word_1_650' title='bbox 1019 5368 1246 5409; x_wconf 90' lang='lat' dir='ltr'><strong>accenso</strong></span> <span class='ocrx_word' id='word_1_651' title='bbox 1291 5356 1435 5411; x_wconf 90' lang='lat' dir='ltr'><strong>circa</strong></span> <span class='ocrx_word' id='word_1_652' title='bbox 1464 5370 1702 5422; x_wconf 90' lang='lat' dir='ltr'><strong>crucem,</strong></span> <span class='ocrx_word' id='word_1_653' title='bbox 1732 5356 1787 5409; x_wconf 93' lang='lat' dir='ltr'><strong>in</strong></span> 
     </span>
    </p>
   </div>
   <div class='ocr_carea' id='block_1_91' title="bbox 192 5423 1781 5498">
    <p class='ocr_par' dir='ltr' id='par_1_91' title="bbox 192 5423 1781 5498">
     <span class='ocr_line' id='line_1_92' title="bbox 192 5423 1781 5498; baseline 0.004 -23"><span class='ocrx_word' id='word_1_654' title='bbox 192 5433 280 5498; x_wconf 77' lang='lat' dir='ltr'><strong>qua</strong></span> <span class='ocrx_word' id='word_1_655' title='bbox 321 5424 833 5498; x_wconf 70' lang='lat' dir='ltr'><strong>penilebat,_rogo.</strong></span> <span class='ocrx_word' id='word_1_656' title='bbox 878 5423 1091 5480; x_wconf 85' lang='lat' dir='ltr'><strong>tandem</strong></span> <span class='ocrx_word' id='word_1_657' title='bbox 1147 5426 1538 5482; x_wconf 88' lang='lat' dir='ltr'><strong>vivicombnrio</strong></span> <span class='ocrx_word' id='word_1_658' title='bbox 1582 5437 1781 5498; x_wconf 87' lang='lat' dir='ltr'><strong>marty-</strong></span> 
     </span>
    </p>
   </div>
   <div class='ocr_carea' id='block_1_92' title="bbox 193 5491 1785 5569">
    <p class='ocr_par' dir='ltr' id='par_1_92' title="bbox 193 5491 1785 5569">
     <span class='ocr_line' id='line_1_93' title="bbox 193 5491 1785 5569; baseline 0.005 -25"><span class='ocrx_word' id='word_1_659' title='bbox 193 5491 312 5569; x_wconf 60' lang='lat' dir='ltr'><strong>rium</strong></span> <span class='ocrx_word' id='word_1_660' title='bbox 340 5536 354 5556; x_wconf 92' lang='lat'><strong>,</strong></span> <span class='ocrx_word' id='word_1_661' title='bbox 388 5497 596 5549; x_wconf 86' lang='lat' dir='ltr'><strong>hausta</strong></span> <span class='ocrx_word' id='word_1_662' title='bbox 643 5491 896 5563; x_wconf 88' lang='lat' dir='ltr'><strong>ﬂamma,</strong></span> <span class='ocrx_word' id='word_1_663' title='bbox 942 5512 1377 5569; x_wconf 78' lang='lat' dir='ltr'><strong>consummasse;</strong></span> <span class='ocrx_word' id='word_1_664' title='bbox 1430 5508 1483 5554; x_wconf 90' lang='lat' dir='ltr'><strong>et</strong></span> <span class='ocrx_word' id='word_1_665' title='bbox 1536 5491 1785 5569; x_wconf 69' lang='lat' dir='ltr'><strong>quamvis</strong></span> 
     </span>
    </p>
   </div>
   <div class='ocr_carea' id='block_1_93' title="bbox 190 5558 1785 5639">
    <p class='ocr_par' dir='ltr' id='par_1_93' title="bbox 190 5558 1785 5639">
     <span class='ocr_line' id='line_1_94' title="bbox 190 5558 1785 5639; baseline 0.006 -24"><span class='ocrx_word' id='word_1_666' title='bbox 190 5558 501 5621; x_wconf 87' lang='lat' dir='ltr'><strong>Prudentius</strong></span> <span class='ocrx_word' id='word_1_667' title='bbox 554 5579 678 5619; x_wconf 87' lang='lat' dir='ltr'><strong>eam</strong></span> <span class='ocrx_word' id='word_1_668' title='bbox 711 5569 831 5635; x_wconf 83' lang='lat' dir='ltr'><strong>igne</strong></span> <span class='ocrx_word' id='word_1_669' title='bbox 864 5558 1250 5637; x_wconf 81' lang='lat' dir='ltr'><strong>lampadarum,</strong></span> <span class='ocrx_word' id='word_1_670' title='bbox 1285 5558 1342 5624; x_wconf 77' lang='lat' dir='ltr'><strong>et</strong></span> <span class='ocrx_word' id='word_1_671' title='bbox 1362 5558 1581 5624; x_wconf 49' lang='lat' dir='ltr'><strong>&#39;llamnia</strong></span> <span class='ocrx_word' id='word_1_672' title='bbox 1624 5584 1785 5639; x_wconf 91' lang='lat' dir='ltr'><strong>quam</strong></span> 
     </span>
    </p>
   </div>
   <div class='ocr_carea' id='block_1_94' title="bbox 189 5640 1786 5709">
    <p class='ocr_par' dir='ltr' id='par_1_94' title="bbox 189 5640 1786 5709">
     <span class='ocr_line' id='line_1_95' title="bbox 189 5640 1786 5709; baseline 0.002 -17"><span class='ocrx_word' id='word_1_673' title='bbox 189 5646 340 5709; x_wconf 53' lang='lat' dir='ltr'><strong>gotum</strong></span> <span class='ocrx_word' id='word_1_674' title='bbox 389 5646 793 5706; x_wconf 86' lang='lat' dir='ltr'><strong>conceperant,</strong></span> <span class='ocrx_word' id='word_1_675' title='bbox 823 5641 1141 5694; x_wconf 82' lang='lat' dir='ltr'><strong>exstinctam</strong></span> <span class='ocrx_word' id='word_1_676' title='bbox 1173 5656 1293 5696; x_wconf 89' lang='lat' dir='ltr'><strong>esse</strong></span> <span class='ocrx_word' id='word_1_677' title='bbox 1338 5640 1500 5706; x_wconf 88' lang='lat' dir='ltr'><strong>dicat,</strong></span> <span class='ocrx_word' id='word_1_678' title='bbox 1535 5642 1677 5709; x_wconf 88' lang='lat' dir='ltr'><strong>quod</strong></span> <span class='ocrx_word' id='word_1_679' title='bbox 1718 5641 1786 5696; x_wconf 86' lang='lat' dir='ltr'><strong>de</strong></span> 
     </span>
    </p>
   </div>
   <div class='ocr_carea' id='block_1_95' title="bbox 190 5702 1787 5780">
    <p class='ocr_par' dir='ltr' id='par_1_95' title="bbox 190 5702 1787 5780">
     <span class='ocr_line' id='line_1_96' title="bbox 190 5702 1787 5780; baseline 0.005 -21"><span class='ocrx_word' id='word_1_680' title='bbox 190 5702 376 5763; x_wconf 84' lang='lat' dir='ltr'><strong>Eulalia</strong></span> <span class='ocrx_word' id='word_1_681' title='bbox 402 5702 807 5763; x_wconf 74' lang='lat' dir='ltr'><strong>Barciuonensi</strong></span> <span class='ocrx_word' id='word_1_682' title='bbox 826 5719 1091 5769; x_wconf 83' lang='lat' dir='ltr'><strong>testantur</strong></span> <span class='ocrx_word' id='word_1_683' title='bbox 1114 5713 1234 5780; x_wconf 86' lang='lat' dir='ltr'><strong>ejus</strong></span> <span class='ocrx_word' id='word_1_684' title='bbox 1263 5712 1415 5777; x_wconf 75' lang='lat' dir='ltr'><strong>Acta,</strong></span> <span class='ocrx_word' id='word_1_685' title='bbox 1452 5702 1629 5765; x_wconf 46' lang='lat' dir='ltr'><strong>tam-en</strong></span> <span class='ocrx_word' id='word_1_686' title='bbox 1652 5714 1787 5767; x_wconf 86' lang='lat' dir='ltr'><strong>aetis</strong></span> 
     </span>
    </p>
   </div>
   <div class='ocr_carea' id='block_1_96' title="bbox 186 5780 1786 5851">
    <p class='ocr_par' dir='ltr' id='par_1_96' title="bbox 186 5780 1786 5851">
     <span class='ocr_line' id='line_1_97' title="bbox 186 5780 1786 5851; baseline 0.005 -20"><span class='ocrx_word' id='word_1_687' title='bbox 186 5788 372 5851; x_wconf 62' lang='lat' dir='ltr'><strong>sancta:</strong></span> <span class='ocrx_word' id='word_1_688' title='bbox 400 5780 646 5835; x_wconf 72' lang='lat' dir='ltr'><strong>Eulaliae</strong></span> <span class='ocrx_word' id='word_1_689' title='bbox 683 5783 1033 5837; x_wconf 71' lang='lat' dir='ltr'><strong>Emeritensis</strong></span> <span class='ocrx_word' id='word_1_690' title='bbox 1064 5786 1466 5851; x_wconf 87' lang='lat' dir='ltr'><strong>patrocinantur</strong></span> <span class='ocrx_word' id='word_1_691' title='bbox 1490 5782 1702 5839; x_wconf 84' lang='lat' dir='ltr'><strong>Missale</strong></span> <span class='ocrx_word' id='word_1_692' title='bbox 1731 5793 1786 5839; x_wconf 90' lang='lat' dir='ltr'><strong>et</strong></span> 
     </span>
    </p>
   </div>
   <div class='ocr_carea' id='block_1_97' title="bbox 184 5843 1787 5929">
    <p class='ocr_par' dir='ltr' id='par_1_97' title="bbox 184 5843 1787 5929">
     <span class='ocr_line' id='line_1_98' title="bbox 184 5843 1787 5929; baseline 0.006 -23"><span class='ocrx_word' id='word_1_693' title='bbox 184 5843 518 5911; x_wconf 75' lang='lat' dir='ltr'><strong>Breviar‘ium</strong></span> <span class='ocrx_word' id='word_1_694' title='bbox 545 5860 821 5922; x_wconf 83' lang='lat' dir='ltr'><strong>nostrum,</strong></span> <span class='ocrx_word' id='word_1_695' title='bbox 841 5865 899 5910; x_wconf 90' lang='lat' dir='ltr'><strong>et</strong></span> <span class='ocrx_word' id='word_1_696' title='bbox 922 5843 1227 5911; x_wconf 63' lang='lat' dir='ltr'><strong>Orati&#39;onale</strong></span> <span class='ocrx_word' id='word_1_697' title='bbox 1253 5854 1561 5927; x_wconf 81' lang='lat' dir='ltr'><strong>Gothicam,</strong></span> <span class='ocrx_word' id='word_1_698' title='bbox 1585 5855 1641 5912; x_wconf 91' lang='lat' dir='ltr'><strong>in</strong></span> <span class='ocrx_word' id='word_1_699' title='bbox 1669 5855 1787 5929; x_wconf 88' lang='lat' dir='ltr'><strong>qui-</strong></span> 
     </span>
    </p>
   </div>
   <div class='ocr_carea' id='block_1_98' title="bbox 638 5947 1274 6033">
    <p class='ocr_par' dir='ltr' id='par_1_98' title="bbox 638 5947 1274 6033">
     <span class='ocr_line' id='line_1_99' title="bbox 638 5947 1274 6033; baseline 0.008 -23"><span class='ocrx_word' id='word_1_700' title='bbox 638 5947 892 6031; x_wconf 74' lang='lat' dir='ltr'><strong>rmm.</strong></span> <span class='ocrx_word' id='word_1_701' title='bbox 910 6030 927 6033; x_wconf 19' lang='grc' dir='ltr'><strong>λ</strong></span> <span class='ocrx_word' id='word_1_702' title='bbox 943 5949 1274 6018; x_wconf 80' lang='lat' dir='ltr'><strong>LXXXV.</strong></span> 
     </span>
    </p>
   </div>
   <div class='ocr_carea' id='block_1_99' title="bbox 1898 3323 3488 3393">
    <p class='ocr_par' dir='ltr' id='par_1_99' title="bbox 1898 3323 3488 3393">
     <span class='ocr_line' id='line_1_100' title="bbox 1898 3323 3488 3393; baseline -0.002 -13"><span class='ocrx_word' id='word_1_703' title='bbox 1898 3324 2141 3382; x_wconf 90' lang='lat' dir='ltr'><strong>venirent</strong></span> <span class='ocrx_word' id='word_1_704' title='bbox 2186 3324 2402 3380; x_wconf 89' lang='lat' dir='ltr'><strong>inventa</strong></span> <span class='ocrx_word' id='word_1_705' title='bbox 2446 3333 2533 3381; x_wconf 91' lang='lat' dir='ltr'><strong>est</strong></span> <span class='ocrx_word' id='word_1_706' title='bbox 2584 3327 2637 3380; x_wconf 90' lang='lat' dir='ltr'><strong>in</strong></span> <span class='ocrx_word' id='word_1_707' title='bbox 2698 3334 2849 3380; x_wconf 86' lang='lat' dir='ltr'><strong>utero</strong></span> <span class='ocrx_word' id='word_1_708' title='bbox 2913 3325 3117 3381; x_wconf 89' lang='lat' dir='ltr'><strong>habens</strong></span> <span class='ocrx_word' id='word_1_709' title='bbox 3158 3325 3226 3380; x_wconf 91' lang='lat' dir='ltr'><strong>de</strong></span> <span class='ocrx_word' id='word_1_710' title='bbox 3279 3323 3488 3393; x_wconf 89' lang='lat' dir='ltr'><strong>Spiritu</strong></span> 
     </span>
    </p>
   </div>
   <div class='ocr_carea' id='block_1_100' title="bbox 1897 3418 3488 3491">
    <p class='ocr_par' dir='ltr' id='par_1_100' title="bbox 1897 3418 3488 3491">
     <span class='ocr_line' id='line_1_101' title="bbox 1897 3418 3488 3491; baseline -0.003 -13"><span class='ocrx_word' id='word_1_711' title='bbox 1897 3418 2119 3478; x_wconf 88' lang='lat' dir='ltr'><strong>Sancto.</strong></span> <span class='ocrx_word' id='word_1_712' title='bbox 2150 3419 2399 3491; x_wconf 89' lang='lat' dir='ltr'><strong>Alleluja.</strong></span> <span class='ocrx_word' id='word_1_713' title='bbox 2468 3420 2542 3489; x_wconf 58' lang='grc' dir='ltr'><strong>ᾗ.</strong></span> <span class='ocrx_word' id='word_1_714' title='bbox 2590 3418 2824 3490; x_wconf 90' lang='lat' dir='ltr'><strong>Spiritus</strong></span> <span class='ocrx_word' id='word_1_715' title='bbox 2868 3420 3098 3477; x_wconf 87' lang='lat' dir='ltr'><strong>Sanctus</strong></span> <span class='ocrx_word' id='word_1_716' title='bbox 3141 3418 3488 3491; x_wconf 80' lang='lat' dir='ltr'><strong>superveniet</strong></span> 
     </span>
    </p>
   </div>
   <div class='ocr_carea' id='block_1_101' title="bbox 1906 3577 3483 3658">
    <p class='ocr_par' dir='ltr' id='par_1_101' title="bbox 1906 3577 3483 3658">
     <span class='ocr_line' id='line_1_102' title="bbox 1906 3577 3483 3658; baseline 0.001 -25"><span class='ocrx_word' id='word_1_717' title='bbox 1906 3577 2005 3634; x_wconf 88' lang='lat' dir='ltr'><strong>bus</strong></span> <span class='ocrx_word' id='word_1_718' title='bbox 2027 3580 2460 3658; x_wconf 55' lang='lat' dir='ltr'><strong>ﬂammmfogus</strong></span> <span class='ocrx_word' id='word_1_719' title='bbox 2480 3588 2530 3658; x_wconf 75' lang='lat' dir='ltr'><strong>et</strong></span> <span class='ocrx_word' id='word_1_720' title='bbox 2552 3581 2701 3658; x_wconf 60' lang='lat' dir='ltr'><strong>ignis</strong></span> <span class='ocrx_word' id='word_1_721' title='bbox 2731 3588 2834 3658; x_wconf 82' lang='lat' dir='ltr'><strong>tam</strong></span> <span class='ocrx_word' id='word_1_722' title='bbox 2868 3577 3173 3658; x_wconf 80' lang='lat' dir='ltr'><strong>frequenter</strong></span> <span class='ocrx_word' id='word_1_723' title='bbox 3198 3589 3483 3634; x_wconf 89' lang='lat' dir='ltr'><strong>recurrunt</strong></span> 
     </span>
    </p>
   </div>
   <div class='ocr_carea' id='block_1_102' title="bbox 1902 3649 3483 3720">
    <p class='ocr_par' dir='ltr' id='par_1_102' title="bbox 1902 3649 3483 3720">
     <span class='ocr_line' id='line_1_103' title="bbox 1902 3649 3483 3720; baseline -0.001 -15"><span class='ocrx_word' id='word_1_724' title='bbox 1902 3658 1963 3705; x_wconf 90' lang='lat' dir='ltr'><strong>ut</strong></span> <span class='ocrx_word' id='word_1_725' title='bbox 1987 3652 2215 3719; x_wconf 87' lang='lat' dir='ltr'><strong>amplius</strong></span> <span class='ocrx_word' id='word_1_726' title='bbox 2242 3649 2441 3720; x_wconf 82' lang='lat' dir='ltr'><strong>aliquid</strong></span> <span class='ocrx_word' id='word_1_727' title='bbox 2482 3652 2762 3706; x_wconf 88' lang='lat' dir='ltr'><strong>videantur</strong></span> <span class='ocrx_word' id='word_1_728' title='bbox 2791 3649 3027 3705; x_wconf 77' lang='lat' dir='ltr'><strong>indicare</strong></span> <span class='ocrx_word' id='word_1_729' title='bbox 3054 3664 3214 3719; x_wconf 86' lang='lat' dir='ltr'><strong>quam</strong></span> <span class='ocrx_word' id='word_1_730' title='bbox 3241 3660 3483 3705; x_wconf 86' lang='lat' dir='ltr'><strong>tormen-</strong></span> 
     </span>
    </p>
   </div>
   <div class='ocr_carea' id='block_1_103' title="bbox 1903 3721 2898 3790">
    <p class='ocr_par' dir='ltr' id='par_1_103' title="bbox 1903 3721 2898 3790">
     <span class='ocr_line' id='line_1_104' title="bbox 1903 3721 2898 3790; baseline -0.002 -15"><span class='ocrx_word' id='word_1_731' title='bbox 1903 3729 2012 3777; x_wconf 89' lang='lat' dir='ltr'><strong>tum</strong></span> <span class='ocrx_word' id='word_1_732' title='bbox 2047 3721 2184 3775; x_wconf 83' lang='lat' dir='ltr'><strong>liaud</strong></span> <span class='ocrx_word' id='word_1_733' title='bbox 2214 3722 2477 3777; x_wconf 82' lang='lat' dir='ltr'><strong>insuetum</strong></span> <span class='ocrx_word' id='word_1_734' title='bbox 2510 3723 2898 3790; x_wconf 73' lang='lat' dir='ltr'><strong>Iampatlaruni.</strong></span> 
     </span>
    </p>
   </div>
   <div class='ocr_carea' id='block_1_104' title="bbox 1976 3790 3482 3863">
    <p class='ocr_par' dir='ltr' id='par_1_104' title="bbox 1976 3790 3482 3863">
     <span class='ocr_line' id='line_1_105' title="bbox 1976 3790 3482 3863; baseline 0.003 -18"><span class='ocrx_word' id='word_1_735' title='bbox 1976 3802 2001 3839; x_wconf 72' lang='grc' dir='ltr'><strong>α</strong></span> <span class='ocrx_word' id='word_1_736' title='bbox 2034 3791 2100 3845; x_wconf 85' lang='lat' dir='ltr'><strong>In</strong></span> <span class='ocrx_word' id='word_1_737' title='bbox 2144 3794 2429 3862; x_wconf 79' lang='lat' dir='ltr'><strong>festivitate.</strong></span> <span class='ocrx_word' id='word_1_738' title='bbox 2462 3794 2590 3859; x_wconf 72' lang='lat' dir='ltr'><strong>Quae</strong></span> <span class='ocrx_word' id='word_1_739' title='bbox 2621 3790 3129 3863; x_wconf 13' lang='lat' dir='ltr'><strong>Graecisilestivitas</strong></span> <span class='ocrx_word' id='word_1_740' title='bbox 3177 3796 3208 3850; x_wconf 78' lang='grc' dir='ltr'>ἡ</span> <span class='ocrx_word' id='word_1_741' title='bbox 3251 3791 3372 3863; x_wconf 77' lang='grc' dir='ltr'>ἁγία</span> <span class='ocrx_word' id='word_1_742' title='bbox 3394 3800 3482 3847; x_wconf 83' lang='grc' dir='ltr'><strong>τοῦ</strong></span> 
     </span>
    </p>
   </div>
   <div class='ocr_carea' id='block_1_105' title="bbox 1899 3862 3479 3939">
    <p class='ocr_par' dir='ltr' id='par_1_105' title="bbox 1899 3862 3479 3939">
     <span class='ocr_line' id='line_1_106' title="bbox 1899 3862 3479 3939; baseline -0.003 -20"><span class='ocrx_word' id='word_1_743' title='bbox 1899 3865 2266 3939; x_wconf 54' lang='grc' dir='ltr'><strong>εὐαγγελισμοῦ</strong></span> <span class='ocrx_word' id='word_1_744' title='bbox 2316 3867 2499 3939; x_wconf 68' lang='grc' dir='ltr'><strong>ἡμέρᾳ,</strong></span> <span class='ocrx_word' id='word_1_745' title='bbox 2540 3876 2616 3929; x_wconf 80' lang='grc' dir='ltr'><strong>ιιι,</strong></span> <span class='ocrx_word' id='word_1_746' title='bbox 2646 3879 2766 3939; x_wconf 72' lang='lat' dir='ltr'><strong>can.</strong></span> <span class='ocrx_word' id='word_1_747' title='bbox 2799 3862 2890 3939; x_wconf 65' lang='lat'><strong>52,</strong></span> <span class='ocrx_word' id='word_1_748' title='bbox 2936 3862 3168 3939; x_wconf 72' lang='lat' dir='ltr'><strong>loquitur</strong></span> <span class='ocrx_word' id='word_1_749' title='bbox 3195 3862 3479 3939; x_wconf 74' lang='lat' dir='ltr'><strong>Concilium</strong></span> 
     </span>
    </p>
   </div>
   <div class='ocr_carea' id='block_1_106' title="bbox 1898 3932 3484 4002">
    <p class='ocr_par' dir='ltr' id='par_1_106' title="bbox 1898 3932 3484 4002">
     <span class='ocr_line' id='line_1_107' title="bbox 1898 3932 3484 4002; baseline -0.005 -13"><span class='ocrx_word' id='word_1_750' title='bbox 1898 3932 2233 3996; x_wconf 73' lang='lat' dir='ltr'><strong>Trullanutu,</strong></span> <span class='ocrx_word' id='word_1_751' title='bbox 2260 3932 2617 4002; x_wconf 70' lang='lat' dir='ltr'><strong>sacra&#39;fuustte</strong></span> <span class='ocrx_word' id='word_1_752' title='bbox 2650 3933 3004 3986; x_wconf 76' lang='lat' dir='ltr'><strong>Nuntiatiom’s</strong></span> <span class='ocrx_word' id='word_1_753' title='bbox 3051 3933 3179 3995; x_wconf 82' lang='lat' dir='ltr'><strong>dies,</strong></span> <span class='ocrx_word' id='word_1_754' title='bbox 3213 3932 3293 3984; x_wconf 80' lang='lat' dir='ltr'><strong>vel</strong></span> <span class='ocrx_word' id='word_1_755' title='bbox 3326 3933 3484 3983; x_wconf 69' lang='lat' dir='ltr'><strong>absil—</strong></span> 
     </span>
    </p>
   </div>
   <div class='ocr_carea' id='block_1_107' title="bbox 1900 4001 3483 4126">
    <p class='ocr_par' dir='ltr' id='par_1_107' title="bbox 1900 4001 3483 4126">
     <span class='ocr_line' id='line_1_108' title="bbox 1900 4001 3483 4126; baseline -0.003 -67"><span class='ocrx_word' id='word_1_756' title='bbox 1900 4006 2010 4061; x_wconf 89' lang='lat' dir='ltr'><strong>lute</strong></span> <span class='ocrx_word' id='word_1_757' title='bbox 2057 4007 2417 4078; x_wconf 70' lang='grc' dir='ltr'><strong>εὐαγγελισμὸς</strong></span> <span class='ocrx_word' id='word_1_758' title='bbox 2463 4003 2738 4058; x_wconf 84' lang='lat' dir='ltr'><strong>Nuntiatio</strong></span> <span class='ocrx_word' id='word_1_759' title='bbox 2779 4003 3107 4073; x_wconf 81' lang='lat' dir='ltr'><strong>appellatur,</strong></span> <span class='ocrx_word' id='word_1_760' title='bbox 3146 4001 3345 4055; x_wconf 85' lang='lat' dir='ltr'><strong>Latinis</strong></span> <span class='ocrx_word' id='word_1_761' title='bbox 3369 4002 3483 4126; x_wconf 42' lang='grc' dir='ltr'><strong>,Αἴς-</strong></span> 
     </span>
     <span class='ocr_line' id='line_1_109' title="bbox 3231 4084 3483 4126; baseline 0 0"><span class='ocrx_word' id='word_1_762' title='bbox 3231 4084 3411 4126; x_wconf 79' lang='lat' dir='ltr'><strong>nuntia</strong></span> <span class='ocrx_word' id='word_1_763' title='bbox 3436 4088 3483 4126; x_wconf 77' lang='grc' dir='ltr'><strong>ιο</strong></span> 
     </span>
    </p>
   </div>
   <div class='ocr_carea' id='block_1_108' title="bbox 3231 4084 3487 4127">
    <p class='ocr_par' dir='ltr' id='par_1_108' title="bbox 3231 4084 3487 4127">
     <span class='ocr_line' id='line_1_110' title="bbox 3231 4084 3487 4127; baseline 0.004 -1"><span class='ocrx_word' id='word_1_764' title='bbox 3231 4084 3487 4127; x_wconf 83' lang='lat' dir='ltr'><strong>nuntiatto</strong></span> 
     </span>
    </p>
   </div>
   <div class='ocr_carea' id='block_1_109' title="bbox 1969 4208 3487 4267">
    <p class='ocr_par' dir='ltr' id='par_1_109' title="bbox 1969 4208 3487 4267">
     <span class='ocr_line' id='line_1_111' title="bbox 1969 4208 3487 4267; baseline 0.001 -4"><span class='ocrx_word' id='word_1_765' title='bbox 1969 4208 2097 4264; x_wconf 86' lang='lat' dir='ltr'><strong>hDe</strong></span> <span class='ocrx_word' id='word_1_766' title='bbox 2135 4211 2185 4264; x_wconf 83' lang='lat' dir='ltr'><strong>ta</strong></span> <span class='ocrx_word' id='word_1_767' title='bbox 2214 4210 2279 4267; x_wconf 92' lang='lat'><strong>0.</strong></span> <span class='ocrx_word' id='word_1_768' title='bbox 2311 4212 2629 4267; x_wconf 89' lang='lat' dir='ltr'><strong>Solemnitas</strong></span> <span class='ocrx_word' id='word_1_769' title='bbox 2669 4211 3098 4267; x_wconf 88' lang='lat' dir='ltr'><strong>Annnntiationis</strong></span> <span class='ocrx_word' id='word_1_770' title='bbox 3151 4211 3321 4267; x_wconf 65' lang='lat' dir='ltr'><strong>beata:</strong></span> <span class='ocrx_word' id='word_1_771' title='bbox 3366 4211 3487 4265; x_wconf 73' lang='lat' dir='ltr'><strong>Vir-</strong></span> 
     </span>
    </p>
   </div>
   <div class='ocr_carea' id='block_1_110' title="bbox 1895 4281 3482 4350">
    <p class='ocr_par' dir='ltr' id='par_1_110' title="bbox 1895 4281 3482 4350">
     <span class='ocr_line' id='line_1_112' title="bbox 1895 4281 3482 4350; baseline 0 -13"><span class='ocrx_word' id='word_1_772' title='bbox 1895 4281 2031 4350; x_wconf 85' lang='lat' dir='ltr'><strong>ginis</strong></span> <span class='ocrx_word' id='word_1_773' title='bbox 2056 4283 2132 4336; x_wconf 88' lang='lat' dir='ltr'><strong>bis</strong></span> <span class='ocrx_word' id='word_1_774' title='bbox 2160 4284 2211 4336; x_wconf 91' lang='lat' dir='ltr'><strong>in</strong></span> <span class='ocrx_word' id='word_1_775' title='bbox 2240 4283 2433 4338; x_wconf 83' lang='lat' dir='ltr'><strong>Missali</strong></span> <span class='ocrx_word' id='word_1_776' title='bbox 2462 4294 2515 4339; x_wconf 91' lang='lat' dir='ltr'><strong>et</strong></span> <span class='ocrx_word' id='word_1_777' title='bbox 2546 4286 2813 4339; x_wconf 87' lang='lat' dir='ltr'><strong>Breviario</strong></span> <span class='ocrx_word' id='word_1_778' title='bbox 2843 4284 3182 4338; x_wconf 71' lang='lat' dir='ltr'><strong>Miizarabum</strong></span> <span class='ocrx_word' id='word_1_779' title='bbox 3226 4284 3482 4349; x_wconf 88' lang='lat' dir='ltr'><strong>recurrit,</strong></span> 
     </span>
    </p>
   </div>
   <div class='ocr_carea' id='block_1_111' title="bbox 1894 4354 3485 4423">
    <p class='ocr_par' dir='ltr' id='par_1_111' title="bbox 1894 4354 3485 4423">
     <span class='ocr_line' id='line_1_113' title="bbox 1894 4354 3485 4423; baseline 0.001 -15"><span class='ocrx_word' id='word_1_780' title='bbox 1894 4362 1951 4408; x_wconf 90' lang='lat' dir='ltr'><strong>et</strong></span> <span class='ocrx_word' id='word_1_781' title='bbox 1970 4354 2252 4423; x_wconf 86' lang='lat' dir='ltr'><strong>quotannis</strong></span> <span class='ocrx_word' id='word_1_782' title='bbox 2274 4356 2352 4409; x_wconf 90' lang='lat' dir='ltr'><strong>bis</strong></span> <span class='ocrx_word' id='word_1_783' title='bbox 2375 4355 2674 4410; x_wconf 82' lang='lat' dir='ltr'><strong>celebratur</strong></span> <span class='ocrx_word' id='word_1_784' title='bbox 2689 4357 2754 4410; x_wconf 87' lang='lat' dir='ltr'><strong>ab</strong></span> <span class='ocrx_word' id='word_1_785' title='bbox 2781 4356 2989 4417; x_wconf 85' lang='lat' dir='ltr'><strong>iisdem,</strong></span> <span class='ocrx_word' id='word_1_786' title='bbox 3015 4361 3114 4409; x_wconf 78' lang='lat' dir='ltr'><strong>sub</strong></span> <span class='ocrx_word' id='word_1_787' title='bbox 3150 4356 3253 4409; x_wconf 91' lang='lat' dir='ltr'><strong>ritu</strong></span> <span class='ocrx_word' id='word_1_788' title='bbox 3284 4356 3485 4412; x_wconf 66' lang='lat' dir='ltr'><strong>duislici</strong></span> 
     </span>
    </p>
   </div>
   <div class='ocr_carea' id='block_1_112' title="bbox 1895 4427 3483 4494">
    <p class='ocr_par' dir='ltr' id='par_1_112' title="bbox 1895 4427 3483 4494">
     <span class='ocr_line' id='line_1_114' title="bbox 1895 4427 3483 4494; baseline 0.001 -16"><span class='ocrx_word' id='word_1_789' title='bbox 1895 4440 1988 4479; x_wconf 80' lang='lat' dir='ltr'><strong>sex</strong></span> <span class='ocrx_word' id='word_1_790' title='bbox 2028 4440 2344 4494; x_wconf 87' lang='lat' dir='ltr'><strong>capparum,</strong></span> <span class='ocrx_word' id='word_1_791' title='bbox 2370 4427 2457 4482; x_wconf 91' lang='lat' dir='ltr'><strong>die</strong></span> <span class='ocrx_word' id='word_1_792' title='bbox 2491 4428 2556 4481; x_wconf 73' lang='lat'><strong>18</strong></span> <span class='ocrx_word' id='word_1_793' title='bbox 2589 4429 2914 4493; x_wconf 77' lang='lat' dir='ltr'><strong>Decembris,</strong></span> <span class='ocrx_word' id='word_1_794' title='bbox 2944 4441 3008 4480; x_wconf 85' lang='lat' dir='ltr'><strong>ex</strong></span> <span class='ocrx_word' id='word_1_795' title='bbox 3052 4430 3269 4480; x_wconf 83' lang='lat' dir='ltr'><strong>decreto</strong></span> <span class='ocrx_word' id='word_1_796' title='bbox 3317 4427 3483 4481; x_wconf 90' lang='lat' dir='ltr'><strong>citato</strong></span> 
     </span>
    </p>
   </div>
   <div class='ocr_carea' id='block_1_113' title="bbox 1894 4497 3485 4565">
    <p class='ocr_par' dir='ltr' id='par_1_113' title="bbox 1894 4497 3485 4565">
     <span class='ocr_line' id='line_1_115' title="bbox 1894 4497 3485 4565; baseline 0.001 -15"><span class='ocrx_word' id='word_1_797' title='bbox 1894 4498 2105 4551; x_wconf 89' lang='lat' dir='ltr'><strong>concilii</strong></span> <span class='ocrx_word' id='word_1_798' title='bbox 2155 4498 2399 4552; x_wconf 81' lang='lat' dir='ltr'><strong>Toletani</strong></span> <span class='ocrx_word' id='word_1_799' title='bbox 2429 4514 2476 4563; x_wconf 79' lang='grc' dir='ltr'><strong>χ,</strong></span> <span class='ocrx_word' id='word_1_800' title='bbox 2510 4508 2563 4552; x_wconf 91' lang='lat' dir='ltr'><strong>et</strong></span> <span class='ocrx_word' id='word_1_801' title='bbox 2592 4497 2662 4551; x_wconf 68' lang='lat'><strong>&#39;25</strong></span> <span class='ocrx_word' id='word_1_802' title='bbox 2692 4498 2885 4565; x_wconf 80' lang='lat' dir='ltr'><strong>Martii,</strong></span> <span class='ocrx_word' id='word_1_803' title='bbox 2918 4506 2977 4551; x_wconf 89' lang='lat' dir='ltr'><strong>ut</strong></span> <span class='ocrx_word' id='word_1_804' title='bbox 3016 4506 3246 4565; x_wconf 68' lang='lat' dir='ltr'><strong>receptae</strong></span> <span class='ocrx_word' id='word_1_805' title='bbox 3292 4499 3341 4551; x_wconf 94' lang='lat' dir='ltr'><strong>in</strong></span> <span class='ocrx_word' id='word_1_806' title='bbox 3382 4500 3485 4551; x_wconf 83' lang='lat' dir='ltr'><strong>Ec-</strong></span> 
     </span>
    </p>
   </div>
   <div class='ocr_carea' id='block_1_114' title="bbox 1893 4568 3481 4638">
    <p class='ocr_par' dir='ltr' id='par_1_114' title="bbox 1893 4568 3481 4638">
     <span class='ocr_line' id='line_1_116' title="bbox 1893 4568 3481 4638; baseline 0.001 -17"><span class='ocrx_word' id='word_1_807' title='bbox 1893 4568 2056 4622; x_wconf 88' lang='lat' dir='ltr'><strong>clesia</strong></span> <span class='ocrx_word' id='word_1_808' title='bbox 2096 4569 2333 4623; x_wconf 73' lang='lat' dir='ltr'><strong>ltumana</strong></span> <span class='ocrx_word' id='word_1_809' title='bbox 2381 4570 2754 4624; x_wconf 67' lang='lat' dir='ltr'><strong>consuetudini</strong></span> <span class='ocrx_word' id='word_1_810' title='bbox 2798 4584 2916 4626; x_wconf 82' lang='lat' dir='ltr'><strong>sese</strong></span> <span class='ocrx_word' id='word_1_811' title='bbox 2958 4569 3295 4638; x_wconf 87' lang='lat' dir='ltr'><strong>adaptarent.</strong></span> <span class='ocrx_word' id='word_1_812' title='bbox 3335 4569 3481 4634; x_wconf 62' lang='lat' dir='ltr'><strong>Ilaec,</strong></span> 
     </span>
    </p>
   </div>
   <div class='ocr_carea' id='block_1_115' title="bbox 1892 4640 3486 4708">
    <p class='ocr_par' dir='ltr' id='par_1_115' title="bbox 1892 4640 3486 4708">
     <span class='ocr_line' id='line_1_117' title="bbox 1892 4640 3486 4708; baseline 0 -18"><span class='ocrx_word' id='word_1_813' title='bbox 1892 4653 2013 4707; x_wconf 74' lang='lat' dir='ltr'><strong>qua:</strong></span> <span class='ocrx_word' id='word_1_814' title='bbox 2052 4642 2320 4694; x_wconf 89' lang='lat' dir='ltr'><strong>recentior</strong></span> <span class='ocrx_word' id='word_1_815' title='bbox 2342 4640 2483 4708; x_wconf 90' lang='lat' dir='ltr'><strong>apud</strong></span> <span class='ocrx_word' id='word_1_816' title='bbox 2518 4640 2635 4694; x_wconf 87' lang='lat' dir='ltr'><strong>illos</strong></span> <span class='ocrx_word' id='word_1_817' title='bbox 2664 4641 2925 4695; x_wconf 79' lang='lat' dir='ltr'><strong>festivitas</strong></span> <span class='ocrx_word' id='word_1_818' title='bbox 2952 4650 3055 4707; x_wconf 73' lang='lat' dir='ltr'><strong>est,</strong></span> <span class='ocrx_word' id='word_1_819' title='bbox 3085 4640 3241 4694; x_wconf 90' lang='lat' dir='ltr'><strong>modo</strong></span> <span class='ocrx_word' id='word_1_820' title='bbox 3274 4640 3486 4691; x_wconf 86' lang='lat' dir='ltr'><strong>Annuu-</strong></span> 
     </span>
    </p>
   </div>
   <div class='ocr_carea' id='block_1_116' title="bbox 1892 4710 3482 4779">
    <p class='ocr_par' dir='ltr' id='par_1_116' title="bbox 1892 4710 3482 4779">
     <span class='ocr_line' id='line_1_118' title="bbox 1892 4710 3482 4779; baseline -0.002 -16"><span class='ocrx_word' id='word_1_821' title='bbox 1892 4710 2119 4763; x_wconf 81' lang='lat' dir='ltr'><strong>tt&#39;ationis</strong></span> <span class='ocrx_word' id='word_1_822' title='bbox 2153 4725 2344 4765; x_wconf 88' lang='lat' dir='ltr'><strong>nomen</strong></span> <span class='ocrx_word' id='word_1_823' title='bbox 2373 4713 2615 4776; x_wconf 89' lang='lat' dir='ltr'><strong>obtinet;</strong></span> <span class='ocrx_word' id='word_1_824' title='bbox 2655 4712 2742 4765; x_wconf 85' lang='lat' dir='ltr'><strong>illa</strong></span> <span class='ocrx_word' id='word_1_825' title='bbox 2772 4728 2899 4766; x_wconf 92' lang='lat' dir='ltr'><strong>vero</strong></span> <span class='ocrx_word' id='word_1_826' title='bbox 2930 4713 3203 4779; x_wconf 87' lang='lat' dir='ltr'><strong>antiquior</strong></span> <span class='ocrx_word' id='word_1_827' title='bbox 3229 4712 3482 4762; x_wconf 83' lang='lat' dir='ltr'><strong>solemni-</strong></span> 
     </span>
    </p>
   </div>
   <div class='ocr_carea' id='block_1_117' title="bbox 1893 4779 3485 4854">
    <p class='ocr_par' dir='ltr' id='par_1_117' title="bbox 1893 4779 3485 4854">
     <span class='ocr_line' id='line_1_119' title="bbox 1893 4779 3485 4854; baseline -0.002 -21"><span class='ocrx_word' id='word_1_828' title='bbox 1893 4780 2184 4854; x_wconf 78' lang='lat' dir='ltr'><strong>tas,_r_nodu</strong></span> <span class='ocrx_word' id='word_1_829' title='bbox 2216 4781 2311 4854; x_wconf 85' lang='lat' dir='ltr'><strong>vel</strong></span> <span class='ocrx_word' id='word_1_830' title='bbox 2345 4780 2670 4854; x_wconf 62' lang='grc' dir='ltr'><strong>ιςςτερεσιαιὶο</strong></span> <span class='ocrx_word' id='word_1_831' title='bbox 2700 4794 2897 4854; x_wconf 85' lang='lat' dir='ltr'><strong>partus,</strong></span> <span class='ocrx_word' id='word_1_832' title='bbox 2936 4786 3014 4837; x_wconf 90' lang='lat' dir='ltr'><strong>vel</strong></span> <span class='ocrx_word' id='word_1_833' title='bbox 3050 4798 3150 4837; x_wconf 86' lang='lat' dir='ltr'><strong>usu</strong></span> <span class='ocrx_word' id='word_1_834' title='bbox 3180 4780 3316 4854; x_wconf 87' lang='lat' dir='ltr'><strong>vulgi</strong></span> <span class='ocrx_word' id='word_1_835' title='bbox 3346 4779 3485 4833; x_wconf 82' lang='lat' dir='ltr'><strong>San-</strong></span> 
     </span>
    </p>
   </div>
   <div class='ocr_carea' id='block_1_118' title="bbox 1894 4850 3477 4933">
    <p class='ocr_par' dir='ltr' id='par_1_118' title="bbox 1894 4850 3477 4933">
     <span class='ocr_line' id='line_1_120' title="bbox 1894 4850 3477 4933; baseline -0.001 -29"><span class='ocrx_word' id='word_1_836' title='bbox 1894 4861 1975 4904; x_wconf 87' lang='lat' dir='ltr'><strong>cta</strong></span> <span class='ocrx_word' id='word_1_837' title='bbox 1997 4850 2168 4933; x_wconf 53' lang='lat' dir='ltr'><strong>diaria</strong></span> <span class='ocrx_word' id='word_1_838' title='bbox 2190 4852 2254 4905; x_wconf 86' lang='lat' dir='ltr'><strong>de</strong></span> <span class='ocrx_word' id='word_1_839' title='bbox 2279 4854 2332 4933; x_wconf 82' lang='lat' dir='ltr'><strong>l_a</strong></span> <span class='ocrx_word' id='word_1_840' title='bbox 2359 4852 2403 4906; x_wconf 91' lang='lat'><em>0</em></span> <span class='ocrx_word' id='word_1_841' title='bbox 2429 4850 2726 4933; x_wconf 82' lang='lat' dir='ltr'><strong>appellatur</strong></span> <span class='ocrx_word' id='word_1_842' title='bbox 2754 4872 2767 4907; x_wconf 74' lang='grc' dir='ltr'>ε</span> <span class='ocrx_word' id='word_1_843' title='bbox 2800 4850 3477 4933; x_wconf 56' lang='lat' dir='ltr'><strong>quam_dcitoininatiqnein</strong></span> 
     </span>
    </p>
   </div>
   <div class='ocr_carea' id='block_1_119' title="bbox 1899 4920 3479 4995">
    <p class='ocr_par' dir='ltr' id='par_1_119' title="bbox 1899 4920 3479 4995">
     <span class='ocr_line' id='line_1_121' title="bbox 1899 4920 3479 4995; baseline -0.001 -20"><span class='ocrx_word' id='word_1_844' title='bbox 1899 4938 2004 4995; x_wconf 87' lang='lat' dir='ltr'><strong>non</strong></span> <span class='ocrx_word' id='word_1_845' title='bbox 2028 4921 2149 4977; x_wconf 88' lang='lat' dir='ltr'><strong>ideo</strong></span> <span class='ocrx_word' id='word_1_846' title='bbox 2175 4925 2362 4978; x_wconf 86' lang='lat' dir='ltr'><strong>sortita</strong></span> <span class='ocrx_word' id='word_1_847' title='bbox 2385 4920 2486 4992; x_wconf 63' lang='lat' dir='ltr'><strong>est,</strong></span> <span class='ocrx_word' id='word_1_848' title='bbox 2499 4920 2627 4995; x_wconf 77' lang='lat' dir='ltr'><strong>quia</strong></span> <span class='ocrx_word' id='word_1_849' title='bbox 2660 4941 2689 4980; x_wconf 88' lang='lat' dir='ltr'><strong>a</strong></span> <span class='ocrx_word' id='word_1_850' title='bbox 2719 4942 2785 4979; x_wconf 85' lang='lat' dir='ltr'><strong>xv</strong></span> <span class='ocrx_word' id='word_1_851' title='bbox 2806 4920 2923 4979; x_wconf 82' lang='lat' dir='ltr'><strong>Kal.</strong></span> <span class='ocrx_word' id='word_1_852' title='bbox 2949 4922 3185 4980; x_wconf 84' lang='lat' dir='ltr'><strong>Januarii</strong></span> <span class='ocrx_word' id='word_1_853' title='bbox 3212 4920 3479 4995; x_wconf 69' lang='lat' dir='ltr'><strong>stileinnes</strong></span> 
     </span>
    </p>
   </div>
   <div class='ocr_carea' id='block_1_120' title="bbox 1897 4993 3481 5067">
    <p class='ocr_par' dir='ltr' id='par_1_120' title="bbox 1897 4993 3481 5067">
     <span class='ocr_line' id='line_1_122' title="bbox 1897 4993 3481 5067; baseline -0.002 -19"><span class='ocrx_word' id='word_1_854' title='bbox 1897 4993 2200 5067; x_wconf 69' lang='lat' dir='ltr'><strong>antipliona:</strong></span> <span class='ocrx_word' id='word_1_855' title='bbox 2251 4997 2318 5049; x_wconf 90' lang='lat' dir='ltr'><strong>ab</strong></span> <span class='ocrx_word' id='word_1_856' title='bbox 2358 4997 2402 5050; x_wconf 86' lang='lat'>0</span> <span class='ocrx_word' id='word_1_857' title='bbox 2462 4993 2635 5050; x_wconf 86' lang='lat' dir='ltr'><strong>littera</strong></span> <span class='ocrx_word' id='word_1_858' title='bbox 2685 4997 3001 5067; x_wconf 89' lang='lat' dir='ltr'><strong>incipientes</strong></span> <span class='ocrx_word' id='word_1_859' title='bbox 3050 4995 3101 5067; x_wconf 85' lang='lat' dir='ltr'><strong>in</strong></span> <span class='ocrx_word' id='word_1_860' title='bbox 3160 4994 3481 5067; x_wconf 80' lang='lat' dir='ltr'><strong>vespertinis</strong></span> 
     </span>
    </p>
   </div>
   <div class='ocr_carea' id='block_1_121' title="bbox 1898 5065 3487 5134">
    <p class='ocr_par' dir='ltr' id='par_1_121' title="bbox 1898 5065 3487 5134">
     <span class='ocr_line' id='line_1_123' title="bbox 1898 5065 3487 5134; baseline -0.001 -16"><span class='ocrx_word' id='word_1_861' title='bbox 1898 5065 2144 5134; x_wconf 89' lang='lat' dir='ltr'><strong>precibus</strong></span> <span class='ocrx_word' id='word_1_862' title='bbox 2165 5066 2537 5132; x_wconf 89' lang='lat' dir='ltr'><strong>decantentur,</strong></span> <span class='ocrx_word' id='word_1_863' title='bbox 2564 5069 2752 5123; x_wconf 87' lang='lat' dir='ltr'><strong>harum</strong></span> <span class='ocrx_word' id='word_1_864' title='bbox 2770 5065 2912 5124; x_wconf 81' lang='lat' dir='ltr'><strong>enim</strong></span> <span class='ocrx_word' id='word_1_865' title='bbox 2936 5066 3345 5133; x_wconf 82' lang='lat' dir='ltr'><strong>antiplionarum</strong></span> <span class='ocrx_word' id='word_1_866' title='bbox 3367 5065 3487 5117; x_wconf 88' lang='lat' dir='ltr'><strong>nul-</strong></span> 
     </span>
    </p>
   </div>
   <div class='ocr_carea' id='block_1_122' title="bbox 1898 5134 3485 5208">
    <p class='ocr_par' dir='ltr' id='par_1_122' title="bbox 1898 5134 3485 5208">
     <span class='ocr_line' id='line_1_124' title="bbox 1898 5134 3485 5208; baseline -0.003 -16"><span class='ocrx_word' id='word_1_867' title='bbox 1898 5139 2005 5192; x_wconf 91' lang='lat' dir='ltr'><strong>lum</strong></span> <span class='ocrx_word' id='word_1_868' title='bbox 2033 5149 2255 5207; x_wconf 87' lang='lat' dir='ltr'><strong>apparet</strong></span> <span class='ocrx_word' id='word_1_869' title='bbox 2278 5140 2558 5208; x_wconf 80' lang='lat' dir='ltr'><strong>vestigium</strong></span> <span class='ocrx_word' id='word_1_870' title='bbox 2592 5140 2644 5193; x_wconf 90' lang='lat' dir='ltr'><strong>in</strong></span> <span class='ocrx_word' id='word_1_871' title='bbox 2681 5140 2951 5194; x_wconf 80' lang='lat' dir='ltr'><strong>Breviario</strong></span> <span class='ocrx_word' id='word_1_872' title='bbox 2983 5134 3357 5208; x_wconf 72' lang='lat' dir='ltr'><strong>Muzarabuin;</strong></span> <span class='ocrx_word' id='word_1_873' title='bbox 3390 5137 3485 5188; x_wconf 84' lang='lat' dir='ltr'><strong>sed</strong></span> 
     </span>
    </p>
   </div>
   <div class='ocr_carea' id='block_1_123' title="bbox 1897 5205 3487 5281">
    <p class='ocr_par' dir='ltr' id='par_1_123' title="bbox 1897 5205 3487 5281">
     <span class='ocr_line' id='line_1_125' title="bbox 1897 5205 3487 5281; baseline -0.002 -19"><span class='ocrx_word' id='word_1_874' title='bbox 1897 5205 2312 5281; x_wconf 41' lang='lat' dir='ltr'><strong>eausa—nominis</strong></span> <span class='ocrx_word' id='word_1_875' title='bbox 2342 5205 2567 5281; x_wconf 66' lang='lat' dir='ltr'><strong>petenda</strong></span> <span class='ocrx_word' id='word_1_876' title='bbox 2607 5220 2689 5265; x_wconf 90' lang='lat' dir='ltr'><strong>est</strong></span> <span class='ocrx_word' id='word_1_877' title='bbox 2728 5227 2792 5264; x_wconf 84' lang='lat' dir='ltr'><strong>ex</strong></span> <span class='ocrx_word' id='word_1_878' title='bbox 2821 5208 3201 5281; x_wconf 66' lang='lat' dir='ltr'><strong>peculiarium</strong></span> <span class='ocrx_word' id='word_1_879' title='bbox 3234 5205 3487 5260; x_wconf 79' lang='lat' dir='ltr'><strong>Ecclesiae</strong></span> 
     </span>
    </p>
   </div>
   <div class='ocr_carea' id='block_1_124' title="bbox 1899 5275 3486 5351">
    <p class='ocr_par' dir='ltr' id='par_1_124' title="bbox 1899 5275 3486 5351">
     <span class='ocr_line' id='line_1_126' title="bbox 1899 5275 3486 5351; baseline -0.004 -17"><span class='ocrx_word' id='word_1_880' title='bbox 1899 5279 2194 5347; x_wconf 67' lang='lat' dir='ltr'><strong>Toletanse,</strong></span> <span class='ocrx_word' id='word_1_881' title='bbox 2223 5275 2380 5351; x_wconf 80' lang='lat' dir='ltr'><strong>quem</strong></span> <span class='ocrx_word' id='word_1_882' title='bbox 2421 5298 2486 5337; x_wconf 80' lang='lat' dir='ltr'><strong>ex</strong></span> <span class='ocrx_word' id='word_1_883' title='bbox 2518 5283 2577 5336; x_wconf 83' lang='grc' dir='ltr'><strong><em>Ρ.</em></strong></span> <span class='ocrx_word' id='word_1_884' title='bbox 2614 5275 2950 5351; x_wconf 77' lang='lat' dir='ltr'><strong>Ribadineira</strong></span> <span class='ocrx_word' id='word_1_885' title='bbox 2994 5275 3144 5351; x_wconf 87' lang='lat' dir='ltr'><strong>los</strong></span> <span class='ocrx_word' id='word_1_886' title='bbox 3171 5284 3486 5351; x_wconf 54' lang='lat' dir='ltr'><strong>sanctorum)</strong></span> 
     </span>
    </p>
   </div>
   <div class='ocr_carea' id='block_1_125' title="bbox 1898 5346 3484 5423">
    <p class='ocr_par' dir='ltr' id='par_1_125' title="bbox 1898 5346 3484 5423">
     <span class='ocr_line' id='line_1_127' title="bbox 1898 5346 3484 5423; baseline -0.003 -18"><span class='ocrx_word' id='word_1_887' title='bbox 1898 5351 2063 5423; x_wconf 81' lang='lat' dir='ltr'><strong>refert</strong></span> <span class='ocrx_word' id='word_1_888' title='bbox 2086 5346 2321 5408; x_wconf 78' lang='lat' dir='ltr'><strong>Joannes</strong></span> <span class='ocrx_word' id='word_1_889' title='bbox 2359 5354 2610 5422; x_wconf 88' lang='lat' dir='ltr'><strong>Tamajns</strong></span> <span class='ocrx_word' id='word_1_890' title='bbox 2658 5348 2961 5423; x_wconf 74' lang='lat' dir='ltr'><strong>(Martyrot.</strong></span> <span class='ocrx_word' id='word_1_891' title='bbox 2995 5347 3151 5417; x_wconf 76' lang='lat' dir='ltr'><strong>Hisp.</strong></span> <span class='ocrx_word' id='word_1_892' title='bbox 3186 5346 3396 5423; x_wconf 46' lang='grc' dir='ltr'><strong>Ἆγι,</strong></span> <span class='ocrx_word' id='word_1_893' title='bbox 3429 5366 3484 5418; x_wconf 89' lang='lat' dir='ltr'><strong>p.</strong></span> 
     </span>
    </p>
   </div>
   <div class='ocr_carea' id='block_1_126' title="bbox 1891 5420 3485 5492">
    <p class='ocr_par' dir='ltr' id='par_1_126' title="bbox 1891 5420 3485 5492">
     <span class='ocr_line' id='line_1_128' title="bbox 1891 5420 3485 5492; baseline 0.003 -21"><span class='ocrx_word' id='word_1_894' title='bbox 1891 5421 2045 5492; x_wconf 68' lang='grc'><strong>485).</strong></span> <span class='ocrx_word' id='word_1_895' title='bbox 2074 5425 2347 5481; x_wconf 82' lang='lat' dir='ltr'><strong>Absolutis</strong></span> <span class='ocrx_word' id='word_1_896' title='bbox 2391 5420 2618 5492; x_wconf 82' lang='lat' dir='ltr'><strong>namque</strong></span> <span class='ocrx_word' id='word_1_897' title='bbox 2650 5420 2881 5490; x_wconf 75' lang='lat' dir='ltr'><strong>vesperis</strong></span> <span class='ocrx_word' id='word_1_898' title='bbox 2928 5420 3226 5475; x_wconf 80' lang='lat' dir='ltr'><strong>festivitatis</strong></span> <span class='ocrx_word' id='word_1_899' title='bbox 3276 5420 3485 5492; x_wconf 74' lang='lat' dir='ltr'><strong>Exspe-</strong></span> 
     </span>
    </p>
   </div>
   <div class='ocr_carea' id='block_1_127' title="bbox 1893 5491 3482 5562">
    <p class='ocr_par' dir='ltr' id='par_1_127' title="bbox 1893 5491 3482 5562">
     <span class='ocr_line' id='line_1_129' title="bbox 1893 5491 3482 5562; baseline -0.005 -13"><span class='ocrx_word' id='word_1_900' title='bbox 1893 5491 2140 5549; x_wconf 89' lang='lat' dir='ltr'><strong>ctationis</strong></span> <span class='ocrx_word' id='word_1_901' title='bbox 2173 5507 2383 5562; x_wconf 90' lang='lat' dir='ltr'><strong>partus,</strong></span> <span class='ocrx_word' id='word_1_902' title='bbox 2417 5491 2601 5549; x_wconf 87' lang='lat' dir='ltr'><strong>omnes</strong></span> <span class='ocrx_word' id='word_1_903' title='bbox 2620 5536 2635 5560; x_wconf 90' lang='lat'><strong>,</strong></span> <span class='ocrx_word' id='word_1_904' title='bbox 2658 5501 2918 5561; x_wconf 80' lang='lat' dir='ltr'><strong>quotquot</strong></span> <span class='ocrx_word' id='word_1_905' title='bbox 2948 5494 3165 5554; x_wconf 78' lang='lat' dir='ltr'><strong>adsunt,</strong></span> <span class='ocrx_word' id='word_1_906' title='bbox 3198 5492 3248 5543; x_wconf 92' lang='lat' dir='ltr'><strong>in</strong></span> <span class='ocrx_word' id='word_1_907' title='bbox 3276 5491 3443 5562; x_wconf 82' lang='lat' dir='ltr'><strong>choro</strong></span> <span class='ocrx_word' id='word_1_908' title='bbox 3466 5530 3482 5556; x_wconf 92' lang='lat'><strong>,</strong></span> 
     </span>
    </p>
   </div>
   <div class='ocr_carea' id='block_1_128' title="bbox 1893 5560 3481 5636">
    <p class='ocr_par' dir='ltr' id='par_1_128' title="bbox 1893 5560 3481 5636">
     <span class='ocr_line' id='line_1_130' title="bbox 1893 5560 3481 5636; baseline -0.004 -17"><span class='ocrx_word' id='word_1_909' title='bbox 1893 5565 2099 5632; x_wconf 89' lang='lat' dir='ltr'><strong>clerici,</strong></span> <span class='ocrx_word' id='word_1_910' title='bbox 2143 5560 2259 5621; x_wconf 87' lang='lat' dir='ltr'><strong>sine</strong></span> <span class='ocrx_word' id='word_1_911' title='bbox 2288 5560 2496 5631; x_wconf 83' lang='lat' dir='ltr'><strong>ordine,</strong></span> <span class='ocrx_word' id='word_1_912' title='bbox 2529 5579 2658 5636; x_wconf 85' lang='lat' dir='ltr'><strong>voce</strong></span> <span class='ocrx_word' id='word_1_913' title='bbox 2688 5560 2829 5617; x_wconf 83' lang='lat' dir='ltr'><strong>clara</strong></span> <span class='ocrx_word' id='word_1_914' title='bbox 2861 5564 2904 5617; x_wconf 88' lang='lat'><em>0</em></span> <span class='ocrx_word' id='word_1_915' title='bbox 2940 5566 3153 5636; x_wconf 81' lang='lat' dir='ltr'><strong>longum</strong></span> <span class='ocrx_word' id='word_1_916' title='bbox 3180 5560 3481 5631; x_wconf 81' lang='lat' dir='ltr'><strong>proferunt,</strong></span> 
     </span>
    </p>
   </div>
   <div class='ocr_carea' id='block_1_129' title="bbox 1894 5635 3482 5709">
    <p class='ocr_par' dir='ltr' id='par_1_129' title="bbox 1894 5635 3482 5709">
     <span class='ocr_line' id='line_1_131' title="bbox 1894 5635 3482 5709; baseline -0.006 -18"><span class='ocrx_word' id='word_1_917' title='bbox 1894 5637 1965 5709; x_wconf 78' lang='lat' dir='ltr'><strong>ad</strong></span> <span class='ocrx_word' id='word_1_918' title='bbox 2004 5638 2236 5708; x_wconf 82' lang='lat' dir='ltr'><strong>ﬂagrans</strong></span> <span class='ocrx_word' id='word_1_919' title='bbox 2265 5636 2389 5692; x_wconf 90' lang='lat' dir='ltr'><strong>illud</strong></span> <span class='ocrx_word' id='word_1_920' title='bbox 2421 5635 2747 5709; x_wconf 77' lang='lat' dir='ltr'><strong>desiderium</strong></span> <span class='ocrx_word' id='word_1_921' title='bbox 2773 5635 3180 5707; x_wconf 80' lang='lat' dir='ltr'><strong>significandum</strong></span> <span class='ocrx_word' id='word_1_922' title='bbox 3225 5647 3329 5700; x_wconf 85' lang='lat' dir='ltr'><strong>quo</strong></span> <span class='ocrx_word' id='word_1_923' title='bbox 3355 5645 3482 5709; x_wconf 76' lang='lat' dir='ltr'><strong>san-</strong></span> 
     </span>
    </p>
   </div>
   <div class='ocr_carea' id='block_1_130' title="bbox 1897 5703 3479 5779">
    <p class='ocr_par' dir='ltr' id='par_1_130' title="bbox 1897 5703 3479 5779">
     <span class='ocr_line' id='line_1_132' title="bbox 1897 5703 3479 5779; baseline -0.005 -17"><span class='ocrx_word' id='word_1_924' title='bbox 1897 5706 1970 5762; x_wconf 89' lang='lat' dir='ltr'><strong>cti</strong></span> <span class='ocrx_word' id='word_1_925' title='bbox 1998 5703 2186 5763; x_wconf 60' lang='lat' dir='ltr'><strong>(Milites</strong></span> <span class='ocrx_word' id='word_1_926' title='bbox 2215 5709 2267 5762; x_wconf 90' lang='lat' dir='ltr'><strong>in</strong></span> <span class='ocrx_word' id='word_1_927' title='bbox 2318 5709 2512 5769; x_wconf 88' lang='lat' dir='ltr'><strong>limbo,</strong></span> <span class='ocrx_word' id='word_1_928' title='bbox 2549 5708 2598 5779; x_wconf 78' lang='lat' dir='ltr'><strong>in</strong></span> <span class='ocrx_word' id='word_1_929' title='bbox 2631 5710 2767 5763; x_wconf 74' lang='grc' dir='ltr'><strong>οωιυ</strong></span> <span class='ocrx_word' id='word_1_930' title='bbox 2812 5703 2984 5779; x_wconf 67' lang='grc' dir='ltr'><strong>εἴπεριί</strong></span> <span class='ocrx_word' id='word_1_931' title='bbox 3008 5748 3024 5773; x_wconf 82' lang='grc'><em>,</em></span> <span class='ocrx_word' id='word_1_932' title='bbox 3059 5716 3305 5773; x_wconf 88' lang='lat' dir='ltr'><strong>totusque</strong></span> <span class='ocrx_word' id='word_1_933' title='bbox 3334 5703 3479 5755; x_wconf 79' lang='lat' dir='ltr'><strong>orbis</strong></span> 
     </span>
    </p>
   </div>
   <div class='ocr_carea' id='block_1_131' title="bbox 1900 5776 2945 5850">
    <p class='ocr_par' dir='ltr' id='par_1_131' title="bbox 1900 5776 2945 5850">
     <span class='ocr_line' id='line_1_133' title="bbox 1900 5776 2945 5850; baseline 0 -15"><span class='ocrx_word' id='word_1_934' title='bbox 1900 5782 2179 5835; x_wconf 89' lang='lat' dir='ltr'><strong>tenebatur</strong></span> <span class='ocrx_word' id='word_1_935' title='bbox 2209 5780 2508 5850; x_wconf 70' lang='lat' dir='ltr'><strong>Nativitatis</strong></span> <span class='ocrx_word' id='word_1_936' title='bbox 2529 5849 2534 5850; x_wconf 13' lang='grc' dir='ltr'><em>γ</em></span> <span class='ocrx_word' id='word_1_937' title='bbox 2552 5776 2945 5850; x_wconf 63' lang='lat' dir='ltr'><strong>Redemptoris.</strong></span> 
     </span>
    </p>
   </div>
   <div class='ocr_carea' id='block_1_132' title="bbox 1970 5848 3239 5926">
    <p class='ocr_par' dir='ltr' id='par_1_132' title="bbox 1970 5848 3239 5926">
     <span class='ocr_line' id='line_1_134' title="bbox 1970 5848 3239 5926; baseline -0.004 -19"><span class='ocrx_word' id='word_1_938' title='bbox 1970 5850 1987 5889; x_wconf 72' lang='grc' dir='ltr'><strong>ί</strong></span> <span class='ocrx_word' id='word_1_939' title='bbox 2024 5850 2275 5926; x_wconf 67' lang='lat' dir='ltr'><strong>Ofﬁcium,</strong></span> <span class='ocrx_word' id='word_1_940' title='bbox 2305 5848 2539 5907; x_wconf 65' lang='lat' dir='ltr'><strong>Matthmi</strong></span> <span class='ocrx_word' id='word_1_941' title='bbox 2571 5867 2609 5923; x_wconf 86' lang='lat' dir='ltr'><strong>t,</strong></span> <span class='ocrx_word' id='word_1_942' title='bbox 2642 5853 2727 5909; x_wconf 84' lang='grc'><strong>18.</strong></span> <span class='ocrx_word' id='word_1_943' title='bbox 2762 5848 2801 5921; x_wconf 64' lang='lat' dir='ltr'><strong>il</strong></span> <span class='ocrx_word' id='word_1_944' title='bbox 2826 5893 2838 5905; x_wconf 90' lang='lat'><strong>.</strong></span> <span class='ocrx_word' id='word_1_945' title='bbox 2890 5853 3045 5906; x_wconf 69' lang='lat' dir='ltr'><strong>Luca:</strong></span> <span class='ocrx_word' id='word_1_946' title='bbox 3084 5867 3121 5919; x_wconf 88' lang='lat' dir='ltr'><strong>I,</strong></span> <span class='ocrx_word' id='word_1_947' title='bbox 3151 5848 3239 5903; x_wconf 78' lang='lat'><strong>&#39;55.</strong></span> 
     </span>
    </p>
   </div>
   <div class='ocr_carea' id='block_1_133' title="bbox 2993 5945 3034 6005">
    <p class='ocr_par' dir='ltr' id='par_1_133' title="bbox 2993 5945 3034 6005">
     <span class='ocr_line' id='line_1_135' title="bbox 2993 5945 3034 6005; baseline 0 0"><span class='ocrx_word' id='word_1_948' title='bbox 2993 5945 3034 6005; x_wconf 72' lang='grc'>6</span> 
     </span>
    </p>
   </div>
  </div>
