4040 6356
524 339 628 397 17⁸5

1231 323 1528 387 MISSALE
1567 316 1841 376 MIXTUM
1885 312 2036 371 SEC.
2081 309 2241 366 REG.
2282 310 2346 366 Β.
2389 306 2658 365 ISIDORI.
2699 334 2770 347 -
2809 300 2988 363 PA'BS
3026 303 3067 359 1.

3708 298 3809 357 ΠΒ

524 463 767 514 nostrum
805 461 1016 519 quoque
1058 458 1152 501 eor
1202 442 1311 514 35
1344 441 1598 511 dignatus
1644 433 1945 505 ingredere.
1996 426 2115 484 Tibi
2150 430 2193 484 Α
2226 426 2529 482 hominibus
2554 424 2723 479 factus
2747 422 2815 478 de
2844 431 3053 478 secreto
3072 428 3223 474 utero
3238 418 3812 489 virginaliimmaenla-

526 546 626 602 soli
649 543 716 599 sit
735 539 976 611 pervium
1000 555 1015 594 :
1039 536 1123 591 cui
1143 535 1242 591 soli
1261 533 1313 587 id
1335 546 1454 586 esse
1480 528 1723 599 cupimus
1745 531 2103 595 preparatum.

528 638 596 696 Ut
623 652 741 693 cum
768 643 1067 689 nostrarum
1103 628 1362 683 mentium
1396 623 1683 691 puritatem
1711 616 2105 686 beneplaeitam

528 733 620 787 tibi
649 732 745 798 ipsi
791 729 1068 783 fecerimus
1113 721 1340 789 :Operis
1395 717 1473 770 tui
1516 725 1697 771 custos
1743 721 1799 768 et
1824 716 2111 780 perpetuus

528 824 793 878 habitator
820 834 939 873 esse
969 815 1221 884 digneris.
1273 814 1309 876 ri
1331 850 1345 865 .
1379 809 1571 863 Anien.

603 914 728 969 Post
752 914 956 967 nomina
990 909 1191 962 Oratio.
1230 906 1425 959 Eterne
1480 901 1573 956 Dei
1604 898 1747 953 ﬁlius
1774 914 1788 951 :
1821 896 1911 966 qui
1942 895 2114 963 virgi-

527 1029 628 1069 nee
649 1011 833 1065 matris
862 1016 1066 1061 uterum
1092 1006 1168 1059 sic
1198 1001 1407 1056 intraSIi
1441 1015 1507 1053 ne
1554 1008 1850 1064 rumperes.
1883 991 1958 1043 sic
1988 1000 2116 1054 ape-

530 1105 715 1158 ruisti:
767 1117 833 1154 ne
861 1100 1065 1165 signata
1094 1096 1200 1150 ullo
1244 1092 1403 1149 modo
1429 1090 1679 1145 violares.
1714 1084 1935 1151 Suscipe
1968 1080 2117 1135 beni-

527 1210 662 1265 gnus
695 1196 792 1246 hoc
816 1191 1136 1245 sacrificium
1164 1204 1180 1243 :
1215 1184 1353 1255 quod
1384 1182 1479 1238 tibi
1512 1182 1579 1236 ob
1620 1174 1997 1233 incarnationis
2031 1181 2117 1224 tne

527 1262 835 1341 dedicamns
892 1280 1226 1352 mysterium.
1285 1276 1550 1331 Tribuens
1606 1287 1701 1341 per
1758 1270 1859 1323 hoc
1897 1274 1953 1320 et
1982 1262 2115 1318 vivis

528 1378 704 1432 anime
747 1374 1099 1441 corpoiisque
1131 1371 1357 1424 salutem
1390 1384 1403 1419 :
1436 1375 1490 1421 et
1521 1360 1787 1419 defunctis
1817 1369 2004 1414 eterne
2034 1369 2120 1409 re-

528 1467 820 1539 parationis
841 1464 1173 1520 felicitatem.
2080 1460 2083 1463 ’

603 1560 928 1624 Respondeat
952 1556 1170 1611 Chorus.
1206 1556 1400 1607 Amen.

601 1652 680 1705 ΑΗ
709 1666 883 1719 pacem
916 1646 1117 1701 Oratio.
1170 1642 1385 1697 Christe
1422 1637 1648 1693 verbum
1686 1632 1882 1689 summi
1913 1639 2119 1701 patris:

531 1741 621 1813 qui
656 1756 782 1795 caro
828 1739 997 1793 factus
1023 1751 1083 1791 es
1114 1753 1130 1789 :
1157 1744 1213 1789 ut
1267 1732 1535 1785 habitares
1584 1728 1640 1781 in
1668 1724 1826 1780 nobis
1854 1738 1868 1776 :
1901 1721 2123 1776 illabere

2213 532 2296 578 tus
2309 521 2544 577 emicuit.
2562 519 2852 575 Nunciatns
2868 526 2947 572 est
2959 515 3341 587 concipiendos
3356 515 3423 570 ab
3438 514 3641 583 A-ngelo
3657 531 3672 568 :
3688 529 3813 570 con-

2211 625 2395 682 ceptus
2413 613 2534 665 fidei
2554 612 2837 682 singularis
2868 625 3065 665 arcano
3097 625 3113 663 :
3144 618 3198 664 et
3223 618 3379 662 natus
3408 608 3523 660 sine
3554 606 3661 660 ullo
3693 622 3812 673 γοο-

2213 702 2534 773 cato.Cujus
2557 706 2652 758 fuit
2684 704 2848 758 solius
2875 703 2995 758 sine
3014 701 3356 771 corruptione
3379 716 3513 753 nova
3538 699 3809 753 etinusita

2216 809 2268 854 ta
2297 799 2615 867 conceptio:
2647 809 2699 853 et
2721 799 2835 853 sine
2864 798 3047 851 dolore
3067 797 3133 851 de
3168 804 3337 849 matre
3366 792 3573 862 virgine
3595 792 3812 845 inviolao

2218 891 2341 947 bilis
2369 891 2381 941 i
2419 892 2684 960 paritudo.
2710 892 2844 945 Huic
2872 894 3044 945 solum
3088 888 3344 957 possibile
3376 886 3472 941 fuit
3502 886 3621 942 sine
3650 888 3814 939 semi-

2219 999 2285 1038 ne
2313 984 2630 1039 mirabiliter
2675 986 2884 1053 concipi
2921 991 3013 1037 :et
3051 983 3166 1036 sine
3209 981 3552 1049 corruptione
3584 979 3815 1034 feliciter

2218 1076 2386 1130 nasci.
2444 1076 2671 1145 Propter
2711 1076 2854 1145 quod
2911 1074 3136 1129 eundem
3183 1072 3520 1128 Salvatorem
3574 1078 3813 1123 nostrum

2222 1169 2551 1242 unigenitum
2607 1178 2801 1225 tuum:
2837 1178 3011 1225 tecum
3070 1181 3287 1235 semper
3333 1174 3391 1221 et
3436 1178 3554 1218 cum
3613 1163 3816 1232 Spiritu

2221 1261 2419 1317 Sancto
2469 1270 2778 1331 regnantem
2810 1275 2826 1313 :
2855 1260 2957 1313 celi
3002 1259 3242 1312 celorum
3291 1267 3345 1311 et
3384 1254 3621 1326 angelice
3669 1265 3819 1324 pote-

2222 1362 2387 1408 states
2402 1354 2519 1407 sine
2536 1354 2836 1407 cessatione
2862 1350 3185 1406 conlaudant
3208 1350 3280 1405 ita
3304 1350 3563 1405 dicentes.
3592 1350 3817 1421 Respon-

2223 1446 2337 1500 deat
2367 1445 2585 1500 Chorus.
2610 1445 2858 1500 Sanctus.
2892 1444 3141 1500 Sanctus.
3166 1443 3417 1499 Sanctus.

2301 1537 2423 1592 Post
2450 1536 2693 1593 Sanctus.
2726 1536 2867 1592 Vere
2898 1548 3115 1590 sanctus
3145 1554 3157 1588 :
3188 1551 3316 1592 vere
3364 1536 3681 1593 benedictus
3712 1535 3818 1591 Do-

2228 1629 2405 1682 minus
2437 1640 2621 1683 noster
2651 1627 2889 1683 Christus
2920 1625 3072 1684 Jesus
3100 1627 3242 1682 filius
3269 1638 3391 1682 tuus
3425 1646 3436 1680 :
3474 1628 3590 1696 Ipse
3615 1635 3700 1681 est
3730 1626 3817 1693 qui

2232 1720 2532 1776 castitatem
2585 1721 2853 1775 contulit:
2893 1720 3216 1792 virginitatis
3246 1720 3409 1775 decus
3434 1714 3556 1774 non
3605 1718 3821 1773 abstulit

528 1788 779 1891 :ensibus
822 1831 1017 1885 nostris
1049 1845 1064 1883 :
1096 1841 1202 1895 quo
1252 1838 1438 1879 omnes
1492 1821 1580 1890 qui
1615 1829 1705 1874 tne
1744 1814 2128 1873 incarnationis
2158 1788 2206 1849 Β
2236 1814 2409 1868 matri.
2442 1813 2540 1880 Qui
2572 1823 2627 1867 et
2648 1828 2748 1882 pro
2773 1813 2925 1868 nobis
2953 1829 3017 1867 ex
3039 1812 3226 1895 eadem
3250 1812 3497 1882 dignatus
3525 1822 3610 1866 est
3634 1811 3778 1866 nasci
3804 1828 3817 1863 :

531 1923 791 1994 mysterio
822 1935 1005 1974 sumus
1028 1916 1327 1985 redempti:
1359 1920 1613 1983 perpetue
1643 1922 1954 1966 maneamus
1980 1908 2127 1977 pacis

532 2016 791 2070 societate
808 2009 1050 2067 connexi.
1096 2009 1133 2076 ἢ
1154 2048 1167 2061 .
1198 2008 1389 2061 Amen.

606 2104 822 2157 Inlatio.
857 2102 1081 2170 Dignum
1122 2105 1385 2166 etjustum
1407 2102 1488 2148 est
1515 2109 1531 2145 :
1558 2106 1656 2148 nos
1686 2089 2129 2161 tibiomnipotens

533 2198 694 2252 Pater
738 2196 933 2265 gratias
962 2207 1143 2263 agere.
1171 2190 1227 2246 Si
1285 2188 1620 2244 debitoribus
1649 2187 1736 2257 qui
1786 2186 2012 2241 reddere
2036 2184 2130 2239 de-

534 2293 697 2347 beant
740 2290 987 2359 dignatus
1014 2286 1181 2339 fueris
1212 2288 1621 2353 prorogare'per
1640 2280 1823 2337 Jesum
1855 2278 2127 2335 Christum

534 2386 700 2440 filium
748 2392 893 2437 tuum
953 2378 1233 2433 Dominum
1288 2386 1551 2431 nostrum.
1616 2375 1691 2428 Ex
1728 2383 1780 2429 te
1818 2372 1927 2426 Deo
1972 2370 2130 2427 Patre

534 2477 650 2531 sine
704 2474 855 2527 initio
912 2479 1095 2525 natum
1146 2485 1160 2522 :
1222 2467 1424 2536 tibique
1480 2464 1851 2520 indifferenter
1910 2481 1922 2516 :
1969 2472 2131 2533 atque

534 2562 1034 2620 lindemutabiliter
1082 2565 1393 2614 coeternum
1423 2570 1486 2611 ac
1538 2570 1634 2626 per
1689 2553 1870 2609 omnia
1898 2568 2131 2623 coequa-

532 2659 658 2714 lem.
683 2655 710 2694 b
733 2657 847 2711 Non
871 2654 1158 2723 adoptione
1184 2652 1279 2707 sed
1303 2665 1501 2722 genere
1525 2663 1662 2704 :.nec
1681 2648 1848 2719 gratia
1870 2646 1964 2702 sed
1988 2655 2133 2700 natu-

532 2763 613 2804 ra.
638 2747 742 2817 Qui
764 2748 817 2801 in
839 2754 992 2800 utero
1015 2743 1347 2799 sanctificate
1367 2750 1555 2797 sancte
1571 2757 1631 2795 ac
1656 2740 1876 2809 virginis
1896 2740 2128 2794 clemen-

535 2854 621 2901 ter
669 2844 888 2914 illapsus
913 2860 926 2894 :
951 2851 1003 2896 et
1034 2841 1152 2895 sine
1189 2839 1291 2893 ulla
1345 2837 1505 2892 sorde
1559 2835 1764 2907 peccati
1794 2833 2133 2889 inefl‘abiliter

532 2947 711 2993 natus.
749 2947 771 2975 ε
802 2934 923 2990 Vidi
956 2934 1215 3003 virginem
1256 2938 1356 2986 :ut
1382 2940 1604 2984 matrem
1654 2944 1712 2983 se
1770 2928 2008 2983 diceret:
2040 2933 2133 2979 aut

533 3031 796 3103 virginem
825 3028 917 3100 qui
951 3028 1196 3097 diligeret
1251 3024 1545 3080 dubitabat.
1580 3022 1714 3091 Quia
1745 3022 1938 3087 duplex
1971 3020 2133 3074 homo

536 3125 564 3164 ιι
598 3127 652 3181 in
682 3125 905 3179 formam
938 3120 1214 3175 hominem
1261 3119 1480 3187 ligabat.
1535 3115 1831 3169 includitur
1862 3114 2001 3167 intra
2032 3113 2129 3168 bo-

534 3219 733 3275 minem
770 3216 912 3270 Deus
941 3232 955 3267 :
989 3214 1077 3268 cui
1126 3220 1268 3266 totus
1314 3223 1504 3279 parvus
1560 3216 1647 3263 est
1698 3207 1969 3262 mundus:
2021 3204 2129 3258 illic

536 3308 820 3362 tenebatur
860 3313 1011 3358 utero
1044 3302 1232 3357 matris
1258 3318 1272 3353 :
1298 3312 1321 3338 ο
1354 3300 1465 3355 illic
1491 3298 1615 3354 tecti
1646 3298 1861 3368 pudoris
1891 3298 2131 3367 pulsatur

537 3398 764 3453 tumoris
788 3395 990 3450 invidia
1026 3412 1038 3447 :
1071 3404 1123 3449 et
1184 3408 1371 3449 secura
1421 3404 1501 3447 est
1549 3392 1903 3447 conscientia.
1936 3392 2132 3446 Mater-

537 3506 666 3549 num
691 3502 888 3543 nomen
936 3485 1144 3555 accepit
1181 3502 1194 3539 :
1228 3494 1283 3540 et
1313 3485 1566 3538 damnum
1616 3483 1936 3554 virginitatis
1960 3484 2131 3538 nesci-

539 3581 635 3637 vit.
668 3580 831 3635 Maria
870 3570 1023 3649 quid
1051 3579 1183 3646 agis.
1242 3577 1409 3646 Elige
1439 3577 1545 3645 jam
1580 3576 1703 3645 quid
1764 3578 1995 3630 voceris.
2041 3576 2131 3629 Sic

540 3668 800 3727 castitatis
828 3678 1063 3739 potestas
1097 3669 1402 3724 obumbrari
1438 3687 1449 3720 :
1474 3684 1573 3723 nec
1594 3668 1870 3739 virginitas
1890 3668 2121 3736 aliquam

541 3764 609 3819 do
642 3762 872 3831 mentiri.
908 3761 1056 3816 Tuus
1094 3769 1175 3815 est
1203 3761 1343 3815 enim
1394 3769 1575 3814 uterus
1609 3776 1624 3814 :
1656 3758 1672 3797 ί
1719 3761 1996 3814 etalienus
2048 3769 2131 3815 est

538 3866 740 3926 partus.
766 3853 970 3908 Novum
1003 3853 1235 3922 denique
1280 3852 1590 3906 miraculum
1635 3850 1740 3904 villi
1791 3852 1841 3904 in
1891 3854 2128 3923 virgine:

544 3956 568 3993 ι
600 3956 657 3999 ιιι
680 3960 875 4000 nomen
904 3944 1225 4015 virginitatis
1243 3958 1346 3997 non
1375 3942 1647 3996 amitteret
1682 3959 1694 3993 :
1724 3956 1823 3995 nec
1852 3944 2129 4011 genitricis

542 4037 683 4092 ferre
708 4037 941 4106 pondera
955 4034 1247 4090 didicisset.
1285 4035 1392 4089 llec
1426 4036 1538 4088 sola
1571 4033 1768 4089 meruit
1789 4034 1927 4091 ferre
1959 4036 2128 4091 Deum

543 4140 665 4199 post
686 4130 855 4184 celum
882 4148 897 4185 :
920 4140 975 4184 et
998 4129 1110 4184 sola
1129 4128 1324 4183 meruit
1344 4128 1491 4197 virgo
1510 4127 1735 4183 inveniri
1764 4140 1880 4198 post
1900 4139 2130 4199 partum.

543 4223 655 4279 Hec
685 4224 797 4277 sola
828 4224 1021 4277 meruit
1047 4222 1218 4275 Deum
1243 4230 1295 4274 et
1318 4221 1585 4275 hominem
1608 4241 1619 4274 :
1640 4219 1666 4257 ιλ
1701 4222 1865 4276 Deum
1894 4222 2134 4291 imperiis

546 4315 657 4371 suis
698 4314 837 4369 lacte
880 4313 1059 4368 uberis
1087 4323 1281 4381 portat.
1316 4312 1463 4365 llunc
1492 4313 1645 4373 diem.
1666 4315 1818 4368 nobis
1851 4331 2010 4385 quem
2041 4319 2135 4374 de-

547 4409 819 4463 votissime
843 4405 1176 4462 celebremus
1205 4404 1429 4459 instituit
1459 4421 1473 4462 :
1505 4403 1522 4442 ί
1553 4415 1605 4460 et
1624 4408 1784 4462 homo
1809 4409 2138 4469 redimendis

623 4554 653 4633 tt
681 4542 1154 4633 ludentutabiliter,
1181 4544 1411 4633 lhoc'est
1450 4543 1850 4617 immutabililer,
1897 4560 1953 4608 ut
1982 4555 2131 4616 iitde-
2161 4572 2216 4633 ι)

547 4616 806 4672 mutabilis
834 4631 929 4685 pro
955 4614 1271 4669 immutabili
1304 4614 1512 4681 legitur.

618 4687 801 4773 b’Non
846 4686 1153 4773 adaption‘e.‘
1192 4686 1486 4773 Concilium
1523 4686 1850 4773 lolctanum
1904 4713 1955 4752 χι
2015 4702 2133 4773 (In

550 4760 872 4836 praefatione,
891 4774 1026 4836 __ses.
1081 4758 1113 4813 8
1141 4758 1158 4827 )
1207 4758 1442 4836 ile-finivit
1476 4776 1486 4809 :
1516 4757 1617 4836 Ιζίε
1643 4763 1791 4815 etiam
1840 4764 1937 4822 Dei
1965 4757 2104 4836 ﬁlius

550 4819 745 4909 initura
763 4842 836 4884 est
860 4819 1033 4899 'ﬁlius,
1060 4819 1503 4909 _rt_on'a.dop:ione.
1539 4832 1767 4909 S_a_nct_us
1799 4819 2130 4909 llildepliiiii:

550 4920 641 4959 sus
671 4905 783 4974 (De
825 4898 1015 4974 perpet.
1060 4898 1295 4974 Virginit.
1341 4911 1532 4954 sancire
1565 4901 1769 4973 Mariis)
1804 4907 1870 4961 (le
1914 4898 2131 4973 Christo

551 4976 623 5050 ait
657 4969 926 5050 {Non-est
952 4969 1042 5025 ille
1086 4969 1356 5050 adoptiuus
1401 4973 1561 5050 ﬁlius,
1610 4975 1697 5026 sed
1741 4969 2040 5050 adoptatur,—

550 5046 621 5095 ita
645 5048 806 5097 dicam
834 5053 1147 5103 csterorum,
1206 5044 1289 5108 qui
1336 5060 1451 5095 cum
1496 5046 1593 5097 sint
1639 5060 1889 5113 corruplw
1939 5044 2135 5113 natura:

556 5117 671 5178 ﬁlii,
719 5125 761 5169 et
790 5116 1018 5181 ﬁliiivre,
1068 5129 1315 5185 inuicem
1370 5131 1716 5169 sacnaumru
1769 5135 2106 5185 asprismnm

557 5175 801 5268 periquod
844 5175 1101 5264 soluentur
1132 5202 1192 5268 ea:
1240 5184 1633 5268 Christigraﬂt‘iu
1669 5205 1699 5239 α
1724 5175 2133 5268 delictum-rint;

556 5255 894 5328 damnationis
925 5296 939 5318 ,
994 5266 1042 5328 et
1083 5257 1393 5325 adoptantur
1443 5259 1496 5309 in
1537 5258 1670 5323 ﬁlios
1722 5259 1854 5328 Dei;
1906 5255 1966 5322 αι’
2015 5255 2129 5327 veri;

558 5324 932 5403 (Iltristus_n0it
980 5324 1267 5394 adoptivus,
1314 5330 1400 5403 sed
1450 5329 1687 5403 proprius
1736 5324 1842 5386 Dei
1870 5339 2024 5403 ﬁlius.

558 5395 873 5473 plenitudine
911 5405 1189 5473 temporum
1210 5401 1424 5473 tum“,
1455 5395 1659 5473 Ψίεδηε
1688 5420 1718 5453 α
1761 5395 1933 5473 Ραίίθν
1982 5395 2133 5469 "vam;

558 5482 619 5549 ex
648 5467 999 5549 muliere.....,
1048 5475 1103 5546 et
1130 5468 1422 5549 ill-Hyllum
1476 5470 1735 5549 BreviaEii
1770 5479 1833 5529 ad
1884 5467 2134 5549 vesperae

562 5536 677 5627 feS'i
705 5536 1125 5627 circtimcisionis
1154 5536 1384 5593 Christus
1409 5543 1619 5595 canitur
1662 5541 1808 5599 Patri
1836 5566 1936 5603 non
1965 5536 2132 5627 adop:

562 5610 715 5670 tione,
748 5608 834 5659 sed
858 5615 1137 5660 coreternus
1168 5627 1364 5678 genere.

602 5692 654 5760 ..τ
691 5678 823 5731 Vidi.
873 5678 1120 5760 Fortasse
1148 5680 1251 5760 vidi
1273 5684 1551 5760 _virginem,
1578 5700 1706 5760 qua:
1742 5702 1807 5741 an
1845 5704 2055 5751 matrem
2082 5713 2137 5753 σε

560 5751 765 5825 diceret,
792 5751 1140 5825 aa'virgingm,
1163 5752 1283 5819 quid
1320 5755 1523 5825 eligeret
1553 5751 1833 5815 dubitabat.

628 5820 655 5858 ά
687 5820 750 5876 In
781 5824 1015 5893 (oratam.
1041 5820 1311 5894 Fortasse,
1339 5820 1403 5879 iii
1422 5826 1609 5897 forma.

2232 1915 2286 1961 et
2312 1920 2405 1975 pro
2436 1914 2616 1959 nostra
2642 1904 2929 1973 ad0ptione
2958 1919 3061 1958 non
3088 1890 3652 1971 abhorruitsuscipere
3681 1916 3820 1958 mor-

2234 2008 2361 2053 tem.
2386 1997 2505 2066 lpse
2537 1996 2797 2051 Dominus
2828 2012 2891 2050 ac
2910 1994 3242 2063 Redemptor
3262 2002 3505 2049 eternus.

2306 2090 2434 2159 Post
2460 2090 2647 2159 pridie.
2667 2089 2991 2144 Nunciamus
3006 2088 3228 2143 Domine
3244 2087 3384 2156 quod
3405 2086 3709 2141 credimus:
3726 2098 3819 2139 nec

2235 2193 2492 2238 tacemus.
2547 2182 2623 2239 Te
2675 2185 2803 2237 totis
2856 2182 3157 2237 visceribus
3206 2181 3603 2251 deprecantes:
3632 2190 3687 2234 ut
3730 2180 3818 2248 qui

2232 2273 2479 2344 genitrici
2507 2273 2784 2341 prestitisti
2819 2282 2875 2326 nt
2905 2282 3080 2328 mater
3122 2282 3265 2327 esset
3314 2280 3369 2325 et
3400 2272 3548 2340 virgo
3582 2268 3821 2323 :tribuas

2235 2368 2476 2424 Ecclesie
2499 2377 2588 2423 tue
2619 2377 2677 2421 ut
2706 2366 2899 2422 sitﬁde
2920 2366 3228 2435 incorrupta
3258 2373 3346 2419 :et
3367 2363 3612 2419 castitate
3639 2362 3821 2417 fecun-

2234 2460 2300 2515 da
2328 2478 2342 2514 :
2367 2468 2527 2530 atque
2568 2459 2666 2513 hec
2698 2458 2952 2512 libamina
2984 2457 3054 2511 ita
3112 2466 3200 2512 tuc
3248 2454 3420 2526 gratie
3446 2453 3678 2508 dulcedo
3708 2468 3824 2508 san-

2237 2552 2474 2607 ctificet:
2533 2560 2589 2606 ut
2618 2550 2953 2607 sumentibus
2996 2560 3052 2605 et
3106 2550 3337 2605 salutem
3389 2563 3726 2619 corporum:
3773 2558 3824 2603 et

2234 2642 2552 2697 delictorum
2581 2642 2792 2697 veniam
2825 2650 3089 2710 prestent.
3140 2642 3178 2710 ιῖῇ
3199 2680 3213 2695 .
3247 2642 3431 2697 Amen.

2306 2736 2388 2789 Ad
2421 2736 2715 2789 Orationem
2748 2734 3091 2789 Domiiiicam.
3126 2734 3294 2789 Deum
3334 2734 3487 2803 cujus
3516 2731 3823 2803 magnitudo

2235 2829 2529 2885 divinitatis
2554 2830 2672 2899 capi
2703 2844 2806 2884 non
2870 2838 3047 2899 potest
3077 2847 3091 2882 :
3124 2830 3321 2899 quique
3352 2829 3471 2884 sine
3498 2827 3664 2881 inicio
3694 2827 3824 2881 Deus

2237 2940 2477 2982 summus
2524 2937 2577 2980 et
2607 2935 2759 2997 pater
2788 2936 2907 2981 est:
2940 2926 3293 2994 deprecemur
3333 2923 3677 2980 dilectissimi
3726 2924 3825 2977 tra-

2239 3026 2348 3073 tres
2382 3035 2395 3072 :
2427 3026 2484 3071 nt
2510 3018 2652 3073 idem
2681 3027 2830 3086 pater
2856 3018 2945 3085 qui
2976 3019 3125 3072 nasci
3160 3018 3323 3071 lilium
3365 3031 3522 3072 suum
3555 3016 3729 3071 voluit
3763 3029 3822 3069 ex

2244 3122 2395 3167 utero
2439 3110 2673 3182 Virginis
2704 3110 2889 3163 matris
2917 3126 2930 3163 :
2965 3109 3203 3163 mundet-
3234 3123 3331 3164 nos
3381 3109 3450 3164 ab
3479 3108 3626 3163 omni
3655 3107 3823 3177 inqui-

2156 3176 2204 3239 ϐ
2238 3220 2489 3261 namento
2538 3205 2719 3260 carnis
2765 3215 2819 3259 et
2864 3203 3156 3275 sanguinis.
3190 3204 3306 3271 Quo
3334 3203 3469 3257 sicut
3514 3203 3695 3257 divina
3724 3202 3824 3274 35

2234 3298 2649 3353 obumbratione
2666 3299 2913 3366 concepit
2933 3297 3082 3368 virgo
3100 3305 3157 3351 ut
3174 3306 3379 3366 pareret
3406 3313 3419 3349 :
3439 3295 3509 3350 ita
3532 3310 3631 3350 nos
3652 3295 3822 3349 divina

2236 3392 2590 3460 inspiratione
2639 3392 2899 3446 accensi:
2966 3401 3289 3461 conceptum
3360 3391 3600 3460 Spiritus
3646 3388 3824 3446 Sancti

2234 3498 2391 3553 quem
2417 3483 2534 3552 ipso
2582 3482 2807 3538 Domino
2827 3482 2954 3539 Jesu
2986 3483 3197 3539 Christo
3224 3483 3451 3539 docente
3481 3484 3823 3555 accepimus:

2234 3576 2572 3646 proferamus
2597 3578 2808 3647 publice
2838 3588 2892 3633 et
2920 3578 3180 3634 dicamus.
3216 3578 3373 3633 Pater
3395 3588 3600 3636 noster.

2306 3668 2623 3724 Benedictio.
2653 3671 2903 3726 Dominus
2932 3671 3089 3727 Jesns
3117 3672 3361 3728 Christus
3385 3693 3397 3728 :
3418 3673 3504 3743 qui
3532 3672 3585 3727 in
3618 3675 3827 3729 seculo-

2232 3776 2351 3817 rum
2383 3764 2487 3816 fine
2512 3764 2774 3831 processit
2801 3778 2864 3818 ex
2896 3763 3099 3834 virgine
3128 3779 3222 3820 cor
3250 3774 3511 3821 vestrum:
3542 3765 3828 3835 virginita-

2236 3855 2303 3909 tis
2338 3856 2643 3923 incorrupte
2674 3856 2844 3909 nitore
2860 3855 3134 3910 clarificet.
3172 3856 3243 3925 ἢ.
3278 3859 3464 3913 Amen.

2308 3951 2374 4004 Et
2402 3949 2491 4018 qui
2522 3949 2805 4003 nunciante
2828 3950 3033 4020 Angelo
3059 3950 3290 4021 Virginis
3312 3952 3586 4022 ingressus
3607 3960 3690 4008 est
3714 3959 3826 4007 ute-

2237 4060 2377 4098 rum.
2411 4040 2650 4111 ejusdem
2680 4056 2773 4098 vos
2801 4042 3036 4114 mysterii
3066 4052 3119 4099 et
3148 4044 3379 4100 instruat
3406 4054 3460 4101 et
3485 4046 3690 4101 muniat
3733 4046 3828 4103 Sa-

2237 4148 2592 4192 cramentum.
2638 4136 2676 4204 ii)
2699 4176 2711 4189 .
2744 4136 2933 4191 Amen.
2957 4136 3161 4208 Quique
3192 4139 3351 4194 hodie
3376 4140 3611 4209 virginee
3632 4136 3825 4195 festum

2237 4229 2266 4267 ιι
2292 4230 2656 4301 conceptionis
2684 4230 3031 4285 devotissime
3060 4231 3375 4288 celebratis:
3399 4233 3465 4287 ad
3498 4233 3827 4297 nativitatem

2240 4326 2407 4380 nostri
2456 4323 2830 4392 Redemptoris
2882 4323 3243 4381 exultantibus
3298 4324 3494 4380 animis
3535 4336 3590 4381 et
3630 4328 3830 4382 mundo

2239 4418 2401 4474 corde
2426 4416 2764 4487 perveniatis.
2812 4416 2849 4485 ιῆ
2871 4456 2886 4471 .
2917 4415 3105 4472 Amen.

2324 4568 2346 4595 ε
2380 4556 2499 4630 Illic
2531 4556 2667 4610 tecti.
2692 4556 2853 4626 Lege,
2891 4557 2998 4611 illic
3024 4565 3211 4612 tectum
3239 4557 3453 4628 pudoris
3481 4558 3723 4630 pulsatur
3747 4568 3831 4615 tuo

2243 4632 2396 4687 moris
2416 4628 2629 4682 invidia.

2317 4701 2334 4739 τ
2366 4702 2432 4774 ζέε
2458 4701 2677 4753 alienus.
2713 4699 2984 4774 Fortasse,
3013 4717 3107 4755 nec
3135 4703 3328 4774 alienus
3359 4713 3434 4757 est
3453 4712 3656 4774 partus.

2309 4783 2333 4820 ς
2370 4771 2436 4846 Ut
2479 4787 2687 4846 nomen.
2727 4773 2882 4846 Lege,
2933 4782 2980 4825 et
3028 4789 3210 4846 nomen
3246 4771 3468 4846 Virginis
3500 4791 3602 4830 non
3631 4777 3828 4842 amisit,

2238 4857 2283 4903 et
2304 4844 2560 4955 ﬂeuitricis
2589 4845 2724 4911 ferre
2747 4844 2973 4913 pondera
3004 4844 3203 4896 didicit.

2369 4915 2528 4955 Πρηηι
2578 4916 2803 4955 imum-ii:
2877 4915 3013 4955 [βαρ
3080 4914 3192 4955 hau!

2364 4915 2529 4968 Deum
2578 4916 2823 4982 imperiis.
2875 4915 3033 4982 Lege,
3080 4914 3192 4968 Iure
3214 4915 3327 4967 sola
3356 4919 3538 4970 meruit
3587 4917 3764 4971 Deum
3788 4927 3833 4973 et

2238 4988 2490 5058 hominem
2513 4986 2776 5058 subditum
2814 4987 3039 5058 imperiis
3061 4987 3170 5058 suis
3193 4985 3327 5038 lacte
3357 4987 3520 5058 uberis
3545 4997 3760 5058 potare.

2312 5058 2328 5096 ί
2365 5057 2431 5111 Ει
2465 5058 2636 5110 homo.
2678 5056 2859 5125 Lege:
2892 5055 3045 5108 Hune
3087 5056 3220 5109 diem
3276 5056 3443 5121 nobis,
3487 5055 3635 5127 quem
3683 5062 3836 5115 dep...

2237 5132 2424 5185 tissime
2462 5128 2803 5191 celebremus,
2855 5128 3101 5197 instituit,
3157 5127 3244 5197 qui
3283 5127 3455 5193 homo,
3510 5131 3831 5187 redimendis

2237 5199 2545 5272 hominibus,
2586 5199 2755 5272 [actus
2785 5200 2848 5252 de
2874 5209 3064 5254 secreto
3108 5199 3243 5255 uteri
3270 5200 3540 5272 virginalis
3570 5202 3840 5260 immacu—

2237 5276 2372 5327 latus
2412 5270 2639 5324 emicuit.

2311 5344 2323 5394 i
2362 5341 2631 5395 Paritudo.
2668 5339 2781 5395 Vox
2812 5342 3071 5398 Plautina.

2309 5412 2333 5451 ¹ί
2358 5412 2731 5487 Conceplionis,
2759 5412 3024 5478 nimirum,
3059 5430 3162 5485 qua
3189 5416 3344 5471 beata
3374 5416 3539 5487 Virgo
3554 5417 3838 5475 Christum

2239 5489 2503 5557 concepit.
2575 5484 2819 5557 'f‘radunt
2875 5484 3115 5540 sanctum
3175 5484 3602 5557 Hildeplionsuni
3681 5491 3837 5556 dum,

2243 5558 2399 5625 hujus
2449 5554 2751 5609 festivitatis
2782 5555 2868 5610 die
2897 5569 3205 5611 recurrente
3227 5601 3242 5625 ,
3302 5554 3489 5627 noctu,
3524 5564 3573 5614 in
3608 5554 3837 5619 basilica

2238 5628 2518 5689 Toletana,
2548 5636 2746 5699 oraret,
2772 5640 2802 5678 a
2834 5627 2986 5680 beata
3024 5629 3238 5699 Virgine
3265 5640 3467 5686 vestem
3504 5632 3646 5686 illam
3676 5649 3841 5690 accc.-

2240 5702 2385 5769 pisse
2408 5739 2423 5762 ,
2458 5697 2640 5771 quain
2672 5699 2839 5751 sacris
2868 5697 3301 5771 solemnitatibus
3342 5712 3523 5770 postea
3560 5718 3690 5759 usus
3724 5716 3833 5771 est,

2242 5767 2466 5842 eamque
2522 5767 2589 5822 ob
2637 5782 2883 5836 causam,
2942 5780 3075 5842 teste
3124 5767 3353 5842 Loaisa,
3396 5774 3512 5829 haec
3563 5767 3840 5834 festivitas

2244 5841 2431 5912 majori
2469 5853 2590 5894 cum
2621 5842 2961 5909 solemnitate
2989 5840 3161 5899 Toleti
3190 5840 3456 5905 celebrari
3482 5852 3797 5907 consuevit.
