4040 6356
205 446 288 502 l7?
928 447 1228 505 MISSALE
1266 447 1537 506 MIXTUM
1577 450 1723 508 SEC.
1766 452 1931 510 REG.
1976 455 2035 511 Β.
2078 454 2355 513 lSlDOBl.
2399 483 2471 498 —-
2508 454 2696 514 PARS
2736 457 2779 515 1.

3400 469 3500 530 178

260 563 356 619 Per
386 562 819 622 misericordiam
851 566 1017 636 ipsius
1038 566 1135 621 Dei
1166 566 1332 622 nostri
1362 567 1450 636 qui
1483 577 1566 621 est
1614 568 1781 624 bene-
1811 572 1858 630 Α
1888 570 2025 624 rium
2049 571 2189 641 quod
2220 572 2587 628 absconditum
2629 574 2725 629 fuit
2762 588 2793 629 a
2828 576 3028 633 seculis
3050 587 3105 634 et
3141 583 3501 651 generationi.

205 657 354 711 dictus
397 666 451 711 et
494 658 628 714 vivit
666 667 721 713 et
754 660 936 715 omnia
978 659 1121 734 regit
1156 659 1208 714 in
1251 660 1424 714 secula
1463 661 1789 717 seculorum.

210 746 452 802 Dominus
482 748 553 802 sit
580 764 799 821 semper
829 751 1129 805 vobiscum.
1177 750 1249 819 ἥρ.
1282 752 1509 805 Etcum.

262 837 363 891 Hic
393 839 533 893 dicat
557 840 779 896 Chorus.
813 840 1058 897 Gustate.

260 929 386 986 Post
409 933 736 990 Communio.
759 935 959 988 Oratio.
991 934 1199 989 Gratias
1228 934 1318 988 tibi
1344 934 1547 1003 agimus
1570 935 1795 993 Domine

206 1024 323 1078 Deus
348 1044 361 1077 :
389 1034 442 1080 et
463 1036 515 1081 te
532 1026 702 1083 Deum
724 1027 1091 1083 lrenedicimus
1107 1026 1174 1080 de
1195 1024 1361 1081 die-in
1383 1026 1557 1082 diem:
1581 1029 1669 1097 qui
1698 1044 1795 1084 nos

207 1114 285 1169 hac
303 1114 394 1171 die
421 1126 606 1173 sancte
635 1117 975 1173 solea-uitatis
1000 1126 1089 1171 tue
1120 1118 1413 1186 perducere
1440 1118 1684 1187 dignatus
1710 1133 1792 1186 es,

208 1206 271 1263 lac
294 1222 394 1263 nos
424 1208 567 1264 diem
608 1212 769 1268 istum
816 1211 1248 1267 annunciationis
1292 1227 1384 1280 per
1416 1212 1582 1267 multa
1622 1213 1795 1269 curri-

154 1338 159 1343 ρ
207 1302 303 1357 cula
331 1317 595 1359 annorum
620 1308 673 1361 in
705 1320 838 1375 pace
861 1316 915 1362 et
945 1304 1336 1374 tranquillitate
1356 1307 1632 1377 suscipere
1669 1323 1790 1363 cum

207 1394 333 1450 ltdeli
364 1396 560 1466 populo
585 1408 695 1452 tuo.
732 1399 771 1466 ἡ
793 1438 805 1451 .
824 1400 1030 1455 Amen.

265 1485 362 1542 Per
389 1486 811 1545 misericordiam
843 1499 986 1546 tuam
1020 1491 1161 1546 Deus
1192 1498 1379 1547 noster
1413 1491 1504 1563 qui
1535 1506 1594 1548 es
1619 1492 1785 1550 bene-

208 1579 399 1637 dictus:
423 1593 477 1638 et
508 1584 644 1640 vivis
685 1593 740 1640 et
767 1585 945 1641 omnia
979 1586 1120 1656 regis
1151 1587 1201 1640 in
1237 1587 1419 1642 secula
1458 1588 1787 1645 seculorum.

221 1675 283 1744 ἣ.
302 1673 491 1732 Amén.
519 1677 777 1733 Dominus
807 1680 877 1733 sit
898 1694 1115 1748 semper
1142 1679 1433 1735 vobiscum.
1456 1680 1495 1749 ἡ
1515 1721 1529 1735 .
1558 1681 1786 1744 Etcum.

270 1767 515 1824 Solenn‘ia
554 1771 824 1841 completa
856 1781 984 1828 sunt
1027 1773 1082 1827 in
1117 1774 1333 1828 nomine
1361 1773 1575 1828 Domini
1619 1778 1787 1832 nostri

208 1857 315 1915 Jesu
340 1860 781 1920 Christiavotum
815 1872 1057 1919 nostrum
1084 1864 1153 1919 sit
1174 1874 1450 1934 acceptum
1479 1881 1599 1921 cum
1633 1883 1783 1937 pace.

219 1954 252 2021 ti
271 1994 284 2007 .
316 1954 422 2012 Deo
452 1958 675 2027 gratias.

344 2054 404 2111 IN
456 2057 569 2112 DIE
615 2065 643 2095 ι
689 2057 935 2115 SANCTI
976 2057 1215 2114 THOME
1263 2058 1615 2115 APOSTULI.

655 2138 736 2192 Ad
766 2138 1003 2194 Missam.
1034 2139 1309 2209 Officium.

267 2224 494 2282 Gloriam
520 2235 574 2282 et
599 2243 852 2298 magnum
872 2227 1148 2286 decorem.
1175 2229 1394 2299 Require
1426 2233 1479 2287 in
1500 2234 1663 2289 sancti
1690 2234 1789 2290 Sa-

207 2319 405 2372 turnini.
448 2320 544 2390 fol.
568 2318 663 2375 25.

286 2410 477 2464 Oratio.
534 2412 719 2467 Gloria
780 2421 960 2469 nostra
1010 2413 1147 2471 Deus
1203 2423 1407 2473 noster.
1466 2414 1687 2489 Require
1734 2418 1787 2473 in

218 2502 386 2557 eodem
402 2507 553 2573 festo.

278 2595 575 2664 Prop/retia.
600 2596 782 2653 Justus
799 2599 843 2653 si
866 2606 1031 2655 morte
1048 2610 1454 2674 preoccupatus.
1482 2604 1705 2675 Require
1734 2605 1787 2660 in

207 2688 374 2744 Sancti
400 2689 686 2745 Clementis.
720 2694 816 2761 fol.
850 2692 938 2748 20.

273 2782 415 2836 Dicat
438 2782 617 2838 Presb.
650 2784 907 2841 Dominus
945 2786 1014 2841 sit
1039 2803 1253 2858 semper
1272 2790 1567 2847 vobiscum.

269 2876 458 2933 Chorus
504 2879 577 2947 πῆ.
610 2888 655 2932 et
684 2889 871 2933 cantet.
930 2878 956 2916 ι’
1006 2880 1308 2938 Psallendo.
1353 2884 1579 2941 Posuisti
1627 2902 1787 2956 super

210 2981 357 3042 caput
389 2973 507 3043 ejus
533 2988 787 3029 coronam
817 2975 885 3030 de
914 2974 1091 3047 lapide
1141 2980 1400 3046 precioso.
1442 2992 1462 3019 ε
1509 2983 1545 3052 y
1568 3021 1583 3037 .
1614 2982 1787 3051 Super

214 3068 419 3124 salutare
449 3078 597 3123 tuum
630 3071 857 3126 Domine
878 3072 1139 3127 exultabit
1166 3075 1530 3131 vehementer.
1566 3076 1789 3133 Deside-

214 3159 333 3214 rium
360 3161 531 3215 anime
572 3161 689 3232 ejus
720 3163 947 3217 tribuisti
994 3165 1080 3219 ei:
1120 3174 1174 3220 ct
1203 3167 1479 3223 voluntate
1526 3168 1788 3224 lahiorum

220 3252 313 3322 ejus
350 3271 448 3309 non
491 3254 748 3312 fraudasti
788 3273 932 3313 eum.
968 3257 1036 3316 Ρ.
1059 3259 1325 3315 Coronam
1363 3262 1429 3316 de
1463 3262 1637 3331 lapide
1669 3278 1788 3333 pre—

219 3346 361 3403 tioso.
388 3347 537 3402 Dicat
566 3348 749 3405 Presb.
779 3350 1061 3407 Silentium
1085 3350 1264 3409 facite.

303 3468 567 3539 Sequentia
595 3468 804 3540 epistola
818 3468 1015 3612 (13αὲέέ
1021 3471 1255 3596 apostoli
1289 3472 1358 3526 ad
1379 3471 1685 3529 Cellossens.

948 3558 1036 3610 ap.
1068 3558 1091 3595 ι
1119 3558 1158 3610 ,I.

284 3630 480 3688 Fratres
507 3633 714 3704 gaudeo
742 3635 793 3689 in
828 3636 1167 3704 passionibus
1197 3652 1296 3705 pro
1330 3639 1509 3697 vobis:
1534 3651 1588 3696 et
1616 3641 1785 3698 adim-

220 3726 328 3794 pleo
354 3741 410 3781 ea
439 3742 539 3796 que
560 3728 755 3782 desunt
789 3729 1116 3797 passiouiutn
1149 3707 1347 3784 Christi
1380 3732 1432 3785 in
1463 3748 1623 3790 carne
1663 3751 1782 3791 mea

220 3832 307 3886 pro
332 3834 547 3888 corpore
576 3820 690 3889 ejus
717 3820 858 3890 quod
884 3831 967 3875 est
990 3822 1242 3877 Ecclesia.
1276 3823 1437 3893 Cujus
1468 3826 1638 3881 lactus
1669 3844 1787 3884 sum

221 3928 320 3982 ego
359 3912 585 3969 minister
614 3935 626 3966 :
661 3915 967 3971 Secundum
1003 3916 1454 3985 dispensationem
1503 3920 1597 3975 Dei
1640 3938 1653 3973 :
1689 3938 1791 3990 que

222 4006 338 4061 data
363 4018 443 4063 est
472 4010 593 4064 mihi
619 4012 665 4063 in
700 4026 826 4065 vos:
857 4022 910 4064 ut
941 4010 1190 4079 impleam
1221 4012 1441 4067 verbum
1468 4014 1561 4069 Dei
1593 4027 1791 4086 myste-

284 4158 307 4184 ³
356 4150 659 4206 Solemuitas
713 4153 873 4206 sancti
928 4152 1137 4207 Thomte
1187 4156 1412 4219 apostoli
1467 4166 1590 4213 ante
1636 4160 1796 4217 ﬁnem

126 4230 129 4237 ‘
223 4237 331 4278 terte
400 4221 712 4278 Christiana:
791 4225 971 4277 δωρειὶὶ
1022 4241 1093 4291 ιν,
1148 4225 1200 4279 in
1254 4227 1510 4282 licclesiis
1565 4231 1851 4287 Orientis”

223 4296 407 4370 passim
458 4294 895 4370 frequentabatur
923 4296 963 4370 _(
988 4295 1149 4370 ilum.
1187 4296 1302 4370 56,
1332 4299 1463 4351 inter
1518 4316 1672 4370 Opera
1736 4303 1797 4359 S.

223 4368 554 4441 Chrysogomi
596 4375 721 4441 tam.
761 4365 887 4441 Y1).
920 4366 1139 4441 Edessa)
1185 4368 1237 4420 in
1262 4368 1509 4441 erocna
1549 4365 1798 4441 'SpatiOsa

222 4440 375 4512 sancti
404 4438 621 4492 Tttotute
652 4436 902 4501 basilicn,
933 4438 1230 4512 imperante
1258 4439 1445 4507 Magno
1468 4436 1794 4512 Theodosio,

222 4511 451 4583 dedicata
482 4519 582 4583 est,
618 4511 875 4583 inquam,
910 4526 1000 4560 an.
1044 4508 1561 4583 591,_~aCt'utnﬁejus
1601 4508 1798 4583 corpus

224 4580 300 4635 die
338 4580 409 4633 2?.
469 4580 950 4655 Augttstiillatunt
1004 4588 1087 4632 est
1121 4578 1354 4655 (Chron.
1400 4578 1606 4655 Ιέίξριεεη
1661 4578 1799 4655 apud

222 4655 566 4715 Assemautun,
602 4650 741 4704 Bibl.
780 4650 977 4703 Ut'ient.
1013 4660 1132 4702 tont.
1168 4650 1219 4711 Ι,
1252 4669 1372 4722 pag.
1420 4652 1557 4718 591);
1600 4650 1799 4711 saera-

224 4732 307 4789 tes,
340 4724 442 4795 tib.
481 4740 552 4785 tv,
576 4740 623 4775 c.
660 4723 749 4786 18;
785 4722 1121 4795 Sozomettus,
1149 4723 1241 4777 lib.
1270 4739 1344 4787 v1,
1377 4741 1421 4778 c.
1460 4730 1572 4795 18).
1625 4729 1802 4785 Mense

224 4806 386 4847 autem
418 4794 573 4860 Julii,
612 4804 667 4846 ut
697 4792 882 4846 scribit
916 4802 1133 4864 sanctus
1163 4794 1453 4864 Gregorius
1475 4792 1804 4853 ’l‘uroneusis

222 4865 310 4929 (De
332 4865 483 4920 ϐίον.
514 4874 757 4933 martyr.,
796 4880 910 4930 cap.
942 4862 1028 4925 51,
1066 4863 1153 4916 lib.
1188 4862 1606 4933 t),'solentnitas
1634 4873 1803 4924 sant-ti

222 4936 436 4991 Thoma:
467 4954 557 5006 per
590 4937 789 5008 multos
815 4934 1235 5008 dte§_ageltatur
1271 4936 1508 5002 Edessa,
1542 4941 1608 4993 ad
1641 4957 1801 5008 quam

224 5003 847 5078 unttiqtte'conlluebaut
893 5003 1126 5078 ﬁdelium
1181 5019 1231 5059 et
1286 5008 1563 5075 gentilium
1613 5003 1799 5066 turbae.

221 5077 311 5133 Sed
360 5076 661 5146 antequam
720 5078 898 5149 ampla
940 5076 1071 5149 haec
1130 5078 1348 5149 basilica
1402 5081 1801 5149 mdilicaretur,

220 5153 379 5203 stabat
411 5145 632 5203 Etlessae
663 5147 766 5201 alia
798 5145 1041 5221 quaedam
1087 5147 1256 5200 sancti
1281 5149 1502 5204 Thomae
1544 5145 1801 5221 Ecclesia,

221 5221 277 5274 ad
304 5222 462 5288 cujus
484 5221 627 5274 fores
673 5229 890 5271 sanctus
924 5218 1154 5288 Ephrem
1190 5222 1537 5288 paralyticum
1588 5218 1805 5280 Sanitati

220 5287 466 5346 reStituit.
490 5292 549 5346 Si
570 5306 673 5357 qua
698 5289 831 5364 lides
854 5298 938 5364 est
957 5287 1111 5364 ‘Vitte
1132 5287 1373 5364 ejusdem
1405 5295 1573 5347 sancti
1608 5295 1801 5364 levitm,

222 5365 351 5429 apud
407 5361 827 5432 Assemanuttit
850 5358 987 5411 Bibl.
1021 5359 1218 5415 Urient.
1261 5371 1300 5415 t.
1336 5360 1388 5428 Ι,
1423 5382 1474 5432 p.
1518 5365 1635 5429 40),
1679 5358 1807 5419 reli-

220 5438 457 5502 quiarum
515 5436 686 5487 sancti
729 5430 1005 5502 iTlltmltg,
1058 5447 1177 5497 qua:
1234 5434 1336 5486 late
1387 5430 1482 5502 per
1530 5436 1804 5491 Orientem

221 5498 417 5573 sparsa!
466 5515 622 5559 erant
676 5501 874 5577 (Horn.
930 5498 1037 5564 δῦ,
1098 5502 1229 5557 inter
1278 5498 1421 5570 oper.
1474 5505 1535 5561 S.
1577 5506 1759 5577 Chrys.
1788 5548 1804 5572 ,

220 5571 336 5647 tom.
375 5576 483 5647 Vl),
548 5575 791 5642 qua-dam
841 5571 1141 5647 fragmenta
1194 5588 1410 5630 sanctus
1477 5571 1806 5633 Gaudent-ius

219 5642 509 5701 Brixiensis
544 5642 920 5717 episcopusiu
951 5644 1295 5717 Qecideutem
1349 5648 1556 5715 detulit,
1605 5651 1805 5717 primus

216 5720 444 5794 fortasse
583 5713 1053 5794 ’ϐᾳᾳίίείειὶιξεητθ
1079 5716 1319 5794 dedic.
1346 5720 1517 5794 b_asil.,

217 5787 359 5843 Edit.
394 5786 733 5855 Briaiensis).
782 5786 1199 5859 Exitttlecultus
1229 5790 1469 5857 ejusdem
1494 5786 1723 5859 apJStuli
1753 5790 1807 5845 in

218 5860 363 5915 italia
415 5862 545 5915 etin
598 5860 807 5929 reliquo
856 5857 1147 5931 Occidente
1199 5863 1477 5931 propagari
1530 5857 1716 5930 etrapit.
1747 5861 1805 5916 ln

220 5940 433 5988 vetusto
466 5927 811 5989 Lectiona’rio
840 5927 1328 5987 Ambrosiano‘em’.
1361 5927 1659 6001 Thomasii,
1689 5942 1808 6002 post

1831 4624 1878 4683 D

1901 664 2023 720 busi.
2064 664 2216 720 Nunc
2244 676 2419 721 autem
2448 669 2793 725 manifestum
2833 678 2917 725 est
2951 670 3161 728 Sanctis
3185 674 3334 744 ejus:
3384 677 3501 748 qui-

1903 758 2002 813 bus
2049 757 2218 813 voluit
2252 759 2389 813 Deus
2438 768 2596 816 notas
2626 761 2803 817 lacere
2847 760 3060 817 divitias
3105 763 3274 834 glorie
3303 765 3496 822 Sacra-

1899 854 2067 908 meuti
2098 852 2255 923 hujus
2281 854 2336 907 in
2380 855 2655 923 gentibus:
2688 856 2828 925 quod
2861 864 2945 909 est
2973 854 3215 912 Christus
3257 858 3310 913 in
3342 860 3495 917 vobis

1901 960 2023 1013 spes
2049 946 2217 1016 glorie
2244 962 2403 1014 quem
2429 961 2525 1001 nos
2546 948 2955 1004 adnunciamus.
2980 948 3347 1021 Corripientes
3377 969 3498 1009 om-
3548 995 3558 1037 δ

1901 1052 2022 1092 neut
2059 1039 2331 1094 hominem
2361 1049 2413 1093 et
2443 1039 2696 1095 docentes
2728 1042 2779 1096 in
2810 1042 2957 1096 omni
2987 1044 3285 1113 sapientia:
3320 1055 3378 1099 ut
3403 1061 3501 1101 ex-
3548 1042 3559 1116 ζ

1903 1128 2179 1183 hibeamus
2198 1145 2410 1185 omnem
2436 1130 2703 1186 hominem
2718 1132 3013 1201 perlectum
3040 1133 3093 1187 in
3107 1131 3319 1190 Christo
3336 1135 3495 1190 Jesu:
3550 1118 3558 1147 ⁷’

1898 1222 1954 1277 In
2000 1238 2106 1292 quo
2157 1232 2212 1279 et
2267 1223 2452 1279 laboro
2492 1225 2747 1280 certando
2795 1226 3083 1281 secundem
3126 1228 3495 1297 operationem

1897 1318 2015 1390 ejus
2041 1334 2197 1389 quam
2229 1326 2480 1387 operatur
2507 1319 2561 1374 in
2590 1335 2677 1374 me
2702 1320 2755 1375 in
2778 1320 2989 1379 virtute.
3024 1331 3048 1361 ο
3074 1321 3171 1377 Cui
3202 1331 3285 1378 est
3324 1321 3496 1377 honor

1897 1424 1954 1472 et
1977 1416 2151 1486 gloria
2182 1415 2237 1471 in
2260 1415 2440 1471 secula
2469 1415 2791 1472 seculorem.
2838 1416 2877 1487 ιῆ
2897 1455 2915 1472 .
2946 1421 3136 1471 Amen.

1895 1556 2065 1611 Lectio
2091 1555 2253 1611 sancti
2269 1552 2536 1625 Evangelii
2551 1554 2828 1609 secundum
2841 1553 3095 1610 Joannem
3117 1552 3164 1625 (ί
3189 1552 3317 1623 Cap.
3340 1551 3391 1607 Χ
3395 1552 3443 1607 Χ
3449 1554 3493 1624 ).

1963 1651 2061 1707 Illo
2092 1652 2144 1705 in
2173 1661 2417 1720 tempore
2448 1650 2682 1705 Thomas
2706 1664 2841 1705 unus
2871 1664 2934 1704 ex
2958 1649 3241 1704 duodecim
3282 1645 3372 1718 qui
3413 1646 3495 1701 di-

1895 1741 2030 1797 citur
2052 1741 2291 1797 Didimus
2312 1756 2417 1796 non
2438 1748 2684 1796 eratcum
2705 1742 2782 1796 eis
2806 1741 3017 1811 quando
3043 1741 3187 1796 venit
3206 1739 3383 1795 Jesus.
3407 1739 3494 1793 Ui-

1894 1846 2088 1892 xerunt
2118 1836 2165 1891 ei
2188 1834 2274 1890 alii
2303 1835 2549 1903 discipuli
2576 1852 2589 1889 :
2614 1824 2841 1890 vidimus
2864 1835 3168 1889 Dominum.
3193 1833 3290 1888 Ille
3311 1840 3493 1887 autem

1826 1949 1875 2010 B
1904 1930 2036 1984 dixit
2064 1930 2142 1984 eis
2167 1946 2178 1980 :
2206 1928 2310 1983 nisi
2331 1926 2518 1983 videro
2547 1928 2598 1981 itt
2631 1927 2878 1983 manibus
2904 1926 3024 1998 ejus
3054 1926 3278 1980 ﬁxuram
3306 1925 3492 1979 clavo-

1892 2041 2044 2083 rum:
2076 2034 2130 2081 et
2157 2025 2362 2079 mittam
2398 2024 2621 2095 digitum
2666 2039 2844 2079 meum
2876 2024 2928 2076 in
2966 2023 3139 2077 locum
3182 2021 3487 2076 clavorum:

1889 2129 1946 2175 et
1970 2120 2178 2175 mittam
2212 2134 2426 2173 manum
2451 2134 2625 2173 meam
2652 2118 2706 2173 in
2737 2119 2874 2172 latus
2910 2118 3056 2186 ejus:
3101 2130 3207 2170 non
3247 2114 3489 2170 credam.

1891 2212 1959 2267 Et
1986 2219 2107 2281 post
2133 2211 2246 2265 dies
2277 2219 2417 2265 octo
2444 2210 2634 2266 iterum
2665 2218 2822 2264 erant
2860 2207 3113 2276 discipuli
3144 2207 3260 2277 ejus
3292 2208 3440 2261 intus
3473 2223 3490 2261 :

1891 2314 1946 2360 et
1974 2304 2209 2359 Thomas
2241 2318 2361 2357 cum
2392 2302 2493 2357 eis.
2528 2302 2684 2357 Venit
2708 2300 2862 2355 Jesus
2887 2299 3070 2370 januis
3092 2298 3285 2353 clausis
3310 2305 3363 2352 et
3383 2305 3496 2352 ste-

1893 2396 1956 2450 tit
1998 2395 2051 2447 in
2097 2393 2304 2449 medio:
2341 2400 2397 2447 et
2430 2391 2563 2445 dixit
2609 2392 2708 2445 eis.
2743 2390 2851 2443 Pax
2900 2389 3070 2443 vobis.
3112 2388 3317 2443 Deinde
3363 2386 3493 2441 dicit

1890 2486 2137 2542 Thome:
2185 2484 2323 2541 infer
2360 2484 2585 2554 digitum
2628 2493 2774 2538 tuum
2833 2483 2971 2539 httc:
3021 2494 3076 2539 et
3126 2482 3250 2538 vide
3304 2495 3495 2537 manus

1890 2596 2071 2637 meas:
2099 2588 2155 2636 et
2175 2578 2305 2635 atfer
2335 2595 2548 2635 manum
2582 2587 2724 2633 tuam
2751 2595 2764 2630 :
2815 2587 2869 2633 et
2894 2579 3044 2632 mitte
3066 2577 3119 2631 in
3146 2576 3285 2632 latus
3316 2591 3494 2631 meum

1891 2683 1945 2728 et
1976 2674 2083 2728 noli
2112 2686 2233 2728 esse
2262 2671 2597 2727 incredulus:
2650 2671 2743 2725 sed
2776 2669 2971 2725 ﬁdelis.
3004 2668 3305 2738 ReSpondit
3345 2668 3493 2723 Tho-

1892 2781 2039 2822 mas:
2084 2773 2139 2820 et
2184 2765 2351 2819 dixit:
2396 2765 2648 2820 Dominus
2703 2778 2851 2818 meus
2877 2772 2929 2819 et
2960 2762 3102 2818 Deus
3134 2775 3308 2816 meus.
3348 2760 3496 2817 Dixit

1891 2860 1941 2913 ei
1970 2858 2124 2914 Jesus
2152 2874 2165 2912 :
2193 2859 2315 2927 quia
2345 2856 2521 2913 vidisti
2552 2872 2638 2912 me
2670 2855 2876 2911 Thoma
2903 2853 3195 2909 credidisti:
3226 2854 3372 2909 Beati
3400 2853 3495 2925 qui

1892 2964 2000 3006 non
2033 2950 2317 3005 viderunt:
2350 2959 2403 3004 et
2428 2948 2789 3004 crediderunt.
2830 2947 2868 3016 ἡ
2889 2986 2903 3001 .
2937 2948 3130 3002 Amen.

1968 3076 1994 3114 tt
2020 3065 2224 3120 Lauda.
2253 3064 2499 3120 Alleluia.
2546 3065 2580 3132 ᾗ
2605 3103 2620 3117 .
2646 3063 2923 3131 Loquebar
2950 3062 3017 3117 de
3044 3061 3366 3118 testimoniis
3390 3071 3495 3120 tuis

1895 3159 1949 3213 in
1972 3164 2261 3226 conspectu
2288 3156 2487 3225 Regum
2519 3164 2572 3209 et
2602 3169 2706 3208 non
2732 3151 3117 3208 confundebar.
3151 3152 3215 3206 P.
3243 3152 3493 3209 Alleluia.

1968 3269 1991 3307 ιι
2036 3269 2380 3338 Sacriﬁcium.
2433 3267 2677 3338 Fulgebit
2723 3266 2924 3323 Justus.
2989 3266 3211 3338 Require
3258 3276 3395 3322 retro
3439 3265 3499 3321 in

1817 3330 1864 3394 δ
1895 3366 2075 3423 Sancti
2097 3330 2370 3419 Clementis
2397 3361 2492 3433 fol.
2525 3330 2617 3417 ἐι.

1965 3460 2153 3514 Missa.
2184 3457 2268 3514 Ad
2310 3457 2473 3510 Deum
2526 3456 2718 3510 fratres
2761 3454 3058 3511 charissimi
3083 3468 3242 3523 puras
3285 3460 3495 3508 mentes

1892 3559 2115 3629 erigite:
2158 3555 2383 3626 ejusque
2432 3556 2680 3624 pietatem
2724 3554 3036 3623 suppliciter
3066 3553 3387 3623 lmplorate:
3432 3560 3494 3606 ut

1891 3653 1980 3723 qui
2009 3666 2101 3719 per
2128 3646 2355 3717 primum
2378 3661 2477 3701 nos
2500 3645 2728 3702 redemit
2752 3646 3037 3699 adventum
3055 3659 3085 3697 a
3109 3644 3227 3697 labe
3250 3641 3451 3710 peccati
3475 3667 3494 3705 ;

1891 3744 2010 3812 ipse
2040 3754 2139 3795 nos
2176 3740 2252 3793 sic
2282 3741 2337 3793 in
2365 3753 2465 3793 evo
2492 3737 2687 3807 degere
2717 3734 2913 3791 faciat:
2965 3744 3022 3787 ut
3050 3735 3102 3787 in
3130 3732 3364 3787 secundo
3394 3730 3493 3784 ad-

1900 3836 2118 3890 veniens
2143 3836 2198 3889 in
2218 3832 2479 3903 Supernis
2500 3830 2838 3885 coronantlos
2866 3828 3095 3883 attollat.
3114 3828 3309 3893 Sicque
3328 3832 3497 3893 patro-

1897 3930 2113 3983 cinante
2157 3924 2311 3980 nobis
2356 3924 2464 3993 36
2497 3921 2753 3989 suffragio
2793 3918 3085 3974 beatissimi
3126 3915 3364 3984 Apostoli
3406 3914 3493 3967 sui

1904 4019 1923 4058 ι
1952 4018 2145 4073 Didimi
2171 4033 2185 4069 :
2210 4025 2265 4070 et
2302 4015 2389 4069 hic
2420 4030 2512 4083 per
2542 4014 2657 4080 ejus
2698 4011 2940 4082 exempla
2983 4008 3141 4063 vitam
3189 4008 3491 4063 ducentes:

1909 4161 2088 4216 natale
2113 4168 2405 4214 sanctorum
2444 4157 2592 4212 Petri
2630 4169 2675 4214 et
2705 4158 2861 4214 Pauli
2882 4156 3307 4229 consequiturin
3334 4154 3498 4229 sancti

1910 4233 2119 4287 Thomw
2169 4232 2423 4301 apostoli;
2455 4230 2681 4285 fortasse
2732 4233 2817 4285 die
2855 4230 2888 4281 Pi
2917 4229 3040 4285 Julii
3065 4223 3342 4301 'lestivitas
3379 4223 3497 4295 ejus

1907 4298 2304 4365 celebrabatur,
2356 4318 2495 4370 qua,
2549 4311 2608 4355 ut
2660 4301 3041 4356 animadvertit
3090 4298 3319 4367 (lbid.)
3370 4312 3493 4370 vett,

1908 4375 2251 4435 'l'homasius,
2310 4369 2699 4427 Tr’anslatiouis
2730 4374 2899 4425 sancti
2930 4374 3152 4425 'l‘homa:
3183 4374 3240 4423 lit
3270 4369 3496 4423 mentio.

1904 4445 2041 4502 Sero
2074 4446 2334 4499 festivitas
2363 4444 2531 4497 sancti
2582 4443 2804 4497 Thotnm
2831 4456 3043 4511 recepta
3095 4452 3178 4497 est
3217 4442 3421 4502 Romae,
3452 4438 3500 4494 si

1905 4518 2154 4572 standum
2185 4517 2253 4569 sit
2283 4514 2498 4569 silentio
2526 4513 2829 4568 Kalendarii
2868 4510 3173 4578 Frontonis,
3208 4519 3262 4565 et
3286 4510 3499 4577 (iapituo

1907 4589 2026 4643 larii
2080 4587 2490 4655 Evangeliorutn
2526 4586 2816 4655 'l’hutnasii.
2856 4586 2930 4639 De
2971 4585 3158 4655 eadem
3204 4580 3505 4655 l'e~tivitatq

1907 4668 2089 4713 tacent
2158 4652 2371 4712 MtSsalc
2435 4652 2942 4722 GallooGothicum,
3005 4653 3497 4722 Sacramentarium

1906 4729 2221 4793 Bobianum,
2276 4725 2646 4781 Lectionarius
2676 4721 3048 4789 Luxoviensis,
3085 4734 3150 4799 et
3184 4721 3497 4799 Uratiouale

1904 4801 2228 4863 Gutlticutn;
2262 4800 2404 4851 unde
2436 4812 2591 4860 sero,
2622 4805 2679 4849 ttt
2720 4800 2987 4865 suspicor,
3021 4796 3290 4849 Celebrata
3318 4798 3403 4845 est
3439 4796 3494 4865 it!

1907 4869 2078 4925 Gallia
2136 4860 2292 4924 et—in
2344 4867 2616 4937 llispauia.
2691 4860 2895 4923 Tamen
2953 4860 3264 4937 tuetnortatu
3325 4860 3497 4937 sancti

1904 4943 2125 4995 Thomas
2165 4934 2551 4995 celebrant—die
2578 4939 2642 4991 21
2676 4939 2985 4993 Decembris
3027 4934 3241 5012 Missale
3277 4940 3331 5012 et
3370 4934 3497 4985 Ure-

1904 5013 2131 5067 viarium
2207 5012 2584 5072 hlozarabum,
2655 5008 3088 5065 Sacramentaria
3150 5003 3494 5056 tielasianutu

1905 5083 2204 5149 ‘l‘homasii,
2258 5092 2313 5138 et
2343 5083 2692 5150 Gregoriana,
2726 5082 3102 5150 Martyrologta
3129 5074 3305 5150 Beda}.
3352 5073 3499 5150 Ado-

1906 5156 2011 5222 nis,
2047 5145 2312 5216 Usuardi,
2348 5145 2780 5223 llier'otgytninua,
2822 5145 3196 5205 et'ltomauum
3244 5145 3496 5211 Baronii;

1907 5226 2076 5281 Graeci
2104 5241 2241 5279 vero
2272 5226 2359 5278 die
2398 5232 2551 5278 sexto
2578 5223 2846 5278 Octobris.

1979 5295 2004 5333 δ
2034 5294 2336 5349 Psallendo.
2369 5296 2457 5349 Ps.
2485 5311 2574 5362 xx,
2609 5294 2664 5347 4.

1983 5377 2004 5405 ο
2054 5368 2088 5435 Ῡ
2115 5406 2128 5421 .
2160 5368 2250 5421 Ps.
2282 5382 2371 5430 xx,
2403 5364 2537 5429 2,5.

1978 5437 2005 5473 ιι
2034 5437 2161 5509 Cap.
2186 5436 2245 5509 ίι.
2284 5438 2434 5509 Veis.
2462 5436 2649 5509 at-aa.

1984 5518 2006 5545 ε
2036 5501 2130 5562 Cui
2173 5508 2355 5563 honor.
2389 5507 2514 5561 llaec
2554 5507 2606 5558 in
2654 5507 2800 5557 textu
2848 5501 3091 5572 Apostoli
3117 5502 3221 5559 hoc
3242 5502 3359 5559 loco
3390 5514 3499 5555 non
3559 5516 3565 5525 ’

1908 5579 2120 5647 legitur.

1986 5649 2003 5688 ί
2036 5650 2164 5719 Cap.
2193 5649 2317 5703 XX.
2344 5646 2495 5701 Vers.
2527 5642 2716 5719 24-39.

1983 5731 2009 5769 ε
2045 5712 2243 5774 Lauda.
2280 5720 2365 5775 Rs.
2390 5733 2574 5782 cxvut,
2606 5712 2700 5771 46.

1982 5788 2011 5828 ιι
2042 5791 2388 5858 Sacri/icium,
2416 5798 2471 5843 ut
2496 5791 2547 5843 i‘n
2580 5789 2748 5844 sancti
2774 5788 3083 5847 Clementis.

1986 5862 2002 5898 ί
2038 5862 2251 5915 Didimi.
2306 5861 2500 5915 Joann.
2551 5877 2622 5915 xx
2642 5904 2657 5929 ,
2690 5860 2798 5915 24:
2828 5861 3048 5917 Thomas
3075 5867 3245 5916 autem
3275 5872 3405 5911 unus
3433 5870 3497 5908 es

1911 5932 2288 6002 duodecim,qui
2302 5932 2490 5987 dicitur
2503 5933 2775 6003 Didymus,
2792 5948 2894 5986 non
2907 5941 3015 5986 erat
3032 5946 3146 5985 cum
3160 5930 3250 5983 eis.
3266 5930 3495 5983 'l‘houtus
