3992 6354
508 396 611 456 186

613 515 640 544 ⁸
678 508 742 564 ιΝ
781 505 1199 565 NATlVlTATE
1248 503 1480 560 DOMINI
1531 501 1780 566 NOSTBI
1818 502 1980 559 JESU

1139 600 1426 657 CHRISTI.

955 694 1035 750 Ad
1075 693 1306 747 Missam.
1347 690 1374 730 ιι
1417 690 1668 761 Officium.

572 798 824 868 Alleluia.
853 794 1172 852 Benedictus
1219 791 1312 862 qui
1363 789 1506 845 venit
1529 789 1742 858 alleluja
1789 789 1841 843 in
1871 789 2090 845 nomine

499 888 711 947 Domini
742 889 953 957 alleluja
976 886 1212 955 alleluja.
1259 885 1293 953 ᾗ
1319 925 1332 938 .
1376 883 1519 938 Deus
1547 882 1807 938 Dominus
1832 892 1886 938 et
1915 883 2090 939 illuxit

499 987 674 1040 nobis.
712 984 779 1038 P.
813 985 866 1038 ln
897 982 1115 1038 nomine
1148 979 1380 1034 Domini.
1446 979 1481 1046 7
1507 1017 1521 1031 .
1575 976 1757 1032 Gloria
1804 987 1860 1033 et
1917 978 2090 1034 honor

496 1077 642 1132 Palr'i
672 1085 726 1132 et
761 1075 896 1130 Filio
927 1091 941 1128 :
973 1082 1027 1128 et
1055 1072 1278 1142 Spiritui
1317 1070 1514 1125 Sancto
1559 1069 1615 1123 in
1662 1069 1843 1124 secula
1888 1071 2089 1128 seculo-

496 1186 614 1224 rum
654 1184 828 1224 amen.
866 1167 932 1221 P.
977 1167 1032 1221 ln
1062 1166 1284 1221 nomine
1315 1162 1547 1218 Domini.

573 1260 726 1316 Dicat
755 1260 939 1316 Presb.
966 1259 1068 1315 Per
1095 1261 1275 1314 omnia
1303 1271 1518 1326 semper
1547 1255 1729 1313 secula
1759 1255 2084 1312 seculorum.

507 1353 546 1421 ἢ
567 1390 582 1407 .
614 1354 806 1408 Amen.

565 1447 717 1500 Dicat
757 1445 940 1500 Presb.
972 1445 1154 1501 Gloria
1206 1443 1262 1498 in
1293 1442 1521 1499 excelsis
1567 1441 1702 1498 Deo.
1735 1439 1927 1498 Postea
1953 1443 2089 1498 dicta

490 1537 672 1594 Gloria
702 1538 757 1592 in
786 1537 1036 1604 excelsis,
1067 1535 1207 1590 dicat
1249 1537 1381 1590 hanc
1411 1534 1726 1590 Orationem.

564 1630 733 1687 Hodie
761 1631 915 1686 nobis
956 1630 1239 1686 thesaurus
1265 1637 1421 1684 natus
1444 1637 1546 1682 est.
1589 1627 1761 1684 Hodie
1800 1628 1956 1685 nobis
1995 1628 2089 1684 lu-

492 1741 652 1782 cerna
678 1725 901 1796 virginis
929 1740 1088 1795 quam
1118 1723 1348 1794 Spiritus
1377 1724 1610 1779 Sanctus
1660 1723 1847 1790 ignivit
1897 1737 2084 1779 verum

489 1819 671 1874 lumen
701 1818 968 1887 apparuit.
1018 1816 1189 1872 Hodie
1229 1831 1482 1872 cecorum
1515 1817 1758 1872 medicus
1797 1803 1952 1872 natus
1980 1826 2082 1872 est.

1215 388 1505 451 IBSSALE
1544 386 1820 446 MIXTUM
1872 383 2024 443 SEC.
2065 384 2074 440 l

2182 379 2225 436 Ξ.
2269 381 2329 436 Β.
2377 380 2645 439 ISIDORI.
2684 409 2758 424 —-
2796 381 2979 442 PARS
3016 382 3063 444 I.

3688 395 3796 454 184

2115 517 2168 576 Α
2197 501 2420 557 Domine
2453 515 2558 571 per
2594 500 2816 572 gloriam
2841 500 3133 558 nativitatis
3168 508 3259 560 tue
3291 516 3322 559 a
3357 505 3514 564 malls
3559 513 3795 582 propriis

2192 595 2403 649 liberari
2426 612 2439 648 :
2459 605 2512 650 et
2533 595 2584 650 in
2604 593 2706 649 tuis
2726 594 2968 651 laudibus
2988 597 3450 668 sempergloriari.
3490 601 3528 672 ἢ
3547 641 3562 657 .
3593 605 3790 664 A'men.

2190 687 2489 758 Prophetia.
2529 687 2704 744 Lectio
2739 690 2858 746 libri
2895 689 3070 762 Esaye
3105 692 3368 764 prophete.
3400 695 3449 765 (ε
3480 694 3608 767 Cap.
3650 697 3790 771 11-);

2274 783 2314 852 ἢ
2333 823 2347 838 .
2393 785 2503 839 Deo
2541 785 2761 854 gratias.

2266 875 2448 933 Primo
2475 885 2718 948 tempore
2749 876 2994 935 alleviata
3016 886 3102 934 est
3134 887 3277 934 terra
3296 878 3541 937 Zabulon
3565 891 3621 938 et
3645 892 3792 943 terra

2190 966 2448 1040 Neptalim
2484 987 2499 1025 :
2545 979 2600 1026 et
2643 972 2696 1026 in
2726 971 3019 1027 novissimo
3047 982 3332 1042 aggravata
3377 982 3462 1028 est
3505 974 3588 1028 via
3624 977 3792 1033 maris

2191 1071 2334 1118 trans
2363 1062 2650 1118 Jordanem
2682 1063 2885 1120 Galilee
2914 1065 3172 1134 gentium.
3228 1065 3465 1134 Populus
3505 1067 3597 1134 qui
3626 1069 3788 1124 sede-

2189 1157 2281 1214 bat
2301 1158 2353 1212 in
2383 1160 2654 1214 tenebris:
2701 1159 2831 1214 vidit
2875 1159 3047 1214 lucem
3091 1174 3341 1230 magnam
3375 1174 3391 1214 :
3422 1159 3793 1218 habitantibus

2189 1251 2245 1306 in
2266 1253 2482 1322 regione
2521 1255 2708 1306 umbre
2737 1254 2926 1307 mortis
2979 1269 2994 1306 :
3027 1252 3113 1308 lux
3145 1261 3260 1306 orta
3285 1260 3370 1308 est
3403 1253 3500 1308 eis.
3537 1251 3793 1322 Multipli-

2188 1344 2322 1399 casti
2347 1353 2560 1413 gentem
2592 1361 2608 1399 :
2659 1345 2755 1399 sed
2786 1359 2892 1399 non
2935 1345 3290 1415 magnilicasti
3333 1345 3587 1401 leticiam.
3619 1345 3793 1402 Leta-

2189 1435 2386 1490 buntur
2411 1450 2591 1491 coram
2625 1443 2720 1490 te:
2771 1435 2912 1491 sicut
2953 1436 3046 1506 qui
3097 1437 3332 1492 letantur
3369 1436 3423 1490 in
3477 1452 3674 1493 messe.
3727 1437 3792 1494 Et

2188 1529 2326 1584 sicut
2347 1529 2584 1585 exultant
2612 1530 2838 1585 victores
2862 1528 3077 1599 quando
3097 1528 3344 1584 dividunt
3363 1529 3555 1600 spolia.
3587 1529 3791 1600 Jugum

2188 1621 2329 1677 enim
2383 1620 2562 1677 oneris
2605 1621 2724 1692 ejus
2769 1631 2824 1677 et
2877 1622 3082 1692 virgam
3129 1621 3337 1678 humeri
3394 1623 3512 1692 ejus
3561 1633 3616 1678 et
3665 1638 3790 1681 sce-

2189 1723 2365 1786 ptrum
2401 1700 2666 1771 exactoris
2714 1717 2832 1784 ejus
2866 1714 3134 1784 superasti
3159 1731 3175 1774 :
3201 1714 3339 1769 sicut
3367 1714 3525 1770 indie
3553 1715 3786 1784 Madian,

2189 1807 2312 1877 quia
2349 1807 2526 1862 omnis
2573 1805 2806 1861 violenta
2853 1805 3098 1876 predatio
3149 1821 3268 1860 cum
3304 1807 3574 1862 tumultu:
3615 1817 3669 1862 et
3698 1822 3790 1864 ve-

488 1908 662 1966 Hodie
720 1907 1119 1980 paralitiCorum
1151 1909 1371 1964 sanitas.
1405 1908 1574 1964 Hodie
1627 1909 1880 1964 debilium
1912 1912 2074 1967 lirma-

2195 1899 2504 1954 stimentum
2537 1898 2761 1954 mixtum
2802 1898 3062 1968 sanguine
3096 1897 3198 1953 erit
3228 1897 3282 1952 in
3321 1897 3693 1954 combustione
3737 1907 3790 1956 et

492 2011 752 2056 mentum.
771 2001 1151 2056 inﬁrmantium
1170 2004 1410 2056 virtutes.
1428 2001 1598 2058 Hodie
1612 2004 1937 2059 resurrectio
1955 2019 2088 2060 mor-

491 2104 702 2149 tuorum
733 2093 977 2150 Salvator
1000 2103 1184 2148 noster
1200 2093 1434 2149 advenit.
1456 2093 1630 2150 llodie
1653 2096 1805 2150 nobis
1825 2095 1967 2151 inter
1990 2110 2086 2151 no-

487 2177 873 2257 ctem'ignitam
898 2185 986 2240 lux
1005 2200 1139 2240 nova
1163 2187 1427 2254 apparuit.
1454 2186 1624 2242 Hodie
1652 2187 1808 2242 nobis
1838 2187 2086 2244 Salvator

491 2279 707 2334 advenit
737 2295 892 2348 quem
924 2279 1181 2348 prophete
1212 2279 1555 2349 predixerant
1585 2296 1651 2336 ex
1682 2280 1848 2336 Maria
1877 2281 2085 2350 virgine

488 2371 842 2424 nasciturum.
878 2370 1050 2426 Hodie
1081 2373 1237 2428 nobis
1267 2373 1514 2444 presepio
1542 2373 1748 2442 positus
1787 2385 2080 2444 perpetuus

492 2461 646 2530 panis
675 2461 814 2516 lucis
835 2462 1138 2517 ostenditur
1163 2479 1176 2516 :
1213 2465 1301 2534 qui
1323 2465 1575 2535 dixitego
1597 2481 1713 2520 sum
1738 2466 1889 2536 panis
1920 2481 2080 2523 verus

484 2557 574 2624 qui
611 2555 679 2612 de
735 2556 852 2612 celo
905 2555 1179 2613 descendi.
1211 2558 1268 2614 Si
1295 2559 1414 2628 quis
1460 2569 1641 2613 autem
1689 2560 1756 2614 de
1795 2575 1931 2628 pane
1973 2561 2078 2616 isto

486 2649 899 2706 manducaverit
934 2664 1041 2705 non
1074 2650 1277 2705 esuriet
1306 2651 1360 2704 in
1393 2659 1661 2706 eternum.
1695 2652 1881 2706 Presta
1917 2653 2077 2708 nobis

483 2789 652 2860 Goam
703 2785 1061 2860 transtulisse.
1107 2784 1344 2860 Maliacus
1387 2785 1539 2860 (Her.
1593 2783 1759 2860 lndic.
1807 2788 1898 2843 lib.
1924 2791 2064 2860 vui),

489 2859 714 2914 Osorius
762 2858 902 2928 (Lib.
961 2856 1078 2927 ut),
1128 2864 1194 2928 et
1247 2857 1342 2928 alii
1389 2857 1477 2926 qui
1530 2871 1618 2911 res
1686 2856 2066 2916 Lusitanorum

490 2931 542 2984 in
585 2930 729 2984 ludia
773 2927 948 2999 gestas
975 2927 1169 2999 litteris
1197 2927 1599 2999 consignarunt.
1635 2930 1704 2982 At
1732 2930 1844 2982 luce
1870 2933 2066 2986 clarius

485 3011 702 3064 constat,
751 2997 919 3072 inquit
940 2998 1204 3072 Daronius
1225 2997 1339 3072 μη
1366 2997 1683 3070 Martyrol,
1716 3001 1797 3052 dic
1819 3003 1851 3055 5
1872 3000 2024 3072 Julii)
2051 3044 2067 3070 ,

488 3087 681 3138 corpus
729 3069 900 3126 sancti
952 3069 1171 3124 ‘l‘homae
1223 3069 1477 3123 Edessam
1528 3069 1838 3126 translatum
1879 3069 2063 3128 luisse.

484 3142 874 3222 Rulinus_(Lib_.
907 3157 966 3205 ll,
992 3158 1035 3193 c.
1071 3141 1126 3222 Ei)
1159 3140 1420 3222 Edessam
1455 3144 1623 3196 sancti
1665 3141 1887 3222 Thomas
1939 3160 2068 3214 apo-

2195 1994 2346 2049 cibus
2376 1993 2532 2064 ignis.
2564 1993 2822 2049 Parvulus
2869 1993 3014 2049 enim
3071 2002 3228 2047 natus
3282 2004 3366 2047 est
3397 1993 3595 2047 nobis:
3648 1993 3788 2048 tilias

2194 2095 2351 2150 datus
2389 2105 2473 2149 est
2501 2094 2654 2150 nobis
2687 2110 2703 2148 :
2733 2103 2788 2149 et
2809 2092 2982 2149 factus
3008 2102 3091 2149 est
3121 2091 3449 2163 principatus
3477 2090 3595 2160 ejus
3623 2105 3788 2160 super

2197 2189 2447 2244 humeros
2469 2189 2607 2260 ejus.
2642 2187 2712 2243 Et
2750 2188 3034 2243 vocabitur
3063 2201 3256 2242 nomen
3282 2185 3400 2255 ejus
3426 2201 3440 2238 :
3469 2183 3783 2239 Ammirabi—

2192 2283 2278 2337 lis.
2307 2282 2676 2337 Cousiliarius.
2732 2280 2892 2335 Deus.
2945 2278 3140 2334 Fortis.
3175 2274 3205 2314 ἀ
3247 2276 3581 2331 Dominator.
3630 2275 3786 2331 Pater

2192 2374 2356 2428 futuri
2411 2372 2603 2428 seculi.
2658 2371 2916 2441 Princeps
2967 2370 3134 2438 pacis.
3185 2365 3625 2437 Multiplicabitur
3669 2365 3786 2435 ejus

2187 2469 2470 2539 imperium
2499 2484 2513 2522 :
2539 2476 2596 2524 et
2625 2467 2768 2537 pacis
2793 2466 2913 2536 ejus
2940 2479 3049 2520 non
3079 2464 3186 2520 erit
3210 2462 3356 2518 linis.
3392 2462 3563 2531 Super
3588 2459 3785 2516 solium

2187 2561 2354 2615 David
2385 2559 2634 2616 sedebit:
2663 2569 2719 2615 et
2747 2573 2909 2628 super
2950 2571 3173 2628 regnum
3203 2555 3340 2626 ejus.
3386 2553 3457 2610 Ut
3493 2554 3782 2608 Confirmet

2185 2653 2315 2708 illud
2343 2672 2358 2709 :
2384 2662 2438 2709 et
2462 2653 2779 2712 corroboret
2811 2653 2867 2706 in
2887 2649 3089 2721 judicio
3124 2657 3180 2705 et
3203 2650 3258 2703 iu
3284 2647 3494 2718 iustitia
3529 2663 3543 2701 :
3585 2645 3782 2702 amodo

2181 2791 2500 2862 evangelicae
2556 2789 2952 2859 praedicationis
3007 2789 3094 2844 die
3141 2802 3234 2844 vui
3283 2786 3401 2844 Kal.
3451 2787 3570 2843 Jan.
3627 2788 3777 2844 cele-

2181 2862 2386 2918 brasse.
2418 2864 2475 2917 ln
2500 2861 2822 2917 Kalendario
2848 2860 3208 2926 Bucheriano,
3238 2859 3380 2927 quod
3402 2859 3542 2914 circa
3576 2874 3775 2916 annum

2181 2935 2286 2988 300
2323 2943 2658 3002 compactum
2699 2934 2957 2997 creditur,
3008 2947 3098 2985 vni
3129 2929 3257 2984 Kal.
3289 2929 3414 2984 Jan.
3447 2940 3597 3002 natus
3629 2928 3781 2991 Clari-

2180 3014 2288 3058 stas
2315 3005 2368 3057 in
2402 3001 2661 3059 Bethleem
2690 3002 2846 3058 ludas
2889 3003 3140 3073 legimus.
3183 3003 3412 3058 Sanctus
3454 3001 3778 3073 Chryspsto-

2187 3090 2326 3139 mus,
2359 3077 2447 3144 qui
2480 3078 2619 3131 circa
2668 3090 2756 3128 an.
2807 3069 3006 3128 ωλι-ἱζιὶ
3046 3072 3150 3128 586
3178 3073 3473 3144 Antiochiae
3503 3069 3778 3127 humilium

2179 3141 2393 3201 citatam
2445 3148 2498 3200 in
2552 3145 2731 3199 Nalal.
2777 3145 2987 3199 Domini
3035 3144 3218 3198 habuit
3267 3141 3678 3208 (Mantfaucon.,
3725 3145 3779 3197 in

487 3215 610 3286 stoli
655 3211 893 3286 reliquiis
923 3211 1356 3286 ornar_i_scrih'_t,
1394 3221 1658 3286 _tanquam
1690 3215 1841 3286 dere
1871 3211 2018 3269 certa
2044 3233 2058 3282 ;
2088 3218 2136 3278 C
2169 3225 2385 3286 prwnot.
2411 3219 2480 3271 ad
2497 3217 2932 3283 liancllomil.,p.
2951 3211 3284 3286 555,tom.ll
3301 3229 3442 3279 aper.
3463 3213 3524 3286 S.
3543 3211 3777 3286 Carya),

485 3285 619 3351 ipse,
648 3285 735 3351 qui
779 3283 918 3335 circa
949 3297 1038 3334 an.
1072 3283 1165 3334 37l
1207 3283 1257 3334 in
1289 3281 1442 3348 Syria
1473 3298 1704 3349 praesens
1744 3284 1860 3348 luit,
1897 3281 2059 3340 Baro-

485 3357 608 3410 nius
637 3353 727 3418 (In
759 3352 1058 3422 Martyrol.,
1079 3352 1230 3425 ibid.,
1265 3356 1377 3406 etin
1404 3355 1706 3419 Anna'ibus,
1735 3356 1804 3408 ad
1829 3374 1916 3409 an.
1942 3355 2071 3425 256)

493 3442 600 3480 non
632 3427 893 3491 integrum
921 3438 1118 3491 crrpus
1151 3424 1316 3477 fuisse
1352 3426 1603 3478 Edessam
1632 3429 1945 3479 ll‘ﬂlhlallllll
1972 3424 2070 3490 ait,

489 3509 550 3550 ut
577 3497 828 3552 omnibus
872 3496 1201 3554 satislaciat;
1235 3494 1350 3558 alii,
1395 3497 1542 3548 brevi
1589 3507 1707 3563 post
1753 3498 2070 3566 martyrium

492 3567 632 3637 ejus,
691 3582 886 3634 corpus
943 3566 1110 3619 sancti
1154 3566 1376 3637 Thomas
1437 3567 1691 3620 Edessam
1756 3570 2068 3623 translatum

489 3636 674 3702 aiunt;
705 3638 794 3690 alii
823 3639 1117 3706 imperante
1145 3636 1346 3691 Severo
1376 3637 1700 3703 Alexandro,
1737 3639 2070 3706 probabilius

483 3719 566 3763 est
615 3711 912 3774 imperante
952 3723 1142 3774 magno
1183 3708 1510 3774 Theodosio,
1549 3709 1804 3763 Ede~sam
1835 3711 2068 3766 delatum

483 3779 670 3834 fuisse.
699 3783 837 3832 Sane
867 3779 1169 3832 Chronieon
1200 3781 1529 3833 Edessenum
1579 3778 1738 3847 (Bibl.
1777 3781 1894 3845 0r.,
1938 3789 1976 3835 ι.
2017 3781 2066 3848 1,

485 3869 607 3922 pag.
632 3850 764 3922 599)
801 3849 996 3904 habet:
1026 3850 1175 3903 Anno
1204 3851 1308 3906 705
1341 3852 1670 3916 GracCorum,
1702 3869 1870 3905 mense
1901 3852 2071 3922 Augu-

483 3920 568 3987 Sti,
597 3925 680 3976 die
699 3920 790 3984 22,
823 3923 1133 3974 advexerunt
1157 3937 1328 3974 arcam
1356 3922 1736 3991 mar.7_'l‘/toma:
1763 3920 1999 3991 apostoli
2015 3927 2069 3977 in

484 3998 726 4062 templum
758 4008 999 4063 magnum
1027 3993 1187 4046 cidem
1219 3994 1466 4046 dicatum.
1494 3989 1621 4046 Ηίιιο
1653 3989 1914 4048 annoter.
1947 3996 2067 4048 vul-

485 4065 627 4132 garis
651 4063 776 4129 594,
815 4078 912 4116 nec
951 4070 1115 4116 antea
1159 4063 1446 4131 quidquam
1494 4063 1561 4116 de
1605 4065 1845 4132 reliquiis
1897 4066 2066 4118 sancti

487 4135 706 4189 Thoma:
746 4143 1200 4186 commemoratur
1246 4150 1273 4185 a
1324 4134 1587 4194 scriptore
1643 4136 1913 4194 Chronici,
1967 4138 2067 4190 etsi

491 4206 644 4272 plura
691 4204 911 4257 minoris
963 4203 1217 4256 momenti
1266 4205 1484 4256 referat.
1519 4209 1696 4267 Quare
1733 4206 1924 4269 Opinor
1953 4216 2067 4258 tum

485 4276 742 4344 primum,
772 4284 861 4326 aut
885 4283 1032 4326 certe
1054 4273 1199 4325 brevi
1223 4283 1402 4344 antea,
1428 4288 1620 4340 corpus
1650 4277 1819 4329 saneti
1851 4275 2068 4330 Thomas

487 4342 731 4400 delatum
764 4359 821 4397 es
853 4359 882 4395 e
914 4345 1191 4395 Edessam.
1220 4342 1351 4394 Huic
1382 4345 1619 4408 Opinioui
1664 4345 1805 4398 lavet
1853 4358 2068 4400 sanctus

487 4416 776 4483 Gregorius
823 4414 1168 4477 Turonensis,
1197 4414 1283 4480 qui
1327 4411 1474 4483 (Lib.
1501 4429 1538 4478 t,
1569 4430 1682 4479 cap.
1725 4417 1777 4476 5,
1812 4416 1876 4467 de
1917 4415 2065 4469 ϐίον.

486 4482 726 4556 martyr.)
777 4484 960 4556 scribit
996 4497 1188 4556 corpus
1224 4487 1391 4556 Saticti
1440 4482 1659 4536 Thomm
1701 4487 1921 4538 multant
1957 4497 2070 4540 tent-

489 4574 587 4644 ηυξ
613 4554 736 4644 ροδιΔ
766 4554 884 4644 ejus"
925 4555 1241 4644 martyrium
1276 4555 1530 4644 Edessam
1566 4558 1880 4644 translatum
1916 4572 2059 4644 esse.
2090 4586 2141 4644 Β

491 4625 656 4697 llujus
723 4625 1088 4680 translationis
1151 4625 1410 4680 memoria
1474 4625 1561 4680 die
1623 4627 1657 4680 3
1719 4627 1848 4681 Julii
1917 4630 2064 4682 cele-

487 4700 690 4755 bratur.

552 4783 584 4810 -ιι
612 4769 679 4824 1η
713 4768 1013 4823 Nativitate.
1063 4765 1363 4822 Concilium
1414 4767 1729 4822 Toletannm
1756 4785 1786 4825 x
1832 4766 1983 4838 (Cap.
2012 4770 2067 4838 l)

487 4843 674 4896 statuit
715 4849 772 4895 ut
812 4840 1076 4894 Nativitas
1123 4839 1330 4892 Domini
1363 4839 1531 4892 nostri
1562 4839 1856 4893 Salvatoris
1885 4849 2063 4894 octavo

492 4913 846 4966 Kalendarum
875 4909 1124 4963 Januarii
1152 4909 1472 4974 celebretur,
1514 4924 1620 4978 que
1645 4920 1822 4963 tamen
1849 4909 2069 4965 decreto

488 4984 617 5037 nihil
653 4998 808 5038 nova:
837 4980 1240 5035 consuetudinis
1270 4981 1542 5033 inductum
1573 4991 1654 5034 est
1681 4998 1694 5045 ;
1730 4997 1850 5034 nam
1885 4983 2069 5047 procul

487 5056 652 5108 dubio
698 5067 820 5106 ante
871 5069 1068 5106 annum
1113 5053 1216 5105 656
1261 5053 1578 5104 splemnitas
1618 5052 1822 5105 Natalis
1854 5051 2069 5106 Domini

490 5126 589 5177 lixa
621 5135 736 5178 erat
763 5124 828 5175 ad
873 5125 1010 5176 diem
1055 5123 1124 5174 '25
1159 5122 1469 5176 Decembris
1502 5122 1552 5173 in
1587 5121 1838 5175 omnibus
1883 5122 2071 5178 Eccle-

491 5196 588 5248 siis
618 5195 906 5262 llispanim.
940 5194 1175 5249 Joannes
1213 5195 1496 5260 episcoLus
1529 5191 1798 5260 Nica‘nus,
1850 5194 2071 5248 incertas.

490 5269 660 5336 @tatis
689 5267 938 5336 Sr'riptor,
971 5265 1116 5334 apud
1143 5265 1521 5336 Conihelisium
1573 5263 1742 5336 (Hist.
1785 5262 2072 5336 Monet/te-

493 5334 599 5400 lit.)
645 5336 715 5386 ait
749 5335 946 5390 Jn‘hmn
992 5337 1296 5401 pontilicem
1333 5335 1629 5386 Romanum
1672 5334 1929 5388 Ecclesiis
1965 5349 2072 5388 om-

491 5405 645 5461 nibus
676 5406 762 5458 die
792 5407 860 5456 2‘)
892 5406 1206 5460 Decembris
1247 5404 1488 5458 Natalem
1539 5401 1736 5457 Christi
1789 5406 2072 5461 celebran-

491 5479 614 5530 dum
643 5477 927 5547 tradidisse
950 5493 964 5531 :
989 5477 1156 5547 magis
1179 5475 1433 5547 credibile
1454 5484 1538 5547 est
1564 5473 1905 5547 lestivitatem
1934 5475 2072 5532 hanc

492 5550 559 5601 ab
574 5546 832 5616 apostolis
848 5558 902 5601 et
918 5545 1222 5615 apostolicis
1240 5546 1389 5607 viris,
1405 5547 1490 5614 qui
1513 5545 1670 5598 ﬁdem
1692 5545 1889 5600 Christi
1917 5547 1966 5598 in
1983 5548 2073 5601 0c-

490 5620 696 5672 cidente
713 5619 1213 5678 disseminaverunt,
1228 5628 1281 5670 et
1296 5619 1609 5679 institutam,
1635 5626 1689 5670 et
1705 5633 1796 5672 vm
1811 5616 1929 5670 Kal.
1949 5617 2068 5672 Jan.

491 5692 806 5744 celebratam
831 5703 972 5741 esse.
995 5690 1134 5741 Sane
1144 5685 1652 5757 Glirysostomus,(ll
1659 5703 1760 5742 om.
1777 5689 1828 5741 in
1843 5696 1949 5740 nat.
1965 5687 2073 5742 Do-

491 5761 636 5824 mini,
663 5771 786 5813 tom.
811 5757 876 5818 II
909 5774 1075 5824 open,
1107 5755 1323 5828 p.355,
1355 5755 1500 5810 Edit.
1524 5755 1684 5826 nocte)
1717 5768 1900 5828 aperte
1925 5774 2070 5814 asse-

493 5832 559 5884 rit
589 5839 809 5891 cunctos
841 5846 874 5882 a
896 5828 1117 5882 Thracia
1142 5827 1311 5881 Gades
1347 5843 1501 5894 usque
1541 5827 1818 5886 incolentes
1866 5829 2068 5895 ﬁdeles,

493 5911 651 5971 atque
679 5901 814 5956 adeo
840 5898 1131 5969 Hispanos,
1161 5897 1501 5954 Nativitatem
1529 5900 1726 5956 Christi
1759 5919 1791 5957 a
1817 5901 2071 5972 principio

2179 3287 2231 3340 in
2257 3304 2316 3341 ei
2351 3301 2534 3355 aperte
2585 3298 2811 3341 testatur
2854 3281 3010 3340 hanc
3057 3284 3446 3339 solemnitatem
3480 3285 3530 3336 in
3561 3281 3780 3340 (Irierite

2178 3368 2306 3412 ante
2329 3360 2652 3413 decennium
2701 3359 2961 3412 celebrari
3006 3368 3234 3426 emptam
3267 3371 3408 3409 esse.
3440 3356 3492 3408 ln
3527 3356 3780 3410 Ecclesiis

2176 3428 2332 3482 Ponti
2365 3442 2417 3482 et
2449 3430 2803 3498 tlappadociae
2834 3428 3010 3490 ritins,
3047 3432 3095 3481 in
3128 3427 3360 3496 Aigypto
3403 3428 3577 3498 serius
3627 3427 3770 3482 idem

2177 3515 2294 3553 mos
2328 3497 2577 3567 receptus
2609 3509 2709 3553 est.
2744 3504 2898 3554 Anno
2926 3499 3053 3560 425,
3085 3499 3167 3554 lex
3198 3497 3486 3552 Theodosii
3526 3497 3769 3553 .lunioris

2175 3570 2243 3623 de
2288 3572 2608 3635 spectaculis
2638 3572 2780 3624 edita
2813 3580 2897 3625 est
2920 3570 3006 3641 (L.
3039 3570 3306 3622 Dominico
3330 3572 3384 3631 ὅ,
3416 3567 3518 3641 Tlt.
3543 3569 3608 3641 de
3629 3568 3781 3641 (Spe-

2174 3644 2436 3708 ctaculis),
2482 3658 2584 3710 qna
2629 3637 2935 3707 Spectacula
2965 3641 3050 3695 edi
3087 3641 3438 3708 prohibentur
3467 3637 3554 3691 die
3596 3640 3779 3696 Natali

2177 3711 2407 3777 Domini,
2455 3713 2542 3765 die
2589 3714 3026 3779 Epiphaniorum,
3060 3713 3299 3776 l’aschm,
3335 3721 3386 3765 et
3416 3710 3776 3779 i’_enteCostes

2174 3783 2388 3853 diebus.
2421 3782 2474 3837 In
2500 3777 2824 3838 Kalendario
2861 3783 3001 3853 apud
3031 3783 3384 3853 Bollandistas
3408 3777 3579 3848 (Tant.
3622 3779 3766 3846 VII,

2173 3851 2348 3925 lanii,
2377 3873 2498 3925 pag.
2531 3856 2680 3920 1'78),
2717 3857 2857 3921 quod
2899 3851 3048 3925 anno
3085 3851 3191 3908 448
3231 3857 3642 3925 exaratuttrest,
3673 3865 3776 3925 vni

2175 3923 2306 3978 Kal.
2331 3921 2465 3978 Jan:
2490 3926 2734 3995 signatur
2764 3925 2973 3978 Natalis
3017 3923 3222 3977 Domini
3269 3921 3574 3995 corporalis.
3615 3922 3776 3995 Apud

2173 3995 2395 4049 eosdem
2433 3992 2621 4063 (Ibid,
2654 4014 2776 4067 pag.
2810 3997 2933 4062 186)
2965 4004 3090 4050 sunt
3112 3995 3230 4048 lasti
3255 3992 3564 4067 consulares
3592 3992 3659 4044 ad
3683 4009 3774 4046 an.

2172 4081 2267 4120 ter.
2315 4068 2546 4136 vulgaris
2573 4069 2679 4121 495
2706 4064 3054 4133 pertinentes,
3086 4067 3136 4118 in
3166 4066 3380 4136 quibus:
3414 4064 3649 4136 Angusto
3675 4079 3775 4128 xit,

2170 4148 2220 4188 et
2254 4129 2472 4204 Syllano
2514 4139 2660 4206 (lege
2686 4129 2863 4204 Sul'a)
2909 4129 3051 4199 cos,
3088 4129 3590 4206 legiturzChrislus
3620 4145 3774 4188 natus

2170 4215 2243 4258 est
2263 4223 2353 4259 vui
2373 4205 2659 4270 KalJanL,
2685 4212 2807 4260 luna
2828 4209 2912 4261 li.
2939 4208 3316 4261 Galentlarium
3340 4205 3773 4270 Carthaginiense

2173 4275 2358 4329 habet:
2383 4295 2473 4332 vm
2496 4279 2609 4332 Kal.
2634 4277 2974 4334 Jau.Dontini
3003 4284 3162 4331 nostri
3181 4274 3504 4330 JesuCltristi
3534 4274 3658 4326 Filii
3683 4274 3778 4328 Dei

2172 4346 2401 4401 Natalis.
2427 4351 2913 4404 Sacramentarium
2937 4349 3103 4402 sancti
3120 4348 3313 4402 Leonis
3337 4364 3349 4399 :
3379 4361 3471 4398 vm
3498 4344 3618 4398 Kal.
3644 4345 3776 4400 Jan.

2176 4416 2373 4472 Natale
2417 4419 2647 4473 Domini.
2693 4421 2749 4474 ln
2776 4419 3028 4487 Hispania
3058 4418 3346 4473 concilium
3378 4417 3708 4487 Bracarense
3736 4432 3775 4485 t,

2169 4503 2309 4541 anno
2354 4489 2452 4543 56l
2497 4490 2650 4560 (Gan.
2694 4489 2783 4560 1t),
2830 4485 3094 4545 saucivit:
3131 4489 3330 4559 Siquis
3377 4485 3620 4560 Natalem
3651 4487 3782 4560 A700-

2171 4561 2292 4611 mini
2335 4578 2434 4612 non
2467 4557 2586 4613 bene
2625 4557 3026 4616 honorat........
3055 4557 3324 4614 anathema
3345 4560 3432 4625 sit,
3465 4567 3519 4611 et
3559 4557 3775 4624 legibus

2177 4629 2568 4698 Visignthorum
2604 4633 2716 4700 (lib.
2763 4647 2799 4685 tt
2839 4634 2916 4686 tit.
2965 4647 3007 4699 ι,
3047 4633 3110 4684 de
3150 4630 3366 4682 Iudiciis
3403 4638 3450 4681 et
3488 4627 3776 4700 Iudicatis,

2173 4697 2334 4768 lcge’l
2353 4702 2397 4760 Ι,
2432 4710 2476 4754 et
2505 4703 2590 4754 lib.
2613 4697 2726 4768 'xu,
2775 4704 2854 4757 tit.
2895 4697 3069 4768 ιιι,’ὀε
3098 4701 3308 4754 novellis
3335 4702 3526 4768 legibus
3554 4697 3778 4754 Iudaee-

2172 4787 2311 4842 rum,
2355 4771 2455 4842 leg.
2510 4773 2564 4840 6)
2606 4773 2778 4827 l0rum
2824 4787 3016 4828 vacare
3067 4772 3154 4826 die
3200 4772 3398 4824 Natalis
3448 4769 3684 4836 Domini,
3719 4780 3778 4826 et

2173 4839 2366 4910 l‘estum
2397 4839 2624 4896 sollicita
2657 4843 2943 4898 devotione
2972 4842 3230 4897 celebrari
3253 4841 3490 4910 jnbetur.

2244 4909 2272 4948 δ
2305 4912 2566 4980 Ofﬁcium.
2599 4914 2690 4969 Ps.
2711 4929 2874 4975 cxvii.
2903 4913 2995 4966 26.
3036 4914 3071 4980 Ῠ
3097 4950 3112 4966 .
3136 4909 3386 4973 lbitl..27.

2248 4992 2269 5018 ο
2310 4983 2437 5053 Cap.
2488 4983 2592 5037 IX.
2643 4985 2799 5040 νει-8.
2837 4983 2950 5038 1-8.
3000 4985 3055 5037 1η
3102 4982 3439 5037 Let-tionario
3488 4980 3776 5039 Gallicana

2176 5051 2499 5108 Luxoviensi
2540 5055 2818 5122 prophetia
2857 5055 3104 5108 centonis
3135 5054 3300 5106 instar
3329 5064 3553 5106 consuta
3584 5062 3673 5106 est
3703 5070 3774 5109 ex

2175 5122 2482 5193 fragmentis
2510 5126 2659 5178 lsaiaa
2687 5127 2807 5192 (VII,
2841 5126 2939 5191 10;
2967 5141 3038 5190 ix,
3069 5127 3147 5193 9).
3185 5123 3239 5176 In
3261 5123 3519 5181 .Bobielrsi
3554 5125 3775 5179 brevis-

2174 5195 2304 5266 sima
2335 5205 2510 5266 estex
2545 5195 2806 5266 Isaia(tx,
2841 5196 2987 5263 6-8).
3041 5195 3095 5248 lu
3144 5194 3339 5266 Missali
3388 5194 3648 5248 Toletano
3697 5195 3772 5251 ad

2175 5263 2408 5331 singulas
2442 5267 2633 5318 missas
2665 5263 2966 5320 Nativitatis
3015 5264 3259 5332 legenda,
3303 5268 3589 5330 apponitur
3638 5281 3775 5332 pro-

2177 5334 2376 5402 phetia,
2429 5347 2623 5404 printer
2657 5337 2953 5402 Epistolam
2983 5347 3034 5388 et
3067 5336 3435 5404 Evangelium.
3484 5335 3538 5388 In
3589 5337 3773 5403 prima

2174 5409 2333 5479 missa
2375 5407 2564 5472 legitur
2593 5422 2659 5460 ex
2683 5407 2815 5459 Isaia
2841 5406 2942 5479 (rx,
2979 5405 3117 5475 2-8),
3159 5409 3376 5479 omissis
3402 5406 3568 5479 tribus
3588 5409 3772 5479 versi-

2174 5476 2304 5528 culis
2329 5517 2342 5539 ,
2375 5479 2566 5531 deinde
2592 5480 2806 5531 canitur
2828 5476 3048 5542 tractus,
3075 5486 3130 5532 et
3156 5489 3344 5543 postea
3367 5477 3556 5543 legitur
3585 5477 3771 5532 homi-

2175 5545 2246 5599 lia
2277 5560 2394 5614 qua:
2435 5548 2710 5617 praphetia
2760 5550 3090 5614 inscribitur,
3136 5563 3360 5616 quaeque
3391 5549 3440 5600 in
3471 5548 3630 5601 missa
3669 5565 3768 5604 se-

2174 5618 2345 5671 cunda
2389 5629 2443 5672 et
2493 5621 2642 5674 tertia
2685 5620 2969 5684 omittitur,
3003 5630 3059 5674 et
3085 5620 3264 5678 statim
3311 5627 3428 5687 post
3478 5619 3767 5677 homiliani

2173 5688 2368 5756 legitur
2397 5689 2656 5756 Epistula.
2707 5693 2764 5745 In
2814 5692 3047 5745 secunda
3091 5691 3254 5743 missa
3284 5689 3556 5756 prophetia
3583 5700 3667 5743 est
3696 5705 3764 5743 ex

2175 5758 2308 5814 Isaia
2341 5763 2471 5830 (LXI,
2505 5763 2618 5828 l-5,
2659 5760 3038 5825 Lxu,il,12).
3084 5761 3141 5815 ln
3182 5761 3334 5816 tertia
3370 5759 3529 5813 missa
3565 5760 3760 5828 legitur

2177 5831 2454 5902 prophetia
2477 5847 2544 5902 ex
2577 5833 2708 5886 lsaia
2723 5840 2848 5901 (tu,
2869 5833 3042 5902 6-H).

2252 5895 2293 5938 (Γ
2318 5895 2639 5962 Βοηιὶἱιαιον.
2675 5895 2976 5973 Ιιίνιιιεειιδ
3003 5895 3064 5959 et
3093 5901 3238 5962 LXX
3269 5917 3376 5961 non
3407 5901 3617 5972 legitur.
