3992 6354
191 408 279 466 185
886 398 1180 458 MISSALE
1219 400 1499 459 MIXTUM
1537 399 1687 459 SEC.
1725 398 1889 457 RBG.
1931 400 1994 457 Β.
2034 402 2300 460 lSlDORl.
2341 432 2412 444 —
2448 404 2630 462 PARS
2664 404 2711 461 Ι.

3331 409 3433 465 186

186 537 233 585 et
254 537 410 595 usque
436 523 492 579 in
523 520 939 593 sempiternum.
971 520 1130 578 Zelus
1161 520 1374 577 Domini
1417 522 1754 580 exercituum
1780 521 2088 584 AEtdixit
2148 525 2254 583 illis
2310 529 2553 600 angelus.
2600 529 2777 586 Nolite
2829 531 3037 588 timere.
3107 532 3244 588 Ecce
3290 534 3435 590 enim

188 619 466 677 faeiethoc.
515 617 593 683 ἡ.
641 616 830 671 Amen.

246 712 383 766 Dicat
410 708 600 763 Presb.
648 708 911 765 Dominus
939 708 1012 764 sit
1059 722 1272 779 semper
1322 708 1616 765 vobiscum.
1678 710 1749 779 ιῆ.

190 812 244 865 Et
281 823 413 864 cum.
454 805 613 860 Dicat
656 805 883 860 Chorus.
933 815 960 842 ι
1004 805 1304 862 Psallendo.
1338 808 1447 879 38
1498 806 1754 864 Dominus

188 903 300 957 dixit
324 901 387 955 ad
428 915 515 954 me
548 898 697 953 ﬁlius
740 912 893 954 meus
932 913 990 953 es
1017 905 1111 952 tu:
1156 914 1255 967 ego
1298 899 1455 954 hodie
1484 901 1643 970 genui
1680 910 1751 957 te.

199 995 260 1061 γ.
290 993 404 1046 Pete
425 1004 456 1044 a
485 1004 579 1044 me
603 1004 619 1044 :
653 997 709 1046 et
727 987 868 1043 dabo
896 988 991 1043 tibi
1013 997 1199 1057 gentes
1231 989 1583 1045 hereditatem
1612 999 1753 1047 tuam

190 1095 233 1141 et
256 1083 644 1155 possessionem
674 1092 820 1137 tuam
849 1081 1107 1136 terminos
1146 1090 1306 1139 terre.
1340 1080 1409 1137 P.
1440 1083 1573 1153 Ego.

249 1178 385 1233 Dicat
423 1176 612 1232 Presb.
645 1176 931 1233 Silentium
966 1175 1145 1232 facite.

278 1291 594 1363 Prin’cip‘ium
627 1292 840 1361 epistola
866 1290 1024 1345 Pauli
1062 1292 1282 1359 apostoli
1318 1292 1387 1346 ad
1410 1291 1640 1349 Hebreos

809 1381 859 1455 (ι³
892 1383 1024 1453 Cap.
1055 1382 1132 1454 ι).

258 1458 325 1525 ti.
364 1457 470 1512 Deo
507 1457 733 1527 gratias.

249 1551 467 1607 Fratres.
496 1550 792 1606 Multifarie
843 1551 1134 1621 multisque
1201 1549 1375 1606 modis
1428 1550 1558 1607 olim
1611 1552 1754 1610 Deus

193 1643 381 1697 locutu’s
409 1651 491 1698 est
521 1642 771 1713 patribus
811 1643 1012 1698 nostris
1060 1644 1115 1698 in
1158 1642 1466 1713 Prophet-is.
1513 1644 1754 1703 Novissi-

193 1736 277 1789 inis
305 1735 487 1790 diebus
508 1735 718 1789 locutus
753 1734 1008 1802 estnobis
1038 1736 1092 1789 in
1118 1736 1226 1791 ﬁlio
1250 1750 1382 1791 suo:
1417 1752 1577 1808 quem
1615 1754 1751 1795 con-

190 1828 340 1882 stituit
362 1827 611 1883 heredem
638 1827 1032 1883 universorum.
1062 1828 1164 1884 Per
1208 1844 1365 1898 quem
1386 1829 1513 1885 fecit
1536 1829 1635 1886 hec
1664 1846 1748 1888 se-

187 1918 419 1986 cula.Qui
459 1932 573 1972 cum
593 1920 665 1974 sit
692 1918 948 1988 splendor
970 1920 1171 1988 glorie:
1200 1931 1254 1975 et
1277 1920 1443 1992 ﬁgura
1457 1922 1753 1981 substantie
1785 1898 1833 1959 Β

186 2013 287 2079 ejus
319 2030 329 2065 :
365 2021 681 2082 portansque
709 2014 890 2068 omnia
937 2014 1106 2070 verbo
1137 2016 1349 2072 virtutis
1386 2031 1522 2073 sue:
1559 2035 1749 2090 purga-

186 2105 368 2161 tionem
398 2117 728 2176 peccatorum
759 2108 964 2165 faciens
991 2126 1003 2164 :
1036 2110 1191 2165 sedet
1236 2112 1301 2166 ad
1334 2112 1611 2169 dexteram
1638 2130 1753 2170 ma-

183 2198 378 2269 iestatis
406 2201 457 2254 in
499 2202 741 2257 excelsis.
789 2202 963 2257 Tanto
1010 2203 1202 2258 melior
1246 2206 1452 2274 angelis
1482 2208 1747 2266 eil'ectus:

187 2302 375 2359 quanto
405 2293 728 2350 diﬁerentius
773 2310 867 2365 pre
899 2297 1005 2351 illis
1031 2312 1228 2354 nomen
1261 2299 1606 2373 hereditavit.
1655 2304 1751 2361 Cui

190 2390 329 2441 enim
356 2389 490 2443 dixit
511 2390 785 2460 aliquando
816 2394 1143 2463 angelorum.
1177 2397 1342 2452 Filius
1381 2414 1535 2455 meus
1564 2415 1623 2455 es
1650 2410 1705 2458 tu
1734 2420 1750 2459 :

198 2493 294 2546 ego
323 2478 478 2535 hodie
513 2483 662 2551 genui
711 2484 794 2537 te?
826 2484 890 2540 Et
916 2501 1095 2541 rursus
1122 2504 1137 2543 :
1190 2504 1289 2558 ego
1339 2504 1433 2546 ero
1465 2490 1541 2544 illi
1574 2493 1623 2546 in
1656 2508 1751 2563 pa-

188 2580 321 2625 trem
351 2590 366 2623 :
397 2579 453 2626 et
477 2572 582 2641 ipse
611 2573 741 2627 mihi
768 2576 865 2629 erit
892 2576 941 2630 in
970 2577 1162 2635 ﬁlium.
1204 2580 1270 2634 Et
1299 2596 1420 2636 cum
1452 2584 1643 2638 iterum
1668 2584 1752 2640 in-

188 2661 413 2718 troducit
463 2666 869 2735 primogenitum
933 2671 987 2725 in
1043 2673 1229 2728 orbem
1282 2682 1426 2730 terre
1484 2677 1632 2732 dicit.
1688 2679 1754 2735 Et

182 2758 396 2812 adorent
422 2774 535 2815 eum
556 2775 741 2817 omnes
781 2761 967 2833 Angeli
1010 2765 1127 2821 Dei.
1176 2767 1243 2822 Et
1269 2769 1335 2823 ad
1365 2771 1586 2842 angelos
1633 2774 1749 2843 qui-

182 2847 290 2933 dem
319 2851 461 2906 dicit.
489 2852 581 2919 Qui
620 2853 747 2910 facit
785 2858 1004 2926 angelos
1052 2874 1181 2915 suos
1206 2860 1428 2931 spiritus
1459 2883 1471 2917 :
1521 2874 1574 2921 et
1604 2866 1755 2923 mini-

182 2951 309 2997 stros
327 2958 451 2999 suos
482 2944 746 3001 ﬂammam
770 2948 932 3019 ignis.
966 2951 1046 3005 Ad
1071 2951 1238 3008 ﬁlium
1262 2964 1461 3011 autem.
1499 2958 1749 3016 Thronus

183 3043 339 3091 autem
369 3046 485 3093 tuus
530 3038 670 3094 Deus
696 3041 749 3095 in
779 3044 1019 3098 seculum
1068 3046 1256 3102 seculi.
1306 3049 1462 3119 Virga
1501 3053 1752 3121 equitatis

184 3130 305 3199 virga
332 3132 478 3200 regni
509 3132 603 3187 tui.
639 3132 880 3188 Dilexisti
906 3135 1174 3203 justiciam
1206 3148 1260 3193 et
1298 3140 1457 3195 edisti
1498 3142 1750 3212 iniquita-

1859 616 2163 688 evangelizo
2189 619 2336 676 vobis
2364 623 2615 691 gaudium
2646 639 2661 677 :
2704 623 2845 692 quod
2870 624 2972 679 erit
3010 624 3154 679 omni
3200 626 3431 695 populo:

1858 709 1991 776 Quia
2032 721 2189 769 natus
2218 724 2299 770 est
2338 715 2488 771 vobis
2529 715 2689 772 hodie
2727 716 3011 773 Salvator:
3043 718 3132 788 qui
3161 726 3243 773 est
3271 718 3434 775 Chri-

1858 816 1972 863 stus
1996 808 2254 867 Dominus
2299 810 2351 865 in
2405 811 2619 867 civitate
2667 810 2873 868 David:
2916 821 2970 867 et
3013 826 3113 867 noc
3162 803 3317 867 vobis
3361 815 3432 868 si-

1857 913 2043 969 gnum.
2084 901 2372 958 Invenietis
2411 903 2667 959 infantem
2695 905 2749 957 in
2782 903 2968 973 pannis
2990 904 3284 960 involutum
3318 921 3331 957 :
3380 912 3438 961 et

1857 980 2084 1065 positum
2116 996 2169 1050 in
2202 996 2470 1065 presepio.
2498 996 2565 1050 Et
2593 996 2768 1051 subito
2810 995 2946 1050 facta
2977 1004 3058 1051 est
3097 1012 3215 1051 cum
3245 998 3437 1068 angelo

1858 1086 2138 1142 multitudo
2166 1087 2357 1142 militie
2379 1087 2597 1143 celestis
2628 1087 2955 1143 laudantium
2982 1087 3147 1143 Deum
3174 1098 3228 1144 et
3254 1091 3439 1146 dicena'

1860 1180 2010 1235 tium.
2041 1178 2219 1235 Gloria
2242 1178 2295 1233 in
2320 1179 2595 1235 altissimis
2619 1180 2731 1235 Deo
2756 1198 2769 1233 :
2798 1188 2853 1235 ct
2882 1180 2935 1234 in
2967 1188 3110 1235 terra
3140 1195 3241 1249 pax
3268 1180 3440 1239 homi-

1858 1272 2015 1327 nibus
2045 1273 2183 1328 bone
2212 1272 2501 1327 voluntatis
2530 1291 2543 1325 :
2577 1281 2632 1327 et
2662 1271 2861 1327 factum
2884 1283 2963 1328 est
2992 1281 3051 1328 ut
3075 1274 3441 1330 discesserunt

1854 1365 1924 1421 ab
1951 1365 2057 1421 illis
2078 1365 2257 1436 angeli
2300 1367 2353 1420 in
2379 1365 2551 1421 celum
2576 1373 2818 1435 pastores
2843 1365 3191 1436 loquebantur
3213 1365 3278 1419 ad
3306 1366 3441 1420 invi-
3540 1438 3543 1441 _

1854 1468 1973 1512 cem
2004 1454 2267 1510 dicentes.
2310 1455 2672 1511 Transeamus
2710 1471 2881 1526 usque
2922 1456 2975 1511 in
3023 1455 3338 1512 Bethleem:
3387 1465 3441 1512 et

1853 1547 2127 1602 videamus
2160 1548 2265 1602 lioc
2294 1548 2517 1603 verbum
2567 1548 2709 1618 quod
2752 1549 2947 1604 factum
2980 1558 3061 1604 est
3094 1567 3108 1602 :
3150 1549 3290 1619 quod
3334 1549 3442 1605 Do-

1855 1641 2030 1697 minus
2061 1642 2296 1697 ostendit
2318 1642 2491 1697 nobis.
2547 1644 2613 1697 Et
2653 1651 2918 1700 venerunt
2966 1642 3283 1697 festinanter
3324 1658 3338 1696 :
3389 1649 3444 1698 et

1853 1734 2177 1790 invenerunt
2217 1734 2433 1789 Mariam
2485 1743 2540 1791 et
2568 1735 2769 1805 Joseph
2800 1745 2855 1791 et
2896 1735 3160 1790 Infantem
3214 1734 3442 1802 positum

1858 1830 1909 1884 in
1935 1820 2199 1899 presepio.
2234 1827 2487 1884 Videutes
2533 1836 2712 1883 autem
2763 1834 3131 1897 cognoverunt
3180 1824 3247 1881 de
3277 1826 3442 1881 verbo

1857 1921 1997 1992 quod
2019 1921 2217 1977 dictum
2246 1929 2363 1976 erat
2389 1919 2492 1975 illis
2544 1921 2610 1975 de
2653 1934 2821 1990 puero
2862 1920 2963 1974 hoc
2994 1936 3008 1971 :
3055 1925 3109 1974 et
3137 1932 3324 1973 omnes
3352 1915 3444 1986 qui

1858 2015 2141 2070 audierunt
2164 2014 2341 2068 mirati
2366 2022 2491 2069 sunt
2518 2014 2583 2068 de
2607 2012 2689 2068 bis
2715 2027 2816 2082 que
2843 2012 2986 2067 dicta
3026 2019 3178 2066 erant
3201 2025 3231 2064 a
3264 2019 3446 2079 pasto-

1858 2107 2010 2163 ribus
2065 2106 2133 2161 ad
2186 2107 2353 2176 ipsos.
2405 2104 2570 2160 Maria
2627 2114 2803 2161 autem
2860 2104 3211 2160 conservabat
3267 2103 3446 2159 omnia

1859 2203 2020 2259 verba
2050 2200 2150 2257 hec
2178 2218 2192 2255 :
2221 2199 2506 2255 conferens
2533 2198 2588 2253 in
2628 2196 2789 2252 corde
2822 2211 2939 2251 suo.
2969 2196 3035 2250 Et
3079 2194 3275 2250 reversi
3320 2202 3443 2251 sunt

1857 2304 2098 2365 pastores
2136 2292 2496 2363 gloriﬁcantes
2524 2299 2579 2347 et
2602 2289 2879 2346 laudantes
2912 2290 3076 2345 Deum
3110 2288 3162 2343 in
3189 2286 3437 2343 omnibus

1858 2402 1961 2457 que
1985 2386 2268 2441 audierant
2306 2393 2362 2441 et
2390 2383 2639 2439 viderant
2665 2400 2678 2437 :
2706 2384 2848 2439 sicut
2875 2382 3078 2438 dictum
3105 2388 3189 2437 est
3214 2380 3280 2435 ad
3303 2380 3444 2436 illos.

1943 2480 2015 2548 13;.
2060 2476 2081 2516 ί
2122 2480 2316 2534 Amen.

1929 2580 1955 2619 ι
1983 2570 2183 2624 Lauda.
2213 2567 2463 2638 Alleluia.
2509 2568 2545 2637 ᾗ
2568 2604 2583 2621 .
2628 2564 3070 2634 Redemptionem
3096 2562 3243 2618 misit
3264 2559 3447 2617 Domi-

1857 2680 1957 2721 nus
1978 2664 2175 2734 populo
2202 2677 2300 2719 suo
2326 2680 2341 2718 :
2374 2658 2648 2715 mandavit
2672 2658 2731 2712 in
2779 2666 3022 2713 eternum
3054 2661 3438 2709 testamentum

1855 2773 2058 2813 suum:
2106 2765 2350 2810 sanctum
2393 2761 2449 2807 et
2478 2749 2716 2807 terribile
2769 2762 2967 2804 nomen
3008 2746 3146 2817 ejus.
3183 2744 3255 2803 P.
3302 2743 3447 2801 Alle-

1858 2851 1989 2920 luja.

1933 2945 2081 2998 Dicat
2110 2941 2289 2996 Presb.
2333 2938 2598 3009 Adjuvate
2640 2950 2726 2992 me
2773 2935 2968 2991 fratres
3010 2933 3066 2988 in
3112 2930 3447 2989 orationibus

1857 3045 2070 3091 vestris.

1929 3145 1954 3183 ιι
1997 3143 2347 3211 Sacriﬁcium.
2393 3138 2649 3193 Parvulus
2689 3145 2843 3191 natus
2870 3142 2952 3189 est
2979 3132 3136 3187 nobis
3167 3147 3183 3187 :
3211 3140 3264 3187 et
3304 3130 3447 3187 ﬁlius

185 3226 271 3274 tem
298 3231 611 3290 :propterea
651 3226 799 3278 unxit
826 3234 877 3280 te
920 3227 1059 3282 Deus
1091 3244 1104 3281 :
1140 3230 1281 3285 Deus
1310 3238 1430 3285 tuus
1465 3243 1486 3270 ο
1513 3233 1566 3287 in
1598 3243 1749 3289 eter-
1778 3267 1823 3331 Ο
1856 3238 2012 3293 datus
2036 3246 2119 3291 est
2146 3234 2300 3289 nobis
2331 3249 2345 3286 :
2379 3239 2433 3286 et
2466 3230 2656 3284 factus.
2679 3235 2762 3281 est
2788 3224 3111 3295 principatus
3141 3223 3256 3293 ejus
3285 3235 3448 3292 super

182 3327 287 3367 num
315 3317 428 3369 oleo
460 3316 642 3372 leticie
673 3332 768 3386 pre
801 3321 1143 3389 participibus
1183 3324 1309 3378 tuis.
1345 3325 1407 3379 Et
1434 3334 1486 3381 tu
1514 3326 1567 3381 in
1594 3329 1745 3397 prin-

184 3408 299 3477 cipio
323 3410 541 3467 Domine
578 3423 774 3467 terram
810 3414 1041 3470 fundasti
1075 3426 1129 3471 et
1165 3433 1323 3488 opera
1354 3436 1603 3477 manuum
1636 3433 1748 3478 tua-

184 3515 278 3555 rum
303 3505 569 3575 suntceli,
596 3506 695 3575 ipsi
731 3509 978 3574 peribunt
1008 3525 1024 3565 :
1060 3518 1113 3565 tu
1138 3522 1315 3567 autem
1360 3516 1698 3582 permanebis
1732 3536 1744 3571 :

185 3602 227 3645 et
265 3610 438 3651 omnes
480 3597 623 3651 sicut
667 3600 1044 3656 vestimentum
1098 3616 1453 3663 veterascent.
1503 3609 1569 3664 Et
1608 3611 1751 3667 velut

183 3686 405 3743 amictum
449 3690 688 3745 mutabis
718 3706 856 3746 eos:
918 3703 972 3747 et
1038 3698 1405 3754 mutabuntur.
1442 3700 1521 3754 'l‘u
1569 3710 1747 3757 autem

184 3777 307 3833 idem
333 3784 439 3850 ipse
464 3798 525 3838 es
561 3799 577 3838 :
610 3794 663 3838 et
684 3785 810 3839 anni
849 3787 922 3840 tui
965 3801 1070 3843 non
1102 3787 1375 3846 deﬁcient.
1424 3790 1750 3862 Respondeat

184 3868 384 3926 Chorus.
420 3877 607 3930 Amen.

187 3959 344 4015 Lectio
378 3967 531 4019 sancti
554 3965 827 4040 Evangelii
869 3973 1152 4025 secundum
1182 3972 1377 4028 Lucam
1400 3974 1452 4047 (t1
1481 3976 1606 4044 Cap.
1635 3975 1745 4048 II).

244 4052 447 4111 Factum
495 4070 583 4115 est
633 4072 815 4115 autem
861 4078 981 4117 cum
1014 4074 1197 4119 essent
1229 4067 1340 4120 ibi:
1392 4068 1598 4136 impleti
1626 4078 1751 4124 sunt

182 4143 280 4200 dies
302 4160 351 4202 ut
390 4160 646 4218 pareret:
680 4160 735 4206 et
774 4155 982 4224 peperit
1020 4156 1185 4210 ﬁlium
1233 4173 1384 4212 suum
1418 4161 1749 4231 primogeni-

182 4248 307 4296 tum:
336 4254 387 4298 et
412 4247 607 4313 pannis
634 4262 754 4301 eum
778 4250 1004 4304 involvit
1030 4260 1084 4305 et
1113 4252 1390 4307 reclinavit
1414 4270 1537 4309 eum
1559 4257 1609 4311 in
1633 4274 1752 4326 pie-

180 4336 496 4407 se’pio:quia
525 4354 632 4393 non
681 4349 793 4395 erat
822 4350 845 4378 ο
878 4341 949 4396 ibi
996 4344 1144 4401 locus
1202 4347 1254 4398 in
1299 4346 1623 4405 diversorio.
1678 4349 1749 4406 Et

180 4438 395 4495 pastores
450 4441 612 4485 erant
656 4448 709 4485 in
759 4432 1032 4502 regionem
1091 4439 1318 4491 candent
1370 4438 1650 4506 vigilantes
1700 4450 1754 4497 et

178 4523 521 4578 Custodieutes
570 4525 779 4595 vigilias
826 4527 1040 4583 noctis:
1099 4542 1261 4596 super
1306 4545 1521 4601 gregem
1573 4546 1748 4587 suum.

1856 3330 2108 3384 humeros
2135 3324 2271 3395 ejus.
2315 3322 2542 3390 Alleluja
2569 3318 2803 3387 alleluja.

1933 3421 1949 3460 i
1998 3420 2178 3475 Missa.
2222 3417 2361 3472 Ecce
2418 3428 2558 3469 nunc
2614 3422 2823 3481 tempus
2869 3407 3193 3479 acceptabile
3252 3426 3264 3460 :
3317 3409 3444 3463 ecce

1852 3532 1993 3573 nunc
2033 3515 2147 3570 dies
2201 3511 2386 3568 salutis
2418 3526 2433 3564 :
2484 3510 2574 3563 lux
2600 3522 2629 3561 ει
2660 3518 2798 3561 terra
2847 3505 3081 3575 prodiit:
3132 3501 3385 3558 exeamus
3415 3515 3445 3555 a

1856 3610 2111 3668 tenebris.
2142 3607 2450 3663 Advocatus
2480 3618 2510 3660 e
2535 3603 2650 3658 celo
2697 3599 2972 3655 descendit
3005 3615 3017 3650 :
3068 3596 3209 3669 quod
3237 3602 3450 3667 oportet

1852 3715 2092 3774 agamus.
2127 3698 2451 3766 Redemptor
2498 3693 2683 3749 mundi
2729 3692 2975 3762 apparuit
3010 3708 3023 3744 :
3072 3704 3169 3760 pro
3199 3689 3447 3744 libertate

1852 3796 2146 3850 clamemus
2178 3807 2192 3843 :
2226 3788 2371 3843 venit
2401 3786 2469 3840 ad
2496 3792 2710 3854 egrotos
2739 3782 2981 3836 medicus
3019 3798 3030 3831 :
3061 3782 3279 3835 vulnera
3313 3793 3438 3846 pro-

1856 3888 2109 3941 feramus.
2144 3882 2304 3936 Panis
2353 3878 2503 3931 vivus
2549 3872 2889 3928 credentibus
2931 3870 3087 3925 (latus
3129 3876 3212 3923 est
3246 3886 3258 3923 :
3309 3868 3450 3923 hunc

1852 3988 2146 4033 sumamus.
2170 3972 2313 4027 Fons
2341 3966 2589 4037 perennis
2613 3962 2859 4017 ﬁdelibus
2888 3969 3038 4015 ortus
3066 3968 3150 4014 est
3186 3975 3199 4011 :
3231 3957 3439 4013 animas

1854 4068 2188 4136 impleamus.
2231 4060 2396 4128 Cujus
2442 4053 2809 4112 misericordia
2841 4053 3035 4106 virtute
3083 4060 3137 4106 et
3183 4049 3351 4120 gratia
3392 4050 3449 4106 in

1857 4159 1949 4214 illo
1980 4157 2100 4211 ﬁdei
2132 4167 2385 4226 processu
2419 4147 2636 4221 iusticie
2676 4146 2823 4203 cultu
2868 4141 3227 4200 confessionis
3270 4142 3441 4213 gradu

1855 4250 2118 4307 castitatis
2155 4246 2350 4302 aﬁ‘eetu
2384 4262 2397 4298 :
2430 4252 2574 4299 stare
2599 4241 2707 4312 39
2738 4254 2834 4294 nos
2866 4237 3027 4293 faciat
3057 4254 3072 4290 :
3124 4238 3175 4292 in
3202 4251 3307 4307 quo
3331 4238 3445 4293 ani-

1854 4362 1968 4401 mas
1999 4343 2243 4398 ﬂoruisse
2273 4338 2375 4395 sibi
2404 4351 2512 4392 non
2560 4334 2766 4389 aruisse
2814 4331 3116 4388 convincat.
3173 4330 3346 4402 Atque
3396 4333 3451 4387 in

1855 4438 1947 4494 illo
1988 4446 2131 4492 statu
2168 4434 2316 4489 illum
2344 4431 2452 4486 vita
2483 4438 2665 4483 nostra
2697 4426 3017 4491 delemetur,
3051 4425 3309 4496 nobisque
3338 4422 3453 4482 fru-

1856 4532 2053 4586 etilicet
2112 4546 2125 4582 :
2190 4528 2243 4582 in
2294 4540 2402 4595 quo
2456 4537 2515 4578 se
2570 4520 2785 4592 generis
2836 4534 2943 4574 non
2999 4518 3237 4573 criminis
3285 4519 3454 4574 nostri

178 4613 229 4667 Et
251 4630 367 4671 ecce
388 4617 620 4687 angelus
652 4617 861 4673 Domini
898 4621 1045 4675 stetit
1067 4618 1221 4690 juxta
1268 4621 1390 4675 illos
1418 4641 1430 4675 :
1462 4634 1513 4679 et
1537 4625 1752 4680 claritas
1778 4643 1833 4705 Β
1859 4634 2179 4695 permanens
2228 4618 2369 4672 Deus
2412 4615 2466 4669 in
2515 4613 2672 4668 nobis
2724 4611 3031 4666 nasciturus
3079 4609 3349 4675 inseruit:
3401 4617 3455 4665 et

180 4703 253 4760 Dei
293 4709 650 4765 circumlulsit
680 4710 798 4766 illos
832 4728 844 4764 :
877 4720 931 4767 et
961 4712 1252 4767 timuerunt
1289 4716 1482 4770 timore
1526 4731 1741 4787 magno.

234 4864 256 4890 ⁸
297 4853 600 4908 Psallendo.
634 4850 721 4905 Ps.
747 4866 803 4916 ll,
833 4852 887 4905 7.
932 4853 966 4921 Ῡ
992 4891 1006 4906 .
1035 4851 1194 4917 lbid.,
1229 4852 1281 4906 8.

237 4923 261 4963 δ
298 4925 426 4993 Cap.
469 4922 521 4977 1.
561 4923 719 4977 Vers.
752 4922 914 4978 t-l3.
960 4924 1161 4978 Eadem
1194 4922 1429 4992 Epistola
1478 4924 1669 4992 legitur
1701 4927 1754 4981 in

174 4993 492 5051 Lectionario
525 4993 881 5058 Luxtiviensi,
915 4995 965 5047 in
996 4994 1424 5051 Sacramentario
1473 4995 1748 5061 Bobiensi,

176 5066 219 5119 in
244 5069 426 5135 quoad
464 5079 607 5119 vers.
635 5063 668 5117 6
700 5070 1069 5120 tantummodo
1101 5066 1387 5135 pertingit,
1420 5075 1474 5120 et
1523 5067 1588 5121 ad
1641 5077 1749 5121 ter-

176 5140 283 5190 tiam
311 5143 530 5193 missam
556 5138 611 5188 in
646 5135 841 5189 hliSsali
872 5136 1152 5191 Toletano.

232 5220 255 5246 ε
296 5209 360 5261 In
382 5223 637 5262 eternum.
683 5207 739 5259 lu
767 5207 919 5273 Vulg.
945 5216 998 5259 et
1027 5208 1122 5263 Gr.
1155 5223 1259 5261 non
1294 5207 1500 5275 legitur.

238 5278 261 5316 ά
294 5281 422 5349 Cap.
459 5279 545 5332 Il.
593 5278 748 5330 Vers.
783 5276 931 5330 (5-22.
987 5278 1129 5333 idem
1160 5279 1505 5344 Evangelium
1560 5277 1755 5345 legitur

176 5366 220 5402 .n
243 5351 562 5404 Luxovie-nsi
598 5349 956 5411 Let'tionario,
983 5359 1039 5403 et
1077 5350 1142 5403 ad
1189 5349 1418 5417 primam
1452 5349 1667 5401 niissam
1703 5351 1754 5401 in

178 5422 357 5476 )lissali
390 5423 679 5481 Toletum,
704 5419 755 5470 in
782 5419 975 5484 quibus
997 5435 1027 5473 a
1060 5436 1201 5474 vers.
1237 5422 1262 5472 1
1298 5418 1504 5486 imipit.
1559 5419 1613 5471 lu
1661 5420 1761 5472 Sa-

180 5496 524 5546 uranwntario
576 5490 825 5543 Boliieusi
855 5491 1000 5560 bina
1056 5494 1301 5560 leguntur
1350 5489 1636 5558 Evangelia
1691 5504 1761 5543 ex

177 5560 457 5634 Evangelio
506 5563 678 5615 sancti
721 5558 954 5634 Matthxi
986 5577 997 5612 ;
1031 5558 1260 5634 primum
1289 5575 1353 5614 ex
1380 5576 1500 5634 cap.
1535 5576 1572 5623 l,
1607 5562 1658 5625 1,
1694 5560 1759 5614 ad

176 5631 339 5689 lineiu'
355 5634 568 5702 capitis,
603 5632 851 5703 pluribus
890 5633 1301 5699 puniet-missis;
1347 5631 1490 5686 aliud
1530 5646 1594 5684 ex
1639 5645 1757 5699 cap.

175 5707 407 5766 tt,-l-7.

239 5784 262 5845 ε
302 5775 385 5829 Ibi
409 5779 572 5832 locus.
601 5776 758 5845 Vulg.
781 5784 835 5830 et
861 5774 981 5841 GL,
1004 5790 1105 5828 non
1135 5783 1245 5829 erat
1266 5774 1337 5829 eis
1361 5774 1523 5827 locus.
1546 5771 1761 5830 Missale

174 5843 501 5914 Toletauum,
518 5866 623 5904 non
648 5843 755 5902 erat
774 5850 821 5901 ei
849 5847 1013 5901 locus.

245 5914 279 5986 ι’
306 5920 493 5990 Amm.
552 5927 628 5979 Et
685 5919 1002 5989 praescripto
1054 5916 1268 5975 concilii
1326 5914 1670 5975 Bracarensis
1719 5929 1759 5971 ιι

1856 4732 1951 4791 pro
1974 4715 2128 4771 nobis
2157 4710 2448 4767 moriturus
2476 4705 2746 4776 apparuit.
2787 4704 2825 4773 ιῆ
2846 4743 2861 4758 .
2886 4702 3076 4759 Amen.
3109 4703 3454 4758 Concedente

1868 4856 2022 4925 (Con.
2051 4854 2110 4921 9)
2137 4860 2257 4923 post
2290 4850 2492 4925 lectum
2528 4847 2899 4925 Evangelium,
2924 4848 3226 4925 episcopus,
3250 4849 3372 4925 aut,
3403 4842 3452 4897 si

1865 4914 2153 4995 episcopus
2179 4938 2284 4977 non
2310 4922 2519 4984 aderat,
2544 4914 2845 4987 presbyter,
2875 4916 3068 4995 pupula
3090 4914 3283 4992 astauti
3305 4914 3449 4993 clara

1866 4987 1995 5051 voce
2025 4987 2303 5051 nuntiabat
2331 5007 2438 5062 quo
2463 5005 2646 5065 mense
2674 4996 2915 5065 et_quota
2944 4987 3030 5065 die
3050 4987 3275 5065 ‘me‘nsis
3313 4987 3453 5065 jeju-

1869 5071 2013 5122 nium
2039 5054 2500 5136 quadragesi'tnale
2539 5059 2847 5127 incipiebat,
2880 5066 2937 5111 ut
2988 5054 3263 5108 introitum
3308 5054 3452 5122 Qua-

1871 5134 2184 5208 tlragesima:
2206 5138 2381 5208 nullus
2402 5134 2690 5208 ignoraret.

1937 5205 2203 5261 e'Lauda.
2240 5206 2338 5260 Ps.
2367 5220 2454 5263 cx.
2488 5205 2543 5269 9,
2572 5206 2659 5259 10.

1935 5280 1963 5317 h
2006 5278 2353 5349 Sacri/icium.
2394 5276 2562 5349 Ιδίιίὲιέ.
2592 5270 2733 5349 Ικνθ;
2796 5347 2801 5349 _
2870 5335 2912 5349 _.
2951 5343 2961 5349 ,
3004 5334 3038 5349 ..
3103 5335 3141 5349 κ
3242 5336 3254 5349 .
3300 5337 3312 5349 .

1946 5349 1960 5388 ί
2008 5335 2191 5403 Missa.
2218 5348 2437 5403 Unicam
2468 5335 2843 5399 missam'festo
2869 5335 3072 5392 Natalis
3103 5335 3314 5391 Domini
3362 5344 3447 5390 at-

1873 5421 2057 5476 tribuit
2082 5420 2291 5474 Missale
2339 5413 2825 5471 Gallo-Gotliicum,
2872 5406 3236 5463 Lectionarius
3283 5408 3452 5461 Luxo~

1870 5491 2089 5558 viensis,
2114 5499 2169 5545 et
2195 5479 2997 5558 Sacramentarlum'Bobiepse._
3014 5483 3081 5558 At
3126 5481 3331 5558 liomze,
3358 5492 3451 5531 ve-

1873 5574 2013 5617 tusto
2044 5548 2211 5626 more,
2239 5568 2348 5612 tres
2371 5557 2548 5610 missa:
2578 5554 2629 5606 in
2651 5548 2825 5627 Natali
2846 5549 3057 5627 Domini
3080 5549 3444 5627 celebrantur:

1873 5650 2031 5689 unam
2064 5617 2240 5693 nocte,
2269 5628 2427 5681 aliam
2458 5636 2638 5699 _mane
2692 5621 2912 5699 primo,_
2942 5621 3170 5699 terntiam‘
3197 5618 3264 5671 de
3311 5617 3399 5669 die
3426 5633 3443 5699 ξ

1872 5688 2058 5760 confer
2082 5688 2501 5759 Sacramentaria
2533 5688 2709 5747 sancti
2751 5693 2966 5757 Leonis,
2999 5688 3357 5760 Gelasianuiu,
3391 5695 3447 5740 et

1873 5756 2498 5844 Cregoriana,_et_simul
2520 5763 2837 5844 Kalendaria
2870 5756 3151 5842 Frontonis
3176 5766 3228 5811 et
3254 5756 3446 5811 Marte-

1872 5849 1941 5903 nii
1968 5832 2022 5901 et
2043 5832 2364 5916 Capitularia
2402 5835 2677 5895 'l‘homasii
2705 5846 2759 5893 et
2788 5832 3019 5902 Georgii.

2592 6024 2637 6033 ..ο
