3992 6354
564 350 663 408 ί87

1280 348 1576 427 iussus
1616 343 1888 427 MIXTUM
1926 348 2073 425 ssc.
2121 348 2140 404 ι

2251 347 2292 425 :.,
2338 346 2399 407 Β.
2446 345 2717 419 lSlDORl,
2756 378 2829 391 —
2871 348 3049 411 rans
3086 347 3133 421 ι.

3752 350 3856 411 I88

560 470 727 551 gratia
751 468 1110 547 miserationis
1134 467 1311 543 illius:
1347 466 1498 543 cuius
1525 480 1748 551 regnum
1776 475 1829 539 et
1858 465 2143 551 imperium
2252 464 2446 519 abnisti
2476 465 2783 523 hominibus
2805 468 2946 545 bone
2960 466 3289 537 voluntatis:
3322 466 3377 523 in
3403 467 3507 525 hoc
3536 468 3621 526 die
3651 472 3849 527 natalis

560 579 679 641 iuge
705 576 761 621 et
789 564 1082 638 gloriosum
1112 562 1169 635 in
1196 561 1371 641 secula
1402 560 1731 641 seculorum.
1802 562 1838 627 Ii
1859 600 1872 615 .
1917 555 2141 641 Chorus.
2254 555 2457 612 efﬁcias
2487 573 2585 613 nos
2619 561 2843 617 nuncios
2871 575 2933 617 ac
2967 560 3105 616 ﬁlios
3136 559 3307 632 pacis.

559 660 753 733 anien-

628 780 747 838 Atia
786 780 988 839 Oratio.
1027 779 1103 839 Te
1140 775 1362 842 Domine
1398 775 1529 843 Jesn
1565 777 1780 845 Christe
1817 794 1832 833 :
1874 786 1928 841 te
1969 778 2138 849 ticum

559 876 839 949 pluraliter
876 875 1119 933 homines
1156 873 1451 935 salvantem
1481 890 1495 929 :
1533 881 1589 935 et
1624 872 1897 939 hominem
1938 872 1992 927 in
2033 872 2145 941 Deo

564 971 901 1042 singulariter
918 978 1187 1040 potentem
1208 968 1541 1034 invocamus,
1559 968 1858 1034 laudamus,
1874 982 2145 1039 rogamus.

559 1061 629 1118 Ut
655 1062 797 1118 adsis
816 1078 837 1114 :
865 1074 1055 1131 parcas
1080 1078 1096 1117 :
1127 1059 1403 1119 misereris
1428 1076 1443 1115 :
1468 1060 1736 1130 ignoscas.
1773 1058 1876 1117 Des
1905 1059 1958 1125 in
1982 1057 2146 1127 corde

562 1164 685 1209 vota
713 1169 817 1223 que
834 1155 1107 1223 compleas
1132 1171 1145 1208 :
1185 1153 1281 1213 des
1321 1152 1375 1213 in
1412 1166 1506 1209 ore
1526 1153 1687 1213 verba
1717 1168 1822 1222 que
1840 1151 2100 1219 exaudias
2129 1167 2142 1221 :

556 1245 715 1301 desin
744 1261 909 1316 opere
932 1245 1067 1303 iacta
1092 1262 1197 1315 que
1240 1245 1548 1303 benedicas.
1579 1244 1695 1305 Non
1721 1246 1951 1315 petimus
1989 1262 2145 1313 renuo
2170 1266 2182 1330 ι

454 1407 466 1418 ,
552 1337 664 1392 vari
706 1338 858 1394 nobis
884 1356 898 1391 :
932 1338 1070 1396 sicut
1100 1338 1152 1397 in
1184 1337 1285 1397 hac
1313 1337 1399 1397 die
1426 1338 1552 1394 olim
1583 1346 1701 1393 acta
1744 1347 1824 1395 est
1850 1333 2161 1409 corporalis

552 1430 803 1485 nativita's
836 1440 923 1487 tua
957 1448 971 1485 :
1005 1429 1097 1487 sed
1125 1431 1352 1500 petimus
1372 1429 1705 1500 incorporari
1728 1430 1883 1495 nobis
1908 1430 2147 1499 invisibi-

548 1525 655 1579 lem
684 1524 1020 1580 div'irfitatem
1069 1536 1257 1581 tuam:
1290 1524 1433 1594 quod
1474 1526 1756 1594 preatitum
1798 1534 1880 1581 est
1918 1524 2146 1583 carnali—

552 1624 636 1672 ter
662 1633 676 1671 :
702 1617 797 1672 sed
827 1617 1170 1687 singulariter
1194 1624 1323 1675 tunc
1353 1617 1535 1677 Maria:
1562 1635 1575 1671 :
1609 1633 1753 1677 nunc
1789 1617 2148 1687 spiritualiter

551 1717 823 1779 prestelur
854 1708 1113 1766 Ecclesia.
1159 1707 1229 1767 lit
1256 1716 1310 1765 te
1339 1708 1473 1767 ﬁdes
1502 1708 1803 1769 indubitata
1830 1709 2100 1781 concipiat
2126 1726 2142 1779 ς

548 1808 602 1857 te
635 1816 788 1857 mens
816 1801 884 1857 de
912 1802 1254 1864 corruptione
1294 1802 1519 1861 liberata
1564 1802 1826 1872 parturiat
1854 1818 1872 1861 :
1904 1812 1956 1858 te
1988 1814 2141 1861 sem—

549 1906 647 1965 per
674 1894 851 1948 anima
883 1902 1083 1949 virtute
1111 1894 1359 1959 altissimi
1390 1894 1710 1957 obumbrata
1738 1896 2034 1957 contineat.
2067 1895 2145 1951 Ne

548 1985 795 2045 discedas
822 2001 853 2041 a
884 1988 1039 2042 nobis
1066 2004 1083 2043 :
1116 1987 1210 2044 sed
1248 1988 1509 2059 procedas
1534 2004 1603 2047 ex
1633 1989 1815 2047 nobis.-
1842 1990 1928 2047 Sis
1958 1990 2145 2051 revera

547 2077 810 2135 Emanuel
838 2088 1020 2136 noster
1048 2080 1328 2139 nobiscum
1364 2080 1526 2137 Deus.
1561 2081 1807 2152 Digneris
1838 2099 2059 2140 manere
2090 2084 2145 2147 in

548 2171 749 2229 nobis:
793 2183 849 2230 et
889 2189 1123 2246 pugnare
1164 2190 1263 2245 pro
1302 2176 1480 2232 nobis.
1522 2176 1599 2233 Te
1633 2177 1777 2235 enim
1823 2186 2138 2249 pugnante:

548 2269 649 2323 tios
678 2268 925 2323 vicimus.
970 2267 1135 2325 Solve
1164 2284 1263 2325 nos
1290 2285 1586 2341 quesumus
1615 2285 1647 2331 a
1674 2273 1865 2341 pannis
1896 2272 2143 2341 putribus

548 2373 891 2434 peccatorum
924 2382 939 2420 :
971 2366 1062 2435 qui
1096 2375 1148 2420 te
1175 2381 1271 2436 pro
1305 2368 1539 2436 peccatis
1569 2366 1770 2425 noetris
1799 2367 2052 2437 dignatus
2081 2382 2142 2425 es

548 2457 834 2527 putredine
883 2459 1035 2528 ligari
1079 2474 1401 2529 pannorum.
1453 2460 1558 2515 Lac
1600 2470 1747 2517 tuum
1780 2460 2021 2519 Ecclesie
2052 2471 2141 2516 tue

542 2554 797 2621 parvulos
839 2554 1060 2608 nutriat.
1104 2552 1253 2607 Adeo
1296 2552 1543 2608 inﬁrmos
1575 2560 1598 2591 α
1630 2553 1891 2609 delicatus
1935 2553 2139 2609 olerum

544 2645 697 2699 cibus
730 2656 914 2714 pascat
944 2664 958 2700 :
993 2656 1050 2701 ut
1077 2647 1142 2700 ad
1176 2646 1584 2716 percipiendum
1612 2646 1887 2703 fortiorem
1919 2661 1982 2707 ac
2010 2648 2140 2705 soli-

544 2736 671 2792 dum
704 2738 882 2793 cibum
913 2758 924 2792 :
962 2739 1247 2795 validiores
1300 2740 1544 2811 quotidie
1576 2740 1718 2795 vires
1758 2748 2022 2797 crescant.
2073 2740 2139 2797 Et

548 2828 617 2884 ita
648 2832 955 2886 noverimus
998 2831 1296 2887 detecatam
1338 2832 1671 2886 voluntatem
1704 2848 1718 2883 :
1752 2838 1808 2886 et
1854 2831 2011 2887 ﬁdem
2042 2846 2137 2887 ex-

540 2920 728 2977 hibere
760 2921 1126 2977 ﬁrmissimam
1158 2940 1173 2976 :
1208 2931 1266 2977 ut
1289 2922 1487 2993 iugiter
1516 2923 1787 2980 enitamur
1813 2924 2017 2982 auxilio
2046 2932 2137 2979 tuo

540 3014 607 3069 ad
639 3016 799 3071 vitam
831 3016 1120 3087 pervenire
1151 3025 1487 3088 perpetuam.

628 3110 667 3175 ε
690 3146 705 3164 .
743 3109 931 3167 Amen.

2341 650 2377 717 ἡ
2400 691 2413 704 .
2461 653 2648 707 Amen.

2326 741 2541 800 lutatio.
2589 745 2812 814 Dignum
2849 752 2903 801 et
2936 747 3139 817 iustum
3171 752 3255 801 est
3286 763 3298 799 :
3332 760 3433 801 nos
3461 747 3852 817 omnipotentie

2252 842 2307 891 et
2340 835 2524 907 pietati
2577 846 2667 893 tue
2715 837 2920 893 referre
2960 853 3095 909 quas
3139 853 3298 909 posse
3338 839 3627 895 donaveris
3668 842 3851 897 laudes

2251 929 2675 988 clementissime
2720 941 2893 1001 pater.
2944 932 3079 1000 Quia
3131 941 3250 1003 post
3292 934 3460 989 multa
3510 944 3756 1005 tempora
3802 939 3849 991 in

2254 1023 2356 1081 hac
2387 1026 2475 1081 die
2509 1035 2530 1065 ο
2562 1034 2687 1101 ante
2714 1043 2822 1083 non
2855 1027 3023 1083 multa
3054 1035 3298 1099 tempora
3330 1046 3343 1083 :
3377 1044 3482 1097 que
3513 1029 3607 1085 tibi
3639 1032 3721 1086 vel
3754 1034 3846 1087 sibi

2252 1136 2469 1193 semper
2513 1131 2673 1178 erat:
2718 1122 2872 1178 nobis
2922 1133 3079 1179 natus
3124 1133 3207 1191 est
3248 1123 3497 1181 Christus
3538 1125 3703 1183 lesus
3748 1129 3850 1181 uni-

2252 1216 2465 1285 genitus
2519 1224 2661 1272 tuus.
2718 1216 2913 1273 Factus
2966 1225 3049 1273 est
3102 1218 3299 1274 ancilie
3352 1218 3535 1274 titius:
3592 1220 3847 1274 Dominus

2253 1308 2441 1363 Matris
2469 1323 2586 1365 sue.
2622 1309 2816 1365 Partus
2847 1310 3013 1366 Harie
3042 1327 3055 1364 :
3101 1309 3305 1366 fructus
3337 1311 3603 1369 Ecclesie.
3655 1312 3759 1381 Qui
3787 1316 3847 1368 ab

2251 1398 2340 1455 illa
2370 1400 2547 1456 editur
2573 1417 2589 1457 :
2620 1401 2688 1457 ab
2716 1402 2818 1458 ista
2847 1404 3160 1473 suscipitur.
3183 1404 3282 1472 Qui
3315 1420 3413 1475 per
3444 1406 3587 1461 illam
3623 1408 3845 1479 pusillus

2250 1494 2566 1565 egreditur:
2601 1509 2699 1567 per
2728 1494 2889 1550 istam
2934 1495 3197 1552 miriﬁcus
3240 1496 3513 1571 dilatatur.
3564 1497 3664 1553 illa
3708 1499 3843 1554 salu-

2253 1593 2358 1640 tem
2388 1584 2599 1663 populis
2630 1586 2834 1642 creavit
2866 1602 2879 1639 :
2915 1586 3014 1643 hec
3056 1591 3307 1659 populos.
3355 1588 3448 1644 Illa
3488 1598 3648 1645 utero
3691 1591 3841 1645 vitam

2252 1676 2527 1745 portavit:
2574 1676 2673 1733 hec
2719 1677 2977 1734 lavacro:
3012 1679 3066 1735 in
3115 1678 3261 1736 illius
3303 1680 3559 1736 membris
3605 1681 3846 1738 Christus

2255 1769 2467 1826 infusus
2508 1782 2631 1827 est:
2680 1772 2734 1827 in
2780 1772 2938 1829 istius
2976 1774 3129 1844 aquis
3182 1772 3430 1831 Christus
3478 1775 3703 1831 indutus
3748 1788 3841 1834 est.

2178 1848 2227 1929 β
2256 1862 2358 1916 Per
2390 1862 2533 1916 illam
2568 1863 2657 1933 qui
2690 1872 2807 1919 erat
2837 1865 3078 1919 nascitur
3106 1880 3123 1922 :
3157 1881 3252 1936 per
3283 1866 3439 1920 istam
3484 1866 3575 1937 qui
3622 1869 3844 1937 perierat

2254 1955 2551 2011 invenitur.
2598 1956 2653 2010 in
2688 1955 2775 2010 illa
2811 1956 3122 2027 redemptor
3153 1959 3392 2028 gentium
3425 1959 3726 2015 viviﬁcatur
3752 1979 3765 2027 ;
3795 1961 3841 2015 in

2253 2045 2351 2099 ista
2385 2057 2572 2115 gentes
2603 2045 2961 2101 viviﬁcantur.
3007 2046 3111 2103 Per
3151 2046 3298 2104 illam
3342 2049 3492 2103 venit
3532 2058 3590 2103 ut
3636 2060 3841 2119 peccata

2254 2137 2463 2193 tolleret
2498 2156 2511 2191 :
2545 2154 2639 2208 per
2670 2140 2828 2194 istam
2863 2140 2982 2195 tulit
3013 2151 3231 2211 peccata
3264 2150 3491 2213 propter
3534 2159 3639 2214 que
3682 2144 3839 2199 venit.

2249 2230 2360 2305 40
2388 2231 2490 2289 Per
2516 2233 2661 2288 illam
2692 2249 2790 2288 nos
2820 2233 3053 2304 ploravit
3086 2252 3098 2289 :
3134 2250 3230 2305 per
3258 2236 3418 2291 istam
3462 2251 3562 2291 nos
3598 2238 3838 2292 curavit:

2250 2326 2302 2381 in
2354 2326 2443 2379 illa
2494 2323 2713 2380 infans:
2769 2326 2822 2380 in
2878 2326 2982 2381 ista
3012 2324 3041 2365 δ
3074 2328 3308 2398 gigans:
3361 2326 3433 2382 ibi
3484 2330 3712 2385 exulat:
3761 2328 3839 2383 hic

2248 2418 2565 2488 triumphat.
2601 2418 2705 2476 Per
2733 2418 2882 2475 illam
2910 2421 3205 2491 crepundia
3237 2424 3508 2494 gestavit:
3553 2439 3653 2493 per
3696 2424 3838 2479 istam

2249 2528 2409 2583 regna
2444 2512 2696 2583 subjecit.
2730 2512 2874 2567 Illam
2910 2514 3115 2584 parvuli
3154 2514 3492 2585 iucunditate
3534 2514 3827 2570 demulsit:

2250 2606 2407 2661 istam
2440 2607 2623 2676 sponsi
2654 2606 2977 2662 credulitate
3020 2607 3331 2675 despondit.
3377 2607 3576 2662 Extant
3613 2608 3840 2677 denique

2252 2700 2486 2771 preciosi
2518 2700 2720 2754 amoris
2754 2700 3067 2769 incorrupta
3100 2700 3440 2756 commertia.
3488 2700 3644 2756 Dedit
3684 2715 3839 2769 Spon-

2247 2809 2342 2850 sus
2372 2808 2570 2863 sponse
2598 2808 2695 2849 sue
2727 2808 2951 2849 munera
2978 2812 2989 2845 :
3026 2802 3050 2831 ο
3074 2809 3243 2863 aquas
3273 2795 3422 2849 vivas
3450 2811 3463 2848 :
3494 2793 3545 2848 id
3576 2803 3663 2848 est
3688 2794 3835 2849 Chri-

2248 2898 2363 2941 stus
2407 2884 2650 2942 Ecciesie
2680 2902 2693 2937 :
2730 2900 2759 2940 e
2790 2885 2987 2956 quibus
3018 2885 3187 2941 semel
3222 2887 3287 2941 ad
3319 2884 3565 2957 placendi
3595 2886 3833 2941 meritum

2246 2980 2543 3036 lavaretur.
2604 2978 2761 3034 Dedit
2803 2976 2823 3017 ί
2866 2979 3044 3035 oleum
3104 2979 3331 3035 letieie:
3397 2996 3496 3051 pro
3572 2979 3837 3035 odorifero

2245 3081 2519 3142 unguento
2567 3071 2838 3128 crismatis
2888 3080 3195 3142 ungeretur.
3253 3072 3483 3127 Vocavit
3532 3088 3653 3128 eam
3708 3082 3732 3120 ε
3773 3073 3832 3126 ad

2245 3178 2489 3219 mensam
2529 3178 2681 3219 suam
2715 3182 2727 3217 :
2763 3164 2922 3235 adipe
2964 3164 3219 3220 frumenti
3260 3166 3477 3221 satiavit
3507 3166 3676 3223 illam.
3711 3166 3835 3221 Vino

614 3222 741 3277 Post
782 3226 1010 3280 sentina.
1054 3224 1264 3279 Famuli
1305 3224 1380 3279 tui
1420 3223 1625 3298 indigni
1656 3235 1709 3281 et
1738 3226 1916 3299 exigui
1955 3243 2135 3287 sacer-

2251 3258 2527 3312 suavitatis
2568 3258 2853 3328 implevit:
2894 3257 3111 3329 iusticie
3153 3258 3403 3328 imposuit
3444 3269 3831 3315 ornamentum.

543 3317 697 3373 dotes
722 3318 1002 3373 tremende
1032 3319 1297 3389 maiestati
1315 3328 1405 3374 tue
1426 3320 1733 3388 spirituales
1759 3322 2008 3379 victimas
2034 3327 2139 3381 ἰηι-

545 3410 835 3465 molanles.
866 3408 893 3447 δ
925 3409 1212 3465 tulerimus
1239 3411 1337 3466 tibi
1380 3412 1522 3466 Deus
1564 3412 1795 3467 hostiam
1826 3414 2138 3473 immacula-

542 3515 698 3561 tam:
748 3520 906 3578 quam
949 3520 1226 3563 maternus
1276 3516 1457 3563 uterus
1503 3509 1786 3579 impolluta
1830 3511 2137 3583 virginitate

539 3599 832 3668 produxit:
871 3600 1043 3670 pudor
1083 3600 1293 3656 edidit:
1329 3601 1686 3659 sanctiﬁcatio
1727 3605 1952 3675 genuit:
2002 3608 2141 3663 inte-

539 3695 709 3764 gritas
758 3693 916 3749 fudit.
969 3695 1264 3764 ilostiaque
1316 3695 1589 3753 immolata
1634 3697 1812 3754 vivit:
1853 3710 1908 3754 et
1950 3699 2137 3758 vivens

534 3786 740 3860 iugiter
771 3790 1099 3847 immolatur.
1135 3792 1320 3850 Hostia
1352 3809 1457 3865 que
1487 3795 1597 3851 sola
1631 3797 1741 3853 Deo
1772 3798 1988 3869 placere
2018 3816 2137 3869 pre—

487 3956 493 3963 .
536 3883 725 3939 valet:
778 3886 917 3956 quia'
953 3886 1211 3942 Dominus
1256 3896 1362 3943 est.
1409 3888 1556 3945 Hanc
1600 3889 1692 3945 tibi
1737 3906 1945 3947 summe
1987 3902 2138 3963 pater

539 3976 818 4034 oﬁ‘crimus
852 3994 950 4049 pro
981 3987 1167 4035 sancta
1197 3980 1440 4036 Ecclesia
1474 3989 1564 4037 tua
1596 3998 1609 4035 :
1645 3997 1740 4061 pro
1770 3982 2137 4041 satisfactione

538 4073 709 4127 seculi
766 4072 1176 4145 delinquentis:
1238 4091 1335 4145 pro
1395 4077 1782 4134 cmundatione
1833 4079 2136 4135 animarum

542 4175 849 4222 nostrarum
885 4186 897 4222 :
943 4184 1041 4239 pro
1088 4169 1320 4226 sanitate
1363 4172 1606 4226 omnium
1649 4173 2029 4230 inﬁrmorum:
2074 4191 2137 4231 ac

538 4259 773 4328 requie:
818 4260 903 4314 vel
947 4260 1279 4330 indulgentia
1329 4261 1566 4317 ﬁdelium
1615 4262 2015 4324 defunctorum.
2069 4267 2138 4323 Ut

539 4358 740 4406 mutata
790 4361 936 4406 sorte
968 4352 1199 4407 triStium
1240 4355 1578 4409 mansionum
1612 4371 1625 4409 :
1670 4356 1811 4413 felici
1860 4358 2138 4428 perfruan-

538 4452 627 4501 tur
658 4444 919 4501 societate
952 4446 1245 4515 iustorum.

626 4542 703 4611 ιῆ.
746 4542 970 4597 Chorus.
1006 4544 1201 4601 Amen.

2251 3349 2477 3406 Donavit
2539 3349 2857 3405 deauratum
2920 3352 3178 3405 virtutum
3244 3351 3507 3407 varietate
3571 3353 3833 3410 vesnitunt.

2246 3445 2495 3521 Animam
2537 3458 2688 3499 suam
2720 3459 2818 3514 pro
2862 3443 2949 3498 illa
3000 3444 3194 3513 posuit.
3236 3444 3498 3514 Suscepte
3542 3451 3596 3499 et
3646 3447 3838 3500 calcate

2248 3540 2439 3591 mortis
2471 3538 2642 3605 spolia
2674 3535 2729 3591 in
2760 3536 2943 3591 dotem
2976 3536 3067 3591 ille
3108 3544 3428 3607 regnaturus
3472 3536 3645 3591 victor
3685 3537 3836 3592 exhi-

2246 3632 2405 3686 buit:
2451 3646 2510 3686 se
2551 3629 2727 3700 ipsum
2779 3631 2869 3686 ille
2914 3632 2966 3685 in
3013 3631 3133 3688 cibo
3162 3647 3224 3686 ac
3257 3643 3381 3701 potu
3424 3631 3839 3703 induntentoque

2244 3726 2532 3780 concessit.
2568 3723 2824 3779 Promisit
2852 3723 2900 3777 ei
2936 3738 2994 3779 se
3026 3723 3101 3777 illi
3134 3723 3381 3778 daturum
3428 3738 3652 3792 regnum
3697 3734 3841 3777 eter-

2245 3834 2395 3873 num.
2426 3818 2599 3888 Ipsam
2634 3814 2906 3887 pollicitus
2935 3826 3017 3871 est
3043 3816 3381 3871 statuendam
3411 3816 3459 3867 in
3492 3814 3717 3869 dextere
3746 3829 3845 3868 suc

2247 3920 2399 3982 parte
2429 3911 2692 3981 reginam.
2726 3910 3007 3966 Concessit
3046 3921 3101 3967 et
3145 3911 3245 3982 ipsi
3280 3930 3293 3965 :
3342 3909 3479 3983 quod
3522 3922 3839 3964 concessum

2245 4013 2328 4059 est
2366 4004 2611 4077 genitrici
2651 4022 2661 4057 :
2708 4004 2964 4073 impleri:
3020 4018 3126 4059 non
3188 4004 3400 4061 violari.
3452 4002 3692 4057 Parere:
3735 4016 3837 4055 non

2244 4094 2560 4165 corrumpi:
2615 4094 2693 4149 illi
2740 4094 2953 4149 semel:
3010 4095 3100 4150 isti
3151 4108 3415 4164 semper:
3475 4093 3674 4148 sedere
3727 4101 3841 4146 tan-

2245 4205 2402 4258 quam
2444 4204 2697 4258 sponsam
2731 4189 2785 4243 in
2817 4189 3055 4243 thalamo
3097 4185 3478 4258 pulcritudinis
3517 4202 3533 4240 :
3574 4195 3629 4241 et
3669 4187 3841 4240 multi-

2245 4282 2443 4354 plicare
2470 4282 2607 4337 ﬁlios
2634 4284 2841 4354 gremio
2868 4283 3105 4353 pietatis.
3138 4283 3424 4339 Fectosam
3452 4296 3573 4337 esse
3603 4282 3840 4351 prolem:

2243 4393 2349 4433 non
2384 4377 2604 4432 fetidam
2637 4377 2926 4431 voluntate.
2962 4377 3050 4433 Sic
3081 4385 3135 4433 et
3164 4377 3277 4446 ipsa
3310 4377 3364 4431 in
3396 4378 3512 4446 ipso
3544 4392 3642 4446 per
3674 4378 3841 4444 ipsum

2242 4472 2395 4527 dives
2437 4473 2625 4527 effecta
2659 4488 2671 4525 :
2712 4486 2911 4540 sponso
2952 4485 3015 4525 ac
3048 4470 3265 4525 domino
3297 4486 3396 4525 suo
3430 4470 3653 4525 humilia
3684 4470 3845 4527 refert

2243 4579 2486 4620 munera.
2515 4563 2623 4619 iloc
2646 4564 2787 4618 enim
2812 4563 2880 4619 de
2903 4564 3121 4633 proprio
3140 4577 3239 4617 suo
3264 4562 3541 4618 offerendo
3566 4564 3712 4633 qttod
3734 4577 3845 4618 cre-

606 4657 690 4714 Ad
725 4673 921 4727 pacem.
969 4658 1168 4727 Oratio.
1218 4658 1497 4729 Excelsum
1540 4668 1592 4731 te
1632 4659 1798 4715 Deum
1831 4662 2033 4732 pariter
2063 4635 2215 4721 at-D
2244 4657 2402 4713 didit.
2439 4658 2541 4713 hoc
2572 4657 2641 4714 de
2672 4656 2925 4727 exemplo
2958 4658 3098 4726 quod
3131 4671 3253 4709 eum
3286 4655 3601 4711 redamavit.
3643 4656 3757 4711 Hoc
3784 4656 3846 4711 de

537 4764 642 4821 que
692 4751 947 4806 humilem
998 4751 1271 4807 hominem
1316 4752 1585 4809 Christum
1631 4748 1858 4810 Jcsutn:
1904 4758 2135 4815 acclives

536 4844 733 4900 servuli
801 4846 1071 4916 supplices
1128 4846 1541 4921 deprecamur:
1601 4856 1660 4902 ut
1717 4865 1903 4918 pacem
1972 4869 2134 4922 quam

536 4950 860 5001 ascensurus
902 4937 967 4991 ad
1012 4928 1209 4994 celos:
1247 4937 1349 4993 tuis
1378 4939 1568 4993 charis
1610 4940 1809 4997 noticia
1855 4958 2134 5001 commen-

536 5029 673 5085 dasti
706 5046 720 5085 :
753 5029 968 5087 dones:
1005 5039 1321 5100 augmentes
1351 5047 1364 5086 :
1406 5030 1655 5101 perﬁcias
1690 5051 1703 5087 :
1752 5043 1912 5104 atque
1953 5046 2135 5092 custo-

536 5120 671 5175 dias.
701 5121 872 5192 Atque
894 5124 962 5179 ita
995 5122 1087 5178 ﬁat
1117 5137 1216 5193 pax
1242 5130 1327 5177 tua
1354 5124 1406 5177 in
1428 5123 1623 5178 virtute
1653 5139 1669 5178 :
1713 5135 1767 5179 et
1804 5127 2135 5183 abundantia

535 5216 589 5271 in
623 5221 853 5276 turribus
886 5223 986 5277 tuis
1019 5241 1030 5276 :
1064 5239 1132 5279 ne
1161 5222 1327 5278 ofﬁcii
1356 5223 1535 5279 oscula
1565 5223 1675 5278 sint
1703 5225 1936 5295 tegmina
1988 5226 2137 5281 virus

536 5311 755 5369 occulti.
805 5313 910 5371 Sed
960 5318 1050 5387 qui
1097 5315 1506 5379 decantantibus
1555 5314 1761 5388 angelis
1812 5332 2000 5388 pacem
2049 5319 2138 5374 tri-
2194 5374 2199 5377 .

613 5483 639 5512 ι
684 5471 963 5527 Delicatus.
1006 5475 1103 5541 llic
1127 5484 1209 5532 est
1235 5475 1459 5531 minime
1502 5472 1706 5543 gravis,
1739 5484 1793 5529 et
1831 5474 1923 5543 qui
1980 5474 2135 5533 tacite

536 5558 903 5619 concoquatur
924 5544 1093 5600 cibus.
1688 5618 1697 5619 ί
1766 5601 1780 5619 ,

613 5618 637 5657 b
689 5616 1000 5689 U/ferimus.
1022 5619 1278 5687 Egregius
1309 5620 1467 5689 plane
1495 5620 1647 5675 locus
1669 5618 1736 5689 de
1760 5616 1990 5674 veritate
2021 5633 2136 5675 cor-

542 5691 685 5763 poris
733 5698 787 5742 et
819 5688 1319 5763 sanguinisClnristi
1342 5693 1391 5745 in
1425 5688 1785 5763 eucharistico
1826 5692 2007 5763 missa;
2046 5706 2161 5748 sa-,

538 5760 611 5818 eri
624 5764 743 5815 ﬁcio
776 5776 803 5812 a
828 5760 1198 5814 sacerdotibus
1224 5776 1321 5829 pro
1349 5763 1483 5817 vivis
1509 5773 1565 5819 et
1606 5760 1876 5817 defunctis
1924 5762 2129 5818 oblato.

614 5850 632 5871 ι’
674 5836 805 5887 Ante
835 5850 934 5885 non
959 5834 1114 5885 nullm
1139 5843 1388 5897 tempora.
1437 5834 1813 5889 Animadverte
1846 5846 2001 5900 quam
2037 5848 2127 5890 v.0-

538 5916 679 5979 tusta
712 5906 781 5960 sit
811 5907 925 5960 Ιιωίε
973 5904 1157 5965 iitatio.
1190 5916 1351 5981 atque
1400 5905 1533 5961 adeo
1574 5908 1684 5974 ipsa
1733 5902 1937 5975 iilurgia
1982 5904 2128 5961 Moz:

2206 5872 2215 5900 ὃ

2246 4752 2389 4807 dono
2422 4752 2585 4820 ipsius
2617 4750 2666 4804 id
2699 4751 2869 4819 ipsam
2896 4748 3138 4819 potuisse
3169 4750 3312 4818 quod
3345 4750 3554 4803 voluit:
3590 4748 3645 4803 Id
3680 4750 3842 4819 ipsam

2249 4846 2482 4901 voluisse
2511 4844 2651 4914 quod
2684 4844 2874 4912 potuit.
2924 4842 3079 4897 Dedit
3108 4842 3186 4901 illi
3218 4852 3469 4912 tanquam
3514 4854 3670 4898 rosas
3714 4855 3848 4897 mar.

2246 4948 2393 5009 tyres
2424 4955 2436 4990 :
2470 4936 2615 4993 velut
2641 4934 2753 4990 lilia
2782 4935 3017 5004 virgines
3040 4974 3055 5000 ,
3084 4935 3238 5004 quasi
3270 4935 3445 4989 violas
3472 4935 3847 4990 continentes.

2246 5031 2357 5087 Hec
2400 5032 2465 5086 ad
2512 5030 2655 5085 illam
2698 5042 2794 5100 per
2835 5027 3115 5083 ministros
3155 5028 3449 5083 voluntatis
3479 5028 3596 5098 eius
3631 5039 3849 5101 aposto-

2248 5125 2330 5179 los
2358 5142 2371 5179 :
2404 5122 2641 5180 conferta
2681 5122 2862 5191 operis
2901 5123 2985 5179 sui
3032 5122 3278 5192 impensa
3320 5122 3638 5178 transmisit.
3702 5122 3851 5180 Unde

2247 5235 2389 5275 nunc
2428 5233 2459 5273 a
2500 5216 2705 5273 dextris
2742 5216 2861 5287 eius
2902 5214 3090 5271 felici:
3126 5225 3181 5271 et
3226 5215 3461 5283 gloriosa
3511 5217 3851 5284 perennitate

2246 5315 2597 5371 consistens:
2638 5324 2763 5366 eum
2813 5318 2986 5381 tecum
3034 5308 3378 5380 omnipotens
3427 5307 3589 5362 Pater
3629 5317 3687 5364 et
3733 5322 3849 5361 cum

2250 5480 2495 5535 arabum.

2317 5549 2343 5587 ἀ
2390 5550 2618 5620 Gigans.
2642 5542 2755 5603 Vox
2770 5544 2929 5620 haud
2966 5553 3169 5620 temere
3197 5543 3555 5620 excludenda.

2322 5632 2344 5659 θ
2372 5616 2545 5691 Aquas
2574 5616 2729 5679 vivas.
2756 5618 3100 5691 Sacraniemi
3128 5616 3479 5686 baptismatis.

2320 5694 2340 5733 τ
2390 5685 2687 5747 Oteum.....
2716 5688 3026 5742 chrismatis.
3070 5685 3540 5743 Sacramentorum
3562 5685 3848 5742 conﬁrma-

2245 5769 2426 5831 tionis.
2455 5764 2678 5828 ordinis,
2711 5770 2969 5816 extrema:
2996 5762 3281 5816 unctionis.

2318 5850 2343 5889 ες
2386 5830 2465 5892 Λα
2506 5850 2752 5890 mensam.
2784 5833 3116 5891 Sacramenti
3146 5830 3521 5889 eucharistici.
