3992 6354
484 349 573 408 l9l
1194 338 1485 398 MISSALE
1526 336 1796 394 Μ-ιχΤυΜ
1833 334 1982 392 SEG.
2026 331 2051 387 l‘

2168 331 2196 386 ι.
2241 332 2300 388 Β.
2347 334 2621 393 lSlDORl.
2664 368 2736 381 —
2774 338 2955 397 PARS
2992 340 3034 396 l.

3664 347 3779 405 192

482 487 576 543 per
602 466 1104 527 ofﬁciumcreature
1130 464 1440 519 creatricem
1465 472 1606 519 tuam
1639 462 1929 532 potentiam
1954 474 2063 516 non
2091 454 2150 517 Δ
2172 454 2270 512 iste
2298 471 2406 513 non
2447 467 2621 514 cessat
2652 458 2796 527 lo'qui
2825 460 2986 515 verba
3022 458 3282 517 adversus
3329 458 3355 498 ιι
3408 461 3586 519 locum
3636 481 3775 523 san—

480 579 734 635 negamus
771 580 782 615 :
820 576 914 631 pro
937 576 1035 628 qua
1069 573 1128 613 re
1154 571 1250 612 nos
1290 555 1447 610 facito
1479 558 1616 611 bone
1656 555 1916 611 voluntati
1972 562 2066 611 tuo

484 659 696 727 placere
721 655 1024 710 servicium.
1063 650 1128 704 Εἰ
1156 650 1239 705 vel
1272 650 1325 704 in
1352 650 1487 704 celis
1518 664 1639 703 cum
1666 648 1871 719 angelis
1902 656 1954 703 et
1982 647 2066 703 vel

479 751 533 805 in
565 750 717 804 terris
746 763 865 803 cum
894 745 1197 800 hominibus
1224 744 1446 813 pacilice
1474 742 1693 813 gloriari
1742 744 1793 797 in
1827 751 1913 798 tua
1938 743 2067 813 glo-

476 840 770 909 riﬁcatione
799 854 1093 894 assensum.
1148 837 1184 905 ἰή
1207 875 1220 889 .
1254 839 1443 891 Amen.

550 933 651 988 Per
695 929 1134 986 misericordiam.
1192 926 1496 996 Prophetia.
1544 925 1725 982 Justus
1771 926 1816 981 si
1870 934 2061 982 morte.

476 1026 694 1097 Require
718 1026 771 1078 in
794 1024 857 1079 S.
876 1022 1145 1078 Clementis
1174 1020 1266 1091 fol.
1299 1020 1385 1075 20.

550 1117 848 1172 Psallendo.
874 1116 1105 1195 Posuisti
1130 1114 1374 1169 Domine.
1406 1112 1631 1182 Require
1666 1121 1802 1167 retro
1840 1113 1895 1167 in
1926 1113 2063 1169 San-

476 1210 543 1264 cti
565 1208 837 1265 Saturnini
871 1209 966 1280 fo'l.
985 1207 1081 1261 9.5.

542 1300 694 1355 Dic'at
727 1301 906 1355 I’resb.
933 1298 1211 1354 Silentium
1244 1296 1421 1353 fa'cite.

576 1392 750 1447 Le'ctio
780 1392 895 1446 libri
924 1393 1142 1445 Actuum
1172 1388 1531 1461 Apostolorum
1558 1389 1612 1461 (ι
1644 1388 1772 1458 Cap.
1822 1387 1951 1459 VI).

559 1484 598 1549 ἡ
620 1502 645 1538 .·
664 1486 774 1539 Dei)
804 1484 1024 1553 gratias.

544 1579 597 1632 ln
642 1579 745 1633 illis
798 1578 988 1634 diebus
1023 1596 1034 1631 :
1066 1584 1344 1634 crescente
1400 1590 1626 1632 numero
1676 1575 2057 1646 discipulorum

470 1669 498 1709 δ
514 1670 569 1725 in
588 1671 918 1725 Hierusalem
940 1690 951 1723 :
973 1672 1170 1726 factum
1194 1678 1278 1725 est
1299 1684 1540 1724 murmur
1564 1684 1843 1740 grecorum
1866 1670 2058 1726 adver-

468 1774 560 1816 sus
600 1761 827 1817 hebreos
860 1780 875 1817 :
910 1776 975 1817 eo
1014 1760 1155 1832 quod
1214 1760 1618 1829 despicerentur
1666 1762 1718 1816 in
1762 1762 2058 1819 ministerio

2168 560 2314 607 ctum
2336 554 2475 608 hunc
2503 563 2556 609 et
2581 555 2773 625 legem.
2794 554 3110 611 Audivimus
3131 570 3255 611 eum
3285 556 3551 613 dicentem
3579 576 3594 614 :
3622 577 3775 629 quo-

2171 646 2313 701 niam
2342 647 2497 703 Jesus
2524 647 2831 703 Nazarenus
2858 648 2947 704 hic
2974 650 3215 706 destruet
3261 651 3436 707 locum
3468 653 3631 709 istum
3655 670 3687 712 ’Ξ
3720 668 3781 712 (ιι

2169 740 2393 796 mutabit
2434 741 2744 797 traditiones
2774 761 2787 796 :
2820 759 2954 813 quas
2983 743 3201 798 tradidit
3231 745 3388 800 nobis
3416 746 3629 818 Moyses
3671 768 3683 803 :
3717 760 3779 802 et

2169 834 2439 890 intuentes
2464 852 2585 891 eum
2610 853 2798 893 omnes
2825 839 2912 908 qui
2940 840 3200 895 sedebant
3223 842 3276 895 in
3302 843 3535 898 concilio
3569 864 3584 899 :
3610 844 3779 900 vide-

2168 938 2292 983 runt
2338 927 2528 984 faciem
2578 933 2695 1001 ejus
2748 942 2995 1002 tanquam
3051 934 3240 990 faciem
3296 936 3493 1005 angeli.
3557 936 3779 996 iDixit

2167 1030 2345 1077 autem
2388 1024 2635 1095 princeps
2684 1026 3033 1082 Sacerdotum
3076 1028 3371 1099 Stephano.
3432 1030 3488 1086 Si
3543 1032 3643 1088 hec
3694 1033 3776 1089 ita

2166 1128 2227 1168 se
2266 1114 2551 1171 habent“
2595 1116 2695 1184 Qui
2728 1121 2821 1172 ait.
2857 1119 2993 1173 Dura
3032 1120 3288 1175 cervice:
3328 1124 3776 1180 etincircumcisi

2166 1205 2329 1260 corde
2355 1217 2405 1261 et
2431 1208 2651 1263 auribus
2686 1227 2698 1262 :
2736 1224 2830 1263 vos
2862 1226 3076 1281 semper
3105 1212 3327 1283 Spiritui
3377 1214 3574 1270 Sancto
3605 1217 3777 1271 resti-

2170 1297 2307 1353 tistis
2335 1315 2351 1354 :
2386 1300 2526 1354 sicut
2555 1311 2734 1370 patres
2763 1305 2926 1358 vestri
2957 1305 3029 1359 ita
3061 1315 3114 1360 et
3141 1319 3259 1362 vos.
3309 1306 3479 1374 Quem
3531 1310 3780 1377 prophe-

2166 1399 2339 1448 tarum
2364 1409 2469 1449 non
2499 1404 2625 1450 sunt
2657 1399 2923 1465 persecuti
2954 1407 3132 1467 patres
3160 1400 3374 1454 vestri?
3423 1400 3490 1455 Et
3534 1400 3775 1457 occide-

2165 1496 2291 1542 runt
2329 1503 2423 1543 eos
2473 1490 2563 1558 qui
2595 1491 3013 1560 prenunciabant
3044 1491 3111 1548 de
3140 1493 3372 1548 adventu
3400 1493 3529 1564 justi
3566 1512 3579 1547 :
3610 1494 3780 1563 cujus

2168 1593 2268 1633 vos
2298 1595 2440 1635 nunc
2474 1582 2775 1650 proditores
2824 1591 2877 1635 et
2929 1582 3196 1638 homicide
3242 1582 3437 1639 fuistis.
3468 1585 3568 1652 Qui
3608 1599 3775 1640 acce—

2167 1670 2321 1738 pistis
2377 1673 2549 1741 legem
2596 1672 2648 1725 in
2696 1670 3044 1741 diSpositione
3072 1674 3381 1743 angelorum
3409 1691 3422 1726 :
3448 1682 3505 1730 et
3530 1688 3637 1730 nou
3670 1690 3779 1729 cu-

2165 1760 2406 1815 stodistis
2461 1779 2474 1814 :
2525 1762 2549 1798 ¹ί
2608 1769 2663 1815 ut
2701 1763 2981 1819 viveretis.
3037 1765 3331 1821 Audientes
3384 1775 3559 1820 autem
3619 1764 3774 1821 hec:

468 1852 781 1921 quo’tiil-ian'o
811 1851 970 1907 vidue
1016 1868 1207 1908 eorum
1241 1863 1263 1890 ο
1320 1866 1351 1906 a
1410 1852 1675 1907 ministris
1713 1852 2053 1910 hebreorum.
2089 1834 2139 1895 Β
2164 1858 2571 1916 dissecabantur
2600 1862 2853 1918 cordibus
2884 1863 3016 1917 suis.
3075 1863 3144 1918 Et
3174 1864 3477 1919 stridebant
3506 1864 3779 1920 dentibus

468 1941 840 1998 Convo’eantes
870 1952 1047 1998 autem
1078 1944 1107 1979 ει
1140 1943 1371 2013 apostoli
1401 1943 1796 2001 multitudinem
1827 1945 2060 2016 discipu-

468 2034 641 2089 lorum
669 2052 681 2087 z
715 2034 987 2090 dixerunt.
1020 2034 1132 2090 Non
1158 2045 1241 2090 est
1271 2051 1465 2105 equum
1501 2045 1526 2073 ο
1552 2052 1648 2092 vos
1678 2038 1866 2093 relicto
1894 2039 2060 2095 verbo

469 2127 565 2182 Dei
604 2128 909 2183 ministrare
938 2129 1158 2184 mensis.
1198 2128 1403 2197 Eligite
1433 2145 1563 2200 ergo
1595 2131 1782 2187 fratres
1822 2133 1966 2189 viros
1992 2148 2059 2189 ex

466 2218 619 2274 vobis
645 2219 769 2274 boni
801 2220 1087 2278 testimonii
1118 2231 1324 2290 septem
1358 2238 1370 2273 :
1415 2222 1603 2291 plenos
1627 2222 1829 2294 Spiritu
1859 2224 2059 2283 Sancto

469 2322 523 2368 et
546 2312 807 2382 sapientia
840 2330 855 2366 :
888 2329 1022 2382 quos
1046 2316 1432 2369 constituamus
1458 2330 1622 2386 super
1647 2318 1749 2374 hoc
1773 2334 1927 2388 opus.
1951 2320 2056 2376 Nos

468 2418 595 2459 vero
635 2404 865 2459 orationi
890 2415 942 2460 et
964 2406 1246 2463 ministerii
1265 2408 1445 2464 verbis
1475 2410 1810 2467 instabimus.
1851 2414 2054 2483 Etpla-

464 2497 575 2553 cuit
620 2514 803 2554 sermo
840 2514 1019 2555 coram
1064 2502 1210 2555 omni
1240 2502 1586 2560 multitudine
1634 2513 1734 2560 :et
1777 2507 2053 2575 elegerunt

466 2587 795 2663 Stephanum
827 2594 1041 2663 plenum
1074 2594 1179 2650 tide
1206 2604 1261 2652 et
1281 2596 1479 2653 virtute
1503 2608 1557 2653 et
1584 2598 1785 2666 Spiritu
1808 2598 2006 2655 Sancto
2035 2618 2049 2655 :

463 2694 517 2741 et
547 2685 847 2757 Philippum
889 2696 943 2743 et
970 2688 1296 2744 Prochorum
1331 2707 1344 2743 ε
1380 2700 1433 2745 et
1472 2689 1789 2746 Nicanorem
1817 2701 1870 2746 et
1927 2692 2055 2747 Thi-

464 2794 677 2834 monem
713 2797 725 2833 :
757 2790 811 2836 et
834 2781 1149 2837 Parmenam
1189 2801 1203 2837 :
1234 2792 1291 2837 et
1310 2782 1583 2838 Nicolaum
1630 2783 1890 2838 advenam
1944 2786 2054 2839 An-

463 2873 791 2929 tiochenutn.
826 2874 935 2930 llos
958 2884 1260 2931 statuerunt
1287 2886 1410 2930 ante
1434 2887 1779 2944 conspectum
1821 2878 2051 2947 Aposto-

463 2967 660 3022 lorum.
719 2968 785 3023 Et
840 2980 1055 3024 orantes
1121 2970 1490 3039 imposuerunt
1539 2970 1620 3024 eis
1677 2986 1866 3025 manus
1915 2987 1930 3023 :
1997 2981 2053 3026 et

464 3063 687 3117 verbum
719 3063 929 3119 Domini
961 3062 1239 3117 crescebat
1267 3070 1321 3117 et
1362 3062 1814 3131 multiplicabatur
1863 3077 2050 3117 nurne-

460 3169 553 3208 rus
583 3154 966 3222 discipulorum
1010 3157 1065 3208 in
1090 3154 1421 3209 llierusalem
1454 3155 1627 3209 valde.
1684 3155 1845 3210 Multa
1886 3158 2046 3211 etiam

461 3246 615 3302 turba
649 3247 997 3302 Sacerdotum
1022 3247 1304 3301 obediebat
1343 3246 1487 3301 lidei.
1537 3247 1845 3315 Stephanus
1872 3256 2048 3302 autem

460 3340 648 3409 plenus
672 3339 839 3408 gratia
868 3348 921 3394 et
944 3338 1253 3393 fortitudine
1278 3338 1503 3393 faciebat
1530 3336 1549 3375 ί
1576 3342 1721 3408 signa
1746 3340 1799 3394 in
1830 3340 2045 3408 populo.

459 3430 825 3486 Surrexcrunt
853 3438 1029 3483 autem
1061 3430 1275 3499 quidam
1309 3430 1376 3484 de
1408 3431 1687 3501 Synagoga
1717 3447 1819 3500 que
1868 3431 2051 3501 appel-

458 3521 666 3577 labatur
695 3522 1088 3577 Libertinorum
1112 3531 1164 3576 et
1187 3522 1553 3577 Cirenensium
1574 3532 1628 3578 et
1650 3524 2051 3578 Alexandrino-

458 3627 577 3669 rum
612 3631 624 3667 :
659 3624 712 3669 et
740 3630 925 3670 eorum
957 3615 1047 3681 qui
1075 3622 1228 3669 erant
1277 3632 1307 3669 a
1356 3615 1539 3671 Cilicia
1595 3626 1648 3671 et
1693 3619 1817 3672 Asia
1868 3617 2048 3688 dispu-

460 3714 635 3760 tantes
664 3721 783 3761 cum
812 3706 1090 3775 Stephano
1123 3723 1137 3759 :
1175 3715 1230 3761 et
1256 3724 1361 3761 non
1392 3716 1637 3776 poterant
1670 3710 1919 3765 resistere
1963 3727 2049 3766 sa-

458 3796 657 3866 pientie
686 3806 739 3851 et
764 3798 975 3868 spiritui
1007 3815 1020 3851 :
1051 3796 1139 3869 qui
1168 3800 1505 3869 loquebatur.
1557 3810 1584 3847 8
1635 3801 1858 3869 Propter
1907 3802 2049 3872 quod

458 3900 808 3962 arguerentur
834 3892 902 3946 ab
930 3908 995 3947 eo
1022 3907 1142 3947 cum
1172 3894 1317 3948 omni
1358 3894 1567 3948 liducia.
1620 3893 1770 3949 Tune
1826 3897 2053 3952 summi-

459 3995 645 4041 scruut
674 3988 817 4041 viros
845 3987 934 4053 qui
966 3986 1209 4043 dicerent
1239 4002 1297 4042 se
1351 3988 1566 4042 audisse
1612 4005 1732 4042 eum
1782 3990 2049 4047 όὶενιηρω

459 4079 621 4134 verba
663 4078 995 4148 blasphemie
1022 4096 1035 4131 :
1062 4078 1114 4132 in
1164 4078 1381 4148 Moysen
1419 4089 1473 4132 et
1499 4078 1688 4132 Deum.
1723 4080 2053 4138 Commove-

458 4182 584 4226 runt
612 4174 787 4242 itaque
816 4174 1027 4242 plebem
1060 4192 1073 4226 :
1105 4182 1157 4228 et
1182 4174 1434 4228 Seuiores
1464 4182 1519 4228 et
1544 4175 1747 4228 scribas
1782 4195 1795 4228 :
1826 4186 1880 4230 et
1925 4193 2054 4232 cou-

460 4274 736 4317 currentes
789 4274 1080 4331 rapuerunt
1127 4278 1250 4318 eum
1298 4281 1312 4316 :
1357 4274 1410 4317 et
1451 4264 1787 4334 adduxerunt
1827 4283 1948 4321 eum
1998 4270 2053 4323 in

464 4355 712 4411 concilio.
751 4355 817 4409 Et
845 4363 1151 4410 statuerunt
1187 4363 1351 4411 testes
1378 4353 1540 4409 lalsos
1569 4348 1847 4413 'dieeutcs.
1880 4358 2054 4414 Homo

534 4520 556 4548 ι
598 4509 724 4578 Cap.
764 4510 864 4565 VI.
896 4510 1049 4565 Vers.
1082 4510 1330 4577 1-νιιι,4,
1360 4510 1603 4579 pluribus
1628 4522 1803 4568 tamen
1833 4524 2051 4581 praeter-

2164 1956 2216 2009 in
2257 1971 2399 2011 eum.
2449 1956 2581 2011 Cum
2642 1968 2819 2013 autem
2850 1966 2993 2013 esset
3021 1958 3211 2027 plenus
3261 1959 3462 2028 Spiritu
3515 1959 3775 2014 Sancto:

2162 2047 2447 2105 intendens
2503 2050 2559 2103 in
2611 2050 2785 2105 celum
2818 2050 2950 2105 vidit
2978 2052 3211 2120 gloriam
3264 2051 3361 2106 Dei
3409 2070 3423 2105 :
3471 2061 3525 2107 et
3572 2052 3780 2117 Jesum

2161 2150 2391 2197 stantem
2423 2157 2452 2197 a
2477 2142 2681 2197 dextris
2712 2142 2830 2197 Dei.
2868 2144 2930 2197 Et
2956 2143 3051 2197 ait.
3084 2142 3223 2199 Ecce
3246 2143 3403 2199 video
3431 2143 3574 2199 celos
3603 2157 3782 2211 aper-

2162 2244 2247 2291 tos
2276 2252 2291 2289 :
2324 2245 2380 2291 et
2427 2235 2594 2289 filium
2643 2236 2872 2291 hominis
2902 2244 3133 2291 stantem
3165 2250 3193 2289 a
3228 2235 3428 2291 dextris
3481 2234 3498 2272 1
3547 2232 3780 2289 virtutis

2162 2328 2281 2383 Dei.
2328 2327 2707 2384 Exclamantes
2737 2339 2913 2384 autem
2947 2343 3076 2383 voce
3106 2342 3298 2399 magna
3331 2346 3342 2380 :
3375 2327 3781 2381 continuerunt

2158 2435 2318 2477 aures
2340 2436 2504 2477 suas:
2536 2431 2590 2475 et
2616 2421 2872 2491 impetum
2900 2421 3145 2475 fecerunt
3179 2419 3501 2474 unanimiter
3528 2418 3582 2473 in
3614 2434 3774 2475 eum.

2158 2515 2224 2569 Et
2252 2514 2531 2584 ejicientes
2554 2530 2674 2569 eum
2701 2524 2848 2569 extra
2882 2514 3150 2567 civitatem
3182 2510 3494 2578 lapidabant
3528 2528 3541 2562 :
3574 2519 3631 2565 et
3680 2517 3777 2565 te-

2158 2614 2270 2660 stes
2299 2605 2667 2675 deposuerunt
2699 2604 3017 2659 vestimenta
3047 2616 3141 2657 sua
3171 2615 3324 2654 secus
3357 2600 3522 2668 pedes
3574 2600 3779 2657 adole—

2157 2699 2357 2753 scentis
2398 2698 2487 2767 qui
2512 2698 2803 2752 vocabatur
2853 2695 3068 2753 Saulus.
3105 2694 3170 2748 Et
3199 2693 3505 2761 lapidabant
3530 2692 3777 2767 Stepha-

2156 2804 2284 2844 num
2344 2788 2679 2844 invocantem
2732 2797 2787 2843 et
2834 2787 3101 2841 dicentem
3136 2801 3149 2839 :
3185 2784 3412 2839 Domine
3442 2783 3548 2856 52
3576 2785 3719 2841 Jesu
3756 2804 3776 2844 :

2156 2885 2369 2952 suscipe
2418 2882 2664 2953 spiritum
2724 2895 2926 2935 meum.
2985 2877 3177 2934 Positis
3229 2886 3413 2932 autem
3468 2879 3705 2950 genibus
3756 2872 3781 2937 τ’

2155 2976 2403 3031 clamavit
2436 2990 2569 3029 voce
2597 2988 2807 3042 magna.
2838 2971 3066 3026 Domine
3113 2988 3125 3023 :
3179 2984 3249 3025 ne
3277 2978 3481 3025 statuas
3519 2970 3625 3027 illis
3652 2971 3778 3029 hoc

2158 3080 2456 3139 peccatum.
2492 3068 2557 3121 Et
2584 3081 2703 3121 eum
2735 3064 2836 3119 hoc
2863 3063 3091 3118 dixisset
3123 3080 3137 3117 :
3183 3062 3505 3117 obdormivit
3547 3063 3600 3117 in
3651 3063 3776 3120 Do-

2162 3165 2327 3216 mino.
2358 3171 2398 3199 ω
2426 3160 2619 3216 Saulus
2659 3167 2837 3219 autem
2884 3164 3003 3210 erat
3052 3154 3395 3208 consentiens
3442 3153 3562 3209 neci
3613 3154 3768 3225 ejus.

2161 3251 2320 3306 Facta
2352 3261 2435 3305 est
2460 3259 2639 3305 autem
2670 3249 2721 3301 in
2755 3248 2841 3301 illa
2872 3246 2961 3301 die
2993 3247 3295 3316 persecutio
3324 3259 3516 3315 magna
3546 3245 3598 3299 in
3652 3246 3774 3302 Ec-

2156 3345 2318 3401 clesia
2350 3358 2452 3412 que
2484 3351 2601 3397 erat
2632 3337 2997 3395 llierosolimis
3029 3356 3043 3392 :
3075 3348 3128 3393 et
3157 3353 3348 3393 omnes
3374 3338 3601 3407 dispersi
3631 3347 3774 3395 sunt

2154 3454 2251 3511 per
2290 3438 2538 3507 regiones
2580 3434 2750 3490 .ludee
2796 3444 2850 3488 et
2898 3432 3140 3487 Samarie
3194 3450 3205 3484 :
3262 3441 3440 3500 preter
3482 3430 3769 3500 apostolos

2156 3540 2182 3567 ιι
2205 3530 2295 3601 qui
2326 3537 2701 3583 remanserunt
2732 3527 2787 3580 in
2818 3526 3174 3580 llierusalem.
3206 3524 3537 3581 Curaverunt
3572 3533 3769 3581 autem

2155 3623 2487 3692 Stephanum
2520 3621 2620 3675 viri
2650 3619 2885 3674 timorati
2921 3635 2935 3671 :
2969 3626 3023 3673 et
3062 3617 3303 3672 fecerunt
3331 3617 3598 3686 planctum
3630 3632 3767 3673 ma-

2153 3728 2315 3783 gnum
2349 3725 2509 3781 super
2538 3708 2710 3763 illum.
2759 3707 2950 3762 Saulus
3000 3716 3176 3761 autem
3228 3705 3765 3762 devastabatEccle-

2154 3808 2291 3862 siam
2323 3821 2421 3876 per
2450 3804 2639 3859 domos
2671 3803 2875 3857 intrans
2921 3818 2935 3854 :
2971 3800 3113 3854 viros
3139 3814 3200 3854 ac
3228 3799 3480 3855 mulieres
3507 3798 3763 3854 tradebat

2156 3901 2211 3957 in
2235 3899 2558 3955 custodiam.
2589 3896 2664 3950 llli
2696 3896 2855 3965 igitur
2883 3894 2974 3964 qui
3003 3894 3234 3961 diSpersi
3265 3905 3420 3952 erant
3460 3911 3475 3950 :
3506 3902 3763 3966 pertran-

2153 3992 2332 4047 sibant
2358 3989 2787 4060 evangelizautes
2812 3986 3031 4042 verbum
3060 3986 3175 4042 Dei.

2300 4121 2313 4135 .
2344 4085 2537 4135 Amen.

2300 4121 2313 4135 .
2344 4085 2537 4135 Amen.

2240 4085 2455 4229 13Lectio
2487 4172 2667 4229 Sancti
2710 4170 2977 4242 Evangelii
3011 4171 3293 4225 secundum
3321 4169 3609 4225 Matt/reum

2704 4266 2754 4332 (ο
2785 4266 2912 4333 ευρ.
2946 4263 3202 4335 XXIII).

2226 4356 2321 4412 lllo
2370 4356 2425 4412 in
2475 4365 2719 4425 tempore
2752 4374 2765 4410 :
2802 4357 3057 4412 Dominus
3087 4365 3271 4412 noster
3313 4355 3469 4413 Jesus
3496 4355 3752 4419 Christus

2231 4516 2247 4552 ί
2281 4515 2424 4570 Dixit
2453 4523 2638 4569 autem.
2672 4512 2861 4581 Incipit
2902 4522 3061 4582 caput
3083 4515 3399 4582 septimum,
3430 4512 3574 4582 juxta
3606 4512 3759 4572 Υυίπ

462 4563 743 4658 ιῐιίεείεςτἸῃ
774 4563 1115 4658 Lectio'nario
1144 4563 1811 4658 μειξοέὶὁηςίκέᾷάθξῖιωαῖέί
2077 4563 2129 4623 D
2155 4563 2352 4658 gulam.

458 4670 575 4724 qua:
603 4655 1071 4724 peri'ingittantum
1097 4654 1163 4707 ad
1190 4669 1439 4723 eap.vul,
1470 4653 1526 4708 2.
1558 4654 1611 4709 lu
1636 4657 1878 4711 Bobiensi
1911 4661 2048 4713 nulla

458 4735 542 4780 est
578 4726 853 4793 prophetia
877 4727 941 4777 ad
968 4725 1118 4778 miss.
1152 4724 1203 4777 in
1235 4727 1403 4778 sancti
1430 4726 1707 4793 Stephani,
1746 4731 1821 4781 uti
1863 4744 1960 4782 nec
1992 4730 2041 4784 in

459 4798 801 4851 Luxovieusi.
841 4797 1075 4865 Epistola
1104 4804 1281 4850 autem
1313 4796 1609 4851 desumitur
1635 4814 1699 4851 ex
1745 4800 1919 4868 Epist.
1972 4803 2038 4856 ad

460 4871 615 4922 l'iout.
647 4888 681 4933 ι,
718 4870 911 4922 15—18.
1078 4930 1081 4931 ν

532 4940 554 4977 ιι
595 4939 661 4993 In
696 4939 1040 4994 Hierusalem.
1074 4939 1199 4994 Haec
1228 4954 1331 4994 non
1390 4936 1655 4993 habentur
1701 4939 1754 4993 in
1811 4939 2042 5012 Vulgata

458 5023 511 5069 et
541 5013 713 5067 Grmc.

533 5096 553 5122 ε
598 5085 640 5135 Α
676 5085 916 5138 ministris
963 5082 1298 5137 Hebreorum.
1327 5080 1452 5135 Haec
1494 5080 1657 5135 verba
1721 5082 1774 5137 in
1805 5082 1957 5153 Vulg.
1991 5094 2048 5140 et

460 5154 634 5207 (ἐι-ωε.
661 5158 766 5207 imn
795 5160 1062 5223 leguntur.

531 5224 555 5263 ἀ
594 5227 848 5295 Apostoli.
879 5228 1025 5295 Syr.,
1060 5224 1326 5280 duodecim
1349 5224 1584 5295 apostoli.
1620 5223 1776 5294 Vulg.
1826 5234 1879 5279 et
1924 5226 2045 5295 GL,

460 5294 748 5361 duodecim,
781 5294 976 5351 omissa
1004 5312 1132 5351 voce
1161 5294 1399 5365 apostoli.

536 5378 561 5405 ε
611 5366 735 5420 Vos.
768 5369 909 5436 Lege
939 5385 1049 5429 nos,
1080 5380 1135 5436 ut
1164 5368 1214 5419 in
1252 5366 1399 5433 Vulg.
1432 5375 1486 5419 et
1515 5365 1608 5421 Gr.

534 5437 555 5475 ί
601 5438 785 5508 Signa.
818 5433 968 5506 Vulg.
1003 5450 1055 5490 et
1085 5433 1285 5503 Gr:ec.,
1316 5438 1551 5510 prodigia
1572 5447 1616 5493 et
1657 5439 1803 5509 signa
1835 5453 2042 5503 magna.

465 5512 609 5578 εῖτ..
649 5515 795 5579 signa
822 5522 865 5563 et
888 5510 1180 5562 miracula.‘

537 5590 561 5628 Β
602 5581 823 5650 Propter
844 5584 978 5650 quod
999 5588 1333 5649 arguerentur
1358 5581 1418 5633 ab
1440 5598 1496 5635 eo
1522 5598 1638 5634 cum
1662 5580 1799 5635 omni
1827 5580 2042 5639 ﬁducia.

464 5655 625 5707 Deest
658 5656 711 5707 in
748 5653 893 5720 Vulg.
928 5652 1022 5708 Gr.
1052 5660 1107 5708 et
1132 5656 1251 5723 Syr.
1295 5654 1354 5707 In
1397 5655 1638 5724 margine
1687 5652 2041 5721 quorumdam

464 5725 716 5797 Codicum
749 5726 958 5797 legitur.
1268 5796 1285 5797 γ
1384 5794 1394 5797 _
1439 5794 1446 5797 _
1840 5795 1849 5797 Α
1946 5794 1972 5797 μ
2016 5778 2024 5783 .

522 5795 560 5835 ἰι
597 5797 789 5851 Locum
806 5794 1050 5853 sanctum
1083 5796 1240 5852 hunc.
1266 5794 1398 5851 Illud
1428 5794 1563 5850 hunc
1596 5797 1787 5866 legitur
1839 5795 1892 5852 itt
1940 5794 2045 5865 Sy-

462 5871 625 5929 riaco.
658 5871 715 5929 lu
746 5870 901 5940 νὼς.
926 5880 982 5927 et
1010 5868 1104 5924 Gr.
1136 5884 1242 5925 non
1271 5867 1483 5935 legitur.

2226 4657 2241 4708 l
2284 4658 2382 4723 Qui
2409 4658 2500 4711 ait.
2536 4657 2597 4711 Et
2624 4656 2833 4721 statim,
2865 4656 3057 4709 omissa
3100 4671 3283 4721 magna
3329 4666 3474 4721 parte
3517 4655 3749 4718 prolixa:

2151 4722 2426 4784 Conciouis
2455 4731 2623 4783 sancti
2656 4728 2946 4796 Stephani,
2978 4731 3169 4782 transit
3199 4728 3262 4779 ad
3296 4742 3437 4780 vers.
3470 4722 3528 4776 51
3552 4767 3565 4792 ,
3594 4725 3749 4780 Dura

2150 4817 2552 4856 cervice.........

2222 4872 2248 4908 ιι
2286 4871 2350 4925 Ut
2376 4873 2622 4925 viveretis.
2654 4869 2709 4922 In
2741 4870 2862 4931 ὕπ’..
2893 4870 3017 4937 Syr.
3061 4878 3113 4922 et
3148 4868 3299 4937 Vulg.
3322 4908 3335 4930 ,
3368 4882 3470 4920 non
3525 4865 3747 4934 legitur.

2227 4940 2243 4979 1
2296 4942 2509 4996 Virtutis
2554 4940 2671 4995 Dei.
2722 4940 2855 4995 Illud
2894 4940 3090 4991 virtutis
3128 4942 3179 4993 in
3215 4949 3361 4993 textu
3400 4938 3574 5006 Vulg..
3608 4938 3741 5006 Syr.

2150 5022 2201 5068 et
2234 5014 2345 5077 Fr.,
2378 5032 2481 5067 non
2511 5014 2771 5077 habetur;
2822 5011 3014 5080 legitur
3040 5012 3091 5063 in
3143 5011 3383 5080 margine
3433 5012 3743 5079 aliquorqu

2149 5084 2404 5140 Codicum
2438 5085 2769 5137 Latinorum.

2221 5166 2259 5191 ηε
2300 5154 2499 5210 Saulus
2520 5164 2705 5206 autem.
2744 5153 2955 5206 Initium
2987 5152 3178 5219 capitis
3207 5154 3449 5210 octavi...

2218 5234 2246 5261 η
2290 5227 2391 5290 Qui
2415 5236 2763 5277 remanserunt
2794 5227 2846 5276 in
2880 5223 3225 5278 Hierusalem.
3268 5226 3326 5277 In
3359 5225 3510 5293 Syr.,
3540 5222 3633 5275 Gr.
3689 5232 3747 5277 ct

2150 5296 2281 5361 Vulg
2311 5339 2324 5357 ,
2357 5312 2460 5349 non
2486 5296 2842 5357 reperiuntur.

2221 5376 2245 5402 ο
2286 5366 2414 5429 Cap.
2461 5364 2687 5418 XXIII.
2721 5366 2876 5421 Vers.
2929 5364 3073 5421 1-39.
3128 5364 3336 5419 Missale
3383 5365 3739 5427 Tuletanum,

2148 5437 2525 5492 Kalendarium
2586 5436 2889 5501 Frontonis,
2942 5437 3080 5490 liber
3126 5437 3349 5489 Comitis
3406 5437 3621 5488 l’autelii
3684 5444 3745 5489 et

2148 5510 2361 5564 Missale
2395 5509 2688 5562 Romaniut-ai
2721 5509 2890 5563 sancti
2926 5509 3000 5561 l’ii
3030 5506 3094 5569 V,
3128 5506 3468 5574 Evangelium
3502 5523 3563 5558 ex
3604 5522 3735 5559 san.-

2148 5592 2234 5635 cto
2266 5581 2726 5649 Muttlt:t-o(xx11t,
2759 5578 2958 5648 54-39)
3018 5578 3219 5647 legunt.
3280 5582 3334 5631 In
3395 5578 3739 5649 Leotionario

2148 5647 2763 5718 Litxovieusiexisauetu
2814 5647 3060 5703 Matthceo
3114 5651 3563 5720 (xvrt.‘25-xvut,
3604 5647 3733 5720 1‘2).

2148 5726 2205 5845 in
2234 5722 2934 5845 BobéejtsaiGSaeramentario
2956 5719 3147 5792 legitur
3169 5737 3233 5777 ex
3264 5729 3452 5777 sancto
3482 5719 3735 5776 Matthmo

2176 5811 2307 5845 XVII.
2379 5811 2437 5845 ί)-
2540 5832 2552 5845 .

2151 5796 2307 5866 (xvu,
2338 5794 2552 5853 25-26).
