3992 6354
178 338 263 404 ωδ
867 332 1165 394 MISSALE
1202 326 1473 389 ntxrou
1512 330 1661 388 sne.
1704 313 1870 386 nec;
1908 327 1969 389 Β.
2012 326 2280 387 lSIDOBl.
2428 310 2613 390 rans
2650 310 2691 387 ιζ

3316 314 3436 395 '194

177 461 465 535 loquebatur
512 454 796 527 discipulis
839 455 954 510 suis
1005 452 1215 509 dicens.
1241 452 1413 521 Super
1440 448 1748 505 cathedram
1776 453 1832 511 Α
1941 448 1979 517 ἡ
2001 485 2014 501 .
2050 448 2237 502 Amen.

177 554 325 627 Moysi
351 552 610 609 sederunt
634 548 825 607 Scribe
853 555 909 604 et
938 547 1203 604 Pharisei.
1242 545 1430 601 Omnia
1454 559 1582 616 ergo
1610 560 1742 615 que-

176 664 360 720 eunque
384 647 630 702 dixerint
657 642 809 699 vobis
843 659 855 695 :
891 649 1106 697 servate
1132 650 1185 696 et
1214 638 1374 695 facite
1405 655 1420 694 :
1450 638 1743 695 secundum

178 759 286 798 vero
313 755 473 808 opera
504 752 691 794 eorum
722 753 736 789 :
766 734 935 790 nolite
981 734 1180 789 facere.
1232 731 1424 787 Dicunt
1468 730 1611 786 enim
1647 746 1661 783 :
1692 738 1747 783 et

178 851 265 891 non
293 833 510 888 iaciunt.
542 830 781 900 A-lligant
803 836 981 882 autem
1014 842 1176 882 onera
1209 826 1389 894 gravia
1444 832 1499 880 et
1549 824 1746 893 impor-

177 924 333 980 tsbilia
359 941 371 974 :
401 931 454 977 et
480 922 765 990 imponunt
803 919 853 972 in
896 917 1153 971 humeros
1199 914 1474 970 hominum
1522 931 1538 968 :
1580 913 1744 981 digito

176 1025 329 1069 autem
354 1028 447 1067 suo
478 1012 667 1066 nolunt
686 1024 751 1066 ea
779 1024 1020 1065 movere.
1049 1007 1240 1062 Omnia
1263 1021 1395 1063 vero
1439 1019 1603 1075 opera
1644 1018 1743 1060 sua

176 1105 351 1160 la‘ciunt
381 1125 393 1159 :
426 1113 485 1159 ut
513 1103 796 1159 videantur
826 1110 851 1138 ⁸
882 1101 951 1155 ab
980 1099 1311 1155 hominibus.
1343 1098 1576 1153 Dilatant
1599 1097 1741 1154 enim

176 1196 424 1267 philateria
449 1211 546 1251 sua
579 1212 594 1249 :
638 1204 693 1251 et
723 1192 1063 1263 magniﬁcam
1093 1189 1355 1245 fimbrias.
1408 1192 1605 1244 Amant
1650 1205 1745 1243 au-

178 1298 267 1345 tein
294 1290 488 1359 primos
517 1288 791 1343 recubitus
830 1286 882 1339 in
911 1283 1060 1340 cenis
1094 1299 1109 1337 :
1141 1291 1195 1338 et
1220 1283 1423 1352 primas
1459 1282 1741 1337 cathedras

176 1380 221 1435 in
244 1379 500 1452 sinagogis
532 1397 548 1436 :
578 1389 632 1435 et
677 1378 1024 1434 salutationes
1072 1374 1127 1430 in
1170 1374 1327 1431 foro:
1377 1383 1433 1431 et
1468 1375 1646 1430 vocari
1674 1374 1743 1428 ab

174 1470 451 1527 horninibus
484 1472 655 1527 rabbi.
706 1470 816 1526 Vos
838 1478 1021 1525 autem
1070 1468 1234 1524 nolite
1262 1470 1444 1524 vocari
1473 1468 1541 1523 ab
1570 1467 1742 1523 homi-

173 1566 309 1622 nibus
335 1566 503 1621 rabbi.
532 1565 683 1622 Unus
732 1572 817 1620 est
846 1564 989 1620 enim
1015 1564 1273 1633 magister
1303 1571 1482 1618 vester
1512 1578 1527 1616 :
1553 1576 1743 1617 omnes

171 1668 323 1714 autem
370 1658 567 1713 fratres
607 1657 761 1713 estis.
788 1656 881 1711 σει
926 1662 1135 1726 patrem
1170 1654 1338 1711 nolite
1367 1668 1562 1710 vocare
1592 1656 1741 1710 vobis

170 1766 309 1819 super
354 1759 549 1805 terram
601 1767 615 1780 -
658 1764 796 1804 unus
826 1758 910 1805 est
963 1748 1106 1805 enim
1138 1758 1290 1819 pater
1317 1755 1498 1803 vester
1544 1748 1633 1817 qui
1685 1748 1737 1803 in

1922 538 2075 592 Dicat
2100 537 2288 593 Presb.
2321 537 2578 595 Dominus
2601 539 2670 595 sit
2689 550 2903 611 semper
2920 538 3217 598 vobiscum.

1936 634 2009 703 ἢ.
2056 632 2125 687 Et
2151 647 2271 688 cum
2302 634 2510 702 spiritu.

1926 736 1947 763 ο
1993 725 2197 779 Lauda.
2238 724 2484 797 Alleluja.
2540 727 2578 797 y
2603 766 2615 780 .
2658 726 2931 785 Exultabit
2951 728 3125 800 justus
3152 730 3203 786 in
3229 730 3437 803 gloria:

1849 818 2169 888 etgaudebit
2191 818 2243 873 in
2276 818 2454 875 leticia
2476 822 2820 890 sempiterna.
2852 820 2919 877 P.
2948 824 3195 895 Alleluja.

1920 910 1945 949 ἀ
1989 912 2337 981 Sacriﬁcium.
2382 912 2491 983 Ego
2520 913 2706 969 Daniel
2744 915 2983 971 intellexi
3012 932 3296 973 numerum
3342 933 3440 974 an-

1847 1019 2037 1061 norum
2068 1006 2121 1062 in
2161 1024 2265 1077 quo
2297 1007 2466 1064 factus
2509 1020 2591 1065 est
2620 1027 2797 1066 sermo
2830 1011 3041 1067 Domini
3074 1031 3086 1065 :
3120 1013 3212 1068 tibi
3256 1024 3434 1070 autem

1847 1096 2076 1152 Domino
2121 1098 2231 1154 Deo
2273 1107 2457 1155 nostro
2485 1102 2785 1169 propitiatio
2811 1112 2862 1158 et
2893 1103 3259 1159 misericordia
3307 1106 3438 1161 alle-

1845 1186 1974 1257 luja.
2020 1189 2053 1257 Ῡ
2078 1228 2093 1243 .
2120 1188 2254 1244 Dum
2278 1190 2575 1260 aspicerem
2608 1191 2663 1246 in
2693 1192 2919 1247 nubibus
2950 1194 3049 1249 celi
3082 1234 3094 1246 .
3130 1207 3255 1249 ecce
3280 1195 3434 1264 quasi

1846 1278 1988 1333 filius
2039 1281 2273 1337 hominis
2321 1282 2549 1337 amictus
2599 1299 2730 1338 auro
2782 1286 3071 1353 purissimo
3116 1287 3366 1343 veniebat
3421 1306 3437 1344 :

1845 1371 2175 1440 principatus
2206 1384 2259 1429 et
2287 1374 2459 1430 honor
2481 1384 2534 1430 et
2560 1390 2802 1447 regnum.
2837 1375 2907 1433 P.
2938 1377 3060 1433 Tibi
3088 1388 3265 1435 autem
3323 1378 3439 1434 Do-

1844 1465 1990 1520 mino
2013 1465 2124 1521 Deo
2148 1474 2354 1521 nostro.

1919 1556 2102 1611 Missa.
2137 1557 2377 1612 Primum
2407 1557 2530 1613 licet
2558 1557 2863 1614 hominibus
2885 1558 3218 1616 dilectissimi
3246 1561 3438 1619 fratres

1850 1655 1873 1683 ε
1897 1648 1996 1702 sub
2028 1648 2253 1704 eandem
2287 1651 2552 1720 passionis
2580 1650 2806 1706 formam
2833 1667 2964 1707 crux
2996 1652 3191 1707 Christi
3242 1654 3296 1709 in
3337 1668 3439 1725 qua

1849 1752 2164 1799 cunctorum
2199 1755 2496 1816 martyrum
2529 1747 2763 1816 primitie
2793 1748 3139 1802 continentur
3169 1745 3191 1785 ί
3217 1748 3441 1817 impres-

168 1843 281 1897 ¢e1is
307 1853 403 1897 est.
437 1842 514 1897 ve
542 1842 693 1898 vobis
721 1842 909 1898 scribe
932 1850 987 1897 ει
1014 1842 1250 1897 Ριητῑςθί
1284 1842 1561 1913 hypocrita
1582 1860 1595 1895 ;
1619 1842 1741 1912 quia
1774 1828 1821 1889 B
1846 1837 1979 1892 serit
2004 1856 2015 1890 :
2049 1838 2143 1893 sed
2173 1846 2351 1895 tamen
2383 1840 2435 1895 in
2459 1840 2806 1909 similitudine
2831 1842 3011 1897 carnis
3030 1844 3239 1913 peccati
3269 1860 3283 1901 :
3312 1858 3441 1899 cou-

167 1934 410 1989 munda‘tis
436 1935 576 2003 quod
607 1935 673 1990 de
702 1934 833 1990 foris
862 1944 946 1990 est
970 1934 1155 1991 calicis
1184 1943 1240 1990 et
1268 1934 1568 2004 parapsidis
1602 1951 1616 1988 :
1661 1934 1742 1989 in-

164 2035 234 2082 tus
250 2037 418 2082 autem
450 2028 594 2098 pleni
625 2029 755 2083 estis
785 2029 974 2099 rapina
998 2036 1054 2083 et
1081 2028 1447 2083 immdndicia.
1480 2028 1737 2085 Pharisee

162 2131 271 2173 cece
312 2119 509 2173 munda
538 2118 685 2189 prius
709 2119 851 2189 quod
878 2119 1024 2174 intus
1055 2128 1138 2174 est
1166 2120 1350 2174 calicis
1394 2128 1450 2175 et
1501 2121 1743 2190 parapsi-

159 2207 232 2262 dis
261 2227 274 2263 :
308 2218 365 2263 ut
409 2209 501 2263 ﬁat
529 2209 583 2263 id
610 2209 747 2278 quod
777 2208 844 2263 de
875 2208 1004 2263 foris
1035 2218 1116 2263 est
1144 2208 1426 2263 mundum.
1478 2207 1554 2263 Ve
1583 2209 1738 2265 vobis

149 2296 329 2355 Scribe
359 2309 415 2355 et
446 2300 687 2355 Pharisei
717 2300 997 2371 hypocrita
1023 2318 1037 2355 :
1066 2303 1189 2371 quia
1219 2302 1425 2357 similes
1475 2302 1605 2356 estis
1656 2316 1741 2357 se-

148 2392 394 2461 pulchris
426 2392 687 2446 dealbatis
720 2410 735 2447 :
765 2407 869 2462 que
898 2393 1023 2447 foris
1066 2402 1255 2461 parent
1282 2392 1585 2449 hominibus
1614 2407 1740 2463 spe-

149 2483 296 2537 ciosa
334 2502 345 2535 :
380 2483 526 2537 intus
557 2499 681 2538 vero
706 2484 858 2553 plena
881 2494 998 2540 sunt
1024 2486 1238 2541 ossibus
1264 2497 1597 2544 mortuorum
1632 2504 1646 2541 :
1686 2497 1741 2543 et

148 2575 296 2630 omni
348 2576 634 2644 spnrcicia.
690 2578 775 2632 Sic
828 2588 879 2634 et
907 2594 1001 2633 vos
1045 2595 1061 2635 :
1114 2578 1245 2634 foris
1277 2580 1490 2650 quidem
1543 2582 1740 2650 paretis

148 2665 452 2722 hominibus
477 2667 645 2737 justi:
673 2668 816 2725 intus
844 2678 1023 2725 autem
1052 2672 1196 2737 pleni
1224 2673 1354 2727 estis
1383 2673 1656 2744 hypocrisi
1686 2681 1739 2728 et

151 2758 435 2829 iniquitate.
501 2760 573 2817 Ve
602 2762 748 2817 vobis
792 2762 982 2819 Scribe
1021 2774 1073 2820 et
1120 2765 1363 2822 Pharisei
1413 2766 1737 2837 hypocrite:

155 2853 228 2924 qui
262 2854 542 2910 .editicatis
590 2856 875 2924 sepulchra
941 2857 1325 2927 prophetarum
1375 2875 1391 2913 :
1452 2867 1509 2913 et
1535 2860 1740 2915 ornatis

158 2957 483 3003 monumenta
522 2947 791 3018 justorum
836 2960 935 3005 :et
982 2949 1182 3008 dicitis.
1239 2953 1298 3008 Si
1343 2952 1635 3009 fuissemus
1686 2956 1738 3010 in

161 3036 323 3093 diebus
355 3046 569 3108 patrum
594 3049 904 3095 nostrorum
934 3059 947 3096 :
972 3057 1079 3097 non
1105 3058 1347 3099 essemus
1388 3046 1520 3100 socii
1550 3059 1736 3100 eorum

162 3129 474 3197 lnsaoguine
505 3130 913 3201 prophetarum.
965 3132 1150 3203 Itaque
1200 3134 1567 3191 testimonium
1609 3139 1738 3191 estis

164 3197 538 3293 rohismetipsis
573 3197 753 3296 {quia
776 3226 872 3281 filii
899 3228 1031 3283 estis
1066 3197 1253 3285 eorum
1304 3231 1393 3301 qui
1446 3230 1737 3301 prophetas
1764 3197 1810 3260 C
1843 3219 2037 3274 οηῖοῖίε
2068 3236 2083 3274 ε
2116 3230 2169 3277 ει
2201 3221 2318 3277 zelo
2372 3223 2688 3279 ίῐηίίλιίοηῖε
2742 3237 2968 3280 accensa
3015 3243 3030 3281 ε

163 3313 450 3370 occiderunt
502 3334 516 3369 ε
572 3326 627 3371 et
650 3332 748 3372 vos
778 3319 995 3389 implete
1050 3334 1355 3375 mensuram
1406 3333 1613 3392 patrum
1646 3338 1739 3377 γεω

162 3413 390 3463 strorum.
434 3409 735 3479 Serpentes
764 3427 779 3466 :
806 3411 1076 3481 genimina
1105 3414 1414 3483 viperarum
1447 3433 1458 3467 :
1493 3430 1599 3483 quo
1652 3415 1737 3469 fu-

160 3495 301 3565 gietis
324 3513 353 3552 a
377 3500 580 3569 judicio
608 3502 849 3573 gehenne
873 3502 897 3556 ?
930 3501 1059 3558 ldeo
1090 3503 1209 3558 dico
1237 3504 1406 3559 vobis.
1470 3494 1610 3561 Ecce
1638 3522 1737 3577 ego

158 3590 301 3644 mitto
325 3592 389 3645 ad
419 3608 515 3648 vos
547 3593 847 3665 Prophetas
895 3605 948 3650 et
992 3596 1211 3653 Scribas
1244 3616 1257 3653 :
1291 3609 1344 3653 et
1367 3615 1430 3654 ex
1462 3600 1565 3655 illis
1596 3602 1738 3656 occi-

156 3681 280 3737 detis
316 3695 368 3740 et
410 3686 734 3757 cruciﬁgetis
764 3708 777 3741 :
810 3699 865 3743 et
907 3704 971 3744 ex
1019 3688 1096 3745 eis
1139 3690 1476 3762 flagellabitis
1518 3693 1571 3747 in
1622 3695 1735 3749 sin-

152 3778 328 3846 agogis
358 3780 549 3835 vestris
580 3796 593 3833 :
623 3790 679 3835 et
708 3781 1099 3850 persequeniini
1122 3781 1187 3836 de
1210 3783 1426 3838 civitate
1471 3784 1524 3838 in
1556 3785 1738 3839 civita-

154 3874 260 3921 tem
306 3877 412 3922 :ut
433 3869 608 3924 veniat
648 3886 810 3942 super
850 3888 945 3927 vos
984 3873 1157 3928 omnis
1204 3875 1420 3944 sanguis
1457 3875 1587 3945 justi
1646 3877 1735 3945 qui

153 3959 351 4015 eﬂusus
399 3972 480 4018 est
527 3978 681 4034 super
725 3974 925 4021 terram
959 3985 971 4019 :
1003 3982 1030 4018 ει
1076 3968 1335 4037 sanguine
1387 3968 1519 4023 Abel
1557 3968 1732 4037 justi:

153 4066 312 4124 nsque
358 4056 423 4109 ad
462 4058 773 4127 sanguinem
823 4058 1082 4115 Zacharie
1112 4061 1208 4115 ﬁlii
1239 4060 1497 4116 Barachie
1531 4078 1544 4115 :
1577 4076 1733 4131 quem

157 4147 410 4204 occidistis
442 4150 584 4205 inter
612 4151 866 4222 templum
892 4162 945 4208 et
973 4154 1161 4209 altare.
1188 4155 1357 4210 Amen
1383 4154 1504 4209 dico
1533 4155 1684 4209 vobis
1718 4172 1732 4209 :

156 4240 351 4294 venient
377 4242 475 4297 hec
502 4244 685 4298 omnia
707 4259 869 4315 super
898 4246 1298 4315 generationem
1349 4248 1525 4302 istam.
1574 4248 1734 4303 Jeru-

158 4332 303 4387 salem
334 4336 635 4392 Jerusalem
669 4354 808 4406 :que
848 4340 1046 4395 occidis
1077 4340 1370 4410 Prophetas
1402 4360 1417 4397 :
1446 4350 1500 4397 et
1531 4342 1734 4412 lapidas

162 4439 243 4481 eos
266 4430 350 4499 qui
374 4431 440 4485 ad
470 4440 524 4486 te
568 4431 719 4487 missi
763 4443 924 4488 sunt:
958 4435 1216 4501 Quotiens
1243 4435 1380 4489 volui
1412 4451 1734 4507 congregare

165 4514 280 4574 ﬁlios
326 4532 444 4577 tuos
486 4524 933 4593 quemadmodum
982 4526 1177 4595 gallina
1220 4537 1510 4599 congregat
1562 4529 1733 4598 pullos

166 4621 271 4666 suos
289 4614 381 4668 sub
400 4616 515 4669 alas
551 4634 563 4668 :
592 4626 645 4672 et
675 4617 889 4672 noluisti
920 4618 942 4670 ?
992 4618 1129 4673 Ecce
1186 4618 1514 4689 relinquetur
1542 4620 1732 4676 domus

168 4714 321 4760 vestra
368 4708 601 4763 deserta.
655 4710 782 4764 Dico
829 4710 969 4765 enim
1002 4711 1151 4766 vobis
1184 4730 1198 4766 :
1233 4726 1335 4767 non
1366 4728 1451 4767 me
1482 4713 1731 4769 videbitis

173 4800 335 4853 amodo
366 4821 380 4857 :
410 4801 583 4858 donec
612 4803 819 4859 dicatis.
852 4805 1171 4861 Benedictus
1211 4808 1301 4877 qui
1346 4808 1495 4863 venit
1534 4809 1585 4861 in
1635 4822 1729 4863 no-

176 4892 291 4949 mine
319 4895 526 4952 Domini
562 4894 626 4951 εδ
663 4897 774 4952 Rex
806 4899 987 4959 Israel.

178 5097 209 5152 ς
234 5042 252 5067 ι
291 5035 355 5087 Ab
396 5035 775 5090 hominibus...
822 5036 911 5091 Hae
960 5052 1117 5092 voces
1163 5038 1363 5092 desunt
1406 5037 1460 5092 in
1485 5036 1644 5108 Vulg.
1676 5046 1732 5095 et

216 5116 317 5152 rare.

216 5116 392 5251 ring“
421 5175 610 5251 Israel.
652 5177 817 5251 Deest
845 5178 1099 5251 Vulgata}.

180 5323 202 5361 ³
233 5252 255 5362 ἴ
282 5246 481 5365 lLauda.
518 5249 593 5302 Ex
651 5248 740 5304 Ps.
790 5246 969 5317 cst.er
1004 5253 1059 5319 5,
1091 5250 1155 5305 ad
1213 5266 1369 5318 usum
1429 5252 1731 5309 festivitatis

207 5329 273 5379 pa
298 5334 341 5369 ο.

234 5386 625 5510 δὲαενὶροἱωη.
669 5391 751 5446 Ex
794 5391 1044 5458 Daniele,
1089 5406 1175 5460 Ix,
1218 5394 1288 5461 2,
1329 5395 1383 5451 9.
1438 5396 1513 5467 ᾖ.
1566 5396 1723 5463 lbid.,

183 5464 254 5521 vn,
280 5464 356 5513 l5.

239 5537 257 5607 ξ
294 5530 411 5607 Sub.
441 5533 579 5605 Lege
613 5554 627 5590 :
656 5535 749 5607 sub
776 5537 950 5588 eadem
974 5534 1231 5602 passionis
1252 5537 1444 5607 forma.

240 5595 254 5634 ί
290 5595 624 5677 impresserit.
654 5605 793 5677 Lege
817 5595 1153 5677 praecesserit.

234 5678 254 5715 σ
289 5670 478 5729 Extitit.
516 5680 666 5732 Adde
686 5670 937 5735 Citriitus.

233 5736 257 5823 ξ
293 5744 414 5823 Qui.
436 5747 552 5803 Hoc
575 5756 677 5823 est,
703 5752 977 5823 quomodo.
1064 5822 1067 5823 ν
1142 5817 1149 5823 η

238 5809 252 5848 ί
292 5812 542 5889 Perfecta.
594 5809 793 5878 Conira
839 5817 1532 5899 calumnias‘fpaganorum,
1560 5820 1737 5880 Mani-

1845 1927 2033 1984 formis
2077 1929 2183 2001 43
2229 1932 2434 1985 nobisS
2464 1932 2638 1988 extitit
2688 1948 2793 1988 non
2847 1934 3072 2003 aqualis.
3119 1935 3251 1991 Nam
3302 1935 3441 1991 inter

1845 2020 2091 2078 homines
2134 2033 2321 2080 nostre
2362 2026 2639 2095 pravitatis
2684 2034 3021 2097 :nostreque
3073 2029 3440 2084 conditionis:

1843 2114 2140 2170 nativitatis
2172 2131 2185 2169 :
2212 2115 2346 2185 legis
2372 2116 2488 2171 :vel
2519 2117 2683 2172 sortis
2712 2154 2723 2170 .
2757 2118 2960 2187 primus
2984 2118 3122 2175 hanc
3151 2121 3293 2175 viam
3324 2120 3440 2175 Ste~

1844 2202 2054 2271 phanus
2109 2215 2315 2276 martyr
2370 2206 2589 2261 intravit
2640 2225 2654 2260 :
2708 2207 2968 2263 duriciam
3028 2210 3179 2265 ardui
3234 2210 3441 2266 itineris

1844 2293 1970 2349 vicit
2005 2313 2019 2349 :
2055 2296 2282 2364 palmam
2341 2298 2601 2367 propositi
2650 2301 2889 2354 muneris
2939 2302 3218 2370 occupavit
3249 2301 3319 2357 :h
3350 2302 3440 2373 qui

1846 2387 2011 2442 Deum
2039 2398 2093 2443 et
2132 2389 2401 2445 hominem
2436 2401 2753 2459 sequeretur
2782 2393 3035 2449 ostendit.
3088 2396 3227 2449 Ante
3267 2396 3437 2463 ipsum

1842 2479 2055 2549 quidem
2078 2480 2321 2536 Christus
2354 2500 2366 2534 :
2396 2482 2491 2537 sed
2525 2492 2704 2538 tamen
2739 2482 2943 2553 primus
2973 2486 3084 2554 ipse
3118 2494 3237 2555 post
3277 2485 3436 2541 Chri-

1841 2577 2004 2625 stum.
2034 2571 2129 2627 llic
2162 2572 2320 2627 homo
2348 2573 2473 2628 fecit
2494 2573 2709 2644 adjutus
2749 2590 2776 2627 a
2822 2575 2931 2630 Deo
2962 2594 2975 2629 :
3004 2578 3143 2647 quod
3174 2579 3246 2632 ihi
3276 2580 3437 2635 homo

1844 2664 2069 2734 perfecit
2098 2666 2278 2721 unitus
2303 2667 2355 2722 in
2388 2667 2517 2723 Deo.
2573 2666 2666 2723 llle
2688 2682 2846 2722 servo
2874 2669 3087 2737 prcvius
3131 2689 3142 2723 :
3180 2672 3277 2725 iste
3307 2687 3437 2727 con-

1842 2756 2036 2811 servis.
2059 2755 2155 2813 llle
2177 2758 2499 2827 generaliter
2521 2774 2618 2827 pro
2640 2760 2950 2830 magisterio
2981 2779 2991 2814 :
3019 2761 3118 2817 iste
3137 2764 3438 2832 specialiter

1840 2862 1937 2917 pro
1967 2851 2241 2920 magistro.
2277 2850 2375 2906 Hic
2402 2851 2511 2923 egit
2536 2865 2693 2906 suum
2725 2854 3040 2923 martyriqu
3072 2870 3086 2905 :
3116 2854 3203 2909 ille
3243 2855 3438 2909 multo-

1842 2957 1980 2998 rum.
2036 2944 2141 2999 lste
2191 2946 2242 2999 in
2294 2960 2353 3001 se
2400 2962 2507 3001 non
2549 2948 2869 3017 ingloriosus
2902 2965 2917 3002 :
2948 2949 3039 3004 ille
3066 2965 3163 3019 pro
3193 2951 3437 3007 omnibus

1842 3034 2128 3104 gloriosus.
2182 3033 2200 3072 ί
2257 3036 2495 3092 Perfecta
2546 3039 2705 3108 igitur
2746 3038 2878 3094 fides
2925 3039 3148 3096 honoret
3199 3050 3435 3097 testem:

1845 3124 2028 3181 laudet
2047 3134 2322 3183 auctorem
2349 3138 2403 3184 et
2428 3144 2522 3184 sua
2554 3130 2744 3200 cuique
2769 3130 2949 3187 debita
2980 3132 3225 3189 discretis
3250 3135 3436 3189 reddat

3075 3234 3127 3282 et
3172 3226 3436 3297 adjutorio

1842 3311 2083 3382 proﬁciat
2112 3323 2167 3369 et
2197 3315 2446 3387 exemplo
2480 3332 2496 3371 :
2527 3316 2575 3372 si
2615 3315 2866 3373 distincte
2896 3326 2954 3373 et
2981 3318 3210 3376 Domino
3238 3319 3436 3376 serviat

1840 3413 1894 3459 ct
1916 3416 2167 3476 patrono.

1927 3498 1966 3565 ιῆ
1987 3537 2001 3552 .
2034 3499 2227 3555 Amen.

1912 3592 2032 3645 Alia
2090 3594 2291 3649 Oratio.
2335 3592 2410 3649 Te
2449 3594 2675 3653 Domine
2727 3598 2854 3655 Jesu
2903 3598 3117 3658 Christe
3163 3601 3435 3658 benedici-

1839 3695 2184 3757 musztequc
2238 3688 2515 3745 laudamus
2546 3689 2609 3746 εἰ
2660 3696 2748 3762 qui
2796 3701 2903 3749 tam
2954 3694 3168 3750 beatum
3221 3706 3435 3765 tamque

1841 3778 2131 3849 perfectqu
2161 3788 2453 3852 martyrem
2486 3794 2632 3839 tuum
2672 3786 3006 3853 Stephanum
3038 3790 3111 3842 tui
3141 3790 3435 3863 imitatione

1839 3875 2009 3932 fecisti
2048 3895 2059 3929 :
2096 3888 2152 3930 ut
2180 3878 2322 3947 quod
2369 3880 2531 3932 etiam
2576 3880 2628 3933 in
2662 3881 2880 3949 reliquis
2905 3883 3104 3935 sanctis
3133 3897 3311 3935 rarum
3354 3892 3434 3935 at-

1839 3982 1942 4037 que
1970 3966 2192 4021 difﬁcile
2237 3979 2319 4021 est
2351 3987 2362 4020 :
2397 3971 2475 4024 sic
2515 3972 2902 4038 persecutionis
2946 3981 3205 4041 tormenta
3256 3980 3432 4043 porta-

1839 4070 1921 4114 ret
1956 4076 1969 4113 :
2003 4069 2060 4114 ut
2088 4060 2304 4115 ultionis
2334 4071 2453 4116 vota
2479 4062 2544 4117 de
2566 4065 3010 4133 persequentibus
3034 4080 3139 4121 non
3172 4066 3427 4120 haberet:

1838 4161 1894 4207 et
1943 4168 2127 4209 eorum
2195 4156 2568 4224 impunitatem
2625 4157 2892 4227 intrepide
2950 4160 2998 4212 in
3060 4159 3432 4227 persecutione

1839 4255 2087 4317 peteret:
2130 4264 2359 4319 quorum
2413 4251 2741 4319 impietatem
2804 4252 2942 4307 inter
2990 4267 3121 4307 saxa
3183 4254 3427 4309 sentiret.

1838 4339 2031 4410 Utique
2072 4357 2191 4396 cum
2241 4341 2319 4397 illi
2366 4341 2572 4413 lapides
2620 4344 2895 4399 mitterent
2945 4360 3108 4413 super
3150 4360 3270 4401 eum
3304 4346 3433 4401 :ille

1839 4448 1935 4504 pro
1966 4436 2046 4491 eis
2078 4452 2270 4507 preces
2296 4436 2556 4494 fundebat
2582 4440 2648 4493 ad
2684 4439 2870 4495 Deum.
2908 4440 3131 4495 Domine
3158 4440 3289 4497 Jesu
3324 4460 3336 4494 :
3367 4457 3434 4498 ne

1839 4527 1941 4583 hoc
1968 4528 2075 4584 illis
2098 4537 2304 4585 statuas
2334 4531 2399 4585 ad
2432 4541 2733 4599 peccatum.
2761 4532 3015 4587 Certabat
3054 4532 3386 4604 impatientia
3416 4551 3429 4587 :

1840 4636 1959 4675 cum
1991 4618 2343 4690 indulgentia.
2374 4620 2449 4674 Illi
2487 4621 2709 4675 vulnera
2750 4622 2946 4677 inferre
2977 4639 2992 4679 :
3022 4625 3122 4679 iste
3163 4626 3285 4681 odia
3330 4641 3430 4680 non

1839 4712 2063 4768 referre.
2098 4712 2178 4765 llli
2210 4712 2484 4767 doloribus
2514 4729 2620 4767 non
2652 4713 2845 4769 cedere
2880 4733 2893 4769 :
2929 4716 3029 4772 iste
3052 4732 3148 4786 pro
3190 4718 3431 4772 hostibus

1837 4804 2162 4874 supplicare.
2218 4803 2498 4857 Postremo
2534 4814 2650 4859 erat
2678 4805 2729 4860 in
2771 4805 3100 4877 benignitate
3140 4809 3427 4877 martyris:

1832 4896 1977 4966 quod
2007 4910 2112 4949 non
2142 4904 2255 4949 erat
2304 4894 2356 4947 in
2383 4896 2652 4952 voluntate
2699 4897 2987 4953 carnificis.
3018 4898 3171 4953 Nolle
3202 4899 3300 4951 hos
3332 4912 3429 4964 pu-

1839 5038 2105 5094 chceorum
2136 5046 2188 5091 et
2234 5036 2791 5104 Priscillianistarum,
2825 5040 3059 5094 breviter
3095 5046 3149 5091 et
3199 5037 3430 5104 dilucide

1840 5110 2154 5179 preponitur
2180 5108 2422 5163 doctrina
2450 5110 2701 5165 Ecclesiae
2722 5110 3176 5176 (letho-Hispanae
3196 5108 3263 5164 de
3286 5111 3426 5165 cultu

1841 5190 2170 5234 sanctorum.

1915 5251 1927 5300 i
1983 5251 2081 5318 Qui
2107 5262 2209 5302 tam
2240 5253 2471 5323 beatum.
2489 5256 2713 5306 Sanctus
2737 5247 3061 5323 Augustinus
3082 5249 3278 5321 (Serm.
3299 5251 3423 5323 515,

1838 5320 1965 5389 519,
2000 5338 2138 5393 oper.
2174 5333 2296 5375 tam.
2334 5322 2401 5387 V,
2434 5322 2533 5375 Ed.
2558 5323 2701 5390 nov.)
2737 5320 2973 5389 pluribus
3008 5320 3242 5377 ostendit
3285 5320 3426 5379 mur;

1839 5395 2039 5464 tyrium
2068 5393 2238 5447 sancti
2262 5394 2523 5464 Stephani
2567 5393 2847 5464 dominicae
2883 5393 3118 5464 passioni
3159 5396 3428 5450 exstitisse

1836 5462 2031 5535 simile.
2068 5464 2132 5535 Et
2160 5464 2209 5518 iu
2243 5463 2532 5535 Gelasiano
2559 5478 2665 5515 em.
2708 5462 2977 5516 Thomasii
3012 5464 3207 5534 legitur
3236 5466 3424 5535 (Orat.

1837 5536 1891 5601 5,
1916 5536 1977 5588 de
2008 5534 2067 5590 S.
2102 5534 2430 5607 Stephano):
2461 5533 2772 5607 I’rwsta.....
2798 5544 2851 5588 ut
2872 5535 3041 5590 beatus
3065 5533 3424 5607 Stephanus...

1838 5609 1969 5661 sicut
2018 5615 2139 5659 ante
2166 5606 2293 5658 alios
2317 5606 2539 5678 imitator
2564 5604 2835 5658 dominica:
2863 5608 3119 5676 passionis
3148 5604 3194 5661 et
3227 5608 3425 5678 pictatis

1844 5679 2043 5741 enituit,
2076 5677 2146 5729 ita
2174 5678 2239 5729 sit
2267 5673 2557 5749 fragilitatis
2590 5686 2774 5731 nostrw
2791 5673 3052 5749 promptus
3074 5673 3305 5749 adjutor.
3332 5678 3408 5730 Ea
3502 5716 3507 5721 ς

1841 5751 1965 5823 dem
1993 5749 2059 5803 de
2092 5755 2279 5823 sancto
2301 5746 2571 5823 Stephano
2602 5748 2754 5806 missa
2775 5746 2992 5823 septima
3019 5752 3073 5806 in
3100 5746 3420 5806 Sacramen-

1844 5820 1981 5878 tario
2002 5819 2173 5877 sancti
2197 5816 2391 5875 Leonis
2416 5817 2679 5889 leguntur.
