3992 6354
506 252 613 314 199

1221 250 1511 313 russeus
1549 246 1822 310 MlX'l‘UM
1860 246 2010 307 ssc.
2051 243 2216 307 nec.
2252 248 2318 306 Β.
2358 244 2632 307 lSIDORl.
2669 231 2740 293 4;
2779 245 2955 312 PARS
2992 248 3040 310 ι.

3669 251 3795 315 et»)

582 376 734 436 Dicat
762 375 945 433 Presb.
973 374 1259 432 Humiliate
1283 390 1381 433 vos
1407 373 1790 431 benedictioni.
1828 370 2088 429 Dominus
2111 369 2168 431 Δ
2268 367 2368 424 Hic
2396 371 2533 425 dicat
2557 368 2733 426 Presb.
2757 370 2937 428 Gloria
2964 372 3015 427 in
3044 370 3275 427 excelsis
3296 368 3427 428 Deo.

510 469 584 528 sit
608 482 820 539 semper
839 467 1133 523 vobiscum.
1174 466 1212 534 ἡ
1233 505 1247 519 .
1272 465 1336 520 Et
1366 480 1487 521 cum
1520 464 1731 536 spiritu.

581 559 895 618 Benedictio.
924 560 1164 618 Christus
1204 560 1297 615 Dei
1329 560 1507 616 ﬁlius:
1540 576 1635 631 pro
1665 560 1817 629 cujus
1855 556 2083 614 nomine

512 652 819 725 Stephanus
868 662 1070 723 martyr
1118 651 1383 721 lapidatus
1435 660 1517 706 est
1570 654 1870 706 innocens:
1904 658 2088 706 contra

509 745 894 802 incursantium
934 745 1220 799 demonum
1272 746 1409 799 ictus
1437 759 1529 799 vos
1576 744 1772 799 ciliciat
1820 744 2089 799 fortiores:

525 841 564 910 xi)
587 880 600 895 .
626 843 815 897 Amen.
846 838 1054 909 Quique
1091 854 1214 893 eum
1260 852 1355 908 pro
1402 838 1637 893 inimicis
1685 849 1926 893 orantem
1955 851 2089 892 con-

510 943 777 990 summato
822 930 1081 1003 martyrio
1111 932 1360 1001 provexit
1403 930 1467 985 ad
1507 930 1683 986 celum
1718 947 1731 983 :
1766 933 2007 985 conterat
2036 929 2089 983 in

511 1027 663 1080 vobis
694 1034 751 1080 ut
793 1024 908 1080 sine
937 1024 1252 1081 confusione
1291 1024 1356 1077 ad
1385 1040 1503 1078 eum
1531 1024 1756 1080 veniatis
1788 1019 1907 1092 post
1947 1033 2092 1077 tran-

510 1119 689 1175 situm.
739 1118 811 1185 ιῆ.
838 1119 1032 1173 Amen.
1068 1116 1137 1174 Ut
1185 1116 1294 1171 illic
1334 1116 1563 1171 letatura
1603 1124 1722 1185 post
1766 1115 1905 1171 istud
1937 1129 2092 1171 secu-

508 1211 621 1267 lum
662 1211 883 1267 accedat
921 1211 1101 1266 anima
1150 1218 1329 1265 vestra
1364 1227 1376 1264 :
1410 1225 1516 1280 quo
1568 1210 1838 1279 prodictus
1888 1217 2094 1280 martyr

507 1301 752 1372 spiritum
782 1316 937 1357 suum
957 1298 1158 1369 suscipi
1187 1300 1464 1355 exorabat.
1503 1300 1542 1369 ἡ
1563 1339 1578 1354 .
1608 1301 1807 1355 Amen.

578 1394 733 1449 Dicat
761 1391 947 1449 Prcsb.
979 1393 1238 1449 Dominus
1254 1393 1324 1449 sit
1349 1406 1565 1463 semper
1587 1392 1888 1449 vobiscum.
1930 1392 1970 1463 ἢ
1991 1434 2004 1447 .
2026 1391 2093 1449 Et

505 1500 628 1543 eum
652 1486 843 1556 spiritu
878 1495 989 1541 tuo.

580 1576 731 1631 Dicat
762 1575 982 1631 Chorus.
1014 1574 1237 1631 Gustate
1276 1584 1331 1631 et
1357 1574 1558 1633 videte.

578 1669 706 1726 Post
728 1669 1049 1725 Communia.
1096 1668 1295 1725 Oratio.
1329 1668 1617 1726 Gustantes
1652 1668 1874 1726 Domine
1910 1671 2092 1727 suavi-

2264 461 2463 519 Oratio.
2498 463 2665 519 Hodie
2707 464 2860 519 nobis
2904 465 3181 520 thesaurus
3212 474 3363 521 natus
3401 474 3505 521 est:
3550 465 3795 537 Require

2189 556 2243 611 in
2271 556 2461 611 Natale
2481 555 2695 612 Domini
2724 558 2817 627 fol.
2850 558 2938 612 57.

2190 646 2491 721 PrOphetia.
2513 649 2683 704 Lectio
2709 648 2830 703 libri
2847 650 3093 721 sapientia
3119 650 3415 708 Salomonis
3436 652 3483 725 (ε
3515 650 3643 724 Cap.
3676 652 3794 725 Χ).

2275 742 2314 811 ἢ
2336 779 2349 796 .
2382 742 2489 798 Deo
2508 743 2724 814 gratias.

2196 828 2199 831 ’
2262 833 2529 903 Sapientia
2558 836 2762 905 justum
2785 835 3002 891 deduxit
3029 851 3121 904 per
3138 837 3248 891 vias
3278 847 3449 893 rectas
3476 854 3488 890 :
3521 846 3798 893 etosten-

2192 922 2271 979 dit
2299 926 2375 980 illi
2419 942 2638 995 regnum
2685 927 2809 981 Dei:
2843 936 2895 982 et
2940 926 3085 981 dedit
3125 927 3198 981 illi
3240 928 3514 981 scientiam
3556 938 3796 983 sancto-

2192 1033 2333 1074 rum.
2378 1020 2694 1075 Honestavit
2738 1020 2882 1075 illum
2936 1024 2987 1077 in
3034 1021 3342 1077 laboribus:
3390 1031 3445 1078 et
3487 1025 3799 1093 complevit

2197 1111 2409 1169 labores
2440 1114 2601 1169 illius.
2648 1116 2699 1169 In
2730 1115 2913 1170 fraude
2944 1115 3473 1172 circumvenientium
3505 1116 3654 1171 illum
3702 1117 3797 1171 af-

2193 1202 2292 1259 l'uit
2316 1203 2389 1258 illi
2421 1222 2434 1258 :
2465 1214 2519 1260 et
2547 1205 2828 1260 honestum
2861 1197 3172 1261 lccitillum.
3206 1208 3502 1262 Custodivit
3529 1208 3686 1263 illum
3722 1208 3801 1262 ab

2196 1293 2467 1350 inimicis:
2499 1304 2554 1351 et
2595 1311 2623 1350 a
2658 1297 3032 1355 seductoribus
3062 1299 3246 1354 tutavit
3288 1300 3455 1354 illum.
3508 1301 3573 1355 Et
3605 1310 3802 1356 certa-

2192 1403 2315 1445 men
2344 1387 2559 1444 fortium
2588 1390 2733 1445 dedit
2760 1390 2834 1445 illi
2867 1401 2922 1445 ut
2950 1393 3191 1448 vinceret
3216 1411 3228 1446 :
3258 1402 3312 1447 et
3333 1394 3490 1448 sciret
3522 1395 3798 1461 quoniam

2194 1481 2429 1536 omnium
2462 1482 2729 1550 potentior
2757 1492 2839 1537 est
2878 1484 3174 1551 sapientia:
3210 1484 3331 1539 Hmc
3373 1485 3644 1540 venditum
3695 1486 3799 1555 ju-

2193 1581 2333 1627 stum
2378 1588 2485 1627 non
2531 1573 2813 1643 dereliquit
2855 1591 2869 1629 :
2914 1576 3009 1630 sed
3054 1592 3081 1629 a
3125 1577 3494 1644 peccatoribus
3538 1578 3802 1633 liberavit

2193 1665 2364 1722 illum.
2403 1666 2689 1723 Descendit
2721 1683 2840 1722 cum
2872 1667 2963 1723 illo
3004 1668 3057 1723 in
3089 1669 3296 1724 foveam
3324 1686 3338 1722 :
3372 1679 3424 1724 et
3470 1669 3523 1723 in
3552 1668 3802 1724 vinculis

507 1762 631 1817 tatis
664 1761 964 1818 dulcedinis
1006 1761 1390 1830 plenitudinem
1443 1776 1771 1831 quesumus:
1800 1770 1857 1818 ut
1896 1763 1967 1819 sit
1996 1779 2093 1821 no-
2122 1743 2171 1804 Β
2199 1773 2304 1814 ηοη
2348 1760 2634 1831 dereliquit
2678 1761 2827 1815 illum
2869 1761 3083 1817 :donec
3134 1761 3350 1817 allerrct
3387 1762 3461 1815 illi
3509 1772 3804 1831 sceptrum

504 1852 592 1909 bis
634 1854 737 1909 hoc
789 1855 843 1908 in
892 1855 1264 1910 remissionem
1324 1863 1665 1925 peccatorum
1711 1864 1767 1912 et
1810 1859 2091 1913 sanitatem

507 1946 787 2002 mentium.
834 1947 907 2017 ιῆ.
940 1948 1132 2002 Amen.
1184 1946 1288 2002 Per
1316 1947 1732 2004 misericordiam
1768 1958 1908 2005 tuam
1955 1950 2096 2007 Deus

510 2046 696 2095 noster
729 2058 741 2093 :
775 2039 865 2109 qui
904 2053 963 2095 es
993 2039 1306 2095 benedictus
1342 2050 1395 2095 et
1424 2042 1601 2096 omnia
1645 2042 1788 2111 regis
1818 2044 1869 2097 in
1915 2045 2093 2099 secula

509 2132 835 2186 seculorum.
895 2131 971 2198 ἡ.
1003 2131 1195 2187 Amen.
1249 2130 1508 2187 Dominus
1552 2135 1622 2186 sit
1665 2147 1882 2203 semper
1915 2134 2094 2191 vobis-

509 2234 650 2275 cum.
696 2221 733 2289 ἡ
755 2259 769 2274 .
794 2220 1022 2275 Etcum.
1856 2212 1865 2219 “

580 2311 731 2366 Dicat
785 2310 968 2367 Presb.
1022 2312 1281 2369 Solennia
1328 2312 1593 2382 completa
1640 2314 1847 2369 suntin
1880 2315 2094 2372 nomine

508 2406 719 2462 Domini
760 2407 928 2462 nostri
964 2404 1091 2462 Jesu
1126 2404 1360 2463 Christi:
1394 2415 1575 2462 votum
1614 2416 1855 2464 nostrum
1896 2409 1966 2465 sit
2004 2424 2093 2465 ac-

509 2506 722 2568 ceptum
754 2512 878 2554 cum
906 2513 1054 2567 pace.

592 2592 632 2661 ti)
654 2629 668 2645 .
708 2591 819 2646 Deo
846 2591 1066 2661 gratias.

509 2690 537 2718 ⁸
564 2681 631 2738 ΙΝ
663 2681 903 2740 SANCTl
932 2682 1258 2740 JOHANNlS
1288 2681 1620 2741 APOSTOLI
1651 2684 1740 2742 ET
1781 2683 2094 2743 EVANGE-

1198 2774 1415 2832 LISTE.

952 2868 1033 2923 Ad
1061 2870 1288 2925 missam.
1317 2868 1347 2909 ιι
1378 2866 1643 2940 Ofﬁcium.

580 2960 817 3020 Gloriam
847 2970 901 3020 et
927 2977 1175 3033 magnum
1219 2962 1479 3018 decorem
1513 2964 1755 3032 impones
1783 2976 1945 3033 super
1974 2977 2097 3020 eum

515 3055 733 3127 alleluia
764 3074 778 3111 :
811 3063 865 3113 et
892 3055 1043 3111 dabis
1072 3071 1196 3112 eum
1236 3056 1291 3111 in
1330 3056 1780 3113 benedictionem.
1821 3058 1885 3111 Et
1921 3057 1974 3114 in
2014 3074 2100 3115 se-

510 3149 693 3205 cutum
723 3150 829 3223 45
850 3150 1021 3208 seculi
1048 3151 1261 3222 alleluja
1292 3151 1527 3223 alleluja.
1580 3153 1615 3221 ᾗ
1641 3192 1654 3207 .
1682 3152 1856 3207 Vitam
1886 3153 2038 3223 petiit
2066 3170 2094 3208 a

511 3252 566 3300 te
608 3244 840 3301 tribuisti
879 3246 928 3302 ei
980 3246 1207 3302 Domine
1257 3246 1310 3300 in
1357 3245 1744 3317 longitudinem
1790 3246 1997 3303 dierum
2043 3249 2097 3303 in

510 3344 781 3393 eternum.
832 3336 904 3395 P.
958 3338 1024 3393 Et
1065 3340 1121 3393 in
1164 3337 1426 3394 seculum.
1494 3338 1565 3405 3r.
1609 3336 1790 3393 Gloria
1833 3346 1887 3395 et
1926 3339 2102 3394 honor

511 3428 655 3485 Patri
703 3438 759 3487 et
797 3430 936 3486 Filio
969 3440 1023 3486 et
1067 3429 1288 3502 Spiritui
1331 3430 1529 3485 Sancto
1566 3429 1620 3485 in
1672 3430 1854 3487 secula
1896 3432 2101 3489 seculo-

509 3533 624 3579 rum
655 3539 832 3583 amen.
869 3523 938 3582 P.
975 3525 1045 3580 Et
1080 3525 1134 3580 in
1164 3522 1427 3580 seculum.

584 3651 608 3677 ιι
641 3641 709 3697 In
768 3644 829 3699 S.
886 3639 1161 3696 Johannis.
1225 3637 1444 3709 Ephesi,
1493 3647 1549 3695 et
1586 3639 1637 3695 in
1670 3640 1925 3701 Ecclesiis
1952 3648 2093 3703 Asire

511 3714 773 3771 credibile
824 3723 905 3768 est
952 3720 1195 3766 sanctum
1222 3711 1481 3766 Joannem
1510 3714 1815 3777 apostolum
1848 3718 1915 3769 ab
1944 3717 2097 3775 initio

510 3782 1085 3857 peculiarifestivitate
1110 3781 1363 3857 donatum
1389 3796 1529 3857 esse.
1567 3784 1639 3837 De
1666 3798 1731 3839 eo
1760 3786 1883 3841 silet
1914 3787 2101 3845 Kalen-

514 3852 723 3930 darium
750 3853 1250 3930 Ducherianunt,_et
1277 3852 1724 3930 Carthaginiense;
1760 3858 1811 3930 in
1847 3859 1955 3930 hoc
1987 3863 2104 3930 qui-

513 3928 634 4002 dem
676 3925 871 4002 legitur
896 3942 909 3977 :
954 3923 1049 4002 Vl
1071 3923 1194 3979 Kal.
1217 3925 1368 4002 Jan_._,
1395 3927 1558 4002 sancti
1584 3924 1805 4002 Joannis
1831 3923 2102 4002 Baptism,

510 4008 561 4053 et
583 3996 773 4071 _.Iacobi
825 3996 1069 4068 apostoli,
1116 4014 1266 4067 quem
1313 3996 1548 4071 Heracles
1592 3999 1825 4071 occidit;
1852 4016 1956 4071 quo
1987 3996 2105 4060 loco

515 4068 738 4140 subesse
760 4066 999 4140 errorem
1049 4066 1734 4140 AmanuensisBaptistam
1764 4066 2109 4140 pro'evange-

520 4137 642 4213 l_i_sta
692 4138 977 4213 scribentis
1003 4140 1303 4207 suspicatur
1334 4134 1698 4213 Mabillonius:
1726 4134 1987 4198 Sbllerius
2013 4134 2103 4213 (“In

523 4207 846 4279 Usuardum)
901 4211 969 4264 de
1009 4225 1192 4265 errore
1222 4219 1403 4263 certus
1431 4219 1533 4264 est.
1566 4211 1667 4263 Alii
1701 4221 1875 4267 tamen
1901 4207 2102 4270 nullum

519 4279 609 4335 hic
631 4350 637 4351 γ
663 4278 959 4351 agnoscunt
986 4294 1245 4336 errorem.
1277 4281 1334 4335 ln
1370 4280 1470 4334 hoc
1498 4278 1639 4333 enim
1663 4281 1985 4339 Kalendario
2008 4288 2103 4341 soli

517 4350 821 4406 scribuntur
866 4360 1152 4420 martyres,
1202 4365 1299 4404 nec
1336 4352 1387 4405 in
1429 4366 1492 4404 eo
1519 4361 1734 4406 sanctus
1756 4356 2015 4421 Andreas,
2051 4368 2106 4413 et

2196 1852 2347 1924 regni
2388 1862 2442 1909 et
2491 1855 2782 1923 potentiam
2831 1853 3086 1909 adversus
3123 1868 3217 1909 eos
3242 1854 3330 1923 qui
3358 1868 3478 1908 eum
3508 1853 3802 1922 deprime-

2196 1944 2360 2000 bant:
2390 1946 2746 2001 etmendaces
2764 1946 3032 2001 ostendit:
3056 1946 3143 2015 qui
3168 1946 3565 2001 maculaverunt
3587 1946 3758 2000 illum
3786 1956 3801 2003 :

2195 2047 2250 2095 et
2278 2039 2425 2095 dedit
2472 2040 2549 2095 illi
2592 2040 2891 2095 claritatem
2936 2047 3196 2094 eternam.
3261 2039 3325 2093 Et
3356 2040 3587 2094 reddidit
3622 2039 3807 2108 justis

2195 2136 2499 2191 mercedem
2545 2134 2787 2191 laborum
2838 2149 3055 2189 suorum
3084 2152 3096 2188 :
3129 2142 3185 2189 et
3209 2133 3427 2189 deduxit
3458 2134 3572 2188 illos
3618 2134 3675 2187 in
3704 2134 3809 2187 via

2196 2228 2469 2285 mirabili:
2504 2235 2558 2283 et
2605 2227 2701 2282 luit
2735 2226 2839 2282 illis
2882 2226 2935 2281 in
2975 2228 3282 2283 velamento
3328 2226 3469 2281 diei:
3500 2233 3554 2282 et
3581 2226 3637 2278 in
3671 2225 3809 2279 luce

2195 2322 2471 2377 stellarum
2493 2330 2671 2377 nocte.
2702 2319 2770 2374 Et
2794 2318 3065 2374 transtulit
3092 2319 3213 2374 illos
3243 2334 3335 2384 per
3354 2332 3501 2372 mare
3522 2315 3765 2370 rubrum
3790 2332 3803 2367 :

2195 2426 2249 2472 et
2288 2415 2590 2473 transvexit
2610 2414 2731 2473 illos
2752 2428 2847 2485 per
2869 2428 3061 2485 aquam
3092 2413 3331 2469 nimiam.
3361 2411 3623 2467 Dominus
3646 2408 3808 2464 Deus

2200 2519 2404 2567 noster.

2284 2601 2323 2668 ἢ
2346 2641 2361 2656 .
2392 2601 2585 2654 Amen.

2268 2689 2294 2729 ἀ
2330 2690 2632 2745 Psallendo.
2658 2686 2854 2742 Factus
2880 2692 2965 2741 est
2992 2700 3045 2738 m
3077 2697 3207 2753 pace
3237 2684 3385 2739 locus
3424 2682 3578 2753 ejus:
3611 2691 3673 2738 et
3705 2681 3813 2738 ba-

2210 2782 2399 2838 bitatio
2424 2778 2605 2851 ejusin
2633 2778 2797 2849 Syon.
2827 2777 2861 2847 Ῡ
2888 2774 3086 2830 .Notus
3102 2774 3333 2833 inJudea
3351 2776 3522 2832 Deus:
3544 2776 3601 2831 in
3625 2774 3812 2832 lsrael

2211 2888 2458 2945 magnum
2487 2886 2684 2927 nomen
2704 2868 2842 2939 ejus.
2874 2866 2941 2921 P.
2971 2866 3026 2923 ln
3058 2869 3222 2939 Syon.

2203 2988 2483 3062 Sequentia
2511 2988 2729 3062 epistolg
2761 2984 2919 3062 Pauli
2954 2986 3288 3062 apostoliqu
3309 2982 3812 3040 Thessalonicenses

2666 3058 2889 3130 (Primo,
2928 3068 2953 3097 °
2984 3054 3099 3130 cap.
3138 3054 3317 3127 1111).

2290 3157 2331 3227 ἠ
2354 3195 2366 3209 .
2409 3156 2519 3212 Deo
2546 3153 2762 3226 gratias.

2275 3250 2515 3306 Fratres.
2568 3247 2706 3302 Nolo
2765 3260 2859 3303 vos
2886 3244 3136 3316 ignorare
3175 3243 3243 3299 de
3272 3240 3664 3299 dormientibus
3692 3258 3711 3297 :
3747 3250 3814 3299 ut

2204 3360 2313 3400 non
2338 3338 2731 3398 contristemini
2758 3355 2773 3393 :
2806 3340 2947 3394 sicut
2983 3347 3037 3393 et
3064 3338 3231 3393 ceteri
3262 3336 3351 3408 qui
3375 3351 3523 3405 spem
3550 3351 3658 3389 non
3696 3335 3813 3391 ha-

2205 3438 2354 3495 bent.
2396 3437 2450 3491 Si
2479 3437 2622 3491 enim
2652 3432 2960 3489 credimus:
2991 3431 3134 3502 quod
3168 3432 3325 3488 Jesus
3365 3439 3608 3485 mortuus
3635 3439 3731 3484 est
3752 3437 3815 3486 et

2204 3531 2536 3589 resurrexit:
2569 3528 2639 3583 ita
2692 3537 2749 3583 et
2788 3528 2927 3584 Deus
2972 3541 3067 3583 eos
3104 3526 3191 3597 qui
3227 3523 3559 3581 dormierunt
3587 3540 3687 3594 per
3710 3524 3815 3581 Je-

2200 3643 2537 3717 Septembris
2589 3640 2922 3717 memoriam
2958 3639 3073 3717 ejus
3119 3638 3332 3703 colunt;
3363 3646 3417 3692 et
3440 3651 3623 3691 rursus
3647 3636 3750 3692 die
3776 3639 3815 3694 8

2204 3712 2330 3775 Maii
2354 3718 2546 3771 festum
2569 3713 2846 3768 celebrant
2873 3712 2942 3764 ob
2960 3712 3251 3779 pulverem,
3272 3722 3364 3763 seu
3396 3722 3819 3779 manuariuqua:

2207 3806 2273 3846 ex
2306 3788 2554 3854 sepulcro
2577 3785 2694 3852 ejus
2721 3782 2919 3854 Ephesi
2942 3775 3231 3854 ebulliebat
3258 3780 3476 3854 (Annal.
3504 3775 3813 3854 Basiliir:

2162 3924 2163 3929 η
2211 3861 2330 3916 Lat.
2364 3849 2466 3913 Ed.
2498 3849 3467 3929 Urbigti;_l'3pltenter._Gt'teco:_Masclti,
3497 3850 3633 3929 apud
3666 3849 3816 3929 βοιὶ

2214 3933 2384 3997 land.,
2429 3940 2553 3982 tom.
2608 3924 2637 3978 1
2699 3920 2872 3992 Maii).
2910 3924 2963 3977 in
2997 3924 3192 3997 Missali
3225 3920 3634 3997 Gallo-Gothico
3657 3920 3813 3978 duas

2214 3993 2405 4059 missas
2433 3997 2677 4070 proprias
2706 3996 2867 4070 habet
2889 4006 3104 4048 sanctus
3130 3993 3394 4070 Joannes:
3422 3995 3643 4070 alteram
3673 4003 3815 4061 post

2211 4074 2411 4129 festum
2435 4062 2606 4126 sancti
2638 4067 2915 4134 Stephani,
2949 4082 3051 4135 qua
3079 4064 3236 4119 ambo
3268 4062 3727 4135 fratres_Jacobus
3752 4074 3815 4120 et

2214 4145 2450 4202 Joannes
2480 4133 3005 4203 commemorantur;
3038 4138 3259 4190 alteram
3292 4146 3409 4203 post
3437 4133 3813 4190 Inventianem

2215 4225 2410 4271 sanctw
2436 4213 2634 4273 crucis,
2665 4225 2783 4279 qua:
2804 4210 2977 4279 solius
3004 4209 3170 4279 sancti
3195 4205 3417 4279 Joannis
3440 4207 3814 4279 evangelista:

2215 4298 2320 4343 est.
2374 4288 2443 4340 At
2473 4276 2737 4352 prtecipua
2766 4278 2883 4349 ejus
2913 4278 3173 4352 festivitas
3202 4278 3257 4332 in
3287 4277 3579 4333 Occidente
3598 4276 3701 4352 die
3731 4278 3813 4333 27

2217 4346 2524 4413 Decembris
2565 4346 2892 4417 celebratur,
2939 4360 2996 4405 ut
3026 4348 3211 4404 auctor
3241 4359 3322 4404 est
3344 4360 3561 4403 sanctus
3589 4346 3814 4418 Grego—

520 4432 737 4518 s‘anlctus
793 4423 988 4490 Lucas,
1014 4415 1161 4518 'nis'i
1200 4423 1298 4475 sub
1318 4421 1606 4518 Emartyris
1658 4424 1808 4478 titulo
1834 4415 2100 4496 legitntur.
2134 4456 2186 4518 ι)
2216 4430 2326 4518 rius
2368 4415 2916 4518 NyssenusL(Laudgt.
2960 4421 3129 4518 l[altera
3174 4422 3225 4473 in
3374 4415 3733 4518 Stephanum:
3761 4434 3817 4476 cr

521 4492 717 4562 Ephesi
785 4504 910 4548 ante
970 4492 1257 4547 concilium
1318 4492 1645 4560 Ephesinum
1705 4504 1823 4549 erat
1872 4492 2097 4556 ecclesia

518 4565 687 4619 sancti
744 4564 982 4619 Joannis.
1039 4563 1092 4617 In
1147 4563 1316 4616 Ponto
1361 4564 1477 4631 ejus
1524 4563 1782 4621 festivitas
1835 4583 1938 4622 una
1979 4587 2100 4627 cum

519 4645 825 4689 sanctorum
854 4635 1021 4699 Petri,
1054 4634 1198 4688 Pauli
1230 4643 1283 4688 et
1304 4632 1511 4699 Jacobi,
1540 4634 1727 4689 eadem
1751 4638 1837 4693 die
1860 4640 2103 4697 celebra-

520 4705 696 4780 batur.
732 4706 914 4780 Roma:
961 4706 1173 4780 Hilarus
1205 4706 1367 4780 Papa,
1396 4706 1503 4780 Voti
1528 4719 1670 4780 r_eus,
1702 4720 1888 4764 sancto
1909 4711 2102 4780 Joanni

519 4774 791 4850 liberatori
823 4792 920 4830 suo
944 4776 1111 4850 aedem
1137 4775 1188 4850 in
1216 4776 1530 4850 baptisterio
1546 4774 2098 4850 Lateranensierexit,

518 4856 579 4918 ut
630 4848 911 4915 inscriptio
961 4847 1212 4918 epistylio
1246 4845 1422 4914 ianua:
1451 4847 1715 4917 insculpta
1742 4851 1899 4914 iidem
1930 4845 2099 4909 facit:

520 4917 804 4995 Liberatori
853 4934 945 4995 suo
984 4916 1355 4995 ‘lgeatoloanni
1401 4916 1724 4995 evangelista
1745 4920 1961 4995 Hilarus
1998 4924 2102 4995 epi-

521 5005 703 5059 scOpus
727 4991 951 5059 famulus
975 4988 1183 5059 Christi.
1212 4989 1380 5041 Aliam
1405 4999 1587 5043 sancto
1605 4989 1794 5047 Joanni
1821 4988 2102 5050 ecclesiam

520 5057 689 5134 erexit
721 5057 962 5134 exrvoto
1002 5057 1155 5134 Galla
1194 5059 1424 5115 Placidia
1473 5062 1728 5134 Augusta,
1776 5066 1913 5134 quod
1962 5081 2104 5122 anno

528 5131 767 5185 ter.Chr.
794 5130 896 5184 425
922 5130 1140 5185 immani
1169 5138 1481 5199 tempestate
1505 5132 1554 5183 iu
1581 5133 1742 5188 Adria
1772 5130 1892 5189 cum
1924 5137 2103 5193 liberis

521 5200 747 5276 jactata‘
772 5203 1045 5276 emiserat,
1102 5203 1193 5276 de
1215 5217 1316 5276 qua
1354 5201 1631 5276 inscriptio
1657 5206 1790 5275 apud
1814 5208 2100 5276 Agnellum

524 5270 797 5348 (Dorttiﬁc‘.
858 5272 1127 5348 liqueant”
1178 5270 1250 5348 in;
1271 5272 1474 5327 Joanne
1507 5273 1577 5343 l),
1611 5284 1667 5348 et
1688 5270 1975 5332 Craterum
2005 5278 2100 5348 (P.

527 5342 687 5415 1048,
743 5341 819 5411 1),
861 5342 1107 5415 aliosque
1141 5343 1405 5415 :rSgncto
1450 5361 1508 5398 ac
1538 5341 1827 5401 beatissimo
1866 5341 2101 5415 apostolo

526 5412 717 5486 J_oamti
735 5412 1051 5486 evangelista:
1067 5413 1219 5467 Galla
1241 5412 1480 5468 Placidia
1498 5417 1727 5486 Augusta
1740 5434 1852 5469 cum
1873 5412 1980 5486 [ilio
2008 5436 2103 5473 suo

527 5481 765 5557 I_’_lacidio
795 5481 1152 5539 Valentiniano
1181 5486 1435 5557 Augusto,
1453 5496 1502 5540 et
1528 5481 1635 5554 [ilia
1658 5481 1917 5541 snaJusia
1940 5488 2102 5543 Grata

529 5553 765 5607 Honorio
812 5556 1042 5625 Augusta
1084 5553 1394 5612 liberationit
1440 5575 1473 5611 a
1501 5553 1725 5626 periculo
1749 5561 1905 5612 maris
1930 5570 2103 5615 votam

528 5625 693 5700 solvit.
748 5626 948 5700 Exinde
978 5629 1150 5682 cultus
1190 5630 1355 5681 sancti
1381 5625 1602 5681 Joannis
1630 5631 1854 5695 apostoli
1883 5646 1976 5700 per
2010 5632 2099 5686 Ec-

528 5693 717 5769 clesias
764 5698 1069 5754 Occidentis
1114 5700 1282 5767 magis
1314 5701 1589 5769 propagari
1617 5693 1799 5769 coepit.
1831 5693 2096 5759 Incertum

533 5766 688 5837 plane
739 5779 822 5826 est
863 5785 969 5841 ς,υο
997 5769 1084 5826 die
1108 5771 1160 5825 in
1190 5766 1427 5825 Domino
1447 5766 1791 5829 dorntivcrit.
1822 5773 1999 5832 Graeci
2026 5776 2093 5831 27

2214 4490 2461 4557 Oratione
2519 4490 2693 4565 functi:
2746 4492 2903 4565 in_§.
2953 4491 3116 4546 Basil.
3164 4491 3307 4565 apud
3353 4494 3417 4546 cl.
3447 4490 3810 4565 Zacagnittm,

2209 4570 2421 4625 Collect.
2480 4562 2604 4620 tam.
2633 4563 2683 4629 Ι,
2716 4581 2769 4633 p.
2799 4562 2927 4629 550,
2958 4573 3005 4617 et
3028 4564 3080 4617 in
3106 4562 3425 4633 praefatione,
3457 4579 3573 4633 pag.
3606 4562 3729 4631 40),
3756 4576 3817 4618 et

2206 4642 2403 4697 saeculo
2443 4654 2518 4703 xl,
2558 4632 2744 4693 eadem
2786 4636 2894 4706 die,
2929 4636 2981 4689 in
3011 4632 3499 4706 Ecclesiilegypti
3515 4633 3816 4706 colebatur

2207 4711 2452 4782 (Zacag.,
2479 4708 2696 4782 Collect.
2721 4715 2759 4762 t.
2784 4705 2839 4782 l_,
2866 4725 2919 4777 p.
2944 4708 3089 4782 7ll_i).
3108 4705 3217 4782 _Die
3246 4704 3554 4782 quoque‘27
3576 4704 3816 4782 Decem-

2206 4784 2318 4839 bris
2373 4777 2427 4838 in
2476 4779 2671 4834 Missali
2716 4789 2772 4833 et
2803 4778 3077 4832 Breviario
3108 4777 3443 4831 Mozarabum
3474 4777 3528 4829 in
3560 4779 3818 4831 Ambro-

2207 4854 2360 4909 siano
2414 4849 2657 4917 Pamelii,
2708 4851 2758 4907 in
2780 4848 3223 4903 Sacramentariis
3248 4849 3419 4903 sancti
3443 4847 3663 4909 Leonis,
3694 4847 3817 4901 Ge-

2206 4924 2355 4990 lasii,
2411 4934 2465 4977 et
2492 4923 2661 4977 sancti
2696 4918 2961 4988 Gregorii,
2996 4920 3047 4973 in
3078 4919 3414 4974 Lectionario
3438 4917 3811 4986 Luxoviensi,

2206 5003 2261 5049 et
2309 4992 2702 5060 Martyrolorgiis
2754 4990 3081 5045 inscribitur.
3136 4992 3191 5044 In
3223 4990 3656 5045 Sacramentario
3691 4990 3816 5045 Bo-

2208 5065 2406 5131 biensi,
2434 5062 2663 5118 fortasse
2691 5076 2786 5129 per
2811 5076 3075 5127 errorem,
3118 5071 3236 5130 post
3257 5062 3489 5115 Infantes
3506 5063 3815 5128 apponitur

2207 5137 2362 5191 missa
2388 5135 2569 5189 Jacobi
2598 5141 2643 5186 et
2673 5131 2917 5203 Joannis.
2949 5133 3005 5187 lu
3028 5132 3347 5203 quibusdam
3375 5132 3810 5203 Martyrologiis,

2208 5215 2267 5261 ut
2297 5209 2347 5261 in
2375 5202 2689 5262 Corbeiensi
2712 5202 2955 5258 Dacherii
2991 5201 3089 5258 hac
3110 5206 3197 5258 die
3221 5218 3341 5258 cum
3371 5216 3557 5259 sancto
3584 5201 3817 5263 Joanne

2207 5284 2659 5333 commemoratur
2709 5275 2975 5331 ordinatio
3021 5274 3193 5331 sancti
3239 5274 3425 5332 Jacobi
3470 5274 3655 5330 fratris
3694 5275 3816 5331 Do-

2208 5364 2360 5405 mmt.

2278 5418 2305 5459 δ
2339 5417 2722 5490 Ofﬁcium._l’s.
2752 5434 2843 5474 xx.
2866 5418 2919 5487 6,
2953 5419 3007 5475 7.
3051 5420 3089 5490 ᾖ
3113 5460 3127 5474 .
3156 5417 3315 5487 lbid.,
3342 5421 3399 5475 4.

2281 5500 2303 5560 ς
2341 5491 2465 5560 Cap.
2496 5489 2568 5543 Χ.
2602 5488 2758 5545 Vers.
2791 5491 2857 5544 10
2886 5521 2912 5531 -
2936 5492 2988 5545 1.

2278 5556 2306 5597 ἆ
2342 5556 2771 5632 Psallenclo._Ps.
2804 5578 2966 5627 Lxxv,
2994 5560 3048 5615 '5.
3092 5563 3129 5632 ᾖ
3154 5602 3167 5615 .
3192 5560 3351 5627 lhid.,
3380 5563 3429 5615 1.

2280 5642 2304 5671 ο
2335 5632 2461 5700 Cap.
2491 5630 2598 5685 lV.
2628 5630 2781 5686 Vers.
2822 5632 2884 5686 12
2911 5664 2936 5677 -
2967 5635 3054 5687 17.
3096 5630 3155 5687 ’1η
3194 5632 3516 5688 Luxoviensi
3555 5634 3807 5702 Epistola

2209 5714 2291 5760 est
2338 5720 2400 5759 ex
2444 5702 2664 5773 Apocal.
2711 5718 2819 5771 xtv,
2855 5706 2881 5758 1
2916 5734 2942 5746 -
2972 5705 3030 5758 7.
3066 5704 3122 5759 ln
3152 5703 3406 5769 Bobiensi
3428 5704 3795 5764 Sacramenta

2208 5776 2289 5833 rio
2318 5776 2507 5847 legitur
2534 5789 2601 5832 ex
2630 5776 2875 5837 Actibus.
2909 5790 3009 5844 xtt,
3040 5776 3067 5831 1
3100 5804 3126 5818 -
3158 5774 3211 5829 5.
