3992 6354
160 349 244 408 901

862 334 1154 395 MISSA'LE
1195 333 1469 394 aume
1505 333 1656 392 sec.
1699 331 1864 392 nec.
1905 334 1966 393 Β.
2008 325 2396 400 tsmont.”—
2434 348 2615 410 rans
2653 354 2698 411 ι.

3330 359 3438 419 202

159 477 260 519 sum
285 459 516 515 adducet
567 471 692 513 cum
733 469 821 510 eo.
876 453 991 508 Hoc
1020 452 1167 508 enim
1212 452 1367 507 vobis
1412 451 1638 506 dicimus
1679 452 1733 506 in
1762 458 1818 517 Α
1913 454 2022 526 46
2048 456 2464 518 Considerantes
2485 464 2820 524 dilectissimi
2844 461 3037 527 fratres
3060 473 3430 535 beatissimum

160 556 304 612 verbo
331 551 552 609 Domini
583 569 598 605 :
631 551 772 622 quod
804 563 902 604 nos
930 546 1020 618 qui
1044 546 1275 601 vivimus
1305 545 1395 615 qui
1419 545 1620 600 residui
1650 560 1772 599 su--

162 668 262 710 mus
303 651 355 706 in
399 648 648 704 adventu
695 644 948 700 Domini:
979 659 1090 698 non
1121 641 1497 712 preveniemus
1529 655 1624 695 eos
1651 641 1744 710 qui

161 744 492 803 dormierunt.
534 740 806 808 Quoniam
859 739 976 806 ipse
1032 735 1290 791 Dominus
1314 734 1367 790 in
1412 735 1563 804 jussu
1587 743 1642 788 et
1688 734 1744 790 in

165 854 274 894 voce
301 834 668 904 Arcbangeli:
703 842 758 888 et
785 831 841 886 in
869 831 995 885 tuba
1026 829 1120 885 Dei
1159 827 1449 883 descendet
1476 827 1545 883 de
1585 827 1741 883 celo:

165 940 211 985 et
237 929 419 985 mortui
449 928 543 996 qui
567 928 623 981 in
662 923 882 982 Christo
910 931 1036 979 sunt
1064 930 1346 992 resurgent
1375 919 1551 989 primi.
1585 919 1743 975 Dein-

162 1020 220 1077 de
245 1035 335 1076 nos
361 1019 451 1090 qui
485 1019 728 1074 vivimus
752 1032 768 1070 :
797 1015 888 1086 qui
933 1013 1325 1081 relinquimur:
1354 1010 1512 1065 simul
1556 1010 1744 1078 rapie-

173 1129 274 1169 mur
295 1127 409 1168 cum
451 1111 568 1166 illis
621 1111 678 1166 in
729 1109 960 1163 nubibus
990 1107 1201 1161 obviam
1243 1102 1462 1160 Christo
1483 1103 1538 1160 in
1565 1118 1689 1160 aera
1724 1120 1739 1158 :

169 1216 213 1261 et
229 1207 298 1261 sic
321 1220 544 1274 semper
565 1217 690 1260 cum
722 1201 956 1258 Domino
982 1200 1205 1256 erimus.

236 1299 304 1371 ἡ.
331 1302 525 1355 Amen.

303 1413 474 1471 Lectio
503 1415 680 1469 sancti
722 1414 972 1480 evangelii
1019 1411 1298 1465 secundum
1336 1409 1595 1465 Joannem

710 1487 761 1554 (⁸
790 1483 919 1554 Cap.
944 1480 1131 1552 XXI).

240 1583 305 1650 it.
337 1579 519 1637 Gloria
546 1579 646 1635 tibi
675 1579 926 1634 Domine.

227 1673 311 1730 lllo
339 1675 390 1729 in
418 1684 668 1744 tempore
689 1689 707 1726 :
742 1671 1001 1726 Dominus
1039 1679 1220 1725 noster
1263 1669 1422 1725 Jesus
1448 1667 1692 1724 Christus
1726 1685 1739 1720 :

170 1765 285 1820 dixit
311 1765 512 1820 Simoni
543 1764 704 1821 Petro
726 1779 746 1819 :
776 1763 966 1819 Simon
1002 1761 1263 1817 Johannis
1291 1762 1469 1832 diligis
1507 1777 1594 1817 me
1626 1762 1745 1832 plus

1847 545 2149 604 Iohannem
2178 554 2478 619 apostolum
2528 557 2671 614 inter
2699 571 2909 617 ceteros
2961 579 2991 617 a
3041 564 3270 621 Domino
3315 569 3434 638 plus

1847 638 2141 695 dilectum:
2191 642 2482 701 offeramus
2530 648 2633 718 ipsi
2681 651 2896 708 Christo
2927 655 3037 710 Deo
3067 664 3122 711 et
3166 659 3435 717 Salvatori

1847 742 2033 786 nostro
2080 733 2366 804 singularis
2397 739 2616 796 victime
2658 742 2888 800 hostiam
2916 763 2932 801 :
2966 747 3035 803 ob
3065 748 3235 817 ipsius
3262 755 3438 810 sancti

1846 821 2071 892 apostoli
2102 835 2312 882 sacrate
2348 825 2368 864 ί
2401 834 2779 901 assumptionis
2818 840 3154 895 memoriam.
3186 841 3440 902 Petentes

1846 912 1914 968 ab
1935 928 2002 968 eo
2025 931 2041 967 :
2074 925 2132 972 ut
2162 916 2305 974 hunc
2331 919 2488 976 nobis
2508 925 2770 981 concedat
2791 942 2911 983 esse
2929 940 3212 998 patronum
3238 952 3251 988 :
3277 951 3442 1004 quem

1846 1019 2002 1061 suum
2045 1009 2216 1064 voluit
2263 1011 2518 1067 dilectum
2565 1030 2688 1071 esse
2735 1017 3081 1089 discipulum.
3125 1023 3444 1096 Efﬁciatque

1845 1112 1968 1153 eum
2019 1104 2225 1156 ruentis
2275 1104 2360 1159 evi
2411 1115 3052 1182 sustentatorem:quem
3084 1115 3166 1170 sui
3210 1121 3448 1185 pectoris

1844 1185 1976 1244 fecit
2019 1191 2273 1246 recubam
2325 1209 2466 1250 esse.
2511 1196 2818 1256 Exaudiens
2856 1201 3002 1258 illum
3047 1219 3144 1272 pro
3184 1208 3447 1265 membris

1846 1281 2011 1336 totius
2031 1282 2318 1340 Ecclesia:
2347 1301 2503 1356 quem
2521 1291 2710 1346 matris
2724 1305 2822 1348 sue
2839 1293 3202 1352 voluitcuram
3216 1297 3440 1356 habere.

1829 1405 1832 1408 -
1933 1373 1971 1439 ιῆ
1994 1413 2009 1429 .
2040 1377 2232 1430 Amen.

1919 1468 2040 1521 Alia
2075 1468 2276 1524 Oratio.
2309 1467 2500 1527 Genite
2529 1473 2752 1545 ingeniti
2783 1477 2926 1532 ﬁlius
2960 1479 3055 1534 Dei
3081 1483 3276 1536 summi
3303 1503 3317 1536 :
3350 1487 3445 1553 qui

1847 1575 2062 1616 sacrum
2095 1563 2227 1618 illud
2273 1564 2568 1621 archanum
2618 1571 2852 1638 pectoris
2881 1572 2955 1626 tui
2998 1572 3196 1629 dilecto
3224 1583 3316 1630 tuo
3345 1577 3444 1631 Jo-

1849 1651 2010 1708 hanni
2045 1656 2291 1722 apostolo
2331 1657 2625 1713 reserasti:
2653 1675 2774 1715 cum
2810 1664 2865 1716 in
2901 1663 3020 1718 sinu
3060 1673 3156 1720 tuo
3182 1665 3447 1722 recubans

1851 1747 2110 1818 evangelii
2147 1750 2226 1803 sui
2265 1749 2465 1806 ﬂuenta
2507 1767 2577 1807 ex
2619 1753 2734 1822 ipso
2767 1755 2994 1824 pectoris
3024 1757 3107 1811 sui
3135 1757 3282 1813 fonte
3313 1759 3450 1814 hau.

170 1859 270 1913 his?
297 1859 427 1915 Dicit
465 1861 536 1914 ei.
585 1859 761 1914 Etiam
793 1857 1058 1912 Domine:
1093 1867 1150 1910 ttt
1199 1858 1304 1912 scis
1341 1858 1463 1926 quia
1502 1872 1626 1910 amo
1668 1866 1739 1912 te.
1774 1832 1824 1894 Β
1853 1838 1947 1893 riri
1979 1840 2290 1908 promeruit.
2333 1841 2415 1896 Tu
2455 1858 2554 1899 nos
2584 1844 2794 1901 intuere
2836 1847 3146 1916 providus:
3180 1860 3237 1904 ιη
3270 1861 3449 1920 perte

171 1953 287 2008 Dicit
311 1954 380 2008 ei.
421 1953 585 2008 Pasce
625 1966 792 2022 agnos
830 1965 1007 2007 meos.
1051 1949 1191 2005 Dicit
1221 1951 1270 2005 ei
1305 1951 1522 2005 iterum.
1555 1948 1741 2004 Simon

166 2039 406 2098 Johannis
435 2042 607 2114 diligis
629 2042 755 2097 me?
796 2042 867 2095 At
895 2041 985 2096 ille
1011 2058 1026 2094 :
1057 2040 1221 2096 etiam
1255 2041 1476 2096 Domine
1502 2056 1516 2094 :
1551 2048 1606 2094 tu
1633 2039 1743 2095 scis

167 2134 277 2203 quia
311 2149 432 2189 amo
453 2145 521 2189 te.
562 2134 702 2189 Dicit
741 2135 811 2190 ei.
856 2133 1024 2189 Pasce
1073 2148 1244 2204 agnos
1292 2148 1463 2188 meos.
1517 2132 1656 2187 Dicit
1693 2133 1742 2188 ei

165 2223 337 2278 tertio.
369 2225 547 2280 Simon
570 2225 837 2282 Johannis
865 2241 1018 2280 amas
1040 2240 1147 2280 me.
1182 2225 1251 2279 Et
1271 2224 1404 2280 dicit
1433 2224 1483 2279 ei
1510 2241 1525 2289 ;
1557 2223 1741 2278 Domi-

166 2331 269 2372 ne:
302 2329 361 2370 tu
389 2318 560 2372 omnia
600 2319 784 2374 nosti:
815 2329 870 2373 tu
911 2319 1020 2374 scis
1051 2318 1177 2389 quia
1221 2331 1343 2371 amo
1385 2326 1456 2372 te.
1502 2316 1642 2371 Dicit
1667 2316 1738 2370 ei.

173 2407 341 2463 Pasce
373 2424 499 2465 oves
527 2425 694 2465 meas.
740 2409 908 2464 Amen
934 2425 1091 2466 amen
1121 2410 1243 2464 dico
1278 2408 1370 2464 tibi
1401 2427 1411 2461 :
1443 2424 1565 2465 cum
1593 2423 1743 2464 esses

169 2498 360 2572 iunior
384 2503 626 2572 cingebat;
655 2514 742 2559 te:
776 2512 830 2558 et
853 2501 882 2541 δ
914 2504 1023 2558 ibas
1051 2503 1142 2558 ubi
1174 2501 1394 2557 volebas
1423 2521 1436 2557 :
1481 2518 1601 2556 cum
1645 2516 1744 2556 au-

168 2600 279 2648 tem
307 2594 542 2650 seitueris
569 2612 583 2647 :
614 2595 874 2649 extendes
904 2609 1093 2649 manus
1120 2602 1243 2648 tuas
1267 2611 1281 2648 :
1307 2601 1362 2649 et
1388 2594 1524 2648 alius
1555 2603 1607 2648 te
1626 2592 1743 2649 cin-

167 2693 284 2756 get:
317 2694 374 2741 et
403 2685 551 2741 ducet
579 2701 684 2756 quo
713 2696 768 2740 tu
813 2701 919 2741 non
949 2688 1068 2740 vis:
1101 2684 1205 2742 hoc
1248 2695 1424 2740 autem
1457 2685 1593 2739 dixit
1624 2702 1636 2739 :
1669 2685 1743 2740 si-

165 2776 412 2845 gniﬁcans
438 2793 535 2848 qua
581 2786 750 2833 morte
801 2779 1192 2842 clarificaturus
1235 2786 1379 2833 esset
1425 2777 1613 2832 Deum.
1676 2776 1745 2830 Et

168 2867 259 2924 huc
281 2884 403 2925 cum
432 2869 686 2926 dixisset:
734 2869 870 2926 dixit
893 2870 969 2927 ei.
1018 2870 1260 2941 Sequere
1296 2885 1401 2925 me.
1435 2871 1743 2925 Conversus

173 2957 347 3015 Petrus
377 2961 509 3016 vidit
553 2963 704 3024 illum
754 2962 1076 3033 discipulum
1106 2979 1263 3034 quem
1297 2962 1554 3034 diligebat
1586 2962 1743 3019 Jesus

171 3061 501 3122 sequentem:
546 3056 639 3125 qui
687 3066 743 3112 et
784 3057 1030 3113 recubuit
1079 3059 1134 3114 in
1183 3072 1316 3114 cena
1363 3073 1526 3128 super
1555 3067 1745 3129 pectus

171 3148 269 3218 eius
295 3160 341 3217 α,
371 3159 424 3206 et
469 3149 630 3206 dixit.
679 3151 939 3208 Domine:
972 3152 1057 3208 hic
1105 3162 1284 3208 autem
1336 3153 1504 3222 quid?
1533 3153 1673 3207 Dicit
1695 3152 1745 3209 ei

1847 1931 2026 1986 abdita
2054 1947 2480 2001 cognoscamus:
2514 1949 2610 2005 per
2639 1946 2692 1991 te
2720 1936 2860 1992 bona
2884 1953 2987 2007 que
3014 1937 3296 1994 manifesta
3321 1951 3450 1997 sunt

1846 2025 2184 2095 impleamus.
2255 2027 2522 2084 Reserans
2570 2029 2724 2086 nobis
2774 2032 3008 2101 pectoris
3058 2034 3132 2087 tui
3186 2035 3447 2089 occulta:

1846 2118 2038 2187 quibus
2079 2119 2350 2188 possimus
2395 2136 2757 2192 cognoscere:
2787 2133 2842 2179 et
2887 2125 3213 2180 conditionis
3261 2136 3449 2184 nostre

1847 2209 2251 2265 infirmitatem:
2283 2220 2338 2266 et
2372 2211 2439 2266 ad
2481 2223 2570 2268 tue
2608 2214 2906 2270 divinitatis
2947 2216 3233 2286 pervenire
3262 2217 3448 2287 cogni-

1848 2302 2067 2357 tionem.
2110 2303 2454 2359 Manifestans
2500 2305 2569 2360 de
2619 2314 2672 2362 te
2713 2306 2840 2376 quid
2889 2321 3171 2364 amemus:
3204 2309 3447 2366 indicans

1846 2391 1920 2470 de
1946 2394 2102 2448 nobis
2133 2394 2261 2462 quid
2288 2395 2642 2465 corrigamus.
2695 2398 2812 2463 Quo
2841 2397 2999 2467 hujus
3025 2398 3208 2455 dilecti
3236 2401 3312 2455 tui
3342 2386 3453 2455 suf-l

1845 2482 2031 2554 fragiis
2057 2503 2070 2538 :
2095 2486 2333 2541 moribus
2357 2486 2556 2543 nostris
2584 2486 2638 2541 in
2666 2488 2856 2543 melius
2877 2490 3222 2546 commutatis
3247 2508 3260 2544 :
3293 2490 3447 2547 aufu-

1845 2576 1956 2648 giat
2005 2579 2174 2648 pestis
2219 2596 2230 2632 :
2292 2578 2560 2651 diSpereat
2604 2581 2878 2651 languor:
2934 2583 3162 2652 pellatur
3218 2599 3446 2641 mucro:

1849 2669 2102 2740 quicquid
2141 2670 2426 2728 adversum
2448 2681 2531 2727 est
2554 2672 2679 2728 ﬁdei
2703 2673 2993 2730 christiane
3017 2675 3271 2731 intereat:
3299 2677 3449 2746 quic-

1850 2760 1979 2830 quid
2011 2775 2326 2831 prosperum
2355 2779 2368 2815 :
2400 2763 2763 2819 convalescat.
2790 2767 3090 2820 Arceantur
3115 2765 3326 2821 fames:
3361 2781 3448 2822 se-

1848 2850 2043 2907 dentur
2073 2853 2234 2909 lites:
2266 2855 2517 2910 heresum
2550 2854 2908 2912 obtrudantur
2934 2853 3194 2913 fautores.
3239 2857 3449 2913 Fecun-

1847 2944 2007 3000 detur
2053 2945 2293 3016 frugibus
2351 2957 2530 3002 terra:
2584 2949 2840 3004 vestiatur
2883 2949 3168 3005 virtutibus
3221 2950 3446 3007 anima:

1849 3047 2011 3109 atque
2059 3049 2256 3096 cuncta
2299 3039 2456 3096 nobis
2503 3034 2574 3094 in'
2603 3056 2890 3097 commune
2927 3042 3244 3112 proveniant
3279 3042 3444 3097 bona.

1848 3131 1966 3200 Quo
1997 3133 2091 3187 tibi
2131 3133 2245 3188 Deo
2293 3143 2480 3189 nostro
2518 3134 2748 3190 ﬁdeliter
2775 3135 3074 3205 servientes
3101 3153 3115 3201 ;
3141 3144 3196 3191 et
3222 3135 3301 3190 his
3329 3136 3449 3192 sine

173 3240 303 3299 κω
329 3261 342 3296 ε
371 3243 450 3300 δίο
473 3260 598 3300 eum
631 3243 753 3299 νοιο
779 3261 999 3301 manere
1021 3245 1196 3301 donec
1216 3245 1452 3301 veniam.
1507 3244 1644 3312 Quid
1673 3245 1741 3301 ad
1771 3232 1819 3298 ο
1849 3233 2072 3295 peccato
2124 3236 2337 3280 utamur
2383 3227 2656 3283 concessis
2681 3244 2694 3280 :
2728 3236 2782 3284 et
2809 3237 2932 3298 post
2972 3227 3180 3285 deliciis
3207 3227 3448 3285 fruamur

169 3332 242 3390 te?
268 3333 341 3390 Tu
370 3352 455 3392 me
485 3347 739 3405 sequere.
776 3337 958 3392 Exivit
984 3353 1113 3408 ergo
1133 3353 1314 3394 sermo
1337 3339 1441 3394 iste
1470 3339 1611 3394 inter
1639 3339 1745 3393 fra-

173 3431 304 3481 tres:
331 3429 450 3498 quia
485 3428 785 3499 discipulus
812 3430 902 3486 ille
949 3447 1054 3486 non
1091 3429 1355 3486 moritur:
1389 3439 1444 3486 et
1478 3445 1586 3486 non
1613 3430 1747 3487 dixit

171 3513 306 3574 Jesus
337 3537 350 3572 :
384 3536 489 3576 non
520 3523 756 3578 moritur
785 3539 798 3576 :
838 3522 935 3578 sed
984 3524 1066 3580 sic
1093 3540 1216 3580 eum
1240 3523 1364 3579 volo
1390 3538 1610 3580 manere
1640 3524 1744 3579 do-

172 3623 260 3665 nec
287 3613 490 3668 veniam
519 3631 537 3669 :
572 3614 700 3683 quid
731 3615 798 3669 ad
844 3616 933 3670 te?
967 3615 1068 3672 Hic
1107 3626 1191 3671 est
1218 3616 1512 3685 discipulus
1541 3616 1630 3686 qui
1661 3625 1744 3671 te-

176 3702 465 3758 stimonium
498 3705 751 3776 perhibet
791 3704 861 3762 de
890 3705 1011 3760 bis:
1053 3715 1106 3762 et
1133 3707 1223 3777 qtti
1252 3707 1469 3776 scripsit
1495 3706 1618 3763 hec.
1675 3706 1746 3761 Et

170 3798 357 3853 scimus
380 3800 503 3866 quia
525 3815 716 3856 verum
747 3789 832 3857 est
854 3801 1225 3857 testimonium
1253 3801 1393 3872 ejus.

253 3890 294 3958 ti,
313 3930 328 3943 .
357 3890 542 3947 Amen.

236 3974 265 4016 ⁴
291 3979 484 4038 Lauda.
511 3984 753 4056 Alleluia.
803 3987 837 4056 ᾗ
863 4025 877 4041 .
911 3986 1053 4043 Deus
1089 4001 1240 4042 meus
1278 4001 1337 4042 es
1367 3995 1423 4041 tu
1450 4003 1461 4039 :
1494 3996 1548 4043 et
1577 3989 1744 4042 conti-

165 4072 306 4128 tebor
335 4076 424 4130 tibi
449 4095 462 4129 :
498 4077 636 4133 Deus
659 4093 809 4134 meus
829 4095 888 4135 es
911 4087 1002 4134 tu:
1043 4085 1098 4134 et
1118 4077 1370 4136 exaltabo
1395 4087 1466 4133 te.
1506 4075 1575 4131 P.
1601 4077 1748 4134 Alle-

167 4162 280 4235 luja.
303 4166 565 4239 Adjuvate
593 4186 680 4226 me
708 4172 921 4228 fratres.

236 4266 257 4294 °
289 4259 641 4330 Sacriﬁcium.
672 4263 860 4319 Omnis
897 4266 987 4333 qui
1028 4279 1114 4320 me
1156 4263 1436 4320 confessus
1467 4263 1625 4319 fuerit
1656 4277 1748 4318 co-

170 4360 266 4401 ram
291 4350 600 4423 horninibus
631 4354 760 4411 dicit
802 4356 1091 4412 Dominus:
1137 4357 1435 4412 confitebor
1481 4370 1602 4411 eum
1645 4369 1744 4408 co-

171 4458 268 4499 ram
293 4447 452 4504 Patre
483 4464 610 4506 meo
638 4445 889 4520 alleluja:
939 4451 975 4521 ᾗ
1001 4491 1016 4505 .
1053 4451 1120 4506 Et
1147 4450 1474 4520 quicumque
1501 4447 1749 4519 perdide-

164 4531 224 4590 rit
245 4540 473 4596 animam
501 4557 656 4596 suam
687 4551 912 4613 propter
935 4558 1022 4599 me
1046 4559 1061 4596 :
1106 4543 1161 4597 in
1189 4543 1354 4597 vitam
1386 4552 1629 4597 eternam
1655 4540 1746 4597 in-

164 4631 320 4689 veniet
338 4649 485 4689 eam.
517 4633 586 4688 P.
620 4634 946 4691 Conﬁtebor.

222 4724 395 4785 .ltitsa.
419 4727 583 4783 Dicat
609 4727 791 4783 Presb.
825 4727 1082 4785 Dominus
1101 4726 1174 4784 sit
1192 4741 1405 4797 semper
1434 4726 1733 4786 vobiscum.

172 4811 235 4883 ἡ.
263 4817 326 4874 Et
349 4835 480 4876 cum
512 4821 726 4891 spiritu.

219 4978 386 5051 'Cap.
443 4977 608 5033 XXI.
648 4978 800 5051 vers.
843 4976 1069 5051 15124.
1116 4977 1170 5051 ln
1203 4975 1528 5051 Luxoviensi
1554 4977 1738 5051 _Evan.

189 5045 343 5105 eiium'
370 5051 448 5105 de
477 5061 664 5103 sancto
700 5050 878 5104 Marco
927 5047 1077 5120 (Cap.
1111 5045 1169 5118 χ)
1195 5047 1516 5120 destituitur:
1552 5049 1609 5103 In
1644 5051 1744 5104 Βο-

160 5063 332 5170 Eeuum
370 5063 448 5105 de
477 5063 664 5103 saneto
700 5063 878 5104 marco
927 5063 1077 5120 (Lup.
1111 5063 1169 5118 lt)
1195 5063 1516 5100 oesumttur.
1552 5063 1609 5103 In
1644 5063 1731 5104 δα

158 5121 803 5246 0(elisa;)Saeramentario
831 5121 900 5175 de
946 5127 1134 5175 sancto
1164 5118 1417 5172 Matthmo
1449 5117 1602 5190 (Cap.
1640 5136 1731 5189 xx,

232 5223 254 5233 -
276 5196 389 5260 et).

214 5261 239 5300 δ
265 5265 407 5318 Ibus.
444 5263 628 5330 \'ulg.,

219 5346 237 5373 ε
268 5333 332 5389 Et
371 5336 534 5389 dixit.
556 5329 622 5388 lu
648 5333 874 5402 Vulgata
903 5330 1066 5386 etGr.
1090 5331 1168 5386 sic
1204 5330 1398 5401 legitur
1425 5349 1435 5382 :
1473 5329 1540 5384 Et
1572 5332 1729 5402 dixit,

159 5401 268 5466 Quis
302 5417 376 5460 est
401 5408 493 5475 qui
524 5406 691 5458 tradet
710 5401 796 5458 te?
824 5404 980 5457 Hunc
1007 5420 1127 5475 ergo
1155 5421 1270 5456 cum
1294 5403 1498 5457 vidisset
1519 5401 1731 5472 Petrus,

159 5476 406 5546 dieidem
433 5491 453 5530 :
477 5476 718 5537 Domine,
739 5477 822 5529 hic
849 5485 1042 5544 autem,
1073 5475 1233 5546 quid?

216 5544 239 5581 ἀ
269 5549 472 5602 Lauda.
507 5548 598 5601 Ps.
627 5563 790 5612 cxvu,
813 5546 905 5600 28.

218 5627 239 5654 ε
267 5619 618 5688 Sacriﬁcium.
649 5618 906 5684 Matth.x,
940 5616 1030 5673 5'2.
1067 5618 1101 5687 Ῡ
1135 5617 1293 5682 lbid.,
1324 5616 1412 5681 39;
1443 5617 1600 5673 Joan.
1633 5633 1730 5687 xu,

665 5262 985 5316 ambulabas.

156 5683 233 5741 26.

221 5760 240 5796 ί
271 5763 673 5830 Auumptionis.
734 5761 1017 5816 Transitus
1053 5761 1223 5816 sancti
1253 5761 1477 5817 Joannis
1501 5760 1730 5825 apostoli

157 5843 202 5883 In
230 5831 526 5904 Menologio
556 5833 732 5887 Basilii
763 5836 795 5892 ἡ
822 5835 1167 5904 μετάστασις,
1193 5832 1458 5890 translatio
1475 5850 1492 5899 ;
1528 5831 1732 5887 inlllar-

434 5929 712 5991 Paxnoc.
759 5928 1082 5990 LXXXV.

1848 3325 2034 3373 eterne
2060 3318 2438 3387 possessionis.

1936 3408 1975 3476 ri)
1997 3446 2012 3462 .
2047 3408 2243 3466 Amen.

1922 3503 2053 3559 Post
2076 3508 2311 3561 nomina.
2349 3506 2552 3564 Oratio.
2579 3509 2708 3567 Jesu
2732 3510 2851 3566 Rex
2883 3521 3066 3568 noster
3095 3520 3150 3568 et
3176 3511 3401 3570 Domine
3429 3531 3446 3569 :

1848 3593 1940 3667 qui
1984 3612 2044 3654 es
2073 3598 2180 3654 vita
2209 3601 2513 3657 mortalium
2537 3619 2550 3656 :
2585 3612 2640 3659 tu
2669 3619 2795 3674 spes
2820 3606 2974 3662 unica
3001 3606 3438 3676 redemptorum:

1851 3691 2066 3761 suscipe
2096 3691 2200 3747 hoc
2225 3693 2547 3749 sacrificium
2581 3696 2724 3765 quod
2751 3696 2844 3751 tibi
2871 3697 2924 3752 in
2960 3697 3217 3752 honorem
3247 3698 3448 3753 Johan-

1848 3781 1936 3836 nis
1965 3784 2197 3852 apostoli
2230 3785 2308 3838 tui
2340 3786 2697 3842 dedicandum
2729 3788 2988 3843 offertur:
3026 3804 3088 3844 ac
3114 3800 3293 3859 presta
3321 3807 3449 3860 pro-

1849 3875 2057 3944 picius:
2092 3887 2148 3930 ut
2175 3877 2315 3932 sicut
2344 3879 2472 3933 olim
2523 3881 2667 3936 idem
2716 3881 2943 3936 dilectus
2976 3889 3096 3935 tuus
3124 3885 3361 3950 presenti
3389 3885 3446 3939 in

1850 3970 2036 4024 seculo
2076 3970 2652 4040 degenszexanimata
2699 3988 2931 4041 corpora
2983 3974 3255 4028 revocavit
3300 3985 3326 4022 8
3379 3977 3449 4036 ad

1849 4061 2012 4116 vitam
2041 4081 2054 4116 :
2085 4063 2159 4118 ita
2191 4078 2329 4118 nunc
2359 4064 2612 4132 suffragio
2640 4079 2776 4120 suo:
2808 4073 2862 4120 et
2901 4064 3191 4120 viventium
3224 4074 3448 4136 torpen-

1849 4166 1931 4213 tes
1978 4157 2184 4213 animas
2234 4159 2489 4227 suscipiat
2530 4157 2598 4212 ad
2643 4158 2893 4212 virtutem
2931 4165 3030 4214 :et
3067 4156 3447 4217 defunctorum

1849 4250 2068 4320 spiritus
2100 4250 2288 4306 liberet
2332 4267 2363 4305 a
2413 4251 2588 4320 penali
2623 4250 2954 4307 conditione.
3016 4250 3133 4319 Quo
3162 4266 3258 4322 per
3285 4251 3448 4309 istum

1850 4356 1880 4396 a
1911 4351 1963 4397 te
1994 4341 2136 4398 Deus
2169 4353 2276 4398 tam
2321 4342 2426 4398 vivi
2477 4357 2637 4414 quam
2682 4342 2920 4398 defuncti
2949 4342 3183 4414 speciale
3222 4359 3281 4400 se
3309 4360 3448 4414 gau-

1850 4433 2014 4490 deant
2036 4434 2308 4491 invenisse
2333 4435 2671 4492 remedium:
2697 4449 2857 4506 quem
2894 4449 3114 4492 manere
3168 4435 3446 4506 predixisti

1848 4523 2024 4612 donec
2049 4525 2235 4582 venias
2264 4527 2653 4597 incorruptum.

1770 4606 1826 4667 D
1996 4657 2010 4672 .
2043 4621 2239 4674 Amen.

1914 4725 1998 4780 Ad
2033 4743 2231 4795 pacem.
2281 4726 2538 4782 Novimus
2586 4725 2817 4784 Domine
2845 4727 2990 4798 quod
3030 4743 3134 4798 pax
3163 4729 3332 4784 multa
3372 4728 3444 4784 sit

1843 4818 2191 4890 diligentibus
2223 4833 2420 4876 nomen
2469 4828 2616 4876 tuum
2645 4837 2658 4874 :
2691 4836 2866 4889 neque
2892 4821 2962 4877 sit
2987 4819 3043 4876 in
3081 4820 3188 4876 illis
3214 4819 3452 4912 scanda-g‘

3446 4915 3452 4976 1

1847 4980 2116 5048 tyrologio
2160 4979 2388 5034 Lucensi
2431 4979 2771 5047 Florentinii,
2820 4980 3131 5036 Corbeiensi
3163 4979 3434 5048 Dacherii,

1894 5052 2179 5116 eltonensi,
2238 5050 2492 5105 Vaticano
2542 5053 2766 5120 praeﬁxo
2804 5053 3230 5107 Sacramentario
3260 5053 3437 5108 sancti

1848 5122 2112 5192 Gregorii,
2168 5124 2220 5176 in
2243 5121 2517 5186 Fuldensi,
2549 5132 2604 5192 et
2632 5124 2990 5177 Ottobonia-no
3020 5121 3255 5189 Georgii,
3290 5131 3342 5175 et
3374 5125 3428 5178 in

1844 5191 1975 5249 aliis,
2015 5195 2308 5261 Assumptio
2351 5195 2514 5246 sancti
2563 5191 2784 5247 Joannis
2829 5193 3064 5254 dicitur;
3126 5207 3285 5261 quem
3345 5193 3429 5248 lo-

1843 5266 2040 5336 quendi
2071 5266 2286 5320 modum
2320 5265 2373 5318 in
2409 5265 2658 5336 Hispania
2690 5275 2962 5336 receptum
2986 5263 3146 5336 fuisse
3174 5265 3430 5333 colligere

1843 5331 1968 5392 licet
1992 5353 2056 5392 ex
2090 5337 2388 5405 fragmento
2417 5331 2794 5404 chronologico
2816 5331 2964 5405 quod
2995 5346 3061 5386 ex
3101 5331 3428 5390 Kalendario

1843 5407 2082 5476 Hispano
2138 5404 2476 5476 desumptum
2519 5406 2772 5460 ediditcl.
2800 5404 3122 5476 Muratorius
3151 5406 3324 5474 (Tom.
3360 5405 3426 5460 II

1846 5473 2043 5544 Script.
2076 5496 2179 5534 rer.
2224 5473 2373 5544 ltatl,
2425 5488 2561 5546 part.
2608 5491 2668 5538 ιι,
2694 5492 2812 5544 pag.
2846 5473 3030 5541 mea).
3057 5473 3373 5546 ubilegilur
3409 5494 3425 5532 :

1847 5549 1983 5604 ίΕνα
2016 5551 2136 5616 158,
2165 5548 2392 5602 Joannes
2414 5547 2718 5617 evangelista
2745 5557 3035 5618 assumptus
3057 5559 3149 5601 est.

1915 5632 1940 5670 e
1975 5623 2053 5675 Ad
2103 5622 2276 5674 vitam.
2325 5616 2654 5688 Apollonius,
2715 5619 2852 5684 apud
2900 5616 3180 5672 Eusebium
3211 5616 3351 5688 (Lib.
3387 5630 3422 5669 v

1841 5693 2025 5747 Hiator
2051 5693 2269 5751 Ecclcs..
2303 5705 2417 5756 cap.
2449 5687 2534 5752 l7,
2566 5693 2638 5742 aI.
2676 5691 2765 5758 18)
2791 5690 2976 5744 scribit
3006 5687 3418 5746 sanctumJoan-

1841 5781 1964 5821 nem
1995 5760 2194 5836 Ephesi
2218 5769 2482 5817 mortuum
2511 5759 2822 5818 suscitasse.

2877 5917 2913 5977 ’ἵ
