3992 6354
150 353 242 411 ωδ
891 348 1191 409 ωεεΑιε
1232 346 1501 407 MIXTUM
1541 346 1691 406 SEC.

1845 347 1893 405 ἓ.
1930 349 1994 406 Β.
2033 348 2310 412 lSIDORi.
2348 382 2418 399 --
2456 346 2637 417 PARS
2671 358 2714 417 1.

3324 362 3428 425 206

148 469 526 529 commendans
550 485 568 527 :
596 467 866 541 passionis
888 474 1073 523 nostre
1094 467 1319 523 calicem
1342 465 1566 522 ebibens
1596 476 1732 521 con-
1755 458 1814 526 Δ
1837 464 1928 535 qui
1954 479 2013 521 es
2041 466 2353 526 benedictus
2382 477 2440 527 et
2479 472 2614 529 vivis
2655 480 2714 530 et
2755 478 2935 533 omn.a
2963 477 3107 549 regis
3144 477 3197 535 in
3246 483 3426 539 secula

150 567 416 626 summasti
452 584 468 623 :
503 575 561 621 ιιι
590 580 693 621 nos
750 561 1044 635 placabiles
1088 559 1293 617 efficito
1336 559 1434 616 tibi
1468 579 1481 615 :
1516 567 1576 615 ut
1624 567 1734 614 tam

149 662 440 720 oblationes
469 674 632 731 quam
664 658 936 715 oblatores
973 655 1048 712 ita
1100 655 1442 726 respiciendo
1490 656 1736 712 sanctiﬁ-

152 771 223 814 ces
242 774 257 810 :
277 754 717 824 viviﬁcandoquc
747 750 843 807 tibi
864 751 979 819 ipse
995 747 1345 806 commendes
1369 762 1509 818 :quu
1537 746 1737 804 Johan-

151 847 598 918 nenapostotun
639 854 791 900 mam
822 841 1051 899 dilectio
1086 849 1176 897 tua
1208 838 1342 896 fecit
1364 838 1735 896 uenerabilem

153 942 271 997 inter
297 940 519 996 intra.
566 937 609 1008 ἡ
626 978 641 993 .
672 938 871 995 Amen.

211 1054 293 1109 Ad
315 1053 609 1107 arationem
647 1050 993 1107 Dominicam.

212 1125 349 1181 Vide
369 1124 499 1181 vide
526 1125 671 1180 Deus
696 1125 892 1194 quibus
919 1122 1127 1195 gravati
1173 1120 1388 1177 delictis
1436 1124 1729 1180 obruimur:

153 1216 475 1288 qualiterque
495 1215 651 1271 nobis
675 1216 781 1285 ipsi
798 1214 1038 1283 quotidie
1062 1213 1331 1270 efﬁcimur
1353 1228 1513 1273 causa
1538 1215 1732 1271 veneni

154 1321 347 1380 etpene
374 1307 630 1379 ωρμίτῆ
655 1308 823 1365 :dum
848 1320 971 1363 cum
1000 1306 1323 1377 quotidiana
1339 1308 1517 1363 carnis
1548 1319 1733 1365 nostra

152 1403 651 1475 meno'polluimur
669 1419 683 1456 :
698 1412 757 1457 et
768 1401 836 1456 de
852 1401 1192 1469 reparatione
1211 1401 1450 1457 melioris
1466 1403 1575 1459 vite
1587 1404 1733 1460 nullo

153 1495 632 1567 καθωσίωσε
665 1494 779 1549 Sed
810 1493 941 1563 quia
972 1500 1180 1548 certum
1219 1495 1479 1563 estquod
1512 1494 1615 1551 hoc
1651 1497 1733 1552 vi-

151 1590 267 1643 deas
290 1605 303 1640 :
324 1588 418 1658 qui
439 1601 661 1656 semper
685 1602 749 1642 es
778 1586 1021 1641 clemens
1048 1602 1063 1639 :
1093 1592 1149 1641 et
1174 1585 1296 1641 ideo
1310 1600 1409 1656 per
1436 1589 1733 1646 confessio-

153 1695 258 1735 nem
284 1694 385 1734 nos
410 1679 481 1735 ad
511 1690 567 1736 te
584 1679 857 1735 redituros
887 1689 1188 1748 expectes:
1221 1681 1344 1737 ideo
1371 1684 1727 1754 suggerimus.

154 1781 203 1825 ot
222 1770 466 1840 apostolo
510 1780 605 1827 tuo
655 1771 904 1827 Iohanne
934 1772 1300 1829 intercedente
1319 1788 1339 1829 τί
1358 1775 1449 1846 qui
1481 1777 1729 1833 invocato

154 1865 698 1922 nomiucmlothale
728 1874 757 1904 ι
777 1865 1007 1920 ebihens
1047 1866 1203 1921 virus
1230 1884 1247 1919 :
1277 1880 1393 1921 noni
1415 1868 1589 1923 solum
1618 1871 1732 1938 ipse

152 1953 313 2008 evasit
329 1970 349 2008 :
379 1953 482 2009 sed
525 1953 697 2009 etim
714 1953 859 2008 alios
885 1967 952 2008 ea
987 1953 1183 2009 eodem
1202 1954 1511 2010 exstinctos
1535 1960 1730 2027 poculo

151 2046 433 2099 suscitavit.
492 2045 686 2101 Procul
714 2058 748 2099 ι
791 2042 951 2099 nobis
996 2044 1207 2100 efﬁcias
1242 2063 1256 2098 :
1288 2056 1355 2101 et
1401 2047 1728 2104 incentivam

150 2138 316 2194 carnis
342 2148 533 2196 lustre
562 2138 842 2195 libidinem
877 2156 893 2193 :
917 2149 972 2195 et
990 2137 1139 2194 virus
1166 2142 1530 2210 persuasionis
1562 2144 1730 2200 hostis

149 2231 360 2300 antiqui.
398 2230 468 2287 Ut
488 2232 981 2288 ﬁdeteeolentes:
1014 2235 1153 2288 sicut
1186 2234 1490 2292 Iohannem
1514 2247 1731 2306 apostob

148 2326 256 2380 lum
295 2340 401 2381 non
424 2327 609 2381 nocuit
628 2325 865 2382 oblatum
902 2338 1167 2383 venenum
1213 2345 1235 2382 τι
1257 2329 1333 2385 ita
1361 2344 1463 2384 nos
1488 2345 1597 2385 non
1626 2347 1728 2386 no-

147 2423 279 2473 ceat
300 2416 583 2471 latentium
603 2416 863 2472 vitiormn
882 2419 1025 2475 virus
1048 2420 1357 2475 occultum:
1393 2423 1730 2493 proclaman-

157 2515 243 2564 tes
266 2517 419 2577 atque
440 2509 515 2563 ita
538 2509 796 2569 dicentes.
820 2510 975 2567 Pater
1002 2523 1183 2568 noster
1201 2516 1297 2580 qui
1317 2526 1399 2581 es,
1433 2526 1540 2576 etc.

216 2598 537 2657 Benedictio.
562 2602 711 2657 Deus
745 2614 967 2658 etcum
1007 2621 1022 2659 :
1052 2606 1143 2675 qui
1170 2605 1473 2662 Jobannem
1504 2620 1725 2680 aposto-

146 2694 251 2748 lum
280 2709 429 2748 suum
455 2711 554 2762 pre
580 2696 777 2752 ceteris
809 2696 929 2766 plus
956 2697 1150 2754 dilelit
1174 2699 1458 2769 discipulis
1484 2719 1497 2755 :
1526 2702 1729 2760 efﬁciat

145 2802 235 2843 vos
258 2804 351 2844 sue
375 2789 669 2860 participes
713 2790 1014 2847 charitatis.
1057 2794 1096 2862 ﬁ
1121 2836 1134 2848 .
1163 2796 1358 2851 Amen.
1391 2797 1605 2865 Quique
1630 2814 1729 2867 per

146 2896 257 2938 eum
289 2881 314 2919 δ
344 2882 664 2941 Drusianae:
690 2887 975 2942 suscitavit
1004 2901 1043 2941 θ)
1065 2904 1258 2947 somno
1288 2890 1481 2946 mortis
1508 2905 1526 2945 :
1549 2891 1726 2946 susci-

146 2982 213 3030 tet
240 2990 330 3032 vos
354 2991 384 3032 a
411 2977 721 3046 torperibus
752 2980 858 3034 vite
886 2980 1144 3037 carnalis.
1182 2984 1222 3051 ti
1242 3020 1259 3039 .
1284 2982 1478 3038 Amen.
1516 2983 1584 3039 Ut
1604 2998 1726 3039 eum

146 3080 341 3137 semper
386 3070 673 3126 retineatis
727 3069 784 3127 in
837 3081 1105 3141 pectore:
1139 3073 1195 3130 in
1250 3074 1403 3143 cujus
1433 3076 1553 3132 sinu
1606 3076 1728 3148 ipse

146 3162 421 3230 promeruit
453 3164 737 3220 recubare.
782 3167 861 3235 ἢ.
902 3168 1097 3221 Amen.
1144 3167 1250 3224 Per
1296 3169 1725 3227 misericordiam

148 3253 298 3324 ipsius
320 3257 413 3313 Dei
437 3260 644 3313 uestri:
672 3260 764 3329 qui
788 3268 874 3316 est
894 3260 1215 3320 benedictus
1238 3272 1297 3321 ct
1310 3265 1444 3321 vivit
1467 3276 1524 3323 et
1542 3268 1725 3324 omnia

148 3350 267 3418 regit
290 3350 342 3405 in
368 3352 557 3407 secula
590 3354 925 3410 seculorum.
968 3355 1009 3425 ti
1031 3396 1046 3410 .
1076 3357 1273 3425 Amen.

206 3441 349 3499 Dicat
382 3444 569 3501 Prsia.
604 3445 863 3504 Dominus
888 3449 1195 3522 sitsemper
1216 3450 1520 3510 vobiscum.
1547 3453 1593 3523 ἢ
1610 3491 1627 3508 .
1657 3453 1729 3511 Et

144 3548 255 3590 cum
275 3537 473 3606 spiritu
504 3547 619 3594 tuo.

207 3627 421 3686 Chorus.
452 3631 682 3689 Gustate
710 3642 769 3690 et
806 3633 1010 3691 videte.

206 3722 331 3781 Post
376 3729 789 3785 communionem
850 3728 1051 3788 Oratio.
1108 3730 1316 3791 Gratias
1370 3733 1466 3791 tibi
1518 3737 1728 3807 agimus

141 3815 363 3877 Domine
411 3820 555 3877 Deus
608 3831 663 3879 et
713 3832 769 3881 te
819 3824 986 3880 Deum
1038 3826 1407 3883 benedicimus
1436 3829 1506 3885 de
1552 3829 1641 3887 die
1670 3833 1727 3889 in

137 3910 284 3965 diem
310 3914 441 3982 :qui
465 3929 559 3968 nos
582 3914 634 3969 in
656 3916 756 3970 hac
780 3916 867 3971 die
899 3926 1086 3973 sancte
1112 3920 1451 3975 solennitatis
1486 3930 1574 3977 tue
1594 3938 1724 3992 per-

137 4004 345 4062 ducere
373 4006 614 4079 dignatus
640 4026 696 4066 es
722 4030 735 4065 :
764 4010 850 4067 fac
878 4027 979 4068 nos
1009 4013 1151 4068 diem
1196 4013 1309 4085 ω
1353 4014 1515 4071 istum
1552 4016 1726 4072 sancti

137 4098 398 4157 Jolmnnis
416 4104 645 4171 apostoli
669 4104 747 4161 tui
779 4114 837 4161 et
854 4106 1185 4174 evangelista
1215 4122 1310 4175 per
1347 4107 1518 4163 multa
1548 4108 1726 4165 curri—

140 4195 246 4250 cula
277 4212 545 4254 annorum
567 4197 623 4252 iu
654 4213 788 4270 pace
813 4207 870 4255 et
886 4198 1272 4270 tranquillitate
1300 4201 1580 4270 suscipere
1602 4217 1727 4261 cum

142 4285 272 4344 ﬁdeli
294 4292 499 4359 populo
525 4300 639 4347 tuo.
687 4290 729 4360 ἢ
750 4328 765 4344 .
805 4292 1005 4346 Amen.
1040 4320 1051 4331 -

202 4381 351 4439 Dicat
379 4382 573 4441 Prcsb.
606 4383 712 4445 Per
733 4383 1169 4443 misericordiam
1197 4392 1345 4445 tuam
1376 4385 1520 4443 Deus
1541 4395 1730 4446 noster

200 4525 222 4552 ⁸
250 4516 480 4574 Ebibens
510 4520 676 4577 virus.
706 4518 937 4590 Sanctus
965 4517 1199 4574 Isidorus
1227 4518 1314 4590 (de
1344 4518 1466 4574 Vita
1487 4530 1536 4576 et
1563 4530 1728 4577 morte

142 4602 443 4661 sanctorum,
497 4606 615 4661 cap.
672 4589 764 4660 73)
792 4590 981 4643 eadem
1006 4590 1201 4661 habet;
1234 4584 1290 4647 et
1320 4590 1508 4646 Passio
1552 4597 1722 4648 sancti
1752 4584 1807 4653 Β
1830 4587 1968 4657 Item,
1988 4585 2211 4661 il_Vatalis
2260 4596 2557 4661 sanctorum

141 4658 361 4733 Joannis,
398 4679 524 4731 qua:
555 4658 752 4715 nomen
778 4660 964 4715 Melliti
1002 4660 1291 4733 Laudocim
1322 4665 1561 4729 episconi
1585 4681 1720 4733 prte-

141 4732 243 4810 fert,
284 4728 430 4810 apud
464 4734 537 4810 c_l.
570 4733 963 4810 Florentinium
992 4730 1083 4805 (In
1114 4728 1291 4788 India.
1318 4728 1565 4805 apostol.,
1585 4728 1718 4810 ‘pag.

141 4800 270 4873 130),
302 4800 370 4859 de
400 4804 603 4860 eadem
637 4820 695 4858 re
724 4801 842 4858 fuse
869 4804 1002 4864 agit.

198 4872 602 4931 bDrusianam.
657 4873 974 4943 Apollonius
1000 4916 1014 4938 ,
1058 4872 1199 4947 apud
1232 4873 1549 4943 Eusebium,
1596 4892 1723 4933 san-

138 4955 265 5003 ctum
294 4948 573 5004 Joannem
599 4955 866 4999 mortuum
894 4946 1097 5015 Ephesi
1118 4950 1409 5001 suscitasse
1430 4948 1636 5009 scribit,
1664 4956 1723 5003 ut

137 5033 280 5089 supra
331 5018 583 5089 monui._
603 5015 834 5089 Mellitus
866 5016 955 5089 i||_e
982 5015 1265 5071 Laudocize
1317 5017 1600 5089 episcopus
1631 5016 1725 5089 (In

136 5086 372 5147 Punicae
426 5089 500 5145 S.
548 5086 796 5158 Joannis)
840 5087 1006 5144 refert
1049 5090 1349 5158 apostolum
1398 5086 1717 5146 Drusianam

136 5166 433 5219 suscitasse.

200 5248 219 5275 ε
251 5235 456 5291 Natale
516 5242 815 5289 sanctorum
844 5233 1208 5289 Innocentum.
1240 5231 1367 5288 Haec
1416 5231 1682 5291 festivitas
1702 5277 1719 5304 ,

136 5323 241 5376 qua:
280 5311 333 5364 iu
366 5310 498 5361 aliis
528 5304 724 5361 Natale
742 5316 1035 5360 sanctorum
1058 5304 1440 5376 Innocentium,
1475 5317 1566 5361 aut
1598 5305 1721 5361 bea-

136 5373 287 5435 torum
340 5378 737 5443 Innocentium,
795 5378 847 5432 in
898 5376 1015 5434 aliis
1066 5376 1255 5430 Natale
1299 5373 1589 5444 Infantttm,
1632 5388 1725 5432 aut

134 5467 417 5506 sanctarum
444 5449 748 5516 Infantum,
780 5448 1170 5520 inquibusdam»
1196 5448 1410 5502 Necatio
1429 5445 1720 5520 infantum,

133 5526 408 5580 autetiam
444 5521 636 5577 Allisio
667 5518 960 5590 Infan‘tnm,
994 5518 1325 5590 inscribitur,
1359 5534 1387 5573 a
1420 5518 1620 5575 Graecis
1636 5519 1724 5576 die

132 5590 192 5674 ᾖ)
239 5594 568 5674 Decembris
597 5584 921 5674 _celebratur
949 5584 1433 5674 (_dlenol.__13asilii),
1456 5606 1493 5674 _a
1519 5591 1729 5674 ‘Latinis‘

132 5667 211 5724 die
254 5670 327 5725 9.8
382 5664 731 5732 Decembris,
762 5662 1007 5734 quamvis
1046 5664 1113 5718 de
1163 5663 1251 5734 die
1300 5677 1407 5733 quo
1456 5662 1728 5734 interfecti

131 5753 245 5795 sunt
296 5739 444 5796 nihil
494 5738 630 5793 certi
658 5732 890 5793 constet.
943 5736 1001 5791 ln
1046 5732 1419 5792 vetustissimo
1445 5732 1729 5804 Carthagi-

131 5814 273 5867 nensi
324 5809 698 5867 Kalendario:
762 5806 805 5863 V
841 5804 969 5862 Kal.
1026 5806 1179 5875 Jan.,
1215 5806 1411 5860 Natale
1434 5814 1731 5859 sanctorum

131 5882 427 5955 lafantum,
477 5896 606 5955 quos
654 5880 839 5936 occidit
883 5876 1140 5936 Herodes.
1171 5878 1499 5935 Corbeiense
1530 5875 1731 5948 pariter

1838 556 2163 613 seculorum.
2208 559 2284 629 ri).
2328 562 2520 618 Amen.
2562 562 2822 622 Dominus
2868 568 2941 624 sit
2989 583 3204 640 semper
3240 573 3425 632 vobis-

1837 660 1979 703 cum.
2022 650 2061 719 ἡ
2081 688 2097 705 .
2128 650 2338 707 Etcum
2362 653 2570 723 spiritu.
2611 657 2885 717 Solemnia
2911 662 3176 734 cumpleta
3204 670 3333 722 sunt
3372 666 3429 725 in

1837 741 2054 798 nomine
2080 741 2295 800 Domini
2321 746 2517 815 mostri
2534 748 2662 806 Iesu
2685 746 2884 810 Christi
2909 770 2925 810 :
2956 762 3151 814 vatum
3182 766 3428 817 nostrum

1834 832 2202 906 sitacceptutn
2230 844 2357 894 cum
2384 852 2536 909 pace.
2567 841 2641 912 ἢ.
2668 843 2782 900 Deo
2808 848 3028 918 gratias.
3419 874 3422 879 θ

2075 947 2143 1004 IN
2188 959 2211 988 ο
2252 946 2529 1008 NATALE
2568 954 2669 1011 SS.
2710 952 3179 1021 [NNOCENTUM-

2267 1041 2351 1097 Ad
2382 1040 2617 1122 Missam.
2660 1045 2688 1086 ἀ
2732 1050 2989 1122 Ofﬁcium.

1906 1109 2056 1165 Dabo
2075 1114 2281 1169 sanctis
2307 1116 2444 1173 meis
2468 1118 2697 1185 primum
2725 1109 3259 1199 seésionemallciuja
3306 1147 3320 1183 ε
3366 1131 3423 1188 in

1835 1204 2229 1261 resurrectione
2282 1216 2471 1263 eterna
2523 1218 2579 1265 et
2630 1216 2908 1283 exquiram
2966 1216 3088 1275 illos
3142 1221 3196 1275 in
3228 1222 3426 1292 gaudio

1835 1308 1961 1349 meo
1990 1312 2006 1349 :
2035 1306 2092 1351 et
2128 1297 2221 1352 lux
2248 1310 2504 1370 perpetua
2537 1302 2741 1361 lucebit
2785 1308 2999 1379 alleluia
3029 1329 3042 1364 :
3077 1321 3139 1368 et1
3162 1317 3426 1372 eternites

1836 1394 2142 1457 temporum
2177 1402 2462 1461 properata
2498 1403 2584 1451 est
2610 1398 2827 1470 atleluja
2876 1401 3114 1474 alleluja.
3149 1412 3174 1444 ⁸
3214 1407 3251 1475 γ
3273 1444 3287 1460 .
3320 1408 3427 1462 Do-

1835 1481 1981 1537 mine
2011 1483 2251 1551 probaui
2285 1500 2372 1541 me
2407 1496 2464 1543 et
2510 1492 2811 1561 cognovisti
2861 1508 2948 1551 me
2980 1514 2994 1550 :
3024 1505 3077 1552 tu
3126 1500 3426 1569 cognovisti

1836 1574 2135 1631 sessionem
2168 1587 2427 1634 meamet
2447 1584 2898 1640 resurrectionem
2924 1596 3120 1643 meum.
3153 1588 3221 1645 Ρ.
3247 1591 3428 1649 Etlux-

1836 1676 2110 1738 perpetua.
2150 1672 2189 1741 ᾗ
2212 1711 2226 1725 .
2254 1672 2435 1729 Gloria
2462 1684 2517 1731 et
2543 1676 2716 1732 honor
2738 1677 3107 1740 Patrietl‘ilio"
3124 1694 3179 1741 et
3201 1686 3402 1757 Spiritu

1835 1757 2034 1820 Sancto
2062 1765 2119 1820 in
2137 1767 2321 1823 secula
2344 1771 2651 1826 seculorum
2677 1784 2858 1829 amen.
2892 1774 2960 1830 P.
2996 1777 3067 1831 Et
3093 1777 3209 1835 lux.

1917 1857 2119 1912 Oratio.
2154 1858 2323 1914 Hodie
2360 1858 2514 1916 nobis
2557 1863 2842 1920 thesaurus
2868 1874 3027 1924 natus
3061 1878 3162 1925 est;
3196 1871 3425 1944 Require

1832 1957 1970 2002 retro
1993 1948 2049 2002 in
2079 1947 2273 2005 Natale
2302 1951 2532 2007 Domini.
2566 1954 2661 2025 fol.
2695 1955 2786 2011 5’1.

1914 2062 2113 2148 '“Lec‘tio
2166 2064 2290 2148 libri.
2338 2065 2593 2124 Hieremie
2636 2071 2878 2142 prapltete
2920 2072 2979 2145 (ί
3014 2071 3145 2148 Cap.
3174 2073 3423 2145 XXXI).

1918 2134 1958 2204 ii)
1980 2173 1994 2186 .
2016 2135 2127 2190 Deo
2154 2138 2376 2205 gratias.
2636 2134 2646 2141 ’
2733 2134 2745 2142 ’
2928 2134 2943 2145 “
3088 2134 3099 2148 ’
3312 2166 3321 2169 π

1904 2226 2015 2281 llec
2042 2228 2172 2283 dicit
2215 2231 2493 2288 Dominus.
2528 2242 2553 2281 8
2587 2231 2701 2289 Vox
2745 2236 2798 2290 in
2854 2236 3022 2293 Rama
3074 2241 3255 2298 audita
3298 2250 3424 2298 est:

1830 2318 2231 2378 lamentationis
2275 2323 2434 2379 ﬁetus
2464 2334 2518 2381 et
2548 2326 2723 2382 luctus
2753 2344 2769 2382 :
2794 2329 3039 2399 ploratus
3085 2345 3140 2389 et
3196 2334 3429 2392 ululatus

1829 2415 2047 2470 multus.
2084 2413 2535 2485 Rachelplorans
2565 2418 2705 2474 lilios
2729 2435 2858 2475 suos
2886 2438 2900 2474 :
2930 2432 2985 2476 et
3030 2424 3203 2478 noluit
3228 2440 3427 2482 conso-

1831 2506 1929 2562 lari
1960 2520 2122 2574 super
2161 2521 2257 2562 eos
2294 2508 2418 2579 quia
2468 2524 2576 2563 non
2618 2518 2764 2565 sunt.
2803 2512 2911 2567 Hec
2960 2512 3092 2570 dicit
3140 2515 3425 2576 Dominus.

1830 2601 2083 2671 Quiescat
2104 2616 2207 2657 vox
2237 2610 2325 2657 tua
2354 2618 2384 2657 a
2409 2602 2619 2672 ploratu
2654 2612 2748 2660 :et
2777 2606 2918 2661 oculi
2950 2608 3025 2662 tui
3046 2623 3076 2662 a
3107 2610 3425 2671 lachrimis:

1830 2709 1934 2765 que
1960 2703 2045 2748 est
2066 2709 2278 2751 merces
2303 2696 2454 2765 operi
2478 2706 2570 2752 tuo
2596 2713 2612 2751 :
2644 2697 2718 2753 ait
2745 2696 3025 2756 Dominus.
3059 2702 3129 2757 Et
3153 2713 3428 2762 reverten-

1831 2794 1918 2843 tur
1943 2789 2009 2842 de
2040 2798 2186 2844 terra
2226 2790 2455 2846 inimici.
2487 2791 2555 2846 Et
2593 2792 2699 2848 erit
2745 2809 2876 2865 epes
2910 2796 3220 2854 novissimis
3276 2799 3383 2858 tuis
3406 2841 3427 2858 .

1828 2881 1907 2934 ait
1946 2878 2227 2937 Dominus.
2278 2882 2347 2935 Et
2393 2890 2735 2939 revertentur
2781 2886 2877 2941 ﬁlii
2920 2888 2999 2945 tui
3048 2889 3120 2945 ad
3171 2893 3429 2952 terminos

1828 2987 1975 3028 suos.
2002 2972 2243 3029 Audiens
2271 2974 2455 3029 audivi
2475 2968 2694 3032 Eﬁ‘raim
2720 2981 3213 3052 transmigrantem.
3243 2982 3428 3041 Casti-

1829 3068 1968 3141 gain
1996 3084 2088 3124 me
2127 3078 2182 3124 et
2208 3068 2458 3125 eruditus
2483 3084 2636 3126 sum:
2662 3074 2815 3142 quasi
2840 3075 3163 3145 juvenculus
3183 3074 3215 3115 ιι
3244 3078 3309 3133 in
3329 3079 3429 3136 do-

1831 3161 2028 3218 mibus.
2061 3159 2337 3217 Converte
2362 3176 2450 3217 me
2482 3178 2500 3220 :
2528 3172 2584 3218 et
2608 3174 2854 3219 revertar
2883 3182 2901 3221 :
2929 3168 3054 3239 quia
3080 3176 3137 3224 tu
3177 3184 3238 3227 es
3282 3170 3427 3229 Deus

1831 3268 2007 3309 meus.
2038 3252 2328 3324 Postquam
2363 3254 2509 3309 enim
2532 3256 2850 3313 convertisti
2877 3272 2968 3314 me
2998 3276 3015 3316 :
3047 3260 3135 3331 egi
3175 3264 3428 3331 peniten-

1834 3347 1961 3404 tiam
1991 3365 2006 3404 :
2041 3357 2095 3404 et
2118 3358 2401 3419 postquam
2448 3348 2735 3406 ostendisti
2765 3349 2900 3407 mihi
2930 3368 2945 3405 :
2978 3354 3221 3423 percussi
3248 3355 3428 3413 femur

1830 3454 2032 3496 meum.
2060 3438 2331 3496 Confusus
2359 3454 2480 3495 sum
2525 3451 2580 3497 et
2624 3442 2857 3499 erubui:
2889 3446 3145 3515 quoniam
3194 3449 3429 3506 sustinui

1762 3564 1771 3571 ο
1831 3532 2185 3602 obprobrium
2209 3533 2576 3591 adolescentie
2598 3549 2720 3589 mee
2751 3551 2768 3589 :
2797 3536 2845 3591 si
2882 3537 3027 3594 filius
3069 3554 3227 3597 meus
3256 3542 3429 3598 hono-

1831 3626 2015 3683 rabilis
2044 3626 2175 3682 mihi
2195 3624 2415 3682 Ellraim
2449 3625 2537 3683 :si
2567 3641 2698 3698 puer
2718 3628 2983 3689 delicatus
3014 3634 3174 3704 :quia
3204 3649 3272 3691 ex
3321 3649 3430 3704 quo

1831 3719 2045 3785 locutus
2096 3735 2217 3777 sum
2263 3720 2376 3777 Deo
2430 3720 2609 3776 adhuc
2664 3722 2994 3780 recordabor
3033 3726 3175 3795 ejus.
3223 3726 3430 3784 idcirco

1830 3813 2143 3870 conturbata
2181 3822 2310 3870 sunt
2335 3813 2539 3869 viscera
2571 3828 2692 3867 mea
2721 3828 2884 3881 super
2934 3830 3083 3871 eum.
3128 3817 3423 3872 Miserebor

1828 3909 2093 3964 miserans
2121 3906 2238 3977 ejus
2264 3922 2281 3959 :
2314 3907 2391 3961 ait
2422 3905 2679 3961 Dominus
2708 3908 3073 3977 omnipotens.
3116 3908 3157 3977 ii
3177 3946 3193 3963 .
3223 3909 3420 3964 Amen.

1906 3998 1927 4039 ί
1952 4001 2257 4056 Psallando.
2287 4000 2369 4054 Ex
2401 4014 2496 4053 ore
2531 3998 2825 4054 infantium.
2851 4007 2911 4055 et
2954 3999 3267 4058 lactentium
3298 4016 3425 4072 per-

1830 4093 2003 4151 fecisti
2050 4092 2263 4149 laudem
2322 4099 2544 4162 pr0pter
2591 4091 2841 4148 inimicos
2884 4100 3025 4149 tuos.
3076 4093 3148 4151 Ut
3174 4094 3425 4155 destruas

1828 4184 2107 4243 inimicum
2134 4194 2189 4241 et
2218 4185 2233 4235 i
2262 4184 2628 4241 defensorem.
2665 4184 2706 4256 γ
2727 4224 2745 4241 .
2768 4184 3037 4253 Quoniam
3057 4186 3252 4245 videbo
3275 4188 3425 4247 celos

1832 4295 1955 4343 tuos
2010 4304 2027 4342 :
2072 4300 2240 4354 opera
2276 4284 2575 4357 digitorum
2625 4285 3106 4343 incruentum
3135 4294 3195 4343 et
3241 4284 3428 4343 stellas

1831 4393 1968 4451 quas
1990 4388 2048 4436 tu
2069 4379 2326 4436 fundasti.
2355 4377 2424 4433 P.
2463 4378 2552 4435 Ut.

1832 4515 2263 4589 vetustismmum
2312 4514 2755 4589 Martyrologium
2786 4528 2808 4589 :_
2839 4510 2886 4567 V
2912 4508 3043 4589 Kal.
3075 4512 3227 4589 lam,
3252 4512 3430 4571 Belle-

2032 4582 2211 4641 latalis
2260 4580 2557 4641 sanctorum
2601 4580 2897 4649 Infantiam
2923 4580 3316 4656 etlactentittm,
3343 4589 3431 4656 qui

1828 4660 1920 4714 s'ub
1954 4655 2185 4713 ‘Herode
2232 4674 2326 4727 pro
2378 4656 2583 4711 Christo
2632 4655 2774 4728 passi
2820 4664 2963 4728 sunt.
2986 4655 3189 4728 Eadem
3216 4672 3430 4725 quoque

1827 4724 2265 4787 Sacramentaria
2320 4729 2493 4782 Sancti
2550 4724 2772 4795 Leonis,
2816 4724 3430 4797 Gelasianum,Grego-

1828 4807 1999 4867 riana,
2060 4812 2115 4857 et
2159 4799 2575 4856 Ambrosianum
2620 4798 2843 4853 Parnelii
2896 4799 3092 4867 horum
3124 4809 3421 4867 martyrum

1829 4858 2145 4948 memoriam
2178 4873 2439 4948 recolunt.
2480 4868 2862 4948 ln_0ratiouali
2891 4858 3307 4948 Glitlilco__(i’a§.
3335 4866 3426 4948 ξε)

1829 4961 1929 5019 per
1971 4943 2312 5019 oscitantiam
2352 4936 2658 5019 quamdam
2672 4943 2961 5019 orationes
2980 4944 3042 4993 de
3064 4936 3305 4993 allisione
3330 4936 3423 4992 In;

1832 5012 2175 5090 ianittttLpOSi
2207 5012 2400 5090 festum
2430 5015 2602 5090 sancti
2632 5012 3212 5090 Julianicollocantur.

1904 5084 1933 5125 ά
1962 5082 2218 5158 (illirium.
2247 5085 2432 5142 Esdra:
2454 5084 2544 5153 ιν,
2576 5100 2638 5152 ιι,
2662 5082 2756 5153 23,
2780 5085 2871 5141 55.

1906 5158 2728 5233 ῗῗοΡξέὲξκὲτΨνίκη--
2800 5224 2824 5233 -
2890 5225 2911 5233 -
3022 5221 3034 5233 .
3174 5220 3193 5233 .
3254 5216 3277 5233 ,η

1907 5228 1929 5269 ί
1964 5221 2095 5307 Cap;
2121 5226 2344 5307 _XXX!.
2379 5221 2530 5307 V_ers_.
2567 5227 2756 5307 15-20.
2800 5224 2863 5307 In
2888 5221 3430 5307 Lectionarithuxo-

1832 5303 2005 5360 viensi
2036 5295 2224 5377 eadem
2273 5302 2555 5377 prOplietia
2599 5302 2811 5377 legitur_.
2847 5296 2903 5377 in
2940 5295 3193 5350 Bobiensi
3227 5295 3424 5353 Sacra-

1833 5375 2230 5449 mentarioghnc
2256 5373 2347 5427 die
2378 5368 2985 5449 nullaestprophetiam
3012 5436 3033 5449 ι
3056 5422 3153 5449 νδ
3210 5437 3248 5449 u
3278 5446 3281 5447 ν

1908 5422 2772 5508 tm};auita'iti'ngiat‘n;
2805 5440 2891 5506 18,
2926 5438 2985 5494 et‘
3010 5422 3175 5494 LXX.
3210 5437 3431 5510 Vulgata

1836 5531 1957 5575 cum
1991 5517 2245 5572 Hebrmo:
2287 5515 2405 5570 Vox
2432 5516 2485 5567 in
2510 5514 2731 5567 excelso.

1910 5587 1935 5626 ι’
1970 5589 2037 5643 In
2060 5587 2319 5642 domibus.
2356 5585 2599 5653 Vulgata,
2634 5583 2940 5639 indomitus.

1917 5660 1933 5698 ί
1971 5658 2274 5733 ΙζδαιΙεηάο.
2312 5657 2403 5733 Ps.
2427 5670 2542 5733 Vill_,
2575 5656 2630 5733 ξ.
2675 5655 2710 5726 7
2735 5698 2751 5712 -
2784 5656 2921 5712 lbid-
2952 5654 3007 5709 4·
3079 5724 3092 5733 _
3252 5721 3297 5733 _.

1914 5735 1929 5784 l
1980 5732 2334 5803 Defensorem.
2389 5726 2466 5783 Ita
2512 5725 2629 5783 Ital.
2680 5724 2735 5785 et
2791 5737 3013 5786 sanctus
3064 5724 3430 5794 Augustinus.

1840 5800 1995 5874 Vulg.
2008 5848 2022 5874 ,
2055 5800 2292 5857 ultorem.
