3992 6354
545 311 644 371 ³0⁸1

1300 299 1591 361 MISSALE
1631 296 1905 355 MIXTUM
1944 295 2096 353 SEC.
2139 293 2302 354 REG.
2346 293 2410 351 Β.
2454 292 2726 354 lSlDURl.
2772 326 2843 341 -—
2882 299 3063 358 PARS
3099 300 3142 358 1.

3728 308 3848 366 208

610 424 890 501 sequentia
943 419 1168 501 epistola
1201 415 1359 501 Pauli
1392 415 1626 501 Apostoli
1669 415 1737 470 ad
1768 412 2061 471 Corinthios
2159 416 2216 477 Δ
2311 412 2463 469 Dicat
2502 412 2688 471 Presb.
2715 413 2971 472 Dominus
2999 418 3070 472 sit
3112 429 3325 488 semper
3348 416 3643 482 vobiscum,
3663 419 3708 491 ti
3729 460 3746 475 .
3778 421 3849 479 Et

1123 494 1175 565 (ι
1202 486 1290 561 ιι,
1321 484 1450 559 cap;
1471 484 1501 542 1
1516 487 1561 562 ).

627 618 669 689 ἡ
688 657 708 675 .
734 617 843 674 Deo
870 624 1091 687 gratias.

615 733 861 792 Fratres.
891 729 1072 788 Gratia
1103 725 1258 782 vobis
1295 732 1354 780 et
1397 737 1500 793 pax
1532 735 1563 776 a
1596 721 1707 778 Deo
1735 720 1895 778 Patre
1950 726 2136 775 nostro

544 839 603 887 et
650 828 879 883 Domino
906 824 1032 882 Jesu
1061 820 1297 876 Christo.
1333 817 1654 876 Benedictus
1704 816 1846 872 Deus
1876 826 1931 871 et
1977 813 2137 869 Pater

543 920 761 977 Domini
790 915 957 972 nostri
1006 912 1135 968 .lcsu
1165 911 1363 966 Christi
1399 929 1412 964 :
1450 908 1610 964 Pater
1641 906 2135 964 miscricordiarum

544 1021 601 1068 et
632 1009 775 1064 Deus
801 1008 965 1062 totius
993 1003 1386 1080 consolationis
1414 1017 1430 1056 :
1469 1003 1559 1071 qui
1594 999 1904 1054 consolatur
1954 1012 2055 1052 nos
2080 997 2136 1052 in

545 1103 691 1160 omni
722 1099 1063 1155 tribulatione
1085 1107 1268 1151 nostra
1300 1112 1315 1150 :
1348 1103 1407 1151 ut
1460 1092 1730 1165 possimus
1784 1101 1842 1148 et
1871 1091 1973 1158 ipsi
2001 1105 2134 1145 con-

543 1196 707 1254 solari
744 1208 841 1251 eos
870 1193 1041 1264 quiin
1064 1192 1210 1269 omni
1236 1203 1487 1261 pressura
1529 1197 1701 1245 sunt:
1745 1202 1839 1257 per
1878 1186 2138 1241 exhorta-

543 1288 745 1345 tionem
770 1301 875 1356 qua
904 1286 1252 1341 exhortamur
1275 1292 1327 1339 et
1352 1282 1453 1349 ipsi
1483 1295 1514 1335 a
1548 1278 1960 1347 Deo.Quuniam
1990 1276 2136 1353 sicut

542 1379 822 1437 abundant
876 1382 1153 1449 paSsiones
1206 1373 1403 1431 Christi
1459 1373 1513 1427 in
1567 1372 1725 1426 nobis
1768 1388 1785 1439 :A
1829 1370 1901 1424 ita
1942 1377 1998 1424 et
2043 1384 2140 1438 per

544 1470 822 1527 Christum
877 1468 1116 1524 abundet
1164 1465 1467 1522 consolatio
1516 1471 1719 1518 nostra.
1773 1461 1901 1517 Sive
1958 1470 2136 1515 autem

545 1563 904 1619 tribulamur:
939 1576 1038 1632 pro
1067 1566 1247 1614 vestra
1288 1556 1665 1612 exhortatione
1704 1563 1758 1607 et
1783 1553 1981 1607 salute.
2011 1550 2139 1604 Sive

544 1656 887 1713 consolamur
916 1669 1013 1726 pro
1059 1661 1238 1709 vestra
1270 1647 1664 1705 consolatione.
1712 1645 1839 1702 Sive
1880 1642 2138 1700 exhorta-

544 1764 669 1806 mur
700 1764 797 1819 pro
830 1757 1009 1805 vestra
1059 1746 1433 1803 exhortatione
1470 1752 1525 1799 et
1571 1744 1742 1797 salute
1777 1759 1789 1793 :
1844 1756 1949 1811 que
2005 1754 2138 1809 ope-

2237 521 2381 563 cum.

2204 614 2207 617 ‘
2311 611 2333 638 ο
2360 596 2568 655 Lauda.
2596 598 2851 672 Alleluja.
2871 602 2906 673 Ῡ
2934 602 3325 659 .Ambnlabunt
3345 603 3515 661 sancti
3542 605 3849 676 gaudentes

2236 690 2385 748 velut
2410 691 2533 763 agni
2566 693 2707 763 pleni
2739 708 2955 765 pascue.
2985 693 3051 749 P.
3078 694 3325 769 Alleluja.

2309 806 2336 845 ά
2360 808 2712 879 Sacriﬁcium.
2749 809 2863 865 Vidi
2914 811 3015 867 sub
3042 826 3135 867 ara
3168 812 3262 868 Dei
3298 814 3506 869 animas
3539 809 3850 873 occisorum

2239 911 2457 972 propter
2487 903 2710 958 verbum
2740 902 2836 959 Dei
2878 913 2933 959 et
2971 906 3281 977 martyrium
3306 922 3500 963 suum:
3549 917 3604 964 et
3648 925 3850 981 magno

2238 998 2474 1054 clamore
2504 996 2756 1053 dicebant
2783 997 2928 1052 salus
2970 998 3077 1053 Deo
3123 1009 3308 1056 nostro
3345 999 3559 1071 alleluja
3603 1001 3847 1072 allelnja.

2311 1089 2494 1145 Missa.
2506 1099 2528 1126 ε
2545 1089 2875 1155 Catholicam
2890 1092 3221 1149 dilectissimi
3240 1094 3430 1151 fratres
3446 1095 3701 1167 religiosa
3719 1099 3851 1153 ﬁdes

2236 1193 2512 1239 ammonet
2541 1188 2791 1253 pietatem
2818 1202 2831 1237 :
2865 1184 3202 1255 interemptis
3232 1202 3329 1256 pro
3369 1186 3587 1244 Christo
3616 1188 3853 1244 infanti-

2239 1275 2339 1332 bus
2367 1276 2571 1331 cultum
2600 1277 2858 1333 exhibere
2890 1294 2995 1332 non
3024 1277 3260 1333 luctum:
3287 1280 3509 1335 honoris
3531 1282 3852 1349 impendere

2240 1368 2595 1425 cerimonias:
2652 1386 2761 1425 non
2818 1369 3036 1427 doloris.
3090 1370 3454 1429 Sacramentis
3504 1374 3637 1430 dare
3687 1383 3849 1430 vota:

2241 1477 2349 1518 non
2382 1461 2689 1534 lachrymis.
2720 1463 2851 1531 Quia
2903 1464 3075 1533 ipsum
3127 1474 3316 1521 mortis
3345 1480 3562 1521 causam
3612 1467 3856 1522 habeant

2241 1570 2401 1626 quem
2448 1569 2665 1611 corone.
2718 1556 2891 1625 ipsum
2920 1556 3044 1611 odio
3088 1567 3297 1614 conatet
3342 1559 3601 1616 interesse
3639 1576 3653 1613 :
3688 1574 3853 1630 quem

2243 1647 2469 1717 premio.
2494 1647 2659 1703 Recte
2678 1647 2822 1703 enim
2854 1648 2906 1702 in
2925 1648 3031 1703 illis
3054 1663 3085 1704 a
3114 1648 3457 1705 credentibus
3484 1649 3852 1705 laudabatur:

2248 1739 2389 1795 inter
2432 1756 2570 1811 quos
2610 1757 2641 1795 a
2695 1742 3143 1813 persequentibus
3170 1744 3513 1813 querebatur.
3546 1743 3730 1798 Etiam
3763 1758 3856 1799 no-

548 1853 700 1899 ratur
729 1841 1062 1897 tolerantiam
1111 1837 1401 1896 earundem
1434 1835 1742 1906 passionum
1769 1852 1782 1887 :
1810 1848 1943 1903 quas
1970 1842 2026 1887 et
2044 1845 2143 1886 nos
2174 1833 2219 1848 ”
2248 1842 2432 1889 centes
2457 1833 2732 1889 Christum
2765 1851 2870 1890 non
2905 1835 3162 1905 putabant
3190 1851 3312 1893 esse
3337 1854 3351 1891 :
3398 1838 3501 1892 nisi
3523 1834 3673 1895 inter
3701 1838 3858 1894 inno-

554 1934 827 2005 patitnur:
856 1941 911 1990 et
948 1948 1073 2003 spes
1126 1937 1309 1986 nostra
1340 1929 1494 1984 ﬁrma
1546 1944 1643 1998 pro
1690 1926 1863 1982 vobis.
1899 1925 2146 1982 Scientes
2249 1936 2472 1982 centes:
2505 1942 2624 1982 cum
2658 1936 2834 1983 tamen
2866 1929 2969 1984 hoc
3013 1944 3122 1985 non
3175 1929 3401 1987 haberet
3450 1931 3735 1989 veneratio
3767 1947 3858 2002 pro

548 2026 801 2100 quoniam
834 2027 974 2082 sicut
1012 2026 1146 2082 socii
1176 2025 1485 2097 passionum
1535 2022 1669 2079 estis
1704 2039 1717 2077 :
1764 2022 1844 2077 sic
1889 2021 2044 2077 eritis
2093 2028 2148 2076 et
2249 2018 2395 2075 ﬁde:
2424 2018 2521 2076 sed
2548 2020 2820 2077 estimatio
2853 2018 2873 2059 ί
2908 2036 3006 2092 pro
3034 2031 3199 2079 etate.
3229 2024 3376 2091 Quos
3420 2024 3626 2081 imerto
3652 2025 3860 2082 falsitas

554 2118 965 2178 consolationis.
1058 2146 1073 2151 -

637 2237 678 2304 ἡ
699 2273 713 2288 .
748 2232 942 2289 Amen.

648 2364 820 2421 Lectio
861 2362 1046 2421 Sancti
1089 2361 1363 2433 Evangelii
1371 2361 1679 2433 secundum
1718 2355 2005 2413 Matt/zeum

930 2456 935 2459 τ
1084 2433 1143 2507 (ιι
1177 2430 1307 2506 ca'p.
1334 2430 1603 2503 XVIII).

620 2531 679 2587 In
709 2529 901 2586 diebus
930 2527 1037 2584 illis
1071 2544 1084 2580 :
1128 2525 1299 2582 oblati
1343 2533 1472 2581 sunt
1522 2524 1750 2580 Domino
1790 2529 1978 2577 nostro
2017 2518 2147 2574 Jesu

550 2625 771 2683 Christo
802 2623 1008 2693 parvuli
1040 2640 1056 2676 :
1095 2630 1154 2675 ut
1199 2634 1392 2675 manus
1424 2620 1502 2675 eis
1533 2626 1762 2690 poneret
1791 2631 1805 2669 :
1833 2623 1890 2670 et
1940 2621 2145 2668 oraret.

552 2714 816 2787 Discipuli
844 2724 1025 2770 autem
1048 2713 1403 2783 increpabant
1430 2725 1547 2766 eos.
1572 2709 1732 2765 Jesus
1762 2723 1889 2763 vero
1914 2706 1990 2761 ait
2018 2706 2098 2761 eis
2132 2721 2145 2757 :

549 2808 711 2865 sinite
733 2807 983 2879 parvulos
1012 2825 1025 2860 :
1059 2815 1115 2862 et
1140 2806 1309 2862 nolite
1339 2819 1434 2860 eos
1470 2802 1758 2876 prohibere
1793 2804 1859 2856 ad
1891 2816 1978 2855 me
1999 2800 2147 2855 veni-

550 2916 613 2961 re
642 2919 656 2956 :
691 2903 873 2958 talium
904 2910 988 2957 est
1008 2899 1151 2956 enim
1182 2913 1405 2970 regnum
1435 2898 1699 2952 celorum.
1731 2895 1795 2951 Et
1824 2910 1947 2951 cum
1974 2894 2147 2964 impo-

551 2997 753 3053 Suisset
777 2996 856 3051 eis
886 3009 1077 3050 manus
1106 3010 1122 3048 :
1151 2992 1284 3047 abiit
1318 2991 1466 3049 inde.
1512 2990 1567 3046 in
1608 2991 1699 3046 illa
1742 2991 1872 3045 hora
1901 3004 2149 3045 accesse-

545 3098 677 3145 runt
706 3085 957 3156 discipuli
989 3084 1057 3141 ad
1082 3084 1263 3141 Jesum
1296 3083 1562 3139 dicentes.
1613 3082 1933 3151 Quisputas
1974 3080 2146 3149 major

2250 2113 2543 2183 perdebat:
2578 2114 2675 2171 hos
2706 2130 2804 2185 pro
2830 2124 2980 2172 certo
3008 2117 3202 2173 veritas
3227 2120 3560 2189 acquirehat.
3604 2119 3711 2178 Ubi
3740 2137 3863 2177 cru-

2251 2204 2444 2259 delitas
2490 2205 2782 2276 impietatis
2829 2209 3081 2268 errabat:
3116 2210 3189 2265 ibi
3219 2212 3447 2267 hostiam
3476 2227 3625 2268 suam
3664 2213 3864 2269 Salva-

2251 2299 2385 2353 toris
2427 2296 2595 2366 pietas
2644 2300 2989 2370 agnoscebat.
3047 2301 3292 2358 Scientes
3345 2304 3509 2375 igitur
3553 2303 3733 2359 illos:
3788 2306 3862 2361 sic

2249 2391 2445 2447 melius
2472 2393 2749 2449 muriendo
2774 2394 3011 2451 crevisse
3035 2414 3050 2452 :
3072 2404 3129 2451 et
3152 2399 3293 2467 quod
3316 2407 3445 2454 tunc
3466 2398 3629 2453 annis
3651 2397 3858 2456 defuit:

2252 2498 2359 2539 non
2383 2485 2589 2541 meritis
2604 2485 2817 2543 deesse.
2840 2488 3110 2557 Rogemus
3128 2500 3185 2543 ut
3207 2490 3297 2559 qui
3327 2489 3429 2545 sub
3449 2501 3859 2561 persecuturum

2252 2578 2502 2633 manibus
2524 2578 2701 2648 perire
2722 2594 2829 2633 non
2850 2579 3095 2636 dubitant
3118 2581 3341 2649 parvuli:
3360 2583 3414 2637 in
3438 2584 3859 2655 supplicantium

2253 2670 2503 2741 precibus
2531 2670 2818 2741 dignentur
2845 2672 3171 2732 intervenire
3200 2675 3444 2745 perfecti.

2340 2762 2379 2832 ti
2396 2803 2413 2819 .
2446 2766 2641 2821 Amen.

2292 2868 2293 2871 “
2325 2880 2443 2934 Alia
2467 2881 2656 2935 oratio.
2688 2879 2830 2936 Deus
2855 2880 3009 2953 cujus
3036 2882 3407 2940 misericordia
3442 2899 3539 2954 per
3567 2892 3863 2959 utrumque

2254 2988 2446 3030 sexum
2471 2984 2526 3030 et
2555 2990 2651 3045 per
2678 2990 2891 3031 omnem
2919 2976 3152 3031 cucurrit
3182 2986 3379 3033 etatem
3407 2968 3421 3032 Ξ
3461 2977 3535 3033 ita
3564 2980 3861 3048 plurimum

2253 3063 2543 3122 infantibus
2598 3067 2847 3125 affectum
2898 3078 3122 3141 paterne
3166 3072 3375 3141 pietatis
3426 3071 3762 3143 indulgens:
3812 3086 3865 3130 ut

551 3191 635 3240 est
664 3182 718 3236 in
744 3195 913 3250 regno
942 3180 1202 3235 celorum.
1228 3177 1297 3233 Et
1316 3178 1590 3233 advocans
1617 3177 1778 3233 Jesus
1815 3175 2093 3245 parvulum
2131 3192 2145 3228 :

2256 3160 2506 3231 parvulos
2556 3176 2657 3217 nec
2707 3163 2775 3216 ab
2824 3171 2852 3211 s
2904 3162 3095 3233 Egipto
3143 3164 3311 3219 teneri
3362 3162 3612 3222 sineres:
3666 3182 3773 3223 nec
3801 3168 3865 3223 ab

548 3272 739 3329 statuit
766 3286 889 3326 eum
938 3270 993 3325 in
1025 3270 1202 3325 medio
1245 3283 1451 3324 eorum.
1495 3269 1566 3323 Et
1612 3268 1767 3324 dixit.
1803 3271 1977 3324 Amen
2028 3267 2149 3322 dico

548 3362 708 3420 vobis
735 3380 750 3417 :
782 3361 885 3417 nisi
911 3362 1158 3417 conversi
1185 3363 1392 3418 fueritis
1426 3380 1435 3414 :
1465 3362 1846 3418 etefliciamini
1869 3362 2007 3416 sicut
2028 3375 2149 3431 par-

548 3451 661 3510 vuli
694 3470 708 3506 :
738 3468 847 3508 non
873 3453 1140 3508 intrabitis
1170 3454 1224 3509 in
1261 3468 1489 3525 regnum
1532 3455 1798 3509 celerum.
1829 3453 2146 3524 Quicunque

551 3546 917 3605 humiliaverit
941 3562 1001 3603 se
1039 3548 1181 3603 sicut
1204 3548 1461 3619 parvulus
1484 3548 1623 3603 iste:
1659 3549 1747 3602 hic
1790 3557 1873 3603 est
1895 3546 2068 3619 major
2095 3549 2147 3602 in

549 3652 723 3709 regno
747 3638 1012 3695 celorum.
1044 3639 1110 3694 Et
1132 3640 1221 3709 qui
1251 3638 1555 3709 susceperit
1584 3638 1865 3707 parvulum
1898 3640 2061 3695 talem
2092 3639 2149 3695 in

549 3731 775 3787 nomine
796 3745 918 3787 meo
946 3747 962 3785 :
988 3746 1075 3785 me
1102 3732 1365 3802 suscepit.
1398 3730 1500 3799 Qui
1538 3741 1717 3787 autem
1745 3730 2148 3787 scandalizave-

550 3823 628 3880 rit
652 3839 817 3879 unum
845 3823 917 3879 de
954 3823 1169 3895 pusillis
1197 3824 1312 3879 istis
1357 3825 1449 3894 qui
1481 3824 1533 3879 in
1565 3839 1652 3879 me
1682 3825 1911 3879 credunt
1941 3840 1957 3878 :
1986 3838 2152 3893 expe-

554 3914 636 3971 dit
659 3915 708 3970 ei
740 3922 803 3969 ut
841 3916 1201 3985 suspendatur
1249 3916 1390 3971 mola
1420 3916 1652 3970 asinaria
1700 3915 1754 3971 in
1806 3916 1946 3971 collo
1988 3916 2146 3983 ejus:

553 4015 612 4065 et
637 4008 980 4078 demergatur
1023 4008 1076 4063 in
1109 4007 1431 4078 profundum
1482 4006 1666 4063 maris.
1711 4007 1900 4063 Videte
1941 4006 2052 4080 49
2083 4022 2151 4064 ne

555 4101 916 4155 contemnatis
944 4114 1111 4153 unum
1154 4114 1220 4154 ex
1253 4099 1335 4154 his
1368 4100 1594 4168 pusillis.
1629 4098 1760 4153 Dico
1790 4100 1931 4155 enim
1959 4099 2149 4154 vobis:

555 4191 680 4263 quia
709 4192 888 4263 angeli
917 4205 1105 4248 eorum
1133 4206 1350 4262 semper
1371 4192 1554 4246 vident
1574 4191 1765 4247 faciem
1798 4190 1971 4246 Patris
2000 4194 2104 4247 mei
2134 4209 2149 4245 :

557 4284 651 4353 qui
678 4286 732 4339 in
761 4285 892 4339 celis
941 4294 1045 4340 est.
1080 4285 1241 4340 Venit
1267 4285 1414 4339 enim
1462 4284 1603 4340 ﬁlius
1655 4284 1891 4340 hominis
1935 4285 2147 4342 salvare

556 4376 702 4448 quod
732 4377 988 4449 perierat.
1024 4377 1065 4447 ri
1087 4416 1101 4431 .
1134 4378 1330 4434 Amen.

2255 3256 2533 3326 evangelio
2556 3256 2829 3326 prohiberi
2858 3272 2874 3311 :
2904 3257 3032 3312 dum
3062 3255 3116 3312 in
3147 3257 3265 3327 lege
3298 3273 3419 3313 cum
3452 3259 3703 3329 patribus
3730 3275 3864 3316 eva-

2253 3349 2449 3406 derent
2479 3352 2734 3406 mundum
2760 3367 2775 3405 :
2806 3359 2860 3407 et
2885 3350 2940 3407 in
2965 3352 3137 3423 gratia
3161 3367 3284 3408 cum
3313 3354 3566 3423 perfectis
3592 3369 3865 3413 vocaren.

2254 3453 2341 3501 tur
2368 3445 2435 3501 ad
2474 3461 2741 3517 regnum:
2791 3456 2952 3517 atque
3001 3447 3337 3504 institutione
3375 3448 3661 3505 doctrine:
3696 3452 3867 3507 iuno-

2254 3540 2429 3593 centia
2489 3553 2713 3609 exspers
2762 3540 2889 3595 mali
2953 3540 3122 3596 forma
3190 3540 3535 3613 induceretur
3598 3545 3864 3615 exempli.

2257 3631 2403 3687 Dona
2447 3632 2604 3688 nobis
2652 3631 2862 3688 famulis
2900 3632 3053 3688 tuis:
3102 3642 3160 3689 ut
3204 3634 3418 3690 malicie
3463 3634 3668 3691 viribus
3715 3636 3868 3693 defe-

2255 3729 2411 3785 cati:
2460 3729 2516 3784 in
2565 3744 2720 3784 usum
2782 3730 3218 3804 concupiscentie
3280 3730 3512 3786 carnalis
3572 3729 3867 3787 invalidi:

2255 3822 2542 3880 docibilem
2608 3838 2889 3880 servemus
2954 3824 3250 3894 disciplinis
3316 3822 3665 3879 voluntatem.
3741 3822 3871 3891 Quo

2255 3931 2410 3971 mens
2454 3930 2555 3971 nec
2599 3915 2769 3987 rigida
2802 3929 2900 3971 nec
2947 3915 3217 3986 superba:
3274 3914 3355 3971 sic
3406 3917 3477 3970 sit
3505 3912 3748 3970 blanda:
3798 3931 3868 3973 ne

2256 4006 2427 4063 facilis
2458 4026 2469 4061 :
2504 4008 2582 4063 sic
2611 4008 2906 4064 innocens:
2963 4023 3032 4064 ne
3079 4008 3423 4076 imprudens:
3469 4007 3550 4061 sic
3588 4006 3819 4062 humilis
3848 4022 3863 4060 :

2257 4115 2326 4156 ne
2370 4101 2675 4158 imbecillis.
2730 4102 3002 4169 Quatenus
3051 4109 3262 4156 maturo
3288 4100 3629 4156 discretionis
3655 4098 3867 4169 judicio

2256 4198 2336 4252 sic
2365 4196 2594 4252 sufﬁciat
2623 4197 2852 4267 probare
2890 4195 3032 4267 quod
3082 4193 3343 4265 placeatz'
3374 4205 3432 4250 nt
3480 4194 3741 4251 affectare
3770 4212 3867 4252 ne-

2257 4293 2393 4347 sciat
2416 4291 2559 4360 quod
2587 4289 2883 4360 delinquat.
2912 4292 3084 4359 Atque
3112 4289 3185 4344 ita
3214 4287 3483 4344 salubrem
3505 4295 3690 4343 sumat
3725 4298 3869 4344 tem-

2259 4382 2558 4455 perantiam
2612 4380 2926 4438 moderante
2969 4378 3197 4442 consilio
3228 4396 3243 4434 :
3272 4387 3332 4435 ut
3368 4390 3423 4436 et
3456 4379 3865 4452 simplicitatem

633 4539 817 4613 “Cap.
949 4538 1108 4613 Vers.
1145 4536 1182 4590 2
1204 4538 1323 4613 :7.
1353 4535 1723 4613 Lectignarius
1773 4538 2144 4609 Luxoviensis,
2180 4552 2235 4613 D
2262 4540 2428 4613 nitur;
2456 4548 2510 4593 et
2542 4536 2897 4613 Benedictum,
2916 4536 3007 4591 ille
3031 4536 3203 4613 sa_nc_ti_
3232 4535 3375 4613 Petri
3398 4534 3709 4613 Canonicus
3734 4536 3860 4608 (qui

559 4618 617 4693 et
665 4606 1176 4693 Sacramenta-ium.
1203 4610 1465 4693 Dobiense
1502 4606 1798 4678 Epistulam
1826 4624 1891 4665 ex
1936 4606 2150 4681 Apoca-

556 4682 724 4755 lypsi,
753 4696 825 4749 vi,
854 4684 887 4735 9
918 4711 944 4721 -
979 4680 1064 4745 12,
1091 4681 1366 4735 exhibent.
1990 4680 1999 4681 ’

631 4753 658 4792 δ
689 4753 816 4823 Cap.
848 4749 1080 4806 XVIII.
1125 4752 1466 4823 Evangelium
1497 4766 1563 4806 ex
1584 4750 1836 4823 Laciniis
1877 4768 1996 4823 cap.
2034 4771 2147 4820 xix,

556 4839 727 4896 .xvnt,
758 4822 948 4896 Matth.
980 4836 1260 4878 consulum
1298 4832 1400 4877 est.
1432 4822 1618 4896 Incipit
1641 4838 1669 4876 a
1702 4824 1874 4896 capite
1906 4822 2019 4890 xix,
2056 4825 2150 4881 15-

562 4894 653 4964 15ς
679 4908 788 4949 tum
819 4894 1121 4948 adnectitur
1148 4905 1307 4961 caput
1335 4908 1481 4956 xvut,
1507 4892 1630 4964 1-67;
1657 4894 1721 4946 ad
1754 4895 1998 4951 ultimum
2032 4914 2152 4953 ver-

559 4966 717 5022 siculi
752 4964 841 5030 10,
874 4964 962 5031 il,
995 4965 1236 5034 ejusdem
1264 4965 1477 5033 capitis,
1505 4963 1925 5032 adjiciuntur.ln
1958 4968 2150 5024 lectio-

559 5040 711 5092 nario
742 5036 1071 5110 Luxoviensi
1100 5078 1116 5100 ,
1165 5051 1276 5110 pro
1303 5036 1593 5110 [gi/angeliu
1630 5035 1838 5110 legitur
1881 5039 2148 5110 integrum

561 5117 726 5176 caput
767 5109 1066 5163 secundum
1107 5107 1278 5161 sancti
1322 5106 1579 5159 Matthtei.
1630 5104 1687 5159 In
1715 5104 2152 5165 Sacrameiftario

563 5173 813 5249 Bobiensi
835 5178 1030 5249 legitur
1056 5177 1336 5249 exreodem
1373 5177 1550 5249 capite
1574 5178 2015 5249 ‘sanctiWMatthaei
2049 5178 2150 5236 15-

561 5248 654 5330 2ζ).
715 5249 862 5304 Idem
893 5245 1251 5321 Evangelium
1294 5247 1348 5302 in
1382 5245 1708 5302 Kalendario
1748 5248 2038 5307 Frontonis
2070 5252 2151 5309 le-

561 5332 893 5445 811εξηὶαειιιίι.
936 5391 1015 5446 Ex
1036 5391 1329 5460 Sapientia,
1364 5405 1474 5451 six,
1503 5391 1559 5446 9.
1643 5384 1646 5387 Α

633 5459 659 5499 ’³
688 5460 1035 5530 Sacriﬁcium.
1079 5459 1321 5530 A’pncal.,
1354 5478 1427 5527 vr,
1458 5460 1513 5517 9.

637 5541 664 5606 ε
699 5529 1043 5606 Catholicam.
1081 5529 1160 5606 _ln
1209 5533 1445 5602 Liturgia
1496 5533 1823 5606 Gregoriana
1892 5545 2150 5593 consueta

562 5603 760 5658 laetitia:
791 5603 947 5673 signa
984 5606 1035 5656 in
1076 5602 1365 5660 festivitate
1408 5602 1776 5660 Innocentium
1823 5610 2151 5673 praetermit-

563 5683 767 5728 tuntur.
800 5672 854 5743 ln
890 5671 1070 5730 officio
1095 5690 1201 5729 non
1225 5678 1419 5731 dicitur
1445 5676 1487 5729 Τ
1492 5692 1519 5730 e
1542 5675 1735 5743 Deum,
1768 5671 2011 5731 inmissa
2042 5696 2148 5733 non

562 5747 772 5817 canitur
807 5741 1007 5810 Gloria,
1060 5762 1158 5801 nec
1200 5745 1447 5810 Alleluia,
1500 5750 1596 5803 sed
1638 5741 1756 5817 ejus
1796 5748 1916 5801 locu
1954 5760 2151 5805 tractus

565 5815 775 5883 dicitur,
809 5832 907 5874 nec
937 5819 989 5874 in
1013 5818 1114 5876 fine
1143 5818 1240 5889 lle,
1277 5819 1370 5875 scd
1401 5815 1773 5875 Benedicanms
1804 5817 2027 5876 Domino
2056 5838 2146 5881 ca-

2259 4612 2400 4665 circa
2440 4623 2649 4679 annum,
2676 4608 2815 4662 1140
2844 4608 3037 4662 librum
3071 4607 3375 4679 Pollicitum
3406 4608 3648 4679 scripsit,
3692 4625 3863 4679 quem

2257 4684 2330 4737 cl.
2382 4678 2725 4735 Mahillonins
2774 4680 2914 4734 inter
2943 4679 3171 4734 Ordines
3216 4678 3421 4744 edidit,
3472 4678 3663 4733 Musei
3718 4678 3854 4736 ’ltal.

2257 4762 2383 4808 tom.
2410 4750 2499 4821 Il)
2523 4750 2681 4805 tradit
2706 4746 2893 4821 (Ibid._,
2922 4768 2975 4821 ρ.
3010 4749 3133 4818 150)
3165 4750 3308 4819 quod
3343 4750 3564 4804 Romani
3592 4751 3872 4806 lnnocen-

2258 4833 2369 4880 tum
2399 4818 2487 4877 die
2510 4839 2609 4876 non
2638 4818 2905 4876 comedunt
2924 4818 3541 4893 'carnem,’necrsagimen
3570 4821 3673 4874 nisi
3706 4837 3869 4893 pene-

2255 4898 2325 4949 rit
2345 4896 2401 4949 in
2428 4894 2697 4947 Dominico
2726 4896 2831 4953 die;
2879 4894 3118 4946 rationes
3150 4892 3404 4961 mysticas
3429 4894 3544 4960 lege
3574 4892 3723 4961 apud
3761 4894 3869 4949 Mi.

2257 4968 2531 5036 crologum
2586 4962 2875 5036 (cap.36),
2927 4963 3308 5036 _Amalarium,
3363 4964 3633 5036 aliosque.
3686 4962 3870 5036 Porro

2258 5039 2360 5091 ista
2402 5033 2735 5091 consuetudo
2779 5035 2883 5089 hoc
2926 5034 3047 5089 loco
3092 5033 3381 5104 improbari
3427 5034 3662 5088 videtur.
3712 5034 3872 5094 Sane

2259 5118 2476 5163 sanctus
2502 5107 2955 5175 Chrodegangus,
2994 5107 3047 5177 in
3076 5103 3446 5177 regula(Cap.
3482 5104 3596 5174 74),
3630 5104 3872 5163 festivi-

2260 5188 2422 5233 tatem
2455 5178 2718 5232 lnlantum
2737 5179 2866 5230 inter
2892 5176 3176 5247 praecipuas
3202 5176 3551 5231 solemnitates
3576 5188 3867 5247 recenset.

2260 5250 2328 5305 Et
2358 5251 2411 5307 in
2437 5249 2694 5304 Ecclesiis
2725 5246 3209 5315 Galliarum,teste
3230 5248 3528 5311 Amalario,
3562 5255 3617 5300 et
3648 5246 3706 5300 in
3742 5264 3871 5306 o-

2260 5322 2531 5383 nastcriis,
2575 5321 2626 5373 in
2649 5319 2828 5375 olﬁcio
2856 5319 3202 5374 lnnocentum
3237 5318 3306 5371 Te
3334 5316 3500 5372 Deum
3524 5317 3865 5387 cauebatur,

2258 5403 2314 5447 et
2352 5392 2405 5446 in
2457 5392 2614 5444 Missa
2645 5392 2869 5444 Alleluia
2900 5400 2956 5446 et
3000 5387 3203 5444 Gloria.
3243 5390 3361 5445 Soli
3410 5388 3627 5458 quidem
3658 5389 3872 5450 clerici

2260 5478 2413 5516 usum
2441 5462 2739 5516 Romanum
2774 5462 3141 5516 imitabantur.

2334 5532 2353 5570 τ
2391 5532 2495 5587 Pro
2523 5541 2693 5587 wtate.
2726 5532 2954 5588 Sanctus
2972 5532 3271 5604 Cyprianus
3293 5530 3490 5600 (Epist.
3518 5531 3615 5597 56)
3644 5550 3662 5587 :
3685 5532 3869 5591 1E“!

2259 5606 2475 5660 necdum
2505 5605 2685 5677 habilis
2714 5605 2781 5657 ad
2802 5621 3028 5677 pugnam
3050 5604 3236 5677 idonea
3261 5604 3447 5656 exstitit
3464 5604 3873 5677 _a_d_coronam.

2258 5686 2314 5731 ut
2344 5686 2609 5750 appareret
2637 5672 2944 5750 lnnoc'enies
2967 5692 3076 5750 esse
3098 5674 3186 5744 qui
3214 5688 3422 5750 propter
3451 5672 3725 5750 Christum
3762 5693 3869 5737 nea

2257 5746 2457 5815 cantur,
2486 5746 2719 5815 Infantia
2748 5747 2994 5801 innocens
3025 5747 3087 5799 ob
3118 5761 3303 5800 nomen
3330 5747 3441 5817 ejus
3466 5748 3632 5802 occisa
3650 5757 3762 5806 est.

2332 5830 2357 5878 β
2390 5818 2643 5889 Αἰθυριο.
2686 5817 2856 5874 Exodi
2884 5834 2940 5887 ι,
2969 5818 3023 5884 9;
3054 5832 3162 5883 xiv,
3189 5817 3279 5872 37.
