3992 6354
139 354 225 411 209

864 344 1161 403 MISSALE
1203 343 1476 401 MIXTUM
1515 344 1670 401 SEC.
1712 342 1882 403 REG.
1926 345 1986 401 Β.
2029 346 2299 404 ISIDORI.
2343 375 2413 392 -
2452 351 2628 409 PARS
2668 351 2710 408 1.

3288 349 3397 416 uti

137 464 341 523 inritatur
379 458 668 518 infantium
701 477 714 513 :
745 465 799 515 et
838 457 1205 515 fortitudinem
1235 457 1470 515 vindicet
1497 472 1700 531 pugna-
1725 463 1780 525 Α
1808 458 1913 514 illis
1960 458 2126 515 defuit
2153 476 2370 517 sermo:
2409 478 2546 534 quos
2597 470 2811 520 constat
2859 480 3035 538 perire
3066 483 3163 541 pro
3205 470 3396 529 verh'o.

136 574 304 619 torum.
346 558 386 629 ἢ
406 597 423 614 .
456 558 655 613 Amen.

196 659 304 714 Post
331 656 564 711 nomine.
605 663 631 690 λ
652 654 792 709 Deus
819 654 1210 724 omnipotentis
1232 670 1294 710 ac
1324 654 1701 726 benignitatis:

137 753 249 808 Deus
274 747 643 807 misericordie
674 761 736 801 ac
763 744 978 812 pietatis
1004 762 1019 798 :
1072 745 1165 813 qui
1214 746 1616 802 bethleemitice
1641 760 1706 800 ac

138 842 373 900 dominice
394 839 598 896 civitati
654 852 752 909 pro
805 836 1193 906 temporalibus
1240 839 1477 892 erumnis
1514 836 1706 907 gaudia

139 944 292 991 eterna
344 932 624 988 tribuis‘ri:
684 938 744 984 ut
786 928 988 985 Rachel
1040 937 1256 983 sanctos
1303 929 1517 999 plorans
1570 928 1708 984 ﬁlios

141 1041 408 1097 suoszque
437 1024 747 1095 proferebat
792 1038 857 1077 ex
904 1020 1092 1076 dolore
1144 1021 1343 1076 luctum
1378 1038 1391 1074 :
1422 1020 1589 1076 nollet
1641 1034 1708 1075 ex

142 1119 473 1175 consolatione
519 1116 768 1172 solatium
798 1133 812 1169 :
841 1129 950 1184 que
979 1114 1103 1170 licet
1148 1113 1420 1169 videretur
1450 1113 1520 1169 de
1566 1128 1710 1185 pra:-

143 1211 252 1267 senti
298 1210 575 1266 infantium
626 1208 1259 1275 amissionelconterrita
1292 1223 1323 1274 :_
1354 1214 1471 1262 erat
1526 1213 1708 1262 tamen

145 1306 312 1360 beata:
358 1320 424 1360 ac
452 1305 536 1359 .de
585 1313 880 1374 martyrum
945 1300 1303 1372 perpetuitate
1357 1314 1566 1356 secura.
1634 1300 1709 1354 Da

145 1397 315 1451 cunctis
361 1395 587 1451 Domine
640 1396 696 1449 in
748 1394 853 1449 hoc
906 1394 1024 1449 loco
1058 1392 1480 1447 consistentibus
1511 1400 1565 1447 et
1594 1389 1712 1446 nni-

144 1504 268 1545 verse
309 1490 449 1559 plebi
501 1487 657 1544 istius
711 1487 867 1542 loci:
919 1496 979 1541 ut
1031 1487 1109 1540 sic
1140 1485 1369 1540 habeant
1412 1501 1477 1540 ex
1527 1495 1712 1541 sancte

144 1581 227 1636 vite
252 1582 657 1637 conversatione
686 1581 919 1649 palmam
953 1597 966 1632 :
1004 1580 1144 1633 sicut
1174 1578 1477 1633 habuerunt
1505 1578 1713 1647 parvuli

144 1686 193 1726 es
219 1674 452 1741 passione
480 1673 759 1728 victoriam
792 1689 807 1726 :
839 1686 946 1741 quo
970 1685 1159 1725 eorum
1191 1668 1398 1725 meritis
1430 1687 1444 1723 :
1484 1678 1538 1724 et
1565 1669 1712 1725 salus

146 1765 403 1820 virentium
436 1782 451 1819 :
488 1774 548 1821 et
573 1763 949 1821 defunctorum
981 1761 1193 1831 requies
1223 1761 1564 1831 impetretur.

214 1858 247 1922 ti
267 1896 283 1913 .
307 1859 501 1913 Amen.

199 1974 272 2027 Ad
294 1990 495 2046 pacem.
517 1971 548 2010 δ
581 1973 723 2030 Deus
765 1971 857 2042 qui
902 1972 1162 2043 martyrio
1192 1970 1552 2026 innocentium
1589 1985 1716 2041 par-

140 2066 360 2121 vulorum
413 2065 789 2134 triumphalem
844 2065 987 2120 hunc
1032 2064 1175 2119 diem
1247 2079 1369 2119 esse
1422 2063 1719 2119 fecisti:et

139 2161 357 2231 exempla
390 2160 457 2215 ad
481 2146 785 2231 augendam
810 2159 1043 2216 ecclesie
1086 2169 1174 2214 tne
1204 2159 1362 2213 fidem
1394 2157 1721 2227 proficienti-

134 2251 481 2307 hustribuere
526 2251 772 2321 dignatus
818 2266 917 2307 es:
966 2252 1093 2305 dum
1144 2251 1441 2307 beatissimi
1489 2252 1719 2308 infantes

130 2344 202 2401 illi
245 2345 405 2401 etiam
455 2345 757 2415 passionem
804 2346 962 2400 hodie
994 2352 1242 2416 prompte
1274 2357 1296 2384 ο
1327 2346 1593 2401 vicerunt.
1644 2347 1719 2401 Da

134 2435 263 2491 huic
306 2435 505 2505 populo
551 2444 645 2490 tuo
678 2437 878 2491 nomini
921 2449 1231 2493 consecrato
1280 2452 1373 2507 per
1424 2437 1721 2493 consimilis

138 2527 307 2597 gratie
327 2528 735 2584 admirationem
765 2528 1062 2583 meritorum
1088 2530 1347 2585 similium
1370 2529 1718 2601 dignitatem:

132 2627 186 2671 ut
210 2618 280 2672 ad
301 2618 443 2674 hanc
468 2628 776 2675 sanctorum
804 2620 1079 2678 infantium
1108 2623 1490 2681 beatitudinem
1519 2634 1572 2681 et
1597 2638 1724 2695 pro-

133 2709 314 2766 fectum
349 2712 475 2805 fidei
512 2721 566 2768 et
597 2712 738 2783 pacis
762 2728 975 2785 semper
1005 2716 1279 2773 ascendat.

209 2824 245 2891 ἡ
263 2864 279 2880 .
306 2825 499 2881 Arnen.

200 2935 405 2993 lutatio.
439 2940 669 3011 Dignum
696 2950 750 2997 et
773 2941 981 3011 justum
1026 2952 1110 2999 est
1137 2943 1482 3013 omnipotens
1512 2942 1670 2999 Pater
1704 2961 1717 2997 :

143 3043 223 3083 nos
260 3029 349 3084 tibi
379 3031 581 3100 gratias
624 3048 785 3104 agere
812 3049 1069 3105 semper:
1101 3044 1156 3091 et
1203 3034 1330 3091 lesu
1360 3034 1576 3090 Christo
1613 3034 1729 3091 tilio

145 3131 219 3178 tuo
245 3122 466 3179 Domino
493 3135 715 3182 nostro:
745 3128 898 3199 cuius
941 3140 1192 3200 suscepte
1237 3130 1291 3184 in
1332 3144 1496 3184 carne
1528 3128 1724 3183 nativi-

146 3215 247 3270 tatis
271 3216 547 3274 infantiam
592 3219 672 3275 sic
706 3235 795 3276 rex
843 3221 1038 3290 impius
1064 3236 1126 3277 ac
1165 3222 1419 3292 profanus
1456 3220 1712 3293 expavit:
1746 3219 1793 3283 C

147 3316 192 3361 ut
210 3318 482 3381 cogeretur
511 3320 775 3380 metuere,
806 3327 967 3383 quem
1023 3329 1128 3368 non
1179 3313 1490 3368 merebatur
1527 3326 1721 3382 agnos-

146 3412 265 3457 cere.
318 3402 384 3457 Et
433 3403 596 3460 habet
662 3392 1010 3461 conscientia
1059 3405 1269 3476 deiecta
1335 3405 1716 3461 tremendum:

145 3506 279 3562 quem
324 3510 429 3551 non
484 3496 717 3552 habebat
756 3497 1005 3567 superbia
1037 3499 1274 3568 peritura
1303 3497 1593 3567 deiectum.
1625 3496 1723 3555 Hic

144 3582 294 3654 ipsum
321 3587 629 3658 specialiter
655 3589 831 3659 perire
858 3589 1044 3645 volens
1071 3605 1085 3644 :
1120 3604 1226 3660 quo
1246 3590 1486 3646 invenire
1510 3596 1717 3660 posset:

143 3681 338 3748 ignarus
375 3696 567 3738 omnes
608 3681 769 3751 jussit
810 3681 1044 3736 infantes
1089 3681 1356 3736 interfici:
1405 3681 1450 3735 si
1501 3681 1724 3738 fortuitu

144 3786 296 3841 usque
334 3773 399 3828 ad
429 3775 596 3843 ipsius
622 3784 784 3846 caput
812 3776 1069 3830 membris
1093 3776 1200 3848 5o
1221 3776 1569 3847 pereuntibus
1597 3793 1722 3847 per-

143 3865 343 3919 veniret
373 3882 389 3917 :
419 3875 475 3921 et
499 3864 527 3902 ει
555 3868 785 3937 regalem
818 3882 1006 3923 necem
1047 3870 1287 3937 vagantis
1325 3870 1484 3941 gladii
1533 3869 1723 3927 funera

141 3958 379 4027 prebella
433 3960 810 4033 compingeret.
876 3962 968 4018 Sic
1020 3963 1230 4032 decepti
1280 3963 1474 4019 furoris
1516 3964 1723 4021 insania

142 4048 261 4105 fecit
285 4059 544 4124 martyres
580 4069 696 4111 esse
725 4071 822 4126 per
852 4067 1079 4112 mortem
1111 4076 1123 4112 :
1158 4060 1250 4127 qui
1294 4058 1471 4115 adhuc
1511 4059 1722 4115 confes-

146 4156 283 4200 seres
336 4162 441 4201 non
482 4158 638 4203 erant
685 4165 783 4219 per
828 4158 1047 4206 etatem.
1080 4151 1147 4207 Et
1190 4151 1279 4206 ubi
1333 4168 1438 4207 non
1494 4153 1724 4209 accessit

151 4235 449 4301 possibilitas
502 4238 779 4307 iudicandi
837 4260 849 4294 :
903 4242 1067 4295 cessit
1131 4241 1355 4296 felicitas
1406 4242 1661 4311 pereundi
1705 4261 1719 4298 :

153 4321 395 4382 Christum
439 4326 603 4398 igitur
638 4330 693 4384 in
737 4331 975 4385 omnium
1022 4330 1316 4387 visceribus
1357 4348 1482 4389 ceca
1527 4333 1722 4390 littoris

159 4430 321 4473 manus
374 4436 633 4478 mucrone
687 4422 987 4493 querebat:
1041 4434 1243 4482 etcum
1294 4442 1399 4482 non
1461 4428 1724 4483 inveniret

162 4506 427 4578 ignorantia
450 4531 610 4581 quem
643 4516 1039 4587 interrogaret:
1095 4534 1199 4573 non
1244 4518 1584 4575 discernebat
1625 4522 1725 4575 im-

165 4600 406 4664 lmldentia
427 4620 589 4675 quem
613 4606 819 4664 feriret.
841 4607 969 4662 Erat
983 4608 1230 4665 decretus
1247 4612 1313 4664 ad
1336 4611 1689 4667 occidendum
1710 4628 1725 4666 :
1752 4594 1806 4655 D

166 4692 239 4758 qui
262 4710 357 4750 nou
385 4707 503 4753 erat
531 4698 757 4755 idoneus
787 4700 854 4755 ad
882 4701 1229 4772 loquendum.
1259 4702 1364 4759 Sed
1395 4704 1527 4758 nihil
1559 4706 1727 4762 laudis

168 4780 354 4856 derogat
394 4789 690 4846 infantibus
719 4806 825 4847 non
872 4794 1229 4864 loquentibus.
1282 4794 1410 4849 Plus
1458 4804 1541 4850 est
1581 4797 1725 4852 enim

170 4888 301 4933 causa
338 4881 572 4938 clamare
618 4898 780 4953 quam
826 4883 1026 4955 lingua.
1070 4885 1180 4942 Nec
1209 4885 1542 4957 prejudicat:
1584 4888 1726 4958 quod

229 5156 251 5229 ξ
283 5148 433 5229 Deus.
469 5150 597 5229 (lac
619 5152 813 5229 _or_atio_
838 5151 1025 5229 eadem
1057 5162 1141 5229 est
1178 5162 1340 5229 atque
1368 5153 1602 5229 collectio
1640 5172 1725 5211 se-

173 5221 317 5297 quitur
344 5222 394 5276 in
423 5223 591 5297 missa
619 5221 907 5297 infantium
941 5223 1168 5297 Missalis
1195 5221 1621 5282 Gallo-Gotliici.
1667 5229 1724 5283 In

172 5288 581 5366 Sacramentariog
619 5294 861 5366 Bobiano
886 5296 1075 5349 eadem
1106 5311 1317 5366 quoque.
1338 5305 1440 5363 est,
1469 5298 1563 5353 sed
1592 5300 1727 5354 bre-

180 5363 328 5415 matis
353 5377 511 5419 causa
534 5364 829 5419 dimidiata.

231 5429 254 5504 ξ’
289 5430 445 5489 Dens.
480 5435 697 5490 Initium
727 5436 885 5504 hujus
918 5439 1176 5495 orationis
1208 5439 1259 5492 in
1290 5439 1723 5497 Sacramentario

173 5497 389 5580 Bobiensi
411 5521 510 5574 pro
531 5514 641 5580 tota
671 5497 913 5580 oratione
942 5521 1054 5580 post
1078 5527 1251 5579 pacem
1273 5513 1577 5567 adhibetur.

168 5641 180 5652 .
230 5582 250 5610 ε
290 5572 550 5652 Ῡῦεεὴιηι.
588 5576 830 5632 Ecclesia
864 5572 1027 5634 hosce
1060 5572 1286 5635 infantes
1316 5582 1517 5636 Clll‘iSli
1560 5599 1721 5638 causa

166 5648 450 5702 interfectos
489 5649 634 5704 inter
674 5660 941 5717 martyres
991 5654 1057 5703 ab
1088 5652 1240 5705 initio
1269 5656 1557 5709 recensuit.
1594 5657 1729 5709 San-

162 5728 266 5769 etus
291 5717 517 5795 Irenmus
558 5720 702 5795 (Lib.
746 5736 826 5786 ut,
860 5738 976 5790 cap.
1008 5721 1095 5791 18)
1123 5740 1135 5775 :
1161 5723 1394 5795 Christus
1422 5731 1530 5793 ipse
1556 5726 1729 5795 infans

159 5800 264 5864 enm
294 5784 823 5864 infantesjtominum
864 5784 1115 5864 martyres
1145 5784 1453 5864 p'asans.....'
1500 5784 1730 5852 Sanctus

162 5854 444 5931 Cyprianus
490 5861 689 5933 (Epist.
735 5864 852 5935 56)
895 5854 1088 5921 scribit
1130 5854 1367 5921 {Clu-isti
1418 5869 1657 5924 nativitas
1697 5884 1730 5927 a

1742 1842 1793 1903 Β

1806 544 1999 605 bocuit
2024 565 2146 607 esse
2174 567 2359 608 vocem
2386 554 2664 625 sanguinis
2691 569 2837 611 mors
2866 554 3099 614 fraterna
3125 576 3141 615 :
3174 560 3398 618 infantia

1807 657 1967 711 quam
2000 644 2297 700 intellectus
2326 662 2432 701 non
2459 648 2592 702 adiit
2622 664 2636 702 :
2665 649 2845 705 exitus
2885 632 3199 707 coronavit:
3228 652 3271 708 Ο
3304 667 3402 709 ne-

1808 734 1955 792 fandi
2007 737 2207 793 furoris
2255 739 2557 796 immanitas
2590 741 2707 811 ipso
2734 758 2841 814 quo
2888 746 3253 815 perimebatur
3278 746 3402 803 vul-

1810 844 1976 888 nere:
2009 833 2316 900 portabatur
2348 833 2555 890 occisus
2573 843 2628 890 et
2670 844 2912 893 tenerum
2944 838 3212 907 pendebat
3238 838 3403 894 cada-

1810 940 1909 982 ver
1948 926 2003 981 in
2052 927 2359 998 eapullum:
2413 930 2529 997 plus
2585 929 2739 986 lactis
2782 939 2805 967 °
2855 932 3183 1002 egrediens:
3237 945 3401 1003 quam

1809 1020 2037 1075 cruoris.
2085 1020 2173 1076 Sic
2202 1020 2381 1077 dulcia
2411 1021 2607 1077 Christi
2658 1023 2821 1079 ubera
2866 1024 3208 1095 parvulorum
3258 1025 3400 1081 labia

1809 1121 2095 1170 suxernnt.
2127 1116 2191 1169 Et
2217 1113 2307 1185 qui
2337 1124 2463 1171 tunc
2504 1131 2610 1171 non
2652 1126 2896 1186 poterant
2935 1120 3245 1176 discernere
3272 1116 3402 1189 quid

1811 1203 2060 1260 sitirent:
2090 1220 2231 1262 nunc
2259 1206 2457 1260 habent
2482 1207 2532 1270 in
2561 1206 2755 1276 gaudio
2777 1208 2920 1278 quod
2943 1209 3213 1271 biberunt.
3247 1206 3403 1264 Unde

1812 1296 2004 1351 merito
2045 1298 2139 1353 tibi
2169 1298 2393 1353 Domine
2420 1311 2608 1353 omnes
2657 1298 2834 1369 angeli
2877 1315 2983 1355 non
3029 1308 3246 1356 cessant
3292 1299 3404 1354 cla-

1813 1411 1964 1452 mare
2011 1397 2080 1452 ita
2111 1397 2372 1451 dicentes.
2417 1396 2636 1452 Chorus.
2684 1396 2932 1452 Sanctus.
2966 1393 3215 1451 Sanctus.
3266 1393 3403 1449 San—

1813 1497 1947 1542 ctus.

1886 1601 2012 1657 Post
2067 1601 2309 1658 Sanctus.
2348 1601 2485 1658 Vere
2525 1611 2787 1659 sanctus:
2818 1617 2945 1661 vere
2991 1600 3302 1658 benedictus
3346 1614 3408 1658 es

1815 1694 2123 1750 Nazarene:
2156 1697 2244 1764 qui
2276 1710 2343 1749 ex
2393 1709 2488 1750 ore
2516 1692 2797 1749 infantium
2850 1694 3121 1764 perfecisti
3167 1692 3406 1749 laudem.

1820 1797 1878 1844 ut
1922 1803 2028 1843 non
2074 1788 2306 1842 humana
2332 1787 2425 1843 sed
2455 1786 2637 1842 divina
2667 1786 2936 1843 confessio
2966 1794 3279 1842 nasceretur
3308 1804 3321 1839 :
3354 1792 3413 1840 et

1819 1881 2102 1937 immatura
2158 1880 2410 1950 loquendi
2469 1890 2584 1936 etas
2612 1889 2925 1952 agnosceret
2966 1897 2980 1933 :
3032 1895 3195 1951 quem
3247 1879 3413 1951 periti

1818 1971 1934 2043 lege
1965 1972 2259 2029 nescirent.
2292 1971 2395 2029 Fer
2425 1982 2476 2029 te
2499 1974 2723 2029 Domine
2748 1988 2811 2029 ac
2836 1972 3172 2059 Redemptor
3197 1980 3413 2029 eterne.

1894 2086 2020 2141 Post
2051 2088 2234 2157 pridie.
2256 2087 2578 2143 0ratio.'l'ibi
2598 2088 2699 2144 soli
2720 2086 2933 2144 Christe
2959 2087 3226 2144 Dominea
3255 2086 3414 2142 nobis

1818 2181 1986 2250 gloria
2018 2190 2074 2236 et
2105 2181 2275 2235 honor
2302 2181 2701 2252 gratiarumque
2731 2182 2872 2236 actio
2896 2180 3091 2235 datur:
3123 2179 3213 2250 qui
3240 2177 3417 2236 fecisti

1820 2272 2071 2341 parvulos
2094 2287 2189 2341 per
2215 2272 2447 2343 ignotam
2476 2272 2734 2341 temporis
2764 2280 2992 2327 mortem
3021 2270 3306 2341 pervenire
3343 2267 3415 2323 ad

1820 2367 2118 2422 eternitatis
2132 2366 2287 2421 beate
2302 2366 2783 2433 bereditatern.Qui
2797 2365 3127 2436 glorificatus
3144 2379 3203 2420 es
3221 2362 3415 2419 melius

1820 2461 1874 2516 in
1900 2474 2084 2515 eorum
2106 2459 2379 2529 sanguinis
2403 2474 2533 2515 voce
2558 2475 2572 2512 :
2601 2473 2758 2529 quam
2785 2463 2835 2513 in
2867 2459 3024 2514 etatis
3054 2456 3411 2527 professione.

1821 2552 1974 2623 Apud
2015 2568 2174 2623 quem
2227 2566 2332 2607 non
2382 2562 2467 2608 est
2510 2554 2718 2623 quesita
2745 2551 2980 2622 cognitio
3031 2551 3300 2606 rationis:
3359 2547 3415 2604 in

1822 2645 2017 2714 quibus
2079 2654 2332 2700 coronata
2400 2654 2483 2701 est
2551 2645 2778 2699 materia
2847 2644 3143 2715 parvitatis.
3210 2641 3415 2697 Tribue

1823 2737 2050 2815 proinde
2096 2736 2253 2792 nobis
2303 2736 2408 2791 illis
2462 2735 2918 2792 intercedentibus
2960 2753 2976 2791 :
3026 2743 3082 2790 et
3133 2733 3323 2790 deesse
3361 2732 3419 2787 in

1823 2845 1931 2900 quo
1952 2831 2090 2886 male
2114 2846 2331 2886 sumus:
2354 2839 2407 2886 et
2426 2830 2615 2886 adesse
2642 2830 2697 2884 in
2717 2843 2824 2901 quo
2846 2842 3059 2899 semper
3079 2828 3221 2883 bene
3243 2835 3418 2884 tecum

1826 2925 2091 2981 vivamus.
2115 2925 2152 2991 ἡ
2174 2963 2189 2980 .
2222 2924 2414 2980 Amen.

1897 3040 1979 3095 Ad
2010 3040 2308 3095 Orationem
2338 3038 2685 3094 Dominicam.

1900 3151 2101 3209 Oratio.
2139 3151 2356 3208 Fratres
2385 3150 2689 3207 charissimi
2736 3148 3028 3223 Martyrum
3074 3148 3419 3220 parvulorum

1824 3246 2072 3318 exempla
2122 3247 2346 3303 incitent
2399 3260 2497 3302 nos
2534 3245 2601 3301 ad
2642 3244 2877 3300 virorum
2922 3245 3137 3300 fortium
3183 3253 3321 3301 acta.
3356 3243 3423 3300 Et

1823 3343 1963 3397 sicut
2012 3340 2229 3396 illorum
2260 3356 2365 3397 vox
2407 3339 2681 3411 sanguinis
2715 3337 2967 3394 clamavit
3014 3338 3083 3394 ad
3117 3337 3320 3395 Deum:
3348 3338 3424 3394 ita

1825 3451 1923 3490 nos
1949 3434 2093 3490 unita
2118 3434 2327 3504 pietatis
2366 3448 2495 3489 voce
2523 3424 2890 3489 exclame'mus
2912 3430 2983 3488 ad
3010 3430 3188 3489 celum
3216 3448 3232 3487 :
3258 3440 3315 3489 et
3341 3431 3426 3487 di-

1825 3543 2009 3584 camus
2039 3528 2091 3582 iu
2121 3527 2300 3583 terris.
2328 3526 2486 3583 Pater
2513 3536 2718 3586 noster.
2746 3534 2852 3581 etc.

1896 3641 2212 3697 Benedictio.
2252 3642 2510 3696 Dominus
2538 3647 2695 3697 Jesus
2732 3639 3017 3695 Christus:
3049 3640 3136 3696 cui
3159 3622 3424 3709 parvulo-

1826 3748 1945 3788 rum
1991 3748 2098 3788 non
2143 3748 2246 3787 vos
2288 3732 2495 3787 etatis:
2528 3733 2622 3788 sed
2667 3732 2859 3787 effusio
2885 3732 3162 3801 sanguinis
3206 3731 3421 3785 laudem

1826 3825 2011 3881 dedit:
2042 3825 2331 3881 clamorem
2380 3835 2561 3879 vestre
2608 3822 2962 3879 confessionis
3004 3825 3288 3878 miseratus
3326 3836 3422 3877 ac-

1827 3918 2037 3972 cendat.
2085 3916 2124 3984 ri
2145 3954 2158 3969 .
2190 3918 2384 3969 Amen.
2407 3912 2509 3981 Qui
2558 3913 2677 3967 illos
2728 3912 2992 3968 moriendi
3029 3913 3282 3967 actione:
3314 3925 3426 3967 non

1828 4007 2236 4079 expugnationis
2284 4003 2579 4061 certamine
2625 4007 2901 4060 coronavit
2930 4022 2945 4059 :
2975 4006 3091 4075 ipse
3137 4004 3230 4059 det
3268 4003 3424 4060 vobis

1826 4113 2011 4159 contra
2042 4105 2217 4159 omnia
2246 4103 2541 4173 spiritualia
2590 4101 2834 4173 nequicie
2888 4101 3105 4173 gloriari
3154 4099 3425 4169 spirituali

1831 4199 2074 4254 victoria.
2119 4198 2191 4267 ἡ.
2225 4204 2417 4254 Amen.
2469 4196 2535 4252 Et
2580 4196 2669 4267 qui
2698 4194 2818 4251 illos
2847 4210 2953 4250 non
2999 4210 3066 4249 ex
3109 4201 3293 4250 etate:
3325 4191 3426 4249 sed

1829 4305 1897 4347 ex
1940 4289 2197 4360 sanguine
2242 4288 2620 4345 consecravit:
2674 4286 2789 4357 ipse
2828 4301 2925 4342 vos
2980 4301 3086 4340 non
3128 4298 3227 4356 pro
3256 4295 3427 4354 opere

1830 4386 2186 4441 condemnet:
2234 4385 2328 4441 sed
2362 4401 2456 4455 pro
2495 4400 2592 4441 sua
2643 4384 2987 4439 miseratione
3022 4382 3303 4454 justilicet.
3328 4379 3425 4449 ιὴ.

1830 4477 2023 4532 Amen.
2074 4478 2174 4533 Per
2218 4478 2638 4534 misericordiam
2670 4478 2836 4547 ipsius
2887 4475 2981 4531 Dei
3027 4486 3131 4532 etc.
3165 4475 3426 4532 Dominus

1832 4570 1903 4625 sit
1930 4585 2142 4639 semper
2166 4570 2461 4625 vobiscum.

1906 4682 2125 4738 Gnarus.
2149 4687 2373 4737 Gustate
2399 4689 2455 4736 et
2478 4679 2673 4736 videte.

1910 4796 2107 4850 Oratio.
2132 4794 2259 4849 Post
2281 4793 2602 4851 Communia.
2634 4795 2844 4852 Gratias
2866 4796 3074 4867 agimus
3102 4793 3217 4850 tibi.
3255 4793 3422 4857 Quere

1834 4886 1887 4940 in
1909 4887 2077 4941 natale
2105 4885 2308 4940 Domini
2352 4887 2445 4955 fol.
2475 4887 2566 4943 40.

1833 5152 2093 5222 martyriis
2125 5153 2390 5276 lit/antu»:
2415 5159 2591 5212 statim
2615 5161 2784 5227 cmpit.
2809 5159 3037 5214 Sanctus
3065 5157 3299 5215 Hilarius
3329 5159 3385 5229 (I
3398 5178 3429 5215 n

1833 5238 1943 5276 can.
1991 5240 2006 5276 ι
2049 5222 2177 5276 Matt
2199 5225 2264 5276 t.l
2309 5226 2377 5276 de
2419 5229 2709 5276 infantibus
2738 5232 2808 5276 ab
2836 5231 3045 5276 Herode
3072 5231 3269 5276 occisis
3298 5232 3373 5276 ait
3404 5250 3418 5276 ξ

1831 5238 1943 5305 cap.
1991 5240 2006 5277 ι
2049 5222 2264 5305 μαι-(ιιι.)
2309 5226 2377 5283 de
2419 5222 2709 5305 infantibus
2738 5232 2808 5285 ab
2835 5231 3045 5305 iterode
3072 5231 3269 5305 occisis
3298 5222 3418 5305 ait:

1833 5292 1957 5373 Non
1984 5296 2122 5373 enim
2149 5297 2186 5348 ii
2215 5292 2360 5373 erant
2388 5301 2478 5373 qui
2502 5302 2690 5355 mortui
2712 5300 3054 5373 putabantur;
3078 5302 3131 5355 in
3161 5304 3419 5357 mtemita-

1833 5366 1897 5441 tis
1936 5366 2513 5441 eninthprofectum'per
2534 5366 2766 5441 martyrii
2806 5370 3023 5441 gloriam
3053 5373 3415 5441 elferebaatur.

1834 5435 1927 5491 llis
1966 5436 2161 5492 similia
2202 5435 2340 5508 apud
2366 5435 2552 5498 Patres
2587 5435 2964 5514 itam_Lati_nos
3005 5435 3169 5514 quam
3198 5445 3416 5511 Gnaeos

1830 5518 2113 5603 rec‘urlrunt
2124 5516 2345 5603 passim.
2363 5530 2483 5568 cum
2501 5514 2568 5603 ge
2584 5513 2645 5565 iis
2659 5510 3108 5603 lttfalntibnsnloimi
3132 5510 3413 5603 Sonttingit.

1905 5577 1932 5614 ἀ
1978 5578 2217 5656 [legalem
2257 5600 2449 5656 necem.
2501 5584 2726 5656 Sanctus
2764 5583 2873 5637 Leo
2902 5577 3100 5653 (Serm.
3134 5587 3166 5637 5
3194 5603 3257 5640 ae
3292 5577 3417 5656 Ein-

1834 5652 2065 5726 phania)
2108 5668 2127 5705 .'
2169 5652 2413 5726 Herodes
2436 5655 2584 5726 enim
2616 5652 2669 5703 in
2696 5668 2869 5708 omnes
2908 5652 3199 5718 Bethlehem
3230 5652 3415 5726 puero;

1834 5721 2027 5798 rabiem
2050 5722 2364 5798 crudelitatis
2387 5723 2749 5798 e/Z'undt't...
2773 5728 3037 5785 restimans
3057 5728 3168 5798 fore
3189 5721 3243 5783 ut
3267 5726 3416 5789 nullo

1837 5791 1944 5846 illic
1975 5792 2190 5859 puerulo
2220 5811 2319 5848 non
2342 5795 2507 5849 acciso
2534 5796 2848 5854 occideretur
2871 5791 3127 5854 Christus.

1912 5871 1936 5899 ε
1981 5862 2286 5936 Egrediens.
2318 5865 2460 5937 Lege
2485 5881 2712 5938 egerem.
