3992 6354
497 414 767 484 Sequentta
831 410 1041 481 epistola

512 486 525 523 :
576 479 585 484 '
844 479 869 491 λ’
902 490 905 493 ·
1100 481 1147 552 (ει
1172 481 1298 549 Cap.
1326 479 1471 547 ιιι).

518 598 519 601 η
581 579 619 642 ἢ
643 617 655 630 .
690 578 805 631 Deo
832 575 1057 647 gratias.

567 690 803 745 Fratres.
859 687 1170 742 Gaudetein
1226 683 1470 739 Domino.
1512 682 1713 738 Eadem
1757 683 1915 739 vobis
1946 684 2083 741 scri-

493 785 620 839 bere
652 782 779 837 mibi
814 782 1028 851 quidem
1066 794 1171 834 non
1207 778 1416 847 pigrum
1451 793 1467 835 :
1499 777 1650 832 vobis
1680 784 1854 831 autem
1896 792 2083 833 neces-

491 878 715 933 sarium.
752 875 940 930 Videte
977 889 1177 930 canes:
1216 872 1395 927 videte
1439 872 1613 927 malos
1655 870 1932 942 operarios
1963 889 1977 926 :
2008 870 2085 925 vi-

495 968 621 1025 dete
671 968 1054 1024 concisionem.
1109 964 1219 1021 Nos
1262 968 1404 1021 enim
1464 979 1650 1020 sumus
1703 963 2083 1019 circumcisio:

495 1062 587 1131 qui
642 1061 829 1132 spiritu
874 1059 1209 1114 deservimus
1257 1074 1272 1112 :
1321 1065 1375 1113 et
1427 1059 1721 1128 gloriamur
1766 1058 1818 1110 in
1874 1054 2086 1111 Christo

494 1152 621 1209 Jcsu
654 1163 748 1211 :et
794 1168 900 1207 non
956 1152 1009 1207 in
1065 1166 1228 1207 carne
1274 1150 1521 1205 ﬁduciam
1572 1150 1833 1204 habentes
1864 1163 2087 1217 :quam-

497 1263 655 1319 quam
687 1257 741 1302 et
769 1262 868 1319 ego
901 1246 1131 1302 habeam
1159 1245 1539 1301 conﬁdentiam
1572 1245 1627 1299 in
1656 1259 1819 1299 carne
1853 1262 1866 1299 :
1902 1244 1943 1298 si
1970 1242 2087 1312 quis

495 1344 632 1398 alius
687 1342 899 1399 videtur
948 1343 1225 1399 conﬁdere
1273 1341 1325 1397 in
1381 1356 1543 1395 carne
1577 1358 1591 1394 ε
1624 1355 1722 1407 ego
1775 1337 1945 1407 magis
1986 1336 2089 1391 cir-

494 1438 762 1493 cumcisus
801 1448 991 1493 octavo
1022 1436 1109 1493 die
1136 1452 1201 1491 ex
1241 1450 1438 1504 genere
1483 1433 1645 1488 Israel
1670 1432 1736 1487 de
1766 1431 1905 1485 tribu
1953 1431 2087 1483 Ben-

492 1530 689 1602 jamin.
744 1531 988 1587 Hebreus
1019 1548 1083 1586 ex
1111 1529 1334 1584 Hebreis
1369 1548 1379 1582 :
1415 1526 1704 1584 secundum
1738 1525 1908 1594 legem
1950 1523 2091 1577 Pha-

496 1623 670 1679 riseus
702 1641 717 1678 :
748 1629 1039 1679 secundum
1092 1621 1469 1678 emnlationem
1524 1633 1854 1689 persequens
1909 1615 2086 1670 eccle-

495 1713 629 1770 siam
665 1714 757 1771 Dei
785 1734 798 1771 :
823 1716 1116 1771 secundum
1158 1712 1427 1784 justiciam
1470 1728 1573 1783 que
1601 1727 1664 1766 ex
1689 1711 1805 1783 lege
1834 1719 1915 1764 est
1951 1724 2085 1765 con-

1204 295 1495 359 MISSALE
1536 291 1801 353 MIXTUM
1844 286 1996 344 SEC.
2039 280 2306 347 REGrB.
2349 276 2613 334 ISIDORI.
2660 306 2731 317 —
2771 272 2947 330 PARS
2990 272 3033 329 1.

1090 408 1247 463 Pauli
1315 406 1534 472 apostoli
1595 405 1663 458 ad
1722 403 2072 475 Philippense;
2100 400 2151 456 A
2179 392 2276 448 bus
2302 393 2484 446 multis
2514 411 2524 445 :
2557 400 2610 445 et
2640 389 2849 444 vixerat
2886 404 3009 442 cum
3058 387 3173 440 viro
3204 399 3301 441 suo
3340 400 3515 441 annos
3544 393 3769 455 'septem

3660 266 3765 324 2‘20

2190 498 2219 539 a
2258 484 2560 555 virginitate
2581 496 2695 536 sua.
2738 490 2793 535 et
2824 481 2919 535 hec
2940 479 3093 533 vidua
3115 493 3284 548 usque
3310 478 3375 531 ad
3400 492 3571 531 annos
3600 488 3767 531 octo-

2185 580 2329 649 ginta
2380 588 2631 644 quatuor.
2681 590 2785 643 que
2828 590 2931 627 non
2986 571 3352 627 descendebat
3404 572 3474 626 de
3522 572 3772 641 templo:

2182 668 2397 740 jejuniis
2420 679 2475 723 et
2514 668 2847 723 orationibus
2875 667 3115 721 serviens
3155 675 3313 719 nocte
3344 673 3400 720 et
3427 665 3537 719 die.
3580 667 3646 720 Et
3675 667 3776 722 hec

2187 765 2300 833 ipsa
2362 764 2493 817 hora
2551 762 2936 833 superveniens
2998 761 3355 816 conﬁtebatur
3410 760 3637 814 Domino
3671 776 3686 813 ε
3720 769 3775 814 et

2188 859 2506 929 loquebatur
2559 858 2627 913 de
2678 858 2768 912 iHo
2813 855 3061 911 omnibus
3106 856 3193 923 qui
3248 854 3603 917 expectabant
3632 864 3656 892 ο
3687 869 3772 906 re-

2188 951 2550 1021 demptionem
2598 950 2951 1005 Hierusalem.
3008 949 3074 1002 Et
3106 957 3161 1002 ut
3206 946 3548 1017 perfecerunt
3590 946 3770 1000 omnia

2191 1044 2479 1099 secundum
2510 1045 2679 1113 legem
2710 1042 2923 1096 Domitii
2956 1060 2968 1095 :
3003 1042 3204 1096 reversi
3234 1051 3356 1095 sunt
3387 1041 3440 1094 in
3471 1039 3775 1094 Galiieam:

2190 1136 2243 1191 in
2274 1137 2487 1191 civitate
2515 1149 2608 1190 sua
2656 1135 2947 1191 Nazareth.
2996 1134 3137 1189 Puer
3184 1142 3361 1189 autem
3410 1133 3694 1189 crescebat
3726 1138 3779 1186 et

2190 1226 2596 1283 confortabatur
2641 1228 2829 1295 plenus
2876 1226 3137 1295 sapientia
3170 1244 3181 1279 :
3222 1235 3275 1281 et
3306 1228 3476 1298 gratia
3525 1225 3620 1281 Dei
3660 1232 3781 1279 erat

2191 1322 2243 1375 in
2274 1321 2384 1377 illo.

2278 1418 2313 1486 ιῆ
2337 1457 2349 1471 .
2384 1418 2574 1472 Amen.

2264 1509 2370 1581 54
2394 1510 2419 1549 ἀ
2446 1510 2647 1563 Lauda.
2682 1509 2933 1580 Al’leluja.
2990 1509 3027 1578 Ῠ
3051 1548 3065 1564 .
3094 1508 3294 1563 Omnes
3322 1512 3509 1577 gentes
3540 1502 3782 1574 plaudite

2190 1600 2437 1656 inanibus
2470 1601 2731 1671 :jubilate
2773 1602 2881 1657 Deo
2910 1600 2962 1655 in
2990 1614 3121 1656 voce
3148 1600 3351 1655 leticie.
3388 1596 3455 1653 Ρ.
3486 1597 3742 1665 Arlelnja.

2267 1706 2290 1733 ο
2324 1696 2673 1765 Sacri/icium.
2738 1696 3085 1765 Suscepitnus
3153 1696 3294 1749 Deus
3351 1692 3777 1757 misericordiam

495 1794 740 1865 versatus
768 1811 885 1866 sine
911 1808 1153 1882 querela,
1193 1808 1288 1864 sed
1319 1824 1424 1879 que
1454 1777 1583 1861 mihi
1637 1777 1853 1861 luerunt
1895 1802 2086 1858 lucra?
2118 1777 2167 1838 Β
2193 1798 2337 1882 fuam
2371 1790 2423 1843 in
2462 1790 2640 1845 πιθάίο
2682 1791 2862 1860 “imp”
2903 1789 2981 1844 ιυῖ
3014 1806 3027 1843 ε
3058 1789 3350 1844 secundum
3392 1801 3589 1841 “0mm
3630 1794 3780 1839 “mm

496 1901 598 1958 hec
648 1904 937 1960 arbitratus
984 1920 1100 1961 sum
1151 1916 1372 1976 propter
1419 1904 1688 1959 Christum
1741 1901 2086 1959 detrimenta.

498 1996 884 2055 Verumtamen
948 2000 1198 2053 existimo
1266 2000 1443 2055 omnia
1519 1998 1899 2052 detrimentum
1966 2009 2086 2049 esse

498 2101 718 2162 propter
774 2096 1103 2150 eminentetn
1153 2093 1432 2150 scientiam
1488 2091 1700 2149 Domini
1750 2090 1919 2145 nostri
1958 2087 2084 2144 Jesu

495 2181 720 2245 Christi.
766 2188 803 2256 ti)
825 2228 840 2245 .
872 2188 1065 2245 Amen.

807 2321 1107 2376 Secundum
1136 2322 1346 2377 Luem.
1388 2320 1457 2394 (δ
1489 2320 1620 2393 Cap.
1656 2320 1767 2392 ΙΙ).

565 2430 660 2487 Illo
689 2432 743 2487 in
767 2440 1011 2501 tempore
1046 2452 1059 2489 :
1089 2444 1371 2506 postquam
1402 2434 1757 2490 consummati
1793 2444 1918 2489 sunt
1966 2434 2082 2490 dies

494 2532 617 2581 octo
649 2536 747 2587 :ut
775 2527 1255 2584 circumcideretur
1278 2546 1414 2599 puer
1445 2549 1456 2583 :
1488 2543 1733 2583 vocatum
1766 2538 1848 2583 est
1884 2545 2079 2583 nomen

492 2616 610 2687 ejus
639 2616 834 2676 Jesus:
868 2623 1007 2691 quod
1048 2634 1291 2675 vocatum
1324 2631 1408 2675 est
1444 2624 1511 2675 ab
1540 2624 1729 2691 angelo
1772 2622 2078 2692 ptiu~quam

492 2710 546 2766 in
580 2722 732 2767 utero
759 2717 1149 2785 conciperetur.
1186 2719 1249 2770 Et
1273 2727 1552 2787 postquam
1586 2718 1789 2785 impleti
1820 2726 1945 2771 sunt
1968 2719 2081 2772 dies

491 2807 821 2875 purgationis
864 2807 977 2877 ejus
1014 2827 1026 2864 :
1060 2810 1355 2864 secundum
1410 2809 1585 2878 legem
1637 2809 1804 2880 Moysi
1845 2810 2083 2863 tulerunt

490 2896 639 2952 illum
696 2899 749 2953 itt
808 2900 1141 2957 Hierusalem
1178 2920 1192 2958 :
1228 2912 1279 2955 ιιι
1338 2902 1593 2956 sisterent
1650 2918 1771 2955 eum
1832 2900 2076 2955 Domino.

488 2988 637 3049 Sicut
691 2992 948 3061 scriptum
998 3006 1081 3048 est
1141 2997 1194 3048 in
1244 2995 1362 3064 lege
1418 2993 1630 3047 Domini
1688 2994 1861 3063 :quia
1921 3009 2083 3050 omne

491 3084 845 3139 IIan
902 3086 1224 3156 “aperiens
1254 3088 1465 3140 vulvam
1499 3104 1510 3138 :
1542 3088 1797 3142 Sanctum
1854 3087 2081 3142 Domino

2191 1880 2335 1936 Deus
2367 1882 2478 1936 :ita
2520 1892 2573 1937 et
2606 1883 2724 1937 laus
2762 1893 2848 1937 tua
2878 1884 2933 1937 in
2968 1882 3166 1937 ﬁnibus
3206 1890 3347 1937 terre
3380 1879 3594 1947 alleluia
3646 1877 3774 1931 alle-

2188 1976 2312 2045 lnja.
2374 1976 2447 2045 ἡ.
2505 1976 2730 2031 Justicia
2787 1977 2938 2045 plena
2996 1985 3080 2031 est
3129 1975 3347 2029 dextera
3414 1981 3503 2025 tua
3536 1986 3551 2025 :
3584 1970 3780 2025 letetur

2188 2082 2342 2123 mons
2383 2067 2528 2138 Syon
2572 2077 2626 2123 et
2676 2069 2917 2122 exultent
2970 2066 3078 2122 ﬁlie
3122 2066 3258 2121 .ludc
3312 2062 3549 2133 alleluia.
3605 2060 3670 2115 Ρ.
3718 2062 3773 2115 In

2190 2160 2402 2214 ﬁnibus.

2261 2254 2447 2307 Missa.
2483 2256 2620 2306 Deus
2649 2253 2736 2324 qui
2786 2251 2941 2307 nobis
2970 2250 3023 2307 id
3057 2252 3313 2322 prespicit
3358 2246 3645 2306 convenire
3674 2264 3687 2277 ο
3721 2253 3785 2300 ut

2186 2366 2309 2406 eum
2362 2350 2653 2404 debeamus
2697 2348 2899 2419 jngiter
2925 2348 3252 2403 conlaudare
3286 2364 3297 2398 :
3334 2354 3443 2399 tota
3492 2357 3781 2412 poscamus

2186 2441 2519 2498 dilectissimi
2573 2444 2764 2494 fratres
2820 2441 3016 2495 mentis
3058 2440 3376 2493 intentione.
3420 2444 3478 2491 ut
3522 2432 3786 2489 concedat

2186 2534 2345 2587 nobis
2410 2533 2664 2587 hodierna
2718 2532 2801 2587 die
2852 2532 3235 2599 redemptionis
3268 2540 3321 2583 et
3352 2528 3565 2582 Domini
3616 2524 3785 2582 nostri

2185 2626 2309 2682 Jesu
2350 2626 2548 2681 Christi
2599 2627 2688 2680 lilii
2719 2625 2799 2679 sui
2848 2625 3114 2693 precontis
3142 2621 3451 2677 solennibus
3483 2620 3734 2673 exultare
3767 2635 3779 2670 :

2186 2733 2242 2776 ut
2290 2722 2603 2792 mysterium
2654 2718 3037 2773 incarnationis
3082 2716 3197 2786 ejus
3238 2730 3333 2785 pro
3366 2724 3547 2768 nostre
3590 2712 3785 2766 salutis

2187 2815 2553 2883 redemptione
2593 2810 2611 2849 τ
2646 2813 2969 2867 celebratultt
3004 2827 3017 2863 :
3050 2817 3243 2873 augeat
3286 2806 3338 2860 in
3381 2806 3537 2860 nobis
3579 2803 3778 2874 gaudia

2187 2920 2457 2973 nunquam
2528 2904 2748 2957 ulterius
2816 2902 3045 2957 ﬁnienda
3097 2920 3108 2953 :
3164 2911 3219 2955 et
3274 2908 3393 2954 vota
3450 2898 3783 2968 multiplicet

2186 2997 2482 3065 ildisrupta
2520 3015 2531 3049 :
2569 3007 2626 3051 ut
2653 2997 2779 3050 dum
2811 2996 3007 3049 ofﬁciis
3040 2994 3332 3060 impensius
3364 2994 3739 3062 mancipamur
3766 3008 3782 3046 :

2188 3091 2464 3144 celestium
2498 3099 2959 3144 sacramentorum
3001 3088 3337 3157 participium
3367 3085 3627 3155 consequi
3661 3098 3783 3140 me-

486 3179 787 3235 vOcahitur.
836 3181 903 3237 Et
953 3191 1012 3236 ut
1062 3183 1254 3239 darent
1305 3184 1531 3238 hostiam
1583 3185 1879 3239 secundum
1938 3186 2077 3254 quod
2107 3152 2156 3215 ο
2186 3200 2417 3241 reamur.
2462 3184 2534 3251 ιῆ.
2572 3189 2759 3238 Amen.

487 3264 686 3345 dictum
722 3274 887 3329 estin
930 3275 1044 3345 lege
1078 3274 1287 3331 Domini
1318 3292 1335 3330 :
1372 3293 1466 3345 par
1496 3286 1765 3331 turturum
1815 3286 1906 3329 aut
1942 3276 2081 3330 duos

490 3364 667 3433 pullos
695 3366 1093 3421 columbarum.
1142 3369 1209 3422 Et
1245 3382 1379 3422 ecce
1412 3369 1572 3422 botno
1598 3378 1713 3422 erat
1744 3372 1793 3420 in
1826 3368 2082 3422 Hierusa-

489 3455 595 3513 Iem
628 3474 641 3511 :
672 3457 759 3512 cui
806 3474 1003 3513 nomen
1050 3458 1269 3514 Simeon
1302 3477 1316 3514 :
1348 3470 1398 3513 et
1459 3460 1619 3514 homo
1670 3461 1771 3513 istc
1819 3460 1996 3527 justus
2028 3466 2082 3514 et

487 3546 771 3604 timoratus
802 3559 1098 3621 expectans
1147 3553 1569 3607 consolationem
1617 3550 1777 3607 Israel
1815 3568 1829 3607 :
1863 3560 1918 3606 et
1957 3551 2083 3622 Spi-

486 3642 621 3698 ritus
649 3644 879 3700 Sanctus
922 3656 1041 3701 erat
1073 3647 1127 3702 in
1156 3662 1242 3703 eo.
1280 3648 1343 3702 Et
1370 3662 1689 3717 responsum
1718 3654 2006 3715 acceperat
2048 3660 2080 3701 ι

486 3732 689 3804 Spiritu
742 3738 992 3794 Sancto:
1049 3754 1153 3794 non
1209 3740 1451 3795 visurum
1512 3754 1571 3794 se
1629 3749 1857 3793 mortem
1914 3758 1930 3794 :
1980 3738 2082 3793 nisi

484 3826 630 3895 prius
657 3826 868 3886 videret
896 3828 1170 3885 Christum
1217 3831 1453 3886 Domini.
1497 3831 1561 3885 Et
1589 3830 1738 3885 venit
1786 3831 1840 3885 in
1885 3831 2081 3900 spiritu

483 3917 539 3975 in
597 3922 856 3991 templum
899 3941 913 3978 :
949 3935 1005 3979 et
1057 3939 1182 3979 cum
1243 3924 1560 3979 inducerent
1614 3939 1839 3994 puerum
1895 3923 2080 3979 Jesum

485 4020 735 4078 parentes
764 4012 882 4083 ejus
904 4032 916 4068 :
936 4023 995 4069 ut
1022 4014 1267 4070 facerent
1311 4017 1605 4071 secundum
1635 4016 2081 4070 consuetudinem

485 4102 620 4175 legis
651 4124 747 4176 pro
772 4124 859 4164 eo.
894 4110 961 4165 Et
986 4113 1101 4179 ipse
1130 4112 1337 4178 accepit
1378 4127 1500 4165 eum
1548 4112 1601 4164 in
1633 4110 1788 4165 ulnas
1824 4122 1949 4163 suas
1982 4128 1996 4164 :
2030 4117 2083 4164 et

485 4194 759 4254 benedixit
791 4201 957 4256 Deum
976 4202 1214 4257 etdixit.
1247 4202 1401 4258 Nune
1430 4203 1657 4257 dimittis
1678 4216 1895 4256 servum
1929 4210 2080 4254 tuum

486 4285 1089 4346 Domine:secundum
1142 4294 1366 4347 verbum
1420 4303 1568 4347 tuum
1628 4294 1680 4346 in
1736 4307 1888 4361 pace.
1946 4290 2081 4357 Quia

487 4378 743 4436 viderunt
794 4382 933 4438 oculi
993 4385 1095 4440 mei
1150 4386 1387 4440 salutare
1442 4396 1611 4439 tuum.
1676 4384 1827 4452 Quod
1884 4384 2085 4454 parasti

2256 3281 2373 3332 Alia
2403 3282 2590 3334 oratio.
2626 3279 2865 3333 Perfecta
2891 3276 3113 3344 ingeniti
3138 3273 3396 3342 sapientia
3422 3272 3596 3326 Patris
3628 3285 3787 3325 meu-

2186 3371 2325 3423 tihus
2346 3372 2530 3423 celesti
2579 3385 2799 3423 munere
2828 3369 3067 3423 inlabere
3117 3368 3315 3421 nostris
3342 3383 3355 3417 :
3386 3364 3786 3418 contemnendo

2186 3464 2323 3531 quod
2370 3462 2691 3516 offendimus
2721 3470 2773 3514 et
2804 3460 3162 3514 condonando
3209 3468 3260 3513 te
3292 3456 3587 3527 inspirante
3632 3453 3780 3525 quod

2186 3556 2480 3624 querimus.
2528 3554 2757 3609 Abscide
2815 3570 3107 3622 quesumns
3164 3552 3407 3605 cordium
3460 3560 3777 3603 nostrorum

2185 3648 2502 3716 auriumque
2556 3646 2806 3714 prepucia
2859 3662 2872 3697 :
2923 3647 3010 3711 qui
3060 3660 3155 3713 pro
3206 3642 3360 3697 nobis
3411 3642 3661 3709 dignatus
3720 3652 3786 3693 es

2187 3740 2408 3795 infantie
2454 3749 2662 3810 gestare
2719 3739 3029 3808 crepundia.
3074 3739 3140 3795 Ut
3190 3739 3327 3809 quod
3380 3738 3433 3791 in
3486 3746 3567 3789 tua
3610 3748 3781 3789 carne

2187 3834 2479 3887 secundum
2532 3833 2662 3902 legis
2704 3832 2933 3885 litteram
2965 3833 3077 3887 ﬁeri
3118 3830 3529 3886 circmncisione
3560 3826 3785 3881 voluisti

2186 3938 2446 3991 carpere:
2475 3938 2491 3977 :
2524 3924 2575 3975 id
2606 3932 2791 3976 nostre
2822 3924 2979 3976 saluti
3011 3932 3379 3990 competenter
3410 3920 3728 3989 impendens
3765 3934 3780 3971 :

2188 4019 2255 4071 ab
2290 4018 2433 4070 omni
2485 4017 2867 4087 supersmione
2913 4019 3241 4085 voluptatum
3297 4017 3544 4084 absterge
3598 4022 3780 4066 nostra

2188 4112 2499 4179 precordia.
2552 4109 2659 4165 Lac
2724 4121 2870 4164 tuum
2932 4112 3131 4163 nutriat
3189 4110 3485 4178 parvulos:
3527 4107 3614 4177 qui
3665 4104 3785 4160 ﬁeri

2187 4206 2436 4275 dignatus
2486 4222 2545 4261 es
2600 4221 2698 4275 pro
2753 4216 2937 4260 nostra
2988 4206 3360 4275 redemptione
3407 4205 3652 4275 pusillus.
3716 4203 3787 4257 Ut

2188 4299 2326 4351 sicut
2377 4299 2429 4353 in
2466 4309 2515 4353 te
2545 4313 2668 4353 cum
2703 4300 2800 4351 ista
2830 4310 3103 4366 prestares
3148 4298 3350 4350 uttllutn
3393 4298 3562 4350 sensit
3607 4295 3786 4349 omni-

2189 4394 2426 4459 potentia
2476 4391 2856 4446 detrimentum
2892 4411 2904 4443 ;
2940 4391 3008 4443 ita
3043 4400 3093 4443 et
3141 4390 3273 4443 fides
3323 4376 3503 4443 nostra
3548 4399 3635 4441 tuo
3667 4403 3787 4440 tnu-

489 4480 614 4528 ante
642 4472 835 4528 faciem
867 4478 1105 4531 omnium
1141 4479 1484 4547 populorum.
1532 4477 1737 4531 Lumen
1784 4475 1848 4530 ad
1881 4478 2082 4530 revela-

2198 4500 2319 4538 nere
2380 4484 2680 4538 confortata
2726 4502 2741 4538 :
2784 4485 2989 4537 nullum
3053 4483 3285 4551 patiatur
3339 4479 3625 4548 aliquando
3684 4480 3786 4533 de-

489 4567 693 4622 tionem
748 4570 988 4639 gentium
1024 4580 1123 4626 :et
1158 4572 1384 4641 gloriam
1435 4571 1613 4640 plebis
1662 4580 1751 4624 tue
1796 4569 1980 4622 Israel.
2017 4568 2081 4622 Et

490 4667 608 4711 erat
648 4668 796 4728 pater
838 4659 955 4730 ejus
995 4670 1049 4717 et
1102 4672 1275 4717 mater
1328 4663 1590 4717 mirantes
1642 4676 1804 4729 super
1859 4659 1939 4713 his
1979 4673 2082 4729 que

488 4752 805 4811 dicebantur
846 4758 915 4813 de
967 4759 1080 4815 illo.
1142 4761 1209 4814 Et
1270 4761 1546 4816 benedixit
1595 4760 1671 4815 illi
1727 4759 1947 4814 Simeon
1982 4775 1997 4813 :
2032 4768 2085 4813 et

492 4845 624 4902 dixit
653 4850 723 4902 ad
773 4849 991 4905 Mariam
1024 4862 1251 4906 matrem
1281 4853 1423 4920 ejus.
1470 4852 1612 4907 Ecce
1635 4852 1843 4921 positus
1889 4861 1970 4905 est
2000 4850 2087 4905 hic

493 4938 543 4992 in
575 4939 783 4996 ruinam
825 4951 879 4997 et
928 4944 1380 5001 resurrectionem
1431 4947 1722 4999 multorum
1766 4946 1819 4999 in
1874 4946 2082 5001 lsrael:

492 5038 548 5085 et
592 5033 643 5085 in
702 5032 909 5103 signum
971 5037 1056 5091 cui
1117 5038 1652 5093 contradicetur:et
1717 5048 1857 5093 tuam
1918 5040 2082 5107 ipsius

495 5122 725 5176 animam
757 5130 1108 5195 pertransibit
1147 5132 1396 5199 gladius:
1428 5141 1485 5185 ut
1514 5132 1821 5188 revelentur
1849 5149 1916 5189 ex
1944 5135 2083 5188 mul-

494 5212 561 5268 tis
586 5215 839 5273 cordibus
870 5221 1247 5291 cogitationes.
1296 5222 1368 5277 Et
1396 5233 1513 5278 erat
1550 5228 1700 5279 Anna
1740 5226 2083 5296 prophetissa

495 5302 599 5360 ﬁlia
630 5306 865 5367 Phanuel
889 5315 953 5370 de
981 5316 1120 5370 tribu
1161 5317 1316 5371 Aser.
1351 5316 1461 5374 Hec
1508 5328 1845 5390 processerat
1887 5322 1939 5378 in
1972 5321 2084 5377 die-

567 5500 593 5575 ξ
624 5491 754 5575 Cap.
784 5489 903 5548 III.
930 5494 1081 5575 Vers.
1119 5498 1230 5553 1-3.
1253 5498 1734 5575 Sacramentarium
1762 5503 2081 5575 Bobianum

497 5560 787 5648 Epistolam
834 5582 897 5648 ex
940 5568 1127 5648 cedem
1181 5587 1295 5641 cap.
1333 5575 1442 5626 tad
1477 5573 1725 5648 Philipp,
1760 5574 1874 5639 5-6,
1924 5574 2084 5628 desu-

500 5634 615 5716 mit.
669 5634 1025 5692 Luxoviensis'
1058 5634 1260 5696 contra
1298 5634 1721 5714 superstitiones
1754 5634 2079 5714 paganorum

500 5703 709 5774 legitex
754 5707 772 5760 Ι
818 5709 934 5767 Cor.
964 5728 1032 5774 rx,
1066 5712 1249 5767 14-15.

1463 5786 1803 5865 Evangelium
1832 5787 1883 5840 in
1906 5786 2081 5865 Luxu-

502 5851 668 5905 viensi
691 5851 907 5922 legitur;
939 5856 991 5910 in
1022 5854 1271 5912 Bobiensi
1296 5856 1489 5925 legitur
1510 5871 1574 5912 ex
1596 5851 1783 5913 eodem
1812 5861 1982 5929 capite
2017 5877 2077 5925 ll,

2193 4577 2386 4630 fectum
2416 4594 2429 4630 :
2462 4576 2556 4631 sed
2605 4576 2669 4629 ad
2701 4576 2933 4629 solidum
2965 4577 3135 4643 gratie
3164 4584 3250 4627 tue
3287 4574 3565 4644 perveniat
3607 4574 3787 4624 lirma-

2192 4679 2453 4725 mentum.
2490 4670 2526 4737 ti)
2550 4710 2563 4723 .
2589 4670 2779 4724 Amen.

2264 4764 2392 4818 Post
2418 4764 2647 4818 nomina.
2691 4763 2917 4817 Domine
2946 4760 3075 4817 Jesu
3114 4760 3331 4814 Christe
3362 4758 3452 4827 qui
3484 4756 3793 4811 mortalita-

2196 4856 2265 4911 tis
2305 4857 2573 4911 hominem
2630 4855 2708 4911 sic
2763 4854 3223 4923 assumpsistitut
3266 4862 3497 4905 mortem
3548 4857 3792 4901 nostram

2199 4963 2563 5004 consumeres.
2594 4948 2673 5002 sic
2693 4947 2876 5017 jugum
2910 4946 3041 5015 legis
3067 4946 3119 4999 in
3150 4953 3236 4998 tua
3262 4956 3423 4998 carne
3455 4938 3741 5007 suscepisti
3776 4948 3793 4989 τ

2201 5051 2258 5096 ut
2305 5057 2334 5095 a
2368 5050 2548 5097 nostra
2591 5056 2752 5095 carne
2787 5055 2913 5095 eum
2953 5039 3252 5094 discuteres
3286 5054 3297 5091 :
3330 5038 3407 5091 sic
3437 5031 3795 5090 circumcisus

2190 5134 2243 5189 in
2270 5148 2431 5189 carne
2480 5132 2726 5202 corporis
2752 5146 2811 5187 es
2842 5149 2855 5185 :
2886 5139 2944 5185 ut
2984 5145 3082 5186 nos
3127 5131 3245 5185 sine
3273 5129 3503 5183 vulnere
3530 5124 3705 5178 carnis
3737 5128 3793 5177 iu

2190 5227 2352 5281 corde
2412 5239 2667 5296 purgares
2726 5240 2739 5276 :
2787 5232 2947 5294 atque
3003 5233 3229 5292 utroque
3288 5222 3438 5276 sexui
3497 5218 3785 5290 proﬁceret

2192 5319 2532 5376 circumcisio
2561 5316 2854 5386 spiritualis
2891 5335 2904 5372 :
2936 5333 3057 5373 cum
3090 5333 3154 5374 ex
3184 5315 3485 5387 virginitate
3506 5306 3786 5384 genitricis

2192 5500 2371 5569 Lucro,
2399 5499 2578 5554 21-24.

2267 5583 2291 5611 ο
2320 5564 2735 5640 Εἐιιεηιριὶοηειη
2762 5571 3105 5625 Hierusalem.
3138 5569 3211 5623 lta
3236 5570 3357 5641 Syr.
3385 5570 3585 5632 Graec,
3616 5568 3671 5621 in
3697 5564 3777 5624 Ic!

2192 5648 2415 5697 rttsalem
2450 5646 2596 5713 Vulg.
2630 5646 3024 5713 redemptionem
3065 5642 3256 5696 Israel.

2259 5714 2285 5751 (³
2321 5716 2521 5770 Lauda.
2552 5716 2638 5769 Ps.
2673 5730 2814 5779 XLVI,
2848 5719 2902 5769 ‘2.

2267 5798 2290 5822 θ
2325 5787 2671 5854 Sacri/icium.
2708 5788 2795 5839 1's.
2831 5800 2990 5847 xvt.tt,
3031 5783 3116 5840 10.
3164 5786 3198 5852 ᾖ
3224 5825 3237 5837 .
3271 5781 3432 5846 lbid.,
3464 5781 3552 5854 Η,
3586 5779 3677 5854 12.

2271 5859 2289 5895 π
2329 5850 2669 5913 (latebrarum.
2702 5856 2829 5912 Haec
2856 5856 3027 5911 oratio
3048 5865 3125 5911 est
3152 5850 3221 5911 de
3240 5854 3445 5912 octavis
3486 5850 3721 5916 Domini.
