4010 6414
428 344 488 411 ῃ
1591 324 1931 384 BASILIUS
1969 324 2155 384 SELE
2165 324 2528 385 UCIENSIS.
3622 322 3688 386 I2

426 458 534 507 τόν.
569 452 723 522 Legit
757 449 1002 505 I’hotius.
1038 446 1213 501 Edidit
1244 444 1536 513 separatim
1574 441 1702 497 I’cd.
1745 442 2009 505 Morellus,

2104 443 2248 507 πίω,
2290 442 2448 508 I602,
2481 443 2535 497 8.
2564 439 2736 513 [Orat.
2773 442 2792 495 I
2834 442 2886 495 in
2919 440 3208 504 Adamum,
3236 454 3265 493 ε
3289 437 3475 494 Οτι-ρο
3514 453 3687 507 nuper

427 556 718 612 Latinitate
751 554 950 609 donata
995 567 1091 621 per
1126 550 1281 604 Mart.
1315 548 1642 607 Mestrwum,
1674 546 1735 602 I).
1766 545 1868 600 Th.
1902 563 1932 600 e
1974 556 2177 618 typogr.
2211 546 2402 619 Steph.
2440 545 2789 603 Prevosteau.
2824 546 3029 611 Paris.,
3075 544 3244 612 1602,
3275 544 3330 599 8.
3360 543 3426 598 γ.
3452 544 3686 600 Maittar.

427 666 491 717 Α.
524 673 656 716 tom.
693 658 786 721 III,
814 672 935 728 pag.
975 653 1124 726 841.]

495 764 549 818 -I.
589 763 655 818 In
682 760 906 817 Cainum
936 768 982 812 et
1016 758 1244 811 Abelem.
1285 755 1479 826 Incipit
1513 774 1526 808 :
1568 756 1736 810 Πάλιν
1771 756 1918 825 ἡμᾶς
1950 756 1978 807 ὁ
2006 755 2071 824 τῆ

1578 756 1736 809 [Ιᾶιλιν
1771 756 1918 825 ἡμᾶς
1950 756 1978 807 ὁ
2006 755 2104 824 τῆς
2140 752 2490 818 διδασκαλίας
2521 754 2706 825 νόμος.
2736 753 2890 825 Legit
2913 752 3161 809 Photius.

496 866 530 922 5
556 876 611 921 et
639 868 695 920 6.
734 866 830 928 Εἰς
861 864 954 917 τὸν
984 861 1127 925 Νῶε,
1162 861 1225 917 1η
1252 861 1558 924 Noae/mm,
1594 860 1709 915 sive
1746 860 2020 918 Noemum.
2050 859 2079 914 Ι

2108 860 2208 916 rior
2244 859 2437 931 incipit
2465 878 2479 915 :
2507 860 2672 922 ὐσος
2699 859 2875 913 ἔνεστι
2901 859 3045 930 Θεῷ,
3073 859 3345 915 Posterior
3377 878 3391 912 :
3420 856 3557 912 Οὔτε
3589 860 3691 930 τὴν

427 972 697 1044 ὑμετέραν
729 971 921 1041 ἀκοήν.

496 1077 551 1131 7.
592 1074 662 1129 In
689 1075 1075 1129 Abrahamum.
1112 1070 1306 1141 Incipit
1343 1089 1356 1124 :
1389 1070 1480 1139 Τῷ
1514 1069 1749 1141 φιλοθέῳ
1779 1070 1874 1124 καὶ
1905 1084 2079 1140 πνευμ

2106 1067 2284 1138 ιτικῷ.
2330 1067 2485 1140 Legit
2525 1067 2773 1124 Photius.
2816 1068 2976 1123 FABR.
3023 1066 3081 1121 In
3132 1068 3306 1123 tribus
3351 1067 3508 1125 codd.
3550 1066 3689 1123 Bibi.

427 1176 577 1246 pubi.
612 1176 783 1232 Paris.
816 1175 980 1230 IIARL.

497 1282 552 1336 8.
589 1281 655 1335 In
694 1280 993 1350 Joseplmm.
1048 1278 1433 1349 patriarcham.
1478 1277 1673 1348 Incipit
1708 1298 1720 1333 :
1756 1278 1880 1341 Τοῖς
1931 1278 2031 1348 μὲν
2078 1302 2080 1310 ι

2106 1277 2149 1331 σὰ
2196 1277 2384 1349 μακρὰ
2438 1278 2670 1349 πελάγη.
2704 1279 2858 1351 Legit
2900 1280 3147 1336 Photius.
3201 1278 3303 1352 [In
3355 1280 3475 1335 cod.
3517 1279 3689 1334 Paris.

428 1384 773 1455 uccccu'm.]

497 1491 552 1546 9.
590 1488 656 1543 In
694 1488 924 1558 Moysen.
958 1486 1153 1556 Incipit
1180 1503 1196 1541 ε
1229 1485 1409 1539 Πολλὰ
1439 1486 1509 1539 τὰ
1548 1486 1686 1557 πρὸς
1719 1485 1887 1558 ὕμνον
1917 1489 2080 1542 κινοῦπ

1064 1486 1153 1556 ipit
1180 1503 1196 1541 :
1229 1485 1409 1539 Πολλὰ
1439 1486 1509 1539 τὰ
1548 1486 1686 1557 πρὸς
1719 1485 1887 1558 ὕμνον
1917 1489 2188 1543 κινοῦντα.
2222 1488 2374 1560 Legit
2404 1490 2647 1546 Photius.

500 1592 583 1647 I0.
612 1591 673 1647 In
707 1592 960 1647 Eliswum
994 1600 1040 1645 et
1069 1588 1480 1645 Sunamitidem.
1521 1590 1645 1642 Τῶν
1670 1591 1965 1662 προφητῶν
1994 1594 2041 1645 ci
2072 1611 2083 1663 ε

2114 1594 2168 1647 ὲν
2192 1594 2354 1665 λόγῳ.
2388 1594 2574 1651 Graece
2606 1606 2660 1651 et
2691 1596 2884 1651 Latine
2914 1613 3033 1650 eum
3067 1595 3272 1651 Detlevi
3299 1595 3535 1651 Wnlderi
3568 1613 3693 1653 ver-

430 1698 603 1753 sione.
633 1697 849 1763 IIamb.,
886 1697 1048 1763 I6I8,
1071 1697 1123 1750 8.
2286 1686 2302 1709 ³

501 1803 589 1857 II.
632 1802 696 1856 In
734 1802 932 1856 Eliam.
964 1801 1159 1872 Incipit
1195 1820 1207 1855 :
1247 1800 1350 1853 Τὸν
1381 1802 1480 1871 μὲν
1514 1802 1785 1873 μακάριον
1816 1804 2021 1856 ἐκεῖνον
2046 1820 2079 1855 κ

2118 1803 2141 1855 ὶ
2179 1803 2355 1873 μέγαν
2382 1804 2690 1875 προφήτην.
2737 1803 2890 1874 Legit
2931 1802 3171 1858 Photius.
3204 1801 3308 1858 Sed
3349 1803 3701 1859 Tillemontio

425 1905 608 1976 judice
652 1904 874 1959 homilia
918 1905 1034 1959 [nec
1080 1905 1278 1959 misera
1307 1916 1390 1960 est
1417 1914 1472 1960 ct
1502 1922 1693 1976 parum
1722 1907 1881 1978 digna
1915 1906 2224 1961 Christiano
2256 1926 2271 1961 :
2301 1906 2731 1979 Trés-pitoyabte
2771 1916 2820 1961 et
2863 1907 3234 1978 tres-indigne
3277 1906 3403 1961 d’un
3444 1908 3696 1963 cltrétien.

430 2010 587 2066 'I‘om.
628 2007 723 2063 XV
759 2008 1011 2075 Memor.,
1042 2024 1164 2080 pag.
1197 2008 1321 2064 544.
1354 2008 1686 2081 [Mediolani,
1722 2010 1775 2063 in
1806 2009 1941 2065 Bibl.
1967 2010 2247 2086 Ambros.]

503 2114 571 2167 I2
599 2122 656 2169 et
693 2114 783 2169 I3.
824 2112 889 2168 In
917 2112 1129 2167 Jonam.
1168 2112 1367 2184 Incipit
1406 2113 1555 2183 prior
1586 2133 1598 2167 :
1631 2112 1813 2177 Ἅπας
1843 2113 1945 2185 μὲν
1983 2117 2012 2169 ὁ
2048 2119 2086 2169 τί

2122 2136 2149 2182 ς
2182 2104 2670 2188 κτίσεωξκόσμος.
2703 2118 3023 2179 Posterior:
3056 2120 3120 2172 Οἱ
3160 2118 3260 2183 τὰς
3298 2119 3408 2172 τῶν
3443 2121 3698 2192 φρεάτων

430 2222 636 2291 πηγάς.
668 2220 930 2285 Alteram,
967 2237 1036 2274 an
1067 2228 1355 2291 utramque
1380 2219 1511 2291 legit
1538 2219 1808 2276 Photius?

502 2327 588 2384 H.
629 2324 715 2388 I5,
756 2324 844 2390 I6,
883 2324 970 2377 I7.
1037 2324 1101 2378 In
1139 2325 1415 2378 historiam
1439 2327 1503 2379 de
1528 2324 1745 2379 Itavide.
1779 2324 1971 2396 Incipit
1998 2326 2079 2396 pri

2111 2342 2168 2381 na
2205 2345 2219 2381 :
2250 2326 2435 2381 Ἀλλοι
2464 2329 2562 2398 μὲν
2590 2328 2765 2382 ἄλλων
2795 2328 3000 2399 τεχνῶν
3034 2330 3350 2393 παιδευτάς.
3388 2330 3639 2386 Secunda
3681 2349 3694 2384 :

430 2426 568 2481 Οὔτε
597 2427 692 2507 τοῦ
723 2428 993 2496 πελάγους
1028 2428 1310 2499 ἁψάμενος
1346 2431 1589 2500 πλωτήρ.
1628 2428 1810 2484 Tertia
1849 2449 1862 2485 :
1905 2430 2072 2485 Ὅταν
2099 2430 2235 2504 εὕρῃ
2270 2433 2372 2503 τῆς
2401 2433 2569 2503 ἀκοῆς
2601 2432 2908 2504 προθυμίαν
2936 2433 2969 2501 ἡ
3000 2432 3179 2504 χάρις.
3213 2434 3414 2500 Quarta
3446 2436 3698 2507 εἘπειδὴ

427 2527 536 2588 ’ἐῶν
568 2534 663 2589 τοῦ
694 2534 859 2589 Δαυῒδ
892 2535 1355 2607 κατορθωμάτων.

502 2641 584 2695 I8.
627 2638 692 2694 In
725 2639 1082 2695 Ilerodiadem
1114 2640 1211 2712 (a).
1249 2640 1460 2712 (Matth.
1494 2641 1631 2711 xw.)
1662 2641 1858 2712 Incipit
1889 2661 1905 2697 :
1935 2643 2047 2715 Τὴν
2078 2662 2085 2679 ι

1249 2640 1460 2712 (Matth.
1494 2641 1631 2711 xw.)
1662 2641 1858 2712 Incipit
1889 2661 1905 2697 :
1935 2643 2047 2715 Τὴν
2078 2645 2180 2715 τῆς
2217 2643 2546 2715 Ἡρωδιάδος
2571 2643 2818 2715 ὄρχησιν.

500 2743 586 2798 I9.
631 2743 696 2797 In
725 2743 1112 2800 Centurionem.
1145 2744 1362 2816 (Matth.
1393 2744 1535 2815 vnn.)
1568 2745 1764 2815 Incipit
1794 2764 1805 2799 :
1851 2746 1917 2799 Ἠ
1950 2746 2060 2801 τῶν

1609 2745 1764 2815 tcipit
1794 2764 1805 2799 :
1851 2746 1917 2799 'H
1950 2746 2060 2801 τῶν
2089 2746 2442 2815 Εὑαγγελίων
2473 2745 2728 2814 σάλπιγξ.
2759 2745 2913 2817 Legit
2947 2747 3190 2803 I'hottus.

494 2847 585 2904 20.
626 2847 696 2902 1η
722 2848 1070 2903 Οαηαηίεαηι.
1109 2847 1322 2919 (Matth.
1355 2849 1468 2919 xv.)
1500 2849 1691 2919 Incipit
1722 2868 1735 2903 :
1765 2846 1873 2903 Ἦν
1906 2850 2015 2923 ἄρα
2042 2868 2076 2905 κ

1528 2849 1691 2919 ncipit
1722 2868 1735 2903 :
1765 2846 1873 2903 Ἦν
1906 2850 2015 2923 ἄρα
2042 2852 2138 2905 καὶ
2170 2852 2426 2922 συμφορὰ
2456 2851 2721 2921 μεγίστης
2750 2851 3111 2923 εὐφροσύνης.

495 2952 585 3004 2|.
626 2950 690 3005 In
712 2949 981 3015 claudum,
1016 2952 1087 3004 ad
1114 2963 1321 3021 portam
1351 2950 1651 3021 Speciosam
1683 2955 1961 3009 sedentem.
2002 2957 2078 3027 (At

1817 2965 1961 3009 atem.
2002 2957 2143 3027 (Act.
2178 2954 2282 3026 ιιι.)
2323 2956 2516 3025 Incipit
2548 2973 2560 3009 :
2592 2956 2655 3008 Οἱ
2687 2957 2784 3026 μὲν
2817 2958 2913 3022 τὰς
2946 2960 3153 3030 μικρὰς
3175 2962 3400 3027 ταύτας.

498 3056 589 3109 22.
632 3052 689 3108 1η
720 3053 850 3108 illud
881 3055 1068 3109 Matth.
1103 3071 1221 3120 vm,
1248 3056 1319 3110 24
1351 3075 1363 3111 :
1401 3056 1659 3127 Discipuli
1693 3060 2013 3130 navigabant
2044 3076 2162 3113 cum
2193 3059 2338 3127 Iesu,
2371 3071 2419 3115 et
2448 3078 2562 3115 ecce
2588 3071 2867 3133 tempestas
2894 3082 3109 3137 magna.
3142 3065 3337 3138 Incipit
3368 3087 3381 3122 :
3408 3070 3471 3123 Οἱ
3499 3069 3600 3139 μὲν
3630 3073 3701 3142 τῇ

428 3159 628 3230 πτήσει
654 3158 750 3211 καὶ
783 3161 847 3228 τῇ
886 3157 1065 3226 φύσει.
1098 3158 1253 3231 Legit
1280 3159 1530 3217 Photius.

498 3264 588 3320 2'5.
630 3265 725 3328 Εἰς
757 3263 847 3318 τὸν
872 3264 1241 3335 δαιμονιῶντα
1270 3285 1284 3322 :
1324 3266 1401 3322 De
1439 3269 1639 3324 obsesso
1665 3288 1696 3324 a
1720 3270 1974 3324 dwmone.
2012 3269 2081 3341 (Ι.

2124 3284 2167 3324 c.
2199 3286 2315 3334 vm,
2348 3270 2463 3340 27.)
2506 3269 2698 3341 Incipit
2735 3290 2747 3326 :
2782 3272 2981 3326 Πολ.λαὶ
3030 3274 3129 3345 μὲν
3170 3276 3228 3329 αἱ
3264 3276 3418 3348 παρὰ
3445 3277 3555 3331 τῶν
3584 3278 3707 3331 δαι-

432 3370 630 3438 μόνων.

500 3473 588 3528 9.4.
630 3473 689 3527 In
723 3473 851 3528 illud
879 3472 1069 3529 Matth.
1103 3491 1199 3544 xx,
1220 3474 1325 3530 21:
1371 3476 1467 3530 Dic
1497 3487 1549 3530 ut
1582 3480 1799 3531 sedeant
1861 3478 1916 3530 lii
1952 3484 2056 3531 duo

2125 3477 2193 3530 itii
2220 3479 2341 3533 mei.
2375 3478 2573 3550 Incipit
2604 3498 2618 3535 :
2646 3481 2712 3534 'H
2743 3481 2843 3552 μὲν
2874 3483 2967 3536 ὑπ’
2994 3482 3300 3556 ἀνθρώπων
3325 3488 3465 3541 κατὰ
3491 3488 3708 3561 ἀνθρὼ-

432 3595 569 3634 πων.
606 3578 759 3651 Legit
784 3577 1030 3634 Photius.

498 3670 590 3737 “23.
632 3683 686 3736 In
722 3683 852 3738 illud
888 3683 1079 3738 Matth.
1112 3699 1224 3751 xw,
1258 3684 1362 3740 I5:
1396 3683 1564 3749 Quem
1598 3699 1680 3738 me
1711 3684 1893 3737 dicunt
1920 3700 2031 3739 esse
2059 3687 2295 3742 homines
2329 3686 2375 3741 F
2378 3689 2529 3745 ilium
2566 3693 2834 3749 hominis?
2874 3692 3069 3765 Incipit
3097 3695 3378 3765 ζΜωῢοῆς
3410 3695 3512 3765 μὲν
3544 3697 3575 3748 ὁ
3601 3694 3713 3749 τῶν

442 3785 715 3858 Ἐϐραίων
741 3787 1057 3860 παιδευτὴς.
1093 3786 1249 3859 Legit
1281 3787 1531 3842 Photius.

497 3892 587 3946 26.
628 3892 686 3946 In
719 3892 847 3948 illud
876 3893 1032 3949 Joan.
1072 3910 1124 3960 ι,
1158 3893 1221 3947 II
1254 3911 1267 3946 :
1301 3891 1413 3964 Ego
1437 3909 1555 3948 sum
1600 3892 1798 3948 Pastor
1833 3894 2016 3949 bonus.
2052 3894 2075 3949 I

2132 3895 2294 3966 Bipit:
2339 3897 2466 3953 Ἡδὺ
2501 3899 2605 3970 μὲν
2648 3900 2709 3955 τὸ
2753 3901 2946 3974 χρῆμα
2994 3901 3224 3973 ποιμήν.
3272 3900 3582 3973 Separatim
3615 3916 3715 3955 ex-

430 4007 539 4052 utat
586 4000 730 4055 edita
762 3999 966 4065 Paris.,
1001 4001 1159 4067 I597,
1190 3998 1243 4066 8,
1272 3998 1461 4054 Graece
1502 4008 1559 4054 et
1590 3999 1783 4056 Latine
1835 4000 1977 4070 apud
2032 4001 2166 4057 Fed.
2212 4002 2495 4058 Moreilum
2553 4002 2700 4076 [cum
2748 4006 2868 4077 ejus
2912 4006 3079 4071 notis,
3128 4006 3386 4077 conjectt.
3418 4018 3474 4061 et
3509 4022 3715 4063 einen-

425 4102 612 4177 datt.].

497 4212 586 4266 27.
617 4212 725 4276 ,Εἰς
766 4210 835 4264 τὰ
869 4211 1141 4280 Ὀλύμπια
1175 4228 1188 4264 :
1220 4208 1283 4264 In
1312 4208 1579 4279 Olympia.
1620 4211 1700 4271 me
1725 4209 2069 4264 ethnicorum
2121 4209 2262 4263 ludis
2310 4211 2743 4281 spectaculisque
2770 4211 3065 4283 Olympicis
3095 4214 3351 4269 intersint
3383 4211 3714 4271 Christiani.

430 4316 622 4386 Incipit
655 4334 667 4369 :
703 4316 813 4370 Καὶ
838 4316 1069 4386 τερπνὸς
1092 4314 1455 4386 παρατρέχων
1479 4316 1506 4367 ὁ
1546 4314 1736 4385 χρόνος
1766 4316 1860 4368 καὶ
1891 4313 2013 4382 (ροϐε

1891 4313 2142 4385 φοϐερός.
2181 4314 2485 4383 Separatim
2514 4315 2682 4370 edidit
2712 4316 2967 4372 Morellns
2998 4318 3207 4382 Paris.,
3244 4318 3404 4385 1609.,
3435 4319 3469 4372 8

498 4421 589 4474 28.
633 4419 691 4472 In
719 4418 851 4472 illud
888 4417 1078 4472 Matth.
1111 4432 1265 4483 xvut,
1294 4418 1328 4471 5
1359 4435 1373 4471 :
1407 4416 1524 4470 Nisi
1579 4419 1811 4472 conversi
1854 4418 2001 4487 ﬁatis
2047 4435 2081 4472 ε]

2138 4429 2180 4471 ιιι
2228 4420 2458 4489 parvuli,
2488 4428 2594 4475 etc.
2626 4420 2820 4491 Incipit
2850 4440 2862 4476 :
2892 4422 3099 4487 Πολλὰς
3131 4423 3405 4495 σωτηρίας
3456 4426 3486 4478 ὁ
3531 4422 3659 4484 δοὺς
3693 4424 3721 4475 ὁ

431 4522 707 4594 Δεσπότης
737 4522 891 4585 Θεός.

498 4628 588 4682 29.
629 4626 687 4680 1η
719 4626 850 4681 illud
887 4626 1073 4680 Matth.
1108 4641 1182 4687 χι,
1216 4626 1286 4682 28
1312 4643 1326 4679 :
1358 4625 1532 4680 Venite
1561 4626 1632 4679 ad
1656 4641 1756 4692 me,
1784 4643 1962 4682 omnes
1993 4629 2081 4698 qui

2124 4627 2391 4696 laboratis,
2413 4640 2519 4688 etc.
2555 4631 2746 4704 Incipit
2779 4653 2793 4689 :
2831 4636 2892 4688 Οἱ
2921 4636 3020 4706 μὲν
3053 4637 3148 4689 ἐπὶ
3175 4638 3276 4709 γῆς
3304 4637 3575 4708 βασιλεῖς.
3609 4634 3707 4686 Le-

433 4733 510 4803 git
533 4731 776 4786 Photius.
2727 4714 2743 4748 ‘

502 4837 592 4892 50.
633 4835 695 4889 In
726 4834 855 4889 illud
887 4832 1077 4887 Matth.
1111 4848 1187 4897 Iv,
1222 4832 1288 4887 I9
1323 4849 1336 4885 :
1371 4831 1547 4886 Venite
1584 4842 1700 4903 post
1744 4850 1857 4900 me,
1893 4836 2085 4906 faciam

2132 4854 2205 4891 vos
2234 4838 2520 4907 piscatores
2557 4841 2846 4897 hominum.
2898 4842 3091 4915 Incipit
3124 4863 3137 4899 :
3171 4848 3232 4899 Οἱ
3272 4848 3430 4917 σοφοὶ
3476 4842 3588 4897 τῶν
3627 4841 3715 4893 ξα-

432 4943 597 5013 τρῶν,
626 4938 716 5012 ιν.
760 4937 1052 4993 Montfauc.
1080 4933 1219 4991 Bibl.
1262 4934 1454 5001 Coisl.,
1485 4952 1608 5005 pag.
1643 4935 1766 5004 I82,
1805 4954 1861 4991 ιι.
1889 4936 2009 5009 27.]

502 5049 591 5103 5|.
631 5046 693 5101 In
727 5045 857 5099 illud
890 5041 1079 5096 Matth.
1109 5058 1213 5105 xx,
1243 5041 1348 5096 I8:
1388 5040 1520 5094 Ecce
1573 5042 1900 5097 ascendimus
1947 5043 2085 5097 Hieri

2127 5045 2328 5115 :olyma.
2368 5047 2603 5117 Incipit:
2640 5047 2801 5114 Αὔξει
2842 5050 2940 5120 μὲν
2986 5051 3082 5122 τῆς
3120 5051 3373 5121 γλώσσης
3414 5049 3518 5118 τὴν
3563 5046 3710 5110 ἀγω-

435 5153 570 5205 νίαν.
604 5148 905 5219 Separatim
941 5145 1145 5216 prodiit
1173 5143 1359 5200 Griece
1391 5154 1446 5199 et
1476 5144 1687 5210 Latine,
1718 5145 1922 5212 Paris.,
1965 5148 2122 5210 I600,
2159 5150 2192 5203 8
2214 5190 2228 5212 ,
2260 5150 2403 5218 apud
2438 5149 2567 5204 Fed.
2601 5148 2905 5205 MoreIIum.

504 5252 593 5315 52,
635 5252 692 5306 In
723 5250 853 5305 illud
884 5248 1070 5303 Matth.
1105 5265 1225 5302 xxv:
1280 5248 1346 5299 ῦς)
1379 5267 1390 5301 :
1430 5247 1609 5315 Pater,
1637 5249 1682 5301 si
1712 5249 1828 5319 ﬁeri
1853 5260 2042 5319 potest,
2076 5265 2087 5305 t

2127 5262 2309 5307 cnseat
2342 5271 2372 5306 ιι
2408 5270 2489 5307 me
2530 5253 2670 5307 calix
2701 5255 2815 5309 iste.
2848 5256 3039 5326 Incipit
3073 5276 3084 5310 :
3126 5257 3368 5325 Σάλπιγξ
3403 5254 3506 5324 μὲν
3542 5245 3710 5300 πολε·-

437 5359 615 5430 μικόν.

508 5595 584 5661 (α)
624 5592 682 5645 1η
722 5605 851 5663 mss.
887 5589 1134 5663 ϐψσατερ
1163 5587 1341 5663 [Χιιζι
1359 5604 1429 5663 ιιζ
1444 5586 1535 5663 [74]
1571 5588 2009 5663 inscribiturEt;
2119 5593 2424 5663 archiepisc.
2465 5593 2744 5659 Selettciw;
2776 5595 2834 5651 it.
2873 5596 2925 5649 in
2954 5599 3072 5652 cod.
3109 5597 3279 5653 Paris.
3333 5602 3615 5652 ttttLXXth,
3648 5596 3706 5635 no

433 5657 533 5732 τὴν
560 5657 840 5732 ἀποτομὴν
865 5660 958 5714 τοῦ
992 5657 1257 5732 Ἰωάννου.
1290 5658 1375 5729 [D.
1400 5658 1492 5732 29,
1512 5657 1729 5732 A_ttg._V.
1763 5659 2012 5716 Latnbec.

823 5678 840 5712 θ
865 5660 958 5714 τοῦ
992 5657 1257 5732 Ἰωάννου.
1290 5658 1375 5729 [D.
1400 5657 1729 5732 29,2§_ug._v.
1763 5659 2012 5716 Latnbec.
2119 5663 2206 5715 55.
2245 5657 2406 5719 ΙΙᾹιιι..

435 5727 670 5798 Gutum,
696 5727 829 5797 V‘JI,
864 5747 981 5801 pag.
1011 5730 1113 5784 464
1133 5771 1147 5796 ,
1176 5734 1230 5782 in
1259 5727 1366 5801 quo
1391 5729 1510 5784 cod.
1533 5727 1763 5782 Basilius
1796 5742 2015 5785 vocatur
