4010 6454
322 376 391 443 l3
1798 378 2127 439 NOTITM.
3529 383 3590 446 ιι

386 484 477 540 55.
516 482 578 538 In
616 483 894 554 quinquies
937 483 1086 539 mille
1115 484 1347 538 homines
1392 484 1620 553 quinque
1648 484 1872 553 panibus
1911 501 1969 552 pa

2016 495 2112 540 tos.
2151 485 2382 554 (Matth.
2424 503 2530 541 xw.
2561 488 2577 555 )
2607 488 2799 558 Incipit
2839 507 2849 542 :
2902 490 3140 543 Ἐπαινῶ
3172 490 3270 559 μὲν
3314 491 3467 561 ὑμῶν
3498 493 3591 562 τῆς

317 588 622 660 φιληκοΐας.

384 718 477 773 3-1.
500 717 559 772 In
586 716 715 771 illud
745 716 943 771 Matth.
977 733 1055 782 ιι,
1080 719 1115 772 5
1143 735 1156 771 :
1191 716 1264 771 Tu
1289 733 1365 781 es,
1400 719 1492 788 qui
1515 727 1761 773 venturus
1786 735 1857 783 es,
1883 735 1955 773 an

2010 718 2175 773 alium
2229 722 2628 791 exspectamus?
2658 722 2851 792 Incipit
2880 741 2892 776 :
2930 724 3097 777 Ὅταν
3122 726 3202 789 si;
3223 724 3315 778 τὸν
3338 724 3437 796 τῆς
3469 726 3593 779 Ἐκ-

313 819 546 891 adquia;
574 819 867 889 ἀποϐλέψω
895 819 1166 890 λειμῶνα.
1199 819 1351 892 Legit
1380 818 1628 881 Pbotius.

379 947 473 1002 '55.
520 946 579 1000 1η
610 946 951 1014 publicanum
1000 954 1051 999 et
1098 943 1447 1001 Pharismurn.
1482 946 1656 1019 (Luc.
1690 948 1891 1017 xvnt.)
1924 946 1962 1002 It

2004 949 2120 1019 :ipit
2160 968 2173 1005 :
2221 950 2425 1023 ’ἰατρὸς
2474 954 2920 1024 ἁφαρμάκευτος.
2954 953 3108 1025 Legit
3142 956 3388 1013 Photius.
3423 957 3587 1020 Fuit.

308 1051 493 1107 Paris.
525 1052 582 1106 in
613 1051 755 1107 Bibl.
784 1051 938 1122 publ.
972 1050 1096 1106 cod.
1131 1066 1288 1106 occu
1319 1051 1419 1123 bis,
1448 1066 1505 1106 n.
1534 1052 1605 1107 28
1634 1061 1689 1115 et
1720 1053 1810 1109 52.
1846 1081 1916 1093 -
1947 1054 2259 1123 Mediolani,
2291 1056 2345 1111 in
2378 1055 2515 1113 Bibl.
2553 1058 2804 1115 Ambros.
2840 1058 3006 1131 Ibat.

382 1180 478 1234 '56.
519 1179 587 1234 In
614 1180 744 1234 duos
774 1178 1050 1249 Erangelii
1073 1195 1254 1237 ca'cos.
1284 1179 1504 1251 (Matth.
1539 1196 1631 1243 xx,
1663 1180 1777 1246 50.)
1804 1179 1965 1251 Incipi

1316 1179 1504 1238 Matth.
1539 1196 1631 1243 xx,
1663 1180 1777 1246 50.)
1804 1179 2002 1251 Incipit
2028 1200 2042 1236 :
2067 1183 2131 1237 Oi
2160 1182 2296 1253 πρὸς
2328 1184 2572 1256 λειμῶνα
2604 1185 2899 1258 πολυανθῆ.

377 1286 473 1340 57.
526 1284 609 1339 De
653 1285 946 1357 infantibus
989 1285 1058 1338 ab
1122 1283 1329 1339 Herode
1377 1286 1579 1353 occisis.
1611 1285 1809 1356 Incipit
1846 1304 1862 1341 :
1898 1286 1960 1339 II:

2001 1304 2067 1339 ιιν
2105 1288 2133 1340 ὁ
2168 1288 2348 1359 γέρων
2389 1290 2502 1357 ἐγὼ
2546 1292 2683 1361 πρὸς
2725 1290 2788 1345 τὸ
2831 1290 2943 1346 τῶν
2987 1292 3164 1363 λόγων
3210 1292 3418 1365 ἄγομαι
3453 1295 3584 1351 στά-

303 1389 441 1445 διον.
478 1389 682 1444 Prodiit
710 1390 1003 1459 separatim
1034 1404 1141 1450 una
1166 1404 1289 1444 cum
1323 1389 1494 1453 altera
1521 1390 1765 1459 ejusdem
1791 1391 2114 1462 argumenti,
2146 1400 2370 1449 auclore
2394 1409 2686 1479 anonymo,
2715 1410 2839 1455 cum
2876 1397 3129 1455 versione
3162 1398 3377 1473 Georgii
3405 1399 3585 1465 Bemi,

300 1502 366 1552 et
392 1492 644 1563 ejusdem
667 1503 832 1565 atque
861 1494 992 1548 Dav.
1023 1493 1331 1550 Hoescbelii
1357 1493 1522 1549 notis.
1549 1494 1876 1563 Heidelberg,
1908 1496 2064 1559 I598.
2091 1498 2144 1554 4.
2181 1496 2623 1555 Fiam—Latine
2646 1500 2788 1569 apud
2825 1500 3046 1557 Surium
3066 1503 3277 1559 280cc.
3295 1503 3590 1575 Lipoman-

304 1614 469 1661 num,
503 1607 640 1653 tom.
674 1597 740 1652 V.
790 1628 860 1639 —
891 1598 1042 1654 Inter
1072 1598 1230 1659 codd.
1259 1597 1398 1667 Bibl.
1430 1598 1688 1669 Augusta:
1711 1598 1927 1654 Vindel.
1970 1599 2033 1655 γ.
2068 1600 2275 1656 Reiser.
2307 1612 2414 1657 cat.
2440 1618 2562 1674 pag.
2593 1602 2685 1658 28.
2736 1633 2806 1646 -
2834 1602 2924 1669 Bis
2953 1605 3008 1662 in
3036 1604 3172 1663 Bibl.
3202 1607 3451 1663 Ambros.
3483 1608 3589 1664 Hs-

303 1701 515 1759 diolan.
549 1732 625 1743 —
671 1700 840 1757 Oxon.
886 1701 942 1755 in
977 1702 1101 1757 cod.
1134 1701 1350 1758 Bodlei.
1386 1702 1451 1757 ν.
1486 1703 1602 1758 sive
1631 1703 1685 1758 in
1715 1711 1822 1759 cat.
1848 1704 2007 1759 codd.
2041 1707 2246 1777 Anglize
2273 1704 2327 1772 Ι,
2368 1722 2493 1778 pag.
2526 1706 2650 1775 129,
2690 1722 2749 1762 n.
2780 1707 2957 1775 2500,
2985 1708 3056 1765 22
3088 1726 3102 1763 :
3135 1708 3321 1765 Sermo
3349 1710 3406 1765 in
3430 1711 3586 1766 inno-

300 1815 503 1865 rentes.
539 1837 612 1848 —
645 1806 823 1862 Paris.
853 1810 907 1863 in
941 1808 1077 1864 Bibl.
1111 1809 1258 1879 pubi.
1287 1810 1444 1864 codd.
1476 1824 1730 1864 cxxxvvn
1765 1818 1823 1864 et
1849 1824 2107 1879 acuant.
2142 1836 2204 1849 -
2240 1809 2477 1879 Taurini,
2503 1809 2557 1865 in
2603 1809 2728 1866 cod.
2762 1810 2892 1869 olim
2932 1810 3102 1883 Regio
3144 1827 3337 1883 cxxxv,
3369 1811 3469 1872 I'ol.
3494 1812 3585 1875 7i.

303 1910 369 1969 γ.
407 1913 489 1967 id.
525 1914 691 1969 catal.
727 1914 887 1969 codd.
919 1914 1015 1968 Gr.
1044 1913 1208 1969 Taur.
1239 1930 1361 1987 pag.
1388 1915 1515 1978 252,
1549 1914 1725 1977 litat.

371 2038 468 2093 58.
511 2036 716 2093 Contra
740 2038 974 2103 Indicos,
1024 2040 1089 2094 de
1132 2040 1359 2096 aduentu
1386 2038 1681 2097 Saluatoris
1715 2038 2092 2095 demonstratio
2115 2052 2180 2092 ex
2213 2036 2451 2094 Danielis
2493 2035 2946 2102 hebdomadibus.
2980 2037 3173 2110 Incipit
3203 2058 3216 2094 :
3257 2040 3591 2112 Ἐπειδξπιρ

295 2145 512 2215 πολλῆς
551 2146 866 2216 μαρτυρίας
903 2146 1094 2217 οὔσης.
1126 2145 1352 2203 Erudita
1385 2155 1443 2201 et
1484 2147 1699 2219 egregia
1727 2145 1878 2201 diatri

2005 2152 2159 2213 atque
2188 2158 2250 2197 ea
2282 2141 2418 2212 ipsa,
2451 2142 2819 2211 quam,.velut
2865 2152 3026 2199 antea
3077 2145 3366 2210 ineditam,
3396 2145 3588 2205 Latine

293 2268 367 2306 ex
396 2251 438 2305 F
443 2267 595 2307 rane.
636 2251 894 2306 Turriani
919 2251 1172 2307 versione
1207 2251 1447 2323 vulgavit
1469 2250 1669 2307 Petrus
1694 2248 2003 2306 Stevartius
2030 2248 2084 2302 in
2113 2254 2261 2302 tomo
2288 2245 2547 2315 singulari
2580 2246 2872 2318 insignium
2905 2256 3188 2304 auctorum
3210 2288 3226 2311 ,
3264 2248 3584 2322 Ingolstad..

298 2356 462 2417 1616.
490 2356 549 2424 4,
586 2373 712 2427 pag.
743 2356 868 2420 £05,
899 2371 1148 2417 recusam
1177 2355 1306 2412 inde
1338 2356 1394 2411 in
1426 2356 1565 2412 Bibl.
1596 2355 1820 2411 Patrum
1844 2395 1861 2419 ,
1895 2363 2029 2415 tom.
2062 2349 2107 2406 γ
2137 2350 2273 2406 edit.
2299 2350 2495 2405 Colon.
2531 2359 2587 2405 et
2615 2360 2751 2405 tom.
2793 2349 2903 2405 VIII
2936 2352 3070 2407 edit.
3105 2351 3303 2424 Lugd.,
3335 2370 3457 2427 pag.
3484 2356 3590 2412 495

294 2461 459 2531 (eum
486 2460 604 2531 jam
634 2461 829 2516 fuisset
856 2476 922 2519 ex
958 2460 1249 2531 Dausqueii
1286 2461 1541 2516 versione
1572 2460 1628 2516 in
1658 2459 1851 2527 eodem
1893 2467 2071 2527 tomo,
2112 2471 2235 2528 pag.
2269 2456 2433 2524 478).
2472 2454 2713 2529 Bigotio.
2746 2454 2962 2524 Allixio,
2994 2456 3045 2513 .I.
3079 2458 3365 2525 Garnerio,
3401 2459 3587 2521 Cavea

294 2580 408 2619 non
443 2566 664 2619 videtur
691 2579 814 2619 esse
846 2563 1030 2620 Basilii
1074 2563 1441 2625 Seleuciensis
1465 2605 1479 2633 ,
1530 2564 1677 2634 quod
1708 2574 1763 2619 et
1804 2563 1975 2634 stylus
2001 2567 2295 2630 repugnet,
2325 2573 2429 2613 nec
2462 2568 2707 2614 veterum
2743 2559 2939 2615 habeat
2975 2562 3370 2631 testimonium,
3404 2580 3587 2644 neque

294 2670 447 2724 inter
470 2684 608 2725 mss.
622 2670 771 2724 inter
798 2678 993 2725 caetera
1008 2669 1186 2724 Basilii
1202 2669 1398 2741 scripta
1424 2669 1746 2740 reperiatur.
1775 2665 1885 2722 Nec
1901 2675 2080 2720 tamen
2106 2665 2173 2720 de
2203 2673 2426 2719 auctore
2446 2665 2551 2719 alio
2570 2674 2802 2729 constat,
2820 2681 2982 2735 quem
3016 2666 3404 2733 Theodoritum
3443 2685 3586 2736 esse,

292 2775 486 2831 nescio
507 2790 620 2845 quo
646 2782 992 2846 argumento,
1029 2774 1297 2830 afﬁrmare
1327 2773 1545 2844 quidam
1600 2774 1716 2829 ausi
1748 2781 1896 2827 sunt.
1921 2768 2083 2824 Pana.
2122 2800 2193 2810 —
2224 2768 2415 2823 Latine
2443 2768 2497 2822 in
2525 2768 2726 2835 Canisii
2757 2768 2906 2825 Lect.
2958 2771 3216 2842 antiquis,
3253 2771 3317 2828 ν.
3356 2790 3410 2844 p.
3458 2775 3583 2841 405.

291 2906 367 2919 ο-
399 2876 535 2931 Bec.
565 2893 634 2931 ex
663 2875 726 2929 Ρ.
754 2876 995 2932 Stevart.
1028 2877 1226 2933 additis
1250 2876 1454 2935 Grecis
1497 2894 1562 2931 ex
1599 2877 1687 2931 ed.
1715 2876 1907 2932 Claud.
1939 2878 2229 2949 Dausqucii
2281 2877 2335 2932 in
2382 2877 2642 2947 Bamage,
2675 2876 2959 2945 Thesauro
3005 2881 3331 2935 moniment.
3367 2881 3581 2937 Eccles.

296 2984 527 3055 Amstel.
576 2981 742 3047 1725,
775 2981 869 3037 fol.
900 2989 1037 3036 tom.
1078 2983 1115 3045 I,
1145 2998 1263 3052 pag.
1292 2981 1399 3049 240
1426 2991 1486 3049 ct
1518 2998 1640 3054 pag.
1676 2982 1782 3037 258
1811 2997 1927 3052 seq.
1958 2981 2201 3065 Basnage
2232 2982 2285 3036 in
2318 2981 2495 3041 Basilii
2525 2981 2635 3046 Sel.
2674 2982 3196 3057 demonstrationem
3221 2983 3344 3059 adv.
3368 2982 3585 3039 Iudaeos

296 3089 731 3151 animadversio.
760 3087 926 3155 limi.

360 3223 458 3278 '59.
497 3222 598 3284 Ei;
624 3219 720 3277 τὸν
752 3218 1176 3288 εὐαγγελισμόν,
1211 3217 1275 3285 In
1300 3218 1757 3285 annuntiationcm
1797 3225 1943 3273 sanet

2003 3217 2144 3272 timat
2171 3216 2434 3287 Deiparaz.
2471 3215 2663 3287 Incipit
2696 3234 2709 3270 :
2742 3215 3002 3290 limata;
3028 3215 3139 3270 τῶν
3168 3216 3461 3287 ἐγκωμίων
3493 3216 3586 3270 si»

297 3329 457 3399 ρήσει
488 3326 593 3390 τὰς
624 3323 906 3394 ἀφορμάς.
952 3322 1140 3379 Exstat
1176 3322 1368 3377 Latine
1416 3338 1482 3375 ex
1529 3320 1800 3376 Theodori
1850 3321 1880 3376 Ρ

2004 3323 2057 3378 ni
2089 3323 2342 3379 versione
2393 3322 2447 3377 in
2496 3322 2630 3377 Bibl.
2670 3320 2891 3389 Patrum
2946 3320 3151 3392 Paris,
3186 3321 3343 3387 I589,
3377 3324 3587 3383 tomal.

298 3432 660 3489 Emendatior
690 3438 875 3485 autem
907 3438 963 3483 et
987 3427 1251 3499 suppletis
1276 3444 1308 3483 e
1334 3428 1699 3483 Mazariniano
1724 3427 1911 3483 codice
1934 3429 2147 3485 lacunis
2176 3429 2437 3500 integrior
2469 3436 2646 3485 exstat
2667 3443 2790 3497 cum
2822 3442 2961 3497 nova
2988 3426 3241 3483 versione
3270 3426 3584 3503 Combeﬁsii

295 3540 353 3599 in
386 3540 510 3610 ejus
542 3537 808 3593 Auctario
840 3551 989 3590 novo
1018 3534 1158 3589 Bibl.
1196 3533 1438 3595 Patrum.
1476 3542 1609 3589 tom.
1641 3534 1695 3599 Ι,
1725 3550 1845 3606 pag.

2007 3573 2020 3598 .
2066 3534 2167 3590 sub
2215 3534 2372 3589 titulo
2404 3551 2419 3587 :
2452 3531 2548 3602 Ei;
2579 3530 2678 3605 τὴν
2708 3532 3015 3605 ὑπεραγίαν
3058 3532 3322 3590 Θεοτόκον
3367 3532 3590 3602 Μαρίαν

300 3647 394 3699 καὶ
423 3645 555 3715 περὶ
585 3644 689 3714 τῆς
722 3640 1196 3712 ἐνανορωπὴσεως
1240 3639 1336 3695 τοῦ
1399 3640 1604 3712 Κυρίου
1656 3640 1815 3712 ἡμῶν
1862 3639 1883 3695 ’1

2007 3638 2037 3692 ὖ
2088 3636 2345 3710 Χριστοῦ.
2404 3636 2605 3705 Paris.,
2648 3636 2808 3705 1648,
2848 3636 2939 3693 Iol.
2981 3635 3144 3693 FABR.
3173 3666 3240 3678 —
3269 3635 3492 3711 Taurini
3531 3638 3586 3693 in

298 3749 622 3809 eod.cuvt.
642 3746 711 3801 γ.
753 3744 874 3801 Cat.
908 3744 1070 3800 codd.
1100 3742 1219 3810 Gr.,
1252 3759 1375 3815 pag.
1406 3744 1514 3803 252
1566 3742 1731 3798 ΙΙΑῐιι..

365 3852 429 3907 In
458 3851 707 3906 editione
740 3848 930 3904 Grmea
955 3848 1407 3912 Commeliniana,
1443 3857 1500 3902 et
1538 3847 1592 3900 in
1622 3847 1813 3902 Latina
1845 3847 2097 3917 versione
2127 3847 2414 3917 Dausqueii
2445 3857 2752 3918 sequuntur
2779 3827 3015 3919 quatuor
3044 3847 3281 3902 bomiliae
3327 3856 3581 3917 tanquam

300 3956 507 4019 Basilii,
544 3970 688 4025 quas
720 3968 845 4008 esse
871 3953 1045 4006 sancti
1075 3950 1446 4022 Chrysostomi
1477 3962 1817 4021 compertum
1850 3952 1984 4021 fuit;
2011 3967 2182 4022 quare
2210 3951 2315 4007 ille
2340 3950 2396 4005 in
2427 3950 2668 4006 editione
2700 3950 3108 4008 Graeco-Latina
3136 3947 3310 4004 Paris.
3340 3946 3472 4005 sunt
3500 3949 3590 4003 in«

302 4060 597 4127 termissaa,
622 4058 756 4113 licet
788 4067 1006 4125 exstent
1052 4057 1156 4112 sub
1205 4056 1386 4111 Basilii
1418 4056 1635 4127 Seleuc.
1683 4057 1904 4125 nomine
1929 4056 2093 4112 etiam
2131 4056 2188 4110 in
2246 4053 2387 4111 Bibl.
2416 4055 2659 4123 Patrum,
2691 4054 2761 4110 Α.
2790 4054 2947 4120 I589,
2979 4062 3112 4108 tom.
3143 4055 3181 4118 Ι,
3214 4069 3279 4109 ex
3312 4053 3586 4129 Theodori

302 4164 512 4219 Peltani
548 4162 806 4218 versione
830 4178 847 4215 :

372 4307 425 4344 α.
469 4289 530 4342 In
562 4288 697 4343 illud
725 4287 884 4354 Joan.
923 4302 998 4352 ιι,
1037 4288 1061 4342 1
1104 4302 1119 4340 :
1150 4286 1285 4349 Erat
1318 4287 1537 4359 quidam
1568 4298 1833 4357 egrotans
1860 4284 1955 4341 La:

2001 4302 2121 4345 mu.
2150 4284 2383 4358 Incipit:
2420 4286 2615 4351 Πολλοὶ
2641 4287 2751 4342 τῶν
2777 4285 3081 4360 ἀνθρώπων
3113 4286 3242 4355 ὅταν
3277 4284 3449 4343 ἴδωσι.
3487 4284 3584 4345 Est

307 4393 528 4463 bomilia
560 4408 649 4447 ut
683 4391 1058 4461 Chrysostomi
1085 4391 1139 4460 in
1168 4391 1514 4464 Evangelium
1540 4390 1786 4455 Joannis.

374 4497 424 4553 b.
464 4495 527 4551 ιιι
562 4495 698 4551 illud
727 4493 882 4551 Joan.
920 4511 995 4570 XI,
1026 4496 1096 4560 30
1124 4513 1139 4548 :
1166 4495 1416 4561 Nondum
1448 4505 1662 4561 uenerat
1698 4494 1851 4551 Iesus
1882 4496 1936 4550 in

1997 4499 2265 4565 ‘astelluyn.
2320 4499 2515 4573 Incipit
2538 4518 2552 4554 :
2575 4500 2735 4568 Μέγα
2768 4498 2972 4569 ἀγαθὸν
2999 4498 3308 4570 φιλοσοφία.
3340 4498 3580 4565 Homilia

305 4607 423 4677 haec
448 4606 505 4661 in
535 4605 730 4661 Graeca
762 4604 1000 4673 editione
1037 4604 1092 4673 in
1136 4604 1272 4659 duas
1298 4604 1469 4661 divisa
1492 4643 1508 4668 ,
1539 4619 1768 4675 quarum
1843 4605 1888 4659 al

1996 4620 2012 4660 I
2068 4605 2256 4676 incipit
2292 4624 2305 4658 :
2337 4607 2497 4676 Μέγα
2556 4606 2666 4679 γᾴρ
2692 4606 2875 4677 πίστις
2902 4604 3128 4675 ἀγαθόν.
3179 4603 3274 4660 Est
3297 4619 3431 4661 vero
3458 4620 3579 4662 uti

304 4710 680 4783 Cbrysostomi
717 4709 773 4763 in
807 4707 1095 4771 Joannem.

375 4857 421 4895 c.
464 4840 527 4894 In
574 4838 706 4893 illud
746 4837 902 4895 Joan.
928 4853 1002 4905 xi,
1027 4837 1093 4892 41
1125 4853 1139 4890 :
1171 4835 1344 4899 Jesus,
1373 4835 1587 4891 elevatis
1630 4850 1839 4890 sursum
1886 4834 2051 4889 oculis
2097 4834 2244 4897 suis,
2272 4834 2407 4888 dixit
2437 4849 2455 4887 :
2485 4831 2672 4899 Pater,
2715 4834 2921 4906 gratias
2969 4850 3070 4906 ago
3099 4833 3210 4888 tibi.
3242 4831 3437 4905 Incipit
3465 4849 3482 4890 :
3513 4836 3582 4899 ὐ

307 4945 572 5006 πολλάκις
620 4940 797 5005 εἷπον,
837 4942 997 4995 τοῦτο
1043 4942 1141 5007 καὶ
1186 4939 1281 4994 νῦν
1324 4940 1455 5012 ἐρῶ.
1495 4938 1670 4994 Etiam
1718 4940 1863 4995 hanc

2008 4941 2145 4997 dnas
2184 4940 2356 4999 editio
2406 4940 2591 5007 Graeca
2635 4942 2850 5007 dividit.
2891 4942 3132 4999 Alterius
3181 4941 3398 5017 initium
3442 4950 3576 5016 est:

320 5050 458 5103 Ἀλλ’
492 5051 635 5121 ὅπερ
662 5048 822 5118 ἔφην,
848 5046 1020 5113 δεινὸν
1049 5046 1084 5117 ή
1114 5044 1404 5116 βασκανία.
1438 5043 1811 5116 Cbrysostomi
1841 5061 1903 5099 ιι

854 5046 1020 5113 δεινὸν
1049 5046 1084 5117 ή
1114 5044 1404 5116 βασκανία.
1438 5043 1811 5116 Cbrysostomi
1841 5059 2027 5110 uvnl,
2064 5046 2116 5100 in
2149 5045 2437 5101 Joannem.

376 5174 469 5231 40.
513 5175 610 5237 Εἰς
634 5174 734 5244 τὴν
766 5173 1209 5244 μεταμορφωσιν,
1246 5171 1311 5226 In
1342 5170 1863 5244 transﬁgurationem
1916 5171 1959 5224 Β

1993 5173 2131 5227 ιηιὶηἱ
2160 5183 2206 5227 et
2248 5173 2346 5241 Dei
2377 5185 2423 5229 et
2454 5172 2747 5228 Saluatoris
2773 5175 2936 5228 nostri
2959 5173 3083 5228 Iesu
3103 5172 3314 5229 Christi.
3346 5172 3576 5249 Incipit;

308 5280 502 5344 ’Ἤλιος
525 5279 655 5351 ἄρτι
686 5278 827 5331 κατὰ
864 5278 969 5349 γῆς
1003 5276 1280 5346 ἐπαφιείς.
1317 5276 1373 5331 In
1398 5276 1586 5331 Graeca
1618 5275 1859 5341 editione
1886 5288 1891 5322 t

1991 5277 2318 5337 nmeliniana
2352 5279 2468 5332 hrec
2507 5279 2729 5333 humilia
2763 5278 3124 5340 desideratur,
3152 5278 3295 5333 edita
3337 5277 3574 5353 primum

306 5383 494 5439 Graece
516 5394 575 5440 et
602 5383 790 5438 Latine
821 5398 851 5436 a
881 5382 1190 5451 Dausqueio
1215 5381 1281 5437 ad
1310 5381 1511 5437 calcem
1542 5380 1799 5435 editionis
1841 5380 2083 5442 Latium,
2120 5381 2277 5443 1604,
2312 5381 2367 5435 8.
2406 5381 2592 5435 Latine
2618 5382 2761 5450 apud
2792 5380 3044 5445 Surium,
3070 5398 3123 5435 vi
3152 5384 3378 5455 August.
3413 5382 3575 5440 FABR.

305 5486 449 5541 —ln
477 5497 718 5557 quatuor
744 5486 903 5542 codd.
922 5486 1100 5541 Paris.
1133 5484 1355 5539 Bibl.-
1379 5483 1726 5539 Vindobonnaz
1749 5482 1801 5537 in
1830 5483 2169 5540 cod.Ca'sar.
2196 5501 2305 5550 xiv,
2330 5501 2386 5538 n.
2411 5485 2493 5549 15,
2518 5485 2571 5538 in
2606 5501 2801 5557 magno
2832 5485 3154 5559 ilenologio,
3184 5486 3237 5541 d.
3267 5504 3319 5543 vr
3346 5489 3574 5563 August.

310 5594 425 5651 Fid.
459 5595 718 5650 Lambec.
744 5603 802 5649 et
823 5593 1025 5648 Kollar.
1058 5592 1273 5649 Comm.
1301 5590 1433 5656 VIII,
1466 5607 1587 5663 pag.
1609 5590 1735 5647 219.
1766 5589 1934 5645 ΙίΑιιι..

374 5699 706 5754 Prodierunt
729 5699 1008 5754 orationes
1032 5698 1210 5753 Basilii
1232 5696 1471 5761 Seleuc.,
1497 5696 1727 5766 primum
1756 5694 1943 5751 Gmce
1973 5709 2040 5748 ex
2061 5693 2382 5749 Commelini
2416 5693 2653 5758 oﬂicina,
2682 5691 2849 5768 Lugd.
2875 5694 3024 5760 Bat.,
3051 5695 3206 5761 1596,
3234 5694 3288 5759 8,
3324 5693 3369 5749 ll
3394 5695 3501 5751 vol.

375 5803 581 5858 Deinde
617 5814 755 5867 orat.
789 5820 911 5858 xuv
948 5803 1157 5869 Latine,
1206 5801 1430 5858 Claudio
1469 5799 1793 5867 Dansqnein,
1841 5799 2189 5867 Andmnario,
2237 5795 2549 5863 ex-Jesuita,
2587 5798 2904 5871 interprete,
2936 5814 3059 5852 eum
3107 5798 3412 5869 subiunctis
3456 5798 3575 5871 eius
