4010 6414
383 404 450 464 ~22
1423 408 1730 471 CLAUDII
1775 389 2192 481 DAUSQUEII
2229 391 2646 471 Puerum.
3593 391 3668 470 eli

384 520 581 584 evecti,
619 523 713 577 aut
743 521 795 578 in
825 524 1006 580 medio
1033 540 1308 590 curarunt,
1353 526 1806 598 negotiorumque
1847 535 1980 581 testu
2011 525 2222 596 agentis
2259 525 2436 581 virtus
2480 526 2728 588 evanuit,
2777 534 2838 581 ut
2866 524 3122 596 stirpium
3151 524 3510 597 quarumdam
3561 526 3662 583 vis.

385 627 508 680 qua:
549 613 602 667 in
651 615 891 670 alienum
919 618 1199 674 translatae
1228 618 1405 674 solum
1445 619 1799 690 degenerant.
1841 619 2145 690 Episcopus
2176 626 2315 681 erat,
2346 618 2720 689 gravissimam
2752 634 3041 689 personam
3092 621 3398 676 sustinebat
3430 637 3442 672 :
3476 631 3663 670 verum

387 703 710 758 industriam
743 707 905 762 latius
946 708 1111 763 etiam
1139 709 1447 780 explicavit.
1480 709 1731 765 llaeretiei
1767 710 2066 765 Ecclesiam
2109 708 2203 764 Dei
2247 709 2670 774 succutiebant;
2706 725 2776 763 ne
2824 695 3216 776 labefacerent,
3263 713 3478 766 obviam
3528 709 3663 762 itum

385 804 490 858 est,
523 805 576 851 et
607 797 1014 855 Chium-donem
1043 802 1325 874 congressi
1355 811 1484 858 sunt
1518 811 1740 858 centum
1774 803 2170 874 quinquaginta
2205 801 2446 872 episcopi
2474 803 2568 871 (υ).
2605 797 2744 857 Cum
2778 803 2974 873 primis
3007 805 3165 858 alluit
3193 812 3249 858 et
3279 804 3396 874 ipse
3435 801 3666 857 Basilius

387 888 652 944 Seleucizc
679 890 900 948 haurite?
925 894 1234 965 episcopus,
1266 896 1454 966 synodi
1477 896 1713 950 Nicmna‘
1740 898 1858 949 acla
1881 895 2168 950 sententiae
2193 893 2435 948 dictione
2456 895 2853 960 corroboravit,
2891 895 3210 951 Dioscorum
3243 896 3366 952 lidei
3398 897 3663 952 vomicam

389 981 547 1044 dolis,
589 975 869 1052 impietate
896 990 951 1040 et
986 981 1194 1040 a'rma'ta
1241 1003 1406 1041 manu
1440 989 1493 1042 in
1524 989 1763 1058 Optimos
1804 989 2052 1059 quosque
2081 983 2425 1058 grassantem
2457 986 2655 1041 collato
2681 1001 2712 1040 a
2742 1002 2802 1041 se
2857 986 3102 1042 subsidio
3139 987 3430 1058 confregit.
3477 985 3662 1041 Revo-

393 1074 555 1129 cabat
592 1093 649 1132 sc
677 1079 742 1132 ad
778 1080 1016 1150 propri'a,
1046 1091 1100 1136 et
1126 1097 1346 1155 gregem
1387 1085 1557 1140 verbo
1583 1084 1912 1140 recumbat?
1948 1084 2002 1139 id
2031 1083 2244 1155 agebat,
2277 1083 2346 1138 ad
2369 1083 2516 1153 quod
2555 1073 2747 1137 natus.
2787 1081 2988 1138 Testes
3024 1090 3156 1138 sunt
3184 1081 3550 1154 pulcherrima
3575 1080 3664 1134 illa

391 1175 557 1312 tttthlue
596 1186 761 1226 aurea
792 1174 1013 1245 scripta,
1043 1188 1164 1246 qtne
1193 1175 1403 1233 diutule
1434 1178 1504 1233 ab
1535 1176 1820 1233 hominum
1842 1178 2019 1234 oculis
2054 1176 2315 1248 seposita,
2357 1184 2414 1230 et
2445 1176 2798 1248 semisepulta
2835 1176 2980 1232 male
3003 1177 3329 1248 iacuerunt;
3360 1173 3582 1245 quibus,
3609 1173 3666 1228 ni

415 1275 444 1311 ιι
489 1274 569 1312 or.

415 1274 569 1324 altor,

603 1377 781 1448 Μαίας
809 1381 874 1434 ab
908 1384 1168 1454 exsequiis
1202 1399 1388 1437 nomen
1423 1386 1475 1440 in
1508 1403 1601 1440 ora
1633 1377 1790 1440 venit.

393 1486 564 1552 Quem
593 1492 742 1547 cnim
778 1494 988 1561 florem,
1022 1504 1118 1552 aut
1147 1498 1292 1568 quod
1322 1499 1506 1553 lumen
1556 1499 1885 1566 eloquentia:
1925 1506 2034 1554 non
2065 1484 2311 1555 habent?
2335 1484 2467 1566 Quis
2505 1495 2674 1560 dicat.
2723 1484 2924 1570 quibus
2959 1485 3234 1556 eoioribus
3261 1487 3452 1553 Noemi
3483 1497 3678 1553 art-sm

395 1580 675 1654 “pingat,
713 1579 808 1642 aut
837 1586 1076 1643 hibmem
1109 1589 1276 1653 illam,
1309 1586 1429 1661 qum
1471 1591 1725 1646 letalibus
1765 1592 1928 1646 undis
1962 1593 2150 1647 orbem
2195 1593 2514 1648 universum
2545 1593 2768 1650 obruit?
2801 1593 3096 1648 Abrahami
3126 1592 3566 1664 prudentiamne,
3597 1607 3676 1644 an

400 1675 843 1734 ittt‘ilalis‘sinmnt
875 1680 1229 1751 obsequelam
1269 1683 1512 1738 vitacius
1557 1683 1814 1745 delineet,
1855 1682 1908 1736 iu
1937 1683 2190 1752 ambiguo
2226 1692 2328 1736 est.
2370 1681 2712 1740 Pertinacem
2757 1683 2890 1738 Elim
2927 1683 3128 1742 selum.
3161 1691 3217 1736 et
3251 1680 3501 1736 ardorem
3557 1698 3676 1736 non

399 1767 485 1819 ref
487 1778 562 1822 .-rt
585 1787 599 1831 ;
621 1771 850 1838 ipsemet
881 1772 1038 1843 gerit,
1059 1771 1289 1844 ipsemet
1315 1776 1635 1845 prophetam
1651 1775 1716 1829 ad
1737 1776 2130 1830 humanitatem
2151 1784 2448 1846 retorquet.
2466 1774 2603 1830 Tam
2621 1775 2676 1830 in
2698 1775 2996 1846 quamlibet
3022 1784 3228 1844 partem
3249 1773 3568 1828 eonnnodus
3583 1773 3678 1826 in-

398 1862 605 1915 cumbit
629 1865 640 1917 Ξ
667 1859 820 1918 Jome
847 1882 1010 1921 casus
1032 1868 1222 1928 marios,
1246 1869 1619 1922 innot-entiInu
1657 1886 1743 1938 put
1767 1870 1966 1923 lterum
1988 1869 2353 1924 miserabilem
2388 1869 2661 1939 simulque
2686 1870 2962 1924 letabilem
2984 1875 3306 1921 sortcmnon
3329 1865 3536 1932 scribit,
3557 1881 3678 1921 non

398 1952 688 2017 denarrat;
723 1966 952 2026 spectat,
996 1967 1050 2011 et
1081 1974 1180 2011 nos
1210 1968 1456 2028 spectare
1498 1958 1644 2011 facit;
1682 1958 1936 2011 Doctrina
1965 1956 2086 2026 eius
2110 1958 2179 2013 de
2219 1958 2474 2013 abstruso
2514 1959 2696 2028 aliquo
2731 1958 3004 2013 veritatis.
3031 1971 3096 2013 ac
3121 1955 3458 2027 theognosiae
3483 1965 3682 2025 prom-

401 2047 616 2114 ptuario
661 2049 851 2101 hausta
884 2057 987 2109 est,
1025 2057 1133 2103 tota
1173 2051 1405 2113 sincera,
1440 2059 1495 2104 et
1520 2049 1747 2119 "ﬂuida,
1785 2059 1892 2105 tota
1939 2049 2108 2106 rc'c'ta.
2137 2049 2311 2114 l‘n‘de,
2345 2055 2402 2105 et
2438 2065 2537 2105 cur
2566 2047 2730 2112 Deus,
2762 2051 2950 2106 mundi
2983 2050 3151 2104 totius
3173 2063 3297 2103 cum
3333 2047 3403 2103 sit
3435 2048 3685 2104 aedificas

403 2149 505 2201 tor,
535 2129 622 2191 mn
654 2135 720 2193 .di
750 2146 804 2194 et
836 2141 1099 2197 immumli
1130 2141 1382 2197 animalis
1406 2143 1699 2198 discrimen
1731 2144 1998 2198 invexerit
2027 2160 2042 2208 ;
2083 2155 2181 2196 cur
2213 2127 2443 2196 Cainutn
2474 2141 2590 2197 tolli
2621 2142 2878 2204 noluerit.
2915 2142 3106 2196 dextre
3139 2139 3334 2208 aperit.
3376 2138 3447 2195 Ut
3474 2141 3659 2211 angeli

402 2232 520 2283 sine
556 2233 786 2308 corpore
814 2233 942 2308 sint,
981 2244 1147 2302 utque
1175 2233 1410 2289 molliori
1443 2235 1596 2288 sexui
1629 2229 1977 2304 nequiverint
1999 2233 2230 2297 adulari.
2255 2249 2388 2289 sane
2417 2234 2577 2289 docet
2610 2251 2625 2288 :
2651 2234 2754 2290 etsi
2780 2234 3026 2305 plerique
3049 2244 3296 2290 veterum
3319 2231 3682 2288 dissentiant;

401 2325 522 2387 Quo
564 2304 795 2377 «ιυιιμίὶὶυ
823 2304 1234 2378 l‘liiiisiiiicirtitti
1267 2325 1529 2396 praeputia
1563 2326 1820 2379 Davidem
1855 2324 1982 2379 Saul
2019 2325 2354 2395 poposcerit,
2385 2339 2498 2379 non
2531 2323 2735 2394 capita,
2776 2304 2885 2378 nun
2916 2323 3046 2394 quid
3093 2323 3260 2385 aliud,
3301 2321 3471 2391 digito
3515 2335 3684 2376 mon-

403 2427 558 2470 strat.
594 2418 762 2472 Slater
797 2419 1027 2474 filiorum
1050 2420 1300 2475 Zebeda-i
1337 2422 1404 2475 de
1434 2437 1616 2482 cruce,
1662 2417 1730 2475 de
1759 2419 1956 2486 morte,
1991 2419 2059 2475 de
2086 2419 2530 2489 exquisitissimis
2572 2418 2888 2491 ignominiis
2918 2417 3218 2472 subeundis
3245 2415 3523 2471 Christum
3565 2415 3690 2471 dis-

407 2526 548 2562 seret
571 2521 681 2564 tem
710 2513 881 2576 audit,
902 2523 955 2566 et
984 2530 1206 2583 magnas
1233 2516 1300 2570 de
1327 2515 1495 2586 regno
1534 2521 1659 2585 spes
1693 2513 1951 2585 c'on‘cipit;
1986 2513 2142 2569 Untl'e
2178 2511 2280 2568 illic
2309 2509 2471 2583 s’pes?
2507 2510 2741 2568 Basilius
2787 2513 3200 2567 fundamentum
3231 2510 3468 2581 subiicit.
3505 2508 3688 2565 Filius

404 2617 513 2653 non
557 2602 736 2654 minus
766 2620 928 2671 quam
962 2605 1119 2658 Pater
1148 2617 1232 2660 est
1259 2606 1846 2675 omnipotentissimus,
1885 2615 1940 2659 et
1969 2604 2070 2658 sibi
2112 2602 2437 2675 potestatem
2467 2603 2652 2658 adimit
2683 2603 2972 2674 "germanus
3003 2587 3121 2657 illos
3143 2601 3216 2657 ad
3262 2601 3438 2657 Patris
3477 2601 3686 2656 dexte-

403 2707 517 2745 rant
549 2701 604 2745 et
636 2690 913 2747 sinistram
957 2695 1258 2750 collocandi
1305 2718 1317 2750 ;
1354 2697 1740 2766 perplexabilis
1781 2695 1977 2753 oratio.
2019 2695 2124 2750 nisi
2155 2694 2386 2748 Basilius
2425 2695 2560 2749 scite
2589 2694 2879 2748 admodum
2909 2681 3190 2749 enodaret.
3219 2694 3439 2749 Damon
3469 2693 3685 2764 excipit

405 2801 595 2838 \tn'ettt
623 2779 746 2840 etim
778 2789 1008 2843 ostentis
1036 2790 1174 2843 co-lo
1202 2790 1423 2843 missam
1453 2807 1466 2844 :
1495 2791 1594 2842 llic
1624 2799 1701 2844 est
1741 2788 1914 2843 Filius
1946 2805 2090 2843 meus
2123 2790 2188 2859 (')
2209 2831 2223 2854 ,
2257 2799 2314 2844 et
2342 2790 2555 2860 ignorat
2576 2789 2852 2844 Christum
2881 2804 3002 2843 esse
3031 2789 3236 2844 Deum:
3266 2797 3445 2852 acute,
3477 2796 3534 2842 ut
3568 2804 3689 2844 ete-

408 2887 542 2934 tera.
586 2882 688 2937 ho’c
729 2884 816 2938 ille
844 2885 1082 2954 expedit.
1118 2884 1336 2939 Petrum
1359 2900 1544 2940 amore
1573 2885 1787 2940 ebrium
1819 2885 1987 2956 gradu
2021 2886 2344 2939 titubantem
2367 2891 2558 2939 onerat
2586 2883 2802 2938 Satame
2832 2883 3182 2948 maledictio;
3215 2881 3411 2938 ludam
3433 2895 3688 2946 osorem,

406 2983 463 3025 ct
495 2973 865 3042 conspiratum
889 2977 1344 3049 corljuratumque
1373 2979 1585 3034 hostem
1613 2978 1808 3034 blande
1851 2985 1908 3031 et
1929 2978 2104 3033 amice
2132 2977 2425 3047 compellat
2453 2995 2465 3030 :
2500 2977 2573 3031 ita
2595 2985 2938 3048 praeceptore
2973 2976 3170 3031 Basilio
3203 2991 3300 3046 par
3320 2973 3426 3032 fuit
3453 2981 3684 3030 utrum-

405 3079 514 3133 que
545 3065 839 3121 ltOlIiitlaﬁ.
881 3068 1126 3139 De‘nlque
1155 3068 1434 3126 uberrima
1468 3080 1574 3136 est,
1602 3089 1664 3127 ac
1697 3072 1970 3127 la-tissima
1999 3075 2162 3128 varia:
2207 3072 2534 3127 eruditionis
2562 3072 2757 3126 messis
2791 3071 2845 3125 in
2877 3071 2962 3126 bis
2998 3069 3180 3125 Basilii
3208 3068 3447 3140 scriptis,
3473 3085 3587 3139 qua
3617 3067 3691 3125 ad

409 3160 633 3225 veteris,
662 3158 772 3231 ‘qtia
804 3161 869 3217 :id
898 3180 1051 3218 nova:
1081 3150 1218 3237 legis
1241 3151 1418 3236 capita
1449 3165 1771 3238 exponenda
1800 3163 2042 3223 animum
2074 3166 2322 3239 appellit.
2357 3166 2853 3226 Verumenimvero
2884 3169 3124 3240 linguam
3153 3169 3275 3239 ejus
3303 3165 3695 3242 ignorantibus

411 3271 652 3324 peropus
674 3264 820 3309 esset
841 3257 1129 3310 commodo
1150 3257 1333 3327 aliquo
1359 3259 1680 3331 interprete,
1701 3263 1792 3332 qui
1827 3263 2032 3328 vinum,
2067 3262 2161 3332 'qui
2192 3271 2379 3314 nectar
2401 3262 2749 3332 propinarct;
2779 3277 2851 3317 ne
2877 3261 2920 3316 si
2949 3263 3071 3331 quis
3097 3261 3236 3317 alius
3255 3261 3566 3328 accederet,
3593 3262 3694 3316 τὸν

409 3348 577 3403 Οἰνέα
612 3350 738 3416 ποιῇ
783 3347 988 3417 Πηλέα.
1021 3366 1092 3404 ne
1116 3351 1439 3406 suavissima
1481 3363 1587 3408 tam
1615 3371 1751 3409 rara:
1777 3354 2102 3424 eloquentite
2136 3356 2337 3409 ﬂuenta
2369 3369 2529 3410 ca‘no
2554 3355 2952 3424 turbarcl.€go
2974 3358 3104 3410 'vero
3132 3356 3227 3426 qui
3257 3370 3356 3426 per
3387 3355 3690 3410 infantiam

413 3441 668 3494 videbam
703 3441 1020 3496 necessario
1051 3444 1312 3498 nonnulla
1345 3444 1413 3498 de.
1437 3444 1635 3500 Basilio
1667 3445 1923 3500 dictionis
1953 3455 2272 3501 ornamenta
2292 3448 2650 3513 detrahenda,
2684 3456 2740 3502 et
2769 3449 2999 3519 sparsim
3024 3436 3239 3503 laudem
3269 3448 3390 3517 ejus
3420 3447 3696 3519 aliquam,

413 3539 474 3587 ut
505 3533 582 3596 fit,
608 3533 1018 3604 interpretando
1051 3535 1403 3591 deterendam
1439 3555 1452 3591 :
1489 3537 1724 3608 primum
1768 3536 2127 3608 circumspexi
2160 3555 2265 3608 qua
2295 3539 2604 3594 Latinitatis
2631 3541 2872 3610 pomeria
2911 3537 3376 3602 dill'uudei'entt'tr,
3423 3531 3479 3593 et
3515 3541 3698 3612 majo-

411 3640 526 3678 rem
553 3621 818 3678 ambitum
858 3625 1122 3697 comperi,
1155 3638 1318 3696 quam
1345 3627 1592 3697 plerique
1620 3627 2173 3696 circumscripserit“,
2206 3644 2308 3684 nec
2337 3629 2463 3684 inde
2496 3629 2731 3685 versioni
2761 3629 3077 3700 adiumenta
3101 3631 3428 3700 conquirere
3458 3641 3704 3688 cuncta-

415 3731 505 3776 tus
540 3713 660 3773 stini
678 3737 704 3802 ς,
725 3715 808 3775 vel
841 3725 900 3775 ut
929 3705 1240 3776 Graecarum
1269 3717 1464 3776 vocum
1512 3715 1736 3792 pondus
1757 3737 2055 3791 azquarem;
2100 3723 2185 3779 vel
2217 3733 2276 3779 ut
2309 3723 2488 3779 Latini
2520 3725 2620 3780 soli
2649 3725 2869 3781 divitias
2898 3727 3191 3797 aperirem.
3222 3727 3396 3792 Quam
3424 3725 3702 3786 insistens

415 3816 560 3870 viam
594 3815 717 3870 dedi
751 3807 999 3886 operam,
1039 3824 1098 3870 ut
1123 3819 1453 3871 sententiam
1497 3816 1882 3886 aequilibritate
1911 3818 2276 3874 examinatam
2323 3819 2704 3889 rependerem.
2740 3820 3017 3890 Siquidem
3052 3836 3137 3875 res
3172 3821 3312 3884 alite,
3361 3827 3536 3889 atque
3578 3822 3704 3879 alia

414 3910 518 3964 sub
555 3909 674 3964 aliis
693 3919 864 3980 “atque
899 3908 1018 3964 aliis
1059 3905 1339 3966 vocabulis
1367 3905 1730 3975 delitescunt;
1761 3925 1865 3965 nec
1894 3909 2170 3966 immerito
2200 3911 2334 3967 illud
2355 3929 2385 3967 a
2411 3911 2830 3983 suaviloquente
2861 3910 3085 3967 Platone
3117 3912 3397 3968 decretum
3431 3920 3521 3969 est
3553 3931 3567 3969 :
3601 3915 3703 3978 Ὃς

416 4003 485 4058 ἂν
512 4005 627 4076 εἰδῇ
658 4006 725 4059 τὰ
746 3998 1012 4074 Nepam,
1042 4003 1249 4057 εἴσεται
1273 4019 1390 4066 πως
1416 3997 1516 4054 ’καὶ
1539 4000 1607 4054 τὰ
1639 4001 1962 4074 πράγματα.
1988 4001 1999 4056 1

2118 4017 2180 4057 ue
2207 4003 2360 4058 vocis
2382 4002 2636 4074 alicujus,
2665 4003 2761 4058 sed
2788 4002 3086 4058 dimidiata:
3111 4001 3375 4056 duntaxat
3403 4004 3560 4058 vocis
3594 4005 3701 4061 im-

413 4102 738 4164 mutatione,
773 4094 864 4156 ant
905 4100 1123 4172 syllabae
1157 4099 1517 4154 maximorum
1551 4113 1894 4169 quorumque
1925 4097 2238 4170 dogtnatum
2271 4108 2551 4154 momenta
2580 4097 2892 4153 vertunlur.
2931 4096 3180 4152 llteretici
3208 4095 3459 4151 nonnulli
3486 4096 3548 4152 Β.
3581 4095 3702 4153 hla-

417 4195 552 4252 riam
574 4187 942 4265 Χριςτοὲόκοῖν
961 4185 1386 4269 appellitabat“;
1433 4188 1700 4246 Catholici
1723 4188 2000 4252 Θεοτόκον,

2117 4190 2465 4260 ογεννήτορα,
2496 4198 2553 4245 et
2575 4188 2882 4245 consultius
2912 4188 3235 4259 Θεομήτορα
3264 4205 3278 4242 :
3307 4186 3514 4244 Filium
3548 4188 3700 4245 Patri

417 4271 827 4345 contendebant
854 4286 1141 4358 opobtiauov
1181 4283 1471 4338 orthodoxi
1500 4300 1516 4348 ;
1561 4283 1871 4354 ὁμοιοῦσισν
1907 4300 2000 4354 par

2115 4285 2171 4339 ii.
2209 4282 2549 4338 Salvatorem
2585 4291 2841 4338 nostrum
2875 4293 2986 4335 non
3017 4281 3242 4337 defuere
3267 4283 3361 4352 qui
3389 4281 3698 4350 Chr-catum,

418 4398 528 4438 non
554 4382 844 4444 Christum,
881 4377 1255 4434 nominarent.
1292 4374 1448 4441 Quod
1474 4375 1522 4430 si
1560 4373 1695 4431 Novi
1735 4373 2070 4433 Testamtmti
2110 4377 2402 4447 interpres,
2440 4373 2584 4446 quod
2615 4375 2732 4429 erat
2764 4374 2818 4429 in
2853 4374 3063 4440 Graeco,
3117 4373 3463 4444 ςιαλούμενον
3488 4377 3706 4450 Πέτρον

417 4475 696 4540 vertisset,
728 4473 831 4539 Qui
862 4467 1151 4527 uocabatur
1177 4467 1395 4532 Petrus,
1430 4469 1656 4525 abiisset
1678 4484 1708 4524 a
1740 4485 1875 4524 vero
1905 4486 1919 4523 :
1957 4467 2088 4525 dum
2119 4470 2306 4536 vertit,
2335 4469 2439 4535 Qui
2470 4467 2710 4532 ineatur,
2739 4483 2955 4537 aequum
2988 4467 3337 4532 fecit;causa
3365 4467 3564 4539 liquet.
3587 4471 3708 4528 Nec

419 4567 721 4638 quidquam
753 4564 968 4622 facilius
1004 4562 1149 4618 factu
1179 4570 1265 4617 est
1289 4567 1324 4617 'e
1347 4555 1540 4617 Graeco
1583 4560 1774 4618 Latine
1816 4561 2077 4628 vertenti,
2111 4577 2275 4633 quam
2302 4560 2616 4632 longissime
2647 4575 2678 4614 a
2713 4559 2962 4622 veritate,
3011 4567 3173 4628 atque
3207 4558 3277 4612 ab
3324 4559 3573 4614 auctoris
3622 4559 3705 4614 ire

420 4661 720 4725 sententia,
755 4660 801 4715 si
851 4673 1041 4716 vocem
1093 4656 1328 4725 aliquam
1369 4655 1587 4726 reponit
1628 4656 1888 4726 iniquius.
1914 4655 2071 4723 Quod
2109 4666 2225 4710 non
2258 4669 2327 4709 eo
2357 4663 2559 4719 statuo,
2598 4652 2743 4723 quod
2778 4651 3081 4706 oration'em
3113 4651 3361 4706 Graecam
3394 4649 3452 4704 in
3487 4650 3702 4706 Italiam

421 4769 524 4824 per
557 4753 890 4814 maeandros.
927 4760 985 4806 et
1009 4746 1266 4819 ambages
1293 4744 1455 4803 velim
1505 4743 1804 4815 transvehi,
1845 4745 1909 4804 ac
1947 4738 2229 4821 multiplici
2275 4747 2567 4804 verborum
2598 4744 2976 4818 aggregatione
3005 4743 3253 4799 Graecum
3286 4758 3460 4799 unum
3488 4742 3651 4800 obrui
3687 4761 3700 4799 :

423 4846 520 4901 sed
557 4847 761 4902 abdita:
782 4841 1085 4901 dictionum
1117 4841 1262 4897 vires
1288 4841 1595 4897 scrutanda:
1618 4837 1838 4905 suum:
1869 4857 1898 4896 a
1915 4837 2154 4912 propriis
2182 4836 2370 4895 éardm
2390 4835 2700 4894 visceribus
2733 4833 2998 4890 versio‘l'tis
3026 4832 3366 4905 aequabilitas
3385 4832 3702 4888 statuenda.

423 4939 616 5010 Neque
663 4954 799 4994 vero
839 4934 1171 5007 defugien'da
1193 4936 1433 4999 novitas,
1465 4935 1556 4990 ubi
1592 4937 1768 5006 prisca
1803 4935 2098 5002 defuerint,
2147 4934 2217 4990 de
2249 4942 2498 4989 veterum
2546 4927 2863 4984 Latinorum
2904 4927 3173 4998 exemplo,
3209 4935 3266 4981 et
3305 4925 3703 4996 praceptione;

425 5031 633 5089 Omnes
662 5034 816 5089 enim
841 5033 1091 5088 scientiae
1111 5041 1223 5086 non
1256 5031 1432 5086 solum
1463 5029 1788 5086 e‘communi
1821 5045 1947 5096 usu,
1977 5041 2044 5084 ac
2069 5027 2417 5099 possessione
2444 5024 2736 5080 verborum
2764 5022 2933 5077 multa
2959 5021 3376 5076 retraxeruntin
3397 5019 3706 5075 domestica

433 5129 746 5188 cotmnoda.
777 5141 902 5196 qua:
933 5125 987 5179 in
1010 5119 1232 5196 peculio
1261 5134 1576 5191 numerant,
1604 5125 1700 5179 sed
1732 5131 2004 5194 praeterea
2036 5121 2206 5176 multa
2235 5120 2304 5176 de
2342 5133 2486 5174 novo
2529 5117 2904 5188 procuderunt
2945 5113 3257 5170 necessitati
3288 5121 3704 5167 succurrentes.

431 5224 546 5278 Nec
575 5221 738 5277 id'ita
767 5219 1012 5287 disputo,
1057 5215 1203 5286 quod
1238 5215 1469 5272 Romani
1517 5214 1789 5270 sermonis
1833 5213 2087 5269 incudem
2133 5219 2322 5282 parem
2374 5207 2607 5264 tundere
2645 5223 2659 5262 :
2702 5221 2889 5261 verum
2920 5205 3066 5276 quod
3101 5204 3399 5258 necessitas
3439 5204 3704 5258 nonnulla

429 5314 720 5376 extendat,
758 5309 960 5381 quibus
988 5308 1082 5378 qui
1113 5307 1362 5363 modeste
1393 5307 1585 5371 utitur,
1613 5305 1704 5376 qui
1732 5305 2106 5360 Christianum
2132 5311 2189 5357 ct
2219 5299 2559 5358 Catholicum
2589 5297 2656 5352 iis
2689 5309 2750 5353 se
2775 5295 3085 5368 proﬁtetur,
3117 5294 3276 5364 culpa
3311 5303 3484 5351 mret.
3523 5294 3708 5360 Quare

415 5413 700 5477 perpetuo
719 5417 830 5457 usu
860 5400 1280 5465 lncarnationis,
1305 5396 1622 5464 Saluatoris,
1653 5397 1870 5467 aliaquo
1909 5395 2140 5464 paucula
2177 5390 2441 5449 vocabula
2467 5387 2706 5462 vulgavi,
2734 5401 2970 5444 securus
2998 5384 3329 5477 insanientis
3351 5385 3588 5439 aliorum
3619 5399 3707 5438 sa-

421 5475 675 5566 pientiae,
707 5493 801 5564 qui
837 5508 998 5551 secus
1023 5491 1296 5548 fecerunt.
1351 5489 1564 5546 l‘rid‘etn
1595 5488 1747 5544 enim
1789 5487 1981 5545 imbibi
2028 5485 2262 5557 prunam
2290 5479 2604 5554 interpreti,
2643 5493 2708 5535 ac
2729 5493 2904 5550 prope
2941 5475 3160 5532 unicam
3207 5475 3334 5531 ﬁdei
3364 5489 3556 5530 curam
3583 5485 3708 5530 esse

490 5645 521 5702 ιί
553 5647 743 5725 Matth.
780 5685 866 5737 Ill,
904 5671 989 5725 l7.

488 5801 579 5881 '(b)
613 5807 747 5866 Vide
777 5807 940 5866 Cone.
973 5806 1416 5873 Chalcedonense,
1448 5810 1555 5858 aet.
1584 5804 1674 5860 l6.
