4010 6472
401 383 464 447 bl
1596 384 1875 445 BASlLlI
1913 386 2452 448 SELEUCIENSIS

3599 380 3676 441 52

402 500 562 554 librio
603 496 899 568 perpendat
950 496 1284 566 agendorum
1339 496 1610 552 delectum
1642 503 1774 554 :sed
1813 502 1974 556 simul

2088 501 2378 573 μερίζουσα
2425 502 2558 569 (57),
2597 500 2716 552 οὑδέ
2765 496 3027 564 λογισμοῦ
3078 497 3350 567 διάκρισις
3395 497 3668 565 ζυγοστα-

403 591 633 658 imperat
658 596 872 653 natura,
901 588 966 642 ad
1028 587 1294 659 agendum
1334 590 1703 656 impelluntur,
1734 610 1839 647 non
1889 611 1983 649 ex-

403 695 564 734 cusso
600 681 815 734 curiose
864 693 1151 751 pra-cepto.
1185 680 1385 735 Contra
1428 683 1613 748 homo,
1653 687 1863 741 ratione
1900 689 1983 741 in-

309 795 316 814 ι
403 772 658 842 signitus,
713 773 995 829 electionis
1043 785 1310 844 potestate
1372 789 1622 844 ornatus,
1668 789 1722 833 et
1770 778 1981 834 arbitrii

406 864 653 919 libertate
704 864 996 935 refulgens,
1020 868 1233 923 consilii
1297 871 1403 924 vim
1463 870 1646 937 habet,
1674 886 1793 940 quae
1839 871 1981 924 nulla

405 964 655 1011 teneatur
683 959 979 1014 voluntatis
1009 961 1291 1028 servitute,
1324 962 1793 1032 intentionemque
1819 962 1981 1016 habet

405 1049 488 1102 sui
544 1047 842 1115 dominam,
905 1060 959 1105 et
1006 1052 1302 1108 inviolabil‘t
1343 1053 1608 1124 gloriatur
1651 1055 1980 1123 agendorum

406 1134 691 1192 electione.
724 1137 861 1194 Hinc
889 1143 1089 1207 evenit,
1117 1151 1175 1196 ut
1198 1142 1300 1197 hoc
1323 1144 1532 1213 diligat,
1580 1144 1704 1198 illud
1741 1146 1882 1214 quod
1909 1145 1982 1198 ita

405 1227 588 1281 visum
655 1227 839 1293 fuerit,
894 1231 1192 1302 repudiet:
1235 1233 1337 1288 hoc
1390 1243 1692 1299 aversetur,
1737 1236 1802 1288 ad
1857 1235 1986 1289 illud

406 1319 647 1373 animum
676 1321 916 1390 adjiciat,
943 1333 1000 1377 et
1030 1323 1309 1378 liberrima
1342 1340 1463 1379 eum
1490 1335 1760 1392 potestate
1795 1326 1987 1379 volun-

407 1408 534 1464 tatis
557 1424 784 1481 regnans
819 1413 1060 1469 abundat
1085 1415 1398 1485 optionibus
1428 1417 1532 1487 13
1563 1417 1982 1474 sententiarum.

403 1500 584 1568 Quare
615 1503 732 1574 iege
773 1505 947 1574 posita
992 1506 1133 1562 Deus
1188 1509 1381 1578 agendi
1431 1510 1810 1564 necessitatem
1877 1526 1984 1566 non

407 1592 677 1662 imponit;
726 1597 821 1651 sed
846 1612 964 1666 quat
987 1597 1091 1653 sibi
1123 1598 1396 1664 videntur,
1429 1598 1752 1668 imperat,et
1797 1600 1984 1655 volun-

406 1683 537 1738 tatis
558 1687 814 1753 potestati
843 1688 1108 1755 permittit
1133 1690 1399 1744 actionem
1427 1707 1441 1745 :
1473 1702 1528 1746 et
1549 1691 1593 1746 si
1622 1691 1806 1758 jussus
1827 1708 1982 1746 man-

408 1777 590 1830 datum
627 1787 939 1847 praetereat,
972 1796 1074 1836 non
1107 1783 1226 1836 ideo
1250 1793 1500 1837 naturam
1526 1784 1788 1849 demutat,
1812 1797 1986 1852 neque

410 1866 750 1921 necessitatis
800 1866 1009 1936 legibus
1058 1870 1229 1925 vincit
1284 1870 1749 1938 inohsequentem,
1809 1885 1984 1939 neque

406 1958 644 2024 gratiam
673 1974 770 2026 per
812 1961 916 2014 vim
973 1961 1168 2028 aufert,
1215 1977 1390 2031 neque
1424 1962 1567 2016 intra
1603 1962 1982 2017 necessitatem

407 2051 546 2104 dona
568 2052 863 2116 contrahit,
892 2067 1066 2121 neque
1095 2063 1342 2108 naturam
1375 2062 1714 2123 pervertens,
1746 2062 1981 2107 mentem

406 2141 676 2198 adulterat
697 2162 710 2198 :
731 2145 827 2200 sed
855 2146 1062 2202 ratione
1094 2147 1144 2201 in
1174 2148 1449 2202 dominatu
1473 2162 1572 2201 suo
1594 2147 1784 2202 relicta
1804 2147 1982 2215 paruis

406 2234 811 2306 tlelinquentem
851 2240 918 2294 ad
948 2239 1270 2310 sapientiam
1294 2251 1538 2296 revocat.
1573 2238 1815 2308 Principi
1854 2252 1984 2292 vero

408 2328 605 2383 rationi
635 2331 884 2400 corporis
915 2331 1157 2388 habenas
1191 2334 1476 2402 permittit,
1517 2342 1571 2386 et
1607 2334 1842 2386 animam
1863 2345 1985 2385 cor-

407 2420 524 2488 pori
551 2420 718 2475 veluti
747 2422 1022 2476 curriculo
1052 2424 1293 2494 aurigam
1317 2423 1618 2492 praeﬁciens
1642 2423 1982 2489 adhortatur,

407 2519 468 2565 ut
500 2510 566 2565 ad
595 2525 816 2567 cursum
849 2512 1064 2568 virtutis
1101 2513 1362 2584 impellat.
1382 2515 1533 2570 Tunc
1565 2516 1748 2585 igitur,
1773 2516 1818 2569 si
1845 2515 1986 2568 ratio

409 2602 590 2656 sobria
645 2602 888 2672 corporis
931 2603 1169 2659 habenas
1203 2605 1487 2671 sustineat,
1521 2620 1740 2661 cursum
1789 2607 1983 2673 currit,

408 2708 518 2764 quo
547 2708 746 2749 corona
801 2704 1055 2765 paretur:
1080 2697 1497 2753 dormitabunda
1531 2713 1657 2754 vero
1708 2700 1982 2769 passioni-

410 2786 511 2841 ltus
545 2795 801 2855 tanquam
846 2787 1002 2858 equis
1059 2803 1154 2858 per
1190 2789 1510 2860 praecipitia,
1545 2805 1749 2860 perque
1795 2804 1983 2858 aspera

406 2878 619 2934 viarum
659 2878 829 2934 fertur
855 2879 1180 2951 incogitans,
1224 2891 1279 2936 et
1326 2882 1540 2937 tandem
1574 2883 1779 2948 deiecta
1825 2893 1986 2956 atque

407 2969 475 3025 ad
506 2979 707 3024 terram
738 2970 935 3025 amicta
972 2973 1207 3028 trahitur
1225 2973 1445 3043 pulvere
1464 2976 1700 3041 sordida,
1726 2977 1825 3031 sub
1857 2993 1983 3046 pro-

408 3060 509 3130 prii
539 3076 732 3116 currus
772 3061 959 3133 jugum
1013 3065 1249 3134 captiva,
1289 3080 1352 3119 ac
1381 3076 1569 3121 vexata
1616 3067 1816 3121 clamat
1845 3085 1858 3122 :
1889 3067 1981 3122 Ιη-

409 3153 541 3223 Ῑρίὶατ
565 3169 660 3224 ego
696 3155 872 3218 homo,
909 3156 1028 3223 quia
1067 3172 1149 3209 nte
1181 3155 1425 3210 liberabit
1460 3157 1523 3211 de
1564 3173 1780 3219 corpore
1801 3159 1984 3211 mortis
2013 3188 2054 3247 ο

409 3246 566 3314 hujus
584 3247 673 3301 ’δῖ
703 3245 836 3302 Nam
879 3262 975 3318 per
994 3249 1298 3305 socordiam
1341 3249 1642 3320 principatu
1676 3249 1890 3319 prodito
1923 3250 1982 3304 iit

408 3355 563 3395 serva
607 3341 946 3410 passionum,
1005 3351 1060 3396 et
1129 3343 1589 3398 irrationahitihus
1640 3344 1983 3410 passionihus

408 3447 531 3486 cum
592 3431 848 3486 thronum
899 3433 1038 3486 ratio
1085 3444 1278 3501 praeter
1341 3434 1586 3487 ordinem
1627 3433 1980 3498 concesserit,

405 3535 597 3576 earum
647 3537 802 3576 serva
862 3525 1212 3592 comperitur,
1268 3526 1332 3578 ad
1388 3541 1616 3595 quarunt
1665 3527 1980 3580 sertitutem

407 3611 693 3667 fruendam
724 3623 851 3668 nata
871 3623 970 3669 est.
1007 3614 1188 3686 Itaque
1205 3627 1402 3685 ιιι-αξιοι·
1431 3618 1536 3672 alia
1566 3617 1764 3687 quibus
1805 3617 1980 3670 homi-

412 3717 532 3758 nem
592 3704 734 3759 Deus
797 3707 1194 3763 condecorasse
1245 3708 1474 3772 videtur,
1519 3709 1684 3763 etlam
1745 3717 1980 3760 mentem

410 3795 623 3850 arbitrii
666 3795 916 3852 libertate
947 3798 1244 3862 investivit,
1273 3799 1391 3870 lege
1414 3800 1541 3853 data
1593 3802 1658 3852 ad
1687 3797 1982 3852 voluntatis

409 3884 852 3940 exercitationem
885 3902 900 3941 :
933 3896 986 3941 et
1020 3889 1070 3941 in
1101 3888 1292 3943 arbore
1315 3889 1476 3944 veluti
1503 3886 1680 3941 tabula
1710 3887 1982 3954 descripto

409 3975 667 4029 mandato
707 3976 852 4032 intus
900 3979 1134 4033 abditam
1176 3979 1501 4047 dijudieandi
1549 3977 1654 4031 vim
1697 3978 1977 4040 excitavit,

410 4067 649 4135 aseripto
687 4069 739 4122 in
777 4068 918 4139 ligno
948 4069 1196 4140 parendi,
1233 4080 1328 4123 aut
1368 4084 1471 4122 non
1522 4070 1744 4138 parendi
1785 4069 1982 4125 discri-

411 4157 574 4211 mine.
605 4155 741 4212 llinc
773 4169 960 4212 notum
983 4159 1108 4214 boni
1140 4158 1334 4213 etmali
1372 4158 1576 4227 lignum
1601 4159 1936 4227 agnominari
1967 4177 1979 4212 :

411 4247 479 4303 ab
509 4247 613 4303 illis
643 4249 788 4304 enim
820 4267 937 4320 qua:
959 4251 1045 4307 hic
1070 4251 1257 4306 didicit
1287 4249 1488 4320 lignum
1521 4249 1848 4319 appellatum
1879 4259 1983 4315 est,

411 4351 465 4394 et
496 4341 654 4408 hujus
687 4341 978 4399 instructio
1004 4344 1129 4416 ligni
1157 4340 1254 4397 fuit
1279 4339 1821 4412 appellatio.Quippe
1856 4340 1986 4406 illic,

476 4497 521 4528 “
553 4496 712 4554 Rom.
755 4515 852 4565 vn,
883 4500 972 4555 24.

2084 595 2254 647 τοῦσα
2280 593 2389 646 τῶν
2422 592 2710 662 πρακτέων
2742 590 2840 660 τὴν
2873 590 3086 660 αἵρεσιν
3109 606 3122 619 ·
3147 588 3263 642 ἀλλ’
3298 587 3440 659 ὁμοῦ
3473 605 3532 642 τε
3569 607 3664 642 κε-

2085 683 2230 737 λεύει
2264 685 2445 751 φύσις,
2488 683 2582 736 καὶ
2619 684 2674 744 ἐς
2706 682 2765 734 τὸ
2789 681 3054 752 πράττειν
3085 679 3368 748 ἐπείγεται
3403 679 3477 750 μὴ
3499 679 3666 734 πολυ-

2086 773 2507 846 πραγμονοῦντα
2546 773 2606 824 τὸ
2637 771 2988 841 πρόσταγμα.
3045 769 3370 841 ’Ἄνθρωπος
3404 769 3463 824 δὲ
3516 770 3665 840 λόγῳ

2085 865 2397 936 τετίμηται,
2448 865 2540 916 καὶ
2579 863 2901 934 προαιρέσει
2962 861 3347 931 κεκόσμηται,
3402 861 3496 914 καὶ
3535 862 3666 915 αύτ-

2087 955 2312 1026 εξουσίῳ
2329 954 2520 1025 γνώμῃ
2538 954 2863 1025 ἀστράπτει,
2885 951 3187 1023 βουλήματι
3205 951 3504 1006 ἀδούλωτον
3526 952 3664 1022 ἔχων

2086 1048 2145 1100 τὸ
2176 1047 2452 1117 φρόνημα,
2481 1045 2878 1099 αύτοδέσποτον
2906 1044 3047 1115 ἔχων
3069 1043 3168 1113 τὴν
3197 1044 3476 1113 πρόθεσιν,
3507 1043 3666 1096 ἀδία-

2089 1157 2212 1192 στον
2247 1140 2462 1203 δεικνὺς
2498 1140 2607 1194 τῶν
2647 1139 2938 1210 πρακτέων
2974 1138 3074 1209 την
3105 1139 3336 1208 αἵρεσιν.
3384 1135 3664 1189 Ἐντεῦθεν

2086 1232 2148 1284 τδ
2188 1231 2285 1302 μὲν
2318 1231 2624 1301 ἐκλέγεται,
2653 1231 2715 1284 τὸ
2737 1231 2793 1284 δέ
2825 1230 2962 1301 πρὸς
2993 1228 3055 1281 τὸ
3082 1227 3271 1282 δοκοῦν
3297 1227 3665 1298 παραπέμπε-

2087 1340 2210 1378 ταιο
2242 1325 2336 1378 καὶ
2363 1323 2425 1376 τὸ
2479 1324 2579 1393 μέν
2619 1323 3046 1394 ἀποστρέφεται,
3076 1319 3154 1390 τῷ
3182 1319 3240 1372 δέ
3272 1317 3660 1390 προστίθεται·

2087 1418 2182 1471 καὶ
2217 1414 2517 1486 βασιλεύων
2549 1414 2886 1484 αύτεξουσίῳ
2913 1412 3268 1483 βουλεύματι,
3302 1413 3525 1464 πλουτεί
3545 1410 3664 1471 ταῖς

2085 1512 2185 1581 τῆς
2227 1509 2454 1579 γνώμης
2493 1509 2763 1579 αἱρέσεσι.
2803 1507 2903 1560 Διά
2935 1507 3096 1560 τοῦτο
3122 1506 3296 1569 διδοὺς
3321 1505 3484 1575 νόμον
3507 1502 3663 1564 Θεὸς,

2087 1603 2186 1656 οὐκ
2222 1600 2470 1670 ἀνάγκην
2502 1600 2641 1670 πρὸς
2693 1600 2755 1651 τὸ
2799 1598 3060 1669 πράττειν
3107 1594 3498 1671 προστίθησιν,
3549 1591 3665 1645 ἀλλ’

2089 1690 2394 1744 ἐντέλλεται
2436 1690 2504 1742 τά
2549 1687 2836 1752 δοκοῦντα,
2874 1689 2969 1742 καὶ
3007 1686 3084 1759 τῷ
3119 1686 3296 1740 θέλειν
3339 1684 3436 1754 τὴν
3463 1682 3664 1753 πρᾶξιν

2087 1784 2304 1853 ἀφίησι,
2328 1783 2432 1836 κᾶν
2458 1785 2484 1835 ό
2515 1782 2989 1852 προσταττόμενος
3023 1779 3358 1850 παραδράμῃ
3394 1777 3455 1830 τ’)
3492 1775 3659 1845 πρόσ-

2084 1891 2294 1945 ταγμα,
2336 1874 2444 1927 οὐδ’
2488 1874 2663 1936 οὕτως
2714 1872 3071 1944 μεταλλάττει
3153 1871 3253 1941 τὴν
3300 1869 3492 1938 φύσιν,
3543 1866 3663 1920 ούδέ

2084 1966 2270 2035 νόμοις
2306 1965 2552 2036 ἀνάγκης
2596 1963 2855 2034 δεσμεύει
2900 1963 2990 2017 τὸν
3047 1961 3499 2032 παρακούσαντα,
3543 1957 3663 2011 οὐδὲ

2085 2058 2309 2127 ἀφαιρεί
2327 2055 2416 2128 βίᾳ
2433 2057 2529 2127 τὴν
2548 2057 2729 2127 χάριν,
2754 2057 2877 2109 ούδέ
2897 2056 3142 2126 περισπᾷ
3155 2053 3215 2106 τδ
3237 2053 3408 2124 δῶρον
3426 2051 3660 2118 ἀνάγκη,

2085 2148 2209 2201 ούδέ
2233 2146 2443 2200 νοθεύει
2484 2147 2581 2218 τὴν
2617 2146 2867 2218 γνώμην,
2909 2144 3281 2216 παρατρέπων
3317 2143 3417 2212 τὴν
3462 2143 3623 2208 φύσιν
3645 2157 3660 2171 ο

2086 2240 2201 2294 ἀλλ’
2239 2240 2344 2292 ἐῶν
2371 2240 2433 2293 τὸ
2463 2240 2572 2293 τῶν
2604 2239 2884 2310 λογισμῶν
2906 2237 3320 2302 αύτοδέσποτον,
3343 2232 3665 2304 σωφρονίζει

2088 2332 2386 2402 τιμωρίαις
2443 2333 2534 2385 τὸν
2579 2331 3092 2402 πλημμελήσαντα’
3147 2328 3225 2399 τῷ
3276 2327 3333 2380 δέ
3373 2325 3663 2397 κρατοῦντι

2087 2425 2332 2494 λογισμῷ
2351 2426 2451 2488 τὰς
2481 2423 2576 2478 τοῦ
2610 2423 2861 2494 σώματος
2885 2422 3045 2494 ἡνίας
3072 2419 3370 2491 ἐπέτρεψεν
3397 2417 3509 2488 (58)
3530 2433 3546 2449 ⁸
3571 2417 3666 2470 καὶ

2087 2515 2338 2587 καθάπερ
2362 2516 2572 2588 ἅρματι
2606 2515 2683 2586 τῷ
2710 2514 2923 2585 σώματι
2955 2514 3053 2585 τὴν
3084 2511 3264 2582 ψυχὴν
3297 2511 3511 2580 ἡνίοχον
3542 2511 3664 2561 ἐπι-

2087 2609 2326 2678 στήσας,
2384 2609 2476 2661 τὸν
2527 2608 2728 2678 δρόμον
2770 2607 2873 2678 τῆς
2925 2603 3126 2677 ἀρετῆς
3170 2603 3417 2658 ἐλαύνειν
3483 2616 3664 2669 παρα-

2088 2699 2391 2755 κελεύεται.
2412 2699 2679 2754 Ἐνταῦθα
2707 2700 2909 2765 τοίνυν,
2934 2701 2982 2752 εἰ
3013 2699 3112 2769 μὲν
3141 2698 3326 2767 νήφων
3350 2696 3378 2748 ὁ
3405 2689 3667 2761 λογισμὸς

2087 2793 2256 2864 ἀνέχῃ
2287 2794 2386 2858 τὰς
2417 2791 2574 2864 ἡνίας
2607 2792 2701 2846 τοῦ
2738 2792 3016 2863 σώματος,
3045 2790 3230 2862 τρέχει
3274 2787 3472 2858 δρόμον
3527 2800 3664 2852 προ-

2089 2884 2344 2950 ξενοῦντα
2393 2884 2485 2938 τὸν
2542 2883 2840 2953 στέφανον·
2905 2883 3270 2948 ὲπινυστάξας
3313 2883 3370 2936 δέ
3415 2879 3665 2946 καθάπερ

2089 2977 2273 3038 ἵπποις
2301 2977 2413 3038 τοῖς
2457 2973 2708 3039 πάθεσιν,
2753 2973 2943 3028 ἔλαθεν
2975 2973 3166 3026 ἑαυτὸν
3230 2973 3371 3026 κατά
3405 2969 3668 3044 κρημνῶν

2089 3064 2182 3117 κα)⁵
2221 3064 2527 3137 δυσχωρίας
2561 3065 2882 3136 φερόμενος·
2933 3065 3029 3118 καὶ
3059 3063 3366 3117 τελευταῖον
3395 3061 3667 3130 καταϐλη-

2090 3155 2226 3220 θεὶς,
2285 3156 2506 3210 ἕλκεται
2558 3157 2950 3226 κεκονιμένος,
3018 3155 3362 3224 αἰχμάλωτος
3421 3153 3668 3224 ἅρματος

2090 3249 2292 3302 οἰκείου
2322 3249 2641 3318 γενόμενος,
2677 3248 2769 3300 καὶ
2804 3245 3106 3317 συρόμενος
3134 3244 3371 3314 κέκραγε
3392 3259 3406 3274 ο
3459 3243 3667 3296 Ταλαι-

2093 3357 2289 3407 πωρος
2336 3340 2452 3410 ἐγὼ
2484 3341 2819 3406 ἄνθρωπος,
2858 3338 2948 3402 τίς
2985 3353 3061 3405 με
3103 3337 3355 3404 ῥύσεται
3392 3334 3510 3390 ἀπὸ
3559 3333 3668 3387 τοῦ

2091 3431 2370 3498 σώματος
2399 3429 2505 3482 τοῦ
2537 3428 2800 3482 θανάτου
2832 3427 3080 3492 τούτου;
3107 3426 3342 3497 Προδοῦς
3363 3425 3469 3496 γὰρ
3502 3424 3668 3496 ρᾳθυ·

2095 3523 2194 3591 μία
2218 3521 2316 3590 τὴν
2346 3519 2689 3585 δεσποτείαν,
2721 3520 2929 3588 γίνεται
2962 3518 3146 3582 δοῦλος
3181 3517 3368 3572 παθῶν
3387 3535 3398 3549 ο
3439 3518 3533 3570 καὶ
3563 3517 3668 3570 πάο

2091 3612 2240 3666 θεσιν
2274 3613 2584 3680 ἀλογίστοις
2616 3615 2644 3666 ό
2686 3611 2944 3682 λογισμὸς
2973 3611 3382 3683 παραχωρήσας
3412 3610 3505 3663 τὸν
3541 3608 3668 3679 θρό-

2090 3720 2197 3770 νον,
2248 3703 2433 3767 δοῦλος
2491 3703 2729 3774 ἠλέγχθη
2773 3703 3002 3769 τούτων,
3064 3704 3155 3772 ὑφ’
3192 3697 3266 3756 ὢν
3302 3701 3497 3773 ἐτέχθη
3547 3701 3668 3755 δου-

2089 3795 2364 3850 λεύεσθαι.
2396 3797 2539 3867 Πρὸς
2569 3798 2749 3850 τοίνυν
2786 3799 2896 3860 τοῖς
2927 3796 3128 3859 ἄλλοις,
3158 3791 3239 3858 οἷς
3271 3794 3404 3858 Θεὸς
3429 3795 3664 3864 τιμήσας

2091 3887 2181 3940 τὸν
2227 3886 2514 3958 ἄνθρωπον
2566 3888 2839 3955 φαίνεται,
2891 3888 2982 3940 καὶ⁵
3030 3885 3275 3956 λογισμῷ
3321 3883 3668 3950 αύτεξουσίου

2089 3977 2298 4050 δωρεᾶς
2353 3979 2655 4049 ἀμφιέσας,
2709 3979 2908 4032 δέδωκε
2944 3978 3108 4048 νόμον
3161 3975 3328 4046 αὐτῷ,
3373 3975 3667 4046 γυμνάζων

2086 4071 2186 4142 τὴν
2220 4071 2450 4142 αἴρεσιν’
2483 4071 2577 4126 καὶ
2607 4071 2860 4141 καθάπερ
2891 4072 2947 4123 ἐν
2967 4070 3136 4141 δέλτῳ
3163 4068 3241 4140 τῷ
3265 4066 3417 4138 φυτῷ
3438 4066 3668 4138 διαγρά-

2086 4161 2194 4230 ψας
2225 4161 2326 4232 τὴν
2360 4161 2603 4232 ἐντολὴν,
2645 4161 2744 4231 τὴν
2773 4161 2920 4214 ἔνδον
2952 4159 3341 4232 κρυπτομένην
3370 4157 3670 4225 διάγνωσιν

2088 4252 2400 4322 ἀνεκίνησε,
2439 4253 2688 4323 ὑπακοῆς
2720 4252 2813 4306 καὶ
2849 4251 3138 4324 παρακοῆς
3158 4249 3422 4321 διαφορὰν
3457 4248 3550 4301 ἐπὶ
3573 4246 3664 4299 τοῦ

2055 4340 2252 4406 ’ξύλου
2308 4342 2689 4416 προσγράψας.
2735 4343 3012 4400 Ἐντεῦθεν
3065 4341 3309 4414 γνωστὸν
3359 4338 3524 4395 καλοῦ
3571 4337 3667 4392 καὶ

1646 4653 1749 4708 CL.
1793 4652 2162 4722 DAUSQUEII
2202 4654 2432 4715 NOTAE.

483 4816 594 4885 (37)
621 4818 726 4872 Καὶ
751 4815 1096 4887 προαίρεσίς
1121 4815 1232 4865 οὐκ
1265 4811 1436 4887 ἐστιν
1466 4809 1985 4887 αὑτοῖς-ῥεῖ’λὲᾲιφω

2097 4822 2254 4887 latent
2299 4815 2450 4887 habet
2501 4813 2786 4887 appetitum
2840 4810 3142 4887 coercendi,
3176 4817 3267 4887 aut
3312 4805 3582 4887 sequendi,
3620 4808 3665 4860 si

413 4880 530 4953 sitv
562 4880 853 4950 ἑξουσίὰν
889 4880 1234 4953 μερίζουσα.
1259 4880 1432 4953 Paria
1459 4892 1627 4953 _sunt__
1651 4881 1738 4953 illa
1798 4880 1989 4953 Dux-mf-

415 4949 559 5010 sceui
608 4949 698 5009 lih.
735 4973 772 5010 ll
830 4949 904 5008 οᾱ
933 4949 1036 5022 [ide
1079 4951 1314 5022 orrtltod”
1363 4965 1413 5022 (τ.
1450 4950 1520 5004 29
1554 4967 1566 5003 :
1605 4949 1769 5022 Ὅθεν
1801 4952 1892 5022 καὶ
1923 4951 1992 5004 τὰ

415 5026 584 5094 ἄλογα
632 5027 733 5079 οὐκ
778 5019 941 5078 εἰσιν
966 5021 1307 5094 αὐτεξούσια·
1357 5020 1579 5094 ᾄγρν-ται
1611 5019 1742 5094 -γ-ὰρ
1774 5021 1990 5094 μᾶλλον

419 5089 536 5149 imo
549 5096 647 5164 τῆς
678 5095 891 5164 φύσεως
910 5133 923 5155 ,
956 5093 1101 5164 ἤπερ
1119 5091 1340 5164 λάγουσι.
1369 5089 1460 5164 Δ.ιρ
1485 5089 1628 5164 [οὐκ]
1653 5089 1991 5164 ἀντιλέγουσι

417 5168 483 5236 τῇ
515 5159 715 5236 φυσικῇ
739 5162 914 5236 ὀρέξει
1117 5162 1231 5236 ἅμα
1263 5159 1528 5236 όρεχθῶρί
1569 5159 1711 5236 τινος
1731 5201 1750 5236 1
1781 5163 1990 5236 ὀρμιῦσι

420 5224 556 5305 nisi;
572 5234 670 5304 τὴν
689 5224 910 5305 πρᾶξιν.
1052 5232 1108 5284 δὲ
1141 5224 1688 5305 ἀνθρώτέόςηλογικδς
1723 5224 1823 5305 ὢν,
1851 5224 1991 5300 ’ἄγει

424 5301 637 5371 μᾶλλον
655 5301 754 5372 τὴν
779 5302 959 5372 φύσιν,
981 5303 1127 5372 ἤπερ
1151 5301 1362 5372 ἄγεται.
1395 5301 1485 5352 Διὸ
1512 5302 1605 5372 καὶ
1637 5303 1980 5371 ὀρεγόμενος,

422 5367 600 5442 sinapi
628 5367 823 5442 ἐθέλει,
857 5367 1625 5442 ἐξουσίανίέχειἀναχαιτίσαι
1661 5367 1760 5440 τὴν
1786 5367 1984 5442 ἴρεξιν,

423 5441 848 5511 ἦάκολουθῆσαι
881 5441 1038 5511 αὐτῇ.
1080 5440 1215 5493 "inc
1255 5440 1406 5493 bruta
1445 5452 1622 5494 carent
1667 5440 1874 5494 arbitrii
1920 5444 1986 5493 li-

425 5513 623 5564 bertate
647 5525 664 5563 :
692 5527 812 5562 nam
855 5521 1080 5580 aguntur
1108 5513 1281 5578 potius
1315 5529 1344 5562 a
1373 5523 1584 5572 natura,
1613 5529 1769 5580 quam
1807 5523 1987 5574 agunt.

424 5583 602 5643 Quare
629 5595 789 5646 neque
821 5581 1055 5633 naturali
1094 5581 1347 5648 appetitui
1375 5584 1767 5647 contradicunt,
1791 5581 1879 5634 sed
1921 5581 1991 5633 si-

423 5652 606 5700 mulac
635 5650 834 5716 aliquid
855 5651 1214 5716 appetiverint,
1232 5660 1388 5702 ruunt
1411 5651 1464 5702 in
1480 5667 1628 5716 opus.
1653 5650 1821 5704 Homo
1854 5667 1987 5712 vero,

424 5720 625 5771 ratione
649 5718 901 5786 praeditus
929 5736 1046 5772 cum
1080 5722 1165 5780 sit,
1201 5724 1304 5787 aqu
1339 5731 1584 5773 naturam
1632 5721 1804 5785 potius
1831 5736 1990 5786 quant

422 5789 618 5855 agitur.
674 5788 848 5852 Quare
881 5791 1057 5851 etiam,
1112 5792 1231 5842 dum
1270 5792 1498 5857 appetitu
1531 5802 1783 5855 moretur,
1819 5789 1990 5856 {acul-

2094 4886 2299 4952 quidem
2329 4875 2543 4936 libitum.
2559 4875 2738 4950 fuerit.
2768 4879 3038 4949 Insignem
3073 4879 3211 4932 hanc
3235 4875 3536 4933 doctrinam
3566 4875 3668 4930 La-

2097 4955 2223 5006 tinis
2255 4954 2324 5005 ita
2359 4961 2540 5006 notant
2573 4953 2733 5005 facio.

2167 5023 2279 5089 (38)
2306 5021 2389 5086 Τῷ
2415 5020 2482 5073 δὲ
2507 5021 2819 5088 κρατοῦντι
2840 5017 3108 5088 λογισμῷ
3140 5020 3244 5084 τὰς
3267 5018 3372 5089 εοῦ
3393 5017 3669 5089 σώματος

2097 5084 2275 5158 ’ἡν-’ίαςὲ
2323 5084 2672 5158 ἐπέτρεψεν.
2723 5091 2782 5144 1).
2821 5084 3112 5160 Gregorius
3159 5090 3208 5142 itt
3251 5084 3511 5160 AEucomio
3546 5084 3668 5138 Ma-

2098 5156 2432 5215 clmbti'orum
2463 5156 2722 5230 λογισμόν
2757 5156 2998 5213 nominat
3028 5158 3404 5230 αὐτοκράτορα
3432 5156 3540 5230 τῷν
3570 5173 3670 5230 παῖ

2097 5232 2229 5284 θῶν.
2263 5225 2668 5298 Athenagoras,
2712 5230 2784 5283 De
2818 5245 3016 5282 resurr.
3055 5245 3072 5281 :
3104 5225 3409 5298 Ιιέφυκεδέ
3449 5225 3666 5296 (ψυχὴ)

2093 5305 2214 5364 ταῖς
2260 5301 2353 5354 τοῦ
2379 5295 2630 5369 σώματος
2657 5302 2966 5352 ἐπιστατεῖν
2996 5295 3211 5369 ὁρμαῖς,
3263 5295 3564 5369 Ingenuum
3591 5304 3665 5369 est

2099 5373 2277 5424 animo
2321 5365 2557 5438 corporis
2592 5370 2996 5438 appetitiouibus
3027 5365 3345 5438 pra'siderie.’
3369 5365 3537 5438 Quen)
3575 5366 3666 5432 qui

2095 5442 2318 5496 servitio
2362 5436 2465 5495 non
2501 5436 2853 5509 oppresserit,
2889 5439 3016 5506 quin
3069 5439 3244 5509 potius
3279 5437 3331 5489 in
3357 5436 3658 5509 _dontinatu

2095 5527 2192 5564 suo
2222 5505 2676 5577 retinuerits'u'pra
2703 5505 2996 5572 hominem,
3024 5505 3267 5562 evehitur
3297 5522 3325 5559 a
3357 5505 3662 5574 Pythagora

2095 5592 2149 5634 et
2177 5582 2319 5636 Deus
2357 5581 2674 5634 immortalis
2707 5579 2938 5632 habetur
2965 5595 2980 5630 :

2108 5717 2387 5784 Ἡνίοχον
2412 5713 2650 5780 γνώμην
2682 5711 2920 5784 στήσας
2946 5710 3316 5784 καθύπερθεν
3338 5708 3596 5784 ᾁρίοντην

2103 5779 2345 5840 "Erotio:
2382 5779 2674 5848 ἀθάνατος
2699 5781 2832 5848 θεὸς
2876 5781 3184 5850 ι’ἱμϐίπστινς,
3209 5779 3404 5833 ρι’·κέτι
3430 5779 3666 5845 θνητός.
