4010 6458
413 321 482 387 59
1298 316 1301 319 ·
1609 314 1771 375 BASI
1784 311 1890 373 ιη
1924 311 2465 373 SELEUCIENSIS
3356 374 3361 379 ,
3598 314 3668 380 6ο

414 439 667 501 parentes
697 438 871 486 erant.
910 429 1140 486 Ridebat
1175 430 1311 487 forte
1344 430 1624 495 diabolus,
1660 447 1781 486 cum
1817 402 1982 486 dede-

2104 428 2379 500 ιπλάσθης,
2436 428 2528 481 καὶ
2554 426 2781 481 θανάτου
2809 426 3066 498 πρόξενος
3082 425 3439 500 άπηλέγχθης
3462 448 3476 498 ;
3507 431 3671 502 μέλος

416 539 543 579 core
576 523 671 579 Dei
706 531 1125 593 conspurcasset
1156 523 1471 594 imaginem.
1501 521 1663 578 Tales
1699 523 1841 578 enim
1878 523 1989 577 (ἰαι-

320 682 325 687 .
418 613 594 668 innuis
625 623 753 669 sunt
783 613 1214 669 machinationes
1247 631 1261 668 :
1297 628 1420 667 cum
1455 613 1728 683 voluptate
1786 615 1992 668 sauciat

417 716 474 756 et
501 716 717 759 accusat
746 704 1052 773 pudendum
1086 704 1138 757 in
1173 702 1422 771 modum;
1457 704 1524 757 ad
1557 705 1770 758 ruinam
1802 705 1994 775 imch

421 796 501 860 lit,
537 805 590 849 ct
631 806 850 851 ruentes
893 795 1121 865 publicis
1161 796 1468 866 ignominia:
1508 797 1648 851 notis
1689 797 1991 867 consignat.

423 881 902 940 Vcrumenimvero
936 887 1188 941 misertus
1217 889 1424 943 erroris
1455 885 1617 952 Deus,
1647 892 1712 943 ad
1745 890 1993 955 arrigen-

425 975 552 1029 dum
584 978 857 1033 currebat.
888 976 1153 1034 Currebat
1183 988 1361 1033 autem
1398 995 1503 1033 non
1538 980 1836 1034 mutatione
1867 981 1994 1047 loci,

426 1058 519 1119 sed
554 1066 788 1135 imagine
819 1067 1048 1136 quadam
1082 1069 1312 1124 terribili
1346 1068 1690 1138 praesentiam
1723 1079 1996 1123 contesta-

430 1164 535 1209 tus.
581 1153 659 1208 Illi
709 1165 917 1211 terrore
961 1159 1240 1226 percussi,
1290 1159 1499 1228 seipsos
1550 1158 1999 1225 transgressionis

429 1253 774 1299 accusatores
800 1261 864 1302 ac
895 1255 1059 1302 testes
1089 1248 1431 1313 exhibentes,
1462 1248 1655 1302 exsilio
1683 1262 1779 1300 suo
1806 1246 2000 1300 suifra-

428 1347 646 1406 gantnr.
680 1337 820 1393 Deus
849 1354 981 1394 vero
1016 1341 1272 1395 territans
1306 1341 1518 1395 incessu
1552 1338 1813 1408 strepenti
1848 1353 1999 1392 com-

427 1428 592 1495 pellat
621 1427 1010 1484 humanissime
1044 1448 1057 1485 :
1091 1430 1282 1493 Adam,
1305 1429 1496 1495 Adam,
1518 1428 1607 1482 ubi
1633 1445 1684 1482 es
1704 1428 1788 1481 ιιι
1816 1425 1861 1482 Ο
1892 1426 1997 1480 Do-

428 1518 558 1572 mini
590 1519 643 1573 in
675 1519 925 1576 homines
956 1522 1231 1575 amoreml
1263 1519 1542 1591 Tanquam
1562 1520 1779 1588 ignarus
1809 1517 2000 1586 quati-it

429 1622 588 1677 quem
621 1608 736 1678 ipse
767 1607 1019 1678 fugabat,
1045 1618 1103 1665 et
1132 1619 1386 1679 tanquam
1418 1624 1523 1664 non
1553 1608 1725 1664 videat
1745 1648 1760 1672 ,
1789 1607 1881 1677 qui
1913 1624 2002 1663 re-

428 1698 528 1752 bus
553 1701 709 1754 adest
725 1701 999 1766 onznihus,
1023 1700 1308 1770 compellat
1335 1718 1349 1755 :
1375 1700 1564 1767 Adam,
1591 1699 1776 1760 Adam.
1800 1699 1887 1753 ubi
1910 1698 2001 1752 es?

430 1788 531 1845 Ubi
562 1788 691 1844 mihi
726 1806 980 1844 manuum
1015 1805 1255 1845 mearum
1285 1790 1454 1862 opus?
1481 1789 1568 1857 ubi
1599 1790 1833 1842 animata
1862 1802 1992 1842 mea:

427 1882 706 1951 dignitatis
743 1882 953 1952 imago?
990 1883 1079 1937 ubi
1132 1883 1234 1937 mei
1263 1882 1495 1952 paradisi
1545 1880 1766 1936 custos?
1799 1881 1994 1946 Adam,

427 1971 620 2037 Adam,
644 1970 734 2024 ubi
771 1973 865 2026 es?
895 1987 960 2026 ex
1003 1971 1267 2025 immenso
1310 1985 1494 2024 amore
1531 1968 1875 2037 compellatio
1914 1968 1995 2021 la-

429 2070 609 2116 mento
632 2062 906 2117 assimilis.
931 2060 1034 2116 Ubi
1058 2062 1153 2116 es?
1178 2062 1266 2115 ubi
1293 2061 1462 2117 mutui
1488 2074 1813 2131 congressus
1837 2060 1997 2129 quid-

427 2152 559 2210 libet
597 2140 883 2208 interfandi
926 2152 1186 2210 libertas?
1220 2152 1308 2207 ubi
1351 2162 1551 2209 nostrae
1588 2153 1999 2209 consuetudinis

424 2241 785 2298 conﬁdentia?
809 2245 899 2298 ubi
931 2253 1035 2298 tua:
1064 2243 1342 2314 dignitatis
1365 2243 1670 2299 celsitudo?
1697 2260 1794 2315 pro
1822 2244 1998 2301 amico

428 2334 714 2405 fugitivus?
740 2336 872 2390 ades
902 2349 1086 2390 coram
1119 2336 1501 2405 compellante.
1526 2333 1762 2392 Ostende
1793 2337 1999 2391 medico

429 2425 873 2495 transgressionis
919 2424 1103 2489 ulcus:
1147 2427 1370 2482 ostende
1442 2426 1649 2498 plagam
1690 2427 1948 2483 nuditatis
1983 2445 1996 2482 :

430 2514 821 2571 medicamenta
864 2515 1037 2570 habeo
1072 2516 1294 2571 vulnere
1335 2519 1568 2586 potiora,
1610 2519 1780 2573 habeo
1820 2521 2001 2575 subsi-

428 2599 609 2666 dium,
639 2601 730 2669 qui
764 2602 1032 2670 serpentis
1065 2618 1302 2658 morsum
1336 2619 1543 2660 curem.
1577 2605 1672 2662 His
1706 2605 1875 2663 iretus
1908 2623 2002 2663 ar-

428 2704 718 2763 rectasque
747 2696 993 2762 vocibus,
1024 2698 1118 2766 qui
1149 2697 1372 2766 latebat,
1409 2698 1554 2755 l'oras
1584 2710 1915 2769 prospectat,
1947 2709 2003 2758 et

428 2788 496 2841 ad
530 2788 937 2858 responsionem
974 2789 1285 2845 nonnullam
1319 2792 1483 2846 sumit
1516 2792 1793 2847 audaciam
1820 2833 1836 2859 ,
1875 2794 2002 2847 talia

429 2895 611 2936 secum
647 2880 895 2938 volutans
931 2898 945 2936 :
985 2881 1235 2938 Profecto
1278 2880 1419 2939 Deus
1459 2884 1731 2954 appellare
1771 2901 1856 2940 me
1895 2902 2002 2941 non

429 2971 770 3042 dedignatur,
797 2980 851 3026 et
878 2972 1054 3028 verbis
1081 2974 1342 3040 accersit,
1371 2988 1546 3043 neque
1573 2976 1863 3031 violentum
1893 2975 1998 3030 lul-

430 3077 550 3117 men
585 3062 640 3118 in
675 3078 760 3118 me
785 3063 917 3133 jacit
951 3080 1128 3129 suum,
1160 3080 1355 3136 neque,
1382 3080 1540 3135 quam
1571 3066 1721 3135 prius
1755 3067 1999 3122 intermi-
2030 3096 2070 3149 ρ

430 3164 592 3208 natus
613 3163 748 3222 erat,
772 3165 1001 3210 mortem
1027 3156 1291 3210 immittit.
1316 3154 1502 3211 Nonne
1525 3172 1655 3226 ergo
1676 3157 1998 3213 clamantem

429 3245 737 3312 exaudiam,
764 3262 921 3316 quem
952 3248 1119 3316 legem
1151 3258 1438 3318 ponentem
1468 3265 1575 3305 non
1610 3250 1786 3304 audivi
1818 3247 2003 3317 prius?

444 3335 631 3392 Vocem
665 3347 812 3392 tuam
844 3338 1045 3405 audiri,
1068 3348 1115 3392 et
1138 3340 1313 3403 timui,
1345 3354 1405 3393 eo
1435 3339 1572 3410 quod
1607 3338 1781 3393 nudus
1813 3354 2000 3403 essem,

429 3441 477 3484 et
506 3430 756 3484 abscondi
784 3446 861 3484 me
878 3429 944 3483 ⁸³.
975 3427 1116 3484 Nihil
1144 3446 1277 3502 opus
1306 3440 1388 3485 est
1416 3433 1679 3485 instructa
1704 3430 1884 3483 verbis
1910 3444 2002 3483 ac-
2038 3492 2047 3499 _

431 3521 747 3589 cusatione;
792 3520 895 3576 mei
945 3520 1166 3577 nudatio
1211 3521 1491 3577 verissima
1534 3531 1620 3575 est
1663 3520 2002 3585 accusatrix,

433 3629 539 3669 non
582 3622 893 3684 persuaata.
931 3612 1068 3681 Quid
1113 3615 1325 3669 tandem
1367 3613 1543 3671 Deus?
1581 3610 1712 3678 Quis
1752 3610 2003 3665 indicavit

432 3705 547 3770 tibi,
573 3705 712 3775 quod
739 3705 909 3760 nudus
931 3721 1088 3773 esses,
1114 3707 1217 3761 nisi
1243 3706 1383 3777 quod
1411 3704 1519 3774 ιε
1540 3719 1605 3758 ea:
1626 3703 1789 3771 ligno,
1815 3702 1879 3758 de
1901 3719 2003 3773 quo

430 3812 779 3867 praeeperam
817 3797 907 3851 tibi
940 3812 1001 3851 ne
1033 3796 1358 3860 comedam,
1394 3793 1669 3848 comedisti
1699 3790 1783 3848 "?
1817 3792 1890 3850 Ut
1914 3793 2002 3862 ju-

431 3888 533 3941 dex
561 3886 798 3955 advenit,
825 3895 881 3941 ut
902 3887 1143 3944 medicus
1170 3897 1343 3959 rogat,
1370 3896 1423 3941 et
1450 3886 1515 3939 ad
1536 3884 1799 3953 judicium
1829 3883 2004 3940 leren-

432 3977 558 4032 dum
589 3992 709 4032 cum
741 3980 1096 4044 accessisset,
1129 3988 1185 4034 ut
1218 3979 1451 4033 amicum
1486 3976 1790 4048 increpitat.
1850 3976 2003 4033 llaec-

432 4068 584 4134 cine,
639 4069 846 4139 inquit,
900 4070 1267 4127 beneﬁcentiae
1325 4082 1459 4123 mea:
1515 4067 1747 4123 refertur
1794 4068 2007 4138 gratia?

433 4160 656 4218 hoccine
683 4176 778 4232 pro
804 4162 1013 4233 adeptis
1041 4161 1207 4217 animi
1237 4158 1375 4230 grati
1404 4159 1633 4214 munus?
1658 4156 1757 4213 Hic
1786 4172 2007 4227 respon-

431 4251 599 4309 sionis
637 4269 827 4324 egere,
874 4257 1112 4321 haerere,
1153 4254 1206 4308 in
1252 4250 1535 4307 mulierem
1579 4250 1755 4305 audax
1799 4248 2007 4305 facinus

431 4344 748 4412 transferre,
787 4346 914 4402 vita:
954 4346 1269 4402 societatem
1314 4339 1530 4396 causari
1564 4348 1619 4395 et
1664 4338 1942 4394 criminari
1987 4358 2000 4393 :

2092 518 2350 588 ἐλήφθης,
2378 519 2468 571 καὶ
2498 516 2572 581 ῶς
2605 516 2755 587 βέλος
2785 514 3115 586 ἐπέμφθης
3164 517 3231 570 Τί
3268 511 3363 571 οῦν
3387 519 3447 573 τὸ
3474 520 3667 588 τέλος;

2093 608 2199 663 Καὶ
2221 609 2495 673 ἔγνωσαν
2508 608 2595 660 ὅτι
2618 607 2825 676 γυμνοὶ
2854 605 3038 675 ἦσαν,
3053 607 3149 662 καὶ
3174 606 3448 677 ἕρῤαψιαν
3465 611 3673 679 φύλλα

2094 698 2310 767 συκῆς,
2347 700 2445 753 καὶ
2483 699 2782 765 ἐποίησαν
2829 696 3067 763 ἑαυτοῖς
3114 697 3498 768 περιζώματα.
3529 702 3668 772 Ἤδη

2095 791 2184 844 τὸν
2223 791 2433 861 καρπὸν
2466 792 2564 859 τῆς
2607 788 2821 859 ἀπάτης
2855 788 2966 859 (48)
3002 788 3334 860 ἐτρύγησαν.
3365 790 3673 860 Ἐρῤαψαν

2096 882 2301 951 φύλλα
2345 880 2562 949 συκῆς.
2611 877 3204 949 Δύτοὶ’γυμνωθέντες
3271 878 3540 948 γυμνοῦσι
3604 879 3675 934 τὰ

2095 971 2304 1041 δένδρα·
2346 969 2471 1040 περὶ
2517 968 2681 1037 φυτὸν
2734 965 3253 1038 πλημμελήσαντες,
3300 965 3456 1036 παρὰ
3504 964 3674 1036 φυτοῦ

2097 1062 2194 1130 τὴν
2224 1060 2431 1128 σκέπην
2469 1056 2823 1122 δανείζονται.
2858 1058 2947 1111 Ἐν
2971 1056 3231 1120 τοιούτοις
3261 1055 3359 1126 μὲν
3387 1052 3479 1109 οὖν
3505 1057 3555 1109 οἱ
3580 1055 3675 1111 τοῦ

2096 1151 2286 1221 γένους
2314 1151 2567 1221 πατέρες.
2606 1149 2800 1218 Ἐγέλνι
2826 1149 2883 1203 δὲ
2929 1148 3039 1220 ἄρα
3068 1149 3096 1200 ὁ
3135 1147 3411 1211 διάϐολος,
3446 1146 3676 1220 αἰσχύνῃ

2102 1239 2333 1311 μολύνας
2372 1239 2467 1292 τοῦ
2499 1239 2634 1292 Θεοῦ
2667 1238 2764 1310 τήν
2789 1238 2995 1291 εἰκόνα.
3023 1236 3261 1291 Τοιαῦτα
3289 1237 3399 1309 γάρ
3429 1235 3527 1290 τοῦ
3560 1238 3679 1291 δια-

2101 1332 2252 1384 ϐόλου
2284 1331 2351 1383 τὰ
2399 1331 2787 1401 μηχανήματα,
2834 1329 2952 1398 μεθ’
2979 1328 3174 1400 ἡδονῆς
3220 1329 3545 1399 τιτρώσκει,
3584 1329 3683 1382 καὶ

2102 1422 2217 1494 μετ’
2242 1420 2500 1493 αἰσχύνης
2537 1421 2771 1491 ὶλέγχει.
2811 1417 2957 1474 Ὥθεῖ
2987 1421 3123 1492 προς
3157 1421 3385 1486 πτῶσιν,
3415 1420 3514 1473 καὶ
3545 1436 3680 1490 στη-

2101 1512 2298 1567 λιτεύει
2348 1513 2630 1578 πεσόντας.
2678 1513 2967 1584 Οίκτείρας
3009 1513 3066 1566 δὲ
3112 1513 3210 1585 τήν
3253 1511 3470 1582 ἀπάτην
3511 1510 3678 1577 θεὸς,

2101 1606 2236 1676 πρὸς
2274 1604 2561 1677 διόρθωσιν
2588 1603 2828 1676 ἔτρεχεν.
2857 1602 3087 1675 Ἔτρεχε
3113 1603 3169 1657 δὲ
3200 1603 3261 1656 ού
3290 1602 3460 1655 τόπον
3522 1600 3683 1672 ἀμεί-

2101 1698 2233 1760 ϐων,
2265 1697 2399 1751 ἀλλὰ
2433 1698 2523 1751 διά
2557 1714 2702 1760 τινος
2739 1696 2978 1767 φοϐερᾶς
3008 1695 3183 1765 ὅψεως
3231 1695 3331 1766 τήν
3376 1693 3695 1763 παρουσίαν-

2101 1788 2476 1859 πιστούμενος.
2511 1789 2572 1842 ΟΞ
2590 1788 2739 1858 δὲτῷ
2770 1786 2918 1858 φόϐῳ
2945 1786 3264 1857 πληγέντες,
3297 1784 3523 1848 ἑαυτοὺς
3552 1800 3682 1837 κατ-

2099 1882 2330 1952 ηγόρους
2377 1882 2471 1933 καὶ
2537 1881 2822 1952 μάρτυρας
2881 1881 2979 1950 τῆς
3027 1876 3392 1950 παραϐάσεως
3431 1876 3679 1946 ἔχοντες,

2100 1973 2276 2042 φυγὴν
2307 1972 2517 2026 ἑαυτῶν
2562 1969 3051 2042 καταψηφίζονται.
3097 1968 3343 2039 Φοϐήσας
3375 1966 3432 2020 δὲ
3471 1966 3547 2037 τῷ
3586 1965 3684 2019 τοῦ

2102 2063 2403 2134 περιπάτου
2433 2063 2643 2135 κτύπῳ,
2674 2063 2805 2127 Θεὸς
2833 2066 2901 2135 τῇ
2927 2062 3119 2132 κλήσει
3151 2059 3685 2131 φιλανθρωπεύεται,

2101 2156 2292 2225 λέγων·
2325 2155 2517 2226 Ἀδὰμ,
2559 2155 2748 2224 Ἀδὰμ,
2775 2154 2894 2208 ποῦ
2918 2149 2978 2208 εἴ
2997 2153 3145 2225 (49);
3177 2154 3242 2205 Ὠ
3276 2150 3685 2224 φιλανθρωπίας

2103 2247 2405 2302 Δεσπότουῑ
2437 2247 2513 2311 ῶς
2577 2245 2786 2315 ἀγνοῶν
2822 2245 2994 2315 ζητεῖ,
3024 2244 3084 2297 δν
3127 2242 3292 2307 αὐτὸς
3324 2242 3687 2312 ἐφυγάδευσε.

2106 2339 2199 2391 καὶ
2233 2338 2308 2400 ῶς
2344 2337 2444 2408 οὐχ
2473 2336 2616 2408 ὁρῶν
2651 2335 2807 2390 καλεῖ
2834 2336 2861 2387 ὁ
2892 2336 3006 2398 τοῖς
3039 2334 3175 2387 πᾶσι
3223 2331 3439 2402 παρών.
3477 2330 3675 2401 Ἀδὰμ,

2119 2428 2312 2500 Ἀδὰμ,
2345 2428 2464 2483 ποῦ
2493 2425 2577 2493 εἷς
2609 2427 2717 2481 Ποῦ
2764 2443 2854 2498 μοι
2882 2425 2989 2478 τῶν
3022 2423 3170 2495 ἐμῶν
3208 2422 3407 2495 χειρῶν
3449 2422 3509 2475 τὸ
3546 2421 3685 2476 πλα-

2108 2521 2461 2594 στούργημας
2494 2519 2596 2574 ποῦ
2626 2521 2723 2587 τῆς
2755 2517 2894 2588 ὲμῆς
2922 2515 3075 2580 ἀξίας
3101 2516 3129 2568 ὁ
3158 2513 3397 2585 ἔμψυχος
3423 2512 3682 2583 ἀνδριάςς

2106 2615 2207 2671 ποῦ
2234 2615 2335 2684 τῆς
2381 2612 2522 2682 ἐμῆς
2554 2608 2888 2680 φυτουργίας
2915 2607 2943 2659 ὁ
2982 2605 3191 2687 φύλαξέ
3227 2603 3401 2673 Ἀδὰμ
3426 2643 3440 2666 ,
3479 2602 3680 2672 Ἀδὰμ,

2107 2706 2225 2761 ποῦ
2259 2701 2349 2768 ei;
2378 2700 2670 2773 Θρηνώδης
2704 2700 2770 2752 ὲκ
2808 2697 3190 2769 φιλοστοργίας
3230 2697 3264 2767 ή
3299 2696 3489 2767 κλῆσις
3507 2711 3534 2738 ἰ
3560 2694 3685 2749 Ποῦ

2103 2795 2200 2861 εἷς
2231 2793 2344 2850 Ποῦ
2398 2809 2481 2845 σοι
2516 2791 2617 2861 τῆς
2668 2791 2810 2861 ἐμῆς
2859 2789 3075 2860 ὁμιλίας
3129 2790 3163 2860 ή
3205 2789 3527 2862 παρρησίας
3577 2790 3688 2844 ποῦ

2107 2907 2189 2944 σοι
2222 2889 2320 2958 τῆς
2353 2885 2486 2956 πρὸς
2530 2882 2630 2954 ἐμὲ
2658 2881 2946 2954 συνηθείας
2986 2882 3047 2935 τὸ
3062 2878 3282 2949 ’θάρσος
3312 2898 3327 2948 ;
3368 2881 3471 2935 ποῦ
3513 2897 3596 2934 σοι
3624 2880 3691 2934 τὸ

2103 2980 2202 3049 τῆς
2234 2977 2388 3041 ἀξίας
2440 2973 2611 3044 ῦψοςς
2646 2973 2769 3027 ἀντὶ
2809 2973 2962 3042 φίλου
3014 2973 3323 3044 δραπέτηςς
3356 2971 3555 3042 φάνηθι
3585 2988 3686 3025 κα-

2104 3070 2324 3124 λοῦντι.
2360 3066 2540 3134 Δεῖξον
2588 3064 2667 3135 τῷ
2718 3064 2888 3137 ἰατρῷ
2939 3065 2999 3119 τὸ
3036 3066 3134 3137 τῆς
3179 3063 3548 3136 παραϐάσεως
3593 3062 3685 3116 ιλ-
3748 3050 3783 3092 θ

2106 3178 2232 3225 κοςο
2268 3158 2440 3223 δεῖξον
2487 3157 2585 3230 τήν
2633 3156 2847 3227 πληγὴν
2880 3154 2979 3225 τῆς
3020 3154 3359 3225 γυμνὼσεως
3384 3170 3398 3185 ·
3431 3152 3544 3223 ἔχω
3580 3151 3687 3221 γὰρ

2105 3254 2374 3326 φάρμακα
2419 3249 2519 3304 ⁴τοῦ
2568 3248 2879 3321 τραύματος
2927 3247 3274 3320 ἰσχυρότερα,
3328 3244 3437 3316 ἔχω
3487 3242 3687 3314 βοηθή-

2107 3362 2274 3416 ματα,
2303 3343 2370 3397 δι’
2398 3335 2473 3396 ὧν
2506 3339 2794 3413 θεραπεύω
2824 3339 2893 3393 τά
2924 3338 3016 3393 τοῦ
3043 3338 3219 3408 ὄφεως
3248 3337 3522 3410 δήγματα.
3552 3332 3701 3387 Τού-

2103 3452 2216 3498 τοις
2248 3433 2526 3506 θαρσήσας
2549 3434 2661 3495 τοῖς
2690 3432 2898 3503 ῥήμασι
2939 3429 3253 3501 προκύπτει
3283 3429 3705 3499 κρυπτόμενος,,

2103 3526 2198 3582 καὶ
2228 3525 2405 3597 τολμᾷ
2438 3524 2540 3594 τήν
2578 3524 2889 3594 ἀπόκρισιν,
2920 3522 3146 3576 τοιαῦτα
3179 3520 3301 3574 καθ’
3330 3519 3518 3573 ἑαυτὸν
3560 3517 3688 3591 βουο

2104 3617 2434 3688 λευσάμενος
2452 3631 2466 3645 °
2494 3614 2672 3677 Ὄλως
2697 3614 2837 3679 ἀξιοῖ
2864 3630 2929 3683 με
2946 3613 3229 3681 κλήσεωςδ
3246 3611 3397 3675 Θεὸς,
3421 3610 3515 3665 καὶ
3535 3611 3699 3680 φωνῇ

2110 3711 2523 3782 μεταπέμπεται
2544 3721 2558 3736 ⁸
2593 3708 2686 3760 καὶ
2718 3707 2781 3760 οὐ
2822 3705 3063 3776 σκηπτὸν
3097 3703 3394 3775 ἐπαφίησιν
3430 3702 3565 3772 (50),
3587 3701 3690 3755 οὐκ

2106 3801 2305 3869 ἐπάγει
2340 3799 2589 3864 θάνατον,
2625 3798 2684 3852 δν
2732 3798 2827 3851 καὶ
2862 3794 3284 3868 προηπείλησεν.
3333 3792 3543 3847 Οὐκοῦν
3588 3793 3689 3845 επ-

2106 3894 2323 3946 ακούσω
2351 3890 2603 3962 βοῶντος,
2630 3890 2704 3961 μὴ
2725 3886 3071 3961 προακούσας
3100 3884 3538 3956 νομοθετοῦντος.
3572 3882 3693 3950 Τὴν

2106 3981 2317 4052 φωνήν
2341 3994 2457 4036 σου
2490 3979 2731 4049 ἥκουσα
2759 3977 3230 4047 περιπατοῦντος
3262 3975 3396 4046 (51),
3428 3971 3527 4025 καὶ
3557 3972 3693 4040 ἐφο-

2108 4071 2319 4142 ϐήθην,
2348 4069 2439 4125 ὅτι
2474 4070 2696 4141 γυμνός
2739 4071 2887 4138 ειμι,
2932 4068 3030 4121 καί
3081 4066 3360 4134 ἐκρύὅην.
3406 4064 3479 4117 Οὐ
3525 4062 3689 4135 χρεία

2109 4180 2199 4235 μοι
2247 4158 2509 4235 ῥημάτων
2556 4160 3029 4231 κατηγορούντων,
3072 4156 3500 4228 αὐτοπρόσωπον
3539 4154 3701 4224 φέρω

2105 4255 2203 4324 τῆς
2243 4253 2519 4326 ἁμαρτίας
2550 4252 2607 4305 ὲν
2638 4253 2705 4322 τῇ
2738 4247 3017 4320 γυμνώσει
3062 4248 3388 4318 κατήγορον.
3430 4243 3496 4299 Τί
3529 4241 3622 4298 οὖν
3659 4244 3689 4297 ὁ

2105 4343 2271 4410 Θεός;
2312 4344 2405 4410 Τίς
2445 4338 2762 4412 dmith
2811 4353 2928 4403 σοι,
2973 4338 3064 4391 ὅτι
3116 4337 3343 4407 γυμνὸς
3392 4331 3478 4403 εἶ,
3512 4337 3567 4389 εί
3595 4332 3682 4405 μὴ

432 4431 519 4487 illa
546 4435 599 4490 in
623 4447 927 4507 serpentem
954 4432 1315 4506 prolapsionis
1336 4430 1547 4502 culpam
1570 4429 1837 4486 derivare.
1860 4430 2002 4488 Deus

2106 4436 2226 4494 ἀπὸ
2254 4435 2361 4491 τοῦ
2406 4435 2621 4500 ξύλου,
2661 4427 2735 4488 οὗ
2768 4430 3159 4500 ἐνετειλάμην
3187 4444 3308 4496 σοι,
3344 4429 3560 4482 τούτου
3580 4427 3691 4495 μό·

432 4539 562 4581 vero
592 4529 843 4584 seductos
873 4528 938 4584 ad
969 4524 1291 4597 sapientiam
1319 4521 1387 4577 ab
1414 4536 1605 4578 errore
1632 4521 1818 4577 volens
1850 4537 2004 4578 revo-

433 4629 560 4672 care
594 4617 746 4687 punit
779 4621 1153 4681 seductorem;
1189 4613 1326 4668 dixit
1362 4612 1507 4667 enim
1543 4613 1780 4683 serpenti
1818 4611 2000 4670 Domi-

434 4723 534 4765 nus
564 4708 705 4767 Deus
735 4728 752 4767 :
786 4710 926 4777 Quia
956 4707 1126 4779 fecisti
1156 4705 1273 4771 hoc,
1306 4703 1613 4760 maledictus
1642 4719 1695 4759 es
1725 4705 1859 4762 inter
1884 4722 2000 4761 om-

503 4888 550 4921 “
580 4886 718 4944 Gen.
751 4899 834 4953 ιιι,
860 4882 914 4937 9.
1008 4880 1055 4914 ⁸³
1093 4880 1223 4936 ibid.
1251 4879 1339 4935 10.
1431 4879 1476 4913 ³⁸
1506 4879 1640 4937 ibid.
1684 4879 1770 4938 Η,

2107 4543 2219 4581 νον
2252 4526 2337 4596 μὴ
2365 4523 2599 4596 φαγεῖν,
2630 4522 2731 4578 ἀπ’
2760 4522 2946 4577 αὑτοῦ
2991 4523 3247 4591 ἔφαγες
3298 4522 3385 4585 Ὦς
3426 4517 3690 4588 δικαστὴς

2106 4612 2261 4688 ἦλθε,
2291 4615 2387 4668 καὶ
2414 4613 2490 4677 ῶς
2533 4611 2715 4686 ίατρδς
2744 4613 2945 4684 ἐρωτᾷ,
2990 4612 3086 4667 καὶ
3114 4610 3357 4677 δικάζειν
3392 4609 3584 4675 ἐλθὼν,
3613 4608 3697 4673 ὡς

2108 4708 2248 4778 φίλῳ
2272 4703 2662 4778 προσονειδίζει
2681 4720 2694 4734 ·
2721 4695 2912 4771 Δῦται,
2945 4703 3141 4774 λέγων,
3160 4703 3269 4758 τῶν
3290 4704 3419 4774 παρ’
3439 4699 3575 4774 ἐμοῦ
3605 4715 3700 4756 σοι.

1627 5033 1736 5091 CL.
1778 5033 2154 5104 DAUSQUEII
2191 5032 2423 5091 NOTAE.

503 5199 616 5286 (ιδ)
638 5196 772 5286 ,τδῖ
820 5187 2006 5286 κφέἔῖ-Ξῆσςέἰτέῗῧελ-ι.¹ἷῖξῖιὶῖίε-ἰηεῗί

435 5258 814 5341 οηῖιιι’άπάτη
851 5258 1178 5341 ἀξιοι-υἱοῖς
1208 5258 1751 5341 ideoqueﬁerborum
1784 5273 2003 5329 parcus,

438 5355 501 5395 ac
551 5329 897 5408 praprietatis
943 5331 1182 5386 retinens
1232 5329 1358 5384 alibi
1410 5329 1730 5401 simpliciter
1778 5345 2007 5383 errorem

437 5410 595 5464 verti.

510 5476 622 5545 (49)
650 5472 850 5545 (Ἀδὰμ,
868 5470 1060 5545 ᾎδὰμ,
1083 5468 1202 5545 ποῦ
1226 5464 1299 5545 εἳ.
1318 5466 1805 5545 Septuagintaan
1838 5466 2008 5545 gemi-

438 5537 574 5599 nant
602 5537 807 5613 ”Δδάμ,
838 5542 942 5596 alia
972 5537 1296 5613 exemplaria
1332 5537 1410 5593 ne
1425 5537 1638 5613 quidem
1672 5537 1897 5613 habent.

512 5613 625 5685 (50)
666 5606 1610 5685 Οὔσκηπτρνλέπαερίηρςιν..’Νἰίιρι
1654 5607 1720 5662 de
1765 5620 1883 5685 meo
1925 5606 2008 5685 in-

441 5676 716 5753 terposui;
753 5676 889 5740 nam
915 5682 1004 5753 qui
1041 5676 1232 5749 ἀφίησι
1263 5676 1467 5748 abiicit,
1505 5676 1688 5746 utique
1716 5690 1746 5730 a
1774 5690 1832 5731 se
1854 5676 2009 5745 jacit,

2113 5192 2228 5248 sive
2258 5205 2450 5258 suum;
2479 5203 2653 5260 neque
2679 5192 2739 5245 τὸ
2760 5191 2863 5246 ἐπι
2888 5190 3120 5247 otiosum
3151 5199 3258 5259 est,
3283 5190 3497 5260 quando
3521 5196 3689 5256 respl-

2115 5261 2204 5333 cit_
2227 5260 2280 5315 id
2322 5261 2373 5314 in
2417 5262 2560 5333 quod
2587 5260 2712 5333 ferri
2762 5261 2969 5333 fulmen
2991 5261 3276 5333 potuisset.
3304 5260 3433 5327 Quae
3466 5260 3688 5326 parvula
3723 5314 3729 5319 _

2116 5331 2207 5400 qui
2256 5334 2474 5401 insuper
2518 5331 2737 5392 habent.
2767 5334 2909 5401 quod
2959 5331 3241 5393 incumbit.
3270 5346 3379 5384 non
3432 5339 3688 5393 vertunt;

2118 5400 2353 5455 auctoris
2387 5402 2707 5456 sententiam
2739 5400 2793 5453 et
2829 5400 2986 5455 ﬁdem
3017 5416 3169 5455 suam
3205 5409 3477 5454 evertunt.

2191 5469 2302 5539 (51)
2342 5471 2554 5538 Φωνήν
2578 5485 2695 5523 σου
2725 5470 2966 5538 ἤκουσα
3001 5468 3494 5539 περιπατοῦντος.
3534 5467 3678 5523 Basi-

2117 5538 2219 5612 lius
2241 5541 2448 5595 omittit
2474 5543 2531 5594 ὲν
2555 5539 2887 5612 παραδείσῳ,
2913 5548 2966 5593 οι
2996 5538 3176 5596 textus
3200 5539 3502 5595 communis
3531 5538 3695 5593 vicis«

2117 5609 2221 5666 sim
2260 5609 2684 5680 περιπατοῦντος
2717 5609 2937 5666 omittit.
