4010 6414
458 322 534 384 67
1653 327 1934 388 BASILII
1973 324 2511 386 SELEUCIENSIS
3653 323 3724 387 63

459 459 576 498 ram
597 457 751 499 suam
783 442 1071 499 conferens
1093 444 1324 499 accedit.
1347 443 1594 513 Cognovit
1622 443 1791 496 Adam
1821 459 2037 497 uxorem

2159 438 2492 509 inqpseoﬁaa
2524 440 2867 510 μετέρχεται.
2903 439 3090 506 Ἔγνω
3113 437 3182 490 δὲ
3224 439 3407 508 Ἀδὰμ
3425 440 3589 494 Εὔαν
3611 441 3716 506 τὴν

456 553 608 590 suam
648 536 833 599 Evam,
866 554 982 607 qua:
1006 539 1261 606 concepit,
1303 548 1350 591 et
1381 539 1578 606 peperit
1613 537 1772 591 Cain.
1805 538 2035 592 Restant

2159 529 2391 582 ρυναῐκα
2448 527 2657 593 αὑτοῦ,
2710 529 2806 580 καὶ
2862 527 3263 581 συλλαϐοῦσα
3330 529 3497 584 ἔτεκε
3554 530 3720 585 Κάῗν.

459 637 671 692 venter,
696 637 750 681 et
781 629 1086 697 conceptio,
1122 638 1178 682 et
1227 628 1399 692 dolor,
1436 638 1490 682 et
1527 628 1689 692 l'etns,
1731 627 1837 680 lata
1867 642 2036 696 p0pu-

2159 624 2362 694 Γαστὴρ
2393 621 2599 685 λοιπὸν,
2634 621 2730 673 καὶ
2763 619 3045 690 σύλληψις,
3072 621 3166 672 καὶ
3197 621 3405 686 ὠδῖνες,
3436 625 3531 675 καὶ
3551 623 3722 683 τόκοι,

461 719 698 788 larisque
749 731 956 774 natura:
1010 722 1117 786 via,
1186 737 1252 775 ac
1303 732 1443 776 stata
1493 722 1758 792 genitura:
1789 722 2037 774 humana:

2159 718 2174 787 ί]
2209 716 2437 769 πλατεῖα
2463 712 2736 782 λεωφόρος
2763 713 2861 782 τῆς
2899 711 3138 781 φύσεως,
3165 714 3197 782 ἡ
3225 713 3447 784 ἔννομος
3482 716 3725 784 γεωργία

459 809 620 863 satio.
654 809 788 863 llinc
812 826 1006 865 exorsa
1063 821 1145 864 est
1199 819 1390 863 natura
1451 812 1630 880 spicas
1685 808 2036 863 rationabiles

2159 806 2244 874 πῆς
2274 803 2383 856 τῶν
2409 802 2713 872 ἀνθρώπων
2738 803 3027 872 γενέσεως.
3074 801 3354 857 Ἐντεῦθεν
3380 806 3582 878 ἦρξατο
3604 810 3726 869 τοὺς

461 897 786 961 germinare.
809 899 1052 965 Concepit
1085 909 1131 950 et
1151 899 1371 966 peperit,
1405 913 1513 951 non
1535 914 1600 952 ex
1637 908 1803 963 terra,
1843 913 1948 950 non
1970 910 2035 949 ex

2159 899 2394 964 toytxob;
2425 895 2666 965 στάχυας
2694 894 3069 968 βλαστάνεινὴ
3106 894 3266 963 φύσις
3299 896 3434 967 (61).
3487 901 3726 952 Συλλα-

460 998 636 1051 costa,
669 986 760 1041 sed
789 1004 852 1041 ex
880 989 999 1041 alvo
1056 1003 1274 1058 germen
1333 988 1554 1056 prodiit.
1619 987 1731 1042 lloc
1788 995 2040 1055 parentes

2159 990 2327 1044 ἷοῦσα
2353 990 2574 1051 ἔτεκεν,
2607 987 2706 1040 οὐκ
2755 989 2818 1040 ὲκ
2839 987 2984 1057 χοδς,
3028 989 3129 1042 ούκ
3151 992 3214 1042 ὲκ
3233 989 3625 1058 πλευρᾶς,ἀλλ’
3663 994 3724 1044 ὲκ

463 1079 720 1133 attonitos
757 1080 954 1134 reddit.
995 1077 1142 1132 Vidit
1198 1080 1307 1132 Eva
1359 1079 1730 1149 spectaculum
1792 1079 2039 1146 inopina-

464 1169 591 1236 bile,
632 1182 882 1224 naturam
937 1187 1161 1225 numero
1188 1181 1572 1240 propagatam,
1604 1179 1658 1224 et
1689 1170 1885 1239 partita
1919 1185 2041 1223 cor-

464 1276 619 1328 pora,
655 1277 881 1331 remque
928 1264 1121 1316 miram
1177 1263 1524 1332 promulgans
1560 1273 1866 1316 creatorem
1913 1277 2040 1314 con-

465 1362 728 1407 testatur:
761 1352 980 1407 Possedi
1028 1354 1287 1407 hominem
1341 1371 1434 1423 per
1489 1353 1652 1408 Deum
1682 1353 1748 1406 “.

471 1443 729 1510 ascripta,
780 1443 960 1512 operis
1007 1456 1281 1497 auctorem
1319 1444 1580 1513 agnoscit.
1613 1442 1675 1496 Et
1722 1453 1900 1506 recte;
1940 1441 2038 1494 Per

467 1533 630 1587 Deum
660 1545 965 1588 creatorem
996 1550 1142 1600 eum,
1178 1536 1270 1604 qui
1325 1536 1579 1601 tinxerat,
1642 1551 1747 1587 non
1802 1533 2038 1586 admini-

464 1639 637 1681 strum
673 1630 1032 1697 proclamans.
1063 1629 1164 1695 Tu,
1195 1631 1311 1695 Ari,
1341 1629 1505 1683 Evam
1531 1644 1799 1692 reverere,
1847 1639 1901 1682 et
1926 1629 2039 1699 syl-

466 1717 602 1774 labis
631 1735 752 1773 cnm
783 1719 918 1775 Filio
957 1721 1047 1775 Dei
1091 1723 1301 1775 velitari
1334 1723 1559 1775 desine:
1605 1736 1856 1775 reverere
1887 1736 2039 1774 com-

466 1825 682 1865 munem
722 1812 1001 1866 hominum
1032 1823 1283 1876 matrem,
1319 1829 1448 1867 voce
1485 1811 1802 1867 Creatorem
1865 1812 2041 1880 suspi-

466 1905 722 1968 eientem,
785 1922 892 1958 non
959 1906 1342 1959 contumeliam
1415 1905 1765 1972 irrogantem.
1847 1902 2042 1956 Desine

465 1994 620 2048 Caini
674 1995 1030 2056 sacriﬁcium,
1087 1997 1210 2048 dum
1270 1996 1453 2050 laudes
1506 1996 1736 2061 occinis,
1794 1995 2038 2050 imitari:

463 2085 661 2152 quibus
705 2085 852 2138 enim
901 2085 1228 2139 sacriﬁcium
1289 2085 1488 2150 oﬂers,
1554 2085 1816 2140 conviciis
1875 2085 2041 2139 Deum

463 2173 828 2228 collaudatum
866 2175 1197 2242 insectaris;
1231 2176 1428 2245 quibus
1458 2176 1717 2229 honorem
1767 2175 1967 2229 habere
1994 2184 2046 2229 te

465 2264 715 2328 simulas,
749 2265 1016 2334 dignitate
1039 2266 1264 2334 spolias.
1319 2264 1472 2320 Caini
1504 2266 1753 2336 exemplo
1801 2265 2045 2319 Creatori

466 2354 730 2408 honorem
772 2353 934 2408 all'ers
979 2355 1095 2409 sine
1145 2355 1370 2409 honore.
1432 2356 1600 2410 Deum
1653 2356 1952 2417 conﬁteris,
1995 2366 2050 2409 et

467 2455 778 2499 creaturam
823 2444 997 2509 facis,
1025 2460 1089 2499 ac
1120 2461 1242 2500 mox
1290 2447 1488 2500 iterum
1540 2446 1816 2500 hominem
1873 2446 2046 2501 fuisse

469 2537 694 2600 claritas,
721 2553 786 2590 ex
813 2547 1065 2591 creatura
1093 2538 1144 2591 in
1177 2548 1486 2591 creaturam
1518 2536 1837 2591 Creatorem
1871 2547 2048 2590 trans-

469 2627 733 2689 lurmans,
781 2637 834 2681 et
873 2628 1138 2696 originem
1191 2629 1403 2698 origine
1455 2628 1674 2682 dictitas
1726 2629 2048 2696 excipi,an-

477 2721 741 2788 diensquc
769 2721 932 2790 quod,
992 2735 1114 2773 cum
1169 2735 1388 2774 carnem
1443 2721 1696 2789 cepisset,
1750 2721 2045 2773 animatam

472 2813 831 2868 oeconomiam
857 2812 963 2881 22
999 2813 1214 2881 generis
1255 2813 1474 2865 humani
1517 2813 1824 2880 perfecerit,
1855 2814 1920 2866 ad
1953 2828 2051 2865 na-

475 2914 654 2958 turam
687 2904 1096 2970 conceptionem
1130 2902 1320 2968 refers,
1344 2913 1397 2958 et
1430 2905 1630 2958 Christi
1660 2904 2052 2973 apparitionem

474 3009 687 3047 summa
723 3009 846 3046 cum
883 2993 1161 3062 impietate
1190 2991 1307 3061 ejus
1329 2993 1704 3062 interpretaris
1731 2995 2051 3048 essentiam.

474 3086 586 3139 Sed
640 3085 747 3138 Eva
797 3100 902 3138 non
940 3087 1035 3147 ita,
1070 3100 1300 3138 verum:
1367 3083 1585 3138 Porsedi
1646 3085 1908 3139 hominem
1967 3104 2058 3152 per

479 3175 668 3230 Deum.
702 3175 858 3240 Novi,
888 3175 1083 3244 inquit,
1151 3191 1324 3228 meam
1389 3177 1557 3232 divini
1603 3178 1837 3230 mandati
1880 3188 2060 3232 trans-

479 3268 841 3337 gressionem,
878 3268 1001 3320 novi
1035 3282 1062 3319 a
1094 3267 1351 3336 paradiso
1381 3269 1649 3323 excidisse
1678 3284 1784 3322 me.
1839 3268 1908 3323 lis
1938 3285 2059 3337 quae

480 3355 700 3427 pertuli,
765 3357 923 3409 docta
972 3370 1115 3409 sum.
1162 3356 1408 3424 Agnosco
1467 3355 1807 3424 puuitorem,
1868 3357 2057 3424 excepi

481 3461 722 3516 pcenam,
758 3462 879 3514 qua:
907 3457 964 3498 ut
1000 3447 1254 3515 magistra
1295 3462 1378 3502 me
1442 3447 1510 3501 ab
1562 3463 1749 3502 errore
1800 3448 2056 3500 vindicet.

480 3537 826 3594 Seductionis
876 3537 1114 3608 pericula
1143 3538 1433 3608 suﬁlciunt,
1469 3539 1670 3594 alteras
1702 3538 1928 3594 insidias
1952 3554 2059 3592 non

481 3629 735 3684 admitto.

550 3807 607 3860 5.
647 3806 778 3870 Qua:
803 3808 1061 3874 concepit,
1091 3816 1140 3861 et
1182 3808 1377 3877 peperit
1407 3807 1565 3862 Cain.
1624 3806 1840 3860 Primus
1873 3817 2059 3873 partus

482 3907 587 3964 est,
617 3898 707 3968 qui
741 3899 950 3966 primus
984 3909 1187 3954 natura:
1237 3901 1339 3952 fuit
1393 3899 1653 3963 infestus;
1707 3899 1796 3965 qui
1856 3897 2062 3966 primus

481 3991 693 4058 aperuit
721 3991 953 4059 partioni
979 4006 1222 4055 cursum,
1263 3990 1469 4060 primus
1495 3993 1650 4042 morti
1690 4000 1874 4058 portas
1906 4000 2056 4057 pate-

2139 1079 2380 1150 γαστρὸς
2411 1078 2800 1146 ἀνεϐλάστησε.
2824 1077 2994 1131 Τοῦτο
3031 1079 3167 1151 πρὸς
3193 1080 3451 1149 ἔκπληξιν
3481 1082 3609 1143 τοὺς
3641 1097 3723 1133 τε-

2138 1171 2335 1234 κόντας
2367 1171 2638 1240 ἐκίνησεν.
2666 1165 2820 1222 Εἶδεν
2844 1171 2876 1240 ἡ
2906 1168 3019 1222 Εὕα
3044 1170 3175 1223 οὲαν
3211 1170 3537 1242 παράδοξον,
3563 1172 3724 1240 φύσιν

2139 1261 2361 1332 ἀριθμῷ
2423 1261 2872 1331 πλατυνομένην,
2924 1264 3018 1314 καὶ
3083 1262 3420 1333 μεριζόμενα.
3472 1263 3721 1333 σώματα,

1813 1351 1892 1406 Re
1935 1351 2042 1407 Deo
2076 1416 2112 1425 __
2145 1353 2242 1406 καὶ
2275 1353 2336 1405 τὸ
2367 1353 2553 1422 Θαῦμα
2576 1352 2921 1423 κηρύττουσα
2947 1351 3036 1405 τδν
3057 1353 3497 1425 δημιουργοῦντα
3525 1356 3727 1424 μαρτύ-

2150 1458 2306 1512 ρεται
2326 1457 2339 1470 ⁸
2374 1441 2760 1510 Ἔκτησάμην
2787 1441 3106 1509 ἄνθρωπον
3123 1443 3219 1497 διὰ
3245 1445 3349 1498 τοῦ
3375 1446 3542 1499 Θεοῦ.
3578 1447 3727 1515 Ὁμο-

2142 1531 2293 1599 λογεῖ
2319 1532 2410 1584 τὸν
2457 1531 2697 1584 πλαστου
2710 1531 2857 1600 ργδν,
2891 1532 3009 1603 Θεῷ
3038 1533 3099 1585 τὸ
3124 1533 3285 1604 ἔργον
3315 1535 3722 1606 προσφέρουσα.

2143 1621 2340 1683 Καλῶς
2377 1623 2492 1687 καὶ,
2521 1622 2618 1675 διὰ
2651 1623 2757 1675 τοῦ
2789 1623 2960 1686 Θεοῦ,
3000 1624 3097 1693 ούχ
3139 1625 3432 1695 ὑπουργὸν,
3466 1625 3602 1679 ἀλλά
3634 1626 3726 1695 δη·-

2147 1712 2407 1783 μιουργδν
2439 1712 2532 1766 τὸν
2564 1712 2815 1784 πλάστην
2868 1713 3234 1785 κηρύττουσα.
3275 1716 3601 1787 Αίσχύνθητι
3630 1717 3727 1787 τὴν

2144 1803 2310 1868 Εὕαν,
2344 1805 2556 1875 Ἀρειε,
2599 1805 2694 1857 καὶ
2720 1804 2928 1858 παῦσαι
2956 1805 3032 1875 τῷ
3053 1805 3168 1876 Υίῴ
3195 1806 3286 1859 τοῦ
3319 1806 3452 1859 Θεοῦ
3485 1807 3573 1860 διὰ
3609 1812 3727 1858 συὶ.-

2142 1894 2315 1964 λαεῆς
2339 1894 2593 1964 πολεμῶν
2615 1913 2627 1924 ·
2651 1895 2930 1966 αἱδὲσθητι
2954 1896 3053 1968 τὴν
3083 1898 3270 1968 κοινὴν
3293 1899 3401 1950 τῶν
3423 1898 3728 1970 ἀνθρώπων

2145 1986 2381 2055 μητέρα,
2416 1984 2804 2055 Θαυμάζουσαν
2835 1986 2927 2039 τὸν
2958 1989 3302 2059 Δημιουργδν
3348 1987 3438 2041 διὰ
3479 1988 3581 2058 τῆς
3619 2007 3731 2058 φω-

2145 2076 2261 2145 νῆς,
2292 2076 2391 2145 οὐχ
2423 2075 2786 2146 ὑϐρίζουσαν·
2821 2078 3027 2132 παῦσαι
3054 2079 3153 2149 τὴν
3174 2079 3266 2132 τοῦ
3297 2081 3437 2134 Κάῐν
3464 2079 3654 2135 Θυσίαν
3673 2082 3730 2132 ἐν

2143 2169 2210 2236 τῇ
2258 2166 2536 2237 δοξολογίᾳ
2591 2168 2949 2239 μιμούμενος.
3012 2173 3090 2222 Δι’
3129 2165 3203 2225 ὧν
3239 2172 3346 2242 γάρ
3399 2173 3729 2244 προσφέρεις

2143 2258 2237 2311 τὸν
2260 2258 2449 2328 ὕμνον,
2477 2257 2818 2330 βλασφημεῖς
2843 2261 2934 2314 τὸν
2963 2263 3303 2334 ὑμνούμενον
3331 2279 3342 2292 ·
3372 2263 3438 2316 δι’
3460 2258 3536 2318 ὧν
3561 2281 3612 2317 τι
3623 2266 3730 2334 μᾷν

2149 2351 2449 2419 προσποιῇ,
2504 2349 2603 2422 τὴν
2656 2351 2815 2416 ἀξίαν
2867 2353 3170 2426 λῃστεύεις.
3213 2356 3444 2427 ’Δτιμον
3485 2356 3560 2418 ὡς
3591 2356 3733 2408 Κάῖν

2147 2439 2225 2509 τῷ
2249 2441 2579 2511 Δημιουργῷ
2609 2441 2707 2511 τὴν
2736 2443 2901 2514 τιμὴν
2927 2446 3340 2517 προσκομίζεις.
3379 2446 3511 2498 Θεὸν
3539 2445 3734 2515 όμολο·

2148 2533 2286 2598 γεῖς,
2340 2531 2434 2584 καὶ
2493 2533 2699 2602 κτίσμα
2747 2538 2943 2599 ποιεῖς,
2981 2537 3075 2589 καὶ
3131 2538 3267 2608 μετὰ
3332 2538 3530 2607 μικρὸν
3569 2538 3736 2590 πάλιν

2154 2623 2445 2694 ἄνθρωπον
2489 2625 2772 2692 γεγονέναι
2824 2627 3137 2697 κηρύττεις,
3179 2631 3244 2681 ὲκ
3293 2631 3594 2698 κτίσματος
3656 2631 3737 2691 είς

2153 2713 2358 2783 κτίσμα
2422 2715 2816 2784 μταπλάττων
2895 2717 2984 2769 τὸν
3034 2718 3316 2785 κτίσαντα,
3369 2722 3460 2773 καὶ
3520 2721 3738 2788 γένεσιν

2154 2806 2419 2872 γενέσεως
2434 2805 2747 2870 ἀποτίκτεις
2767 2806 3008 2877 διάδοχον
3026 2824 3038 2837 ·
3068 2811 3160 2864 καὶ
3187 2811 3428 2872 ἀκούσας
3457 2812 3536 2863 ὅτι
3559 2812 3738 2882 σάρκα

2156 2895 2342 2948 λαϐὼν
2398 2896 2826 2966 ὲμψυχωμένην,
2884 2899 2983 2969 τὴν
3035 2901 3175 2972 ὑπὲρ
3232 2902 3390 2972 ἡμῶν
3423 2903 3737 2974 οἰκονομίαν

2158 2989 2477 3060 εἰργάσατο,
2527 2989 2664 3060 πρὸς
2711 2989 2874 3056 φύσιν
2921 2991 3021 3062 τὴν
3073 2993 3334 3064 σύλληψιν
3389 2995 3739 3064 οἰηθεὶς,τὴν

2160 3078 2470 3149 φανέρωσιν
2520 3079 2601 3141 είς
2655 3080 3054 3150 συμπλήρωσιν
3102 3083 3200 3152 τῆς
3245 3083 3502 3146 ἀσεϐείας
3549 3084 3739 3136 οὐσίαν

2159 3169 2573 3240 ικλογιζόμενος
2613 3170 2745 3236 (6‘2).
2801 3171 2940 3224 Ἀλλ’
2984 3173 3083 3241 ούχ
3129 3172 3301 3237 οὕτως
3346 3175 3378 3244 ἡ
3425 3173 3558 3234 Εὕα,
3599 3173 3738 3237 ἀλλ’,

2174 3262 2560 3331 Ἐκτησὰμην
2609 3262 2928 3330 ἄνθρωπον
2965 3263 3062 3318 διὰ
3099 3264 3206 3318 τοῦ
3252 3265 3423 3319 Θεοῦ.
3450 3261 3583 3318 Οἶδά
3615 3282 3737 3336 μου,

2162 3355 2318 3424 φησι,
2351 3354 2452 3424 τῆς
2495 3354 2646 3418 Θείας
2681 3355 2905 3424 ἐντολῆς
2951 3355 3050 3426 τὴν
3089 3355 3439 3427 παράϐασιν*
3480 3351 3596 3409 οἶδα
3646 3358 3742 3408 τοῦ

2162 3448 2500 3519 παραδείσου
2533 3448 2633 3518 τὴν
2661 3447 2957 3502 ἔκπτωσιν.
3017 3448 3379 3519 Ἐπαιδεύθην
3407 3443 3488 3511 οἷς
3521 3447 3738 3502 ἔπαθον.

2174 3538 2453 3608 Ὁμολογῶ
2485 3539 2579 3592 τὸν
2619 3541 2947 3610 τιμήσαντα,
3001 3539 3273 3610 ἐδεξάμην
3317 3539 3416 3608 τὴν
3475 3537 3745 3610 τιμωρίαν

2163 3630 2465 3708 ἀσφαλείας
2512 3631 2854 3686 διδάσκαλον.
2904 3633 3090 3702 Ἀρκεί
3126 3631 3227 3699 τῆς
3259 3630 3475 3700 ἀπάτης
3511 3632 3540 3683 ό
3567 3629 3746 3684 κίνδυο

2163 3739 2272 3785 νος,
2304 3721 2564 3793 δευτέραν
2597 3723 2889 3793 ἐπιϐουλὴν
2928 3723 2988 3776 ού
3026 3722 3417 3792 προσδέχομαι.

2234 3818 2302 3880 γ’.
2357 3813 2465 3866 Kal
2500 3815 2903 3868 συλλαϐοῦσα
2950 3813 3118 3866 ἔτεκε
3148 3813 3256 3867 τὸν
3294 3812 3462 3867 Κάιν.
3520 3811 3744 3882 Ἐτὲχοη

2164 3904 2401 3973 πρῶτος,
2445 3908 2472 3957 ό
2515 3905 2732 3976 πρῶτος
2777 3909 2842 3977 τῇ
2895 3906 3054 3972 φύσει
3107 3905 3399 3976 πολέμιοςο
3443 3906 3470 3956 ό
3529 3901 3746 3974 πρῶτος

2163 3996 2380 4060 ἀνοίξας
2410 3995 2490 4066 τῷ
2517 3997 2664 4067 τόκῳ
2692 3997 2782 4050 τὸν
2810 3998 3031 4067 δρόμον,
3069 3998 3283 4068 πρῶτος
3311 3997 3513 4065 ἡνέῳξε
3543 3995 3620 4065 τῷ
3652 3994 3746 4046 Θα-

481 4079 644 4147 fecit;
679 4083 766 4150 qui
804 4093 1012 4136 naturae
1055 4096 1277 4136 munere
1327 4083 1537 4150 primus
1593 4083 1656 4134 ad
1695 4084 1856 4134 vitam
1887 4083 2050 4145 venit1

2165 4088 2310 4158 νάτῳ
2338 4087 2436 4152 τὰς
2481 4087 2653 4151 πύλας
2678 4103 2691 4117 ·
2731 4089 2946 4158 πρῶτος
2977 4091 3055 4152 εἰς
3088 4089 3199 4158 βίον
3229 4087 3453 4158 δραμὼν
3495 4085 3572 4158 τῷ
3598 4084 3748 4156 νόμῳ

481 4173 763 4240 ctprimns
788 4174 919 4227 vitio
948 4173 1238 4227 voluntatis
1278 4173 1330 4225 in
1387 4174 1586 4226 credent
1649 4173 1780 4227 ruit.
1838 4171 2060 4225 Partum

483 4264 628 4317 hunc
656 4263 856 4318 Abelns
887 4264 1110 4334 excipit,
1151 4264 1240 4318 ille
1275 4264 1491 4332 quidem
1525 4274 1714 4316 natura
1747 4279 2058 4332 germanus,

483 4370 589 4408 non
622 4355 914 4410 voluntate.
944 4355 1169 4424 Aperuit
1202 4355 1348 4408 enim
1385 4355 1678 4408 discrimen
1748 4358 2059 4409 animorum

480 4444 848 4499 oacrillcatio:
877 4447 963 4501 lu‘c
987 4447 1133 4501 enim
1163 4461 1258 4514 per
1288 4460 1406 4498 eam
1437 4447 1543 4510 sui,
1576 4446 1662 4498 ille
1691 4446 1780 4501 Dei
1813 4447 2064 4516 cOgnitus

481 4545 565 4591 est
597 4547 826 4591 amator.
865 4535 1145 4606 Siquidem
1176 4536 1381 4591 Cainus
1407 4535 2063 4590 saeriﬁeationemnmltm

483 4626 600 4682 loco
628 4629 831 4682 ducens
867 4628 1190 4696 rejectaneis
1220 4627 1508 4682 sacriﬁciis
1562 4627 1826 4681 honorem
1873 4628 2066 4682 detulit

483 4716 770 4780 honorato,
830 4718 1131 4772 adulterata
1196 4728 1376 4771 mente
1429 4734 1745 4786 cauponans
1800 4721 2058 4789 pretium.

481 4806 680 4862 Abelus
704 4823 832 4863 vero
884 4809 1041 4878 longe
1085 4808 1276 4873 aliter;
1333 4810 1424 4878 qui
1472 4824 1594 4865 cum
1655 4812 1853 4865 donum
1903 4821 2047 4865 totus

573 4966 620 4998 ⁵⁸
643 4965 779 5021 Gen.
816 4979 891 5030 tv,
920 4965 973 5019 1.

2167 4176 2267 4243 τῆς
2312 4176 2549 4243 φύσεως,
2587 4177 2681 4228 καὶ
2730 4177 2951 4247 πρῶτος
2977 4179 3057 4240 είς
3092 4177 3250 4246 φόνον
3279 4175 3449 4228 ἐλθὼν
3478 4177 3542 4246 τῇ
3580 4173 3749 4244 κακίᾳ.

2167 4267 2266 4334 τῆς
2300 4267 2704 4337 προαιρέσεως.
2758 4268 3074 4338 Διαδέχεται
3125 4269 3216 4321 τὸν
3266 4268 3424 4321 τόκον
3477 4267 3505 4318 ὁ
3555 4266 3745 4329 Ἅϐελ,

2168 4356 2394 4425 ἀδελφὸς
2424 4359 2522 4427 μὲν
2551 4361 2649 4428 τὴν
2676 4359 2856 4428 φύσιν,
2891 4362 2991 4413 οὐκ
3024 4359 3254 4428 ἀδελφὸς
3285 4358 3380 4429 τὴν
3404 4358 3744 4429 προαίρεσιν.

2172 4448 2379 4512 Ἐδειξε
2409 4449 2517 4521 γὰρ
2545 4453 2576 4521 ἠ
2609 4451 2769 4505 Θυσία
2791 4453 2852 4506 τὸ
2879 4453 2976 4522 τῆς
2997 4451 3222 4521 γνώμης
3255 4451 3532 4521 διάφορον.
3569 4449 3626 4502 ὐ
3652 4449 3750 4519 μὲν

2170 4539 2281 4611 γὰρ
2325 4540 2606 4609 φίλαυτος,
2639 4544 2667 4596 ό
2709 4543 2765 4595 δὲ
2807 4543 3052 4612 φιλόθεος
3079 4542 3146 4594 δι’
3181 4541 3352 4611 αὐτῆς
3395 4537 3745 4610 ὲγ-ιωρίζετο.

2172 4633 2314 4685 Κάῖν
2351 4635 2450 4702 μὲν
2472 4634 2581 4705 γὰρ
2611 4635 2711 4705 τὴν
2745 4635 2937 4688 θυσίαν
2963 4633 3167 4704 ζημίαν
3193 4633 3519 4703 ἡγούμενος,
3554 4631 3616 4683 ὲκ
3643 4629 3751 4682 τῶν

2171 4724 2450 4794 ἀδοκίμων
2477 4725 2579 4797 τὴν
2625 4725 2791 4796 τιμὴν
2813 4725 2889 4796 τῷ
2917 4725 3216 4796 τιμωμένῳ
3248 4723 3631 4795 προσεκόμιζε,
3666 4737 3751 4772 νε·

2156 4817 2455 4889 νοθευμένῃ
2527 4819 2718 4890 γνώμῃ
2791 4819 2890 4889 τὴν
2951 4818 3117 4889 τιμὴν
3162 4816 3505 4888 καπηλεύων.
3580 4813 3638 4866 Ὀ
3690 4810 3750 4864 δὲ

1664 5184 1770 5242 CL.
1813 5185 2192 5254 DAUSQUEII
2232 5189 2468 5244 ΝΟΤΑΞ.

554 5358 664 5429 (6i)
707 5359 1023 5434 ,Ἐντεῦθεν
1054 5358 1446 5434 ἤρξατοτοὺς
1472 5361 1754 5431 λογικοὺς
1782 5362 2054 5434 στάχυας

478 5429 858 5501 ,ϐλαστάνειν
900 5429 937 5496 ἡ
985 5431 1188 5498 φύσις.
1241 5429 1577 5485 Uberrimum
1614 5429 1935 5501 proventum
1962 5429 2059 5487 ho-

481 5501 684 5554 minum
720 5503 819 5554 hoc
850 5499 1099 5575 I_oqne_ndi
1124 5515 1291 5575 genus
1323 5499 1783 5572 convolvit,‘quod
1811 5503 2057 5575 Euripidi

481 5583 760 5653 acceptum
790 5569 966 5624 refero
989 5569 1271 5625 Plrwnissis
1309 5586 1327 5623 :

584 5706 733 5773 Γῆν,
764 5707 816 5779 ἧν
836 5708 966 5761 ποθ’
989 5707 1132 5779 ᾐμῖν
1164 5709 1607 5779 χρυσοπήληκα
1641 5707 1880 5778 στάχυν

585 5778 872 5849 Σπαρτῶν
894 5778 1142 5847 ἀνῆκεν.
1184 5821 1195 5832 .
1239 5819 1252 5832 .
1297 5819 1310 5834 .
1355 5821 1368 5835 .
1439 5827 1445 5834 .

2276 5367 2407 5442 Q_me
2434 5377 2572 5423 terra
2603 5372 2751 5428 nobis
2785 5374 3008 5428 credidit
3036 5373 3259 5442 Sparta:
3289 5387 3475 5426 novam

2277 5437 2500 5493 Messem
2539 5444 2714 5497 aureis
2744 5444 2908 5514 galeis
2941 5437 3244 5498 micantem.
3285 5480 3301 5495 .
3345 5480 3361 5496 .

2240 5552 2353 5626 (69.)
2406 5554 2904 5624 Ἐκλογιζόμενος.
2942 5558 3035 5609 Ἐκ
3091 5556 3358 5626 signiﬁcat
3409 5554 3574 5610 animi
3625 5569 3751 5625 pro-

2169 5624 2500 5749 gressionem
2555 5640 2621 5682 ex
2653 5627 2856 5683 Christi
2918 5624 3357 5682 manifesiatione
3404 5628 3470 5682 ad
3506 5624 3778 5698 ejus’nav

2196 5708 2367 5752 uram.
