4010 6420
341 367 412 434 83
1557 372 1834 431 BASILII
1877 371 2427 432 SELEUCIENSIS
3555 366 3630 434 84

343 499 400 544 et
448 489 652 545 diluvio
714 490 1137 560 circumquaque
1182 487 1452 544 'obsessus
1507 489 1907 560 iucousumptm

2032 487 2335 558 τακλυσμῷ
2370 487 2634 541 πάντοθεν
2667 486 3146 558 πολιορκούμενος,
3176 487 3452 551 ἀνάλωτος
3495 487 3629 557 εμε-

344 579 621 646 manebat,
655 580 748 650 qui
789 591 1170 636 creaturarum
1206 581 1461 636 servabat
1505 579 1786 650 reliquias,
1820 581 1915 651 qui

343 670 439 725 Dei
488 673 758 726 creaturis
797 681 980 727 custos
1035 673 1311 742 appositus
1359 681 1497 735 erat,
1544 672 1634 740 qui
1685 673 1737 725 in
1795 689 1921 725 arca

343 763 489 818 velut
535 780 661 818 arce
705 764 940 819 stadium
976 765 1319 828 decurrebat,
1346 765 1438 836 qui
1501 773 1750 818 creatura
1788 779 1921 816 nau-

344 855 570 925 fragium
599 856 839 910 faciente
869 856 1080 926 placide
1105 858 1251 912 solus
1291 857 1638 922 enavigabat,
1697 857 1785 925 qui
1820 855 1923 910 ﬁde

344 955 401 999 et
424 945 572 1014 ligno
597 945 857 1001 diluvioni
889 947 994 1001 vim
1029 946 1310 1004 afferebat.
1335 945 1378 1001 0
1410 962 1496 1000 res
1521 947 1917 1016 inopinabiles!

340 1037 620 1105 Quomodo
652 1055 778 1094 arca
817 1042 1091 1095 montibus
1124 1040 1261 1094 illisa
1296 1054 1400 1094 non
1439 1041 1560 1094 est?
1602 1040 1740 1093 Area
1783 1039 1923 1108 {ere-

341 1130 516 1196 batur,
547 1132 742 1200 inquit,
774 1148 932 1198 super
965 1150 1130 1202 aquas
1155 1132 1219 1195 “,
1256 1132 1401 1187 velut
1440 1132 1715 1187 curriculo
1758 1133 1921 1188 undis

341 1222 586 1286 invecta;
631 1241 736 1276 nun
781 1225 1133 1288 proscindens
1175 1223 1434 1279 ﬂuctuum
1463 1225 1771 1294 profunda,
1822 1225 1919 1280 sed

338 1313 587 1380 cquitans
626 1314 678 1368 in
732 1315 850 1369 salo
898 1315 1043 1369 velut
1089 1316 1142 1369 in
1194 1316 1333 1381 solo,
1385 1317 1503 1372 vice
1557 1317 1752 1373 baseos
1803 1329 1921 1374 erat

339 1403 580 1474 pelagus,
612 1416 667 1460 et
690 1422 830 1462 arca:
862 1407 1318 1464 substernebatur
1347 1409 1626 1464 inundatio
1652 1411 1807 1479 quasi
1835 1411 1918 1465 via

339 1495 573 1562 publica.
623 1495 736 1552 Hoc
783 1498 904 1553 ﬁdei
939 1499 1280 1554 vehiculum!
1326 1500 1444 1554 haec
1485 1510 1699 1555 natura:
1745 1512 1921 1557 custo-

338 1584 460 1639 dia!
492 1585 536 1642 0
566 1602 693 1643 arca
745 1589 1001 1658 paradiso
1034 1591 1281 1644 ﬁrmior!
1321 1591 1427 1646 illic
1479 1607 1712 1661 namque
1793 1609 1920 1648 runt

339 1675 462 1732 aliis
512 1679 802 1749 navigabat
848 1696 1072 1750 serpens
1112 1682 1264 1753 :30
1304 1683 1413 1737 illic
1466 1683 1669 1754 lignum
1726 1687 1918 1742 mortis

341 1765 440 1820 fuit
469 1766 928 1836 instrumentum;
983 1772 1070 1827 hic
1115 1772 1316 1842 lignum
1366 1773 1556 1829 salutis
1590 1774 1688 1828 fuit
1717 1778 1917 1846 guber-

2031 595 2120 631 νεν
2150 580 2178 631 6
2215 577 2324 630 τῶν
2358 579 2457 646 τῆς
2503 575 2734 641 κτίσεως
2779 576 3051 648 λειψάνων
3096 580 3353 648 ταμείας,
3391 579 3419 628 6
3454 579 3628 648 φύλαξ

2027 669 2136 722 τῶν
2166 667 2260 722 τοῦ
2305 668 2440 722 Θεοῦ
2488 668 2987 738 δημιουργημάτων
3031 671 3275 740 ταχθεὶς,
3305 672 3334 724 6
3371 672 3626 744 καθάπερ

2026 761 2086 812 ἐν
2129 761 2423 831 ἀκροπόλει
2457 763 2522 832 τῇ
2555 759 2773 831 κιϐωτῷ
2815 761 3168 825 σταδιεύσας,
3204 766 3231 816 6
3265 764 3366 833 τῆς
3395 763 3627 828 κτίσεως

2026 853 2373 924 ναυαγούσης
2404 852 2562 923 μόνος
2597 854 2827 923 γαληνὸς
2864 853 2939 918 ὡς
2968 855 3321 917 διαπλεύσας,
3380 857 3408 906 6
3441 857 3625 909 πίστει

2026 946 2120 999 καὶ
2169 945 2310 1015 ξύλῳ
2354 946 2444 997 τὸν
2495 945 2876 1014 κατακλυσμὸν
2930 947 3278 1015 βιασάμενος.
3333 949 3395 998 Ὢ
3440 965 3621 1015 παρα-

2024 1038 2192 1104 δόξων
2233 1037 2608 1108 πραγμάτωνι
2645 1039 2771 1101 Πῶς
2803 1041 2834 1108 ὴ
2882 1039 3116 1102 κιϐωτὸς
3149 1039 3210 1092 ού
3261 1042 3621 1112 προσερρἁη

2023 1133 2134 1194 τοῖς
2172 1130 2389 1202 δρεσινς
2433 1129 2809 1198 Ἔπερέρετο,
2843 1132 3033 1199 φησιν,
3071 1131 3108 1198 ἡ
3142 1132 3392 1194 κιϐωτὸς
3419 1130 3623 1184 ἐπάνω

2023 1221 2130 1274 τοῦ
2167 1219 2410 1285 ὕδατος,
2444 1219 2788 1288 ἐποχουμένη
2830 1222 2942 1282 τοῖς
2973 1218 3247 1288 κύμασιν-
3285 1221 3384 1272 οὐκ
3425 1219 3621 1272 ἀνατέ-

2029 1329 2237 1382 μνουσα
2266 1311 2376 1364 τῶν
2420 1311 2684 1380 κυμάτων
2723 1311 2790 1364 τά
2822 1311 2984 1380 βάθη,
3016 1311 3134 1364 ἀλλ’
3163 1310 3259 1362 ἐπὶ
3288 1310 3398 1362 τῶν
3441 1310 3621 1380 κυμά-

2021 1419 2131 1455 των
2163 1401 2237 1465 ὡς
2280 1403 2367 1455 ἐπ’
2394 1401 2623 1470 ἐδάφους
2661 1400 3042 1470 ἱππαζομένη,
3082 1399 3239 1470 βάσιν
3284 1400 3347 1452 τὸ
3383 1399 3618 1466 πέλαγος

2021 1495 2238 1565 ἔχουσα,
2287 1498 2381 1547 καὶ
2425 1495 2682 1564 καθάπερ
2726 1493 2999 1566 λεωφόρος
3029 1495 3057 1547 6
3089 1492 3474 1562 κατακλυσμὸς
3508 1493 3616 1544 ὐπ-

2020 1585 2378 1656 εστρώννυτο.
2427 1585 2598 1638 Τοῦτο
2651 1585 2887 1648 πίστεως
2928 1585 3145 1655 ὄχημα,
3197 1583 3358 1637 τοῦτο
3399 1583 3616 1653 φύσεως

2020 1678 2408 1748 φυλακτήριον.
2454 1674 2523 1730 Ὢ
2573 1676 2805 1740 κιϐωτὸς
2847 1677 3183 1745 παραδείσου
3235 1675 3609 1747 βεϐαιωτέραί

2037 1769 2188 1822 Ἐκεῖ
2221 1769 2320 1837 μέν
2354 1769 2463 1840 γὰρ
2493 1770 2616 1837 δφις
2649 1769 2944 1822 συνέπλεεν
2962 1767 3094 1839 (80),
3119 1771 3241 1822 ἐκεῖ
3272 1770 3425 1833 ξύλον
3451 1768 3616 1823 θανά-

340 1858 593 1913 naculum
629 1877 642 1913 :
678 1860 788 1916 illic
838 1863 1102 1918 Adamum
1150 1865 1492 1932 pra-varicari
1535 1868 1792 1932 docebat;
1831 1869 1907 1925 hic

2027 1874 2122 1912 του
2166 1861 2391 1930 γέγονεν
2439 1860 2689 1929 ὄργανον·
2727 1861 2958 1914 ἐνταῦθα
3001 1861 3158 1928 ξύλον
3195 1861 3469 1932 σωτηρίας
3507 1877 3618 1932 πη-

339 1951 586 2021 perfugio
624 1950 886 2008 Noemum
930 1956 1080 2025 petit.
1135 1956 1179 2011 0
1226 1957 1426 2012 Noeme
1472 1959 1750 2015 hominum
1788 1977 1914 2029 pro-

334 2041 516 2112 guitor
546 2044 754 2100 Adamo
784 2045 1171 2102 auteferende!
1208 2063 1241 2102 o
1287 2050 1537 2119 imaginis
1570 2052 1660 2106 Dei
1710 2052 1918 2108 ﬁrmior

335 2137 681 2190 asservator!
711 2151 744 2192 0
775 2137 866 2208 qui
905 2138 1047 2201 ﬁnis,
1087 2155 1302 2211 unaque
1345 2143 1671 2213 principium
1705 2155 1916 2201 natura:

336 2224 515 2282 fuisti!
561 2243 594 2284 o
623 2228 858 2285 faustum
889 2231 1251 2288 humanitatis
1281 2235 1530 2290 conﬁne!
1564 2252 1596 2288 ο
1621 2237 1712 2306 qui
1749 2239 1916 2292 tutior

332 2317 529 2375 divina:
559 2320 817 2377 bonitatis
863 2323 1148 2392 ﬁdo-jussor
1184 2325 1444 2381 illuxisti!
1483 2344 1514 2382 ο
1542 2328 1630 2397 qui
1659 2345 1915 2400 grassan-

336 2420 442 2462 tem
495 2424 590 2477 per
635 2426 806 2479 genus
860 2414 1157 2469 humanum
1214 2420 1646 2473 exsecrationem
1691 2421 1909 2476 stitisti!

331 2500 682 2568 oimpietatis
711 2505 961 2573 exitium,
998 2506 1230 2578 ﬁdeique
1274 2509 1459 2564 radix!
1500 2526 1533 2566 ο
1578 2512 1668 2581 qui
1715 2513 1911 2566 oblite-

333 2601 510 2644 ratum
543 2592 796 2662 imaginis
821 2595 963 2650 illius
983 2598 1362 2654 characterem
1390 2600 1697 2657 reformasti
1721 2604 1735 2657 !
1763 2621 1795 2659 ο
1821 2605 1909 2673 qui

330 2681 497 2736 divini
554 2685 735 2752 operis
805 2687 1012 2741 semina
1072 2691 1402 2744 reservasti!
1467 2707 1499 2746 ο
1554 2693 1644 2763 qui
1706 2705 1911 2750 natura:

329 2787 523 2828 causas
568 2775 620 2829 iu
662 2787 711 2830 te
744 2778 1060 2847 complexus
1104 2783 1191 2834 es!
1234 2798 1284 2845 ο,
1339 2783 1495 2853 cujus
1531 2799 1635 2853 ope
1673 2785 1912 2841 redarsit

330 2875 540 2922 naturae
588 2869 860 2925 scintilla!
899 2886 933 2927 ο
963 2872 1162 2930 diluvie
1210 2875 1530 2930 violentior!
1564 2892 1597 2932 ο
1636 2877 1758 2933 ﬁdei
1809 2894 1909 2934 cu-

327 2969 444 3016 stos
472 2961 866 3018 tutissimet'l‘u
903 2966 1047 3020 enim
1083 2967 1345 3023 inundato
1389 2969 1708 3024 continente
1759 2971 1912 3041 pela-

325 3069 425 3122 gus
459 3054 602 3110 illius
629 3056 802 3112 vicem
831 3057 1004 3113 fecisti
1034 3059 1349 3126 habitabile,
1396 3063 1702 3130 repressisti
1733 3066 1908 3121 sacri-

325 3145 450 3201 ﬁcio
501 3147 724 3204 alterius
767 3150 956 3204 diluvii
988 3163 1292 3219 terrorem;
1331 3164 1385 3208 tu
1423 3157 1675 3226 recepisti
1709 3171 1739 3211 a
1794 3156 1904 3213 Deo

2019 1951 2218 2005 δάλιον.
2262 1952 2411 2004 Ἐκεῖ
2459 1951 2548 2003 τὸν
2586 1951 2755 2020 Ἀδὰμ
2798 1952 3125 2022 παραϐάτην
3182 1953 3495 2006 ἐδίδασκεν
3528 1955 3615 2006 ἐν-

2017 2043 2194 2098 ταῦθα
2222 2043 2470 2114 πρόσφυξ
2501 2043 2575 2112 τῷ
2602 2043 2721 2095 Νῶε
2753 2044 3136 2114 προσέρχεται.
3157 2039 3227 2098 Ὦ
3257 2047 3487 2115 πρόγονε
3516 2046 3612 2100 τοῦ

2018 2134 2244 2200 γένους,
2287 2133 2379 2186 τοῦ
2417 2132 2588 2201 ’Λδαμ
2627 2132 2952 2203 τιμιώτερεί
2988 2129 3032 2188 ὦ
3068 2136 3165 2205 τῆς
3204 2137 3354 2199 θείας
3403 2138 3612 2201 εἰκόνος

2019 2226 2333 2296 βεϐαιότερε
2371 2225 2575 2293 φύλαξί
2610 2220 2654 2277 ὦ
2689 2225 2839 2288 τέλος
2868 2226 3004 2294 ὁμοῦ
3040 2230 3133 2280 καὶ
3163 2228 3306 2299 ἁρχὴ
3343 2232 3407 2298 τῇ
3447 2229 3609 2297 φύσει

2017 2318 2340 2386 γενόμενοςί
2367 2311 2411 2369 ὧ
2442 2317 2692 2388 μεθόριον
2720 2316 2924 2384 ἀγαθὸν
2951 2317 3406 2388 ἀνθρωπότητοςί
3439 2313 3484 2372 ὦ
3509 2320 3609 2389 τῆς
3635 2316 3656 2333 ¹

2016 2410 2166 2473 Θείας
2200 2409 2533 2477 άγαοότητος
2566 2409 2842 2478 ἐγγυητὴς
2872 2409 3061 2476 φανεὶς
3088 2411 3527 2481 ἀσφαλέστεροςί
3560 2405 3607 2464 ὧ

2018 2503 2223 2572 στήσας
2253 2500 2498 2571 κατάραν
2528 2501 2667 2552 κατὰ
2697 2500 2789 2553 τοῦ
2832 2501 3026 2567 γένους
3064 2499 3392 2555 δδεύουσανί
3431 2495 3475 2554 ὢ
3509 2502 3608 2555 πέο

2020 2611 2117 2664 ρας
2152 2593 2426 2655 ἀσεϐείας,
2469 2592 2563 2644 καὶ
2595 2591 2718 2662 ῥίζα
2747 2593 3035 2662 γενόμενος
3085 2594 3350 2657 πίστεωςί
3387 2587 3432 2647 ὦ
3483 2596 3608 2659 τοὺς

2013 2685 2112 2754 τῆς
2159 2684 2363 2746 εἰκόνος
2422 2685 2777 2754 χαρακτῆρας
2841 2684 3243 2753 άπαλειφέντας
3298 2687 3602 2739 ἀνακτισά-

2018 2779 2172 2848 μενεί
2197 2771 2242 2831 ὧ
2274 2776 2372 2845 τῆς
2397 2777 2488 2829 τοῦ
2516 2776 2651 2830 Θεοῦ
2676 2776 3041 2846 δημιουργίας
3069 2779 3316 2846 τηρήσας
3343 2776 3414 2830 τὰ
3440 2777 3606 2847 σπέρ-

2019 2870 2192 2939 ματαε
2223 2862 2268 2919 ὦ
2297 2869 2394 2931 τὰς
2426 2867 2679 2938 ἀφορμάς
2711 2869 2806 2937 τῆς
2854 2868 3069 2936 φύσεως
3109 2870 3166 2920 ἐν
3202 2869 3381 2938 σαυτῷ
3429 2886 3601 2922 κατα·

2017 2960 2194 3032 σχὼνί
2227 2954 2273 3013 ὦ
2303 2959 2660 3028 σϐεννύμενον
2692 2959 2904 3027 ἀνάψας
2934 2959 3025 3012 τὸν
3074 2959 3346 3030 σπινθῆρα
3373 2962 3471 3030 τῆς
3499 2959 3602 3028 φύ-

2017 3053 2191 3116 σεωςί
2237 3046 2283 3106 ὧ
2328 3051 2714 3122 κατακλυσμοῦ
2777 3050 3084 3122 βιαιότερεί
3122 3045 3167 3105 ὦ
3217 3052 3457 3116 πίστεως
3508 3053 3600 3124 βε-

2017 3145 2266 3199 ϐαιότατε
2289 3145 2496 3215 φύλαξ·
2531 3146 2594 3198 σὺ
2624 3145 2730 3215 γὰρ
2755 3145 2996 3198 κατακλυ
3011 3145 3227 3215 τθείσης
3259 3145 3513 3215 ἠπείρου,
3539 3146 3601 3199 τὸ

1018 3204 1030 3207 -
1279 3204 1292 3219 ,
1333 3204 1384 3208 -_
1424 3204 1675 3226 ----,----
1710 3204 1739 3211 _
1794 3204 1900 3213 --ν

322 3239 634 3295 securitatis
673 3239 867 3297 futurae
905 3243 1154 3324 pignora,
1193 3260 1221 3298 a
1247 3247 1680 3314 perniciabilium
1725 3265 1904 3304 rerum

2015 3236 2252 3306 πέλαγος
2282 3204 2358 3300 ως
2391 3204 2880 3307 ἤπειρολέκτισας
2914 3236 3050 3305 (8|),
3099 3204 3334 3306 έστησας
3366 3204 3457 3290 δὶά
3501 3204 3597 3289 θυ-

322 3330 733 3397 exspectatione
760 3341 1067 3388 creaturam
1097 3336 1385 3392 vindicasti
1417 3347 1494 3399 et.
1529 3351 1584 3394 ut
1607 3340 1718 3394 Deo
1752 3341 1902 3395 cordi

321 3419 394 3472 sit
426 3419 640 3491 religio,
675 3424 1000 3491 patefecisti,
1032 3425 1176 3482 fuisti
1208 3431 1349 3498 apud
1382 3429 1552 3486 Deum
1600 3433 1807 3500 majore
1851 3432 1903 3486 in

323 3511 522 3580 pretio,
572 3513 734 3584 idque
782 3517 905 3572 ﬁdei
956 3519 1174 3575 merito.
1229 3519 1274 3574 0
1329 3521 1546 3577 virtutis
1602 3523 1896 3592 magister!

320 3619 355 3655 ο
387 3605 480 3673 qui
509 3608 753 3663 homines
782 3610 1067 3678 edocuisti,
1094 3613 1292 3681 quibus
1318 3613 1531 3670 Numen
1558 3616 1857 3670 honoretur
1886 3633 1898 3669 :

321 3696 408 3752 cui
435 3697 606 3768 gloria
643 3701 995 3771 sempiterna.
1030 3704 1223 3760 Amen.

913 3983 1175 4041 ORATIO
1213 3985 1300 4041 Vl.

780 4098 1034 4169 Ejusdem
1062 4099 1118 4152 in
1151 4097 1436 4154 Noemum.

387 4212 443 4270 1.
488 4212 681 4285 Neque
701 4223 898 4270 vestra:
925 4214 1217 4269 audientiae
1242 4214 1548 4271 divinorum
1584 4231 1898 4273 sermonum

315 4306 649 4362 desiderium
702 4307 754 4362 in
808 4309 976 4365 Deum
1026 4323 1358 4378 propensum
1406 4308 1620 4373 defuit,
1677 4325 1896 4380 neque,

315 4412 478 4467 quem
521 4407 708 4453 nostra
748 4399 1038 4455 verborum
1073 4410 1289 4470 egestas
1335 4408 1510 4465 creat,
1560 4410 1738 4457 metus
1799 4402 1900 4456 im-

319 4486 563 4542 minutus
607 4497 710 4543 est.
759 4486 915 4544 Licet
965 4500 1148 4544 autem
1187 4504 1281 4544 vos
1319 4504 1386 4544 ex
1429 4504 1490 4544 ea
1534 4504 1594 4546 re
1639 4490 1896 4545 virtutem

2011 3329 2133 3381 σίαν
2163 3328 2551 3399 κατακλυσμοῦ
2584 3329 2839 3399 δευτέρου
2881 3331 2972 3382 τὸν
3007 3328 3194 3398 φόϐον,
3238 3328 3405 3394 ἐδέξω
3438 3329 3593 3400 παρὰ

2006 3420 2144 3473 Θεοῦ
2170 3421 2268 3489 τῆς
2309 3421 2533 3491 ὕστερον
2567 3420 2866 3488 ἀσφαλείας
2901 3421 3155 3490 ἐνέχυρα,
3192 3420 3436 3490 ἔφθασας
3477 3420 3602 3489 φθοο

2007 3512 2230 3583 ροποιοῦ
2261 3512 2591 3584 προσδοκίας
2614 3511 2713 3581 τὴν
2742 3512 2938 3578 κτίσιν,
2968 3510 3172 3576 ἔδειξας
3199 3511 3332 3564 Θεὸν
3360 3511 3597 3583 ἐραστὴν

2005 3603 2308 3667 εὐσεϐείας,
2352 3603 2557 3672 ἐφάνης
2599 3602 2719 3673 Θεῷ
2760 3602 2848 3657 διὰ
2879 3602 3113 3665 πίστεως
3157 3601 3500 3674 τιμιώτερος.
3526 3602 3598 3657 Ὦ

2006 3689 2302 3759 παιδευτὴς
2341 3690 2546 3760 ἀρετῆς
2596 3693 2706 3754 τοῖς
2752 3689 3060 3760 ἀνθρώποις
3095 3691 3389 3762 γενόμενεί
3423 3686 3468 3744 ὧ
3516 3692 3596 3746 δι-

2003 3780 2168 3848 δάξας
2209 3781 2532 3854 ἀνθρώπους
2563 3783 2734 3847 ποίοις
2764 3783 2822 3835 τὸ
2849 3783 3002 3837 Θεῖον
3029 3781 3335 3848 δοξάζεται.
3369 3782 3527 3855 Αὐτῷ
3559 3784 3594 3854 ἡ

2002 3873 2129 3939 δόξα
2155 3876 2232 3939 εἰς
2262 3875 2386 3939 τοὺς
2418 3874 2641 3939 αἰῶνας.
2682 3874 2875 3945 Ἀμήν.

2608 3987 2829 4042 ΛΟΓΟΣ
2860 3991 2954 4057 ς’.

2314 4103 2426 4158 Τοῦ
2459 4101 2646 4157 αὐτοῦ
2675 4103 2763 4168 εἰς
2789 4102 2896 4156 τὸν
2919 4102 3111 4157 αὐτὸν
3143 4101 3290 4158 Νῶε.

2073 4225 2140 4270 α’.
2185 4215 2324 4269 Οὔτε
2359 4215 2455 4285 τὴν
2485 4213 2754 4284 ὑμετέραν
2785 4215 2978 4286 ἀκοὴν,
3003 4217 3031 4269 6
3063 4215 3170 4269 τῶν
3205 4214 3364 4268 θείων
3397 4214 3593 4282 λογίων

2004 4306 2251 4377 φιλόθεος
2283 4305 2624 4358 ἐπιλέλοιπεν
2658 4305 2817 4376 ἔρως,
2844 4305 2966 4360 οὔτε
2998 4307 3096 4378 τῆς
3127 4307 3402 4378 ἡμετέρας
3430 4308 3486 4360 ἐν
3511 4306 3592 4361 λόο

2002 4416 2120 4469 γοις
2157 4397 2345 4460 πενίας
2369 4399 2397 4452 6
2432 4397 2595 4467 φόϐος
2623 4399 2952 4468 ἠλάττωται.
2998 4398 3139 4451 Ἀλλ’
3161 4400 3319 4469 ὑμεῖς
3363 4399 3461 4467 μὲν
3494 4398 3591 4450 αύ-

2001 4491 2158 4544 τόθεν
2182 4491 2280 4560 τὴν
2310 4491 2410 4561 τῆς
2441 4492 2940 4562 ταπεινοφροσύνης
2975 4492 3175 4564 ἀρετὴν
3220 4488 3588 4556 ἐπεδείξασθε,

315 4579 638 4636 humilitatis
663 4582 1103 4646 demonstrastis,
1128 4581 1272 4651 quod
1295 4581 1584 4634 verborum
1604 4595 1895 4650 pauperem

2015 4581 2064 4635 τὸ
2107 4580 2199 4634 τοῦ
2233 4555 2392 4650 λόγου
2439 4583 2654 4650 πτωχὸν
2678 4555 3286 4654 τάγαπήσαντεςίήμῖν
3314 4582 3369 4635 δὲ
3406 4555 3588 4633 πλεῖον

315 4670 642 4727 desideretis
676 4671 876 4727 :nobis
911 4681 1093 4726 tamen
1145 4679 1467 4741 argumenta
1510 4686 1614 4726 non
1665 4672 1898 4742 amplius

305 4759 560 4818 sufﬁcere
592 4773 800 4834 queunt
846 4763 1042 4818 divinae
1088 4775 1282 4819 vestrae
1315 4764 1660 4834 appetentiaa.
1706 4765 1896 4835 Atqui

314 4851 558 4923 quinque
590 4855 823 4923 panibus
857 4857 1079 4911 totidem
1113 4859 1260 4927 pavit
1290 4857 1570 4911 hominum
1616 4855 1808 4921 millia,
1838 4863 1895 4909 et

314 4939 704 5010 discipulorum
757 4954 1131 5014 paupertatem
1178 4945 1368 5014 gratia:
1418 4946 1623 5001 divitiis
1678 4946 1888 5010 erexit,

315 5030 404 5086 ille
437 5042 492 5088 et
526 5035 678 5089 vobis
711 5049 808 5098 per
843 5050 940 5089 nos
980 5037 1243 5090 doctrina:
1276 5051 1520 5092 mensam
1568 5036 1882 5108 explicabit.

404 5193 448 5225 “
472 5192 609 5251 Gen.
641 5210 738 5257 vn,
769 5193 852 5248 l8.

2004 4673 2055 4725 οἰ
2082 4671 2292 4742 ἔλεγχοι
2320 4672 2454 4743 πρὸς
2477 4672 2657 4726 ἔνθεον
2679 4673 2857 4746 δρεξιν
2881 4675 3145 4740 ἐπαρκεῖν
3167 4674 3268 4726 οὐκ
3295 4671 3587 4742 ἰσχύουσιν.

2018 4763 2155 4816 Ἀλλ’
2179 4764 2207 4816 6
2236 4763 2398 4817 πέντε
2440 4764 2625 4836 ἄρτοις
2654 4765 3123 4836 πεντακισχιλίους
3164 4767 3455 4836 χορτάσας,
3493 4762 3590 4816 καὶ

2001 4855 2101 4927 τὴν
2138 4855 2245 4908 τῶν
2281 4855 2539 4927 μαθητῶν
2584 4856 2776 4909 πενίαν
2822 4856 2902 4926 τῷ
2953 4855 3172 4926 πλούτῳ
3215 4857 3314 4927 τῆς
3369 4857 3586 4927 χάριτος

1999 4947 2450 5019 διορθωσάμενος,
2479 4945 2639 5010 αὐτὸς
2663 4947 2758 5001 καὶ
2785 4948 2913 5018 ὑμῖν
2939 4949 3004 5003 δι’
3033 4949 3188 5019 ἡμῶν
3217 4947 3457 5001 άπλὼσει
3485 4946 3587 5016 τῆς

1995 5038 2342 5103 διδασκαλίας
2371 5037 2470 5110 τὴν
2497 5038 2794 5109 τράπεζαν.
2827 5039 3024 5111 Πρώην
3057 5041 3158 5111 μὲν
3199 5037 3292 5095 οῦν
3325 5041 3453 5110 ὑμῖν
3487 5039 3587 5109 τὴν

1533 5353 1642 5410 CL.
1677 5352 2051 5421 DAUSQUEII
2098 5351 2330 5409 ΝΟΤΑΕ.

386 5502 496 5572 (80)
534 5503 706 5578 _’E2¢si
757 5502 874 5574 μὲν
917 5507 1026 5576 ’μὰρ
1085 5507 1221 5578 ὄφις
1269 5510 1628 5566 συνέπλεεν.
1669 5512 1885 5568 Defecta

312 5575 619 5648 sententia;
667 5589 801 5648 nant
818 5589 941 5648 cum
969 5575 1190 5633 dixisset
1224 5597 1237 5633 :
1271 5579 1356 5632 lbi
1384 5597 1593 5648 serpens
1634 5585 1883 5638 connavi-

311 5641 467 5718 gebat
491 5659 512 5718 ζ
540 5641 715 5718 deest,
756 5645 857 5699 Hic
889 5651 1109 5717 arrepsit
1143 5651 1196 5703 in
1227 5641 1478 5718 fraudem'
1499 5654 1748 5715 hominis,
1789 5662 1886 5708 aut

310 5714 439 5790 quid
465 5715 662 5790 simile.
682 5719 772 5790 _An
799 5714 1178 5790 ergqserpens
1213 5714 1265 5775 in
1290 5721 1566 5790 arcatqni
1618 5714 1880 5777 Noemum

312 5783 558 5863 perfugio
588 5783 891 5862 petiverit?"
917 5783 1102 5848 Plane.
1133 5789 1267 5847 Gen.
1297 5805 1349 5846 γι
1389 5809 1400 5847 ;
1437 5783 1509 5844 Εἰ
1533 5806 1597 5847 ex
1627 5793 1767 5847 omni
1801 5809 1881 5848 re-

1993 5513 2132 5594 ptili.
2158 5522 2314 5566 terra:
2364 5514 2649 5567 secundum
2690 5530 2850 5585 genus
2882 5529 3072 5580 suum;
3103 5515 3265 5584 male,
3298 5515 3388 5588 qui
3425 5515 3584 5574 aliter

1994 5594 2297 5723 8826.6;mf6
2328 5651 2592 5722 πέλαγος
2627 5655 2708 5719 ὡς
2751 5653 3002 5724 ἤπειρον
3031 5655 3295 5722 ἔκτισας.
3323 5628 3606 5719 ’Έκτισαςι

1991 5737 2088 5792 pro
2101 5723 2271 5793 fecisti
2298 5724 2611 5787 habitabile,-
2643 5734 2698 5776 ut
2718 5727 2786 5779 ab
2809 5723 2996 5782 eodem
3021 5726 3185 5783 verbo
3209 5727 3360 5783 duxit
3381 5727 3579 5785 liente-

1987 5808 2100 5866 rus,
2133 5793 2420 5854 ἑΰκτιστον
2448 5793 2780 5868 πτολίεθρον.
