4010 6414
443 265 556 333 ³10⁸1

1648 262 1924 324 BASILII
1965 264 2504 325 SELEUCIENSIS

3631 264 3726 327 103

451 383 592 449 Quid
649 397 714 436 ex
746 396 932 435 amore
985 380 1216 432 lamenta
1275 376 1610 431 concinnas?
1655 373 1877 429 llliusne
1936 376 2030 429 lilii

2143 379 2236 441 τάς
2294 378 2480 446 χεῖρας
2536 374 2792 439 ἐξέτεινα.
2851 376 3127 447 Πατρικάς
3194 375 3397 437 ἱκεσίας
3444 375 3730 446 δεξάμενος

452 475 716 544 snguine
760 474 1040 528 dexteram
1097 470 1409 539 inquinabo,
1454 482 1550 538 pro
1579 482 1686 536 quo
1727 469 1888 520 toties
1935 482 2035 536 ego

456 569 552 620 tibi
589 579 780 620 manus
803 565 1018 618 extendi
1046 565 1067 616 ’ἒ
1096 562 1366 616 l’atriisnc
1393 560 1879 630 supplicationibus
1912 570 2036 614 ante

456 658 724 724 susceptis
758 665 966 724 patrem
1003 656 1068 708 ad
1107 655 1200 707 lilii
1239 653 1712 718 interemptionem
1743 649 2037 706 obarmas‘l

453 746 703 810 Domine,
735 746 1003 816 promissa
1053 756 1140 799 tua
1181 745 1407 814 respice.
1451 743 1548 796 Cui
1573 743 1838 796 lueredem
1905 757 2033 812 pro-

455 837 722 900 miseras,
783 851 906 889 eum
983 834 1182 889 lueredi
1258 846 1636 901 percussorem
1719 831 2037 884 submittis?

454 938 614 992 quem
663 923 890 993 largitus
943 937 1066 975 eras
1099 936 1495 982 successm'cm,
1549 920 1774 973 mactari
1819 918 2037 987 poscis?

452 1015 560 1088 ιι
599 1013 736 1069 Ecce
774 1016 891 1078 tibi,
916 1015 1240 1077 ﬁli,mecum
1267 1014 1536 1080 nuptiales
1565 1011 1750 1080 epulas
1780 1022 1834 1066 et
1865 1012 2036 1065 thala-

453 1124 603 1165 mum
627 1109 894 1178 agitabam
928 1106 1129 1170 animo,
1153 1106 1407 1176 ignorans
1436 1114 1488 1157 te
1514 1103 1898 1157 charissimum
1927 1103 2034 1173 igni

457 1201 713 1271 ferroque
758 1199 850 1253 ali.
884 1199 962 1252 En
993 1214 1145 1252 aram
1193 1214 1289 1266 pro
1319 1197 1583 1259 thalamo,
1616 1210 1714 1264 pro
1742 1196 1865 1264 igne
1931 1210 2035 1247 nn-

458 1294 610 1362 ptiali
655 1309 766 1346 ara:
799 1291 1038 1345 ﬂamma.
1079 1289 1295 1345 Utinam
1331 1302 1602 1356 nunquam
1651 1288 1818 1340 [ilium
1854 1301 2037 1356 rogas-

454 1386 612 1440 sem!
648 1385 871 1440 Utinam
926 1398 1045 1437 mea
1072 1381 1364 1453 generandi
1417 1390 1539 1433 vota
1585 1378 1728 1433 nulla
1778 1378 2031 1433 fuissent!

459 1477 674 1533 Utinam
711 1487 924 1546 partum
989 1474 1324 1544 inopinatum
1359 1473 1537 1527 nullus
1566 1472 1844 1534 vidissem,
1879 1481 1934 1524 ut
1969 1486 2037 1525 ne

455 1569 524 1623 ad
577 1567 778 1621 bellum
828 1566 1072 1620 venirem
1123 1565 1522 1632 iuspectatum!
1565 1563 1648 1629 Et,
1702 1563 1846 1632 quod
1901 1562 2032 1615 mibi

455 1658 869 1713 acerbissimum
920 1665 1005 1710 est
1067 1654 1347 1717 omnium,
1403 1663 1678 1707 auctorem
1733 1669 1820 1706 me
1867 1653 2032 1707 caedis

2141 464 2386 528 ὁπλίζεις
2440 466 2650 534 πατέρα
2703 466 2834 536 πρὸς
2868 466 2966 537 τὴν
3011 465 3106 518 τοῦ
3155 466 3390 537 βρέφους
3429 468 3727 536 ἀναίρεσιν.

2143 554 2285 624 Πρὸς
2315 556 2412 617 τὰς
2453 558 2549 618 σάς
2590 557 2909 626 ὑποσχέσεις
2937 558 3269 626 ἀπόϐλεψον,
3299 559 3556 611 δέσποτα.
3585 560 3729 625 Κλη-

2142 647 2372 717 ρονόμον
2421 649 2757 716 ὲπηγγείλω,
2810 650 2903 700 καὶ
2950 649 3300 702 παιδοκτόνον
3349 650 3580 723 ἐργάζῃ,
3634 654 3730 705 καὶ

2140 739 2331 793 Θυσίαν
2361 741 2612 802 ἀπαιτεῖς
2634 740 2691 792 ὃν
2723 741 2962 810 ἐχαρίσω
2992 741 3277 810 διάδοχονς
3325 741 3462 792 Ἀλλ’
3493 741 3603 809 ἐγὼ
3636 743 3734 811 μέν

2142 845 2225 882 σοι
2261 833 2545 892 παστάδας
2606 832 2946 902 περιενόοδν,
2981 826 3025 884 ὦ
3084 832 3293 892 τέκνον,
3325 833 3419 885 καὶ
3455 833 3697 903 Θάλαμον
3721 850 3732 860 ο

2139 922 2367 989 ἠγνόουν
2391 922 2434 974 δ’
2457 923 2565 993 ἄρα
2596 925 2729 994 πυρὶ
2759 925 2852 975 καί
2885 924 3084 994 σιδήρῳ
3111 926 3320 994 τρέφων
3334 926 3421 977 τὸν
3452 924 3728 992 φίλτατον.

2151 1013 2296 1066 Ἀντί
2343 1016 2612 1077 παστάδος
2650 1013 2851 1084 βωμὸς,
2886 1016 3008 1067 ἀντὶ
3059 1015 3227 1082 πυρὸς
3259 1017 3555 1085 νυμφικοῦ,
3600 1016 3734 1083 φλδξ

2138 1105 2462 1176 ἑπιδώμιος.
2501 1107 2624 1158 Εἴθε
2675 1109 2888 1176 μήποτε
2934 1108 3072 1178 πρὸς
3113 1108 3325 1177 αἴτησιν
3350 1104 3515 1179 ⁴ἦλθον
3546 1109 3732 1177 γονῆς,

2139 1197 2248 1250 εῐΘε
2289 1215 2379 1268 μοι
2427 1198 2652 1265 γέγονεν
2694 1200 2971 1268 ἄπρακτος
3003 1201 3035 1270 ἡ
3070 1198 3168 1268 τῆς
3200 1199 3544 1267 παιδογονίας
3576 1201 3740 1269 εὑχήτ

2138 1288 2245 1340 είΘε
2287 1288 2360 1359 μὴ
2377 1289 2538 1340 τόκον
2575 1287 2711 1342 εἶδον
2735 1292 3057 1360 παράδοξον,
3086 1292 3172 1344 ἴνα
3201 1291 3274 1364 μὴ
3310 1291 3446 1362 πρὸς
3497 1292 3735 1362 πόλεμον

2135 1374 2300 1448 ἦλθον
2316 1380 2415 1432 οὐκ
2433 1381 2805 1450 ἐλπιζόμενονί
2836 1381 2993 1434 Ἀλλά
3015 1399 3102 1452 μοι
3118 1384 3178 1435 τὸ
3197 1384 3411 1435 πάντων
3429 1382 3738 1454 ἀνιαρὼτα-

2135 1488 2246 1533 τον,
2269 1473 2564 1542 αὐτουργόν
2584 1490 2648 1542 με
2670 1474 2920 1540 γενέσθαι
2937 1475 3028 1526 τοῦ
3051 1475 3209 1542 φόνου
3229 1472 3460 1536 κελεύει,
3475 1473 3571 1525 καὶ
3596 1489 3740 1542 σφα-

2136 1563 2239 1630 γέα
2255 1562 2347 1615 τοῦ
2365 1564 2600 1633 βρέφους
2615 1564 2740 1616 ἰδεῖν
2758 1563 3014 1633 ἐπιθυμεῖ
3031 1564 3121 1617 τὸν
3149 1565 3505 1633 γεννήσαντα.
3522 1564 3737 1617 Οὐκοῦν

2137 1653 2411 1722 πολεμίων
2447 1653 2731 1706 ὲνᾶδόσΘω
2766 1656 2958 1724 χερσί·
3009 1655 3293 1724 δυσμενεῖς
3348 1655 3448 1726 τὴν
3516 1657 3735 1725 σφαγὴν

453 1763 579 1803 esse
609 1749 780 1817 jubet,
807 1756 970 1816 atque
1004 1762 1033 1798 a
1075 1755 1300 1815 parente
1329 1745 1494 1796 lilium
1523 1743 1759 1814 jugulari
1787 1751 2035 1812 peroptat

2143 1744 2532 1814 ὲνεργείτωσαν
2548 1761 2561 1774 ’
2589 1746 2874 1814 πραττέτω
2897 1745 2986 1798 τὸν
3008 1747 3166 1814 φόνον
3187 1745 3335 1810 δεξιά
3368 1746 3442 1818 μὴ
3471 1746 3733 1817 δεδεμένη

457 1839 665 1892 videre.
705 1836 911 1891 Saltem
973 1836 1212 1890 hostium
1265 1834 1517 1888 manibus
1557 1833 1809 1896 dedatur,
1847 1832 2035 1887 hostes

451 1927 699 1998 jugulum
734 1935 940 1995 petant,
970 1927 1171 1980 eadem
1204 1924 1450 1994 perﬁciat
1489 1923 1712 1978 dextera
1743 1923 1810 1977 ab
1834 1924 2038 1979 amoris

456 2018 687 2072 nexibus
715 2017 853 2070 liber
895 2053 909 2067 .
938 2014 1143 2069 Parens
1169 2029 1296 2068 vero
1321 2027 1443 2066 cum
1467 2013 1590 2077 sim,
1617 2014 1670 2068 id
1703 2014 1896 2068 audire
1929 2029 2034 2068 non

454 2108 730 2170 sustineo,
788 2108 986 2161 nedum
1054 2104 1347 2174 jugulare.
1409 2103 1634 2158 Ferrum
1703 2112 1898 2158 natura
1953 2119 2039 2159 re-

458 2200 684 2270 pudiat;
720 2199 786 2251 ad
821 2212 933 2251 rem
966 2207 1074 2252 tam
1102 2205 1340 2251 atrocem
1383 2196 1585 2250 fatiscit
1613 2194 1856 2259 dextera,
1895 2196 2036 2251 oculi

455 2290 824 2364 spectaculum
857 2289 1165 2359 refugiunt;
1192 2289 1390 2358 quibus
1422 2289 1537 2356 ipse
1577 2286 1860 2342 aﬂ‘ectibus
1888 2300 2041 2342 uatu-

456 2400 574 2438 ram
635 2384 1032 2447 obarmaveris,
1091 2381 1258 2436 nosti.
1324 2379 1471 2434 Nihil
1526 2381 1720 2435 borum
1774 2394 2040 2450 generoso

456 2475 768 2532 Abrahamo
822 2483 916 2528 aut
946 2475 1168 2539 excidit,
1196 2484 1289 2528 aut
1327 2474 1383 2528 in
1415 2485 1650 2526 mentem
1683 2471 1872 2526 incidit
1899 2495 1908 2526 :
1945 2473 2039 2526 sed

457 2569 546 2622 cui
577 2567 756 2621 divina
787 2567 937 2636 jussa
971 2582 1113 2620 cura:
1146 2576 1326 2629 erant,
1365 2564 1520 2633 quasi
1550 2579 1691 2618 vera:
1724 2563 1840 2618 ovis
1873 2563 2041 2617 alicu-

454 2661 544 2727 jus
567 2675 784 2714 sacrum
819 2669 1045 2713 exactus
1074 2659 1140 2710 ad
1169 2656 1567 2725 jugulationem
1593 2655 2037 2724 comparabatur,

460 2763 638 2818 neque
671 2749 736 2802 ad
768 2759 1044 2811 naturam,
1073 2762 1194 2815 qua:
1224 2747 1531 2802 retardaret
1575 2747 1859 2816 impetum,
1903 2760 2038 2800 con-

459 2843 797 2898 vertebatur.
849 2841 1141 2895 Silentium
1185 2841 1357 2911 igitur
1407 2840 1651 2895 subsidio
1691 2854 2038 2908 comparans.

459 2941 608 2986 totus
647 2942 766 2986 erat
795 2933 849 2986 in
881 2933 947 2987 iis
991 2947 1112 3001 quae
1153 2931 1294 2986 Deus
1322 2932 1630 3001 imperarat.
1668 2930 1902 2986 Facinus
1929 2941 2037 2984 tam

457 3025 638 3080 audax
671 3026 864 3080 Saram
912 3025 1081 3092 celat;
1120 3040 1296 3094 neque
1329 3027 1393 3078 ad
1431 3033 1654 3078 matrem
1699 3021 1854 3078 eﬂ'ert
1889 3037 2041 3076 man-

458 3115 605 3171 data.
637 3114 1040 3181 Quamobrem?
1085 3116 1176 3170 Illa
1213 3115 1455 3185 quidem,
1488 3115 1683 3183 inquit,
1707 3129 1898 3167 amans
1940 3112 2034 3167 Dei
2068 3097 2108 3153 ο

459 3218 580 3275 est;
604 3222 702 3276 ego
726 3207 945 3276 quidem
976 3207 1096 3275 ejus
1127 3208 1366 3261 animmn
1392 3207 1652 3276 suspicio,
1681 3213 1736 3259 at
1765 3205 2038 3274 ingenium

458 3309 675 3350 vereor.
709 3295 924 3350 lntueor
965 3296 1155 3350 matris
1192 3298 1244 3348 in
1297 3296 1460 3349 Deum
1509 3297 1950 3365 propensionem,
1986 3303 2042 3347 at

466 3395 652 3440 metuo
681 3384 935 3440 aﬂ'ectum
980 3387 1034 3441 in
1069 3387 1299 3440 liberos:
1338 3384 1430 3441 Dei
1474 3402 1664 3440 amans
1685 3397 1770 3440 est
1807 3386 2037 3450 mulier,

459 3477 556 3533 sed
588 3486 762 3532 mater
791 3487 896 3533 est.
930 3478 1181 3533 Mulieres
1228 3488 1434 3533 natura?
1464 3478 1778 3546 impotentia
1816 3479 2042 3532 devicta:

462 3586 552 3625 res
585 3571 918 3640 importuna.
957 3572 1175 3636 Vereor,
1226 3586 1293 3625 ne
1352 3572 1505 3640 pueri
1558 3572 1700 3624 furto
1753 3571 2038 3624 materiam

460 3663 753 3718 subtrahat
787 3665 1116 3732 obsequendi
1155 3664 1262 3719 Deo
1300 3665 1556 3733 jubenti;
1608 3679 1822 3729 vereor,
1861 3679 1926 3717 ne
1960 3664 2039 3717 la-

457 3756 646 3810 crimis
681 3771 836 3810 sacra
900 3757 1086 3822 ﬁndet,
1129 3773 1195 3811 ne
1219 3773 1387 3827 puero
1420 3757 1758 3826 complorato
1787 3754 2038 3824 iujuriam

459 3849 746 3918 imperanti
817 3848 1058 3915 inferat;
1109 3865 1174 3902 ne
1216 3849 1365 3902 vultu
1404 3858 1634 3902 contuso
1685 3863 1842 3902 sacra
1890 3847 2039 3915 disji-

460 3941 604 4006 ciat,
643 3940 864 4010 Deoqne
905 3944 1012 3994 vim
1056 3940 1289 4004 aﬂ‘erat;
1347 3957 1436 4005 ne,
1477 3939 1926 4006 meuteinfracta,
1963 3940 2038 3994 rei

471 4042 577 4084 tam
615 4033 965 4100 obstupcnda:
996 4034 1226 4104 gratiam
1277 4034 1496 4102 spoliet.
1535 4031 1645 4102 Ego
1675 4040 1793 4101 post
1828 4031 2039 4102 jugula-

459 4124 660 4177 tionetn
693 4123 1081 4177 lamentantem
1106 4123 1385 4192 alloquar;
1419 4138 1518 4192 ego
1542 4123 1714 4176 colam
1739 4122 2036 4191 plorantem

457 4217 610 4271 hisce
644 4216 862 4270 verbis:
899 4216 1093 4270 Desine
1135 4193 1448 4277 lameniari,
1481 4227 1546 4268 ne
1576 4211 1643 4267 lle
1674 4228 1898 4281 puerum
1927 4213 2037 4281 ipsa

450 4311 789 4381 jngulatione
821 4311 1260 4364 coltonestatum.
1297 4305 1500 4358 Donum
1554 4314 1672 4357 erat
1731 4302 2037 4357 ultroneum

456 4400 636 4454 infans
669 4415 772 4453 non
799 4399 918 4452 sine
944 4398 1128 4452 dolore
1156 4404 1364 4466 partus.
1398 4393 1595 4447 Filium
1635 4408 1738 4446 non
1772 4392 1909 4446 tollit
1938 4408 2033 4462 pa-

458 4507 605 4554 rens,
647 4491 691 4544 si
745 4491 864 4557 plus
897 4491 1137 4559 prodest,
1175 4502 1352 4556 neque
1390 4499 1594 4540 temere
1634 4483 1835 4538 ferrum
1876 4485 1916 4537 it
1943 4499 2038 4553 per

456 4584 688 4638 mediam
733 4583 996 4637 sobolem.
1032 4584 1171 4634 Ausa
1212 4593 1427 4632 sacrum
1463 4575 1640 4630 facere
1668 4576 1911 4639 dextera,
1947 4575 2036 4629 be-

459 4678 714 4731 neﬁcium
747 4674 996 4745 spondet.
1029 4674 1198 4739 Quem
1227 4672 1365 4724 beus
1393 4668 1563 4735 dedit,
1596 4668 1842 4736 repetiit:
1872 4683 2032 4736 quem

459 4767 733 4829 formavit,
789 4763 1072 4833 requisivit
1115 4779 1127 4814 :
1183 4759 1292 4831 42
1329 4773 1489 4827 quem
1544 4771 1758 4828 rogatus
1790 4759 2031 4824 dederat,

458 4873 652 4927 rogans
704 4857 926 4924 recipit;
964 4868 1064 4908 nec
1115 4852 1409 4921 quidquam
1460 4849 1716 4919 impediet
1750 4851 2040 4920 quominus

2137 1836 2216 1906 τῷ
2246 1835 2417 1906 πόθῳ.
2451 1836 2637 1907 Πατὴρ
2663 1837 2717 1890 δὲ
2745 1836 2819 1888 ὣν
2850 1839 2909 1889 οὐ
2947 1839 3096 1909 φέρω
3120 1839 3218 1910 τὴν
3248 1839 3438 1909 ἀκοὴν,
3473 1839 3572 1909 οὐχ
3597 1840 3734 1892 ὐπο-

2141 1929 2292 1997 φέρω
2331 1928 2430 1997 τὴν
2480 1930 2716 1998 σφαγήν.
2763 1928 3088 1982 ’ΛπωΘείται
3143 1931 3204 1982 τὸ
3253 1930 3474 2003 ξίφοςὴ
3528 1931 3728 2000 φύσις·

2139 2016 2356 2080 ὀκλάζει
2406 2017 2542 2087 πρὸς
2576 2017 2636 2070 τὸ
2681 2017 2839 2087 ἔργον
2880 2021 2911 2088 ἠ
2947 2018 3127 2082 δεξιάο
3159 2019 3428 2089 όφΘαλμοὶ
3469 2022 3568 2090 τὴν
3597 2020 3733 2074 Θέαν

2139 2108 2427 2180 ἀρνοῦνται
2451 2124 2464 2138 ο
2492 2105 2639 2172 οἶδας
2674 2111 2834 2173 αὐτὸς
2861 2111 2991 2173 οἵοις
3026 2111 3222 2164 πάθεσι
3257 2114 3357 2182 τὴν
3393 2112 3554 2181 φύσιν
3588 2112 3724 2166 καΘ-

2139 2199 2408 2264 ὡπλισας,
2455 2201 2622 2254 Οὐδὲν
2665 2203 2925 2255 τούτωνό
2987 2207 3233 2271 γενναῖος
3307 2204 3576 2274 Ἀϐραάμ,
3632 2205 3736 2258 οὐκ

2140 2293 2315 2355 εἶπεν,
2347 2293 2444 2345 ούκ
2474 2294 2696 2364 ἐνόησεν
2714 2311 2729 2325 ⁸
2757 2294 2872 2348 ἀλλ’
2893 2297 2967 2356 ὡς
2994 2296 3209 2367 άληΘῶς
3237 2297 3509 2367 προϐάτου
3537 2297 3733 2352 θυσίαν

2141 2384 2560 2455 ἀπαιτούμενος.
2600 2373 2736 2455 πρὸς
2770 2386 2868 2456 τὴν
2900 2386 3116 2458 σφαγὴν
3151 2388 3525 2459 εύτρεπίζετο,
3559 2391 3586 2442 ό
3617 2393 3734 2454 τοῖς

2142 2471 2303 2536 θείοις
2343 2473 2723 2544 ὲμμελετήσας
2771 2476 3178 2544 προστάγμασι,
3216 2477 3311 2528 καὶ
3344 2477 3443 2529 οὐκ
3476 2477 3730 2547 ιπιστρέ-

2142 2579 2301 2631 φεται
2329 2564 2466 2634 πρὸς
2493 2563 2590 2634 τὴν
2622 2563 2783 2632 φύσιν
2817 2565 2908 2617 τὸν
2939 2565 3135 2634 δρόμον
3165 2566 3500 2620 κωλύουσαν.
3536 2569 3735 2638 Συνερ-

2141 2656 2238 2724 γὺν
2270 2652 2362 2710 οὖν
2399 2656 2582 2709 λαδὼν
2612 2660 2712 2727 τὴν
2750 2658 2907 2728 σιγὴν
2945 2659 3063 2718 ὅλος
3101 2660 3309 2727 ἐγίνετο
3340 2659 3432 2712 τοῦ
3464 2663 3734 2731 προστάγ-

2145 2765 2337 2817 ματος.
2395 2748 2643 2820 Κρύπτει
2699 2751 2798 2820 τὴν
2872 2749 3089 2820 Σάρραν
3145 2750 3207 2803 τὸ
3269 2752 3524 2822 τόλμημα
3557 2793 3572 2817 ,
3633 2754 3733 2806 οὐκ

2143 2840 2390 2909 ἐκφαίνει
2436 2842 2501 2910 τῇ
2552 2840 2788 2914 τεκούσῃ
2829 2841 2890 2894 τὸ
2920 2843 3282 2913 πρόσταγμα·
3316 2843 3460 2906 τίνος
3506 2844 3731 2908 ’ἑνεκενς

2140 2931 2393 2994 niuoso;
2431 2932 2528 3002 μέν
2557 2949 2749 3002 φησιν·
2791 2933 2901 3002 ἐγὼ
2931 2935 2988 2986 δὲ
3021 2934 3120 3003 τὴν
3162 2934 3388 3005 γνώμην
3437 2935 3733 3004 Θαυμάζων

2143 3022 2400 3092 αἰδοῦμαι
2448 3023 2547 3094 τὴν
2583 3025 2776 3094 φύσινο
2827 3024 2970 3093 ὁρῶν
3018 3025 3079 3078 τὸ
3121 3025 3385 3093 φιλόθεον,
3421 3026 3632 3079 δέδοικα
3673 3030 3737 3078 τὸ

2145 3112 2517 3184 φιλόστοργον.
2570 3113 2820 3178 Φιλόθεος
2865 3117 2897 3184 ἡ
2950 3116 3108 3186 γυνὴ,
3158 3116 3295 3170 ἀλλὰ
3354 3119 3538 3188 μήτηρ
3592 3118 3732 3172 ἔστί.

2144 3203 2326 3256 Δεινὺν
2379 3205 2434 3256 ai
2487 3205 2721 3275 μητέρες
2769 3204 3027 3275 ἀσθενείᾳ
3075 3207 3443 3278 κρατούμεναι
3491 3208 3731 3277 φύσεως.

2144 3296 2371 3348 Δέδοικα
2429 3297 2503 3366 μὴ
2538 3297 2795 3366 κρύψασα
2826 3297 2918 3350 τὸν
2964 3298 3149 3361 παῖδα,
3202 3299 3374 3370 κλέψῃ
3411 3300 3472 3352 τὸ
3521 3303 3737 3371 παράγ-

2146 3386 2346 3457 γελμα,
2387 3387 2461 3458 μὴ
2499 3386 2703 3458 μολύνῃ
2756 3388 2857 3456 τὴν
2905 3388 3093 3442 Θυσίαν
3137 3389 3486 3460 δακρύσασα·
3526 3391 3600 3461 μὴ
3640 3392 3740 3444 τὸν

2144 3479 2313 3532 παῖδα
2362 3478 2704 3550 Θρηνήσασα,
2749 3480 3051 3551 καΘυὸρίσῃ
3102 3483 3192 3534 τὸν
3240 3484 3599 3550 ὲπιτάξανταο
3654 3486 3740 3557 μὴ

2141 3571 2241 3643 τὴν
2274 3571 2394 3640 όψιν
2439 3571 2711 3641 άράξασα,
2767 3573 2901 3644 ῥίψῃ
2949 3573 3047 3642 τὴν
3097 3573 3310 3636 Θυσίαν,
3354 3574 3570 3627 καὶτὸν
3597 3574 3738 3630 Θεὸν

2143 3663 2497 3734 ἐκδιάσηται·
2540 3663 2614 3734 μὴ
2648 3664 2744 3733 τὴν
2777 3662 3001 3733 γνώμην
3033 3666 3333 3728 ὀκλάσασα,
3378 3667 3586 3740 συλήσῃ
3629 3667 3739 3736 τὴν

2142 3755 2300 3824 χάριν
2353 3753 2446 3806 τοῦ
2495 3753 2793 3822 Θαύματος.
2839 3753 2980 3822 Ἐγὼ
3031 3755 3170 3825 μετὰ
3198 3755 3294 3825 τὴν
3339 3759 3551 3827 σφαγὴν
3598 3756 3738 3827 Θρη-

2142 3845 2338 3898 νοῦσαν
2366 3845 2836 3916 παραμυΘήσομαι
2852 3845 2961 3915 (28)
2977 3862 2992 3876 '
3013 3846 3336 3918 Θεραπεύσω
3360 3848 3726 3919 δακρύουσαν,

2140 3937 2366 3992 τοιαῦτα
2395 3939 2530 4008 πρὸς
2565 3937 2734 4008 αὐτὴν
2785 3939 3298 4010 ἀποφθεγγόμενος·
3351 3941 3555 3994 παῦσαι
3591 3941 3732 4011 Θρη-

2139 4029 2327 4096 νοῦσα,
2370 4031 2444 4099 μὴ
2472 4029 2624 4083 κλαῖε
2656 4030 2746 4082 τὸν
2780 4030 2942 4082 παῖδα
2971 4032 3060 4084 τὸν
3085 4035 3150 4102 τῇ
3184 4035 3364 4103 σφαγῇ
3394 4032 3732 4102 τιμηθένταο

2139 4121 2312 4193 δῶρον
2341 4126 2368 4174 ό
2397 4121 2554 4183 τόκος
2582 4121 2773 4185 ὠδῖνας
2810 4124 3196 4193 χαρισάμενος.
3235 4127 3350 4176 Οὐκ
3392 4127 3605 4195 ἀναιρεῖ
3634 4123 3733 4176 τὸν

2144 4213 2305 4264 παῖδα
2329 4212 2512 4283 πατὴρ
2541 4212 2722 4281 μεῖζον
2750 4213 2996 4282 ὠφελῶν,
3019 4215 3138 4267 οὐδὲ
3169 4217 3345 4286 μάτην
3367 4218 3536 4287 χωρεῖ
3562 4216 3733 4286 μέσον

2141 4304 2201 4355 τὸ
2227 4301 2377 4372 ξίφος
2400 4303 2495 4372 τῆς
2519 4303 2751 4372 φύσεως.
2771 4304 3064 4371 Ἐγγυᾶται
3100 4305 3195 4376 τὴν
3215 4307 3533 4378 εὐεργεσίαν
3560 4309 3590 4377 ἠ
3627 4307 3731 4376 τὴν

2143 4392 2333 4445 Θυσίαν
2355 4393 2670 4464 τολμήσασα
2699 4394 2867 4458 δεξιά.
2881 4397 2977 4447 ’ον
2994 4394 3423 4467 ἔδωκενῇτησεν,
3441 4397 3733 4462 ὃνέπλασε,

2149 4487 2309 4538 πάλιν
2336 4486 2598 4556 ἐζήτησεν
2620 4503 2631 4514 ’
2649 4487 2840 4539 ἔλαϐεν
2868 4487 3195 4557 αίτήσας,ὃν
3226 4489 3423 4541 ἔδωκεν
3448 4488 3687 4558 αἰτηθείς
3713 4506 3729 4518 ·

2148 4577 2418 4630 ἀποδώσει
2468 4578 2630 4631 πάλιν
2659 4578 2960 4649 βουληθεὶς,
2994 4580 3082 4631 ὑπ’
3114 4579 3324 4644 οὐδενὸς
3364 4580 3730 4650 κωλυόμενος.

2157 4669 2215 4720 '0
2243 4670 2350 4740 γάρ
2401 4671 2500 4723 οὐκ
2531 4670 2659 4723 ὅντα
2715 4670 2860 4734 δοὺς,
2896 4671 2988 4722 καὶ
3034 4671 3375 4742 νεκρωΘέντα
3427 4672 3726 4742 χαρίσεται.

2155 4763 2212 4815 '0
2255 4763 2623 4836 νεκρωΘείσάν
2666 4779 2749 4816 σοι
2802 4763 2901 4834 τὴν
2959 4763 3202 4835 γαστέρα
3264 4764 3441 4832 δείξας
3493 4765 3729 4834 μητέρα,

2144 4854 2236 4906 καὶ
2284 4853 2448 4907 παῖδα
2500 4854 2777 4922 σφαγέντα
2817 4854 2953 4925 πρὸς
3019 4855 3163 4925 ζωὴν
3213 4855 3559 4926 μεταπέμψει
3589 4856 3726 4925 (29).

1675 5001 1780 5060 CL.
1827 5003 2202 5071 DAUSQUEII
2243 5005 2478 5061 ΝΟΤᾸΞ,

528 5172 639 5241 (28)
671 5166 1194 5241 Παραμυθήσομας.
1219 5162 1492 5232 Αίίοιιιιαν,
1523 5158 1872 5241 ξίιξευίαίιον.
1904 5157 2034 5241 Vide

458 5229 724 5298 Mtit‘etum
751 5229 1088 5299 'l’ririarum,
1125 5235 1220 5288 lib.
1256 5250 1290 5288 tt
1313 5276 1326 5297 ,
1353 5229 1484 5300 'cap.
1521 5233 1574 5285 4.
1611 5230 1768 5282 Ratio
1805 5229 2030 5283 locutio-

460 5318 543 5367 nis
563 5323 667 5376 εει,
701 5311 841 5379 quod
874 5308 1034 5379 verba
1069 5314 1122 5359 et
1144 5319 1300 5379 voces
1333 5302 1749 5379 leniredolores
1776 5309 2023 5379 pOSsnnt,

453 5383 603 5450 juxta
651 5368 777 5450 illud
831 5377 1028 5450 veteris
1080 5373 1561 5450 ιτειδωόίι-Ψυχῆς.
1599 5368 1859 5437 νοσούσης
1893 5369 2032 5450 eis?

463 5438 640 5520 ἰατροὶ
675 5438 1284 5520 ).όγοι.-Ι.‹Ἐίιυιήτεξριιι1
1320 5438 1683 5520 [gusta-ﬂuunt,
1735 5438 2028 5520 pag_.“57_6,

461 5532 514 5573 et
557 5507 680 5588 pag.
733 5507 889 5572 i005.
939 5507 1003 5569 E‘t
1047 5507 1350 5588 alibi’apud
1401 5511 1791 5588 Plutarchum:
1839 5507 2031 5588 ξινυχῆς

456 5577 718 5658 νοσούσης
752 5589 868 5641 ἐστὶ
895 5587 1184 5658 φάρμακον
1213 5577 1390 5651 λόγος’
1423 5582 1615 5635 Animo
1655 5577 1848 5650 ecquod
1896 5594 2035 5647 (egro

458 5663 800 5721 pharmacum
839 5670 910 5712 et
941 5660 963 5708 ἓν
997 5657 1184 5711 oratio.

2215 5160 2332 5233 (ΞΘ)
2376 5162 2430 5213 '0
2474 5162 2881 5233 rexpwoeiaa'r
2926 5179 3024 5218 σοι
3077 5165 3190 5232 τὴν
3232 5167 3491 5233 γαστέρα
3521 5163 3724 5228 δείξας

2134 5231 2384 5303 μητέρα,
2431 5231 2541 5303 ,καὶ
2585 5231 2769 5284 παῖδα
2823 5231 3142 5303 σφαγέντα
3168 5231 3319 5302 πρὸς
3367 5233 3518 5301 ζῖυὴι·
3540 5250 3723 5302 μετα-

2139 5300 2787 5374 πέμψειηΑιΙιιειιεεοτεε
2820 5300 3173 5374 υιιιΙοὲοριιυε
3209 5300 3377 5374 inulta
3419 5300 3562 5356 varia
3594 5319 3726 5356 cou-

2139 5371 2280 5438 gerit
2341 5371 2407 5422 ad
2457 5371 2616 5438 [idern
2661 5371 3097 5435 resurrectionis,
3168 5375 3260 5428 lib.
3313 5373 3391 5427 De
3442 5383 3720 5426 resurrect.

2139 5435 2490 5520 mortuorum.
2526 5435 2634 5530 *εἰς
2671 5443 2777 5530 γάρ
2811 5443 2925 5496 ἐστι
2970 5445 3255 5530 δυνάμεως
3298 5443 3391 5524 καὶ
3438 5443 3536 5514 τὴν
3568 5446 3725 5530 παρᾶ

2139 5512 2239 5579 τῆς
2278 5513 2672 5580 νενομισμένης
2703 5514 2949 5584 ἄμορφον
2977 5512 3142 5567 οὖσαν
3166 5513 3472 5585 μορφῶσαι,
3494 5512 3599 5565 ’καὶ
3623 5512 3723 5580 τὴν

2143 5577 2401 5653 ἀνείδεον,
2449 5582 2543 5634 καὶ
2587 5581 2989 5653 άδιακόσμητον
3022 5585 3258 5649 πολλοῖς,
3312 5585 3406 5637 καὶ
3448 5582 3724 5653 διαφόροις

2145 5601 2401 5644 ανειοεον,
2449 5601 2543 5634 και
2587 5601 2989 5653 αοιακοσμητον
3022 5601 3258 5649 πολλοις,
3312 5601 3406 5637 και
3448 5601 3723 5653 οιαφοροις

2145 5647 2311 5703 εἴδεσι
2355 5653 2654 5721 κοσμῆσαι,
2690 5653 2787 5707 καὶ
2820 5653 2887 5707 τά
2919 5654 3060 5726 μέρη
3092 5654 3203 5709 τῶν
3239 5654 3518 5724 στοιχείων
3558 5651 3636 5711 είς
3666 5651 3723 5702 ἓν
