4010 6448
124 90 391 105 -ττ-νμν-ν--⁷

346 320 444 386 109
1595 327 1605 336 '
1764 318 2044 380 ORATIO
2081 317 2213 381 VII.
3514 308 3614 375 110

348 431 507 484 Τὸδὲ
537 429 801 501 μέγιστον
849 431 929 496 είς
981 431 1358 504 παραμυθίαν,
1403 423 1452 484 ὧ
1497 430 1687 500 γύναι,
1724 432 1804 496 εις
1850 434 1931 486 αῐ-

2041 430 2251 497 reddat,
2277 446 2400 484 cum
2437 430 2510 484 ita
2539 430 2713 484 visum
2744 429 2868 485 erit.
2899 428 3030 483 Nam
3061 429 3153 499 qui
3181 444 3325 496 eum,
3358 444 3480 484 cum
3504 444 3613 483 non

338 536 493 590 τησιν
535 517 675 593 ἦλθε
720 520 937 587 θυσίας,
984 525 1014 577 6
1064 524 1161 577 τοῦ
1214 523 1449 595 βρέφους
1496 522 1637 594 ἔχων
1694 523 1795 594 τὴν
1852 523 1931 588 ἐξ·

2038 522 2346 586 essisteret,
2371 523 2538 585 dedit,
2570 521 2655 576 vel
2701 533 2876 576 morte
2906 531 3234 592 prostratum
3265 521 3409 578 ultro
3439 522 3611 577 dabit.

336 612 543 665 ουσίαν.
575 612 800 683 Μόσχον
828 612 1027 686 πρώην
1082 614 1480 685 προσήνεγκας,
1531 613 1717 667 Ἰσαὰκ
1771 629 1931 683 προσ-

2039 609 2142 677 Qui
2172 612 2265 667 tibi
2299 611 2419 667 alvo
2475 610 2629 666 effeta
2683 620 2907 666 matrem
2935 626 3056 667 esse
3078 613 3367 678 concessit,
3396 620 3450 666 et
3481 626 3616 682 pue-

335 702 630 772 ενέγκασα,
680 704 737 757 τί
764 704 876 758 τῶν
916 704 1145 774 ἀγαθῶν
1193 705 1294 757 οὐκ
1341 704 1619 771 ὲλπίζεις;
1662 704 1931 768 Τοιούτοις

2038 702 2479 771 rumjugulatum
2509 702 2749 757 remittet
2781 702 2847 757 ad
2873 704 3062 758 vitam.
3090 704 3353 773 Quodque
3381 704 3448 757 ad
3478 704 3613 759 sola-

331 799 604 856 νεανικοῖς
649 795 938 866 λογισμοῖς
986 797 1015 849 6
1067 795 1384 867 πρεσϐύτης
1433 795 1797 866 ἐπιστομίσας
1838 794 1931 866 τὴν

2040 795 2172 850 tium
2195 794 2339 849 valet
2359 794 2673 864 plurimum,
2699 808 2734 849 ο
2761 795 2976 858 mulier,
3008 794 3056 850 is
3078 795 3236 865 cujus
3265 796 3317 849 in
3341 803 3614 866 potestate

330 885 494 955 φύσιν
543 885 908 952 κακίζουσαν,
954 886 1052 939 καὶ
1104 884 1425 955 παραθήξας
1473 885 1573 956 τὴν
1615 886 1810 957 φρένα,
1841 885 1937 939 καὶ

331 977 623 1049 στομώσας
651 978 754 1049 τὴν
773 980 957 1049 χεῖρα,
973 977 1039 1030 τὸ
1063 976 1173 1031 τῶν
1200 976 1526 1048 σπλάγχνων
1551 975 1703 1047 θῦμα
1726 977 1933 1044 λαϐὼν,

327 1070 594 1142 δρομαῖος
619 1071 717 1125 ἐπὶ
742 1071 805 1124 τὸ
830 1070 957 1141 ὅρος
986 1071 1267 1141 ἀνέτρεχε,
1305 1069 1537 1141 γηραιὸν
1558 1069 1695 1124 πόδα
1718 1071 1937 1137 διδάξας

326 1164 403 1235 τῷ
437 1164 637 1236 δρόμῳ
672 1163 962 1227 νεάζοντα.
1006 1161 1192 1216 Ἐνίκα
1217 1162 1324 1233 γὰρ
1363 1161 1547 1232 φύσιν,
1578 1163 1673 1214 καὶ
1705 1161 1876 1225 πάθος
1905 1162 1936 1214 6

327 1254 532 1318 15600;"
582 1254 685 1307 καὶ
728 1255 927 1325 γῆρας,
981 1253 1263 1317 εὐσεϐείας
1310 1256 1340 1307 6
1373 1252 1574 1315 τόνοςο⁴
1611 1252 1705 1305 καί¹
1757 1253 1938 1307 πάντα

323 1345 601 1416 ἠλέγχετο
650 1342 733 1414 τῷ
787 1346 889 1413 τῆς
946 1343 1229 1413 φιλοθεΐας
1291 1340 1726 1414 παραχωροῦντα
1779 1340 1930 1412 πυρί.

330 1435 609 1506 Ἀνεπήδα
635 1434 778 1506 πρὸς
809 1434 872 1487 τὺ
897 1433 1045 1504 ὅρος,
1069 1432 1330 1505 συνεργὸν
1356 1433 1457 1503 τῆς
1487 1432 1679 1496 θυσίας
1703 1431 1836 1485 αὐτὸ
1865 1435 1927 1487 τὸ

2036 1437 2170 1495 tem,
2205 1430 2398 1501 pedem
2430 1440 2803 1486 senescentem
2840 1430 3066 1498 juvenili
3109 1445 3272 1486 cursu
3306 1439 3611 1499 promovet.

319 1525 516 1596 θαῦμα
570 1524 781 1578 λαϐὼν.
818 1523 989 1588 Αὐτός
1035 1540 1097 1576 τε
1146 1523 1257 1594 γὰρ
1301 1521 1364 1576 τὸ
1392 1520 1506 1593 πῦρ
1554 1523 1650 1575 καὶ⁹
1689 1522 1751 1574 τὸ
1782 1522 1931 1591 ξίφος

2035 1520 2300 1577 Naturam
2372 1531 2428 1577 et
2470 1520 2813 1579 aﬂlictionem
2865 1524 3217 1592 pervincebat
3243 1520 3479 1588 aﬁ‘ectio,
3513 1536 3615 1576 nec

320 1616 781 1689 μετεχειρίζετο·
821 1617 937 1678 τοῖς
982 1614 1084 1684 τῆς
1118 1612 1311 1676 θυσίας
1353 1612 1411 1666 δὲ
1438 1611 1635 1679 ξύλοις,
1669 1611 1731 1665 τὸ
1765 1612 1931 1665 καλὸν

2036 1629 2145 1669 non
2189 1616 2411 1683 pietatis
2464 1617 2744 1671 contentio
2792 1618 3028 1681 senium,
3087 1617 3377 1686 omniaque
3434 1615 3613 1685 palam

2038 895 2123 941 est
2159 885 2322 950 ﬁlius,
2362 898 2421 939 ut
2473 893 2824 952 mactaretur,
2863 884 3145 955 ﬂagitavit.
3178 886 3411 942 Vitulum
3444 901 3616 956 nuper

2038 977 2281 1033 obtulisti
2300 994 2317 1044 ;
2336 976 2524 1034 lsaaco
2549 978 2732 1034 oblato
2752 979 2946 1048 ecquid
2975 978 3239 1039 bonorum
3259 994 3367 1033 non
3393 980 3615 1048 speres?

2037 1064 2154 1121 Tali
2183 1067 2430 1121 oratione
2475 1076 2690 1137 tamque
2733 1082 2994 1136 generosa
3023 1070 3232 1124 ratione
3261 1076 3477 1137 semper
3513 1083 3615 1122 na-

2038 1165 2174 1213 tura:
2220 1157 2534 1229 obloquenti
2609 1174 2672 1214 os
2737 1160 3063 1223 obstruens,
3115 1167 3462 1229 mentemque
3521 1174 3615 1213 ex-

2041 1264 2266 1316 acuens,
2302 1265 2368 1306 ac
2402 1267 2618 1305 manum
2647 1251 3007 1306 corroborans
3059 1251 3127 1306 de
3159 1251 3276 1305 suis
3310 1259 3612 1305 extractam

2037 1339 2343 1395 visceribus
2373 1340 2648 1395 victimam
2675 1339 2839 1408 capit,
2868 1353 3029 1393 cursu
3062 1338 3340 1394 contendit
3376 1338 3430 1393 in
3467 1351 3616 1391 mnu-

319 1711 523 1780 ἱερείον
554 1711 652 1761 τὸν
696 1706 886 1759 Ἰσαὰκ
921 1703 1250 1775 ἐπεφόρτιζε
1270 1719 1282 1733 ·
1316 1705 1409 1757 καὶ⁹
1436 1704 1628 1772 γέγονε
1672 1704 1931 1775 συνεργὸν

2036 1704 2221 1761 ardori
2270 1705 2324 1762 in
2356 1704 2525 1760 Deum
2552 1704 2889 1761 inﬂammato
2913 1706 3196 1761 cedebant.
3230 1704 3533 1761 Exsiliebat
3560 1704 3614 1758 in

315 1800 418 1869 τῆς
442 1799 647 1860 Θυσίας
670 1798 736 1851 τὸ
758 1797 929 1868 θῦμα.
955 1796 1334 1866 Συμπράττων
1363 1795 1421 1850 δὲ
1443 1795 1506 1850 τὸ
1527 1793 1606 1867 τῷ
1638 1796 1812 1868 πατρὶ
1832 1794 1931 1866 τὴν

2035 1803 2301 1862 montem,
2348 1797 2599 1856 sacriﬁcii
2658 1797 2975 1865 adiutricem”
3021 1799 3298 1854 victimam
3328 1798 3498 1869 ipsam
3523 1811 3616 1857 su-

318 1888 520 1942 θυσίαν
569 1889 602 1940 6
639 1887 851 1950 Ἰσαάκ,
898 1886 991 1940 καὶ
1029 1884 1110 1955 τῷ
1151 1886 1475 1957 γεννήσαντι
1525 1886 1625 1957 τὴν
1661 1887 1931 1958 μέριμναν

2035 1902 2209 1943 mens.
2235 1885 2355 1958 Ipse
2388 1888 2534 1944 enim
2571 1889 2749 1959 ignem
2780 1897 2837 1945 et
2863 1891 3100 1960 gladium
3131 1905 3293 1944 manu
3322 1892 3614 1952 tractabat,

319 1980 735 2051 μεριζόμενος,
772 1977 972 2033 πεῦσιν
999 1977 1300 2050 προσφέρει
1342 1977 1434 2032 τὸν
1476 1978 1690 2046 πατέρα
1739 1978 1931 2049 τιτρώ-

2035 1980 2308 2052 lignisque
2335 1983 2662 2039 victimariis
2712 1982 2956 2040 lsaacum
2994 1984 3273 2040 victimam
3304 1983 3618 2054 pulcherri-

318 2087 606 2126 σκωσαν-⁶
650 2070 838 2135 Ἰδοὺ,
873 2071 1030 2141 φησὶ,
1061 2069 1129 2124 τὸ
1155 2070 1276 2138 πῦρ
1299 2070 1399 2123 καὶ
1423 2069 1498 2123 τὰ
1522 2069 1698 2135 ξύλα,
1724 2070 1843 2124 ποῦ
1866 2070 1931 2124 τὸ

2035 2088 2180 2128 mam
2215 2074 2546 2144 aggravabat
2598 2082 2653 2129 et
2704 2075 3014 2137 auxiliatrix
3066 2074 3319 2131 sacriﬁcii
3352 2074 3450 2128 fuit
3494 2073 3613 2143 ipsa

316 2163 633 2230 πρόδοτον
663 2161 735 2214 τὸ
753 2162 843 2227 είς
860 2158 1320 2228 ὀλοκάρπωσινς
1336 2158 1506 2216 Πάλιν
1530 2160 1931 2231 ὑπομιμνήσκει

2036 2163 2278 2218 victima.
2311 2160 2487 2217 Simul
2534 2164 2679 2218 enim
2720 2147 2861 2218 cum
2892 2171 3047 2234 patre
3082 2163 3233 2218 Isaac
3283 2161 3611 2219 sacriﬁcium

314 2253 408 2306 τὸν
453 2252 708 2323 πατέρα,
746 2251 825 2315 ὡς
852 2253 921 2323 τῇ
973 2250 1114 2323 λήθῃ
1143 2250 1537 2322 κρατούμενον.
1567 2236 1716 2322 Ὅρα
1743 2253 1818 2322 μή
1852 2268 1931 2305 σοι

2035 2252 2262 2317 faciens,
2296 2262 2351 2309 et
2383 2268 2503 2308 cum
2536 2255 2783 2325 genitore
2813 2268 2998 2308 curam
3037 2254 3268 2324 partitus
3299 2254 3612 2324 interroga-

316 2346 422 2415 τῆς
464 2343 799 2415 προθυμίας
826 2343 890 2396 τὸ
923 2342 1109 2414 τάχος,
1139 2334 1184 2396 ὧ
1227 2342 1426 2414 πάτερ,
1467 2342 1664 2413 ἔκλεψε
1693 2343 1789 2396 τοῦ
1820 2345 1931 2397 λει-

2036 2344 2186 2398 tione
2248 2343 2474 2414 profert,
2530 2359 2653 2416 quae
2702 2345 2935 2414 patrium
2993 2344 3236 2400 animum
3290 2343 3611 2401 exulceret:

319 2436 571 2505 τωμένου
605 2435 713 2505 τὴν
746 2433 1023 2504 αἴσθησιν.
1071 2429 1141 2488 ’Ὤ
1172 2422 1415 2505 ῥήματος
1443 2433 1651 2505 πατρὸς
1682 2433 1783 2504 μὲν
1816 2433 1931 2487 ἐτέ-

2036 2431 2196 2500 Ecce,
2238 2434 2438 2504 inquit,
2471 2437 2610 2506 ignis
2638 2448 2687 2492 et
2726 2437 2912 2504 ligna;
2942 2436 3034 2492 ubi
3083 2445 3163 2492 est
3217 2438 3430 2493 victima
3461 2438 3613 2493 holo-

319 2545 419 2598 ρου
455 2526 642 2598 μέσην
674 2526 780 2597 τὴν
807 2525 1040 2597 καρδίαν
1069 2524 1399 2592 τοξεύοντος,
1436 2524 1533 2579 τοῦ
1569 2525 1628 2579 δὲ
1683 2525 1931 2597 Ἁϐραάμ

2035 2526 2319 2581 canui"?
2369 2527 2568 2583 lterum
2610 2530 2751 2597 patri
2793 2529 2941 2584 velut
3001 2528 3171 2585 oblito
3207 2530 3260 2585 in
3293 2531 3611 2586 memoriam

317 2621 379 2672 οὐ
414 2617 890 2690 προσυζιαύοντοςί
933 2616 1228 2688 ’Ᾱδακρυτὶ
1271 2615 1403 2686 γοῦν
1448 2616 1586 2689 πρὸς
1616 2616 1708 2671 τὸν
1747 2615 1931 2671 Ἰσαὰκ

2037 2619 2287 2675 reducit:
2316 2619 2472 2687 Vide,
2519 2628 2695 2689 pater,
2726 2633 2795 2675 ne
2841 2628 2948 2675 tua
2983 2620 3285 2679 alacritatis
3315 2622 3613 2678 celeritudo

319 2712 724 2783 ἀποκρίνεται,
755 2710 853 2765 καὶ
881 2712 1066 2782 φωνὴν
1091 2710 1302 2780 ἱερέως,
1330 2710 1393 2764 οὐ
1424 2711 1630 2781 πατρὸς
1657 2710 1931 2780 ἀπεφθέγ-

2042 2712 2151 2777 rei,
2185 2725 2305 2780 quae
2334 2711 2497 2777 desit,
2534 2726 2752 2768 sensum
2810 2712 3109 2770 sustulerit.
3153 2712 3198 2767 Ο
3230 2728 3441 2781 vocem,
3492 2729 3613 2782 qua:

319 2807 458 2871 ξατο
479 2820 494 2835 ·
539 2805 600 2856 '0
634 2806 806 2869 Θεὸς,
843 2804 1029 2874 φησὶν,
1061 2803 1271 2873 ὄψεται
1301 2802 1493 2868 ἐαυτῷ
1527 2804 1830 2871 πρόϐατον
1846 2805 1931 2869 εὶς

2037 2804 2210 2873 patris
2263 2802 2489 2858 alterius
2537 2817 2632 2857 cor
2666 2802 2901 2858 medium
2953 2804 3127 2858 instar
3181 2804 3272 2858 teli
3325 2805 3609 2859 dissecet:

317 2894 813 2965 ὀλοκάρπωσιν,
876 2894 1116 2949 τέκνον.
1187 2893 1423 2964 Ἀγνοῶν
1480 2893 1820 2964 προφητεύει
1875 2894 1931 2947 τὸ

2035 2894 2404 2951 Abrahamum
2455 2909 2583 2948 vero
2628 2908 2696 2949 ne
2737 2895 2954 2965 attingit
2992 2895 3242 2964 quidem!
3274 2896 3446 2951 Siccis
3480 2910 3611 2950 ocu-

322 2986 556 3056 μέλλον,
606 2986 706 3039 καὶ
743 2985 838 3038 τὶν
869 2985 1032 3038 παῖδα
1080 2986 1456 3056 σοφιζόμενος,
1487 2984 1742 3055 ἀληθεύει
1770 2986 1937 3055 φθεγ-

318 3080 590 3148 γόμενος.
624 3078 913 3149 Πρόόατον
942 3077 1103 3131 καλεῖ
1147 3079 1239 3132 τὸν
1281 3077 1395 3132 υἱὸν
1421 3077 1556 3149 (30),
1586 3077 1646 3131 ὃν
1674 3077 1750 3141 ὡς
1796 3076 1933 3147 πρό-
1961 3110 2004 3167 C

319 3170 502 3224 σάτον
556 3170 868 3241 προσάγειν
918 3170 1220 3239 ἐπείγεται.
1273 3169 1399 3233 Πῶς
1446 3169 1647 3243 ἔρρηξε
1712 3169 1930 3241 φωνήνς

323 3263 517 3325 Boios;
556 3263 901 3333 ἀπεκρίνατο
939 3261 1308 3331 σπλάγχνοις;
1341 3261 1467 3325 Πῶς
1511 3262 1613 3314 οὐκ
1662 3260 1934 3332 ὲνάρκησε

328 3353 471 3423 πρὸς
499 3354 598 3405 τὸν
628 3353 790 3420 λόγον
820 3353 856 3422 η
885 3352 1138 3420 γλῶσσα,
1170 3351 1294 3415 Πῶς
1318 3352 1419 3405 οὐκ
1446 3349 1687 3422 οἰμώξας
1721 3351 1818 3405 καὶ
1843 3351 1935 3405 τὸν

2038 2982 2105 3039 lis
2149 2982 2259 3037 ﬁlio
2301 2983 2612 3050 respondet,
2663 2991 2718 3038 et
2760 2983 3025 3047 sacrifici,
3064 2999 3170 3037 non
3222 2984 3429 3052 patris,
3483 2998 3616 3039 voce

2038 3076 2230 3130 utitur.
2270 3074 2432 3139 Deus,
2470 3074 2663 3144 inquit,
2701 3075 2991 3143 providebit
3035 3075 3137 3129 sibi
3177 3075 3442 3128 victimam
3466 3076 3614 3130 Italo-

2038 3169 2232 3222 causti.
2257 3167 2596 3237 Imprudens,
2628 3169 2772 3236 quod
2812 3165 3053 3222 futurum
3080 3168 3362 3232 antedicit,
3393 3182 3457 3223 ac
3486 3169 3612 3222 dum

2036 3261 2208 3316 eludit
2247 3260 2441 3326 ﬁlium,
2485 3276 2612 3315 vera
2644 3261 2904 3329 loquitur.
2934 3260 3103 3316 Ovem
3143 3260 3309 3315 ﬁlium
3342 3261 3612 3322 nominat,

2037 3366 2195 3421 quem
2231 3350 2406 3405 instar
2444 3351 2564 3405 ovis
2605 3349 2801 3406 offerre
2850 3350 3091 3406 festinat.
3129 3353 3243 3419 Qua
3281 3354 3493 3409 ratione
3519 3367 3615 3408 vo-

327 3444 504 3498 παῖδα
536 3444 1045 3515 περιπτυξάμενος,
1071 3443 1261 3515 ἔρριψε
1291 3442 1503 3497 πενθῶν
1526 3443 1626 3513 τῆς
1652 3441 1844 3506 θυσίας
1866 3441 1937 3495 τὰ

332 3535 623 3607 σύμϐολα;
679 3535 824 3605 Ἤδη
859 3533 1057 3605 μενοῦν
1102 3536 1193 3589 ἐπὶ
1224 3538 1325 3606 τῆς
1359 3533 1455 3588 τοῦ
1485 3534 1645 3603 ὅρους
1688 3533 1935 3604 κορυφῆς

332 3628 429 3682 καὶ
462 3626 864 3697 θυσιαστήριον
892 3625 1238 3690 ἐσκευάζετο,
1273 3625 1340 3679 τὰ
1372 3624 1505 3690 ξύλα
1530 3623 1934 3693 προσηγάγετο,

330 3722 360 3772 6
389 3720 583 3773 Ἰσαὰκ
605 3717 959 3790 ἐδεσμεύετο,
984 3718 1044 3771 τὸ
1067 3718 1221 3787 ξίφος
1240 3717 1535 3789 ἡρπάζετο.
1569 3716 1635 3768 ’Ὦ
1661 3715 1936 3784 θεάματος

334 3808 600 3879 φοϐεροῦῐ
634 3807 994 3879 Φιλοστοργία
1024 3808 1159 3878 πρὸς
1189 3808 1463 3876 φιλοθεΐαν
1494 3806 1809 3869 δικάζεται·
1844 3806 1936 3860 καὶ

333 3898 603 3969 δικαστὴς
676 3897 931 3968 Ἀϐραὰμ
979 3896 1276 3966 ξιφηφόρος
1324 3897 1630 3964 ἐφέστηκε.
1687 3896 1782 3949 καὶ
1837 3895 1935 3966 τὴν

332 3989 515 4060 ψῆφον
545 3988 868 4058 ὑπογράφει
905 3986 984 4058 τῷ
1014 3984 1177 4055 ξίφει,
1225 3986 1321 4039 καὶ
1353 3986 1453 4057 τὴν
1486 3987 1647 4057 νίκην
1691 3989 1757 4056 τῇ
1788 3986 1936 4056 φιλο-

334 4079 455 4152 est;
480 4079 806 4151 χαρίζεται,
840 4076 1252 4150 ὲπισφραγίζων
1281 4079 1397 4141 τοῖς
1431 4079 1648 4148 αἵμασι,
1679 4078 1934 4149 μάρτυρα

329 4168 427 4239 τῆς
459 4169 627 4238 νίκης
652 4168 756 4239 τὴν
778 4168 967 4222 θυσίαν
989 4168 1329 4239 ποιούμενος.
1354 4169 1480 4232 Πῶς
1502 4170 1603 4223 οὐκ
1632 4169 1933 4241 ὲνάρκησεν

331 4261 364 4329 ἡ
398 4261 564 4332 χείρ;
595 4258 730 4323 Πῶς
753 4258 853 4330 τὴν
874 4261 1152 4330 μάχαιραν
1181 4257 1361 4313 λαϐὼν
1392 4255 1514 4313 εἶτα
1548 4260 1810 4324 στενάξας
1830 4262 1934 4313 οὐκ

339 4350 597 4421 ἑῤῥιᾴεη
653 4351 722 4404 Ὃ
766 4349 1041 4419 φιλοθεῖας
1090 4350 1278 4420 ἰσχύς·
1330 4349 1375 4403 ὣ
1420 4351 1594 4422 πυρὸς
1638 4351 1926 4414 εὐσεϐοῦς,

2036 3457 2151 3498 cem
2182 3443 2369 3510 rupit?
2394 3443 2590 3512 quibus
2622 3457 2653 3498 e
2683 3443 2983 3499 visceribus
3017 3458 3333 3513 responsum
3364 3460 3618 3515 exprom-

2036 3535 2183 3605 psit?
2212 3551 2332 3606 quse
2362 3536 2605 3591 locutura
2653 3537 2835 3608 lingua
2870 3554 2978 3593 non
3030 3538 3346 3610 obstupuit?
3375 3539 3466 3610 qui
3507 3556 3613 3595 non

2035 3636 2091 3680 et
2144 3640 2385 3694 gemens,
2421 3637 2478 3682 et
2535 3626 2700 3681 ﬁlium
2755 3629 3034 3699 amplexus
3067 3629 3263 3699 abjecit
3312 3646 3422 3700 prae
3466 3630 3612 3686 luctu

2037 3718 2289 3772 sacriﬁcii
2345 3719 2633 3790 symbola?
2673 3720 2791 3776 Jam
2826 3722 3041 3776 tandem
3073 3722 3125 3776 in
3162 3723 3363 3777 montis
3411 3722 3615 3776 vertice

2037 3824 2131 3863 ara
2159 3811 2472 3879 parabatur,
2507 3812 2843 3868 addebantur
2884 3812 3051 3883 ligna,
3087 3811 3301 3868 lsaacus
3342 3813 3614 3869 vincieba-

2040 3906 2147 3962 tur,
2187 3899 2398 3967 gladius
2424 3901 2805 3970 arripiebatur.
2837 3902 2881 3955 Ο
2909 3903 3272 3969 spectaculum
3316 3903 3615 3957 formidati--

2035 3989 2164 4044 dum
2194 3990 2208 4043 ι
2244 3990 2414 4045 Amor
2442 3992 2493 4044 in
2531 3992 2734 4059 prolem
2789 3992 2993 4062 Deique
3020 3992 3234 4047 dilectio
3254 3992 3459 4061 judicio
3484 4010 3615 4049 con-

2037 4079 2278 4146 tendunt,
2310 4090 2365 4135 et
2388 4079 2553 4149 judex
2583 4081 2691 4153 43
2717 4083 2920 4137 ensifer
2954 4083 3121 4138 instat
3154 4083 3519 4151 Abrahamus,
3551 4101 3613 4140 ac

2035 4185 2166 4225 ense
2192 4170 2279 4239 jus
2317 4173 2469 4241 dicit,
2505 4174 2901 4243 victoriamque
2958 4174 3051 4230 Dei
3084 4174 3358 4230 dilectioni
3399 4176 3607 4241 tribuit,

2036 4263 2320 4333 consiguat
2357 4266 2643 4334 sanguine,
2673 4274 2973 4334 testemque
3000 4265 3240 4321 victorias
3282 4266 3608 4322 sacriﬁcium

2041 4353 2189 4407 lacit.
2220 4353 2503 4419 Quomodo
2547 4370 2651 4433 non
2682 4358 2918 4426 obriguit
2943 4357 3178 4413 manus?
3203 4372 3300 4413 cur
3342 4374 3448 4412 non
3482 4373 3611 4429 cap-

336 4440 550 4505 φύσεως
604 4441 790 4509 φλόγα
840 4441 1206 4510 νικήσαντοςί
1273 4439 1411 4492 Ἀλλ’
1445 4441 1475 4493 6
1529 4442 1627 4510 μὲν
1663 4439 1931 4511 ἀνδρικῶς

2041 4450 2149 4495 tam
2213 4444 2532 4498 maclucram
2604 4436 2967 4514 ingemiscens
3016 4445 3213 4498 deinde
3258 4442 3531 4514 proiecit?
3567 4442 3613 4498 Ο

331 4533 608 4586 ἀνατείνει
636 4532 741 4602 τὴν
770 4530 954 4596 δεξιάν
986 4532 1121 4604 πρὸς
1146 4531 1243 4602 τὴν
1274 4532 1369 4585 τοῦ
1409 4531 1644 4602 βρέφους
1673 4534 1888 4604 σφαγήν
1909 4548 1922 4561 ·

329 4623 540 4676 ἄνωθεν
586 4620 649 4675 δὲ
703 4619 855 4692 φωνὴ
908 4619 1164 4691 δεσμεύει
1197 4619 1295 4691 τὴν
1343 4623 1520 4690 χεῖρα.
1573 4620 1848 4688 Ἐφθασεν
1892 4622 1924 4691 ή

330 4714 483 4785 φωνὴ
516 4714 623 4785 τὴν
682 4712 921 4784 σφαγὴν,
973 4713 1197 4780 γέγονεν
1241 4711 1471 4782 ὀξυτέρα
1515 4710 1610 4764 τοῦ
1660 4711 1845 4782 ξίφους
1892 4715 1925 4785 ἡ

328 4804 521 4873 κλῆσις
544 4819 559 4832 ·
588 4802 753 4869 λόγος
788 4803 1093 4873 ἐπέμπετο,
1134 4802 1227 4856 καὶ
1272 4803 1391 4873 χεὶρ
1429 4801 1781 4871 ἐδεσμεύετοσ
1815 4803 1927 4856 ἄνω

393 4959 442 4991 ’⁸
475 4959 624 5015 Gen.
666 4972 808 5025 xxii,
840 4957 894 5013 7.

2038 4535 2239 4588 amoris
2268 4534 2438 4589 divini
2469 4536 2600 4589 vim.
2628 4536 2672 4590 Ο
2698 4534 2814 4604 pios
2842 4536 3015 4605 ignes,
3041 4535 3131 4603 qui
3163 4535 3367 4589 amoris
3397 4543 3613 4588 natura-

2033 4621 2102 4675 lis
2134 4622 2380 4678 ﬂammas
2411 4624 2793 4693 pervicerunt!
2830 4625 3025 4679 Verum
3061 4624 3149 4679 ille
3180 4623 3420 4678 mascula
3454 4622 3613 4677 forti-

2035 4716 2219 4769 tudine
2249 4717 2522 4770 dexteram
2560 4717 2611 4769 in
2646 4715 2740 4769 ﬁlii
2766 4714 3010 4784 jugulum
3039 4715 3318 4783 extendit;
3359 4729 3613 4785 supreme

2035 4818 2165 4858 vero
2192 4805 2356 4860 missa
2388 4820 2492 4861 vox
2528 4821 2743 4881 manum
2773 4806 2921 4861 sistit
2951 4805 3227 4877 vincitque
3255 4821 3271 4872 ;
3307 4819 3408 4861 vox
3450 4803 3613 4876 jugu-

1579 5094 1686 5150 CL.
1729 5092 1868 5152 Ι).ὶο
1882 5094 2109 5162 SQUEII
2151 5094 2379 5151 NOTAE.

332 5255 687 5323 συναγαγεῖν,
735 5253 835 5306 καὶ
877 5253 941 5306 τὸ
983 5250 1301 5323 arripuerit;
1340 5251 1421 5316 ὃν,
1448 5251 1544 5323 καὶ
1572 5250 1811 5323 ἑάπλοῦν,
1845 5252 1926 5323 είς

538 5321 761 5420 διελεῖν,
780 5324 893 5420 ἒκαὶ
937 5323 999 5374 τὸ
1012 5322 1412 5420 νάὲάρθρωτογ
1436 5321 1592 5420 διαξθ
1601 5321 1811 5420 ρῶσαι,ἱ
1829 5322 1925 5420 καὶ

328 5395 402 5464 τῷ
428 5396 509 5464 μὴ
554 5394 723 5459 ζῶντι
777 5393 962 5447 δοῦναι
1010 5392 1159 5461 ζωὴν
1200 5394 1298 5461 τῆς
1334 5392 1505 5461 αὐτῆς
1533 5391 1682 5456 ἐστι,
1722 5391 1816 5443 καὶ
1865 5391 1927 5442 τὸ

330 5465 721 5535 διαλελυμένον
764 5464 992 5535 ἑνῶσαι,
1045 5462 1146 5513 καὶ
1198 5461 1554 5535 ’τὸ-,κείμενον
1596 5459 1922 5535 ᾲναστῆσαι,

334 5537 420 5587 καὶ
451 5536 515 5587 τὸ
537 5528 803 5603 τεθνηκὸς
830 5534 1175 5601 ζωοποιῆσαι
1206 5528 1407 5603 πάλιν(
1434 5533 1527 5584 καὶ
1568 5529 1630 5582 τὸ
1682 5528 1923 5603 φθαρτὸν

333 5604 660 5686 μεταϐαλεῖν
690 5600 770 5667 εἰς
792 5600 1129 5673 ἀφθαρσίαν,
1162 5613 1213 5656 ct
1252 5601 1425 5670 plura,
1457 5615 1598 5669 (μισ),
1630 5602 1719 5667 qui
1759 5600 1919 5663 volet,

555 5745 859 5811 Πρόόατον
887 5741 1064 5798 καλεῖ
1096 5740 1203 5793 τὸν
1234 5742 1384 5795 υἱόν.
1429 5739 1533 5793 Par
1557 5742 1699 5795 enim
1725 5753 1777 5798 ct
1803 5742 1927 5825 ovis

2031 5263 2083 5305 et
2110 5252 2581 5322 obsequentissimi
2616 5253 2779 5309 lsaaci
2817 5254 3153 5322 simplicitas.
3188 5254 3410 5309 Veteres
3437 5272 3603 5320 ovem,

2030 5324 2120 5391 qui
2159 5335 2244 5374 aut
2281 5325 2507 5377 stolidus
2536 5335 2700 5387 esset,
2735 5336 2826 5377 aut
2849 5325 3023 5378 fraudi
3053 5334 3287 5391 pateret,
3316 5325 3600 5381 vocabant.

2032 5390 2661 5463 BlautusBacchidibus
2713 5410 2732 5448 :
2774 5394 2908 5457 Quis
2949 5390 3188 5448 Itas’huc
3220 5410 3338 5449 oves
3385 5394 3556 5463 adegit
3581 5397 3608 5449 .’

2032 5458 2230 5532 Fabius
2260 5460 2523 5518 Maximus
2573 5467 2716 5532 quod
2753 5480 2781 5517 a
2816 5479 2984 5532 puero
3031 5465 3299 5519 tardiores
3332 5458 3609 5518 videretur

2032 5531 2226 5600 ingenii
2260 5532 2476 5585 oricula:
2505 5531 2919 5602 cognomentum
2946 5533 3174 5590 invenit.
3200 5534 3265 5588 Et
3286 5538 3422 5590 bene
3448 5549 3607 5588 nutu-

2030 5612 2254 5681 Ill.:ti|l.lll,
2274 5603 2365 5654 sed
2387 5617 2545 5681 queui
2572 5605 2748 5681 suada
2767 5616 2815 5658 et
2836 5603 3000 5659 Musae
3018 5619 3122 5660 non
3140 5605 3334 5659 decora
3344 5613 3462 5659 rent
3480 5619 3606 5681 χρλθο

2028 5669 2262 5747 σόμηλον
2285 5669 2574 5747 amni-ligni“
2605 5674 2899 5747 Diogenes,
2922 5669 3604 5747 cuream_ore_m,_xpueiiﬁv

2027 5740 2299 5811 πρόϐατον
2334 5741 2402 5795 Μ.
2442 5742 2699 5810 Sylanum
2716 5740 3029 5812 appellabat
3068 5744 3304 5814 Caligula
3340 5740 3453 5799 Diu.
