4010 6402
461 336 564 404 123

1661 339 1939 398 ΒΑΞῙΙᾸΙ
1981 338 2522 400 SELEUCIENSIS

3639 330 3738 392 124

464 460 747 519 spurcatas
769 467 925 507 aures
957 452 1308 506 medicabor?
1353 449 1624 520 quomodo
1677 460 1891 504 tuorum
1923 464 2036 502 ver-

2166 449 2328 504 ’Δλλά
2368 451 2463 502 καὶ
2497 452 2684 520 χεῖρας
2708 447 2974 501 ἐπέϐαλεν
2998 445 3346 515 ὡπλισμένας
3371 445 3482 508 τοῖς
3515 441 3734 497 πάθεσι.

467 543 660 596 borum
701 544 1008 612 abstergam
1062 543 1506 612 inquinamenta?
1559 541 1780 595 Talibus
1828 551 2034 610 tempe-

466 635 656 689 rantia:
698 637 950 690 aninletis
998 652 1147 701 usus,
1191 638 1271 691 vir
1303 636 1487 706 justus
1535 635 1666 689 ferte
1706 635 1915 688 libidini
1952 650 2044 688 ar-

462 725 608 778 denti
668 727 945 792 persuasit
990 726 1160 780 nihil:
1211 725 1300 779 illa
1360 733 1551 778 contra
1605 739 1798 778 manus
1831 723 1885 776 in
1920 740 2044 777 eum

464 811 648 878 injecit
678 823 918 868 armatas
958 814 1206 870 libidine.
1249 812 1454 866 Prmsto
1483 818 1664 866 autem
1697 811 1887 865 aderat
1923 826 2042 863 mu-

463 895 699 953 lierculze
725 900 961 954 amuleto
986 902 1253 965 diabolus,
1291 901 1382 970 qui
1411 909 1466 953 et
1488 898 1739 953 adulterii
1781 913 2045 952 munera-

464 997 551 1042 tor
602 999 764 1053 erat,
828 998 884 1044 et
935 989 1169 1045 lascivia:
1227 991 1638 1060 nympbagogus
1683 1006 1696 1042 :
1759 988 2046 1056 ignorabat

465 1092 647 1134 tamen
690 1083 875 1151 utique
906 1098 964 1136 se
985 1082 1246 1135 adversus
1276 1080 1834 1149 temperantissimum
1871 1079 2046 1133 atble-

467 1179 577 1223 tam
629 1170 827 1224 luctam
871 1173 1195 1239 suscepisse.
1230 1170 1536 1226 Tenacibus
1579 1171 1834 1225 manibus
1864 1181 2047 1224 reten-

468 1273 574 1314 tam
616 1263 934 1328 permittens
959 1274 1193 1324 vestem,
1225 1263 1465 1318 libidinis
1499 1262 1688 1334 emisit
1711 1278 1894 1328 ansas,
1918 1262 2046 1333 fuga

471 1366 601 1403 usus
628 1367 725 1420 pro
749 1352 917 1406 armis
952 1352 1152 1419 (ethoc
1186 1351 1592 1418 fortitudinis!)
1632 1355 1793 1407 tradit
1816 1364 2042 1418 vestem,

469 1448 524 1486 nt
559 1439 979 1506 temperantiam
1031 1449 1235 1504 teneat,
1280 1452 1647 1512 strenuusque
1683 1443 1838 1498 miles
1874 1444 2046 1497 virtu-

469 1529 536 1579 tis
564 1529 799 1582 stadium
838 1533 1015 1586 nudus
1039 1533 1282 1587 decurrit
1307 1549 1320 1586 :
1351 1533 1586 1601 denique
1613 1534 1844 1587 nudatur
1868 1546 2043 1600 veste,

467 1635 534 1672 ne
574 1623 804 1675 nudetur
845 1639 874 1676 a
912 1625 1294 1694 temperantia.
1340 1623 1599 1679 Luxuriae
1628 1641 1756 1679 vero
1788 1627 1892 1680 dux
1927 1626 2046 1680 dia-

466 1709 620 1763 holus
667 1727 768 1764 una
833 1730 956 1767 cum
1015 1716 1334 1770 muliercula
1384 1717 1630 1770 devictus
1687 1718 1794 1772 alio
1854 1734 2044 1774 rursus

2151 542 2342 610 Παρῆν
2366 541 2422 594 δὲ
2452 540 2859 610 συναγωνιστὴς
2902 538 2996 592 τοῦ
3030 539 3258 607 γυναίου
3287 536 3556 599 διάϐολος,
3585 536 3614 588 ὁ
3638 539 3737 608 τῆς

2154 632 2399 702 μοιχείας
2430 631 2796 701 ἀγωνοθέτης,
2832 631 2926 683 καὶ
2954 631 3054 699 τῆς
3088 629 3383 690 ἀκολασίας
3432 645 3735 698 νυμφαγω-

2147 725 2244 792 γός
2271 740 2283 752 ο
2317 723 2501 792 ὴγνὸει
2529 723 2586 775 δὲ
2620 724 2728 793 ἄρα
2781 722 2916 792 πρὸς
2959 721 3198 791 ἀθλητὴν
3234 720 3592 792 σωφροσύνης
3629 737 3736 775 πα-

2145 814 2334 869 λαίων.
2389 816 2466 883 Τῇ
2507 814 2784 886 κρατούσῃ
2822 815 2968 885 χειρὶ
2995 814 3085 867 τὸν
3118 813 3493 884 κρατούμενον
3527 812 3734 884 χιτῶνα

2149 905 2480 975 προσρίψας,
2501 906 2599 969 τὰς
2621 906 2952 968 ἀκολάστους
2977 905 3348 974 διαδιδράσκει
3368 904 3562 968 λαϐὰς,
3585 904 3736 975 ὅπλῳ

2147 998 2214 1065 τῇ
2259 999 2404 1066 φυγῇ
2461 997 2597 1066 πρὸς
2644 997 2925 1065 ἀριστείαν
2966 998 3345 1066 χρησάμενος·
3381 997 3477 1050 καὶ
3524 996 3734 1066 γίνεται

2146 1086 2242 1139 τοῦ
2269 1087 2496 1155 χιτῶνος
2531 1088 2797 1158 προδότης
2823 1128 2838 1152 ,
2874 1088 2961 1141 ἵνα
2997 1089 3172 1158 φύλαξ
3196 1091 3422 1158 γένηται
3451 1090 3738 1161 σωφροσύ-

2149 1195 2248 1248 νης
2270 1195 2282 1207 '
2316 1180 2410 1232 καὶ
2454 1180 2639 1250 τρέχει
2669 1181 2876 1251 γυμνὸς
2909 1182 3170 1252 ἀριστεὺς
3216 1182 3308 1234 τὸν
3345 1182 3486 1252 ὑπὲρ
3534 1184 3737 1253 ἀρετῆς

2148 1271 2335 1337 ἀγῶνα
2390 1271 2614 1342 δραμών
2640 1289 2653 1302 ·
2702 1274 2799 1326 καὶ
2854 1273 3156 1344 γυμνοῦται
3210 1273 3462 1344 χιτῶνος,
3517 1274 3605 1326 ἵνα
3658 1272 3736 1342 μὴ

2147 1362 2412 1433 γυμνωθῇ
2447 1363 2820 1434 σωφροσύνης.
2857 1364 2948 1434 Τῷ
2985 1365 3041 1417 δὲ
3076 1365 3284 1434 γυναίῳ
3319 1363 3675 1433 συνηττηθεὶς
3706 1366 3737 1416 ὁ

2150 1455 2455 1522 στρατηγὸς
2488 1455 2587 1524 τῆς
2611 1454 2906 1518 ἀκολασίας
2939 1455 3051 1524 (52)
3085 1455 3352 1518 διάϐολος,
3407 1455 3596 1525 ἐτέρου
3626 1454 3734 1508 πά-

2147 1543 2230 1597 λιν
2255 1543 2559 1607 ὁπλίζεται,
2588 1545 2844 1615 καὶπρὸς
2879 1544 3050 1614 θυμὸν
3090 1544 3488 1615 μετασκευάζει
3519 1545 3578 1597 τὸ
3610 1544 3736 1612 φίλ-

2146 1652 2275 1706 τρον
2293 1652 2305 1664 ·
2332 1637 2423 1688 καὶ
2445 1635 2698 1705 χαλκεύει
2730 1637 2819 1688 τὸν
2851 1637 3014 1690 πόθον
3046 1639 3124 1700 εἰς
3149 1637 3332 1701 ὅπλον,
3360 1639 3455 1690 καὶ
3480 1637 3732 1705 γλῶτταν

2148 1725 2351 1796 ἐγείρει
2385 1727 2712 1796 κατήγορον,
2748 1726 2840 1778 καὶ
2874 1725 3151 1795 χιτῶνῢσα
3181 1725 3368 1778 δεικνα
3391 1723 3732 1777 πιστεύεται.

466 1817 616 1853 arma
668 1805 850 1868 vertit,
887 1822 1130 1859 amorem
1165 1810 1215 1860 in
1251 1808 1387 1860 iram
1423 1809 1713 1874 convertit,
1750 1818 1805 1862 et
1832 1824 1900 1863 ex
1944 1811 2036 1864 im-

2154 1817 2219 1869 Ὢ
2244 1817 2546 1887 παραδόξου
2578 1817 2994 1885 συκοφαντείας,
3027 1818 3121 1871 καὶ
3153 1817 3338 1880 ἀνοίας
3369 1817 3732 1887 βαρϐαρικῆςῖ

465 1892 688 1958 pudenti
723 1895 997 1949 desiderio
1021 1899 1271 1966 procudit
1303 1913 1478 1965 arma,
1514 1899 1861 1969 linguamque
1892 1916 2045 1954 accu-

465 1986 719 2039 satricem
769 1991 1021 2052 suscitat,
1074 1990 1161 2042 illa
1213 2001 1416 2045 vestem
1458 2000 1741 2046 ostentans
1773 1992 1932 2048 [idem
1967 1994 2048 2047 l’a-

465 2075 560 2128 cit.
598 2076 641 2129 O
686 2077 1114 2146 inesspectatam
1169 2083 1646 2138 maledicentiam!
1694 2099 1728 2137 ο
1772 2084 2045 2138 insaniam

464 2166 843 2224 barbaricam!
893 2170 1028 2226 Cum
1067 2173 1240 2241 pallii,
1295 2189 1406 2243 quo
1461 2191 1655 2229 manus
1697 2185 2044 2243 accusentur,

464 2257 538 2310 sit
567 2262 853 2325 gestatrix,
886 2263 1085 2334 linguae
1112 2267 1395 2321 accusanti
1424 2268 1687 2323 creditur.
1725 2270 1793 2323 Et
1831 2269 1884 2322 in
1925 2284 2046 2323 car-

461 2364 589 2404 cere
614 2349 884 2420 Iosephus
927 2357 1182 2422 babetnr,
1235 2374 1430 2413 servus
1484 2360 1645 2414 simul
1697 2374 1762 2414 ac
1811 2362 2043 2415 vinctus.

467 2440 668 2497 Verum
728 2443 986 2501 ﬂuctibus
1049 2449 1214 2503 tantis
1277 2450 1767 2504 circumstantibus
1829 2450 2047 2520 juvenis

463 2533 768 2588 exhaustus
819 2537 1196 2607 inconsumpto
1229 2541 1409 2594 animo
1443 2542 1722 2609 perdurat.
1759 2540 1867 2595 Nec
1896 2541 2041 2595 enim

465 2638 652 2678 vocem
695 2626 827 2693 jecit
871 2631 1221 2697 aégreseentis
1275 2629 1368 2685 Dei
1423 2631 1841 2685 sollicitudinem
1891 2633 2046 2686 incn-

462 2730 591 2770 sans
621 2732 635 2769 :
672 2715 810 2781 lloc,
840 2719 1050 2784 dicens,
1095 2738 1192 2789 pro
1224 2722 1425 2776 virtute
1467 2722 1858 2777 hostimentum
1902 2724 2046 2790 ?,bic

461 2804 631 2859 animi
679 2807 888 2861 ﬂuctus
937 2811 1330 2878 temperantis?
1380 2811 1495 2865 haec
1537 2827 1680 2866 cura:
1726 2812 1780 2865 in
1835 2823 2042 2881 patrem

461 2898 725 2952 merces?
775 2897 1031 2964 lnvideri,
1084 2903 1292 2968 venire,
1342 2903 1591 2958 barbaris
1648 2904 1902 2958 servire?
1937 2903 2043 2959 Pro

460 2985 622 3040 domo
651 3003 868 3053 carcer,
900 2992 1064 3045 etiam
1093 2991 1296 3048 ferrata
1322 2995 1580 3062 compede
1607 2996 1828 3050 teneor?
1860 2997 2043 3052 Nosne

2151 1909 2370 1962 Χιτῶνα
2415 1909 2653 1978 φέρουσα
2709 1909 2816 1962 τῶν
2872 1910 3072 1980 χειρῶν
3103 1910 3192 1962 τὸν
3241 1905 3544 1979 κατήγορον
3594 1909 3738 1976 (55).

2150 2000 2361 2072 γλώττῃ
2395 2001 2772 2072 κατηγορούσῃ
2819 2001 3134 2054 πιστεύεται
3160 2019 3172 2032 ο
3213 2001 3309 2054 καὶ
3354 2001 3415 2052 τὸ
3457 1999 3740 2069 δεσμωτή-

2154 2110 2266 2162 ριον
2304 2089 2450 2162 εἶχεν
2496 2095 2524 2145 ὁ
2568 2093 2786 2161 Ἰωσὴφ,
2840 2093 3059 2162 οἰκέτης
3113 2091 3252 2163 ὁμοῦ
3291 2092 3386 2145 καὶ
3440 2091 3738 2161 δεσμώτης

2150 2185 2461 2253 γενόμενος.
2504 2184 2666 2238 Ἀλλά
2700 2183 2977 2248 τοσούτοις
3011 2184 3391 2254 περιστάσεως
3434 2183 3676 2253 κύμασιν
3706 2186 3738 2234 ὁ

2149 2275 2266 2337 νέος
2301 2275 2661 2345 ἀντλούμενος
2690 2317 2704 2341 ,
2730 2277 2830 2345 τὴν
2864 2275 3043 2345 ψυχὴν
3089 2275 3363 2337 ἀνάλωτος
3398 2275 3631 2343 ἔμεινεν.
3657 2274 3735 2328 Ού

2148 2367 2258 2436 γὰρ
2287 2368 2465 2436 ἀφῆκε
2506 2366 2687 2437 φωνὴν
2733 2367 2970 2437 δυσχερῆ
3003 2407 3019 2432 ,
3068 2367 3167 2438 τὴν
3223 2367 3374 2420 Θείαν
3407 2367 3737 2436 κηδεμονίαν

2150 2459 2683 2528 καταμεμφόμενος⁹
2738 2450 2942 2522 αὗται,
2997 2458 3196 2526 λέγων,
3247 2459 3347 2528 τῆς
3401 2459 3608 2528 ἀρετῆς
3672 2461 3732 2512 αἱ

2148 2549 2406 2618 ἀμοιϐαίς
2454 2543 2624 2612 Οὗτος
2652 2550 2680 2602 ὁ
2722 2549 2820 2620 τῆς
2853 2549 3207 2620 σωφροσύνης
3251 2550 3505 2619 καρπός;
3564 2543 3738 2611 Οὗτός

2152 2658 2239 2711 μοι
2266 2643 2364 2712 τῆς
2398 2644 2476 2704 εἰς
2527 2642 2740 2712 πατέρα
2784 2641 3086 2711 θεραπείας
3129 2641 3362 2711 μισθδςς
3413 2642 3733 2704 Βασκανία.

2148 2735 2242 2786 καὶ
2270 2736 2492 2805 πρᾶσις,
2526 2735 2618 2788 καὶ
2651 2734 2803 2805 παρὰ
2837 2733 3133 2805 βαρϐάροις
3168 2734 3384 2788 δουλεία
3412 2753 3426 2798 ;
3461 2735 3556 2787 καὶ
3580 2727 3732 2797 οἶκος

2147 2823 2208 2877 τὸ
2252 2824 2649 2894 δεσμωτήριον,
2708 2825 2806 2876 καὶ
2838 2824 3045 2892 σιδήρῳ
3098 2823 3431 2888 κατάδικος;
3480 2823 3594 2875 Καὶ
3630 2823 3732 2892 τῆς

2150 2917 2395 2986 μοιχείας
2433 2915 2531 2986 τὴν
2567 2917 2770 2986 πρᾶξιν
2820 2916 3145 2986 νικήσαντες
3170 2955 3185 2979 ,
3220 2918 3286 2986 τῇ
3335 2919 3435 2987 τῆς
3484 2916 3734 2986 μοιχείας

2146 3007 2386 3077 τιμωρία
2433 3008 2791 3078 τηρούμεθα;
2849 3008 3069 3061 Τούτων
3129 3008 3286 3062 οὐδὲν
3337 3007 3428 3060 διὰ
3481 3008 3732 3078 γλώττης

458 3077 726 3132 adulterio
759 3083 1073 3149 superiores
1119 3085 1187 3139 ad
1235 3101 1394 3154 pares
1421 3102 1542 3140 cum
1570 3087 1796 3140 mmcbis
1847 3103 2036 3158 paruas

2148 3099 2465 3168 ἐφθέγγετο,
2500 3100 2636 3152 ἀλλά
2677 3102 2845 3152 πᾶσιν
2887 3100 3168 3169 ὑπομονὴν
3221 3099 3533 3164 ἀντιτάξας,
3565 3077 3730 3168 εὐχα-

458 3171 779 3224 servamur?
817 3172 1018 3228 llorum
1069 3176 1202 3230 nihil
1253 3177 1473 3243 ell’utiit,
1516 3179 1610 3232 sed
1644 3188 1831 3233 contra
1859 3183 2038 3236 omnia

458 3260 772 3327 patientiam
804 3265 1032 3334 objecit,
1069 3278 1336 3336 gratoque
1390 3271 1574 3326 animo
1625 3272 1863 3340 pericula
1917 3288 2039 3328 sus-

462 3350 602 3404 tulit.
622 3353 800 3422 Atqne
823 3356 990 3409 etiam
1015 3366 1202 3412 tacens
1227 3361 2035 3434 condemnabaturjustojudici

451 3437 714 3506 judicium
746 3459 1054 3513 reservans,
1087 3458 1142 3502 et
1170 3449 1413 3517 linguam
1445 3453 1606 3510 silere
1635 3455 1821 3511 docuit
1857 3457 2037 3514 oculis

457 3529 862 3591 immortalibus
899 3538 1158 3593 ultionem
1183 3544 1540 3600 concredens.

525 3622 581 3676 5.
611 3621 666 3677 Si
702 3625 803 3680 hoc
832 3628 1142 3694 admiraris,
1178 3635 1248 3686 mi
1284 3635 1500 3702 dilecte,
1529 3652 1658 3692 ecce
1683 3639 1825 3708 quod
1859 3642 2036 3712 majus

453 3722 562 3776 est,
593 3722 645 3768 et
677 3715 1020 3784 obstupesce.
1053 3719 1183 3776 Vide
1221 3722 1580 3782 adolescentis
1607 3731 2035 3798 magnanimita-

455 3810 592 3869 tem,
623 3804 746 3859 vide
770 3806 963 3862 divinas
993 3810 1344 3882 philosophiae
1371 3815 1771 3885 celsitudinem,
1796 3832 1855 3875 ιιι
1878 3823 2038 3892 hujus

453 3891 618 3947 animi
651 3895 883 3952 mmulus
913 3899 1199 3956 Conditori
1235 3903 1471 3973 placeas.
1503 3905 1735 3972 Quando
1765 3909 1890 3964 talia
1922 3891 2039 3980 per-

453 3999 662 4052 pessus,
693 4002 763 4042 ne
798 3991 964 4046 verbo
1007 3993 1224 4062 quidem
1274 3996 1500 4064 injurias
1539 4001 1687 4056 ultus
1725 4011 1831 4065 est,
1859 4019 2036 4073 neque

453 4075 508 4128 in
533 4092 627 4132 eos
648 4079 740 4147 qui
770 4079 919 4134 illum
956 4086 1330 4142 acerbissimis
1360 4091 1599 4160 undique
1626 4093 2033 4154 calamitatibus

455 4168 821 4238 involvebant,
875 4189 1062 4230 vocem
1111 4177 1223 4249 49
1271 4185 1458 4238 emisit
1493 4186 1852 4241 acerbiorem.
1889 4190 2034 4243 Con-

453 4261 776 4315 versabatur
821 4265 964 4318 enim
1022 4267 1074 4321 in
1125 4286 1348 4328 carcere
1393 4290 1515 4329 cum
1573 4277 1739 4346 regiis
1778 4280 2029 4347 captivis,

453 4351 650 4417 quibus
703 4367 824 4406 cum
878 4355 1289 4427 inexplicabiles
1341 4369 1678 4421 somniorum
1720 4371 2036 4427 resolvisset

2148 3190 2316 3260 ρίστῳ
2345 3189 2540 3262 γνώμῃ
2566 3192 2689 3252 τοὺς
2729 3190 3009 3252 κινδύνους
3052 3190 3294 3258 ὑπέφερε
3318 3206 3330 3217 ·
3377 3190 3469 3243 καὶ
3508 3190 3731 3241 σιωπῶν

2145 3282 2561 3345 κατεδικάζετο.
2590 3281 2666 3350 τῷ
2689 3281 2879 3350 δικαίῳ
2911 3283 3071 3350 κριτῇ
3119 3280 3218 3350 τὴν
3250 3279 3437 3352 κρίσιν
3467 3281 3730 3349 ταμιευό-

2147 3389 2328 3442 μενος.
2363 3375 2456 3426 καὶ
2487 3376 2700 3426 σιωπᾶν
2733 3373 2917 3427 ἔπειθε
2944 3372 3212 3441 γλῶτταν,
3256 3372 3555 3443 ὀφθαλμοῖς
3594 3371 3730 3426 ἀθα-

2147 3463 2327 3528 νάτοις
2355 3463 2452 3534 τὴν
2475 3463 2631 3533 δίκην
2656 3463 2975 3526 πιστεύσας.

2219 3649 2288 3711 γ’.
2327 3643 2389 3696 El
2419 3642 2577 3696 τοῦτο
2627 3642 2928 3712 θαυμάζεις
2951 3682 2964 3704 ,
3004 3641 3256 3710 ἀγαπητὲ
3277 3681 3292 3704 ,
3325 3641 3385 3694 τὸ
3423 3639 3607 3712 μεῖζον
3636 3642 3730 3694 ἐκ·

2145 3735 2408 3804 πλάγηθι.
2461 3736 2604 3806 Ὅρα
2653 3735 2762 3803 γάρ
2807 3732 2904 3785 τοῦ
2961 3733 3082 3785 νέου
3145 3730 3567 3802 μακροθυμίαν·
3623 3731 3729 3801 δρα

2143 3826 2460 3895 φιλοσοφίας
2492 3825 2684 3897 ἑτέρας
2707 3825 3005 3896 ἀκρότητα,
3042 3824 3128 3876 ἵνα
3160 3822 3255 3875 καὶ
3286 3824 3349 3876 σὺ
3374 3824 3474 3893 τὴν
3504 3821 3730 3894 γνώμην

2144 3917 2484 3988 μιμούμενος
2540 3917 2746 3990 ἀρέσῃς
2777 3917 2854 3986 τῷ
2902 3916 3170 3969 κτίσαντι.
3214 3914 3455 3968 Τοιαῦτα
3485 3916 3596 3985 γάρ
3627 3933 3734 3968 πε-

2145 4009 2376 4073 πονθὼς,
2417 4010 2539 4063 οὐδὲ
2576 4011 2786 4081 ῥήματι
2816 4012 2943 4075 τοὺς
2971 4012 3298 4084 ἠδικηκότας
3325 4013 3582 4085 ἠμύνετο,
3607 4014 3732 4068 οὐδὲ

2145 4103 2331 4172 φωνὴν
2377 4103 2555 4172 ἀφῆκε
2591 4102 2817 4173 πικρὰν,
2862 4105 3006 4158 κατά
3047 4105 3158 4158 τῶν
3211 4111 3520 4178 συμφοραῖς
3565 4110 3734 4162 αὐτὸν

2147 4193 2578 4264 περιϐαλλόντων
2608 4199 2851 4267 πικραῖς.
2875 4198 3002 4262 Τοῖς
3027 4199 3314 4271 γὰρπαρὰ
3345 4200 3436 4254 τοῦ
3466 4201 3732 4270 βασιλέως

2149 4285 2246 4353 μὲν
2277 4283 2580 4353 δεσμώταις
2611 4288 2667 4339 ἐν
2699 4287 2776 4359 τῷ
2807 4288 3167 4362 δεσμωτηρίῳ
3219 4292 3614 4364 συνδιέτριϐενο
3647 4288 3735 4356 οἷς

2146 4375 2311 4439 λύσας
2339 4375 2398 4428 τὸ
2426 4377 2534 4430 τῶν
2567 4379 2794 4449 ὀνείρων
2825 4382 3128 4451 ἀμήχανον,
3162 4383 3470 4454 διηγεῖσθαι
3501 4383 3570 4436 τὰ
3600 4383 3729 4436 καθ’

453 4442 728 4512 ambages,
766 4460 928 4504 casus
965 4465 1094 4505 suos
1130 4468 1417 4510 recensere
1456 4461 1772 4526 cogebatur,
1801 4470 1855 4514 et
1899 4477 2030 4518 suo-

2148 4467 2330 4520 ἑαυτὸν
2361 4442 2733 4537 ἠναγκάζετο,
2763 4442 2997 4526 καὶ-τῶν
3029 4442 3248 4528 οίκείων
3266 4442 3484 4544 δεσμῶν
3518 4476 3614 4545 τὴν
3644 4479 3735 4528 ai-

454 4547 570 4585 rnm
618 4535 958 4594 vinculorum
1010 4557 1203 4600 causas
1243 4560 1518 4616 exponere
1557 4567 1570 4603 :
1617 4559 1673 4602 et
1723 4553 1799 4606 ait
1831 4572 1843 4606 :
1881 4554 2022 4619 Quia

453 4625 638 4690 furtim
690 4629 927 4686 sublatus
978 4651 1093 4688 sum
1149 4636 1212 4690 de
1262 4648 1402 4692 terra
1457 4638 1830 4712 llebrtrorum,
1871 4657 1920 4700 et
1951 4648 2034 4700 hic

2132 4561 2254 4613 τίαν
2287 4561 2612 4616 ἐκτίθεσθαι.
2646 4565 2755 4618 Καί
2788 4582 2984 4636 φησιν·
3039 4567 3165 4621 Ὅτι
3207 4566 3409 4634 κλοπῇ
3448 4566 3735 4631 bald.th

2133 4653 2200 4706 ἐκ
2232 4653 2342 4722 τῆς
2382 4653 2667 4723 Ἐϐραίων
2693 4698 2707 4722 ,
2754 4657 2852 4710 καὶ
2883 4651 3000 4711 ὧδε
3033 4658 3297 4726 ἐποίησα
3342 4657 3544 4713 οὐδέν.
3588 4658 3732 4711 Ποῖα

1650 4819 1755 4877 CL.
1781 4823 2160 4894 DAUSQUEII
2203 4828 2438 4887 ΝΟΤᾸΞ.

449 4959 651 5015 Glossa!
675 4983 687 5017 :
709 4964 912 5036 ὲπῳδή,
935 4969 1284 5034 precantatio,
1320 4984 1439 5025 cum
1465 4974 1675 5031 scilicet
1705 4977 2024 5037 incantatio-

450 5045 569 5084 nem
605 5037 967 5116 praecentione
998 5039 1118 5105 quis
1138 5043 1456 5118 antevertit.
1485 5043 1584 5098 Hic
1611 5044 1843 5118 Josepbo
1885 5061 2022 5105 tem-

449 5105 688 5183 perantia
721 5104 890 5183 vicem
912 5104 1353 5183 praecantationis
1376 5121 1634 5183 tanquam
1661 5104 1830 5174 surdo
1855 5104 2019 5177 verba

447 5171 764 5258 comitdynx
797 5171 1088 5256 impudica.
1124 5177 1236 5258 E_tsi
1265 5191 1442 5235 autem
1473 5171 1534 5236 τὸ
1558 5186 1660 5258 -ὲπί
1709 5171 2022 5258 posterioris

413 5243 722 5326 ~atujusdam
767 5245 1332 5326 cautionisIationettt
1391 5243 1721 5326 quandoque
1748 5243 2020 5323 notetfut

411 5313 428 5353 .'
449 5309 630 5389 volunt
683 5313 746 5394 in.
783 5313 998 5396 {Epodis'
1043 5309 1641 5400 l-l'oratianisftamen‘
1662 5309 2017 5400 etis-mni],qu

2129 5002 2319 5042 vocem
2357 4989 2508 5044 Latio
2537 4991 2754 5045 donavit
2787 4991 3108 5048 Curculione
3139 5011 3158 5045 .-

2203 5099 2315 5154 Nec
2342 5111 2628 5173 strategus,
2678 5121 2770 5158 nec
2805 5114 3064 5174 tyrannus
3101 5105 3378 5176 quisquam
3407 5145 3419 5164 ,
3452 5121 3560 5176 inec
3590 5121 3727 5172 agor

3450 5175 3721 5245 [unomug

2199 5241 2310 5294 Nec
2343 5244 2677 5311 demarchus,
2699 5262 2792 5298 nec
2823 5247 3150 5299 comarchus.

2197 5331 2311 5407 (55)
2354 5336 2581 5389 Χιτῶνα
2620 5337 2894 5407 φέρουσα
2922 5338 3039 5391 τῶν
3071 5336 3285 5407 χειρῶν
3319 5338 3426 5388 τὸν
3468 5338 3729 5405 κατήγο-

447 5381 1258 5475 Rrixsaseinaer:assumere
1278 5381 1504 5475 ,ρρίεεξιν
1533 5399 1687 5475 ,ψιοὲ
1716 5381 2017 5475 sese;

2223 5381 2308 5396 π,
2354 5381 2580 5389 wn..."
2625 5381 2692 5394 νν
2735 5381 3020 5392 HW..."
3201 5381 3264 5389 κ,
3323 5381 3404 5388 η,
3659 5381 3688 5390 ν

2148 5381 2248 5456 im“.
2297 5405 2549 5460 Isocratis
2581 5381 2864 5461 nourillud
2905 5381 3315 5475 absitn’ilermp‘t
3344 5381 3666 5469 ἀντιδόσεαῇ
3700 5426 3713 5436 ·

448 5451 495 5498 in
532 5450 769 5523 idyllinm
799 5450 1032 5519 primum
1061 5450 1336 5513 Theocriti
1363 5450 1610 5519 notavit':
1645 5450 2010 5523 Τοῧτᾱὲεᾰέῐ

444 5521 914 5609 γεταέλπρίόὲισμα..
939 5525 1033 5576 καὶ
1055 5529 1466 5609 ἐπιμελώδημα,
1498 5537 1592 5609 καὶ
1615 5521 1904 5609 ὲπῴδημα,
1921 5521 2015 5593 καὶ

444 5587 646 5676 ἐπῳδῇ.
681 5587 1122 5676 ⁷.Ι‹Ιόιὶιηὶιιηιιιιιιι
1151 5587 1482 5676 stagna}:

447 5657 655 5731 ἑπιρδάς
688 5662 1005 5717 incentiones
1041 5683 1159 5721 cum
1185 5657 1744 5731 ticllio'licet'di‘c'ere.

517 5725 627 5798 (59.)
663 5731 714 5783 '0
753 5736 1084 5806 στρατηγός
1114 5738 1223 5809 τῆς
1259 5725 1868 5812 ἀκολασίὶίίξίνῐδίιιιιιυε
1895 5766 2012 5806 eam

2123 5475 2355 5547 :Opowv
2405 5476 2795 5547 ἐργαζόμενος,
2842 5477 3034 5547 ὥσπερ
3079 5478 3144 5531 ἂν
3190 5478 3364 5540 εἴτις
3413 5477 3726 5547 ἱεροσυλίας

2122 5543 2308 5618 ἕτερον
2339 5543 2571 5618 διώκων,
2604 5543 2863 5612 αὐτὸςτά
2901 5543 3012 5602 τῶν
3041 5549 3180 5600 θεῶν
3215 5551 3336 5600 ταῖν
3373 5543 3553 5618 χεροῖν
3577 5547 3722 5616 ἔχων

2125 5615 2340 5687 φανείηο
2378 5615 2603 5670 Perinde
2635 5632 2756 5685 agat
2786 5636 2847 5672 ac
2875 5621 2920 5672 si
2943 5620 3058 5687 quis
3090 5619 3318 5671 alterum
3347 5615 3719 5672 incusanssa-

2124 5685 2326 5751 crilegii
2362 5687 2468 5754 ipse
2498 5703 2575 5740 res
2605 5691 2820 5744 deorum
2864 5685 3105 5742 manibus
3139 5697 3318 5743 tenens
3348 5689 3402 5741 in
3447 5689 3719 5756 publicum

2124 5756 2368 5822 prodeat.
