4048 6400
495 333 591 396 771

1755 323 2121 384 EUTHALII
2163 320 2467 383 DIACONI

3649 317 3748 381 772

571 440 633 494 ll.
667 438 834 493 Suum
865 435 930 490 de
961 435 1090 503 ipsis
1137 432 1466 488 desiderium
1505 432 1866 503 gaudiumque
1907 431 2073 499 signi-

2252 429 2419 492 Πόθος
2446 426 2622 480 αὖτῶν
2652 427 2745 481 καὶ
2775 426 2918 498 χαρὰ
2945 428 3030 481 ἐπ’
3054 428 3257 491 αὐτοῖς.
3285 426 3378 480 καὶ
3409 425 3650 497 μέριμνα
3677 431 3745 489 t'c;

499 534 645 596 lit-at,
685 536 1046 595 quantamque
1090 527 1311 596 insuper
1359 526 1425 578 de
1471 526 1708 591 ipsorum
1751 521 2078 594 perfectione

502 621 915 678 sollicitudinem
955 620 1169 681 habeat,
1195 633 1308 684 cap.
1347 632 1406 682 tt,
1444 617 1530 670 Π.

573 712 657 765 ΙΙΙ.
698 710 942 764 Precatio
985 711 1050 762 ad
1098 708 1262 761 Deum
1318 717 1375 762 et
1423 705 1699 760 Christum
1747 705 1814 758 de
1865 718 1963 758 suo
2015 702 2078 756 ad

502 805 650 872 ipsos
683 803 934 861 adventu,
967 802 1138 870 deque
1172 799 1485 854 eorumdem
1516 797 1756 866 profectu
1798 805 1960 864 alque
1991 798 2082 848 tir-

505 896 713 954 tnitate,
750 907 917 960 usque
944 894 1010 944 ad
1061 893 1346 945 adventum
1382 888 1606 953 Christi,
1639 905 1754 953 cap.
1792 903 1874 952 III,
1904 885 1959 938 2.

579 983 666 1037 ιν.
713 984 970 1038 ιιονιςιιιιι·
1005 985 1070 1037 ad
1105 983 1516 1051 temperantiam
1554 990 1607 1035 et
1643 980 1926 1047 justitiam,
1964 988 2080 1030 tan-

507 1091 670 1142 quam
703 1075 868 1128 Deum
897 1073 1130 1141 judicent
1179 1072 1480 1134 habituros,
1512 1070 1578 1122 ad
1609 1069 1902 1123 fraternum
1933 1080 2081 1120 amo-

510 1180 661 1229 rem,
717 1175 877 1232 atque
937 1166 1004 1218 ad
1082 1163 1413 1232 Operandum
1473 1159 1709 1231 propriis
1775 1155 2022 1212 manibus
2059 1196 2077 1220 ,

507 1275 622 1322 cap.
667 1272 738 1317 tv,
765 1255 819 1310 2.

588 1343 648 1397 ν.
737 1343 1074 1396 Adveniente
1133 1341 1349 1394 Christo
1408 1350 1633 1391 nzortem
1685 1337 1734 1390 in
1784 1335 2085 1389 viventibus

508 1452 662 1504 mque
696 1451 758 1489 ac
786 1438 836 1488 in
863 1435 1062 1488 dudum
1099 1433 1328 1488 mortuis
1370 1431 1583 1500 penitus
1612 1428 1927 1484 abolendam
1964 1438 2084 1480 esse

509 1528 686 1590 docet,
721 1543 834 1593 ειψ.
872 1542 943 1586 tv,
979 1526 1064 1578 15.

497 1640 502 1646 -
585 1616 664 1669 \‘l.
704 1616 855 1680 Quod
895 1630 959 1669 ex
998 1611 1287 1682 improviso
1323 1611 1650 1664 adventuros
1682 1608 1752 1661 sit
1792 1605 2078 1670 Christus;

513 1707 741 1774 ideoque
782 1716 1052 1774 oportere,
1084 1714 1141 1758 ut
1185 1704 1324 1768 ﬁde,
1367 1717 1482 1772 spe,
1514 1703 1798 1764 charitate,
1845 1697 2078 1757 honore,

2180 520 2246 573 ἂν
2276 518 2609 572 τελειωθεῖεν
2640 516 2773 588 (99).

2255 700 2398 770 Εύχὴ
2432 701 2568 769 πρὸς
2594 700 2724 752 Θεὸν
2751 701 2842 754 καὶ
2874 701 3104 771 Χριστὸν
3136 702 3265 770 περὶ
3293 699 3525 770 ἀφίξεως
3557 700 3630 772 (1)
3656 702 3752 770 τῆς

2181 790 2365 851 αὑτοῦ,
2399 790 2492 842 καὶ
2518 791 2616 860 τῆς
2656 791 2956 860 αὐξήσεως,
2987 793 3080 844 καὶ
3121 789 3463 859 βεϐαιώσεως
3489 790 3752 844 Θεσσαλο-

2181 884 2397 943 νικέων,
2424 882 2528 943 ’ἐως
2552 882 2652 948 τῆς
2683 882 2984 952 παρουσίας
3013 881 3272 952 Χριστοῦ.

2253 973 2578 1042 Παραίνεσις
2610 972 2980 1043 σωφροσύνης,
3014 974 3382 1042 δικαιοσύνης,
3409 973 3481 1037 ὡς
3513 971 3606 1025 ἐπὶ
3635 973 3756 1043 κρί-

2183 1081 2288 1130 σει,
2328 1062 2702 1132 φιλαδελφίας,
2730 1064 2990 1134 ἐργασίας
3023 1065 3458 1136 ίδιοπράγμονος.

2252 1319 2583 1372 Διδασκαλία
2615 1320 2741 1388 περὶ
2780 1320 2879 1388 τῆς
2904 1318 2996 1371 τοῦ
3022 1319 3253 1373 Θανάτου
3287 1319 3638 1383 καταλύσεως
3667 1321 3760 1372 ἐπὶ

2183 1408 2398 1474 ζώντων
2429 1412 2522 1462 καί
2549 1408 2757 1480 νεκρῶν
2782 1412 2840 1463 ἐν
2865 1409 3154 1480 ἐπιφανείᾳ
3194 1410 3452 1481 Χριστοῦ.

2254 1594 2388 1664 Περὶ
2422 1592 2514 1646 τοῦ
2552 1593 2829 1660 αἰφνιδίως
2866 1594 3016 1663 ἥξειν
3059 1595 3311 1664 Χριστὸν,
3339 1595 3481 1648 ὥστε
3522 1595 3633 1648 δεῖν
3671 1596 3762 1647 εὖ⁴

2181 1685 2534 1754 τρεπίζεσθαι
2585 1686 2809 1754 σπουδῇ,
2842 1686 3041 1749 πίστει,
3089 1686 3284 1750 ἐλπίδι,
3339 1687 3564 1757 ἀγάπῃ,
3602 1690 3758 1756 τιμῇ,

512 1773 683 1864 pace,
734 1773 1138 1866 longanimitate
1211 1804 1267 1847 et
1325 1791 1560 1846 discendi
1622 1802 1803 1842 amore
1859 1787 1926 1840 ad
1966 1785 2081 1853 ejus

2185 1778 2394 1846 εἰρήνῃ.
2426 1773 2794 1845 μακροθυμίᾳ,
2828 1774 3146 1845 φιλομαθίᾳ.

512 1891 799 1942 adventum
829 1888 1070 1940 studiose
1109 1901 1204 1940 nos
1255 1896 1640 1954 praeparemus,
1668 1896 1785 1946 cap.
1811 1893 1860 1942 v,
1905 1878 1958 1930 1.

589 1979 700 2032 Vll.
745 1978 988 2032 Precatio
1017 1980 1082 2030 ad
1111 1975 1274 2028 Deum
1309 1977 1374 2028 de
1421 1972 1813 2026 sautiticatione
1838 1968 2078 2038 spiritus,

516 2071 712 2124 anima:
744 2078 795 2122 et
826 2068 1067 2135 corporis
1113 2066 1371 2130 ﬁdelium,
1407 2063 1535 2116 ibid.
1579 2062 1667 2115 23.
1701 2060 1898 2114 Versus
1916 2055 2080 2125 hujus

515 2159 724 2214 elenchi
777 2170 901 2212 sunt
931 2173 1042 2212 ιη’.

1052 2261 1538 2319 ARGUMENTUM

763 2372 1017 2443 Epistolis
1055 2371 1120 2426 11
1169 2375 1236 2425 ad
1311 2369 1812 2425 Thessalonicensem

586 2482 736 2537 lianc
781 2483 847 2535 ab
876 2480 1020 2536 Urbe
1053 2480 1252 2534 mittit:
1289 2478 1406 2546 ejus
1433 2489 1611 2532 autem
1651 2475 1945 2531 scribendae
1969 2472 2083 2526 hmc

512 2573 613 2628 fuit
671 2572 905 2626 occasio.
945 2569 1456 2624 Thessalonicenses
1507 2565 1746 2621 nonnulli
1793 2561 2082 2618 inordinati

511 2669 676 2731 atque
729 2661 932 2723 otiosi,
975 2659 1408 2724 circumeuntes,
1458 2654 1785 2710 seducebant
1844 2651 2079 2713 fratres,

515 2753 671 2821 quasi
702 2752 816 2817 jam
862 2751 1169 2804 immineret
1215 2746 1424 2802 Domini
1453 2748 1734 2802 adventus.
1775 2744 1881 2800 Eos
1904 2754 2081 2799 autem

516 2842 874 2912 decipiebant,
902 2851 1155 2910 tanquam
1187 2840 1238 2893 id
1270 2837 1558 2907 Apostolus
1591 2835 1983 2891 manifestasset
2029 2844 2085 2889 et

519 2935 622 3006 ipsi
667 2951 695 2989 a
740 2935 930 3003 spiritu
951 2934 1281 2988 didicissent.
1311 2929 1407 2985 llis
1455 2930 1637 2998 itaque
1689 2925 1975 2983 intellectis
2018 2925 2084 2979 ad

519 3030 738 3081 eosdem
787 3025 1076 3096 Epistolam
1131 3024 1317 3079 scribit
1359 3020 1666 3092 Apostolus.
1727 3019 1795 3074 Et
1847 3019 2082 3088 primum

515 3117 734 3187 quidem
777 3117 864 3171 eis
909 3115 1231 3186 gratulatur,
1281 3114 1422 3204 quod
1460 3113 1697 3182 ipsorum
1743 3111 1876 3204 fides
1906 3110 2082 3204 quoti-
2109 3147 2152 3204 ο

513 3205 602 3259 die
634 3212 928 3267 cresceret,
960 3204 1133 3272 deque
1155 3204 1287 3271 ipsis
1314 3202 1536 3257 adversa
1567 3208 1784 3271 propter
1807 3198 2081 3253 Christum

513 3293 742 3346 viriliter
768 3292 1062 3345 ferentibus
1083 3292 1378 3361 gloriatur;
1408 3292 1625 3345 eosdem
1652 3291 1870 3358 insuper
1894 3302 2086 3342 conso-

514 3383 677 3443 latur,
728 3390 981 3449 tanquam
1038 3383 1172 3435 ultio
1231 3382 1409 3435 divina
1476 3381 1734 3434 adversus
1790 3378 1909 3432 illus
1976 3392 2082 3431 non

513 3471 766 3525 defutura
808 3480 994 3534 esset,
1046 3486 1075 3524 a
1120 3472 1314 3541 quibus
1387 3469 1581 3538 injuria
1628 3468 1803 3524 aﬂ'ecti
1850 3467 2080 3522 fuerant.

517 3564 722 3616 Deinde
775 3563 841 3616 de
892 3561 1186 3616 Salvatoris
1224 3563 1451 3616 adventu
1491 3562 1650 3616 verba
1683 3561 1907 3626 faciens,
1942 3561 2084 3628 ipsos

516 3663 727 3718 monet,
762 3662 818 3706 ut
863 3652 1064 3706 nemini
1101 3653 1327 3706 credant
1387 3667 1560 3722 neque
1609 3653 1930 3716 turbentur,
1972 3651 2084 3704 sive

516 3761 610 3814 per
643 3744 902 3813 Spiritum
937 3744 987 3798 id
1030 3744 1428 3798 manifestatum
1463 3744 1628 3799 fuisse
1651 3743 1942 3804 diceretur.
1972 3742 2084 3796 sive

516 3846 770 3904 tanquam
820 3835 1044 3902 ipsemet
1081 3835 1147 3888 de
1209 3835 1397 3888 eodem
1445 3834 1676 3888 adventu
1749 3833 2078 3902 scripsisset.

512 3927 691 3982 Monet
741 3926 904 3981 etiam
948 3935 1006 3980 ut
1068 3925 1212 3979 nullo
1271 3936 1426 3996 pacto
1476 3934 1729 3982 censeant
1794 3929 2080 3980 adventum

515 4020 660 4073 illum
712 4019 944 4084 adesse;
979 4034 1100 4073 cum
1138 4019 1188 4073 id
1227 4019 1446 4074 evenire
1483 4033 1589 4073 non
1617 4018 1807 4087 possit,
1851 4017 1952 4072 nisi
1987 4017 2082 4070 de-

515 4112 674 4166 fectio
713 4114 861 4181 prius
889 4111 1026 4166 facta
1055 4112 1254 4178 fuerit,
1305 4121 1359 4165 et
1387 4119 1504 4180 post
1541 4111 1680 4164 hanc
1708 4109 2080 4164 Autichristus

513 4204 828 4270 perditionis
874 4203 1013 4258 lilius
1057 4203 1339 4257 advenerit
1381 4221 1393 4254 :
1432 4201 1483 4254 id
1524 4204 1665 4269 quod
1710 4215 1812 4254 non
1861 4201 1979 4254 sine
2007 4200 2081 4253 si-

511 4295 628 4363 gnis
662 4306 716 4347 et
756 4294 1101 4348 mendacibus
1137 4293 1430 4346 secundum
1473 4291 1688 4344 Satanae
1713 4291 2080 4359 operationem

511 4385 788 4454 prodigiis,
833 4385 1073 4439 futurum
1132 4399 1252 4438 esse
1290 4381 1580 4449 significat.
1628 4381 1828 4435 Deinde
1865 4383 2080 4436 eosdem

2251 1958 2400 2029 Εύχὴ
2443 1961 2571 2029 περὶ
2615 1958 2890 2030 ἁγιασμοῦ
2932 1959 3277 2028 πνεύματος,
3322 1961 3416 2030 καὶ
3455 1959 3636 2029 ψυχῆς
3670 1962 3764 2011 καὶ

2183 2048 2451 2119 σώματος.
2480 2049 2657 2120 Στίχοι
2690 2051 2750 2103 ιδ’

2801 2253 3134 2306 ΥΠΟΘΕΣΙΣ

2225 2359 2340 2430 Τῆς
2367 2360 2516 2430 πρὸς
2537 2361 3005 2426 Θεσσαλονικεῖς
3033 2361 3316 2430 δευτέρας
3343 2361 3730 2431 Ἐπιστολῆς.

2251 2473 2468 2542 Ταύτην
2519 2471 2821 2524 ἐπιστέλλει
2877 2473 2985 2524 ἀπὸ
3021 2472 3274 2542 Ῥώμης·
3311 2475 3342 2543 ή
3384 2473 3441 2527 δὲ
3487 2474 3768 2544 πρόφασις

2183 2565 2281 2635 τῆς
2321 2564 2636 2634 Ἐπιστολῆς
2667 2561 2826 2632 αὕτη.
2866 2563 3020 2626 Τινὲς
3042 2562 3149 2616 ἀπὸ
3171 2564 3566 2635 Θεσσαλονίκης
3599 2566 3771 2636 ἀργοὶ

2183 2658 2278 2710 καὶ
2319 2656 2576 2721 ἄτακτοι,
2621 2655 3066 2726 περιερχόμενοι,
3111 2657 3237 2718 τοὺς
3279 2655 3541 2727 ἀδελφοὺς
3579 2657 3768 2727 ὑφήρ-

2183 2749 2375 2812 παςον,
2399 2747 2474 2810 ὡς
2505 2747 2604 2818 ἠδη
2636 2748 2734 2817 τῆς
2765 2746 3065 2817 παρουσίας
3092 2746 3186 2800 τοῦ
3219 2747 3426 2817 Κυρίου
3465 2749 3767 2818 ἐνστάσης.

2198 2839 2449 2892 Ἠπὰτων
2469 2838 2524 2890 δὲ
2547 2839 2670 2901 τοὺς
2697 2837 3013 2900 ἀκούοντας,
3035 2837 3111 2901 ὡς
3135 2837 3226 2890 τοῦ
3254 2839 3576 2892 Ἀποστὸλου
3599 2839 3772 2893 τοῦτο

2181 2927 2466 2998 δηλοῦντος
2523 2927 2618 2981 καὶ
2671 2928 2774 2980 ὑπὸ
2827 2927 3134 2998 πνεύματος
3184 2929 3538 2993 ἀκούσαντες.
3570 2931 3769 2984 Ταῦτα

2191 3019 2368 3071 τοίνυν
2398 3017 2586 3088 μαθὼν
2611 3020 2639 3071 ὁ
2676 3018 2996 3082 Ἀπόστολος
3042 3019 3242 3089 γράφει
3273 3022 3372 3092 τὴν
3411 3021 3764 3094 Ἐπιστολὴν.

2183 3110 2295 3163 Καὶ
2324 3110 2538 3182 πρῶτον
2571 3109 2670 3180 μὲν
2709 3110 3029 3180 ἀποδέχεται
3065 3111 3161 3182 τὴν
3207 3112 3389 3165 πίστιν
3427 3113 3608 3166 αὐτῶν
3648 3116 3768 3168 αὐ-

2187 3199 2472 3264 ξάνουσιν,
2517 3201 2609 3253 καὶ
2641 3201 2723 3252 ὅτι
2774 3201 2831 3252 ἐν
2864 3201 3048 3266 αὐτοῖς
3081 3203 3371 3272 ἐκαυχᾶτο,
3410 3206 3507 3268 τὰς
3550 3205 3767 3275 θλίψεις

2185 3291 2446 3361 γενναίως
2496 3293 2858 3363 ὑποφέρουσιν
2909 3292 2998 3347 διὰ
3036 3293 3126 3346 τὸν
3171 3295 3444 3366 Χριστόν·
3498 3313 3766 3369 παραμυ-

2187 3383 2357 3436 θεῖται
2383 3384 2441 3436 δὲ
2471 3384 2686 3447 αὐτοὺς,
2711 3385 2787 3448 ὼς
2816 3384 3087 3456 ἑπομένης
3111 3385 3188 3456 (2)
3215 3386 3456 3450 ἐκδικίας
3485 3388 3638 3460 παρὰ
3668 3391 3768 3444 τοῦ

2185 3474 2320 3528 Θεοῦ
2349 3477 2490 3528 κατὰ
2516 3475 2621 3527 τῶν
2648 3475 2844 3536 αὐτοὺς
2871 3475 3218 3532 ἀδικούντων.
3248 3478 3480 3533 Ἔπειτα
3503 3481 3634 3552 περ)⁸
3663 3481 3767 3552 τῆς

2185 3568 2485 3637 παρουσίας
2514 3565 2608 3618 τοῦ
2635 3565 2884 3636 Σωτῆρος
2917 3566 3156 3620 διδάσκει
3185 3568 3374 3638 μηδενὶ
3406 3571 3604 3634 αὐτοὺς
3636 3574 3768 3626 πεί-

2187 3655 2395 3719 θεσθαι,
2431 3655 2564 3725 μηδὲ
2597 3653 2868 3725 θροεῖσθαι
2895 3654 3111 3718 αὐτοὺς,
3145 3658 3278 3726 μήτε
3307 3657 3394 3709 διὰ
3421 3657 3763 3728 Πνεύματος,

2189 3749 2323 3818 μήτε
2355 3748 2429 3810 ὼς
2463 3745 2626 3799 αὑτοῦ
2670 3746 3000 3816 γράψαντος,
3042 3747 3179 3817 μηδὲ
3213 3747 3347 3810 ὅλως
3379 3749 3622 3819 νομίζειν
3656 3752 3764 3822 ήδη
3829 3797 3832 3800 .

2185 3842 2436 3909 παρεῖναι
2476 3837 2679 3907 αὑτήν·
2725 3837 2802 3908 μὴ
2842 3837 2951 3908 γὰρ
2991 3838 3252 3909 πρότερον
3299 3839 3516 3892 ἔσεσθαι
3565 3837 3764 3914 αὐτὴν,

2183 3930 2278 3983 ἐὰν
2322 3929 2397 4000 μὴ
2429 3931 2461 4000 ἡ
2489 3930 2794 3982 ἀποστασία
2825 3929 3041 3995 πρῶτον
3073 3930 3223 4003 ἔλθῃ,
3253 3934 3345 3985 καὶ
3375 3933 3514 4002 μετά
3553 3934 3766 4005 ταύτην

2182 4025 2210 4075 ὁ
2242 4022 2606 4092 Ἀντίχριστος
2635 4023 2663 4073 ὀ
2707 4020 2821 4083 υίὸς
2849 4021 2947 4090 τῆς
2996 4021 3292 4088 ἀπωλείας,
3327 4019 3386 4078 οὗ
3416 4023 3513 4096 τὴν
3548 4044 3765 4097 παρου-

2185 4112 2303 4165 σίαν
2335 4115 2391 4164 ἐν
2426 4112 2670 4182 σημείοις
2698 4112 2791 4165 καὶ
2827 4111 3016 4181 τέρασι
3048 4113 3297 4181 ψεύδους,
3330 4116 3448 4168 κατ’
3475 4117 3766 4186 ἐνέργειαν

2183 4203 2275 4255 τοῦ
2307 4203 2538 4269 Σατανᾶ,
2567 4203 2784 4257 ἔσεσθαι
2814 4204 3088 4274 σημαίνει.
3119 4199 3251 4259 Εἶτα
3293 4208 3630 4278 παραινέσας
3662 4213 3766 4264 αύ-

2183 4295 2294 4354 τοῖς
2327 4294 2545 4361 στήκειν
2584 4293 2868 4359 γενναίως,
2903 4293 2996 4345 καὶ
3035 4297 3256 4364 κρατεῖν
3284 4295 3381 4360 τὰς
3431 4299 3768 4368 παραδόσεις

2184 4383 2248 4446 ἃς
2294 4373 2649 4453 ἐδιδάχθησαν
2700 4384 2827 4454 παρ’
2873 4383 3062 4448 αὐτοῦ,
3108 4387 3435 4457 παραγέλλει
3485 4390 3768 4461 μηδεμίαν

512 4479 779 4539 hortatus.
817 4487 873 4530 ut
907 4486 1051 4530 stent
1084 4475 1310 4528 viriliter
1340 4483 1394 4525 et
1436 4473 1751 4526 traditiones
1775 4474 2078 4526 custodiant

2184 4479 2467 4532 κοινωνίαν
2499 4476 2642 4545 ἔχειν
2690 4477 2827 4546 μετά
2867 4476 2976 4530 τῶν
3023 4477 3292 4542 ἀτάκτων,
3325 4481 3460 4534 ἀλλὰ
3491 4484 3585 4535 καὶ
3624 4486 3768 4538 ἀπο-

512 4585 646 4636 quas
679 4571 745 4623 ab
786 4569 903 4636 ipso
949 4574 1290 4634 acceperant,
1335 4564 1578 4633 prmcipit
1606 4573 1667 4616 ut
1709 4564 1906 4616 nullam
1952 4580 2074 4620 cum

513 4661 832 4714 inordinatis
907 4660 1340 4714 communionem
1390 4655 1655 4722 habeant;
1714 4657 1842 4724 quin
1900 4659 2078 4727 potius

514 4751 632 4806 illos
678 4753 931 4821 cjiciant;
971 4766 1092 4804 itam
1123 4748 1488 4814 hujuscemodi
1540 4747 1788 4803 homines
1831 4751 2079 4806 euriosos

511 4857 576 4897 ac
620 4844 930 4911 deceptores
967 4855 1086 4895 esse
1129 4840 1461 4892 demonstrat
1512 4856 1525 4893 :
1562 4849 1616 4893 et
1667 4839 1718 4892 in
1769 4841 2077 4895 universum

512 4945 693 4988 tnonet
727 4933 1021 5002 ejiciendos
1058 4939 1212 4983 extra
1263 4930 1495 4984 fidelium
1529 4941 1734 4985 emtum
1782 4931 1901 4985 illos
1935 4947 2077 4995 esse,

509 5024 603 5094 qui
666 5025 776 5077 suis
817 5019 1160 5076 sernumibus
1191 5034 1294 5074 non
1331 5019 1783 5088 obtemperarent.
1839 5021 2079 5092 Denique

512 5129 700 5182 pacein
766 5113 967 5166 eisdem
1010 5119 1280 5180 precatus.
1331 5110 1600 5164 concludit
1637 5111 1926 5180 Epistolam
1956 5126 2081 5180 pro-

511 5204 630 5269 pria
670 5216 835 5254 manu
880 5198 1256 5252 salutationem
1289 5200 1604 5270 adjungens,
1658 5214 1820 5268 quam
1861 5201 1912 5253 in
1947 5215 2081 5254 una-

510 5307 726 5361 quaque
759 5289 982 5358 cpislola
1021 5305 1115 5343 sua
1143 5290 1351 5359 signum
1385 5305 1504 5346 esse
1531 5291 1788 5346 declarat.

2186 4569 2403 4621 ϐάλλειν
2437 4564 2632 4628 αὐτούς
2653 4581 2666 4596 ·
2697 4561 2838 4620 εἶναι
2875 4566 2984 4638 γὰρ
3013 4568 3107 4621 καὶ
3141 4571 3466 4640 περιέργους
3500 4573 3596 4625 καὶ
3624 4574 3770 4628 πλά-

2183 4673 2306 4718 νους
2331 4653 2565 4723 ἐδήλωσε
2589 4656 2712 4718 τοὺς
2740 4654 3010 4718 τοιούτους
3030 4673 3044 4687 ο
3075 4659 3166 4711 καὶ
3201 4660 3426 4713 καθόλου
3456 4661 3511 4714 δὲ
3544 4666 3769 4736 παρήγ-

2180 4747 2358 4816 γειλεν
2389 4746 2480 4800 τὸν
2511 4747 2586 4818 μὴ
2624 4747 2965 4802 ὑπακούοντα
3004 4752 3115 4814 τοῖς
3145 4751 3324 4819 λόγοις
3351 4752 3539 4816 αὐτοῦ,
3568 4755 3766 4809 τοῦτον

2181 4839 2604 4906 ἀποσυνάγωγον
2659 4839 2924 4906 γίνεσθαι.
2958 4841 3069 4895 Καὶ⁵
3115 4841 3300 4894 λοιπὸν
3356 4843 3764 4915 Ἐπευξάμενος

2183 4929 2363 4990 αὐτοῖς
2391 4929 2509 4999 είρή
2525 4945 2632 4998 θην,
2663 4929 2863 4983 τελειοῖ
2887 4930 2985 5001 τὴν
3013 4931 3322 5004 ἐπιστολὴν,
3351 4917 3441 4988 τὸν
3465 4937 3766 5008 ἀσπασμὸν

2183 5019 2249 5086 τῇ
2291 5017 2397 5087 ἰδίᾳ
2446 5018 2588 5088 χειρὶ
2638 5017 2892 5088 γράψας,
2940 5020 3076 5090 ὅπερ
3128 5025 3352 5093 σημεῖον
3385 5020 3524 5079 εἷναι
3578 5027 3765 5100 πάσης

2186 5106 2505 5176 Ἐπιστολῆς
2526 5107 2840 5180 δεδήλωκεν.

1699 5443 1910 5501 LAUR.
1955 5443 2272 5501 ZACAGNII
2312 5445 2542 5504 NUTIE.

583 5595 781 5670 (99)]11
812 5598 1069 5670 Stephani
1102 5598 1336 5653 editione
1367 5610 1470 5662 est,
1499 5600 1604 5661 ἕως
1629 5599 1694 5652 ἂν
1721 5599 2075 5666 τελειωθεῖεν,

583 5668 662 5736 (1)
697 5668 1102 5735 Eadem—editio,
1137 5673 1262 5741 περὶ
1302 5671 1397 5740 τῆς
1429 5670 1660 5738 ἀφίξεως
1693 5672 1877 5725 αὑτοῦ.

2263 5603 2337 5672 (:2)
2382 5603 2636 5673 Stephani
2667 5609 2830 5664 editio
2858 5655 2875 5681 ,
2907 5609 3190 5679 ἐσομένης.
