  <div class='ocr_page' id='page_1' title='image "/cluster/home/n/w/nwhite01/storage/ocr_20150623/85/coo.31924054869866/395.png"; bbox 0 0 4048 6372; ppageno 0'>
   <div class='ocr_carea' id='block_1_1' title="bbox 482 281 588 344">
    <p class='ocr_par' dir='ltr' id='par_1_1' title="bbox 482 281 588 344">
     <span class='ocr_line' id='line_1_1' title="bbox 482 281 588 344; baseline 0 -1"><span class='ocrx_word' id='word_1_1' title='bbox 482 281 588 344; x_wconf 79' lang='grc' dir='ltr'><strong>’ῐῖ5</strong></span> 
     </span>
    </p>
   </div>
   <div class='ocr_carea' id='block_1_2' title="bbox 1751 266 3726 331">
    <p class='ocr_par' dir='ltr' id='par_1_2' title="bbox 1751 266 3726 331">
     <span class='ocr_line' id='line_1_2' title="bbox 1751 266 3726 331; baseline -0.002 -1"><span class='ocrx_word' id='word_1_2' title='bbox 1751 269 2124 330; x_wconf 78' lang='lat' dir='ltr'><strong>EUTIIALII</strong></span> <span class='ocrx_word' id='word_1_3' title='bbox 2164 269 2474 331; x_wconf 74' lang='lat' dir='ltr'><strong>DIACONI</strong></span> <span class='ocrx_word' id='word_1_4' title='bbox 3655 266 3726 328; x_wconf 71' lang='lat'><strong>77</strong></span> 
     </span>
    </p>
   </div>
   <div class='ocr_carea' id='block_1_3' title="bbox 490 381 2087 455">
    <p class='ocr_par' dir='ltr' id='par_1_3' title="bbox 490 382 2067 450">
     <span class='ocr_line' id='line_1_3' title="bbox 490 382 2067 450; baseline -0.01 0"><span class='ocrx_word' id='word_1_5' title='bbox 490 406 605 449; x_wconf 84' lang='lat' dir='ltr'><strong>tum</strong></span> <span class='ocrx_word' id='word_1_6' title='bbox 671 394 934 448; x_wconf 87' lang='lat' dir='ltr'><strong>bonorum</strong></span> <span class='ocrx_word' id='word_1_7' title='bbox 1006 387 1252 442; x_wconf 81' lang='lat' dir='ltr'><strong>umbram</strong></span> <span class='ocrx_word' id='word_1_8' title='bbox 1306 385 1516 448; x_wconf 78' lang='lat' dir='ltr'><strong>fuisse;</strong></span> <span class='ocrx_word' id='word_1_9' title='bbox 1571 395 1668 438; x_wconf 86' lang='lat' dir='ltr'><strong>nec</strong></span> <span class='ocrx_word' id='word_1_10' title='bbox 1735 382 2067 450; x_wconf 71' lang='lat' dir='ltr'><strong>requiei-isse</strong></span> 
     </span>
    </p>
   </div>
   <div class='ocr_carea' id='block_1_4' title="bbox 2190 381 3760 455">
    <p class='ocr_par' dir='ltr' id='par_1_4' title="bbox 2190 381 3760 455">
     <span class='ocr_line' id='line_1_4' title="bbox 2190 381 3760 455; baseline 0.003 -23"><span class='ocrx_word' id='word_1_11' title='bbox 2190 383 2231 434; x_wconf 68' lang='grc' dir='ltr'>δῦ</span> <span class='ocrx_word' id='word_1_12' title='bbox 2266 383 2611 436; x_wconf 72' lang='grc' dir='ltr'><strong>κατέπαυσεν</strong></span> <span class='ocrx_word' id='word_1_13' title='bbox 2637 381 2664 434; x_wconf 86' lang='grc' dir='ltr'>ὁ</span> <span class='ocrx_word' id='word_1_14' title='bbox 2691 381 2846 447; x_wconf 79' lang='grc' dir='ltr'>λαὸς,</span> <span class='ocrx_word' id='word_1_15' title='bbox 2892 381 3029 436; x_wconf 82' lang='grc' dir='ltr'>ἀλλᾶ</span> <span class='ocrx_word' id='word_1_16' title='bbox 3067 382 3224 455; x_wconf 78' lang='grc' dir='ltr'>κοινὴ</span> <span class='ocrx_word' id='word_1_17' title='bbox 3261 384 3426 438; x_wconf 78' lang='grc' dir='ltr'>πᾶσιν</span> <span class='ocrx_word' id='word_1_18' title='bbox 3455 385 3590 454; x_wconf 73' lang='grc' dir='ltr'>ἡμῖν</span> <span class='ocrx_word' id='word_1_19' title='bbox 3619 384 3760 438; x_wconf 76' lang='grc' dir='ltr'>ἀπο·</span> 
     </span>
    </p>
   </div>
   <div class='ocr_carea' id='block_1_5' title="bbox 488 472 2072 556">
    <p class='ocr_par' dir='ltr' id='par_1_5' title="bbox 488 472 2072 556">
     <span class='ocr_line' id='line_1_5' title="bbox 488 472 2072 556; baseline -0.009 -16"><span class='ocrx_word' id='word_1_20' title='bbox 488 485 742 556; x_wconf 84' lang='lat' dir='ltr'><strong>populum</strong></span> <span class='ocrx_word' id='word_1_21' title='bbox 767 481 1048 536; x_wconf 70' lang='lat' dir='ltr'><strong>.luvlaicutu</strong></span> <span class='ocrx_word' id='word_1_22' title='bbox 1076 522 1090 545; x_wconf 89' lang='lat'><strong>,</strong></span> <span class='ocrx_word' id='word_1_23' title='bbox 1139 478 1233 533; x_wconf 84' lang='lat' dir='ltr'><strong>sed</strong></span> <span class='ocrx_word' id='word_1_24' title='bbox 1274 473 1640 530; x_wconf 75' lang='lat' dir='ltr'><strong>communiter</strong></span> <span class='ocrx_word' id='word_1_25' title='bbox 1678 472 1928 527; x_wconf 86' lang='lat' dir='ltr'><strong>omnibus</strong></span> <span class='ocrx_word' id='word_1_26' title='bbox 1970 486 2072 526; x_wconf 84' lang='lat' dir='ltr'><strong>no-</strong></span> 
     </span>
    </p>
   </div>
   <div class='ocr_carea' id='block_1_6' title="bbox 494 563 2073 635">
    <p class='ocr_par' dir='ltr' id='par_1_6' title="bbox 494 563 2073 635">
     <span class='ocr_line' id='line_1_6' title="bbox 494 563 2073 635; baseline -0.011 -4"><span class='ocrx_word' id='word_1_27' title='bbox 494 577 580 631; x_wconf 90' lang='lat' dir='ltr'><strong>bis</strong></span> <span class='ocrx_word' id='word_1_28' title='bbox 605 583 936 628; x_wconf 80' lang='lat' dir='ltr'><strong>reservatum</strong></span> <span class='ocrx_word' id='word_1_29' title='bbox 983 570 1149 625; x_wconf 80' lang='lat' dir='ltr'><strong>fuisse</strong></span> <span class='ocrx_word' id='word_1_30' title='bbox 1177 570 1318 623; x_wconf 88' lang='lat' dir='ltr'><strong>diem</strong></span> <span class='ocrx_word' id='word_1_31' title='bbox 1359 566 1576 635; x_wconf 84' lang='lat' dir='ltr'><strong>quietis.</strong></span> <span class='ocrx_word' id='word_1_32' title='bbox 1619 564 1966 618; x_wconf 87' lang='lat' dir='ltr'><strong>Demonstrat</strong></span> <span class='ocrx_word' id='word_1_33' title='bbox 1991 563 2073 615; x_wconf 88' lang='lat' dir='ltr'><strong>iu-</strong></span> 
     </span>
    </p>
   </div>
   <div class='ocr_carea' id='block_1_7' title="bbox 489 651 2070 735">
    <p class='ocr_par' dir='ltr' id='par_1_7' title="bbox 489 651 2070 735">
     <span class='ocr_line' id='line_1_7' title="bbox 489 651 2070 735; baseline -0.009 -16"><span class='ocrx_word' id='word_1_34' title='bbox 489 680 654 735; x_wconf 84' lang='lat' dir='ltr'><strong>super</strong></span> <span class='ocrx_word' id='word_1_35' title='bbox 681 662 1022 719; x_wconf 69' lang='lat' dir='ltr'><strong>sacerdotale</strong></span> <span class='ocrx_word' id='word_1_36' title='bbox 1051 659 1408 714; x_wconf 85' lang='lat' dir='ltr'><strong>ministerium</strong></span> <span class='ocrx_word' id='word_1_37' title='bbox 1441 655 1509 709; x_wconf 86' lang='lat' dir='ltr'><strong>ab</strong></span> <span class='ocrx_word' id='word_1_38' title='bbox 1533 655 1714 709; x_wconf 80' lang='lat' dir='ltr'><strong>Aaron</strong></span> <span class='ocrx_word' id='word_1_39' title='bbox 1750 651 2070 706; x_wconf 89' lang='lat' dir='ltr'><strong>translatum</strong></span> 
     </span>
    </p>
   </div>
   <div class='ocr_carea' id='block_1_8' title="bbox 494 744 2071 819">
    <p class='ocr_par' dir='ltr' id='par_1_8' title="bbox 494 744 2071 819">
     <span class='ocr_line' id='line_1_8' title="bbox 494 744 2071 819; baseline -0.005 -11"><span class='ocrx_word' id='word_1_40' title='bbox 494 757 660 811; x_wconf 85' lang='lat' dir='ltr'><strong>luisse</strong></span> <span class='ocrx_word' id='word_1_41' title='bbox 689 758 746 810; x_wconf 88' lang='lat' dir='ltr'><strong>itt</strong></span> <span class='ocrx_word' id='word_1_42' title='bbox 791 754 1070 808; x_wconf 87' lang='lat' dir='ltr'><strong>Christum</strong></span> <span class='ocrx_word' id='word_1_43' title='bbox 1098 791 1113 815; x_wconf 89' lang='lat'><strong>,</strong></span> <span class='ocrx_word' id='word_1_44' title='bbox 1145 750 1302 819; x_wconf 85' lang='lat' dir='ltr'><strong>cujus</strong></span> <span class='ocrx_word' id='word_1_45' title='bbox 1337 757 1494 818; x_wconf 80' lang='lat' dir='ltr'><strong>typus</strong></span> <span class='ocrx_word' id='word_1_46' title='bbox 1521 755 1642 800; x_wconf 85' lang='lat' dir='ltr'><strong>erat.</strong></span> <span class='ocrx_word' id='word_1_47' title='bbox 1675 744 2030 800; x_wconf 77' lang='lat' dir='ltr'><strong>Melchisedec</strong></span> <span class='ocrx_word' id='word_1_48' title='bbox 2055 781 2071 808; x_wconf 89' lang='lat'><strong>,</strong></span> 
     </span>
    </p>
   </div>
   <div class='ocr_carea' id='block_1_9' title="bbox 489 839 2073 918">
    <p class='ocr_par' dir='ltr' id='par_1_9' title="bbox 489 839 2073 918">
     <span class='ocr_line' id='line_1_9' title="bbox 489 839 2073 918; baseline -0.008 -17"><span class='ocrx_word' id='word_1_49' title='bbox 489 849 581 918; x_wconf 85' lang='lat' dir='ltr'><strong>qui</strong></span> <span class='ocrx_word' id='word_1_50' title='bbox 609 865 713 902; x_wconf 85' lang='lat' dir='ltr'><strong>nutt</strong></span> <span class='ocrx_word' id='word_1_51' title='bbox 741 845 1097 901; x_wconf 86' lang='lat' dir='ltr'><strong>descenderat</strong></span> <span class='ocrx_word' id='word_1_52' title='bbox 1125 858 1190 897; x_wconf 79' lang='lat' dir='ltr'><strong>ex</strong></span> <span class='ocrx_word' id='word_1_53' title='bbox 1215 841 1362 896; x_wconf 86' lang='lat' dir='ltr'><strong>Levi.</strong></span> <span class='ocrx_word' id='word_1_54' title='bbox 1397 842 1473 894; x_wconf 77' lang='lat' dir='ltr'><strong>Ex</strong></span> <span class='ocrx_word' id='word_1_55' title='bbox 1500 839 1603 894; x_wconf 80' lang='lat' dir='ltr'><strong>title</strong></span> <span class='ocrx_word' id='word_1_56' title='bbox 1627 853 1862 908; x_wconf 89' lang='lat' dir='ltr'><strong>quoque,</strong></span> <span class='ocrx_word' id='word_1_57' title='bbox 1891 846 2073 891; x_wconf 89' lang='lat' dir='ltr'><strong>etnon</strong></span> 
     </span>
    </p>
   </div>
   <div class='ocr_carea' id='block_1_10' title="bbox 496 927 2074 1007">
    <p class='ocr_par' dir='ltr' id='par_1_10' title="bbox 496 927 2074 1007">
     <span class='ocr_line' id='line_1_10' title="bbox 496 927 2074 1007; baseline -0.009 -15"><span class='ocrx_word' id='word_1_58' title='bbox 496 953 561 992; x_wconf 79' lang='lat' dir='ltr'><strong>ex</strong></span> <span class='ocrx_word' id='word_1_59' title='bbox 593 938 724 1007; x_wconf 84' lang='lat' dir='ltr'><strong>legis</strong></span> <span class='ocrx_word' id='word_1_60' title='bbox 753 937 1008 1006; x_wconf 64' lang='lat' dir='ltr'><strong>apt-ribus</strong></span> <span class='ocrx_word' id='word_1_61' title='bbox 1029 935 1352 1003; x_wconf 87' lang='lat' dir='ltr'><strong>justilieatos</strong></span> <span class='ocrx_word' id='word_1_62' title='bbox 1390 931 1555 984; x_wconf 78' lang='lat' dir='ltr'><strong>fuisse</strong></span> <span class='ocrx_word' id='word_1_63' title='bbox 1577 941 1760 1000; x_wconf 89' lang='lat' dir='ltr'><strong>patres</strong></span> <span class='ocrx_word' id='word_1_64' title='bbox 1783 927 2074 998; x_wconf 80' lang='lat' dir='ltr'><strong>signiﬁcat.</strong></span> 
     </span>
    </p>
   </div>
   <div class='ocr_carea' id='block_1_11' title="bbox 451 1019 2077 1082">
    <p class='ocr_par' dir='ltr' id='par_1_11' title="bbox 451 1019 2077 1082">
     <span class='ocr_line' id='line_1_11' title="bbox 451 1019 2077 1082; baseline -0.007 0"><span class='ocrx_word' id='word_1_65' title='bbox 451 1029 700 1082; x_wconf 65' lang='lat' dir='ltr'><strong>&#39;Deiude</strong></span> <span class='ocrx_word' id='word_1_66' title='bbox 748 1027 837 1080; x_wconf 85' lang='lat' dir='ltr'><strong>ubi</strong></span> <span class='ocrx_word' id='word_1_67' title='bbox 892 1027 990 1079; x_wconf 85' lang='lat' dir='ltr'><strong>hos</strong></span> <span class='ocrx_word' id='word_1_68' title='bbox 1033 1026 1198 1078; x_wconf 80' lang='lat' dir='ltr'><strong>etiam</strong></span> <span class='ocrx_word' id='word_1_69' title='bbox 1270 1021 1338 1076; x_wconf 89' lang='lat' dir='ltr'><strong>ad</strong></span> <span class='ocrx_word' id='word_1_70' title='bbox 1378 1021 1550 1075; x_wconf 86' lang='lat' dir='ltr'><strong>bonos</strong></span> <span class='ocrx_word' id='word_1_71' title='bbox 1597 1032 1777 1073; x_wconf 88' lang='lat' dir='ltr'><strong>mores</strong></span> <span class='ocrx_word' id='word_1_72' title='bbox 1827 1019 2077 1071; x_wconf 76' lang='lat' dir='ltr'><strong>hortatus</strong></span> 
     </span>
    </p>
   </div>
   <div class='ocr_carea' id='block_1_12' title="bbox 491 1110 2075 1188">
    <p class='ocr_par' dir='ltr' id='par_1_12' title="bbox 491 1110 2075 1188">
     <span class='ocr_line' id='line_1_12' title="bbox 491 1110 2075 1188; baseline -0.009 -14"><span class='ocrx_word' id='word_1_73' title='bbox 491 1130 576 1174; x_wconf 85' lang='lat' dir='ltr'><strong>est</strong></span> <span class='ocrx_word' id='word_1_74' title='bbox 608 1135 670 1172; x_wconf 92' lang='lat' dir='ltr'><strong>ac</strong></span> <span class='ocrx_word' id='word_1_75' title='bbox 708 1120 941 1187; x_wconf 88' lang='lat' dir='ltr'><strong>ipsorum</strong></span> <span class='ocrx_word' id='word_1_76' title='bbox 981 1124 1199 1184; x_wconf 85' lang='lat' dir='ltr'><strong>prOpter</strong></span> <span class='ocrx_word' id='word_1_77' title='bbox 1240 1113 1513 1168; x_wconf 89' lang='lat' dir='ltr'><strong>Christum</strong></span> <span class='ocrx_word' id='word_1_78' title='bbox 1557 1110 1902 1188; x_wconf 77' lang='lat' dir='ltr'><strong>tolerantiam</strong></span> <span class='ocrx_word' id='word_1_79' title='bbox 1927 1122 2075 1162; x_wconf 88' lang='lat' dir='ltr'><strong>com-</strong></span> 
     </span>
    </p>
   </div>
   <div class='ocr_carea' id='block_1_13' title="bbox 494 1201 2079 1276">
    <p class='ocr_par' dir='ltr' id='par_1_13' title="bbox 494 1201 2079 1276">
     <span class='ocr_line' id='line_1_13' title="bbox 494 1201 2079 1276; baseline -0.008 -12"><span class='ocrx_word' id='word_1_80' title='bbox 494 1211 766 1265; x_wconf 82' lang='lat' dir='ltr'><strong>mendavit</strong></span> <span class='ocrx_word' id='word_1_81' title='bbox 785 1248 803 1275; x_wconf 88' lang='lat'><strong>,</strong></span> <span class='ocrx_word' id='word_1_82' title='bbox 840 1207 1115 1276; x_wconf 76' lang='lat' dir='ltr'><strong>suasitque</strong></span> <span class='ocrx_word' id='word_1_83' title='bbox 1135 1213 1193 1258; x_wconf 93' lang='lat' dir='ltr'><strong>ut</strong></span> <span class='ocrx_word' id='word_1_84' title='bbox 1225 1204 1468 1258; x_wconf 81' lang='lat' dir='ltr'><strong>seniores</strong></span> <span class='ocrx_word' id='word_1_85' title='bbox 1494 1201 1675 1255; x_wconf 88' lang='lat' dir='ltr'><strong>debito</strong></span> <span class='ocrx_word' id='word_1_86' title='bbox 1721 1201 1926 1254; x_wconf 79' lang='lat' dir='ltr'><strong>honore</strong></span> <span class='ocrx_word' id='word_1_87' title='bbox 1953 1212 2079 1268; x_wconf 84' lang='lat' dir='ltr'><strong>pro-</strong></span> 
     </span>
    </p>
   </div>
   <div class='ocr_carea' id='block_1_14' title="bbox 493 1292 1956 1371">
    <p class='ocr_par' dir='ltr' id='par_1_14' title="bbox 493 1292 1956 1371">
     <span class='ocr_line' id='line_1_14' title="bbox 493 1292 1956 1371; baseline -0.01 -13"><span class='ocrx_word' id='word_1_88' title='bbox 493 1311 892 1371; x_wconf 68' lang='lat' dir='ltr'><strong>sequerentur;</strong></span> <span class='ocrx_word' id='word_1_89' title='bbox 923 1308 1034 1352; x_wconf 89' lang='lat' dir='ltr'><strong>tum</strong></span> <span class='ocrx_word' id='word_1_90' title='bbox 1065 1298 1281 1352; x_wconf 80' lang='lat' dir='ltr'><strong>deruunt</strong></span> <span class='ocrx_word' id='word_1_91' title='bbox 1329 1295 1601 1348; x_wconf 79' lang='lat' dir='ltr'><strong>concludit</strong></span> <span class='ocrx_word' id='word_1_92' title='bbox 1645 1292 1956 1363; x_wconf 87' lang='lat' dir='ltr'><strong>epistolam.</strong></span> 
     </span>
    </p>
   </div>
   <div class='ocr_carea' id='block_1_15' title="bbox 563 1383 2078 1460">
    <p class='ocr_par' dir='ltr' id='par_1_15' title="bbox 563 1383 2078 1460">
     <span class='ocr_line' id='line_1_15' title="bbox 563 1383 2078 1460; baseline -0.009 -12"><span class='ocrx_word' id='word_1_93' title='bbox 563 1395 734 1448; x_wconf 77' lang='lat' dir='ltr'><strong>Porro</strong></span> <span class='ocrx_word' id='word_1_94' title='bbox 766 1391 1008 1460; x_wconf 82' lang='lat' dir='ltr'><strong>Epistula</strong></span> <span class='ocrx_word' id='word_1_95' title='bbox 1051 1390 1117 1443; x_wconf 89' lang='lat' dir='ltr'><strong>ad</strong></span> <span class='ocrx_word' id='word_1_96' title='bbox 1151 1388 1405 1443; x_wconf 71' lang='lat' dir='ltr'><strong>llebrazos</strong></span> <span class='ocrx_word' id='word_1_97' title='bbox 1437 1388 1651 1441; x_wconf 84' lang='lat' dir='ltr'><strong>videtur</strong></span> <span class='ocrx_word' id='word_1_98' title='bbox 1700 1383 1916 1454; x_wconf 85' lang='lat' dir='ltr'><strong>quidem</strong></span> <span class='ocrx_word' id='word_1_99' title='bbox 1970 1397 2078 1436; x_wconf 90' lang='lat' dir='ltr'><strong>non</strong></span> 
     </span>
    </p>
   </div>
   <div class='ocr_carea' id='block_1_16' title="bbox 492 1472 2077 1548">
    <p class='ocr_par' dir='ltr' id='par_1_16' title="bbox 492 1472 2077 1548">
     <span class='ocr_line' id='line_1_16' title="bbox 492 1472 2077 1548; baseline -0.009 -10"><span class='ocrx_word' id='word_1_100' title='bbox 492 1498 616 1538; x_wconf 89' lang='lat' dir='ltr'><strong>esse</strong></span> <span class='ocrx_word' id='word_1_101' title='bbox 661 1481 848 1548; x_wconf 84' lang='lat' dir='ltr'><strong>Pauli,</strong></span> <span class='ocrx_word' id='word_1_102' title='bbox 890 1491 1002 1534; x_wconf 88' lang='lat' dir='ltr'><strong>tum</strong></span> <span class='ocrx_word' id='word_1_103' title='bbox 1041 1489 1265 1548; x_wconf 84' lang='lat' dir='ltr'><strong>propter</strong></span> <span class='ocrx_word' id='word_1_104' title='bbox 1319 1475 1590 1530; x_wconf 80' lang='lat' dir='ltr'><strong>scribendi</strong></span> <span class='ocrx_word' id='word_1_105' title='bbox 1645 1472 1915 1538; x_wconf 75' lang='lat' dir='ltr'><strong>formam;</strong></span> <span class='ocrx_word' id='word_1_106' title='bbox 1957 1479 2077 1524; x_wconf 70' lang='lat' dir='ltr'><strong>sunt</strong></span> 
     </span>
    </p>
   </div>
   <div class='ocr_carea' id='block_1_17' title="bbox 493 1561 2075 1643">
    <p class='ocr_par' dir='ltr' id='par_1_17' title="bbox 493 1561 2075 1643">
     <span class='ocr_line' id='line_1_17' title="bbox 493 1561 2075 1643; baseline -0.007 -18"><span class='ocrx_word' id='word_1_107' title='bbox 493 1575 635 1643; x_wconf 89' lang='lat' dir='ltr'><strong>quod</strong></span> <span class='ocrx_word' id='word_1_108' title='bbox 663 1586 820 1626; x_wconf 90' lang='lat' dir='ltr'><strong>suum</strong></span> <span class='ocrx_word' id='word_1_109' title='bbox 858 1585 968 1625; x_wconf 89' lang='lat' dir='ltr'><strong>non</strong></span> <span class='ocrx_word' id='word_1_110' title='bbox 1018 1568 1312 1638; x_wconf 65' lang='lat' dir='ltr'><strong>praatixerit</strong></span> <span class='ocrx_word' id='word_1_111' title='bbox 1357 1581 1576 1632; x_wconf 87' lang='lat' dir='ltr'><strong>nomen,</strong></span> <span class='ocrx_word' id='word_1_112' title='bbox 1615 1561 2075 1634; x_wconf 80' lang='lat' dir='ltr'><strong>quemadmodum</strong></span> 
     </span>
    </p>
   </div>
   <div class='ocr_carea' id='block_1_18' title="bbox 493 1653 2078 1726">
    <p class='ocr_par' dir='ltr' id='par_1_18' title="bbox 493 1653 2078 1726">
     <span class='ocr_line' id='line_1_18' title="bbox 493 1653 2078 1726; baseline -0.008 -10"><span class='ocrx_word' id='word_1_113' title='bbox 493 1662 781 1716; x_wconf 68' lang='lat' dir='ltr'><strong>intraueris</strong></span> <span class='ocrx_word' id='word_1_114' title='bbox 801 1660 1054 1713; x_wconf 86' lang='lat' dir='ltr'><strong>omnibus</strong></span> <span class='ocrx_word' id='word_1_115' title='bbox 1075 1656 1358 1726; x_wconf 81' lang='lat' dir='ltr'><strong>epistolis;</strong></span> <span class='ocrx_word' id='word_1_116' title='bbox 1393 1667 1505 1708; x_wconf 90' lang='lat' dir='ltr'><strong>tum</strong></span> <span class='ocrx_word' id='word_1_117' title='bbox 1540 1655 1702 1707; x_wconf 83' lang='lat' dir='ltr'><strong>etiam</strong></span> <span class='ocrx_word' id='word_1_118' title='bbox 1734 1653 1874 1720; x_wconf 91' lang='lat' dir='ltr'><strong>quod</strong></span> <span class='ocrx_word' id='word_1_119' title='bbox 1905 1653 2078 1706; x_wconf 84' lang='lat' dir='ltr'><strong>dicat:</strong></span> 
     </span>
    </p>
   </div>
   <div class='ocr_carea' id='block_1_19' title="bbox 497 1733 2154 1819">
    <p class='ocr_par' dir='ltr' id='par_1_19' title="bbox 497 1733 2154 1819">
     <span class='ocr_line' id='line_1_19' title="bbox 497 1733 2154 1819; baseline -0.007 -13"><span class='ocrx_word' id='word_1_120' title='bbox 497 1752 776 1818; x_wconf 80' lang='lat' dir='ltr'><strong>Quomodo</strong></span> <span class='ocrx_word' id='word_1_121' title='bbox 831 1766 924 1804; x_wconf 85' lang='lat' dir='ltr'><strong>nos</strong></span> <span class='ocrx_word' id='word_1_122' title='bbox 977 1751 1308 1819; x_wconf 66' lang='lat' dir='ltr'><strong>elfugiemus,</strong></span> <span class='ocrx_word' id='word_1_123' title='bbox 1336 1748 1384 1801; x_wconf 96' lang='lat' dir='ltr'><strong>si</strong></span> <span class='ocrx_word' id='word_1_124' title='bbox 1428 1759 1630 1801; x_wconf 84' lang='lat' dir='ltr'><strong>tantam</strong></span> <span class='ocrx_word' id='word_1_125' title='bbox 1697 1744 2079 1815; x_wconf 77' lang='lat' dir='ltr'><strong>neglexerintus</strong></span> <span class='ocrx_word' id='word_1_126' title='bbox 2111 1733 2154 1788; x_wconf 82' lang='grc' dir='ltr'><strong><em>Β</em></strong></span> 
     </span>
    </p>
   </div>
   <div class='ocr_carea' id='block_1_20' title="bbox 495 1836 2084 1914">
    <p class='ocr_par' dir='ltr' id='par_1_20' title="bbox 495 1836 2084 1914">
     <span class='ocr_line' id='line_1_20' title="bbox 495 1836 2084 1914; baseline -0.006 -16"><span class='ocrx_word' id='word_1_127' title='bbox 495 1837 764 1900; x_wconf 54' lang='lat' dir='ltr'><strong>salutem?</strong></span> <span class='ocrx_word' id='word_1_128' title='bbox 797 1860 916 1914; x_wconf 79' lang='lat' dir='ltr'><strong>qua:</strong></span> <span class='ocrx_word' id='word_1_129' title='bbox 939 1859 1057 1896; x_wconf 84' lang='lat' dir='ltr'><strong>cum</strong></span> <span class='ocrx_word' id='word_1_130' title='bbox 1092 1842 1302 1894; x_wconf 85' lang='lat' dir='ltr'><strong>initium</strong></span> <span class='ocrx_word' id='word_1_131' title='bbox 1335 1841 1618 1910; x_wconf 75' lang='lat' dir='ltr'><strong>accepisset</strong></span> <span class='ocrx_word' id='word_1_132' title='bbox 1641 1839 1882 1892; x_wconf 83' lang='lat' dir='ltr'><strong>enarrari</strong></span> <span class='ocrx_word' id='word_1_133' title='bbox 1911 1855 1944 1891; x_wconf 88' lang='lat' dir='ltr'><strong>a</strong></span> <span class='ocrx_word' id='word_1_134' title='bbox 1978 1836 2084 1890; x_wconf 88' lang='lat' dir='ltr'><strong>Do-</strong></span> 
     </span>
    </p>
   </div>
   <div class='ocr_carea' id='block_1_21' title="bbox 494 1931 2084 2008">
    <p class='ocr_par' dir='ltr' id='par_1_21' title="bbox 494 1931 2084 2008">
     <span class='ocr_line' id='line_1_21' title="bbox 494 1931 2084 2008; baseline -0.005 -16"><span class='ocrx_word' id='word_1_135' title='bbox 494 1938 636 1992; x_wconf 84' lang='lat' dir='ltr'><strong>mino</strong></span> <span class='ocrx_word' id='word_1_136' title='bbox 657 1939 722 1991; x_wconf 89' lang='lat' dir='ltr'><strong>ab</strong></span> <span class='ocrx_word' id='word_1_137' title='bbox 739 1940 813 1990; x_wconf 89' lang='lat' dir='ltr'><strong>eis</strong></span> <span class='ocrx_word' id='word_1_138' title='bbox 833 1937 920 2008; x_wconf 86' lang='lat' dir='ltr'><strong>qui</strong></span> <span class='ocrx_word' id='word_1_139' title='bbox 943 1935 1222 1988; x_wconf 81' lang='lat' dir='ltr'><strong>audierunt</strong></span> <span class='ocrx_word' id='word_1_140' title='bbox 1271 1933 1327 1986; x_wconf 83' lang='lat' dir='ltr'><strong>in</strong></span> <span class='ocrx_word' id='word_1_141' title='bbox 1361 1948 1454 1985; x_wconf 83' lang='lat' dir='ltr'><strong>nos</strong></span> <span class='ocrx_word' id='word_1_142' title='bbox 1479 1931 1792 1997; x_wconf 80' lang='lat' dir='ltr'><strong>conﬁrmata</strong></span> <span class='ocrx_word' id='word_1_143' title='bbox 1835 1940 1914 1984; x_wconf 85' lang='lat' dir='ltr'><strong>est</strong></span> <span class='ocrx_word' id='word_1_144' title='bbox 1958 1945 2084 1989; x_wconf 71' lang='grc' dir='ltr'>ροη-</span> 
     </span>
    </p>
   </div>
   <div class='ocr_carea' id='block_1_22' title="bbox 497 2022 2082 2097">
    <p class='ocr_par' dir='ltr' id='par_1_22' title="bbox 497 2022 2082 2097">
     <span class='ocr_line' id='line_1_22' title="bbox 497 2022 2082 2097; baseline -0.004 -14"><span class='ocrx_word' id='word_1_145' title='bbox 497 2040 719 2084; x_wconf 86' lang='lat' dir='ltr'><strong>testante</strong></span> <span class='ocrx_word' id='word_1_146' title='bbox 751 2029 860 2082; x_wconf 88' lang='lat' dir='ltr'><strong>Deo</strong></span> <span class='ocrx_word' id='word_1_147' title='bbox 896 2027 1062 2097; x_wconf 76' lang='lat' dir='ltr'><strong>signis</strong></span> <span class='ocrx_word' id='word_1_148' title='bbox 1091 2038 1137 2080; x_wconf 86' lang='lat' dir='ltr'><strong>et</strong></span> <span class='ocrx_word' id='word_1_149' title='bbox 1181 2025 1438 2092; x_wconf 78' lang='lat' dir='ltr'><strong>portentis</strong></span> <span class='ocrx_word' id='word_1_150' title='bbox 1462 2025 1504 2077; x_wconf 84' lang='grc'>¹.</span> <span class='ocrx_word' id='word_1_151' title='bbox 1536 2025 1608 2078; x_wconf 77' lang='lat' dir='ltr'><strong>At</strong></span> <span class='ocrx_word' id='word_1_152' title='bbox 1633 2039 1763 2078; x_wconf 74' lang='lat' dir='ltr'><strong>vero</strong></span> <span class='ocrx_word' id='word_1_153' title='bbox 1793 2022 2082 2078; x_wconf 84' lang='lat' dir='ltr'><strong>manifesta</strong></span> 
     </span>
    </p>
   </div>
   <div class='ocr_carea' id='block_1_23' title="bbox 494 2112 2082 2180">
    <p class='ocr_par' dir='ltr' id='par_1_23' title="bbox 494 2112 2082 2180">
     <span class='ocr_line' id='line_1_23' title="bbox 494 2112 2082 2180; baseline -0.006 -4"><span class='ocrx_word' id='word_1_154' title='bbox 494 2133 784 2180; x_wconf 85' lang='lat' dir='ltr'><strong>estcausa.</strong></span> <span class='ocrx_word' id='word_1_155' title='bbox 809 2135 908 2175; x_wconf 92' lang='lat' dir='ltr'><strong>cur</strong></span> <span class='ocrx_word' id='word_1_156' title='bbox 935 2118 1212 2174; x_wconf 87' lang='lat' dir='ltr'><strong>scribendi</strong></span> <span class='ocrx_word' id='word_1_157' title='bbox 1249 2117 1421 2172; x_wconf 89' lang='lat' dir='ltr'><strong>l&#39;ornta</strong></span> <span class='ocrx_word' id='word_1_158' title='bbox 1475 2125 1679 2171; x_wconf 87' lang='lat' dir='ltr'><strong>mutata</strong></span> <span class='ocrx_word' id='word_1_159' title='bbox 1727 2115 1910 2170; x_wconf 81' lang='lat' dir='ltr'><strong>fuerit.</strong></span> <span class='ocrx_word' id='word_1_160' title='bbox 1944 2112 2082 2167; x_wconf 84' lang='lat' dir='ltr'><strong>Nam</strong></span> 
     </span>
    </p>
   </div>
   <div class='ocr_carea' id='block_1_24' title="bbox 495 2206 2084 2279">
    <p class='ocr_par' dir='ltr' id='par_1_24' title="bbox 495 2206 2084 2279">
     <span class='ocr_line' id='line_1_24' title="bbox 495 2206 2084 2279; baseline -0.007 -13"><span class='ocrx_word' id='word_1_161' title='bbox 495 2213 562 2266; x_wconf 89' lang='lat' dir='ltr'><strong>ad</strong></span> <span class='ocrx_word' id='word_1_162' title='bbox 594 2209 847 2265; x_wconf 74' lang='lat' dir='ltr'><strong>llebrreos</strong></span> <span class='ocrx_word' id='word_1_163' title='bbox 881 2210 1057 2279; x_wconf 88' lang='lat' dir='ltr'><strong>patria</strong></span> <span class='ocrx_word' id='word_1_164' title='bbox 1088 2208 1333 2278; x_wconf 90' lang='lat' dir='ltr'><strong>ipsorum</strong></span> <span class='ocrx_word' id='word_1_165' title='bbox 1365 2208 1548 2277; x_wconf 89' lang='lat' dir='ltr'><strong>lingua</strong></span> <span class='ocrx_word' id='word_1_166' title='bbox 1591 2207 1827 2278; x_wconf 75' lang='lat' dir='ltr'><strong>primum</strong></span> <span class='ocrx_word' id='word_1_167' title='bbox 1853 2206 2084 2276; x_wconf 89' lang='lat' dir='ltr'><strong>scripta,</strong></span> 
     </span>
    </p>
   </div>
   <div class='ocr_carea' id='block_1_25' title="bbox 495 2295 2078 2368">
    <p class='ocr_par' dir='ltr' id='par_1_25' title="bbox 495 2295 2078 2368">
     <span class='ocr_line' id='line_1_25' title="bbox 495 2295 2078 2368; baseline -0.004 -13"><span class='ocrx_word' id='word_1_168' title='bbox 495 2299 550 2355; x_wconf 86' lang='lat' dir='ltr'><strong>in</strong></span> <span class='ocrx_word' id='word_1_169' title='bbox 581 2301 746 2354; x_wconf 85' lang='lat' dir='ltr'><strong>alium</strong></span> <span class='ocrx_word' id='word_1_170' title='bbox 792 2299 1050 2368; x_wconf 87' lang='lat' dir='ltr'><strong>deinceps</strong></span> <span class='ocrx_word' id='word_1_171' title='bbox 1103 2312 1415 2352; x_wconf 83' lang='lat' dir='ltr'><strong>sermonem</strong></span> <span class='ocrx_word' id='word_1_172' title='bbox 1464 2313 1496 2349; x_wconf 75' lang='grc' dir='ltr'><strong>ιι</strong></span> <span class='ocrx_word' id='word_1_173' title='bbox 1559 2295 1724 2362; x_wconf 87' lang='lat' dir='ltr'><strong>Luca,</strong></span> <span class='ocrx_word' id='word_1_174' title='bbox 1755 2305 1824 2362; x_wconf 66' lang='grc' dir='ltr'>,ιιι</span> <span class='ocrx_word' id='word_1_175' title='bbox 1855 2295 2078 2365; x_wconf 85' lang='lat' dir='ltr'><strong>quidam</strong></span> 
     </span>
    </p>
   </div>
   <div class='ocr_carea' id='block_1_26' title="bbox 497 2385 2085 2459">
    <p class='ocr_par' dir='ltr' id='par_1_26' title="bbox 497 2385 2085 2459">
     <span class='ocr_line' id='line_1_26' title="bbox 497 2385 2085 2459; baseline -0.004 -13"><span class='ocrx_word' id='word_1_176' title='bbox 497 2393 761 2454; x_wconf 83' lang='lat' dir='ltr'><strong>sentiunt,</strong></span> <span class='ocrx_word' id='word_1_177' title='bbox 793 2390 878 2444; x_wconf 81' lang='lat' dir='ltr'><strong>vel</strong></span> <span class='ocrx_word' id='word_1_178' title='bbox 926 2399 984 2443; x_wconf 91' lang='lat' dir='ltr'><strong>ut</strong></span> <span class='ocrx_word' id='word_1_179' title='bbox 1041 2389 1313 2459; x_wconf 84' lang='lat' dir='ltr'><strong>plerisque</strong></span> <span class='ocrx_word' id='word_1_180' title='bbox 1361 2389 1595 2454; x_wconf 78' lang='lat' dir='ltr'><strong>videtur,</strong></span> <span class='ocrx_word' id='word_1_181' title='bbox 1623 2404 1654 2442; x_wconf 89' lang='lat' dir='ltr'><strong>a</strong></span> <span class='ocrx_word' id='word_1_182' title='bbox 1697 2385 1976 2442; x_wconf 83' lang='lat' dir='ltr'><strong>Clemente</strong></span> <span class='ocrx_word' id='word_1_183' title='bbox 2017 2387 2085 2440; x_wconf 86' lang='lat' dir='ltr'><strong>ad</strong></span> 
     </span>
    </p>
   </div>
   <div class='ocr_carea' id='block_1_27' title="bbox 496 2476 2087 2554">
    <p class='ocr_par' dir='ltr' id='par_1_27' title="bbox 496 2476 2087 2554">
     <span class='ocr_line' id='line_1_27' title="bbox 496 2476 2087 2554; baseline -0.004 -16"><span class='ocrx_word' id='word_1_184' title='bbox 496 2481 652 2551; x_wconf 74' lang='lat' dir='ltr'><strong>Cujus</strong></span> <span class='ocrx_word' id='word_1_185' title='bbox 683 2481 884 2554; x_wconf 78' lang='lat' dir='ltr'><strong>styluut</strong></span> <span class='ocrx_word' id='word_1_186' title='bbox 914 2495 1074 2550; x_wconf 82' lang='lat' dir='ltr'><strong>quam</strong></span> <span class='ocrx_word' id='word_1_187' title='bbox 1111 2479 1357 2550; x_wconf 80' lang='lat' dir='ltr'><strong>proxime</strong></span> <span class='ocrx_word' id='word_1_188' title='bbox 1381 2481 1610 2546; x_wconf 85' lang='lat' dir='ltr'><strong>accedit,</strong></span> <span class='ocrx_word' id='word_1_189' title='bbox 1631 2478 1892 2533; x_wconf 89' lang='lat' dir='ltr'><strong>translata</strong></span> <span class='ocrx_word' id='word_1_190' title='bbox 1919 2476 2087 2534; x_wconf 75' lang='lat' dir='ltr'><strong>fuisse</strong></span> 
     </span>
    </p>
   </div>
   <div class='ocr_carea' id='block_1_28' title="bbox 499 2569 2084 2637">
    <p class='ocr_par' dir='ltr' id='par_1_28' title="bbox 499 2569 2084 2637">
     <span class='ocr_line' id='line_1_28' title="bbox 499 2569 2084 2637; baseline -0.001 -12"><span class='ocrx_word' id='word_1_191' title='bbox 499 2573 724 2626; x_wconf 87' lang='lat' dir='ltr'><strong>dicitur.</strong></span> <span class='ocrx_word' id='word_1_192' title='bbox 755 2569 1025 2625; x_wconf 69' lang='lat' dir='ltr'><strong>Praeterea</strong></span> <span class='ocrx_word' id='word_1_193' title='bbox 1057 2571 1280 2626; x_wconf 89' lang='lat' dir='ltr'><strong>minime</strong></span> <span class='ocrx_word' id='word_1_194' title='bbox 1321 2571 1570 2637; x_wconf 84' lang='lat' dir='ltr'><strong>decebat,</strong></span> <span class='ocrx_word' id='word_1_195' title='bbox 1607 2579 1660 2625; x_wconf 90' lang='lat' dir='ltr'><strong>ut</strong></span> <span class='ocrx_word' id='word_1_196' title='bbox 1692 2585 1887 2624; x_wconf 88' lang='lat' dir='ltr'><strong>nomen</strong></span> <span class='ocrx_word' id='word_1_197' title='bbox 1929 2584 2084 2624; x_wconf 84' lang='lat' dir='ltr'><strong>suum</strong></span> 
     </span>
    </p>
   </div>
   <div class='ocr_carea' id='block_1_29' title="bbox 506 2660 2088 2734">
    <p class='ocr_par' dir='ltr' id='par_1_29' title="bbox 506 2660 2088 2734">
     <span class='ocr_line' id='line_1_29' title="bbox 506 2660 2088 2734; baseline 0 -18"><span class='ocrx_word' id='word_1_198' title='bbox 506 2662 762 2734; x_wconf 69' lang='lat' dir='ltr'><strong>Epistulae</strong></span> <span class='ocrx_word' id='word_1_199' title='bbox 794 2665 1132 2734; x_wconf 71' lang='lat' dir='ltr'><strong>praeﬁgeret:</strong></span> <span class='ocrx_word' id='word_1_200' title='bbox 1166 2663 1432 2733; x_wconf 86' lang='lat' dir='ltr'><strong>siquidem</strong></span> <span class='ocrx_word' id='word_1_201' title='bbox 1471 2660 1670 2716; x_wconf 83' lang='lat' dir='ltr'><strong>Paulus</strong></span> <span class='ocrx_word' id='word_1_202' title='bbox 1695 2662 1933 2732; x_wconf 88' lang='lat' dir='ltr'><strong>gentium</strong></span> <span class='ocrx_word' id='word_1_203' title='bbox 1953 2676 2088 2732; x_wconf 81' lang='lat' dir='ltr'><strong>apo-</strong></span> 
     </span>
    </p>
   </div>
   <div class='ocr_carea' id='block_1_30' title="bbox 499 2754 2087 2826">
    <p class='ocr_par' dir='ltr' id='par_1_30' title="bbox 499 2754 2087 2826">
     <span class='ocr_line' id='line_1_30' title="bbox 499 2754 2087 2826; baseline 0.001 -17"><span class='ocrx_word' id='word_1_204' title='bbox 499 2755 674 2809; x_wconf 86' lang='lat' dir='ltr'><strong>stolus</strong></span> <span class='ocrx_word' id='word_1_205' title='bbox 705 2764 842 2818; x_wconf 89' lang='lat' dir='ltr'><strong>erat,</strong></span> <span class='ocrx_word' id='word_1_206' title='bbox 873 2770 980 2808; x_wconf 92' lang='lat' dir='ltr'><strong>non</strong></span> <span class='ocrx_word' id='word_1_207' title='bbox 1010 2754 1318 2810; x_wconf 69' lang='lat' dir='ltr'><strong>Judaaorum</strong></span> <span class='ocrx_word' id='word_1_208' title='bbox 1343 2770 1358 2819; x_wconf 86' lang='lat'><strong>;</strong></span> <span class='ocrx_word' id='word_1_209' title='bbox 1382 2755 1660 2811; x_wconf 85' lang='lat' dir='ltr'><strong>societatis</strong></span> <span class='ocrx_word' id='word_1_210' title='bbox 1694 2771 1928 2826; x_wconf 88' lang='lat' dir='ltr'><strong>namque</strong></span> <span class='ocrx_word' id='word_1_211' title='bbox 1953 2757 2087 2812; x_wconf 76' lang='lat' dir='ltr'><strong>dex-</strong></span> 
     </span>
    </p>
   </div>
   <div class='ocr_carea' id='block_1_31' title="bbox 500 2843 2089 2920">
    <p class='ocr_par' dir='ltr' id='par_1_31' title="bbox 500 2843 2089 2920">
     <span class='ocr_line' id='line_1_31' title="bbox 500 2843 2089 2920; baseline 0.003 -20"><span class='ocrx_word' id='word_1_212' title='bbox 500 2853 619 2900; x_wconf 88' lang='lat' dir='ltr'><strong>tras</strong></span> <span class='ocrx_word' id='word_1_213' title='bbox 648 2847 873 2899; x_wconf 84' lang='lat' dir='ltr'><strong>dederat</strong></span> <span class='ocrx_word' id='word_1_214' title='bbox 926 2843 1090 2900; x_wconf 86' lang='lat' dir='ltr'><strong>Petro</strong></span> <span class='ocrx_word' id='word_1_215' title='bbox 1148 2847 1472 2916; x_wconf 83' lang='lat' dir='ltr'><strong>caeterisque</strong></span> <span class='ocrx_word' id='word_1_216' title='bbox 1517 2846 1802 2916; x_wconf 85' lang='lat' dir='ltr'><strong>apostolis,</strong></span> <span class='ocrx_word' id='word_1_217' title='bbox 1859 2857 1920 2903; x_wconf 90' lang='lat' dir='ltr'><strong>ut</strong></span> <span class='ocrx_word' id='word_1_218' title='bbox 1971 2849 2089 2920; x_wconf 84' lang='lat' dir='ltr'><strong>ipse</strong></span> 
     </span>
    </p>
   </div>
   <div class='ocr_carea' id='block_1_32' title="bbox 499 2935 2085 3010">
    <p class='ocr_par' dir='ltr' id='par_1_32' title="bbox 499 2935 2085 3010">
     <span class='ocr_line' id='line_1_32' title="bbox 499 2935 2085 3010; baseline 0.003 -18"><span class='ocrx_word' id='word_1_219' title='bbox 499 2953 620 2992; x_wconf 89' lang='lat' dir='ltr'><strong>cum</strong></span> <span class='ocrx_word' id='word_1_220' title='bbox 653 2935 900 2990; x_wconf 81' lang='lat' dir='ltr'><strong>Barnaha</strong></span> <span class='ocrx_word' id='word_1_221' title='bbox 939 2936 993 2991; x_wconf 88' lang='lat' dir='ltr'><strong>in</strong></span> <span class='ocrx_word' id='word_1_222' title='bbox 1025 2949 1255 3007; x_wconf 78' lang='lat' dir='ltr'><strong>gentes;</strong></span> <span class='ocrx_word' id='word_1_223' title='bbox 1288 2937 1483 2995; x_wconf 86' lang='lat' dir='ltr'><strong>Petrus</strong></span> <span class='ocrx_word' id='word_1_224' title='bbox 1514 2954 1643 2995; x_wconf 87' lang='lat' dir='ltr'><strong>vero</strong></span> <span class='ocrx_word' id='word_1_225' title='bbox 1671 2955 1794 2996; x_wconf 89' lang='lat' dir='ltr'><strong>cum</strong></span> <span class='ocrx_word' id='word_1_226' title='bbox 1837 2939 2085 3010; x_wconf 83' lang='lat' dir='ltr'><strong>reliquis,</strong></span> 
     </span>
    </p>
   </div>
   <div class='ocr_carea' id='block_1_33' title="bbox 500 3027 2159 3128">
    <p class='ocr_par' dir='ltr' id='par_1_33' title="bbox 500 3027 2159 3128">
     <span class='ocr_line' id='line_1_33' title="bbox 500 3027 2159 3128; baseline 0.003 -46"><span class='ocrx_word' id='word_1_227' title='bbox 500 3027 554 3082; x_wconf 90' lang='lat' dir='ltr'><strong>in</strong></span> <span class='ocrx_word' id='word_1_228' title='bbox 588 3042 682 3082; x_wconf 87' lang='lat' dir='ltr'><strong>eos</strong></span> <span class='ocrx_word' id='word_1_229' title='bbox 715 3029 806 3098; x_wconf 91' lang='lat' dir='ltr'><strong>qui</strong></span> <span class='ocrx_word' id='word_1_230' title='bbox 840 3045 905 3083; x_wconf 83' lang='lat' dir='ltr'><strong>ex</strong></span> <span class='ocrx_word' id='word_1_231' title='bbox 935 3030 1352 3087; x_wconf 89' lang='lat' dir='ltr'><strong>circumcisione</strong></span> <span class='ocrx_word' id='word_1_232' title='bbox 1394 3041 1575 3098; x_wconf 87' lang='lat' dir='ltr'><strong>erant,</strong></span> <span class='ocrx_word' id='word_1_233' title='bbox 1629 3032 1932 3101; x_wconf 87' lang='lat' dir='ltr'><strong>apostolatu</strong></span> <span class='ocrx_word' id='word_1_234' title='bbox 1965 3032 2090 3087; x_wconf 76' lang='lat' dir='ltr'><strong>fun-</strong></span> <span class='ocrx_word' id='word_1_235' title='bbox 2115 3070 2159 3128; x_wconf 65' lang='grc' dir='ltr'>ο</span> 
     </span>
    </p>
   </div>
   <div class='ocr_carea' id='block_1_34' title="bbox 497 3121 2133 3192">
    <p class='ocr_par' dir='ltr' id='par_1_34' title="bbox 497 3121 2133 3192">
     <span class='ocr_line' id='line_1_34' title="bbox 497 3121 2133 3192; baseline 0.001 -17"><span class='ocrx_word' id='word_1_236' title='bbox 497 3133 738 3192; x_wconf 80' lang='lat' dir='ltr'><strong>geretur.</strong></span> <span class='ocrx_word' id='word_1_237' title='bbox 785 3121 1054 3188; x_wconf 81' lang='lat' dir='ltr'><strong>Quoniam</strong></span> <span class='ocrx_word' id='word_1_238' title='bbox 1119 3131 1300 3175; x_wconf 90' lang='lat' dir='ltr'><strong>autem</strong></span> <span class='ocrx_word' id='word_1_239' title='bbox 1349 3137 1638 3179; x_wconf 84' lang='lat' dir='ltr'><strong>commune</strong></span> <span class='ocrx_word' id='word_1_240' title='bbox 1675 3124 1928 3178; x_wconf 87' lang='lat' dir='ltr'><strong>omnibus</strong></span> <span class='ocrx_word' id='word_1_241' title='bbox 1968 3121 2133 3178; x_wconf 73' lang='lat' dir='ltr'><strong>erat’</strong></span> 
     </span>
    </p>
   </div>
   <div class='ocr_carea' id='block_1_35' title="bbox 499 3211 2087 3283">
    <p class='ocr_par' dir='ltr' id='par_1_35' title="bbox 499 3211 2087 3283">
     <span class='ocr_line' id='line_1_35' title="bbox 499 3211 2087 3283; baseline 0 -15"><span class='ocrx_word' id='word_1_242' title='bbox 499 3213 826 3282; x_wconf 79' lang='lat' dir='ltr'><strong>pra-dicaudi</strong></span> <span class='ocrx_word' id='word_1_243' title='bbox 884 3228 1100 3277; x_wconf 88' lang='lat' dir='ltr'><strong>munus,</strong></span> <span class='ocrx_word' id='word_1_244' title='bbox 1157 3223 1213 3267; x_wconf 91' lang='lat' dir='ltr'><strong>et</strong></span> <span class='ocrx_word' id='word_1_245' title='bbox 1253 3211 1422 3268; x_wconf 71' lang='lat' dir='ltr'><strong>Judaei</strong></span> <span class='ocrx_word' id='word_1_246' title='bbox 1461 3213 1854 3270; x_wconf 84' lang='lat' dir='ltr'><strong>discessionem</strong></span> <span class='ocrx_word' id='word_1_247' title='bbox 1904 3229 1933 3269; x_wconf 72' lang='grc' dir='ltr'><strong>α</strong></span> <span class='ocrx_word' id='word_1_248' title='bbox 1969 3213 2087 3283; x_wconf 85' lang='lat' dir='ltr'><strong>lege</strong></span> 
     </span>
    </p>
   </div>
   <div class='ocr_carea' id='block_1_36' title="bbox 499 3303 2086 3373">
    <p class='ocr_par' dir='ltr' id='par_1_36' title="bbox 499 3303 2086 3373">
     <span class='ocr_line' id='line_1_36' title="bbox 499 3303 2086 3373; baseline 0 -12"><span class='ocrx_word' id='word_1_249' title='bbox 499 3305 732 3361; x_wconf 85' lang='lat' dir='ltr'><strong>Paulum</strong></span> <span class='ocrx_word' id='word_1_250' title='bbox 765 3306 960 3358; x_wconf 89' lang='lat' dir='ltr'><strong>docere</strong></span> <span class='ocrx_word' id='word_1_251' title='bbox 1003 3303 1410 3373; x_wconf 80' lang='lat' dir='ltr'><strong>intellexerant;</strong></span> <span class='ocrx_word' id='word_1_252' title='bbox 1449 3305 1648 3360; x_wconf 89' lang='lat' dir='ltr'><strong>merito</strong></span> <span class='ocrx_word' id='word_1_253' title='bbox 1695 3305 1837 3360; x_wconf 88' lang='lat' dir='ltr'><strong>idem</strong></span> <span class='ocrx_word' id='word_1_254' title='bbox 1886 3303 2086 3361; x_wconf 86' lang='lat' dir='ltr'><strong>Paulus</strong></span> 
     </span>
    </p>
   </div>
   <div class='ocr_carea' id='block_1_37' title="bbox 500 3393 2087 3466">
    <p class='ocr_par' dir='ltr' id='par_1_37' title="bbox 500 3393 2087 3466">
     <span class='ocr_line' id='line_1_37' title="bbox 500 3393 2087 3466; baseline 0.001 -16"><span class='ocrx_word' id='word_1_255' title='bbox 500 3399 568 3450; x_wconf 88' lang='lat' dir='ltr'><strong>ad</strong></span> <span class='ocrx_word' id='word_1_256' title='bbox 593 3395 850 3450; x_wconf 63' lang='lat' dir='ltr'><strong>llebratos</strong></span> <span class='ocrx_word' id='word_1_257' title='bbox 882 3396 1074 3449; x_wconf 88' lang='lat' dir='ltr'><strong>scribit</strong></span> <span class='ocrx_word' id='word_1_258' title='bbox 1122 3393 1444 3466; x_wconf 81' lang='lat' dir='ltr'><strong>Epistulam,</strong></span> <span class='ocrx_word' id='word_1_259' title='bbox 1475 3407 1535 3452; x_wconf 93' lang='lat' dir='ltr'><strong>ut</strong></span> <span class='ocrx_word' id='word_1_260' title='bbox 1585 3398 1836 3452; x_wconf 86' lang='lat' dir='ltr'><strong>ostendat</strong></span> <span class='ocrx_word' id='word_1_261' title='bbox 1869 3412 1931 3455; x_wconf 86' lang='lat' dir='ltr'><strong>se</strong></span> <span class='ocrx_word' id='word_1_262' title='bbox 1963 3411 2087 3454; x_wconf 90' lang='lat' dir='ltr'><strong>cum</strong></span> 
     </span>
    </p>
   </div>
   <div class='ocr_carea' id='block_1_38' title="bbox 500 3487 2083 3558">
    <p class='ocr_par' dir='ltr' id='par_1_38' title="bbox 500 3487 2083 3558">
     <span class='ocr_line' id='line_1_38' title="bbox 500 3487 2083 3558; baseline 0.001 -16"><span class='ocrx_word' id='word_1_263' title='bbox 500 3488 715 3543; x_wconf 74' lang='lat' dir='ltr'><strong>caneris</strong></span> <span class='ocrx_word' id='word_1_264' title='bbox 766 3487 1024 3557; x_wconf 85' lang='lat' dir='ltr'><strong>apostolis</strong></span> <span class='ocrx_word' id='word_1_265' title='bbox 1072 3487 1125 3542; x_wconf 90' lang='lat' dir='ltr'><strong>in</strong></span> <span class='ocrx_word' id='word_1_266' title='bbox 1172 3487 1515 3558; x_wconf 67' lang='lat' dir='ltr'><strong>praedicanda</strong></span> <span class='ocrx_word' id='word_1_267' title='bbox 1586 3487 1694 3544; x_wconf 80' lang='lat' dir='ltr'><strong>nde</strong></span> <span class='ocrx_word' id='word_1_268' title='bbox 1753 3488 2083 3545; x_wconf 82' lang='lat' dir='ltr'><strong>convenire:</strong></span> 
     </span>
    </p>
   </div>
   <div class='ocr_carea' id='block_1_39' title="bbox 499 3580 2088 3652">
    <p class='ocr_par' dir='ltr' id='par_1_39' title="bbox 499 3580 2088 3652">
     <span class='ocr_line' id='line_1_39' title="bbox 499 3580 2088 3652; baseline 0.002 -17"><span class='ocrx_word' id='word_1_269' title='bbox 499 3595 625 3636; x_wconf 89' lang='lat' dir='ltr'><strong>cum</strong></span> <span class='ocrx_word' id='word_1_270' title='bbox 651 3587 830 3634; x_wconf 89' lang='lat' dir='ltr'><strong>autem</strong></span> <span class='ocrx_word' id='word_1_271' title='bbox 855 3580 923 3634; x_wconf 92' lang='lat' dir='ltr'><strong>ad</strong></span> <span class='ocrx_word' id='word_1_272' title='bbox 951 3594 1048 3634; x_wconf 89' lang='lat' dir='ltr'><strong>eos</strong></span> <span class='ocrx_word' id='word_1_273' title='bbox 1086 3580 1373 3645; x_wconf 88' lang='lat' dir='ltr'><strong>scriberet,</strong></span> <span class='ocrx_word' id='word_1_274' title='bbox 1416 3592 1844 3637; x_wconf 85' lang='lat' dir='ltr'><strong>consentaneum</strong></span> <span class='ocrx_word' id='word_1_275' title='bbox 1901 3582 2088 3652; x_wconf 88' lang='lat' dir='ltr'><strong>utique</strong></span> 
     </span>
    </p>
   </div>
   <div class='ocr_carea' id='block_1_40' title="bbox 499 3669 2086 3742">
    <p class='ocr_par' dir='ltr' id='par_1_40' title="bbox 499 3669 2086 3742">
     <span class='ocr_line' id='line_1_40' title="bbox 499 3669 2086 3742; baseline 0 -13"><span class='ocrx_word' id='word_1_276' title='bbox 499 3687 609 3729; x_wconf 89' lang='lat' dir='ltr'><strong>nou</strong></span> <span class='ocrx_word' id='word_1_277' title='bbox 644 3679 786 3736; x_wconf 88' lang='lat' dir='ltr'><strong>erat,</strong></span> <span class='ocrx_word' id='word_1_278' title='bbox 808 3680 868 3726; x_wconf 94' lang='lat' dir='ltr'><strong>ut</strong></span> <span class='ocrx_word' id='word_1_279' title='bbox 920 3685 981 3727; x_wconf 86' lang='lat' dir='ltr'><strong>se</strong></span> <span class='ocrx_word' id='word_1_280' title='bbox 1034 3670 1187 3725; x_wconf 88' lang='lat' dir='ltr'><strong>initio</strong></span> <span class='ocrx_word' id='word_1_281' title='bbox 1216 3671 1534 3742; x_wconf 85' lang='lat' dir='ltr'><strong>Apostolum</strong></span> <span class='ocrx_word' id='word_1_282' title='bbox 1565 3669 1798 3727; x_wconf 88' lang='lat' dir='ltr'><strong>diceret.</strong></span> <span class='ocrx_word' id='word_1_283' title='bbox 1820 3671 2086 3729; x_wconf 62' lang='lat' dir='ltr'><strong>Praeterea</strong></span> 
     </span>
    </p>
   </div>
   <div class='ocr_carea' id='block_1_41' title="bbox 501 3764 2088 3837">
    <p class='ocr_par' dir='ltr' id='par_1_41' title="bbox 501 3764 2088 3837">
     <span class='ocr_line' id='line_1_41' title="bbox 501 3764 2088 3837; baseline 0.001 -15"><span class='ocrx_word' id='word_1_284' title='bbox 501 3769 642 3823; x_wconf 82' lang='lat' dir='ltr'><strong>hanc</strong></span> <span class='ocrx_word' id='word_1_285' title='bbox 669 3765 960 3837; x_wconf 85' lang='lat' dir='ltr'><strong>Epistolam</strong></span> <span class='ocrx_word' id='word_1_286' title='bbox 988 3764 1135 3820; x_wconf 80' lang='lat' dir='ltr'><strong>Pauli</strong></span> <span class='ocrx_word' id='word_1_287' title='bbox 1163 3780 1300 3836; x_wconf 79' lang='lat' dir='ltr'><strong>Opus</strong></span> <span class='ocrx_word' id='word_1_288' title='bbox 1324 3779 1462 3833; x_wconf 88' lang='lat' dir='ltr'><strong>esse,</strong></span> <span class='ocrx_word' id='word_1_289' title='bbox 1499 3781 1565 3821; x_wconf 82' lang='lat' dir='ltr'><strong>ex</strong></span> <span class='ocrx_word' id='word_1_290' title='bbox 1599 3781 1664 3822; x_wconf 89' lang='lat' dir='ltr'><strong>eo</strong></span> <span class='ocrx_word' id='word_1_291' title='bbox 1695 3768 1858 3822; x_wconf 87' lang='lat' dir='ltr'><strong>etiam</strong></span> <span class='ocrx_word' id='word_1_292' title='bbox 1900 3767 1953 3822; x_wconf 89' lang='lat' dir='ltr'><strong>in</strong></span> <span class='ocrx_word' id='word_1_293' title='bbox 1998 3782 2088 3823; x_wconf 89' lang='lat' dir='ltr'><strong>sc-</strong></span> 
     </span>
    </p>
   </div>
   <div class='ocr_carea' id='block_1_42' title="bbox 499 3858 2086 3931">
    <p class='ocr_par' dir='ltr' id='par_1_42' title="bbox 499 3858 2086 3931">
     <span class='ocr_line' id='line_1_42' title="bbox 499 3858 2086 3931; baseline -0.001 -15"><span class='ocrx_word' id='word_1_294' title='bbox 499 3860 790 3931; x_wconf 83' lang='lat' dir='ltr'><strong>quentibus</strong></span> <span class='ocrx_word' id='word_1_295' title='bbox 834 3860 1123 3924; x_wconf 78' lang='lat' dir='ltr'><strong>evincitur,</strong></span> <span class='ocrx_word' id='word_1_296' title='bbox 1149 3858 1292 3929; x_wconf 85' lang='lat' dir='ltr'><strong>quod</strong></span> <span class='ocrx_word' id='word_1_297' title='bbox 1346 3859 1400 3913; x_wconf 89' lang='lat' dir='ltr'><strong>in</strong></span> <span class='ocrx_word' id='word_1_298' title='bbox 1454 3858 1569 3915; x_wconf 62' lang='lat' dir='ltr'><strong>haec</strong></span> <span class='ocrx_word' id='word_1_299' title='bbox 1620 3858 1779 3914; x_wconf 78' lang='lat' dir='ltr'><strong>verba</strong></span> <span class='ocrx_word' id='word_1_300' title='bbox 1836 3860 2086 3916; x_wconf 88' lang='lat' dir='ltr'><strong>scribat:</strong></span> 
     </span>
    </p>
   </div>
   <div class='ocr_carea' id='block_1_43' title="bbox 500 3951 2089 4020">
    <p class='ocr_par' dir='ltr' id='par_1_43' title="bbox 500 3951 2089 4020">
     <span class='ocr_line' id='line_1_43' title="bbox 500 3951 2089 4020; baseline 0 -12"><span class='ocrx_word' id='word_1_301' title='bbox 500 3954 579 4008; x_wconf 84' lang='lat' dir='ltr'><strong>De</strong></span> <span class='ocrx_word' id='word_1_302' title='bbox 609 3951 828 4007; x_wconf 77' lang='lat' dir='ltr'><strong>vinculis</strong></span> <span class='ocrx_word' id='word_1_303' title='bbox 858 3953 1018 4006; x_wconf 84' lang='lat' dir='ltr'><strong>etiam</strong></span> <span class='ocrx_word' id='word_1_304' title='bbox 1074 3952 1202 4005; x_wconf 83' lang='lat' dir='ltr'><strong>meis</strong></span> <span class='ocrx_word' id='word_1_305' title='bbox 1241 3965 1446 4005; x_wconf 87' lang='lat' dir='ltr'><strong>mecum</strong></span> <span class='ocrx_word' id='word_1_306' title='bbox 1491 3952 1742 4007; x_wconf 81' lang='lat' dir='ltr'><strong>doluistis</strong></span> <span class='ocrx_word' id='word_1_307' title='bbox 1768 3951 1818 4020; x_wconf 83' lang='grc'><strong>³;</strong></span> <span class='ocrx_word' id='word_1_308' title='bbox 1845 3962 1898 4008; x_wconf 92' lang='lat' dir='ltr'><strong>et</strong></span> <span class='ocrx_word' id='word_1_309' title='bbox 1929 3968 1994 4007; x_wconf 84' lang='lat' dir='ltr'><strong>ex</strong></span> <span class='ocrx_word' id='word_1_310' title='bbox 2023 3967 2089 4008; x_wconf 91' lang='lat' dir='ltr'><strong>eo</strong></span> 
     </span>
    </p>
   </div>
   <div class='ocr_carea' id='block_1_44' title="bbox 501 4042 2090 4114">
    <p class='ocr_par' dir='ltr' id='par_1_44' title="bbox 501 4042 2090 4114">
     <span class='ocr_line' id='line_1_44' title="bbox 501 4042 2090 4114; baseline 0.003 -18"><span class='ocrx_word' id='word_1_311' title='bbox 501 4043 644 4114; x_wconf 88' lang='lat' dir='ltr'><strong>quod</strong></span> <span class='ocrx_word' id='word_1_312' title='bbox 675 4045 748 4098; x_wconf 86' lang='lat' dir='ltr'><strong>ait</strong></span> <span class='ocrx_word' id='word_1_313' title='bbox 777 4061 788 4097; x_wconf 93' lang='lat'>:</span> <span class='ocrx_word' id='word_1_314' title='bbox 824 4043 1062 4113; x_wconf 81' lang='lat' dir='ltr'><strong>Amplius</strong></span> <span class='ocrx_word' id='word_1_315' title='bbox 1093 4053 1261 4105; x_wconf 79' lang='lat' dir='ltr'><strong>orate,</strong></span> <span class='ocrx_word' id='word_1_316' title='bbox 1301 4059 1404 4112; x_wconf 87' lang='lat' dir='ltr'><strong>quo</strong></span> <span class='ocrx_word' id='word_1_317' title='bbox 1462 4042 1688 4098; x_wconf 83' lang='lat' dir='ltr'><strong>celerius</strong></span> <span class='ocrx_word' id='word_1_318' title='bbox 1715 4045 1970 4098; x_wconf 85' lang='lat' dir='ltr'><strong>restituar</strong></span> <span class='ocrx_word' id='word_1_319' title='bbox 2001 4062 2090 4101; x_wconf 81' lang='lat' dir='ltr'><strong>vo-</strong></span> 
     </span>
    </p>
   </div>
   <div class='ocr_carea' id='block_1_45' title="bbox 501 4131 2093 4207">
    <p class='ocr_par' dir='ltr' id='par_1_45' title="bbox 501 4131 2093 4207">
     <span class='ocr_line' id='line_1_45' title="bbox 501 4131 2093 4207; baseline 0.001 -19"><span class='ocrx_word' id='word_1_320' title='bbox 501 4134 578 4188; x_wconf 79' lang='lat' dir='ltr'><strong>bis</strong></span> <span class='ocrx_word' id='word_1_321' title='bbox 608 4133 661 4200; x_wconf 74' lang='grc'><strong>⁸;</strong></span> <span class='ocrx_word' id='word_1_322' title='bbox 685 4145 740 4188; x_wconf 89' lang='lat' dir='ltr'><strong>et</strong></span> <span class='ocrx_word' id='word_1_323' title='bbox 761 4149 827 4190; x_wconf 84' lang='lat' dir='ltr'><strong>ex</strong></span> <span class='ocrx_word' id='word_1_324' title='bbox 865 4135 1014 4188; x_wconf 91' lang='lat' dir='ltr'><strong>hisce</strong></span> <span class='ocrx_word' id='word_1_325' title='bbox 1045 4132 1168 4189; x_wconf 88' lang='lat' dir='ltr'><strong>aliis</strong></span> <span class='ocrx_word' id='word_1_326' title='bbox 1197 4131 1448 4204; x_wconf 86' lang='lat' dir='ltr'><strong>ejusdem</strong></span> <span class='ocrx_word' id='word_1_327' title='bbox 1501 4135 1684 4190; x_wconf 77' lang='lat' dir='ltr'><strong>verbis</strong></span> <span class='ocrx_word' id='word_1_328' title='bbox 1718 4153 1732 4189; x_wconf 88' lang='lat'><strong>:</strong></span> <span class='ocrx_word' id='word_1_329' title='bbox 1770 4133 1954 4190; x_wconf 78' lang='lat' dir='ltr'><strong>Nostis</strong></span> <span class='ocrx_word' id='word_1_330' title='bbox 1984 4137 2093 4207; x_wconf 79' lang='lat' dir='ltr'><strong>fra-</strong></span> 
     </span>
    </p>
   </div>
   <div class='ocr_carea' id='block_1_46' title="bbox 501 4225 2091 4295">
    <p class='ocr_par' dir='ltr' id='par_1_46' title="bbox 501 4225 2091 4295">
     <span class='ocr_line' id='line_1_46' title="bbox 501 4225 2091 4295; baseline 0 -15"><span class='ocrx_word' id='word_1_331' title='bbox 501 4235 630 4280; x_wconf 84' lang='lat' dir='ltr'><strong>trem</strong></span> <span class='ocrx_word' id='word_1_332' title='bbox 661 4237 894 4282; x_wconf 84' lang='lat' dir='ltr'><strong>nostrnm</strong></span> <span class='ocrx_word' id='word_1_333' title='bbox 921 4225 1250 4280; x_wconf 82' lang='lat' dir='ltr'><strong>Timotheum</strong></span> <span class='ocrx_word' id='word_1_334' title='bbox 1280 4225 1576 4287; x_wconf 86' lang='lat' dir='ltr'><strong>dimissum,</strong></span> <span class='ocrx_word' id='word_1_335' title='bbox 1609 4241 1729 4278; x_wconf 87' lang='lat' dir='ltr'><strong>cum</strong></span> <span class='ocrx_word' id='word_1_336' title='bbox 1749 4241 1874 4295; x_wconf 82' lang='lat' dir='ltr'><strong>quo,</strong></span> <span class='ocrx_word' id='word_1_337' title='bbox 1895 4227 1940 4279; x_wconf 83' lang='lat' dir='ltr'><strong>si</strong></span> <span class='ocrx_word' id='word_1_338' title='bbox 1965 4225 2091 4280; x_wconf 81' lang='lat' dir='ltr'><strong>cele-</strong></span> 
     </span>
    </p>
   </div>
   <div class='ocr_carea' id='block_1_47' title="bbox 501 4315 2090 4384">
    <p class='ocr_par' dir='ltr' id='par_1_47' title="bbox 501 4315 2090 4384">
     <span class='ocr_line' id='line_1_47' title="bbox 501 4315 2090 4384; baseline 0.001 -12"><span class='ocrx_word' id='word_1_339' title='bbox 501 4320 614 4373; x_wconf 87' lang='lat' dir='ltr'><strong>rius</strong></span> <span class='ocrx_word' id='word_1_340' title='bbox 639 4319 860 4382; x_wconf 78' lang='lat' dir='ltr'><strong>reuerit,</strong></span> <span class='ocrx_word' id='word_1_341' title='bbox 884 4317 1069 4371; x_wconf 83' lang='lat' dir='ltr'><strong>videbo</strong></span> <span class='ocrx_word' id='word_1_342' title='bbox 1101 4332 1187 4370; x_wconf 84' lang='lat' dir='ltr'><strong>vos</strong></span> <span class='ocrx_word' id='word_1_343' title='bbox 1209 4315 1270 4382; x_wconf 85' lang='lat'><strong>&#39;;</strong></span> <span class='ocrx_word' id='word_1_344' title='bbox 1301 4329 1460 4370; x_wconf 90' lang='lat' dir='ltr'><strong>nemo</strong></span> <span class='ocrx_word' id='word_1_345' title='bbox 1517 4315 1660 4369; x_wconf 87' lang='lat' dir='ltr'><strong>enim</strong></span> <span class='ocrx_word' id='word_1_346' title='bbox 1714 4327 1911 4384; x_wconf 65' lang='lat' dir='ltr'><strong>praeter</strong></span> <span class='ocrx_word' id='word_1_347' title='bbox 1947 4317 2090 4373; x_wconf 86' lang='lat' dir='ltr'><strong>Pau-</strong></span> 
     </span>
    </p>
   </div>
   <div class='ocr_carea' id='block_1_48' title="bbox 2175 473 3758 545">
    <p class='ocr_par' dir='ltr' id='par_1_48' title="bbox 2175 473 3758 545">
     <span class='ocr_line' id='line_1_48' title="bbox 2175 473 3758 545; baseline 0.004 -21"><span class='ocrx_word' id='word_1_348' title='bbox 2175 473 2418 526; x_wconf 85' lang='grc' dir='ltr'>λείπεται</span> <span class='ocrx_word' id='word_1_349' title='bbox 2466 473 2541 544; x_wconf 86' lang='grc'><strong>(7)</strong></span> <span class='ocrx_word' id='word_1_350' title='bbox 2585 475 2619 543; x_wconf 81' lang='grc' dir='ltr'>ἡ</span> <span class='ocrx_word' id='word_1_351' title='bbox 2660 473 2843 545; x_wconf 77' lang='grc' dir='ltr'>ἡμέρα</span> <span class='ocrx_word' id='word_1_352' title='bbox 2887 474 2988 545; x_wconf 82' lang='grc' dir='ltr'><strong>τῆς</strong></span> <span class='ocrx_word' id='word_1_353' title='bbox 3036 475 3454 538; x_wconf 82' lang='grc' dir='ltr'>καταπαύσεως.</span> <span class='ocrx_word' id='word_1_354' title='bbox 3491 475 3661 530; x_wconf 85' lang='grc' dir='ltr'>Πάλιν</span> <span class='ocrx_word' id='word_1_355' title='bbox 3699 475 3758 530; x_wconf 66' lang='grc'><strong>83</strong></span> 
     </span>
    </p>
   </div>
   <div class='ocr_carea' id='block_1_49' title="bbox 2175 564 3763 638">
    <p class='ocr_par' dir='ltr' id='par_1_49' title="bbox 2175 564 3763 638">
     <span class='ocr_line' id='line_1_49' title="bbox 2175 564 3763 638; baseline 0.002 -20"><span class='ocrx_word' id='word_1_356' title='bbox 2175 564 2575 630; x_wconf 82' lang='grc' dir='ltr'><strong>ἀποδείκνυσιν,</strong></span> <span class='ocrx_word' id='word_1_357' title='bbox 2601 567 2685 620; x_wconf 83' lang='grc' dir='ltr'>ὅτι</span> <span class='ocrx_word' id='word_1_358' title='bbox 2715 569 2748 635; x_wconf 77' lang='grc' dir='ltr'>ἡ</span> <span class='ocrx_word' id='word_1_359' title='bbox 2775 567 3135 638; x_wconf 79' lang='grc' dir='ltr'>ἀρχιερατικὴ</span> <span class='ocrx_word' id='word_1_360' title='bbox 3163 567 3472 638; x_wconf 75' lang='grc' dir='ltr'><strong>λειτουργία</strong></span> <span class='ocrx_word' id='word_1_361' title='bbox 3499 568 3763 636; x_wconf 75' lang='grc' dir='ltr'><strong>μετετέθη</strong></span> 
     </span>
    </p>
   </div>
   <div class='ocr_carea' id='block_1_50' title="bbox 2175 653 3763 730">
    <p class='ocr_par' dir='ltr' id='par_1_50' title="bbox 2175 653 3763 730">
     <span class='ocr_line' id='line_1_50' title="bbox 2175 653 3763 730; baseline 0.002 -21"><span class='ocrx_word' id='word_1_362' title='bbox 2175 656 2284 709; x_wconf 77' lang='grc' dir='ltr'><strong>ἀπὸ</strong></span> <span class='ocrx_word' id='word_1_363' title='bbox 2326 656 2536 728; x_wconf 81' lang='grc' dir='ltr'>Ἀαρὼν</span> <span class='ocrx_word' id='word_1_364' title='bbox 2563 658 2642 721; x_wconf 89' lang='grc' dir='ltr'>εἰς</span> <span class='ocrx_word' id='word_1_365' title='bbox 2675 658 2766 710; x_wconf 84' lang='grc' dir='ltr'>τὸν</span> <span class='ocrx_word' id='word_1_366' title='bbox 2796 657 3050 730; x_wconf 79' lang='grc' dir='ltr'>Χριστὸν,</span> <span class='ocrx_word' id='word_1_367' title='bbox 3080 653 3143 712; x_wconf 72' lang='grc' dir='ltr'>οὗ</span> <span class='ocrx_word' id='word_1_368' title='bbox 3165 659 3331 722; x_wconf 80' lang='grc' dir='ltr'><strong>τύπος</strong></span> <span class='ocrx_word' id='word_1_369' title='bbox 3356 654 3424 730; x_wconf 80' lang='grc' dir='ltr'>ἦν</span> <span class='ocrx_word' id='word_1_370' title='bbox 3451 657 3763 728; x_wconf 84' lang='grc' dir='ltr'>ὸΜελχισε-</span> 
     </span>
    </p>
   </div>
   <div class='ocr_carea' id='block_1_51' title="bbox 2176 745 3764 812">
    <p class='ocr_par' dir='ltr' id='par_1_51' title="bbox 2176 745 3764 812">
     <span class='ocr_line' id='line_1_51' title="bbox 2176 745 3764 812; baseline 0.003 -13"><span class='ocrx_word' id='word_1_371' title='bbox 2176 746 2292 809; x_wconf 80' lang='grc' dir='ltr'>δὲκ,</span> <span class='ocrx_word' id='word_1_372' title='bbox 2318 747 2418 799; x_wconf 76' lang='grc' dir='ltr'>οὐκ</span> <span class='ocrx_word' id='word_1_373' title='bbox 2438 745 2514 799; x_wconf 83' lang='grc' dir='ltr'>ὢν</span> <span class='ocrx_word' id='word_1_374' title='bbox 2545 749 2608 801; x_wconf 75' lang='grc' dir='ltr'>ὲκ</span> <span class='ocrx_word' id='word_1_375' title='bbox 2638 747 2732 800; x_wconf 88' lang='grc' dir='ltr'>τοῦ</span> <span class='ocrx_word' id='word_1_376' title='bbox 2763 750 2914 805; x_wconf 81' lang='grc' dir='ltr'><strong>Λευῖ.</strong></span> <span class='ocrx_word' id='word_1_377' title='bbox 2936 750 3201 803; x_wconf 84' lang='grc' dir='ltr'>Πίστειτε</span> <span class='ocrx_word' id='word_1_378' title='bbox 3230 749 3612 804; x_wconf 84' lang='grc' dir='ltr'>δεδικαιῶσθαι</span> <span class='ocrx_word' id='word_1_379' title='bbox 3638 750 3764 812; x_wconf 80' lang='grc' dir='ltr'>τοὺς</span> 
     </span>
    </p>
   </div>
   <div class='ocr_carea' id='block_1_52' title="bbox 2177 835 3770 910">
    <p class='ocr_par' dir='ltr' id='par_1_52' title="bbox 2177 835 3770 910">
     <span class='ocr_line' id='line_1_52' title="bbox 2177 835 3770 910; baseline 0.002 -21"><span class='ocrx_word' id='word_1_380' title='bbox 2177 838 2424 908; x_wconf 78' lang='grc' dir='ltr'><strong>πατέρας</strong></span> <span class='ocrx_word' id='word_1_381' title='bbox 2464 838 2740 908; x_wconf 77' lang='grc' dir='ltr'>σημαίνει,</span> <span class='ocrx_word' id='word_1_382' title='bbox 2782 841 2877 892; x_wconf 76' lang='grc' dir='ltr'>καὶ</span> <span class='ocrx_word' id='word_1_383' title='bbox 2917 839 3042 903; x_wconf 77' lang='grc' dir='ltr'>οὐκ,</span> <span class='ocrx_word' id='word_1_384' title='bbox 3081 839 3140 904; x_wconf 79' lang='grc' dir='ltr'>εξ</span> <span class='ocrx_word' id='word_1_385' title='bbox 3181 839 3362 910; x_wconf 75' lang='grc' dir='ltr'>ἔργων</span> <span class='ocrx_word' id='word_1_386' title='bbox 3399 840 3586 910; x_wconf 87' lang='grc' dir='ltr'>νόμου.</span> <span class='ocrx_word' id='word_1_387' title='bbox 3631 835 3770 894; x_wconf 82' lang='grc' dir='ltr'>Εἶτα.</span> 
     </span>
    </p>
   </div>
   <div class='ocr_carea' id='block_1_53' title="bbox 2178 929 3766 1002">
    <p class='ocr_par' dir='ltr' id='par_1_53' title="bbox 2178 929 3766 1002">
     <span class='ocr_line' id='line_1_53' title="bbox 2178 929 3766 1002; baseline 0.001 -20"><span class='ocrx_word' id='word_1_388' title='bbox 2178 929 2339 982; x_wconf 80' lang='grc' dir='ltr'>πάλιν</span> <span class='ocrx_word' id='word_1_389' title='bbox 2375 932 2453 992; x_wconf 86' lang='grc' dir='ltr'><strong>είς</strong></span> <span class='ocrx_word' id='word_1_390' title='bbox 2497 930 2567 983; x_wconf 80' lang='grc' dir='ltr'>τὰ</span> <span class='ocrx_word' id='word_1_391' title='bbox 2603 931 2709 1002; x_wconf 68' lang='grc' dir='ltr'><strong>ἢθη</strong></span> <span class='ocrx_word' id='word_1_392' title='bbox 2749 931 3194 1002; x_wconf 71' lang='grc' dir='ltr'><strong>προτρεψάμενος</strong></span> <span class='ocrx_word' id='word_1_393' title='bbox 3235 933 3332 986; x_wconf 76' lang='grc' dir='ltr'>καὶ</span> <span class='ocrx_word' id='word_1_394' title='bbox 3377 932 3635 998; x_wconf 76' lang='grc' dir='ltr'><strong>τούτους,</strong></span> <span class='ocrx_word' id='word_1_395' title='bbox 3669 933 3766 985; x_wconf 72' lang='grc' dir='ltr'>καὶ</span> 
     </span>
    </p>
   </div>
   <div class='ocr_carea' id='block_1_54' title="bbox 2178 1022 3762 1095">
    <p class='ocr_par' dir='ltr' id='par_1_54' title="bbox 2178 1022 3762 1095">
     <span class='ocr_line' id='line_1_54' title="bbox 2178 1022 3762 1095; baseline 0 -19"><span class='ocrx_word' id='word_1_396' title='bbox 2178 1022 2580 1094; x_wconf 76' lang='grc' dir='ltr'><strong>ἀποδεξάμενος</strong></span> <span class='ocrx_word' id='word_1_397' title='bbox 2613 1024 2792 1078; x_wconf 71' lang='grc' dir='ltr'>αὐτῶν</span> <span class='ocrx_word' id='word_1_398' title='bbox 2821 1025 2920 1094; x_wconf 80' lang='grc' dir='ltr'>τὴν</span> <span class='ocrx_word' id='word_1_399' title='bbox 2951 1025 3040 1078; x_wconf 82' lang='grc' dir='ltr'><strong>διὰ</strong></span> <span class='ocrx_word' id='word_1_400' title='bbox 3073 1024 3165 1079; x_wconf 82' lang='grc' dir='ltr'>τὸν</span> <span class='ocrx_word' id='word_1_401' title='bbox 3199 1025 3433 1095; x_wconf 80' lang='grc' dir='ltr'>Χριστὸν</span> <span class='ocrx_word' id='word_1_402' title='bbox 3461 1024 3762 1095; x_wconf 75' lang='grc' dir='ltr'>ὑπομονὴν,</span> 
     </span>
    </p>
   </div>
   <div class='ocr_carea' id='block_1_55' title="bbox 2178 1115 3765 1188">
    <p class='ocr_par' dir='ltr' id='par_1_55' title="bbox 2178 1115 3765 1188">
     <span class='ocr_line' id='line_1_55' title="bbox 2178 1115 3765 1188; baseline 0.001 -22"><span class='ocrx_word' id='word_1_403' title='bbox 2178 1115 2272 1166; x_wconf 79' lang='grc' dir='ltr'>καὶ</span> <span class='ocrx_word' id='word_1_404' title='bbox 2309 1115 2506 1178; x_wconf 84' lang='grc' dir='ltr'>πείσας</span> <span class='ocrx_word' id='word_1_405' title='bbox 2561 1117 2727 1186; x_wconf 68' lang='grc' dir='ltr'>τιμᾷν</span> <span class='ocrx_word' id='word_1_406' title='bbox 2758 1117 2884 1180; x_wconf 63' lang='grc' dir='ltr'>τοὺς</span> <span class='ocrx_word' id='word_1_407' title='bbox 2925 1116 3370 1188; x_wconf 74' lang='grc' dir='ltr'>πρεσϐυτέρους,</span> <span class='ocrx_word' id='word_1_408' title='bbox 3419 1117 3618 1169; x_wconf 84' lang='grc' dir='ltr'>τελειοῖ</span> <span class='ocrx_word' id='word_1_409' title='bbox 3661 1117 3765 1186; x_wconf 79' lang='grc' dir='ltr'>τὴν</span> 
     </span>
    </p>
   </div>
   <div class='ocr_carea' id='block_1_56' title="bbox 2179 1207 2526 1279">
    <p class='ocr_par' dir='ltr' id='par_1_56' title="bbox 2179 1207 2526 1279">
     <span class='ocr_line' id='line_1_56' title="bbox 2179 1207 2526 1279; baseline 0 -17"><span class='ocrx_word' id='word_1_410' title='bbox 2179 1207 2526 1279; x_wconf 71' lang='grc' dir='ltr'>Ἐπιστολὴν.</span> 
     </span>
    </p>
   </div>
   <div class='ocr_carea' id='block_1_57' title="bbox 2262 1387 3765 1464">
    <p class='ocr_par' dir='ltr' id='par_1_57' title="bbox 2262 1387 3765 1464">
     <span class='ocr_line' id='line_1_57' title="bbox 2262 1387 3765 1464; baseline -0.003 -16"><span class='ocrx_word' id='word_1_411' title='bbox 2262 1394 2328 1448; x_wconf 84' lang='grc' dir='ltr'><strong><em>Ἦ</em></strong></span> <span class='ocrx_word' id='word_1_412' title='bbox 2349 1393 2406 1447; x_wconf 80' lang='grc' dir='ltr'>δὲ</span> <span class='ocrx_word' id='word_1_413' title='bbox 2428 1393 2564 1464; x_wconf 74' lang='grc' dir='ltr'>πρὸς</span> <span class='ocrx_word' id='word_1_414' title='bbox 2586 1391 2872 1462; x_wconf 78' lang='grc' dir='ltr'>Ἐϐραίους</span> <span class='ocrx_word' id='word_1_415' title='bbox 2900 1392 3188 1464; x_wconf 83' lang='grc' dir='ltr'>Ἐπιστολὴ</span> <span class='ocrx_word' id='word_1_416' title='bbox 3207 1392 3355 1446; x_wconf 85' lang='grc' dir='ltr'>δοκεῖ</span> <span class='ocrx_word' id='word_1_417' title='bbox 3382 1393 3480 1464; x_wconf 79' lang='grc' dir='ltr'>μὲν</span> <span class='ocrx_word' id='word_1_418' title='bbox 3503 1393 3602 1446; x_wconf 76' lang='grc' dir='ltr'>οὐκ</span> <span class='ocrx_word' id='word_1_419' title='bbox 3626 1387 3765 1445; x_wconf 79' lang='grc' dir='ltr'>εἶναι</span> 
     </span>
    </p>
   </div>
   <div class='ocr_carea' id='block_1_58' title="bbox 2179 1483 3766 1555">
    <p class='ocr_par' dir='ltr' id='par_1_58' title="bbox 2179 1483 3766 1555">
     <span class='ocr_line' id='line_1_58' title="bbox 2179 1483 3766 1555; baseline -0.001 -17"><span class='ocrx_word' id='word_1_420' title='bbox 2179 1484 2396 1538; x_wconf 80' lang='grc' dir='ltr'>Παύλου</span> <span class='ocrx_word' id='word_1_421' title='bbox 2441 1484 2530 1538; x_wconf 88' lang='grc' dir='ltr'><strong>διά</strong></span> <span class='ocrx_word' id='word_1_422' title='bbox 2563 1501 2624 1537; x_wconf 85' lang='grc' dir='ltr'><strong>τε</strong></span> <span class='ocrx_word' id='word_1_423' title='bbox 2662 1485 2754 1538; x_wconf 80' lang='grc' dir='ltr'>τὸν</span> <span class='ocrx_word' id='word_1_424' title='bbox 2791 1485 3142 1555; x_wconf 80' lang='grc' dir='ltr'>χαρακτῆρα,</span> <span class='ocrx_word' id='word_1_425' title='bbox 3174 1485 3270 1537; x_wconf 72' lang='grc' dir='ltr'><strong>κα)⁵</strong></span> <span class='ocrx_word' id='word_1_426' title='bbox 3299 1484 3362 1538; x_wconf 78' lang='grc' dir='ltr'>τὸ</span> <span class='ocrx_word' id='word_1_427' title='bbox 3405 1485 3482 1555; x_wconf 81' lang='grc' dir='ltr'>μὴ</span> <span class='ocrx_word' id='word_1_428' title='bbox 3513 1483 3766 1554; x_wconf 75' lang='grc' dir='ltr'>προγράο</span> 
     </span>
    </p>
   </div>
   <div class='ocr_carea' id='block_1_59' title="bbox 2119 1573 3774 1648">
    <p class='ocr_par' dir='ltr' id='par_1_59' title="bbox 2119 1573 3774 1648">
     <span class='ocr_line' id='line_1_59' title="bbox 2119 1573 3774 1648; baseline -0.001 -20"><span class='ocrx_word' id='word_1_429' title='bbox 2119 1618 2124 1628; x_wconf 97' lang='grc'><strong>.</strong></span> <span class='ocrx_word' id='word_1_430' title='bbox 2182 1591 2326 1644; x_wconf 85' lang='grc' dir='ltr'>φειν,</span> <span class='ocrx_word' id='word_1_431' title='bbox 2355 1574 2430 1637; x_wconf 85' lang='grc' dir='ltr'><strong>ὼς</strong></span> <span class='ocrx_word' id='word_1_432' title='bbox 2471 1575 2530 1628; x_wconf 79' lang='grc' dir='ltr'>ὲν</span> <span class='ocrx_word' id='word_1_433' title='bbox 2565 1575 2804 1640; x_wconf 87' lang='grc' dir='ltr'>ἀπάσαις</span> <span class='ocrx_word' id='word_1_434' title='bbox 2829 1575 3044 1648; x_wconf 65' lang='lat'><strong>(8)191,-</strong></span> <span class='ocrx_word' id='word_1_435' title='bbox 3074 1575 3442 1640; x_wconf 73' lang='grc' dir='ltr'><strong>Ἐπιστολαῖς,</strong></span> <span class='ocrx_word' id='word_1_436' title='bbox 3469 1577 3564 1628; x_wconf 76' lang='grc' dir='ltr'>καὶ</span> <span class='ocrx_word' id='word_1_437' title='bbox 3595 1575 3658 1628; x_wconf 78' lang='grc' dir='ltr'>τὸ</span> <span class='ocrx_word' id='word_1_438' title='bbox 3687 1573 3774 1627; x_wconf 74' lang='grc' dir='ltr'>λέο</span> 
     </span>
    </p>
   </div>
   <div class='ocr_carea' id='block_1_60' title="bbox 2182 1663 3778 1736">
    <p class='ocr_par' dir='ltr' id='par_1_60' title="bbox 2182 1663 3778 1736">
     <span class='ocr_line' id='line_1_60' title="bbox 2182 1663 3778 1736; baseline 0.003 -19"><span class='ocrx_word' id='word_1_439' title='bbox 2182 1680 2327 1732; x_wconf 84' lang='grc' dir='ltr'>γειν·</span> <span class='ocrx_word' id='word_1_440' title='bbox 2359 1663 2493 1730; x_wconf 87' lang='grc' dir='ltr'><strong>Πῶς</strong></span> <span class='ocrx_word' id='word_1_441' title='bbox 2519 1664 2690 1734; x_wconf 77' lang='grc' dir='ltr'>ἡμεῖς</span> <span class='ocrx_word' id='word_1_442' title='bbox 2717 1666 3127 1736; x_wconf 63' lang='grc' dir='ltr'>ἐκφευξόμεθα</span> <span class='ocrx_word' id='word_1_443' title='bbox 3151 1669 3518 1734; x_wconf 78' lang='grc' dir='ltr'><strong>τηλικαύτης</strong></span> <span class='ocrx_word' id='word_1_444' title='bbox 3545 1667 3778 1736; x_wconf 71' lang='grc' dir='ltr'>ἀμελή-</span> 
     </span>
    </p>
   </div>
   <div class='ocr_carea' id='block_1_61' title="bbox 2183 1759 3770 1828">
    <p class='ocr_par' dir='ltr' id='par_1_61' title="bbox 2183 1759 3770 1828">
     <span class='ocr_line' id='line_1_61' title="bbox 2183 1759 3770 1828; baseline 0.001 -16"><span class='ocrx_word' id='word_1_445' title='bbox 2183 1772 2407 1824; x_wconf 86' lang='grc' dir='ltr'>σαντες</span> <span class='ocrx_word' id='word_1_446' title='bbox 2429 1759 2727 1826; x_wconf 82' lang='grc' dir='ltr'>σωτηρίας</span> <span class='ocrx_word' id='word_1_447' title='bbox 2739 1776 2758 1824; x_wconf 89' lang='grc'><strong><em>;</em></strong></span> <span class='ocrx_word' id='word_1_448' title='bbox 2783 1759 2914 1826; x_wconf 83' lang='grc' dir='ltr'>ἣτις</span> <span class='ocrx_word' id='word_1_449' title='bbox 2935 1759 3134 1828; x_wconf 75' lang='grc' dir='ltr'>ἀρχὴν</span> <span class='ocrx_word' id='word_1_450' title='bbox 3153 1760 3430 1814; x_wconf 69' lang='grc' dir='ltr'>λαϐοῦσα</span> <span class='ocrx_word' id='word_1_451' title='bbox 3453 1759 3770 1815; x_wconf 75' lang='grc' dir='ltr'><strong>λαλεῖσθαι</strong></span> 
     </span>
    </p>
   </div>
   <div class='ocr_carea' id='block_1_62' title="bbox 2184 1845 3773 1916">
    <p class='ocr_par' dir='ltr' id='par_1_62' title="bbox 2184 1845 3773 1916">
     <span class='ocr_line' id='line_1_62' title="bbox 2184 1845 3773 1916; baseline -0.001 -16"><span class='ocrx_word' id='word_1_452' title='bbox 2184 1847 2318 1914; x_wconf 77' lang='grc' dir='ltr'>περὶ</span> <span class='ocrx_word' id='word_1_453' title='bbox 2359 1846 2466 1901; x_wconf 87' lang='grc' dir='ltr'><strong>τοῦ</strong></span> <span class='ocrx_word' id='word_1_454' title='bbox 2512 1848 2754 1916; x_wconf 81' lang='grc' dir='ltr'>Κυρ·ὀυ,</span> <span class='ocrx_word' id='word_1_455' title='bbox 2801 1847 2901 1901; x_wconf 81' lang='grc' dir='ltr'>διὰ</span> <span class='ocrx_word' id='word_1_456' title='bbox 2952 1846 3072 1900; x_wconf 86' lang='grc' dir='ltr'>τῶν</span> <span class='ocrx_word' id='word_1_457' title='bbox 3121 1845 3519 1901; x_wconf 79' lang='grc' dir='ltr'><strong>ἀκουσάντων</strong></span> <span class='ocrx_word' id='word_1_458' title='bbox 3567 1845 3642 1916; x_wconf 86' lang='grc'><strong>(9)</strong></span> <span class='ocrx_word' id='word_1_459' title='bbox 3684 1847 3773 1910; x_wconf 82' lang='grc' dir='ltr'><strong>είς</strong></span> 
     </span>
    </p>
   </div>
   <div class='ocr_carea' id='block_1_63' title="bbox 2184 1936 3771 2008">
    <p class='ocr_par' dir='ltr' id='par_1_63' title="bbox 2184 1936 3771 2008">
     <span class='ocr_line' id='line_1_63' title="bbox 2184 1936 3771 2008; baseline -0.001 -16"><span class='ocrx_word' id='word_1_460' title='bbox 2184 1937 2342 2008; x_wconf 75' lang='grc' dir='ltr'><strong>ἡμᾶς</strong></span> <span class='ocrx_word' id='word_1_461' title='bbox 2376 1939 2692 2004; x_wconf 70' lang='grc' dir='ltr'>ἐϐεϐαιώθη</span> <span class='ocrx_word' id='word_1_462' title='bbox 2711 1979 2725 2002; x_wconf 95' lang='grc'><strong>,</strong></span> <span class='ocrx_word' id='word_1_463' title='bbox 2769 1937 3438 2007; x_wconf 76' lang='grc' dir='ltr'><strong>συνεπιμαρτυροῦντος</strong></span> <span class='ocrx_word' id='word_1_464' title='bbox 3471 1936 3578 1990; x_wconf 87' lang='grc' dir='ltr'><strong>τοῦ</strong></span> <span class='ocrx_word' id='word_1_465' title='bbox 3622 1936 3771 1990; x_wconf 74' lang='grc' dir='ltr'>θεοῦ</span> 
     </span>
    </p>
   </div>
   <div class='ocr_carea' id='block_1_64' title="bbox 2185 2023 3773 2098">
    <p class='ocr_par' dir='ltr' id='par_1_64' title="bbox 2185 2023 3773 2098">
     <span class='ocr_line' id='line_1_64' title="bbox 2185 2023 3773 2098; baseline -0.003 -16"><span class='ocrx_word' id='word_1_466' title='bbox 2185 2031 2463 2098; x_wconf 80' lang='grc' dir='ltr'><strong>σημείοις</strong></span> <span class='ocrx_word' id='word_1_467' title='bbox 2492 2045 2555 2081; x_wconf 87' lang='grc' dir='ltr'><strong>τε</strong></span> <span class='ocrx_word' id='word_1_468' title='bbox 2588 2028 2686 2082; x_wconf 78' lang='grc' dir='ltr'>καὶ</span> <span class='ocrx_word' id='word_1_469' title='bbox 2721 2027 2949 2094; x_wconf 83' lang='grc' dir='ltr'><strong>τέρασι.</strong></span> <span class='ocrx_word' id='word_1_470' title='bbox 2991 2027 3098 2081; x_wconf 88' lang='grc' dir='ltr'>Τοῦ</span> <span class='ocrx_word' id='word_1_471' title='bbox 3127 2029 3226 2098; x_wconf 82' lang='grc' dir='ltr'>μὲν</span> <span class='ocrx_word' id='word_1_472' title='bbox 3253 2023 3347 2082; x_wconf 84' lang='grc' dir='ltr'>οὖν</span> <span class='ocrx_word' id='word_1_473' title='bbox 3387 2026 3653 2097; x_wconf 72' lang='grc' dir='ltr'>ἠλλάχθαι</span> <span class='ocrx_word' id='word_1_474' title='bbox 3681 2025 3773 2080; x_wconf 68' lang='grc' dir='ltr'><strong>τὸν</strong></span> 
     </span>
    </p>
   </div>
   <div class='ocr_carea' id='block_1_65' title="bbox 2185 2116 3776 2188">
    <p class='ocr_par' dir='ltr' id='par_1_65' title="bbox 2185 2116 3776 2188">
     <span class='ocr_line' id='line_1_65' title="bbox 2185 2116 3776 2188; baseline -0.001 -18"><span class='ocrx_word' id='word_1_475' title='bbox 2185 2117 2512 2188; x_wconf 79' lang='grc' dir='ltr'>χαρακτῆρα</span> <span class='ocrx_word' id='word_1_476' title='bbox 2540 2117 2638 2187; x_wconf 80' lang='grc' dir='ltr'><strong>τῆς</strong></span> <span class='ocrx_word' id='word_1_477' title='bbox 2662 2116 2985 2186; x_wconf 81' lang='grc' dir='ltr'><strong>Ἐπιστολῆς</strong></span> <span class='ocrx_word' id='word_1_478' title='bbox 3011 2116 3222 2187; x_wconf 79' lang='grc' dir='ltr'>φανερά</span> <span class='ocrx_word' id='word_1_479' title='bbox 3243 2119 3277 2186; x_wconf 86' lang='grc' dir='ltr'><strong>ή</strong></span> <span class='ocrx_word' id='word_1_480' title='bbox 3298 2117 3474 2171; x_wconf 75' lang='grc' dir='ltr'>αἰτία·</span> <span class='ocrx_word' id='word_1_481' title='bbox 3499 2116 3636 2187; x_wconf 79' lang='grc' dir='ltr'>πρὸς</span> <span class='ocrx_word' id='word_1_482' title='bbox 3662 2117 3776 2186; x_wconf 77' lang='grc' dir='ltr'><strong>γὰρ</strong></span> 
     </span>
    </p>
   </div>
   <div class='ocr_carea' id='block_1_66' title="bbox 2197 2206 3776 2280">
    <p class='ocr_par' dir='ltr' id='par_1_66' title="bbox 2197 2206 3776 2280">
     <span class='ocr_line' id='line_1_66' title="bbox 2197 2206 3776 2280; baseline 0.001 -21"><span class='ocrx_word' id='word_1_483' title='bbox 2197 2207 2481 2278; x_wconf 78' lang='grc' dir='ltr'>Ἐϐραίους</span> <span class='ocrx_word' id='word_1_484' title='bbox 2506 2211 2572 2278; x_wconf 79' lang='grc' dir='ltr'><strong>τῇ</strong></span> <span class='ocrx_word' id='word_1_485' title='bbox 2602 2206 2752 2276; x_wconf 70' lang='grc' dir='ltr'>σφῶν</span> <span class='ocrx_word' id='word_1_486' title='bbox 2773 2207 3039 2278; x_wconf 77' lang='grc' dir='ltr'><strong>διαλέκτῳ</strong></span> <span class='ocrx_word' id='word_1_487' title='bbox 3061 2210 3358 2280; x_wconf 67' lang='grc' dir='ltr'>γραφεῖσα,</span> <span class='ocrx_word' id='word_1_488' title='bbox 3385 2206 3508 2261; x_wconf 86' lang='grc' dir='ltr'>ῦστε</span> <span class='ocrx_word' id='word_1_489' title='bbox 3519 2223 3607 2278; x_wconf 84' lang='grc' dir='ltr'><strong>ρον</strong></span> <span class='ocrx_word' id='word_1_490' title='bbox 3639 2206 3776 2277; x_wconf 82' lang='grc' dir='ltr'>μεθ·</span> 
     </span>
    </p>
   </div>
   <div class='ocr_carea' id='block_1_67' title="bbox 2187 2297 3778 2371">
    <p class='ocr_par' dir='ltr' id='par_1_67' title="bbox 2187 2297 3778 2371">
     <span class='ocr_line' id='line_1_67' title="bbox 2187 2297 3778 2371; baseline -0.002 -18"><span class='ocrx_word' id='word_1_491' title='bbox 2187 2299 2590 2370; x_wconf 73' lang='grc' dir='ltr'>ερμηνευθῆναι</span> <span class='ocrx_word' id='word_1_492' title='bbox 2620 2299 2860 2367; x_wconf 84' lang='grc' dir='ltr'>λέγεται,</span> <span class='ocrx_word' id='word_1_493' title='bbox 2892 2299 2966 2363; x_wconf 83' lang='grc' dir='ltr'>ὡς</span> <span class='ocrx_word' id='word_1_494' title='bbox 3004 2301 3102 2371; x_wconf 77' lang='grc' dir='ltr'><strong>μέν</strong></span> <span class='ocrx_word' id='word_1_495' title='bbox 3135 2317 3279 2364; x_wconf 87' lang='grc' dir='ltr'>τινες</span> <span class='ocrx_word' id='word_1_496' title='bbox 3323 2300 3428 2354; x_wconf 80' lang='grc' dir='ltr'><strong>ὑπὸ</strong></span> <span class='ocrx_word' id='word_1_497' title='bbox 3465 2301 3674 2362; x_wconf 76' lang='grc' dir='ltr'>Λουκᾶ,</span> <span class='ocrx_word' id='word_1_498' title='bbox 3697 2297 3778 2361; x_wconf 80' lang='grc' dir='ltr'>ὡς</span> 
     </span>
    </p>
   </div>
   <div class='ocr_carea' id='block_1_68' title="bbox 2185 2388 3780 2462">
    <p class='ocr_par' dir='ltr' id='par_1_68' title="bbox 2185 2388 3780 2462">
     <span class='ocr_line' id='line_1_68' title="bbox 2185 2388 3780 2462; baseline -0.003 -16"><span class='ocrx_word' id='word_1_499' title='bbox 2185 2391 2242 2446; x_wconf 80' lang='grc' dir='ltr'>δὲ</span> <span class='ocrx_word' id='word_1_500' title='bbox 2273 2393 2324 2444; x_wconf 82' lang='lat' dir='ltr'><strong>oi</strong></span> <span class='ocrx_word' id='word_1_501' title='bbox 2357 2391 2541 2444; x_wconf 75' lang='grc' dir='ltr'>πολλοὶ</span> <span class='ocrx_word' id='word_1_502' title='bbox 2569 2391 2674 2445; x_wconf 85' lang='grc' dir='ltr'><strong>ὑπὸ</strong></span> <span class='ocrx_word' id='word_1_503' title='bbox 2704 2391 3048 2462; x_wconf 50' lang='grc' dir='ltr'>Κλήμεντος</span> <span class='ocrx_word' id='word_1_504' title='bbox 3085 2390 3180 2443; x_wconf 90' lang='grc' dir='ltr'><strong>τοῦ</strong></span> <span class='ocrx_word' id='word_1_505' title='bbox 3210 2391 3321 2462; x_wconf 78' lang='grc' dir='ltr'><strong>γὰρ</strong></span> <span class='ocrx_word' id='word_1_506' title='bbox 3348 2390 3460 2462; x_wconf 75' lang='lat' dir='ltr'><strong>(l0)</strong></span> <span class='ocrx_word' id='word_1_507' title='bbox 3492 2391 3586 2444; x_wconf 72' lang='lat' dir='ltr'><strong>xui.</strong></span> <span class='ocrx_word' id='word_1_508' title='bbox 3612 2388 3780 2452; x_wconf 75' lang='grc' dir='ltr'>σώζει</span> 
     </span>
    </p>
   </div>
   <div class='ocr_carea' id='block_1_69' title="bbox 2185 2480 3778 2555">
    <p class='ocr_par' dir='ltr' id='par_1_69' title="bbox 2185 2480 3778 2555">
     <span class='ocr_line' id='line_1_69' title="bbox 2185 2480 3778 2555; baseline 0 -19"><span class='ocrx_word' id='word_1_509' title='bbox 2185 2483 2278 2536; x_wconf 68' lang='grc' dir='ltr'><strong>τὸν</strong></span> <span class='ocrx_word' id='word_1_510' title='bbox 2315 2482 2664 2555; x_wconf 78' lang='grc' dir='ltr'>χαρακτῆρα.</span> <span class='ocrx_word' id='word_1_511' title='bbox 2691 2481 2798 2536; x_wconf 86' lang='grc' dir='ltr'><strong>Τοῦ</strong></span> <span class='ocrx_word' id='word_1_512' title='bbox 2825 2482 2882 2540; x_wconf 69' lang='grc' dir='ltr'>δὲ</span> <span class='ocrx_word' id='word_1_513' title='bbox 2917 2482 2993 2554; x_wconf 84' lang='grc' dir='ltr'>μὴ</span> <span class='ocrx_word' id='word_1_514' title='bbox 3020 2483 3360 2554; x_wconf 50' lang='lat' dir='ltr'><strong>«perpauci»</strong></span> <span class='ocrx_word' id='word_1_515' title='bbox 3396 2481 3495 2553; x_wconf 80' lang='grc' dir='ltr'><strong>τὴν</strong></span> <span class='ocrx_word' id='word_1_516' title='bbox 3516 2480 3778 2536; x_wconf 84' lang='grc' dir='ltr'>Ἐπιστο-</span> 
     </span>
    </p>
   </div>
   <div class='ocr_carea' id='block_1_70' title="bbox 2187 2571 3782 2646">
    <p class='ocr_par' dir='ltr' id='par_1_70' title="bbox 2187 2571 3782 2646">
     <span class='ocr_line' id='line_1_70' title="bbox 2187 2571 3782 2646; baseline -0.003 -18"><span class='ocrx_word' id='word_1_517' title='bbox 2187 2573 2310 2646; x_wconf 80' lang='grc' dir='ltr'>λὴν,</span> <span class='ocrx_word' id='word_1_518' title='bbox 2339 2575 2507 2627; x_wconf 86' lang='grc' dir='ltr'>αίτιον</span> <span class='ocrx_word' id='word_1_519' title='bbox 2533 2577 2566 2643; x_wconf 80' lang='grc' dir='ltr'><strong>ἡ</strong></span> <span class='ocrx_word' id='word_1_520' title='bbox 2592 2572 2881 2626; x_wconf 75' lang='grc' dir='ltr'>ἀκολουθία</span> <span class='ocrx_word' id='word_1_521' title='bbox 2901 2589 2914 2603; x_wconf 86' lang='grc'><strong>·</strong></span> <span class='ocrx_word' id='word_1_522' title='bbox 2947 2573 3242 2636; x_wconf 74' lang='grc' dir='ltr'><strong>ἀπόστολος</strong></span> <span class='ocrx_word' id='word_1_523' title='bbox 3269 2573 3379 2644; x_wconf 73' lang='grc' dir='ltr'>γὰρ</span> <span class='ocrx_word' id='word_1_524' title='bbox 3402 2571 3571 2624; x_wconf 74' lang='grc' dir='ltr'>ἐθνῶν</span> <span class='ocrx_word' id='word_1_525' title='bbox 3595 2573 3782 2642; x_wconf 76' lang='grc' dir='ltr'>ὑπῆρ-</span> 
     </span>
    </p>
   </div>
   <div class='ocr_carea' id='block_1_71' title="bbox 2189 2660 3778 2735">
    <p class='ocr_par' dir='ltr' id='par_1_71' title="bbox 2189 2660 3778 2735">
     <span class='ocr_line' id='line_1_71' title="bbox 2189 2660 3778 2735; baseline -0.003 -18"><span class='ocrx_word' id='word_1_526' title='bbox 2189 2681 2284 2735; x_wconf 90' lang='grc' dir='ltr'><strong>χεν</strong></span> <span class='ocrx_word' id='word_1_527' title='bbox 2311 2665 2339 2717; x_wconf 87' lang='grc' dir='ltr'><strong>ὁ</strong></span> <span class='ocrx_word' id='word_1_528' title='bbox 2367 2661 2602 2727; x_wconf 81' lang='grc' dir='ltr'>Παῦλος,</span> <span class='ocrx_word' id='word_1_529' title='bbox 2629 2661 2745 2715; x_wconf 84' lang='grc' dir='ltr'>ἀλλ’</span> <span class='ocrx_word' id='word_1_530' title='bbox 2769 2661 2888 2732; x_wconf 75' lang='grc' dir='ltr'>οὐχὶ</span> <span class='ocrx_word' id='word_1_531' title='bbox 2922 2661 3215 2726; x_wconf 84' lang='grc' dir='ltr'>Ἰουδαίων,</span> <span class='ocrx_word' id='word_1_532' title='bbox 3246 2663 3370 2716; x_wconf 74' lang='grc' dir='ltr'>ἐπεὶ</span> <span class='ocrx_word' id='word_1_533' title='bbox 3401 2661 3579 2727; x_wconf 81' lang='grc' dir='ltr'>δεξιὰς</span> <span class='ocrx_word' id='word_1_534' title='bbox 3605 2660 3778 2714; x_wconf 70' lang='grc' dir='ltr'>ἔδωκε</span> 
     </span>
    </p>
   </div>
   <div class='ocr_carea' id='block_1_72' title="bbox 2187 2753 3780 2826">
    <p class='ocr_par' dir='ltr' id='par_1_72' title="bbox 2187 2753 3780 2826">
     <span class='ocr_line' id='line_1_72' title="bbox 2187 2753 3780 2826; baseline -0.004 -16"><span class='ocrx_word' id='word_1_535' title='bbox 2187 2755 2266 2826; x_wconf 80' lang='grc' dir='ltr'>τῷ</span> <span class='ocrx_word' id='word_1_536' title='bbox 2301 2757 2493 2826; x_wconf 78' lang='grc' dir='ltr'>Πέτρῳ</span> <span class='ocrx_word' id='word_1_537' title='bbox 2528 2755 2626 2808; x_wconf 77' lang='grc' dir='ltr'><strong>καὶ</strong></span> <span class='ocrx_word' id='word_1_538' title='bbox 2657 2757 2770 2817; x_wconf 79' lang='grc' dir='ltr'>τοῖς</span> <span class='ocrx_word' id='word_1_539' title='bbox 2804 2753 3122 2817; x_wconf 81' lang='grc' dir='ltr'>ἀποστόλοις</span> <span class='ocrx_word' id='word_1_540' title='bbox 3153 2754 3459 2819; x_wconf 80' lang='grc' dir='ltr'>κοινωνίας,</span> <span class='ocrx_word' id='word_1_541' title='bbox 3493 2753 3581 2806; x_wconf 79' lang='grc' dir='ltr'>ἵνα</span> <span class='ocrx_word' id='word_1_542' title='bbox 3610 2753 3780 2815; x_wconf 74' lang='grc' dir='ltr'>αὐτὸς</span> 
     </span>
    </p>
   </div>
   <div class='ocr_carea' id='block_1_73' title="bbox 2193 2846 3777 2922">
    <p class='ocr_par' dir='ltr' id='par_1_73' title="bbox 2193 2846 3777 2922">
     <span class='ocr_line' id='line_1_73' title="bbox 2193 2846 3777 2922; baseline -0.003 -20"><span class='ocrx_word' id='word_1_543' title='bbox 2193 2851 2293 2922; x_wconf 78' lang='grc' dir='ltr'>μὲν</span> <span class='ocrx_word' id='word_1_544' title='bbox 2319 2849 2417 2903; x_wconf 77' lang='grc' dir='ltr'>σὺν</span> <span class='ocrx_word' id='word_1_545' title='bbox 2443 2847 2696 2919; x_wconf 74' lang='grc' dir='ltr'>Βαρνάϐα</span> <span class='ocrx_word' id='word_1_546' title='bbox 2719 2849 2804 2910; x_wconf 79' lang='grc' dir='ltr'>εἰς</span> <span class='ocrx_word' id='word_1_547' title='bbox 2830 2847 2900 2901; x_wconf 86' lang='grc' dir='ltr'><strong>τά</strong></span> <span class='ocrx_word' id='word_1_548' title='bbox 2929 2847 3079 2917; x_wconf 76' lang='grc' dir='ltr'>ἔθνη,</span> <span class='ocrx_word' id='word_1_549' title='bbox 3110 2847 3160 2900; x_wconf 74' lang='lat' dir='ltr'><strong>oi</strong></span> <span class='ocrx_word' id='word_1_550' title='bbox 3193 2847 3252 2901; x_wconf 77' lang='grc' dir='ltr'>δὲ</span> <span class='ocrx_word' id='word_1_551' title='bbox 3281 2848 3412 2916; x_wconf 72' lang='grc' dir='ltr'>περὶ</span> <span class='ocrx_word' id='word_1_552' title='bbox 3437 2846 3536 2900; x_wconf 77' lang='grc' dir='ltr'>τὸν</span> <span class='ocrx_word' id='word_1_553' title='bbox 3564 2847 3777 2917; x_wconf 80' lang='grc' dir='ltr'>Πέτρον</span> 
     </span>
    </p>
   </div>
   <div class='ocr_carea' id='block_1_74' title="bbox 2190 2938 3775 3012">
    <p class='ocr_par' dir='ltr' id='par_1_74' title="bbox 2190 2938 3775 3012">
     <span class='ocr_line' id='line_1_74' title="bbox 2190 2938 3775 3012; baseline -0.004 -17"><span class='ocrx_word' id='word_1_554' title='bbox 2190 2943 2270 3004; x_wconf 84' lang='grc' dir='ltr'>εἰς</span> <span class='ocrx_word' id='word_1_555' title='bbox 2299 2940 2397 3012; x_wconf 78' lang='grc' dir='ltr'>τὴν</span> <span class='ocrx_word' id='word_1_556' title='bbox 2432 2940 2756 3010; x_wconf 80' lang='grc' dir='ltr'>περιτομήν.</span> <span class='ocrx_word' id='word_1_557' title='bbox 2793 2938 3010 3009; x_wconf 82' lang='grc' dir='ltr'>Ἐπειδὴ</span> <span class='ocrx_word' id='word_1_558' title='bbox 3039 2939 3093 2991; x_wconf 77' lang='grc' dir='ltr'>δὲ</span> <span class='ocrx_word' id='word_1_559' title='bbox 3121 2939 3378 2993; x_wconf 84' lang='grc' dir='ltr'>κοινωνία</span> <span class='ocrx_word' id='word_1_560' title='bbox 3405 2939 3464 2990; x_wconf 87' lang='grc' dir='ltr'><strong>τὺ</strong></span> <span class='ocrx_word' id='word_1_561' title='bbox 3502 2941 3775 3008; x_wconf 77' lang='grc' dir='ltr'>κήρυγμα</span> 
     </span>
    </p>
   </div>
   <div class='ocr_carea' id='block_1_75' title="bbox 2191 3029 3780 3101">
    <p class='ocr_par' dir='ltr' id='par_1_75' title="bbox 2191 3029 3780 3101">
     <span class='ocr_line' id='line_1_75' title="bbox 2191 3029 3780 3101; baseline -0.003 -16"><span class='ocrx_word' id='word_1_562' title='bbox 2191 3033 2287 3086; x_wconf 77' lang='grc' dir='ltr'>καὶ</span> <span class='ocrx_word' id='word_1_563' title='bbox 2329 3031 2733 3101; x_wconf 56' lang='grc' dir='ltr'>κατηχηθὼτες</span> <span class='ocrx_word' id='word_1_564' title='bbox 2765 3029 3009 3101; x_wconf 77' lang='grc' dir='ltr'><strong>ὑπῆρχον</strong></span> <span class='ocrx_word' id='word_1_565' title='bbox 3037 3029 3088 3082; x_wconf 90' lang='grc' dir='ltr'><strong>οί</strong></span> <span class='ocrx_word' id='word_1_566' title='bbox 3121 3029 3180 3095; x_wconf 74' lang='grc' dir='ltr'><strong>ἐξ</strong></span> <span class='ocrx_word' id='word_1_567' title='bbox 3211 3029 3499 3093; x_wconf 84' lang='grc' dir='ltr'>Ἰουδαίων,</span> <span class='ocrx_word' id='word_1_568' title='bbox 3530 3029 3608 3090; x_wconf 79' lang='grc' dir='ltr'>ὡς</span> <span class='ocrx_word' id='word_1_569' title='bbox 3635 3029 3780 3081; x_wconf 80' lang='grc' dir='ltr'>ἀττο-</span> 
     </span>
    </p>
   </div>
   <div class='ocr_carea' id='block_1_76' title="bbox 2195 3119 3780 3190">
    <p class='ocr_par' dir='ltr' id='par_1_76' title="bbox 2195 3119 3780 3190">
     <span class='ocr_line' id='line_1_76' title="bbox 2195 3119 3780 3190; baseline -0.005 -13"><span class='ocrx_word' id='word_1_570' title='bbox 2195 3122 2421 3178; x_wconf 85' lang='grc' dir='ltr'>στασίαν</span> <span class='ocrx_word' id='word_1_571' title='bbox 2441 3122 2682 3176; x_wconf 74' lang='grc' dir='ltr'>διδάσκει</span> <span class='ocrx_word' id='word_1_572' title='bbox 2706 3119 2936 3184; x_wconf 81' lang='grc' dir='ltr'>Παῦλος,</span> <span class='ocrx_word' id='word_1_573' title='bbox 2960 3120 3183 3183; x_wconf 76' lang='grc' dir='ltr'>εἰκότως</span> <span class='ocrx_word' id='word_1_574' title='bbox 3205 3119 3297 3173; x_wconf 91' lang='grc' dir='ltr'><strong>τοῦ</strong></span> <span class='ocrx_word' id='word_1_575' title='bbox 3323 3119 3589 3190; x_wconf 84' lang='grc' dir='ltr'>γνωρίσαι</span> <span class='ocrx_word' id='word_1_576' title='bbox 3616 3119 3780 3190; x_wconf 88' lang='grc' dir='ltr'>χάριν</span> 
     </span>
    </p>
   </div>
   <div class='ocr_carea' id='block_1_77' title="bbox 2191 3211 3780 3288">
    <p class='ocr_par' dir='ltr' id='par_1_77' title="bbox 2191 3211 3780 3288">
     <span class='ocr_line' id='line_1_77' title="bbox 2191 3211 3780 3288; baseline -0.004 -18"><span class='ocrx_word' id='word_1_577' title='bbox 2191 3217 2293 3288; x_wconf 80' lang='grc' dir='ltr'>τὴν</span> <span class='ocrx_word' id='word_1_578' title='bbox 2333 3213 2675 3285; x_wconf 76' lang='grc' dir='ltr'>συμφωνίαν,</span> <span class='ocrx_word' id='word_1_579' title='bbox 2712 3213 2987 3286; x_wconf 75' lang='grc' dir='ltr'>Ἑϐραίοις</span> <span class='ocrx_word' id='word_1_580' title='bbox 3029 3211 3364 3266; x_wconf 74' lang='grc' dir='ltr'>ἐπιστέλλει·</span> <span class='ocrx_word' id='word_1_581' title='bbox 3401 3213 3688 3283; x_wconf 72' lang='grc' dir='ltr'>γράφοντα</span> <span class='ocrx_word' id='word_1_582' title='bbox 3721 3211 3780 3262; x_wconf 74' lang='grc' dir='ltr'>δὲ.</span> 
     </span>
    </p>
   </div>
   <div class='ocr_carea' id='block_1_78' title="bbox 2193 3303 3779 3381">
    <p class='ocr_par' dir='ltr' id='par_1_78' title="bbox 2193 3303 3779 3381">
     <span class='ocr_line' id='line_1_78' title="bbox 2193 3303 3779 3381; baseline -0.003 -19"><span class='ocrx_word' id='word_1_583' title='bbox 2193 3309 2330 3381; x_wconf 75' lang='grc' dir='ltr'>πρὸς</span> <span class='ocrx_word' id='word_1_584' title='bbox 2357 3307 2598 3375; x_wconf 78' lang='grc' dir='ltr'>τούτους,</span> <span class='ocrx_word' id='word_1_585' title='bbox 2635 3307 2970 3378; x_wconf 73' lang='grc' dir='ltr'>προγράφειν</span> <span class='ocrx_word' id='word_1_586' title='bbox 2996 3305 3292 3359; x_wconf 83' lang='grc' dir='ltr'>ἀπόστολον</span> <span class='ocrx_word' id='word_1_587' title='bbox 3315 3305 3376 3358; x_wconf 76' lang='grc' dir='ltr'>οὐ</span> <span class='ocrx_word' id='word_1_588' title='bbox 3411 3304 3586 3374; x_wconf 85' lang='grc' dir='ltr'>θέμις.</span> <span class='ocrx_word' id='word_1_589' title='bbox 3617 3303 3779 3374; x_wconf 82' lang='grc' dir='ltr'>Μαρ-</span> 
     </span>
    </p>
   </div>
   <div class='ocr_carea' id='block_1_79' title="bbox 2191 3396 3784 3473">
    <p class='ocr_par' dir='ltr' id='par_1_79' title="bbox 2191 3396 3784 3473">
     <span class='ocr_line' id='line_1_79' title="bbox 2191 3396 3784 3473; baseline -0.004 -17"><span class='ocrx_word' id='word_1_590' title='bbox 2191 3403 2436 3473; x_wconf 85' lang='grc' dir='ltr'>τυρεῖται</span> <span class='ocrx_word' id='word_1_591' title='bbox 2460 3399 2516 3453; x_wconf 77' lang='grc' dir='ltr'>δὲ</span> <span class='ocrx_word' id='word_1_592' title='bbox 2547 3399 2640 3453; x_wconf 85' lang='grc' dir='ltr'><strong>καί</strong></span> <span class='ocrx_word' id='word_1_593' title='bbox 2667 3401 2726 3452; x_wconf 80' lang='grc' dir='ltr'>ὲν</span> <span class='ocrx_word' id='word_1_594' title='bbox 2759 3401 2870 3461; x_wconf 78' lang='grc' dir='ltr'>τοῖς</span> <span class='ocrx_word' id='word_1_595' title='bbox 2912 3397 3038 3469; x_wconf 76' lang='grc' dir='ltr'><strong>ἑξῆς</strong></span> <span class='ocrx_word' id='word_1_596' title='bbox 3071 3399 3106 3470; x_wconf 80' lang='grc' dir='ltr'>ἠ</span> <span class='ocrx_word' id='word_1_597' title='bbox 3136 3396 3425 3467; x_wconf 83' lang='grc' dir='ltr'>Ἐπιστολὴ</span> <span class='ocrx_word' id='word_1_598' title='bbox 3455 3396 3784 3466; x_wconf 82' lang='grc' dir='ltr'>ὑπάρχουσα</span> 
     </span>
    </p>
   </div>
   <div class='ocr_carea' id='block_1_80' title="bbox 2194 3485 3782 3565">
    <p class='ocr_par' dir='ltr' id='par_1_80' title="bbox 2194 3485 3782 3565">
     <span class='ocr_line' id='line_1_80' title="bbox 2194 3485 3782 3565; baseline -0.006 -17"><span class='ocrx_word' id='word_1_599' title='bbox 2194 3492 2432 3558; x_wconf 81' lang='grc' dir='ltr'>Παύλου,</span> <span class='ocrx_word' id='word_1_600' title='bbox 2464 3490 2542 3562; x_wconf 82' lang='grc' dir='ltr'>τῷ</span> <span class='ocrx_word' id='word_1_601' title='bbox 2583 3491 2850 3565; x_wconf 77' lang='grc' dir='ltr'>γράφειν·</span> <span class='ocrx_word' id='word_1_602' title='bbox 2884 3489 3005 3543; x_wconf 85' lang='grc' dir='ltr'>Ὅτι</span> <span class='ocrx_word' id='word_1_603' title='bbox 3049 3491 3147 3544; x_wconf 78' lang='grc' dir='ltr'><strong>καί</strong></span> <span class='ocrx_word' id='word_1_604' title='bbox 3197 3490 3325 3554; x_wconf 82' lang='grc' dir='ltr'>τοῖς</span> <span class='ocrx_word' id='word_1_605' title='bbox 3366 3485 3612 3556; x_wconf 82' lang='grc' dir='ltr'>δεσμοῖς</span> <span class='ocrx_word' id='word_1_606' title='bbox 3654 3502 3782 3555; x_wconf 83' lang='grc' dir='ltr'><strong>μου</strong></span> 
     </span>
    </p>
   </div>
   <div class='ocr_carea' id='block_1_81' title="bbox 2193 3581 3786 3654">
    <p class='ocr_par' dir='ltr' id='par_1_81' title="bbox 2193 3581 3786 3654">
     <span class='ocr_line' id='line_1_81' title="bbox 2193 3581 3786 3654; baseline -0.006 -12"><span class='ocrx_word' id='word_1_607' title='bbox 2193 3583 2666 3654; x_wconf 77' lang='grc' dir='ltr'>συνεπαθήσατε</span> <span class='ocrx_word' id='word_1_608' title='bbox 2685 3601 2698 3614; x_wconf 69' lang='grc'><strong><em>⁸</em></strong></span> <span class='ocrx_word' id='word_1_609' title='bbox 2734 3584 2830 3638; x_wconf 75' lang='grc' dir='ltr'>καὶ</span> <span class='ocrx_word' id='word_1_610' title='bbox 2867 3583 2932 3638; x_wconf 76' lang='grc' dir='ltr'>ὲκ</span> <span class='ocrx_word' id='word_1_611' title='bbox 2963 3582 3058 3636; x_wconf 89' lang='grc' dir='ltr'><strong>τοῦ</strong></span> <span class='ocrx_word' id='word_1_612' title='bbox 3091 3582 3272 3652; x_wconf 81' lang='grc' dir='ltr'>λέγειν</span> <span class='ocrx_word' id='word_1_613' title='bbox 3293 3600 3308 3615; x_wconf 68' lang='grc' dir='ltr'><strong>ν</strong></span> <span class='ocrx_word' id='word_1_614' title='bbox 3335 3581 3786 3650; x_wconf 78' lang='grc' dir='ltr'>Περισσότερον</span> 
     </span>
    </p>
   </div>
   <div class='ocr_carea' id='block_1_82' title="bbox 2193 3673 3784 3748">
    <p class='ocr_par' dir='ltr' id='par_1_82' title="bbox 2193 3673 3784 3748">
     <span class='ocr_line' id='line_1_82' title="bbox 2193 3673 3784 3748; baseline -0.006 -12"><span class='ocrx_word' id='word_1_615' title='bbox 2193 3680 2469 3748; x_wconf 82' lang='grc' dir='ltr'>εὔχεσθε,</span> <span class='ocrx_word' id='word_1_616' title='bbox 2493 3677 2598 3731; x_wconf 75' lang='grc' dir='ltr'>ἵνα</span> <span class='ocrx_word' id='word_1_617' title='bbox 2630 3676 2840 3746; x_wconf 80' lang='grc' dir='ltr'>τάχιον</span> <span class='ocrx_word' id='word_1_618' title='bbox 2871 3673 3349 3731; x_wconf 81' lang='grc' dir='ltr'>ἀποκατασταθῶ</span> <span class='ocrx_word' id='word_1_619' title='bbox 3380 3673 3552 3743; x_wconf 83' lang='grc' dir='ltr'>ὑμῖν·</span> <span class='ocrx_word' id='word_1_620' title='bbox 3587 3673 3684 3725; x_wconf 78' lang='grc' dir='ltr'>καὶ</span> <span class='ocrx_word' id='word_1_621' title='bbox 3716 3674 3784 3726; x_wconf 81' lang='grc' dir='ltr'>ὲκ</span> 
     </span>
    </p>
   </div>
   <div class='ocr_carea' id='block_1_83' title="bbox 2193 3764 3783 3840">
    <p class='ocr_par' dir='ltr' id='par_1_83' title="bbox 2193 3764 3783 3840">
     <span class='ocr_line' id='line_1_83' title="bbox 2193 3764 3783 3840; baseline -0.006 -13"><span class='ocrx_word' id='word_1_622' title='bbox 2193 3772 2288 3827; x_wconf 87' lang='grc' dir='ltr'><strong>τοῦ</strong></span> <span class='ocrx_word' id='word_1_623' title='bbox 2343 3771 2523 3839; x_wconf 84' lang='grc' dir='ltr'>λέγειν</span> <span class='ocrx_word' id='word_1_624' title='bbox 2576 3769 2724 3839; x_wconf 62' lang='lat' dir='ltr'><strong>(llr</strong></span> <span class='ocrx_word' id='word_1_625' title='bbox 2761 3770 3136 3839; x_wconf 77' lang='grc' dir='ltr'>Γιγνὼσκετε</span> <span class='ocrx_word' id='word_1_626' title='bbox 3193 3768 3302 3840; x_wconf 74' lang='grc'><strong>(12)</strong></span> <span class='ocrx_word' id='word_1_627' title='bbox 3343 3767 3452 3822; x_wconf 81' lang='grc' dir='ltr'>τὸν</span> <span class='ocrx_word' id='word_1_628' title='bbox 3501 3764 3783 3834; x_wconf 62' lang='grc' dir='ltr'>ἀδελφὺν</span> 
     </span>
    </p>
   </div>
   <div class='ocr_carea' id='block_1_84' title="bbox 2194 3855 3786 3933">
    <p class='ocr_par' dir='ltr' id='par_1_84' title="bbox 2194 3855 3786 3933">
     <span class='ocr_line' id='line_1_84' title="bbox 2194 3855 3786 3933; baseline -0.005 -15"><span class='ocrx_word' id='word_1_629' title='bbox 2194 3863 2365 3933; x_wconf 76' lang='grc' dir='ltr'>ἡμῶν</span> <span class='ocrx_word' id='word_1_630' title='bbox 2394 3865 2671 3930; x_wconf 76' lang='grc' dir='ltr'>Τιμόθεον</span> <span class='ocrx_word' id='word_1_631' title='bbox 2693 3860 3173 3930; x_wconf 71' lang='grc' dir='ltr'>ἀπολελυμένον,</span> <span class='ocrx_word' id='word_1_632' title='bbox 3193 3863 3323 3929; x_wconf 79' lang='grc' dir='ltr'>μεθ’</span> <span class='ocrx_word' id='word_1_633' title='bbox 3343 3855 3414 3916; x_wconf 82' lang='grc' dir='ltr'><strong>οὗ</strong></span> <span class='ocrx_word' id='word_1_634' title='bbox 3437 3859 3547 3914; x_wconf 84' lang='grc' dir='ltr'><strong>ἐὰν</strong></span> <span class='ocrx_word' id='word_1_635' title='bbox 3569 3859 3786 3928; x_wconf 81' lang='grc' dir='ltr'>τάχιον</span> 
     </span>
    </p>
   </div>
   <div class='ocr_carea' id='block_1_85' title="bbox 2194 3947 3788 4026">
    <p class='ocr_par' dir='ltr' id='par_1_85' title="bbox 2194 3947 3788 4026">
     <span class='ocr_line' id='line_1_85' title="bbox 2194 3947 3788 4026; baseline -0.007 -14"><span class='ocrx_word' id='word_1_636' title='bbox 2194 3959 2459 4026; x_wconf 72' lang='grc' dir='ltr'>ἔρχηται,</span> <span class='ocrx_word' id='word_1_637' title='bbox 2500 3953 2723 4024; x_wconf 62' lang='grc' dir='ltr'>ὄψομαι</span> <span class='ocrx_word' id='word_1_638' title='bbox 2755 3951 2930 4022; x_wconf 82' lang='grc' dir='ltr'>ὑμᾶς.</span> <span class='ocrx_word' id='word_1_639' title='bbox 2963 3951 3154 4016; x_wconf 77' lang='grc' dir='ltr'>Οὐδεὶς</span> <span class='ocrx_word' id='word_1_640' title='bbox 3195 3952 3305 4024; x_wconf 80' lang='grc' dir='ltr'><strong>γὰρ</strong></span> <span class='ocrx_word' id='word_1_641' title='bbox 3349 3952 3433 4017; x_wconf 85' lang='grc' dir='ltr'>ἂν,</span> <span class='ocrx_word' id='word_1_642' title='bbox 3464 3947 3642 4022; x_wconf 74' lang='grc' dir='ltr'>οἶμαι.</span> <span class='ocrx_word' id='word_1_643' title='bbox 3677 3951 3788 4002; x_wconf 84' lang='grc' dir='ltr'>ἀπ-</span> 
     </span>
    </p>
   </div>
   <div class='ocr_carea' id='block_1_86' title="bbox 2197 4042 3789 4115">
    <p class='ocr_par' dir='ltr' id='par_1_86' title="bbox 2197 4042 3789 4115">
     <span class='ocr_line' id='line_1_86' title="bbox 2197 4042 3789 4115; baseline -0.005 -14"><span class='ocrx_word' id='word_1_644' title='bbox 2197 4047 2390 4101; x_wconf 75' lang='grc' dir='ltr'>έλυσεν</span> <span class='ocrx_word' id='word_1_645' title='bbox 2435 4047 2515 4108; x_wconf 80' lang='grc' dir='ltr'><strong>είς</strong></span> <span class='ocrx_word' id='word_1_646' title='bbox 2547 4043 2823 4098; x_wconf 86' lang='grc' dir='ltr'>διακονίαν</span> <span class='ocrx_word' id='word_1_647' title='bbox 2858 4043 3152 4114; x_wconf 86' lang='grc' dir='ltr'>Τιμόθεον,</span> <span class='ocrx_word' id='word_1_648' title='bbox 3199 4045 3248 4098; x_wconf 90' lang='grc' dir='ltr'><strong>εί</strong></span> <span class='ocrx_word' id='word_1_649' title='bbox 3287 4044 3362 4115; x_wconf 83' lang='grc' dir='ltr'>μὴ</span> <span class='ocrx_word' id='word_1_650' title='bbox 3397 4042 3644 4106; x_wconf 77' lang='grc' dir='ltr'>Παῦλοςο</span> <span class='ocrx_word' id='word_1_651' title='bbox 3687 4042 3789 4096; x_wconf 78' lang='grc' dir='ltr'>καὶ</span> 
     </span>
    </p>
   </div>
   <div class='ocr_carea' id='block_1_87' title="bbox 2196 4121 3790 4208">
    <p class='ocr_par' dir='ltr' id='par_1_87' title="bbox 2196 4121 3790 4208">
     <span class='ocr_line' id='line_1_87' title="bbox 2196 4121 3790 4208; baseline -0.004 -18"><span class='ocrx_word' id='word_1_652' title='bbox 2196 4137 2388 4192; x_wconf 85' lang='grc' dir='ltr'>τοῦτον</span> <span class='ocrx_word' id='word_1_653' title='bbox 2421 4139 2606 4208; x_wconf 68' lang='grc' dir='ltr'>τάχιον</span> <span class='ocrx_word' id='word_1_654' title='bbox 2641 4133 2980 4207; x_wconf 83' lang='grc' dir='ltr'>προσδοκῶν,</span> <span class='ocrx_word' id='word_1_655' title='bbox 3009 4135 3108 4207; x_wconf 78' lang='grc' dir='ltr'>τὴν</span> <span class='ocrx_word' id='word_1_656' title='bbox 3145 4121 3282 4189; x_wconf 82' lang='grc' dir='ltr'>ίδίαν</span> <span class='ocrx_word' id='word_1_657' title='bbox 3311 4136 3515 4199; x_wconf 78' lang='grc' dir='ltr'>αὐτοῖς,</span> <span class='ocrx_word' id='word_1_658' title='bbox 3548 4134 3626 4196; x_wconf 83' lang='grc' dir='ltr'>ὡς</span> <span class='ocrx_word' id='word_1_659' title='bbox 3661 4131 3790 4195; x_wconf 71' lang='grc' dir='ltr'>ἔθος</span> 
     </span>
    </p>
   </div>
   <div class='ocr_carea' id='block_1_88' title="bbox 2199 4225 3794 4300">
    <p class='ocr_par' dir='ltr' id='par_1_88' title="bbox 2199 4225 3794 4300">
     <span class='ocr_line' id='line_1_88' title="bbox 2199 4225 3794 4300; baseline -0.003 -17"><span class='ocrx_word' id='word_1_660' title='bbox 2199 4228 2492 4300; x_wconf 81' lang='grc' dir='ltr'>πολλαχοῦ,</span> <span class='ocrx_word' id='word_1_661' title='bbox 2523 4231 2620 4283; x_wconf 72' lang='grc' dir='ltr'>σὺν</span> <span class='ocrx_word' id='word_1_662' title='bbox 2648 4226 2796 4299; x_wconf 79' lang='grc' dir='ltr'>αὐτῷ</span> <span class='ocrx_word' id='word_1_663' title='bbox 2829 4227 3133 4299; x_wconf 87' lang='grc' dir='ltr'>παρουσίαν</span> <span class='ocrx_word' id='word_1_664' title='bbox 3160 4227 3573 4296; x_wconf 70' lang='grc' dir='ltr'>ἐπαγγέλλεται.</span> <span class='ocrx_word' id='word_1_665' title='bbox 3605 4225 3794 4278; x_wconf 72' lang='grc' dir='ltr'>Πολλὰ</span> 
     </span>
    </p>
   </div>
   <div class='ocr_carea' id='block_1_89' title="bbox 2198 4313 3792 4389">
    <p class='ocr_par' dir='ltr' id='par_1_89' title="bbox 2198 4313 3792 4389">
     <span class='ocr_line' id='line_1_89' title="bbox 2198 4313 3792 4389; baseline -0.006 -14"><span class='ocrx_word' id='word_1_666' title='bbox 2198 4320 2255 4375; x_wconf 79' lang='grc' dir='ltr'>δὲ</span> <span class='ocrx_word' id='word_1_667' title='bbox 2287 4321 2380 4374; x_wconf 74' lang='grc' dir='ltr'>καὶ</span> <span class='ocrx_word' id='word_1_668' title='bbox 2424 4319 2562 4374; x_wconf 78' lang='grc' dir='ltr'>ἄλλα</span> <span class='ocrx_word' id='word_1_669' title='bbox 2599 4317 2957 4388; x_wconf 81' lang='grc' dir='ltr'>γνωρίσουσιν</span> <span class='ocrx_word' id='word_1_670' title='bbox 2985 4318 3118 4389; x_wconf 77' lang='grc' dir='ltr'>ἡμῖν</span> <span class='ocrx_word' id='word_1_671' title='bbox 3156 4318 3321 4372; x_wconf 80' lang='grc' dir='ltr'>αὐτοῦ</span> <span class='ocrx_word' id='word_1_672' title='bbox 3360 4317 3650 4387; x_wconf 83' lang='grc' dir='ltr'>τυγχάνειν</span> <span class='ocrx_word' id='word_1_673' title='bbox 3684 4313 3792 4385; x_wconf 77' lang='grc' dir='ltr'>τὴν</span> 
     </span>
    </p>
   </div>
   <div class='ocr_carea' id='block_1_90' title="bbox 502 4405 2087 4482">
    <p class='ocr_par' dir='ltr' id='par_1_90' title="bbox 502 4405 2087 4480">
     <span class='ocr_line' id='line_1_90' title="bbox 502 4405 2087 4480; baseline -0.001 -16"><span class='ocrx_word' id='word_1_674' title='bbox 502 4409 636 4478; x_wconf 84' lang='grc' dir='ltr'>Ιιιιη,</span> <span class='ocrx_word' id='word_1_675' title='bbox 673 4420 732 4465; x_wconf 92' lang='lat' dir='ltr'><strong>ut</strong></span> <span class='ocrx_word' id='word_1_676' title='bbox 787 4410 1007 4480; x_wconf 87' lang='lat' dir='ltr'><strong>opinor,</strong></span> <span class='ocrx_word' id='word_1_677' title='bbox 1034 4407 1385 4463; x_wconf 77' lang='lat' dir='ltr'><strong>Timotheum</strong></span> <span class='ocrx_word' id='word_1_678' title='bbox 1439 4405 1508 4459; x_wconf 85' lang='lat' dir='ltr'><strong>ad</strong></span> <span class='ocrx_word' id='word_1_679' title='bbox 1563 4405 1685 4461; x_wconf 87' lang='lat' dir='ltr'><strong>lldei</strong></span> <span class='ocrx_word' id='word_1_680' title='bbox 1727 4405 2087 4464; x_wconf 90' lang='lat' dir='ltr'><strong>ministerium</strong></span> 
     </span>
    </p>
   </div>
   <div class='ocr_carea' id='block_1_91' title="bbox 2190 4405 3791 4482">
    <p class='ocr_par' dir='ltr' id='par_1_91' title="bbox 2197 4405 3791 4481">
     <span class='ocr_line' id='line_1_91' title="bbox 2197 4405 3791 4481; baseline -0.004 -15"><span class='ocrx_word' id='word_1_681' title='bbox 2197 4410 2540 4481; x_wconf 78' lang='grc' dir='ltr'>Ἐπιστολὴν,</span> <span class='ocrx_word' id='word_1_682' title='bbox 2577 4409 2654 4474; x_wconf 81' lang='grc' dir='ltr'><strong>ὼς</strong></span> <span class='ocrx_word' id='word_1_683' title='bbox 2695 4410 2789 4464; x_wconf 79' lang='grc' dir='ltr'>καὶ</span> <span class='ocrx_word' id='word_1_684' title='bbox 2825 4412 2858 4481; x_wconf 77' lang='grc' dir='ltr'>ἡ</span> <span class='ocrx_word' id='word_1_685' title='bbox 2894 4408 3199 4478; x_wconf 85' lang='grc' dir='ltr'>ἀνάγνωσις</span> <span class='ocrx_word' id='word_1_686' title='bbox 3228 4410 3365 4479; x_wconf 75' lang='grc' dir='ltr'>αὐτὴ</span> <span class='ocrx_word' id='word_1_687' title='bbox 3395 4406 3664 4481; x_wconf 79' lang='grc' dir='ltr'>προϊοῦσα</span> <span class='ocrx_word' id='word_1_688' title='bbox 3704 4405 3791 4460; x_wconf 79' lang='grc' dir='ltr'>δι-</span> 
     </span>
    </p>
   </div>
   <div class='ocr_carea' id='block_1_92' title="bbox 501 4497 2089 4569">
    <p class='ocr_par' dir='ltr' id='par_1_92' title="bbox 501 4497 2089 4569">
     <span class='ocr_line' id='line_1_92' title="bbox 501 4497 2089 4569; baseline -0.002 -11"><span class='ocrx_word' id='word_1_689' title='bbox 501 4503 818 4569; x_wconf 71' lang='lat' dir='ltr'><strong>dintiserat;</strong></span> <span class='ocrx_word' id='word_1_690' title='bbox 856 4511 910 4558; x_wconf 89' lang='lat' dir='ltr'><strong>et</strong></span> <span class='ocrx_word' id='word_1_691' title='bbox 945 4501 1090 4556; x_wconf 90' lang='lat' dir='ltr'><strong>hunc</strong></span> <span class='ocrx_word' id='word_1_692' title='bbox 1142 4497 1296 4552; x_wconf 80' lang='lat' dir='ltr'><strong>brevi</strong></span> <span class='ocrx_word' id='word_1_693' title='bbox 1335 4506 1680 4565; x_wconf 80' lang='lat' dir='ltr'><strong>exspectans,</strong></span> <span class='ocrx_word' id='word_1_694' title='bbox 1706 4511 1765 4552; x_wconf 88' lang='lat' dir='ltr'><strong>se</strong></span> <span class='ocrx_word' id='word_1_695' title='bbox 1823 4513 1926 4552; x_wconf 90' lang='lat' dir='ltr'><strong>una</strong></span> <span class='ocrx_word' id='word_1_696' title='bbox 1967 4515 2089 4556; x_wconf 88' lang='lat' dir='ltr'><strong>cum</strong></span> 
     </span>
    </p>
   </div>
   <div class='ocr_carea' id='block_1_93' title="bbox 573 4634 972 4698">
    <p class='ocr_par' dir='ltr' id='par_1_93' title="bbox 573 4634 972 4698">
     <span class='ocr_line' id='line_1_93' title="bbox 573 4634 972 4698; baseline -0.003 -10"><span class='ocrx_word' id='word_1_697' title='bbox 573 4638 596 4670; x_wconf 77' lang='grc'><em>³</em></span> <span class='ocrx_word' id='word_1_698' title='bbox 636 4635 800 4690; x_wconf 87' lang='lat' dir='ltr'><strong>Ilehr.</strong></span> <span class='ocrx_word' id='word_1_699' title='bbox 826 4649 889 4698; x_wconf 85' lang='lat' dir='ltr'><strong>tt,</strong></span> <span class='ocrx_word' id='word_1_700' title='bbox 919 4634 972 4688; x_wconf 81' lang='grc'><strong>5.</strong></span> 
     </span>
    </p>
   </div>
   <div class='ocr_carea' id='block_1_94' title="bbox 2201 4502 2526 4574">
    <p class='ocr_par' dir='ltr' id='par_1_94' title="bbox 2201 4502 2526 4574">
     <span class='ocr_line' id='line_1_94' title="bbox 2201 4502 2526 4574; baseline -0.009 -15"><span class='ocrx_word' id='word_1_701' title='bbox 2201 4503 2352 4572; x_wconf 75' lang='grc' dir='ltr'>δάξει</span> <span class='ocrx_word' id='word_1_702' title='bbox 2389 4502 2526 4574; x_wconf 79' lang='grc'><strong>(15).</strong></span> 
     </span>
    </p>
   </div>
   <div class='ocr_carea' id='block_1_95' title="bbox 1052 4628 2444 4696">
    <p class='ocr_par' dir='ltr' id='par_1_95' title="bbox 1052 4628 2444 4696">
     <span class='ocr_line' id='line_1_95' title="bbox 1052 4628 2444 4696; baseline 0.001 -12"><span class='ocrx_word' id='word_1_703' title='bbox 1052 4633 1073 4664; x_wconf 82' lang='grc'>³</span> <span class='ocrx_word' id='word_1_704' title='bbox 1103 4629 1266 4685; x_wconf 84' lang='lat' dir='ltr'><strong>llehr.</strong></span> <span class='ocrx_word' id='word_1_705' title='bbox 1302 4645 1360 4696; x_wconf 69' lang='grc' dir='ltr'><strong>κ,</strong></span> <span class='ocrx_word' id='word_1_706' title='bbox 1391 4629 1484 4683; x_wconf 68' lang='grc'><strong>54.</strong></span> <span class='ocrx_word' id='word_1_707' title='bbox 1562 4629 1584 4659; x_wconf 76' lang='grc'><strong>⁸</strong></span> <span class='ocrx_word' id='word_1_708' title='bbox 1607 4628 1772 4684; x_wconf 89' lang='lat' dir='ltr'><strong>llcbr.</strong></span> <span class='ocrx_word' id='word_1_709' title='bbox 1804 4647 1925 4696; x_wconf 79' lang='lat' dir='ltr'><strong>xm,</strong></span> <span class='ocrx_word' id='word_1_710' title='bbox 1960 4632 2052 4689; x_wconf 79' lang='lat' dir='ltr'><strong>l9.</strong></span> <span class='ocrx_word' id='word_1_711' title='bbox 2130 4636 2152 4667; x_wconf 85' lang='lat'><strong>&#39;</strong></span> <span class='ocrx_word' id='word_1_712' title='bbox 2193 4634 2327 4690; x_wconf 80' lang='lat' dir='ltr'><strong>ibid.</strong></span> <span class='ocrx_word' id='word_1_713' title='bbox 2353 4634 2444 4688; x_wconf 69' lang='grc' dir='ltr'><strong>ΞΒ.</strong></span> 
     </span>
    </p>
   </div>
   <div class='ocr_carea' id='block_1_96' title="bbox 1707 4761 2544 4821">
    <p class='ocr_par' dir='ltr' id='par_1_96' title="bbox 1707 4761 2544 4821">
     <span class='ocr_line' id='line_1_96' title="bbox 1707 4761 2544 4821; baseline 0.002 -4"><span class='ocrx_word' id='word_1_714' title='bbox 1707 4761 1916 4820; x_wconf 73' lang='lat' dir='ltr'><strong>LAUR.</strong></span> <span class='ocrx_word' id='word_1_715' title='bbox 1957 4764 2277 4821; x_wconf 77' lang='lat' dir='ltr'><strong>ZACAGNII</strong></span> <span class='ocrx_word' id='word_1_716' title='bbox 2313 4764 2544 4820; x_wconf 69' lang='lat' dir='ltr'><strong>NOTAE.</strong></span> 
     </span>
    </p>
   </div>
   <div class='ocr_carea' id='block_1_97' title="bbox 579 4891 1526 4971">
    <p class='ocr_par' dir='ltr' id='par_1_97' title="bbox 579 4891 1526 4971">
     <span class='ocr_line' id='line_1_97' title="bbox 579 4891 1526 4971; baseline -0.003 -19"><span class='ocrx_word' id='word_1_717' title='bbox 579 4901 655 4971; x_wconf 83' lang='lat'><strong>(7)</strong></span> <span class='ocrx_word' id='word_1_718' title='bbox 697 4897 1084 4971; x_wconf 65' lang='lat' dir='ltr'><strong>(Etzttmenius,</strong></span> <span class='ocrx_word' id='word_1_719' title='bbox 1119 4891 1526 4971; x_wconf 70' lang='grc' dir='ltr'>ἀπολέλειπται.</span> 
     </span>
    </p>
   </div>
   <div class='ocr_carea' id='block_1_98' title="bbox 581 4963 2098 5041">
    <p class='ocr_par' dir='ltr' id='par_1_98' title="bbox 581 4963 2098 5041">
     <span class='ocr_line' id='line_1_98' title="bbox 581 4963 2098 5041; baseline -0.003 -19"><span class='ocrx_word' id='word_1_720' title='bbox 581 4963 659 5041; x_wconf 73' lang='grc'><strong>(8)</strong></span> <span class='ocrx_word' id='word_1_721' title='bbox 711 4972 786 5025; x_wconf 89' lang='lat' dir='ltr'><strong>lta</strong></span> <span class='ocrx_word' id='word_1_722' title='bbox 819 4963 1354 5041; x_wconf 16' lang='lat' dir='ltr'><strong>eqtiatn_V;_tticanus_</strong></span> <span class='ocrx_word' id='word_1_723' title='bbox 1375 4969 1495 5041; x_wconf 73' lang='lat' dir='ltr'><strong>cod.</strong></span> <span class='ocrx_word' id='word_1_724' title='bbox 1523 4980 1709 5041; x_wconf 51' lang='lat' dir='ltr'><strong>“turni.</strong></span> <span class='ocrx_word' id='word_1_725' title='bbox 1950 4965 2098 5041; x_wconf 80' lang='lat' dir='ltr'><strong>A_ltcr</strong></span> 
     </span>
    </p>
   </div>
   <div class='ocr_carea' id='block_1_99' title="bbox 506 5033 2097 5103">
    <p class='ocr_par' dir='ltr' id='par_1_99' title="bbox 506 5033 2097 5103">
     <span class='ocr_line' id='line_1_99' title="bbox 506 5033 2097 5103; baseline -0.002 -10"><span class='ocrx_word' id='word_1_726' title='bbox 506 5033 822 5103; x_wconf 73' lang='lat' dir='ltr'><strong>Vaiicanus,</strong></span> <span class='ocrx_word' id='word_1_727' title='bbox 842 5037 901 5088; x_wconf 76' lang='grc' dir='ltr'>ὲν</span> <span class='ocrx_word' id='word_1_728' title='bbox 931 5036 1052 5097; x_wconf 80' lang='grc' dir='ltr'>ταῖς</span> <span class='ocrx_word' id='word_1_729' title='bbox 1078 5035 1288 5096; x_wconf 74' lang='grc' dir='ltr'>ἄλλαις.</span> <span class='ocrx_word' id='word_1_730' title='bbox 1315 5033 1496 5090; x_wconf 78' lang='lat' dir='ltr'><strong>Codex</strong></span> <span class='ocrx_word' id='word_1_731' title='bbox 1523 5033 1779 5096; x_wconf 85' lang='lat' dir='ltr'><strong>Urbiuas,</strong></span> <span class='ocrx_word' id='word_1_732' title='bbox 1818 5034 2097 5090; x_wconf 77' lang='lat' dir='ltr'><strong>Palatinus</strong></span> 
     </span>
    </p>
   </div>
   <div class='ocr_carea' id='block_1_100' title="bbox 507 5104 2090 5176">
    <p class='ocr_par' dir='ltr' id='par_1_100' title="bbox 507 5104 2090 5176">
     <span class='ocr_line' id='line_1_100' title="bbox 507 5104 2090 5176; baseline -0.004 -13"><span class='ocrx_word' id='word_1_733' title='bbox 507 5119 564 5163; x_wconf 90' lang='lat' dir='ltr'><strong>ct</strong></span> <span class='ocrx_word' id='word_1_734' title='bbox 611 5110 752 5176; x_wconf 89' lang='lat' dir='ltr'><strong>apud</strong></span> <span class='ocrx_word' id='word_1_735' title='bbox 809 5105 1232 5167; x_wconf 64' lang='lat' dir='ltr'><strong>(Ecumeuium,</strong></span> <span class='ocrx_word' id='word_1_736' title='bbox 1283 5105 1641 5176; x_wconf 38' lang='lat' dir='ltr'><strong>EVAdﬁdaat;</strong></span> <span class='ocrx_word' id='word_1_737' title='bbox 1701 5105 1823 5176; x_wconf 79' lang='grc' dir='ltr'>ταῖς</span> <span class='ocrx_word' id='word_1_738' title='bbox 1863 5104 2090 5176; x_wconf 63' lang='grc' dir='ltr'><strong>Δἄλλαις.</strong></span> 
     </span>
    </p>
   </div>
   <div class='ocr_carea' id='block_1_101' title="bbox 508 5173 2095 5246">
    <p class='ocr_par' dir='ltr' id='par_1_101' title="bbox 508 5173 2095 5246">
     <span class='ocr_line' id='line_1_101' title="bbox 508 5173 2095 5246; baseline -0.001 -19"><span class='ocrx_word' id='word_1_739' title='bbox 508 5173 1033 5246; x_wconf 66' lang='grc' dir='ltr'>(ὶτγυὶοίετταιειιείε</span> <span class='ocrx_word' id='word_1_740' title='bbox 1073 5185 1127 5246; x_wconf 83' lang='lat' dir='ltr'><strong>et</strong></span> <span class='ocrx_word' id='word_1_741' title='bbox 1171 5176 1310 5242; x_wconf 87' lang='lat' dir='ltr'><strong>apud</strong></span> <span class='ocrx_word' id='word_1_742' title='bbox 1355 5173 1713 5245; x_wconf 85' lang='lat' dir='ltr'><strong>Stephanum,</strong></span> <span class='ocrx_word' id='word_1_743' title='bbox 1744 5174 1803 5224; x_wconf 80' lang='grc' dir='ltr'><strong>έν</strong></span> <span class='ocrx_word' id='word_1_744' title='bbox 1850 5173 2095 5236; x_wconf 73' lang='grc' dir='ltr'>ἁπάσαις</span> 
     </span>
    </p>
   </div>
   <div class='ocr_carea' id='block_1_102' title="bbox 508 5245 1214 5308">
    <p class='ocr_par' dir='ltr' id='par_1_102' title="bbox 508 5245 1214 5308">
     <span class='ocr_line' id='line_1_102' title="bbox 508 5245 1214 5308; baseline -0.008 -7"><span class='ocrx_word' id='word_1_745' title='bbox 508 5245 696 5308; x_wconf 82' lang='grc' dir='ltr'>ἄλλαις</span> <span class='ocrx_word' id='word_1_746' title='bbox 721 5247 842 5307; x_wconf 77' lang='grc' dir='ltr'>ταῖς</span> <span class='ocrx_word' id='word_1_747' title='bbox 879 5245 1214 5307; x_wconf 72' lang='grc' dir='ltr'>ἐπιστολαῖς.</span> 
     </span>
    </p>
   </div>
   <div class='ocr_carea' id='block_1_103' title="bbox 583 5311 2089 5386">
    <p class='ocr_par' dir='ltr' id='par_1_103' title="bbox 583 5311 2089 5386">
     <span class='ocr_line' id='line_1_103' title="bbox 583 5311 2089 5386; baseline -0.013 -1"><span class='ocrx_word' id='word_1_748' title='bbox 583 5317 658 5386; x_wconf 79' lang='grc'><strong>(9)</strong></span> <span class='ocrx_word' id='word_1_749' title='bbox 690 5315 927 5386; x_wconf 60' lang='grc' dir='ltr'>Νιιιεαιει</span> <span class='ocrx_word' id='word_1_750' title='bbox 965 5314 1136 5386; x_wconf 68' lang='lat' dir='ltr'><strong>Cra-ci</strong></span> <span class='ocrx_word' id='word_1_751' title='bbox 1191 5323 1367 5386; x_wconf 78' lang='lat' dir='ltr'><strong>textus</strong></span> <span class='ocrx_word' id='word_1_752' title='bbox 1417 5314 1601 5386; x_wconf 81' lang='lat' dir='ltr'><strong>editio,</strong></span> <span class='ocrx_word' id='word_1_753' title='bbox 1637 5313 1726 5367; x_wconf 78' lang='grc' dir='ltr'><strong>διὰ</strong></span> <span class='ocrx_word' id='word_1_754' title='bbox 1756 5311 1850 5368; x_wconf 88' lang='grc' dir='ltr'><strong>τοῦ</strong></span> <span class='ocrx_word' id='word_1_755' title='bbox 1898 5313 2089 5382; x_wconf 79' lang='grc' dir='ltr'>κυρίου</span> 
     </span>
    </p>
   </div>
   <div class='ocr_carea' id='block_1_104' title="bbox 509 5382 2086 5440">
    <p class='ocr_par' dir='ltr' id='par_1_104' title="bbox 509 5382 2086 5440">
     <span class='ocr_line' id='line_1_104' title="bbox 509 5382 2086 5440; baseline 0 -2"><span class='ocrx_word' id='word_1_756' title='bbox 509 5382 752 5440; x_wconf 75' lang='grc' dir='ltr'>ὑπδτῶν</span> <span class='ocrx_word' id='word_1_757' title='bbox 793 5384 1163 5438; x_wconf 80' lang='grc' dir='ltr'>ἀκουσάντων.</span> <span class='ocrx_word' id='word_1_758' title='bbox 1212 5382 1283 5438; x_wconf 89' lang='lat' dir='ltr'><strong>Ita</strong></span> <span class='ocrx_word' id='word_1_759' title='bbox 1351 5386 1512 5438; x_wconf 87' lang='lat' dir='ltr'><strong>etiam</strong></span> <span class='ocrx_word' id='word_1_760' title='bbox 1569 5385 1861 5438; x_wconf 83' lang='lat' dir='ltr'><strong>Vaticanus</strong></span> <span class='ocrx_word' id='word_1_761' title='bbox 1916 5388 2086 5438; x_wconf 79' lang='lat' dir='ltr'><strong>codex</strong></span> 
     </span>
    </p>
   </div>
   <div class='ocr_carea' id='block_1_105' title="bbox 511 5453 2086 5522">
    <p class='ocr_par' dir='ltr' id='par_1_105' title="bbox 511 5453 2086 5522">
     <span class='ocr_line' id='line_1_105' title="bbox 511 5453 2086 5522; baseline -0.001 -14"><span class='ocrx_word' id='word_1_762' title='bbox 511 5469 665 5508; x_wconf 80' lang='lat' dir='ltr'><strong>num.</strong></span> <span class='ocrx_word' id='word_1_763' title='bbox 709 5455 833 5517; x_wconf 76' lang='lat'><strong>567,</strong></span> <span class='ocrx_word' id='word_1_764' title='bbox 873 5457 964 5508; x_wconf 88' lang='lat' dir='ltr'><strong>sed</strong></span> <span class='ocrx_word' id='word_1_765' title='bbox 1017 5465 1247 5522; x_wconf 81' lang='lat' dir='ltr'><strong>quatuor</strong></span> <span class='ocrx_word' id='word_1_766' title='bbox 1295 5455 1385 5508; x_wconf 89' lang='lat' dir='ltr'><strong>alii</strong></span> <span class='ocrx_word' id='word_1_767' title='bbox 1429 5453 1700 5508; x_wconf 63' lang='lat' dir='ltr'><strong>\‘aticanm</strong></span> <span class='ocrx_word' id='word_1_768' title='bbox 1749 5453 2086 5508; x_wconf 73' lang='lat' dir='ltr'><strong>bibliothecae</strong></span> 
     </span>
    </p>
   </div>
   <div class='ocr_carea' id='block_1_106' title="bbox 511 5523 2085 5593">
    <p class='ocr_par' dir='ltr' id='par_1_106' title="bbox 511 5523 2085 5593">
     <span class='ocr_line' id='line_1_106' title="bbox 511 5523 2085 5593; baseline -0.001 -16"><span class='ocrx_word' id='word_1_769' title='bbox 511 5525 728 5577; x_wconf 85' lang='lat' dir='ltr'><strong>codices</strong></span> <span class='ocrx_word' id='word_1_770' title='bbox 779 5523 996 5587; x_wconf 84' lang='lat' dir='ltr'><strong>habent,</strong></span> <span class='ocrx_word' id='word_1_771' title='bbox 1030 5524 1132 5576; x_wconf 78' lang='grc' dir='ltr'><strong>ὑπὸ</strong></span> <span class='ocrx_word' id='word_1_772' title='bbox 1181 5523 1274 5577; x_wconf 84' lang='grc' dir='ltr'><strong>τοῦ</strong></span> <span class='ocrx_word' id='word_1_773' title='bbox 1323 5524 1514 5593; x_wconf 83' lang='grc' dir='ltr'>κυρίου</span> <span class='ocrx_word' id='word_1_774' title='bbox 1546 5523 1632 5576; x_wconf 75' lang='grc' dir='ltr'><strong>διὰ</strong></span> <span class='ocrx_word' id='word_1_775' title='bbox 1666 5524 1774 5576; x_wconf 88' lang='grc' dir='ltr'><strong>τῶν</strong></span> <span class='ocrx_word' id='word_1_776' title='bbox 1812 5523 2085 5593; x_wconf 80' lang='grc' dir='ltr'>ἀκουσάν-</span> 
     </span>
    </p>
   </div>
   <div class='ocr_carea' id='block_1_107' title="bbox 511 5591 2086 5663">
    <p class='ocr_par' dir='ltr' id='par_1_107' title="bbox 511 5591 2086 5663">
     <span class='ocr_line' id='line_1_107' title="bbox 511 5591 2086 5663; baseline 0.001 -19"><span class='ocrx_word' id='word_1_777' title='bbox 511 5609 641 5658; x_wconf 85' lang='grc' dir='ltr'>των,</span> <span class='ocrx_word' id='word_1_778' title='bbox 669 5611 894 5663; x_wconf 85' lang='lat' dir='ltr'><strong>quorunt</strong></span> <span class='ocrx_word' id='word_1_779' title='bbox 930 5595 1210 5648; x_wconf 69' lang='lat' dir='ltr'><strong>lectionem</strong></span> <span class='ocrx_word' id='word_1_780' title='bbox 1237 5591 1409 5663; x_wconf 62' lang='lat' dir='ltr'><strong>secuti</strong></span> <span class='ocrx_word' id='word_1_781' title='bbox 1435 5610 1636 5663; x_wconf 83' lang='lat' dir='ltr'><strong>sumus.</strong></span> <span class='ocrx_word' id='word_1_782' title='bbox 1664 5594 1785 5646; x_wconf 83' lang='lat' dir='ltr'><strong>licet</strong></span> <span class='ocrx_word' id='word_1_783' title='bbox 1810 5594 1860 5645; x_wconf 89' lang='lat' dir='ltr'><strong>itt</strong></span> <span class='ocrx_word' id='word_1_784' title='bbox 1893 5591 2086 5662; x_wconf 73' lang='lat' dir='ltr'><strong>Regio-</strong></span> 
     </span>
    </p>
   </div>
   <div class='ocr_carea' id='block_1_108' title="bbox 513 5662 2088 5732">
    <p class='ocr_par' dir='ltr' id='par_1_108' title="bbox 513 5662 2088 5732">
     <span class='ocr_line' id='line_1_108' title="bbox 513 5662 2088 5732; baseline 0.001 -16"><span class='ocrx_word' id='word_1_785' title='bbox 513 5662 876 5720; x_wconf 75' lang='lat' dir='ltr'><strong>Alexaitdrino</strong></span> <span class='ocrx_word' id='word_1_786' title='bbox 927 5667 1016 5730; x_wconf 88' lang='lat' dir='ltr'><strong>sit,</strong></span> <span class='ocrx_word' id='word_1_787' title='bbox 1076 5664 1180 5716; x_wconf 65' lang='grc' dir='ltr'><strong>ὑπὸ</strong></span> <span class='ocrx_word' id='word_1_788' title='bbox 1232 5662 1324 5717; x_wconf 86' lang='grc' dir='ltr'><strong>τοῦ</strong></span> <span class='ocrx_word' id='word_1_789' title='bbox 1361 5662 1549 5732; x_wconf 76' lang='grc' dir='ltr'>κυρίου</span> <span class='ocrx_word' id='word_1_790' title='bbox 1601 5663 1706 5720; x_wconf 71' lang='grc' dir='ltr'><strong>ὑπὸ</strong></span> <span class='ocrx_word' id='word_1_791' title='bbox 1751 5663 1860 5715; x_wconf 81' lang='grc' dir='ltr'>τῶν</span> <span class='ocrx_word' id='word_1_792' title='bbox 1914 5663 2088 5717; x_wconf 84' lang='grc' dir='ltr'>ἀκου-</span> 
     </span>
    </p>
   </div>
   <div class='ocr_carea' id='block_1_109' title="bbox 2205 4911 2432 4950">
    <p class='ocr_par' dir='ltr' id='par_1_109' title="bbox 2205 4911 2432 4950">
     <span class='ocr_line' id='line_1_109' title="bbox 2205 4911 2432 4950; baseline 0.009 -3"><span class='ocrx_word' id='word_1_793' title='bbox 2205 4911 2432 4950; x_wconf 82' lang='grc' dir='ltr'>σαντων.</span> 
     </span>
    </p>
   </div>
   <div class='ocr_carea' id='block_1_110' title="bbox 2280 4966 3794 5036">
    <p class='ocr_par' dir='ltr' id='par_1_110' title="bbox 2280 4966 3794 5036">
     <span class='ocr_line' id='line_1_110' title="bbox 2280 4966 3794 5036; baseline 0.005 -18"><span class='ocrx_word' id='word_1_794' title='bbox 2280 4966 2390 5036; x_wconf 79' lang='grc'><strong>(10)</strong></span> <span class='ocrx_word' id='word_1_795' title='bbox 2426 4966 2504 5020; x_wconf 85' lang='lat' dir='ltr'><strong>ita</strong></span> <span class='ocrx_word' id='word_1_796' title='bbox 2536 4967 2699 5020; x_wconf 82' lang='lat' dir='ltr'><strong>etiam</strong></span> <span class='ocrx_word' id='word_1_797' title='bbox 2749 4967 2944 5034; x_wconf 77' lang='lat' dir='ltr'><strong>legitur</strong></span> <span class='ocrx_word' id='word_1_798' title='bbox 2995 4967 3048 5021; x_wconf 90' lang='lat' dir='ltr'><strong>in</strong></span> <span class='ocrx_word' id='word_1_799' title='bbox 3101 4967 3363 5022; x_wconf 70' lang='lat' dir='ltr'><strong>Vaticano</strong></span> <span class='ocrx_word' id='word_1_800' title='bbox 3407 4969 3597 5024; x_wconf 85' lang='lat' dir='ltr'><strong>codice</strong></span> <span class='ocrx_word' id='word_1_801' title='bbox 3637 4987 3794 5026; x_wconf 88' lang='lat' dir='ltr'><strong>nutu.</strong></span> 
     </span>
    </p>
   </div>
   <div class='ocr_carea' id='block_1_111' title="bbox 2217 5035 3798 5112">
    <p class='ocr_par' dir='ltr' id='par_1_111' title="bbox 2217 5035 3798 5112">
     <span class='ocr_line' id='line_1_111' title="bbox 2217 5035 3798 5112; baseline 0.005 -24"><span class='ocrx_word' id='word_1_802' title='bbox 2217 5035 2350 5112; x_wconf 60' lang='lat'><strong>$67,</strong></span> <span class='ocrx_word' id='word_1_803' title='bbox 2370 5035 2425 5090; x_wconf 87' lang='lat' dir='ltr'><strong>et</strong></span> <span class='ocrx_word' id='word_1_804' title='bbox 2450 5037 2500 5089; x_wconf 84' lang='lat' dir='ltr'><strong>in</strong></span> <span class='ocrx_word' id='word_1_805' title='bbox 2535 5036 2824 5112; x_wconf 76' lang='lat' dir='ltr'><strong>Urbinate;</strong></span> <span class='ocrx_word' id='word_1_806' title='bbox 2851 5039 2903 5091; x_wconf 84' lang='lat' dir='ltr'><strong>in</strong></span> <span class='ocrx_word' id='word_1_807' title='bbox 2950 5038 3072 5112; x_wconf 79' lang='lat' dir='ltr'><strong>aliis</strong></span> <span class='ocrx_word' id='word_1_808' title='bbox 3103 5051 3232 5093; x_wconf 77' lang='lat' dir='ltr'><strong>vero</strong></span> <span class='ocrx_word' id='word_1_809' title='bbox 3260 5037 3540 5095; x_wconf 84' lang='lat' dir='ltr'><strong>codicibus</strong></span> <span class='ocrx_word' id='word_1_810' title='bbox 3567 5049 3627 5095; x_wconf 87' lang='lat' dir='ltr'><strong>et</strong></span> <span class='ocrx_word' id='word_1_811' title='bbox 3649 5043 3798 5112; x_wconf 88' lang='lat' dir='ltr'><strong>apud</strong></span> 
     </span>
    </p>
   </div>
   <div class='ocr_carea' id='block_1_112' title="bbox 2203 5106 3050 5178">
    <p class='ocr_par' dir='ltr' id='par_1_112' title="bbox 2203 5106 3050 5178">
     <span class='ocr_line' id='line_1_112' title="bbox 2203 5106 3050 5178; baseline 0.004 -20"><span class='ocrx_word' id='word_1_812' title='bbox 2203 5107 2536 5178; x_wconf 70' lang='lat' dir='ltr'><strong>Stephanum</strong></span> <span class='ocrx_word' id='word_1_813' title='bbox 2561 5115 2665 5168; x_wconf 85' lang='lat' dir='ltr'><strong>est.</strong></span> <span class='ocrx_word' id='word_1_814' title='bbox 2699 5106 2892 5160; x_wconf 79' lang='grc' dir='ltr'>τούτου</span> <span class='ocrx_word' id='word_1_815' title='bbox 2921 5108 3050 5178; x_wconf 84' lang='grc' dir='ltr'>γάρ.</span> 
     </span>
    </p>
   </div>
   <div class='ocr_carea' id='block_1_113' title="bbox 2278 5174 3794 5248">
    <p class='ocr_par' dir='ltr' id='par_1_113' title="bbox 2278 5174 3794 5248">
     <span class='ocr_line' id='line_1_113' title="bbox 2278 5174 3794 5248; baseline 0.006 -20"><span class='ocrx_word' id='word_1_816' title='bbox 2278 5175 2391 5248; x_wconf 84' lang='lat' dir='ltr'><strong>(tl)</strong></span> <span class='ocrx_word' id='word_1_817' title='bbox 2423 5174 2552 5248; x_wconf 71' lang='lat' dir='ltr'><strong>Quae</strong></span> <span class='ocrx_word' id='word_1_818' title='bbox 2599 5187 2900 5248; x_wconf 82' lang='lat' dir='ltr'><strong>sequuntur</strong></span> <span class='ocrx_word' id='word_1_819' title='bbox 2933 5174 3211 5248; x_wconf 70' lang='lat' dir='ltr'><strong>usquead</strong></span> <span class='ocrx_word' id='word_1_820' title='bbox 3245 5177 3332 5231; x_wconf 84' lang='lat' dir='ltr'><strong>illa</strong></span> <span class='ocrx_word' id='word_1_821' title='bbox 3392 5178 3578 5245; x_wconf 78' lang='lat' dir='ltr'><strong>verba,</strong></span> <span class='ocrx_word' id='word_1_822' title='bbox 3613 5181 3794 5236; x_wconf 81' lang='grc' dir='ltr'>πολλά</span> 
     </span>
    </p>
   </div>
   <div class='ocr_carea' id='block_1_114' title="bbox 2201 5245 3405 5306">
    <p class='ocr_par' dir='ltr' id='par_1_114' title="bbox 2201 5245 3405 5306">
     <span class='ocr_line' id='line_1_114' title="bbox 2201 5245 3405 5306; baseline 0.004 -9"><span class='ocrx_word' id='word_1_823' title='bbox 2201 5245 2258 5298; x_wconf 73' lang='grc' dir='ltr'>δὲ</span> <span class='ocrx_word' id='word_1_824' title='bbox 2289 5247 2384 5298; x_wconf 69' lang='grc' dir='ltr'>καὶ</span> <span class='ocrx_word' id='word_1_825' title='bbox 2406 5247 2563 5306; x_wconf 79' lang='grc' dir='ltr'>ἄλλα.</span> <span class='ocrx_word' id='word_1_826' title='bbox 2605 5245 2798 5300; x_wconf 86' lang='lat' dir='ltr'><strong>desunt</strong></span> <span class='ocrx_word' id='word_1_827' title='bbox 2823 5248 2874 5301; x_wconf 89' lang='lat' dir='ltr'><strong>in</strong></span> <span class='ocrx_word' id='word_1_828' title='bbox 2910 5245 3098 5304; x_wconf 84' lang='lat' dir='ltr'><strong>codice</strong></span> <span class='ocrx_word' id='word_1_829' title='bbox 3121 5247 3405 5304; x_wconf 85' lang='lat' dir='ltr'><strong>Urbiuate.</strong></span> 
     </span>
    </p>
   </div>
   <div class='ocr_carea' id='block_1_115' title="bbox 2274 5314 3797 5386">
    <p class='ocr_par' dir='ltr' id='par_1_115' title="bbox 2274 5314 3797 5386">
     <span class='ocr_line' id='line_1_115' title="bbox 2274 5314 3797 5386; baseline 0.005 -17"><span class='ocrx_word' id='word_1_830' title='bbox 2274 5315 2386 5384; x_wconf 68' lang='lat' dir='ltr'><strong>(l2)</strong></span> <span class='ocrx_word' id='word_1_831' title='bbox 2425 5314 2651 5386; x_wconf 83' lang='lat' dir='ltr'><strong>Vulgata</strong></span> <span class='ocrx_word' id='word_1_832' title='bbox 2678 5315 2850 5371; x_wconf 66' lang='grc' dir='ltr'><strong>(ἓτωεί</strong></span> <span class='ocrx_word' id='word_1_833' title='bbox 2877 5327 3059 5372; x_wconf 82' lang='lat' dir='ltr'><strong>textus</strong></span> <span class='ocrx_word' id='word_1_834' title='bbox 3084 5319 3254 5374; x_wconf 89' lang='lat' dir='ltr'><strong>editio</strong></span> <span class='ocrx_word' id='word_1_835' title='bbox 3281 5335 3402 5374; x_wconf 90' lang='lat' dir='ltr'><strong>cunt</strong></span> <span class='ocrx_word' id='word_1_836' title='bbox 3439 5320 3654 5377; x_wconf 86' lang='lat' dir='ltr'><strong>duobus</strong></span> <span class='ocrx_word' id='word_1_837' title='bbox 3678 5319 3797 5376; x_wconf 75' lang='lat' dir='ltr'><strong>Va-</strong></span> 
     </span>
    </p>
   </div>
   <div class='ocr_carea' id='block_1_116' title="bbox 2201 5385 3800 5459">
    <p class='ocr_par' dir='ltr' id='par_1_116' title="bbox 2201 5385 3800 5459">
     <span class='ocr_line' id='line_1_116' title="bbox 2201 5385 3800 5459; baseline 0.004 -21"><span class='ocrx_word' id='word_1_838' title='bbox 2201 5385 2585 5459; x_wconf 17' lang='lat' dir='ltr'><strong>licaqn_i_s_codd.</strong></span> <span class='ocrx_word' id='word_1_839' title='bbox 2619 5400 2673 5440; x_wconf 88' lang='lat' dir='ltr'><strong>ct</strong></span> <span class='ocrx_word' id='word_1_840' title='bbox 2704 5387 3200 5459; x_wconf 69' lang='lat' dir='ltr'><strong>Cryptol‘errateusi</strong></span> <span class='ocrx_word' id='word_1_841' title='bbox 3235 5391 3419 5453; x_wconf 83' lang='lat' dir='ltr'><strong>habet,</strong></span> <span class='ocrx_word' id='word_1_842' title='bbox 3461 5391 3800 5459; x_wconf 71' lang='grc' dir='ltr'>γινώσκετε.</span> 
     </span>
    </p>
   </div>
   <div class='ocr_carea' id='block_1_117' title="bbox 2268 5455 3801 5526">
    <p class='ocr_par' dir='ltr' id='par_1_117' title="bbox 2268 5455 3801 5526">
     <span class='ocr_line' id='line_1_117' title="bbox 2268 5455 3801 5526; baseline 0.004 -18"><span class='ocrx_word' id='word_1_843' title='bbox 2268 5456 2380 5526; x_wconf 81' lang='grc'><strong>(15)</strong></span> <span class='ocrx_word' id='word_1_844' title='bbox 2415 5455 2704 5511; x_wconf 79' lang='lat' dir='ltr'><strong>Vaticanus</strong></span> <span class='ocrx_word' id='word_1_845' title='bbox 2742 5455 2864 5510; x_wconf 78' lang='lat' dir='ltr'><strong>cod.</strong></span> <span class='ocrx_word' id='word_1_846' title='bbox 2895 5474 3045 5510; x_wconf 84' lang='lat' dir='ltr'><strong>nutu.</strong></span> <span class='ocrx_word' id='word_1_847' title='bbox 3071 5457 3198 5525; x_wconf 79' lang='grc'>565,</span> <span class='ocrx_word' id='word_1_848' title='bbox 3229 5471 3282 5514; x_wconf 89' lang='lat' dir='ltr'><strong>et</strong></span> <span class='ocrx_word' id='word_1_849' title='bbox 3312 5455 3612 5526; x_wconf 82' lang='lat' dir='ltr'><strong>Palatinus,</strong></span> <span class='ocrx_word' id='word_1_850' title='bbox 3638 5461 3801 5516; x_wconf 77' lang='grc' dir='ltr'>διδα-</span> 
     </span>
    </p>
   </div>
   <div class='ocr_carea' id='block_1_118' title="bbox 2197 5526 3798 5602">
    <p class='ocr_par' dir='ltr' id='par_1_118' title="bbox 2197 5526 3798 5602">
     <span class='ocr_line' id='line_1_118' title="bbox 2197 5526 3798 5602; baseline 0.006 -25"><span class='ocrx_word' id='word_1_851' title='bbox 2197 5541 2339 5602; x_wconf 74' lang='grc' dir='ltr'>σκει,</span> <span class='ocrx_word' id='word_1_852' title='bbox 2366 5526 2610 5602; x_wconf 69' lang='lat' dir='ltr'><strong>erplel’.</strong></span> <span class='ocrx_word' id='word_1_853' title='bbox 2646 5539 2764 5594; x_wconf 88' lang='lat' dir='ltr'><strong>post</strong></span> <span class='ocrx_word' id='word_1_854' title='bbox 2786 5526 3057 5602; x_wconf 75' lang='grc' dir='ltr'>διδάσκει,</span> <span class='ocrx_word' id='word_1_855' title='bbox 3085 5530 3266 5595; x_wconf 88' lang='lat' dir='ltr'><strong>habet,</strong></span> <span class='ocrx_word' id='word_1_856' title='bbox 3299 5530 3475 5602; x_wconf 77' lang='grc' dir='ltr'>στίχοι</span> <span class='ocrx_word' id='word_1_857' title='bbox 3509 5531 3614 5588; x_wconf 86' lang='grc' dir='ltr'>κθ⁹.</span> <span class='ocrx_word' id='word_1_858' title='bbox 3657 5529 3798 5586; x_wconf 71' lang='grc' dir='ltr'>γετ-</span> 
     </span>
    </p>
   </div>
   <div class='ocr_carea' id='block_1_119' title="bbox 2195 5596 3118 5666">
    <p class='ocr_par' dir='ltr' id='par_1_119' title="bbox 2195 5596 3118 5666">
     <span class='ocr_line' id='line_1_119' title="bbox 2195 5596 3118 5666; baseline 0.002 -17"><span class='ocrx_word' id='word_1_859' title='bbox 2195 5612 2285 5650; x_wconf 88' lang='lat' dir='ltr'><strong>sus</strong></span> <span class='ocrx_word' id='word_1_860' title='bbox 2309 5596 2471 5666; x_wconf 80' lang='lat' dir='ltr'><strong>lmjus</strong></span> <span class='ocrx_word' id='word_1_861' title='bbox 2500 5598 2797 5666; x_wconf 83' lang='lat' dir='ltr'><strong>argumenti</strong></span> <span class='ocrx_word' id='word_1_862' title='bbox 2821 5608 2944 5651; x_wconf 79' lang='lat' dir='ltr'><strong>sunt</strong></span> <span class='ocrx_word' id='word_1_863' title='bbox 2969 5613 3118 5652; x_wconf 73' lang='lat' dir='ltr'><strong>xxix.</strong></span> 
     </span>
    </p>
   </div>
  </div>
