4048 6418
292 394 301 419 ⁸
319 452 398 514 ’177
1361 447 1621 510 EDITIO
1658 445 2193 508 EPISTOLARUM
2225 445 2476 506 PAULI.

3480 444 3587 509 ττὸ

317 561 490 619 eodem
517 527 597 613 [ad
625 556 774 628 ipsos
801 566 1087 613 venturum
1117 555 1449 626 pollicetur:
1489 556 1541 610 id
1568 556 1712 626 quod
1742 569 1886 625 saepe
1926 553 1982 608 in
2045 553 2161 608 suis
2209 552 2464 621 Epistolis
2534 552 2714 608 facere
2781 551 2934 606 solet.
2965 550 3104 607 Sunt
3146 560 3208 606 'et
3260 552 3362 606 alia
3418 555 3585 610 multa

315 666 420 725 qua:
458 651 600 705 hanc
628 649 915 720 epistolam
953 649 1106 706 Pauli
1156 666 1281 708 esse
1335 664 1436 707 nos
1466 649 1684 712 docent,
1713 655 1772 702 ut
1817 661 1884 702 ex
1926 646 2170 717 ejusdem
2236 643 2488 715 Epistolae
2514 658 2803 716 progressu
2874 643 3175 713 legentibus
3213 647 3438 715 patebit.

934 760 1230 816 ΕΚΘΕΣΙΣ

318 871 665 940 Κεφαλαίων
691 869 1032 926 καθολικῶν
1067 869 1176 939 τῆς
1205 871 1356 941 πρὸς
1387 871 1690 940 Ἐϐραίους
1728 870 1894 925 Ἐπι-

369 941 600 1011 στολῆς
626 942 899 1011 Παύλου,
961 942 1227 1010 ἐχόντων
1269 941 1451 995 τινῶν
1502 941 1603 994 καὶ
1643 941 1896 1011 μερικὰς

370 1009 835 1081 ὑποδιαιρέσεις,
864 1013 971 1078 τὰς
993 1009 1094 1066 διὰ
1116 1011 1226 1066 τοῦ
1264 1009 1691 1080 κινναϐάρεως.

917 1123 1194 1176 ΚΕΦΑΛΑ
1202 1124 1274 1178 IA

375 1232 492 1302 Τῆς
521 1231 675 1301 πρὸς
707 1231 1022 1301 Ἐϐραίους
1037 1231 1406 1302 Ἐπιστολῆς
1433 1233 1678 1287 Παύλου
1704 1232 1820 1296 κβ.

367 1343 628 1412 Θεολογία
652 1339 892 1414 Χριστοῦ
925 1344 983 1396 ἐν
1014 1341 1140 1414 δόξῃ
1179 1343 1390 1413 nam;
1415 1343 1506 1396 καὶ
1534 1342 1756 1414 ἐξουσίᾳ
1784 1341 1893 1394 τῶν

310 1437 540 1499 πάντων,
566 1433 705 1504 μετὰ
738 1435 837 1504 τῆς
883 1432 1208 1500 καθάρσεως
1237 1433 1345 1488 τῶν
1381 1435 1475 1488 ἐπὶ
1527 1435 1652 1505 γῆς,
1699 1432 1795 1504 ἀφ’
1824 1428 1893 1505 ἦς

307 1525 463 1592 ἀνέϐη
493 1525 574 1587 εἰς
594 1524 695 1592 τὴν
719 1523 1052 1595 ἐπουράνιον
1076 1521 1256 1590 δόξαν.

367 1705 586 1760 ὐτιού
615 1703 965 1776 λειτουργικὴ
1009 1704 1044 1774 ἡ
1089 1701 1217 1768 δόξα
1258 1700 1522 1775 Χριστοῦ,
1553 1701 1692 1758 ἀλλὰ
1733 1702 1890 1775 θεῖκὴ

300 1799 394 1856 καὶ
423 1797 724 1868 ποιητική·
766 1796 846 1849 διὸ
879 1796 981 1849 οὐκ
1022 1796 1116 1849 ἐπὶ
1159 1793 1255 1848 τοῦ
1294 1796 1563 1868 παρόντος
1596 1795 1794 1859 αἰῶνος
1832 1797 1891 1849 έν

299 1883 340 1958 ᾧ
391 1889 446 1942 οἱ
485 1886 832 1958 λειτουργοὶ,
895 1885 1011 1940 ἀλλ’
1064 1885 1158 1940 ἐπὶ
1203 1885 1304 1957 τῆς
1363 1885 1665 1958 μελλούσης
1707 1888 1888 1942 οἰκου-

297 1980 492 2052 μένης.

368 2166 496 2218 Ὀτι
543 2155 837 2232 ὲσαρκώθη
871 2158 1014 2214 κατὰ
1063 2157 1327 2224 διάθεσιν,
1383 2161 1480 2214 καὶ
1519 2160 1888 2231 συμπάθειαν,

1917 747 1964 802 Α

2601 755 2971 813 ELENCHUS

1998 867 2242 937 Cupitum
2273 867 2526 936 Epistola:
2562 865 2722 919 Pauli
2761 868 2830 918 ad
2884 864 3156 930 Hebrwos,
3184 882 3405 934 quarunt
3454 884 3585 920 non-

2070 939 2220 991 nulla
2274 939 2628 1006 particulares
2705 937 3091 990 subdivisiones
3163 937 3355 990 habent
3412 939 3585 990 rubris

2067 1024 2402 1063 numerorum
2449 1009 2584 1062 notis
2624 1008 2947 1077 designatas.

2667 1116 2752 1172 CA
2762 1115 2922 1170 PlTA

2157 1227 2416 1294 Epistolis
2447 1224 2604 1280 Pauli
2643 1227 2712 1279 ad
2763 1225 3014 1281 Hebra‘os
3041 1242 3187 1281 num.
3208 1223 3409 1280 XXII.

2069 1337 2111 1393 1.
2146 1337 2498 1408 Βιιοιιὶιιιιόο
2519 1335 2739 1392 Christo
2797 1335 2883 1390 cui
2909 1335 3032 1390 data
3069 1343 3153 1390 est
3180 1333 3359 1389 Patris
3406 1332 3584 1403 gloria

1995 1430 2351 1500 omniumque
2376 1443 2558 1483 rerum
2577 1427 2898 1493 dominatio,
2919 1442 3040 1482 cum
3061 1437 3330 1496 potestate
3354 1437 3578 1496 peccata

1993 1522 2246 1592 expiandi
2295 1536 2415 1589 qua
2449 1527 2833 1591 perpetrantur
2875 1519 2927 1572 in
2965 1521 3147 1588 terris,
3188 1519 3330 1575 unde
3373 1521 3428 1573 in
3480 1535 3588 1575 cm-

1994 1613 2184 1669 lestem
2221 1613 2448 1684 gloriam
2486 1614 2754 1667 ascendit.

2065 1705 2128 1761 11.
2158 1706 2314 1772 Quod
2347 1705 2554 1761 Christi
2584 1705 2757 1775 gloria
2806 1720 2914 1759 non
2945 1705 3134 1760 eadem
3184 1706 3256 1760 sit
3304 1721 3369 1760 ac
3419 1706 3583 1760 mini-

1993 1806 2267 1864 strorum,
2302 1799 2398 1852 sed
2448 1796 2731 1852 divinitate
2772 1804 2827 1851 et
2871 1805 3067 1852 cuncta
3112 1795 3346 1852 faciendi
3383 1799 3585 1853 virtute

1993 1891 2223 1960 polleat,
2267 1889 2496 1959 ideoque
2529 1889 2582 1943 in
2629 1887 2814 1944 futuro
2865 1891 3065 1945 saeculo
3095 1889 3189 1954 sit,
3217 1907 3324 1946 non
3359 1891 3410 1946 in
3440 1908 3585 1961 prae-

1993 1979 2154 2046 senti,
2182 1980 2233 2033 in
2267 1993 2375 2043 quo
2406 1977 2640 2033 ministri
2662 1992 2821 2033 suum
2863 1994 3061 2034 munus
3103 1979 3348 2050 implent,
3381 1997 3501 2050 cap.
3542 1999 3582 2039 ι.

1919 2094 1962 2150 Β
1993 2070 2046 2124 5.
2078 2067 2259 2140 Crypt.
2275 2085 2389 2138 cap.
2430 2085 2470 2135 1,
2491 2069 2544 2124 6.

2063 2161 2150 2217 111.
2180 2163 2334 2229 Quod
2364 2161 2617 2219 Christus
2656 2163 2949 2219 humanam
2969 2179 3189 2220 carnem
3220 2180 3344 2221 cum
3377 2167 3584 2224 nostris

293 2259 390 2313 καὶ
422 2254 756 2324 οἰκειότητα,
790 2252 892 2318 τὴν
923 2250 1060 2321 πρὸς
1089 2251 1257 2321 ἡμᾶς,
1283 2252 1377 2304 ἐπὶ
1406 2251 1651 2324 σωτηρίᾳ
1681 2251 1892 2324 ἀνθρώ,

2008 2250 2279 2308 ιίΐεοιίιιιιε
2316 2253 2771 2325 passionibusque
2811 2257 2882 2310 ad
2945 2257 3117 2312 nostri
3166 2257 3582 2314 similitudinem

290 2365 440 2412 πων,
482 2349 551 2418 τῇ
587 2347 652 2398 ἐκ
705 2342 964 2410 θανάτου,
994 2343 1090 2396 ἐπὶ
1132 2343 1232 2413 τῆς
1282 2342 1418 2415 πρὸς
1463 2343 1627 2398 αὐτὸν
1671 2342 1892 2398 alma)-

291 2459 460 2504 σεως.

367 2533 498 2586 Ὀτι
579 2528 640 2583 οὑ
697 2528 1017 2581 πιστευτέον
1071 2527 1329 2600 Χριστῷ,
1379 2529 1456 2590 ὼς
1511 2527 1720 2599 Μωῦσῇ
1767 2540 1890 2580 επι-

291 2637 561 2678 στευσανο
607 2617 732 2673 καθ’
769 2618 1046 2690 ὑπεροχὴν
1074 2617 1153 2684 δὲ,
1190 2616 1289 2689 τὴν
1334 2616 1470 2670 Θεοῦ
1508 2616 1644 2689 πρὸς
1677 2615 1892 2689 ἄνθρω-

288 2733 420 2769 πον.

381 2805 474 2862 Ἐν
500 2798 545 2874 ᾧ
575 2805 658 2859 ὅτι
688 2802 953 2876 φοϐητέον
985 2802 1094 2856 τῶν
1124 2801 1294 2856 πάλαι
1319 2800 1417 2856 τὴν
1453 2799 1749 2858 ἔκπτωσιν.

364 3083 669 3160 Προτροπὴ
699 3081 1002 3136 σπουδάσαι
1023 3081 1103 3144 εἰς
1124 3079 1223 3151 τὴν
1251 3076 1696 3151 προδηλουμένην
1723 3079 1892 3134 κατά-

288 3197 527 3238 παυσιν.

367 3271 444 3324 Τὸ
477 3268 711 3340 φοϐερὸν
742 3267 842 3336 τῆς
888 3264 1125 3336 κρίσεως
1156 3259 1310 3333 παρὰ
1347 3259 1427 3333 τῷ
1468 3262 1647 3332 Λόγῳ,
1681 3259 1760 3332 τῷ
1804 3260 1893 3315 διὰ

286 3366 543 3428 πάντων,
573 3362 668 3416 καὶ
711 3359 772 3412 τὸ
802 3357 1040 3430 χρηστὸν
1069 3359 1167 3429 τῆς
1201 3356 1425 3427 χάριτος
1457 3353 1560 3424 τῆς
1611 3353 1892 3424 ἱερατικῆς

285 3455 450 3528 παρὰ
474 3453 553 3523 τῷ
581 3448 1051 3524 όμοιοπαθήσαντι
1073 3447 1206 3518 ἡμῖν
1236 3443 1614 3516 ἀνθρωπίνως.

375 3639 737 3709 Ἐπιτεμησις
764 3635 840 3697 ὡς
870 3633 951 3688 ἔτι
985 3629 1260 3703 δεομένοις
1294 3629 1403 3701 (li)
1444 3627 1779 3700 εἰσαγωγῆς.

1994 2347 2315 2416 susceperit,
2354 2348 2680 2403 utbomines
2709 2349 2810 2404 sibi
2843 2349 3208 2417 conciliando,
3243 2360 3418 2407 morte
3447 2352 3581 2408 libe-

1995 2448 2164 2504 raret,
2191 2455 2305 2508 cap.
2350 2455 2408 2504 ιι,
2436 2441 2489 2494 9.
2526 2437 2646 2494 Pal.
2678 2456 2797 2511 cap.
2830 2455 2893 2508 tt,
2920 2441 3007 2497 l5.

2067 2531 2158 2585 IV.
2189 2528 2305 2585 Non
2338 2545 2491 2600 aeque
2521 2533 2853 2586 credendum
2890 2547 3012 2589 esse
3042 2533 3290 2599 Christo,
3318 2550 3384 2590 ac
3410 2535 3581 2609 Moysi

1995 2623 2371 2689 crediderunt;
2400 2623 2494 2677 sed
2522 2636 2588 2677 eo
2616 2623 2788 2693 magis
2818 2638 2923 2692 quo
2959 2623 3099 2678 Deus
3125 2624 3397 2681 hominem
3421 2638 3581 2682 ante-

1995 2711 2162 2776 oellit,
2199 2728 2315 2782 cap.
2343 2727 2426 2777 ιιι,
2463 2712 2514 2766 1.

2067 2821 2107 2859 ι.
2152 2803 2209 2858 ln
2238 2819 2344 2874 quo
2381 2805 2684 2860 timendum
2707 2818 2830 2860 esse
2867 2805 2964 2872 ait,
3000 2820 3070 2861 ne
3097 2808 3448 2878 antiquorum
3477 2809 3586 2866 lle-

1995 2898 2264 2953 brteorum
2313 2897 2486 2952 instar
2528 2897 2582 2950 in
2611 2907 2896 2966 peccatum
2953 2897 3228 2954 labantur.
3265 2899 3426 2957 Forte
3448 2902 3580 2957 ibid.

1993 3005 2126 3045 vers.
2161 2989 2248 3042 12.

2064 3080 2131 3134 ν.
2165 3080 2426 3136 Hortatur
2461 3090 2522 3138 ut
2547 3083 2898 3139 conenturin
2927 3084 3168 3155 requiem
3198 3085 3434 3156 ingredi,
3463 3102 3583 3157 qua:

1995 3171 2129 3242 ipsis
2159 3183 2577 3243 prmmonstrata
2618 3185 2724 3240 est,
2757 3193 2878 3246 cap.
2917 3193 2992 3244 ιν,
3019 3179 3072 3232 1.

2071 3265 2159 3322 Ἦ.
2189 3266 2263 3320 De
2291 3266 2483 3334 judicii
2513 3279 2720 3324 terrore
2747 3269 2890 3339 quod
2941 3271 3281 3326 redditurum
3310 3283 3395 3328 est
3431 3271 3573 3328 Ver-

1995 3358 2147 3422 bum,
2177 3359 2321 3428 quod
2352 3367 2435 3413 est
2457 3374 2556 3428 per
2581 3361 2787 3425 omnia,
2825 3369 2881 3416 et
2906 3363 2971 3417 de
2999 3362 3230 3418 utilitate
3255 3367 3579 3421 sacerdota-

1923 3444 1965 3502 C
2000 3449 2068 3504 lis
2094 3449 2283 3518 gratiae
2311 3451 2452 3518 apud
2485 3466 2631 3518 eum,
2666 3453 2757 3522 qui
2785 3467 2939 3521 seque
2975 3468 3038 3508 ac
3075 3469 3174 3509 nos
3202 3456 3471 3513 obnoxius
3503 3468 3586 3514 est

1999 3539 2251 3594 humana:
2278 3551 2486 3595 natura:
2517 3540 2950 3612 infirmitatibus,
2970 3544 3099 3597 ibid.
3138 3560 3198 3599 ιι.

2073 3628 2184 3683 VII.
2209 3629 2462 3685 Hebrzeos
2517 3631 2782 3700 increpat,
2817 3635 2959 3703 quod
3010 3636 3189 3690 adhuc
3228 3637 3419 3706 primis
3444 3653 3583 3708 quoa

282 3736 590 3792 dammodo
616 3732 739 3787 lidei
771 3729 1095 3785 rudimentis
1119 3740 1252 3798 opus
1274 3725 1560 3790 haberent,
1589 3741 1708 3794 cap.
1738 3739 1792 3792 ν,
1824 3724 1914 3791 11,
1955 3725 2020 3780 ab
2049 3726 2155 3780 illis
2178 3726 2373 3791 verbis,
2394 3725 2661 3791 Quoniam
2683 3727 2988 3783 imbecilles.
3044 3728 3287 3801 Cryptof.
3315 3741 3364 3785 ct
3397 3729 3580 3788 Palat.

282 3832 560 3899 incipiunt
587 3828 740 3881 initio
785 3841 984 3880 versus.

379 3927 475 3981 Ἐν
508 3918 554 3993 ᾧ
584 3921 872 3997 προτροπὴ
907 3922 986 3986 εις
1008 3919 1271 3985 ἐπίδοσιν,
1297 3917 1373 3983 ὡς
1391 3916 1492 3971 οὐκ
1517 3915 1688 3987 οὔσης
1714 3915 1892 3990 ἀρχῆς

280 4017 582 4086 δευτέρας.

362 4197 734 4270 Παράκλησις
773 4196 872 4252 σὺν
908 4193 1141 4266 ἐπαίνῳ.

363 4384 501 4437 Ὅτι
528 4380 724 4452 βεϐαία
753 4383 792 4453 ἡ
818 4375 1124 4449 έπαγγελζα
1143 4372 1237 4429 τοῦ
1261 4371 1421 4440 Θεοῦ,
1453 4373 1550 4427 καὶ
1585 4371 1765 4427 ταῦτα
1795 4373 1893 4426 σὺν

279 4479 474 4550 ὅρκῳ.

361 4570 510 4642 Περὶ
552 4567 890 4638 Μελχισεδὲκ
927 4563 1024 4619 τοῦ
1074 4564 1155 4628 εἰς
1200 4559 1440 4634 Χριστὸν
1506 4556 1680 4612 τύπου
1751 4556 1894 4610 κατὰ

2069 3935 2109 3974 ι.
2141 3918 2200 3974 ln
2231 3933 2338 3988 quo
2374 3918 2627 3973 hortatur
2657 3927 2713 3972 ut
2741 3918 2795 3974 in
2827 3925 3079 3987 suscepta
3107 3917 3211 3974 ﬁde
3259 3918 3574 3989 proﬁciant,

1996 4017 2184 4078 utpote
2215 4008 2357 4078 quod
2425 4007 2620 4063 iterum
2653 4008 2830 4065 eidem
2862 4007 3068 4062 initiari
3092 4023 3198 4062 non
3222 4007 3579 4076 concedatur,

1931 4096 1942 4104 ’
1999 4118 2118 4172 cap.
2141 4118 2221 4170 νι,
2257 4103 2310 4156 1.

2070 4211 2132 4249 ιι.
2165 4194 2420 4250 Hebraeos
2436 4207 2540 4248 una
2561 4208 2684 4250 cum
2701 4208 2890 4250 eorum
2910 4193 3068 4250 laude
3087 4191 3423 4262 consolatur,
3447 4195 3582 4252 ibid.

1995 4304 2128 4343 vers.
2153 4287 2208 4342 9.

2073 4379 2201 4435 Vlll.
2237 4377 2452 4434 Certam
2474 4379 2844 4435 esseostendit
2869 4379 2962 4435 Dei
2992 4379 3427 4449 prornisstonem,
3447 4394 3586 4450 prte-

1997 4473 2186 4525 sertim
2217 4471 2262 4525 si
2286 4472 2598 4538 juramenlo
2628 4472 2923 4536 muniatur,
2959 4471 3090 4530 ibid.
3116 4487 3252 4526 vers.
3283 4471 3339 4528 9.

2065 4562 2159 4616 ΙΧ.
2191 4562 2269 4618 De
2319 4562 2681 4619 Melchisedec
2710 4563 2800 4633 qui
2852 4563 3057 4619 Christi
3116 4562 3342 4634 ﬁguram
3391 4565 3587 4634 gessit,

278 4665 350 4716 τὸ
401 4661 587 4731 ὖνομα
609 4699 626 4727 ,
659 4660 758 4714 καὶ
789 4659 891 4729 τὴν
932 4657 1113 4723 πόλιν,
1165 4653 1262 4710 καὶ
1311 4652 1409 4725 τὴν
1445 4651 1612 4724 ζωὴν,
1643 4652 1741 4704 καὶ
1791 4650 1891 4721 τὴν

2008 4664 2105 4710 Lam
2141 4657 2438 4710 secundum
2472 4656 2708 4712 nou'tinis
2739 4655 3191 4726 signiﬁcationem
3217 4664 3271 4710 et
3303 4656 3581 4710 civitatem

280 4752 636 4828 ἱερωσύνην.

373 4939 477 4992 Ἐν
508 4932 555 5006 ᾧ
581 4936 664 4990 ὅτι
688 4935 783 4990 καὶ
811 4933 907 4988 τοῦ
929 4928 1187 5004 ’Δϐραὰμ
1217 4928 1580 5000 προετιμήθη.

374 5129 509 5182 Ὀτι
537 5125 777 5180 παύεται
808 5123 921 5194 (15)
959 5123 994 5193 ἡ
1022 5117 1117 5174 τοῦ
1145 5115 1362 5188 ’Λαρὼν
1406 5113 1698 5186 ἱερωσύνη,
1738 5123 1773 5192 ὴ
1806 5126 1898 5178 επὶ

276 5221 400 5292 γῆς
429 5213 571 5274 οὖσα
590 5233 604 5247 ⁸
641 5219 858 5271 ἵσταται
886 5215 944 5268 δὲ
971 5215 1005 5283 ὴ
1038 5208 1290 5282 οὐράνιος
1328 5209 1362 5278 ἡ
1393 5207 1654 5281 Χριστοῦ,
1687 5207 1747 5273 ἐξ
1773 5209 1893 5262 ἑτέ.

274 5329 397 5384 pou
429 5310 648 5380 γένους,
702 5309 764 5361 οὐ
818 5304 968 5360 κατὰ
1003 5303 1214 5374 σάρκα,
1259 5297 1381 5350 οὐδὲ
1413 5298 1502 5352 διὰ
1546 5298 1710 5370 νόμου
1759 5315 1894 5371 σαρ-

277 5403 456 5457 κίνου
489 5400 626 5476 (16).

2002 4746 2156 4817 cujus
2178 4763 2272 4801 rex
2291 4753 2604 4816 erat,qnam
2627 4750 2923 4802 secundum
2943 4745 3068 4801 vita;
3091 4746 3396 4801 institutum
3423 4756 3588 4816 atque

2001 4839 2394 4906 sacerdotium,
2429 4855 2547 4906 cap.
2580 4853 2672 4903 vn,
2708 4841 2762 4893 1.

2076 4944 2114 4982 ι.
2142 4930 2202 4981 ln
2231 4942 2338 4997 quo
2384 4930 2636 4984 eumdem
2691 4942 2907 5000 quoque
2939 4928 3255 5007 Abrahamo
3304 4925 3586 4997 praelatum

2003 5017 2170 5075 fuisse
2199 5021 2295 5087 ait,
2329 5037 2445 5088 cap.
2477 5036 2572 5090 vn,
2598 5023 2648 5078 4.
2992 5005 3017 5012 θ’
3433 5041 3439 5048 ·

2074 5111 2143 5169 Χ.
2169 5113 2323 5180 Quod
2344 5129 2563 5170 cessare
2596 5115 2757 5172 debet
2802 5117 2984 5170 Aaron
3034 5115 3426 5181 sacerdotium,
3458 5128 3585 5169 cum

2004 5213 2280 5260 terrenum
2309 5205 2378 5260 sit
2408 5223 2422 5260 :
2457 5205 2672 5261 ﬁrmum
2700 5216 2878 5263 autem
2911 5207 3370 5278 permanetlonge
3398 5205 3586 5261 diver-

2001 5311 2121 5351 sum
2177 5296 2400 5350 caeleste
2454 5297 2654 5354 Christi
2712 5301 3098 5364 sacerdotium,
3148 5299 3290 5368 quod
3348 5311 3455 5352 non
3504 5307 3584 5351 est

2004 5389 2296 5444 secundum
2323 5405 2540 5445 carnem
2568 5406 2743 5461 neque
2771 5409 2868 5462 per
2925 5392 3094 5462 legem
3129 5390 3433 5458 carnalem,
3463 5405 3581 5460 cap.

2003 5495 2094 5545 ru,
2117 5481 2203 5536 11.

1503 5597 1713 5656 ιΑυιι.
1753 5596 2078 5655 ZACAGMI
2118 5593 2351 5650 NOTE.

367 5739 491 5814 (‘1‘)
526 5739 684 5814 5pm!
704 5723 1117 5814 Δίιῖιῑιιιῐιθιιί-ιιιι]
1151 5747 1257 5814 est,
1287 5733 1609 5814 ἐπιτίμησις
1632 5737 1746 5798 τοῖς
1768 5734 1885 5788 δεο-

526 5806 848 5884 Palatinus,
870 5809 948 5884 ᾡς
983 5808 1173 5884 εἰςᾼέτι
1197 5806 1491 5884 δεομένοιςε

372 5873 494 5955 (15)
525 5873 840 5952 Palatinus,
860 5873 1407 5953 Cryptol'erratensis,
1443 5875 1677 5932 Urbinas
1699 5883 1754 5931 et
1779 5873 1869 5929 Va-

624 5972 902 6034 ΡΛτιιοι..
950 5978 1069 6035 bu.
1118 5967 1412 6031 LXXXV.

1995 5735 2209 5788 ticanus
2242 5748 2391 5788 num.
2434 5731 2560 5798 367,
2589 5733 2882 5791 παύσεται.
2924 5733 3235 5803 Stephanus
3267 5733 3450 5802 habet,
3475 5729 3578 5788 πέ-

1996 5820 2221 5857 παυται.
2254 5804 2375 5860 Mox
2405 5805 2668 5874 ἐπίγειος,
2701 5815 2758 5859 ιιι
2787 5809 2838 5859 in
2882 5805 3152 5862 Palatino.

2067 5874 2182 5944 (161
2218 5877 2526 5945 Stephanus
2563 5879 2750 5944 habet,
2774 5875 3074 5948 σαρκικοῦ.

3112 5966 3188 6029 25
