4048 6386
371 383 477 454 781

1441 395 1700 455 EDITIO
1737 396 2265 457 EPISTOLARUM
2303 397 2550 457 PAULI.

3533 394 3643 457 782

374 507 540 568 αὐτὸς
576 503 867 576 Ὑμέναιον
895 505 988 558 καὶ
1029 503 1370 577 Ἀλέξανδρον
1401 509 1816 578 ναυαγήσαντας
1841 511 1962 578 περὶ

2071 509 2341 578 objurget.
2381 509 2512 560 Nam
2547 517 2602 561 ct
2639 506 2750 576 ipse
2779 505 3124 576 Ilymcnzeum
3157 517 3210 561 et
3247 507 3641 572 Alexandrum,

373 601 476 671 τὴν
506 595 690 651 πίστιν
735 596 1084 667 παραδέδωκε
1116 596 1195 666 τῷ
1225 598 1462 669 Σατανᾷ,
1506 600 1592 651 ἵνα
1631 599 1960 653 παιδευθῶσι

379 689 459 760 μὴ
493 686 839 758 βὶοισφημεῖν
869 687 1005 756 (22).
1041 687 1226 740 Ταῦτα
1258 688 1600 759 ὑπομνήσας,
1629 690 1814 743 λοιπὸν
1843 690 1958 743 δια-

373 780 568 832 τάσσει
597 777 748 848 αὑτῷ
803 777 1034 840 κανόνας
1089 777 1587 847 ἐκκλησιαστικοὺς
1625 779 1755 848 περὶ
1794 795 1961 850 προσ-

375 870 566 940 ευχῆς,
606 869 726 930 πῶς
755 868 851 922 καὶ
883 867 1009 933 ποῦ,
1050 868 1146 920 καὶ
1178 869 1308 939 περὶ
1355 868 1517 921 τίνων
1541 868 1622 922 δεῖ
1667 869 1961 940 προσεύχε-

381 961 526 1015 σθαι.
563 960 700 1031 Περὶ
724 959 818 1013 τοῦ
850 961 1012 1031 σιγᾷν
1041 961 1098 1012 ὲν
1135 958 1402 1029 ἐκκλησίᾳ
1436 957 1536 1022 τὰς
1555 961 1840 1027 γυναῖκας,
1868 960 1962 1013 καὶ

382 1053 585 1123 μᾶλλον
640 1051 956 1123 μανθάνειν,
991 1051 1086 1104 καὶ
1144 1051 1219 1122 μὴ
1258 1049 1530 1104 διδάσκειν
1585 1050 1774 1114 αὑτάς.
1827 1050 1962 1119 Περὶ

376 1145 770 1208 καταστάσεως
804 1143 1142 1207 ἐπισκόπων,
1173 1142 1268 1195 καὶ
1306 1141 1695 1214 πρεσϐυτέρων
1722 1142 1816 1195 καὶ
1845 1142 1963 1195 δια-

375 1236 576 1300 κόνων,
612 1234 734 1298 πῶς
781 1233 878 1288 καὶ
915 1233 1134 1296 ὁποίους
1179 1228 1322 1286 εἶναι
1358 1232 1440 1286 δεῖ
1479 1233 1607 1296 τοὺς
1635 1232 1964 1303 καθισταμέ-

373 1345 524 1390 νους.
565 1327 700 1396 Περὶ
735 1324 846 1378 τῶν
905 1325 963 1377 ὲν
995 1326 1062 1395 τῇ
1095 1323 1364 1394 ἐκκλησίᾳ
1395 1323 1603 1394 χηρῶν,
1637 1322 1745 1376 ἀπὸ
1781 1323 1962 1376 πόσων

377 1417 519 1470 ἐτῶν
552 1416 659 1486 χρὴ
707 1415 912 1478 ταύτας
954 1413 1352 1482 καταλέγεσθαι
1377 1454 1391 1480 ,
1429 1413 1525 1466 καὶ
1565 1413 1756 1477 ὁποίας
1794 1414 1964 1477 αὑτὰς

376 1505 520 1562 εἶναι
555 1509 657 1572 δεῖ,
698 1509 793 1560 καλ⁴
824 1507 941 1568 πῶς
982 1507 1174 1568 αὑταῖς
1212 1505 1293 1559 δεῖ
1325 1506 1638 1578 προσέχειν.
1693 1505 1829 1576 Περὶ
1867 1506 1960 1558 τοῦ

379 1601 682 1668 σωφρονεῖν
721 1598 819 1662 τὰς
857 1597 1156 1669 νεωτέρας,
1189 1598 1285 1652 καὶ
1336 1599 1535 1668 γαμεῖν
1584 1595 1816 1668 μᾶλλον,
1871 1597 1964 1649 καὶ

379 1694 461 1762 μὴ
496 1691 740 1761 αἰσχρῶς
770 1691 890 1761 ζῇν.
931 1690 1069 1761 Περὶ
1097 1689 1190 1743 τοῦ
1223 1688 1624 1761 παραγγέλλειν
1645 1691 1759 1750 τοῖς
1794 1688 1962 1740 πλου-

379 1785 522 1847 σίοις
557 1783 633 1854 μὴ
665 1783 1083 1854 ὑψηλοφρονεῖν,
1118 1781 1253 1852 μηδὲ
1293 1780 1532 1844 ἐλπίζειν
1565 1780 1659 1832 ἐπὶ
1694 1777 1772 1849 τῷ
1800 1777 1963 1831 πλούο

2069 601 2157 668 qui
2189 599 2307 652 ﬁdei
2337 596 2674 664 naufragium
2712 597 2971 660 fet'cranl,
3003 597 3216 652 Satanae
3247 598 3561 664 tradiderat,
3587 608 3646 651 ut

2069 693 2339 745 discerent
2362 704 2467 744 non
2517 687 2916 756 blasphemare.
2955 687 3031 742 De
3067 688 3150 742 his
3174 689 3264 742 ubi
3300 688 3642 744 Timotheum

2066 779 2367 843 admonuit,
2387 777 2783 833 ecclesiasticas
2811 779 3151 848 postmodum
3183 779 3399 847 regulas
3468 779 3647 832 sancit

2067 874 2135 925 de
2169 871 2456 926 oratione:
2485 870 2698 926 scilicet
2725 871 2998 939 quomodo
3033 879 3089 925 et
3119 870 3233 934 ubi,
3268 885 3333 923 ac
3356 870 3422 925 de
3447 871 3646 938 quibus

2063 960 2280 1028 precari
2314 968 2584 1028 oporteat.
2618 961 2692 1014 De
2739 959 3082 1026 mulieribus,
3115 969 3328 1015 taceant
3382 959 3434 1014 in
3471 960 3646 1014 eccleo

2070 1051 2172 1114 sia,
2197 1059 2250 1104 et
2277 1059 2335 1106 ut
2363 1051 2544 1120 potius
2573 1051 2794 1107 discant
2823 1065 2988 1121 quam
3031 1051 3287 1107 doceant.
3310 1051 3387 1106 De
3435 1051 3647 1120 episco-

2069 1143 2172 1214 pis,
2195 1141 2526 1214 presbyteris
2563 1150 2620 1198 et
2677 1143 2940 1208 diaconis,
2973 1143 3242 1212 quomodo
3278 1140 3646 1197 consumendi

2070 1237 2200 1301 sint,
2248 1245 2303 1290 et
2349 1235 2536 1306 quales
2574 1244 2825 1306 Oporteat
2875 1249 2970 1290 eos
3017 1249 3159 1290 esse.
3196 1232 3274 1288 De
3311 1233 3488 1288 viduis
3529 1247 3649 1300 quae

2068 1337 2196 1381 sum
2227 1326 2285 1380 in
2317 1325 2581 1386 Ecclesia.
2613 1325 2764 1395 cujus
2786 1327 2962 1382 aetatis
2994 1326 3104 1382 sint
3160 1323 3648 1394 eligendamqnales

2067 1434 2189 1474 esse
2239 1419 2496 1486 debeant,
2529 1421 2803 1490 quomodo
2851 1419 3162 1475 earumdem
3209 1433 3406 1473 curam
3455 1431 3646 1486 gerere

2068 1521 2336 1578 oporteat.
2369 1513 2442 1567 De
2470 1511 2795 1580 junioribus,
2830 1521 2887 1566 ut
2917 1513 3175 1566 modeste
3199 1511 3334 1574 sint,
3354 1518 3410 1564 et
3440 1507 3647 1561 nubant

2069 1603 2248 1673 potius
2272 1618 2434 1672 quam
2479 1604 2712 1675 turpiter
2741 1604 2944 1658 vivant.
2977 1603 3052 1657 De
3096 1601 3356 1657 divitibus
3410 1601 3646 1668 denique

2069 1694 2444 1757 admonendis,
2474 1710 2542 1749 ne
2570 1694 2922 1758 extollantur,
2942 1708 3116 1764 neque
3171 1693 3332 1747 ullam
3363 1692 3414 1745 in
3446 1691 3646 1746 divitiis

2069 1801 2217 1860 spem
2259 1785 2512 1841 habeant.
2536 1784 2712 1841 Hasce
2751 1786 2843 1841 ubi
2901 1785 3115 1856 regulas
3169 1785 3370 1847 sanxit,
3399 1783 3648 1837 hortatur

376 1893 478 1946 τῳ.
526 1876 660 1945 Περὶ
711 1877 916 1928 τούτων
948 1874 1341 1944 διαταξάμενος
1387 1871 1760 1943 προετρέπετο
1802 1871 1962 1924 αὑτὸν

2068 1878 2267 1946 ipsmn,
2303 1887 2362 1931 ut
2411 1894 2505 1933 eas
2565 1877 2700 1933 alios
2757 1877 3215 1948 doeeat,aquam
3268 1877 3498 1947 amplius
3538 1890 3645 1929 non

373 1965 556 2019 ταῦτα
586 1965 880 2034 διδάσκειν,
911 1967 1006 2020 καὶ
1043 1967 1242 2037 μηκέτι
1283 1965 1382 2037 μὲν
1417 1965 1755 2034 ὑδροποτεῖν,
1797 1979 1966 2034 προσ-

377 2059 529 2128 έχειν
557 2058 616 2110 δὲ
647 2058 850 2129 ἐαυτῷ,
889 2058 984 2112 καὶ
1031 2060 1098 2130 τῇ
1137 2058 1476 2128 διδασκαλίᾳ,
1524 2056 1702 2110 εἰδότα
1748 2055 1966 2109 ἔσεσθαι

379 2151 612 2220 καιροὺς
642 2151 700 2202 ὲν
737 2145 820 2213 οἷς
849 2150 1252 2220 ἀποστήσονταί
1289 2167 1434 2212 τινες
1467 2150 1565 2220 τῆς
1593 2149 1848 2210 πίστεως.
1881 2150 1969 2200 Δι-

373 2241 550 2305 δάξας
585 2241 642 2294 δὲ
669 2239 885 2312 καθαρὰ
917 2234 1058 2294 εἶναι
1089 2240 1279 2294 καὶτὰ
1312 2241 1598 2312 βρώματα,
1631 2241 1723 2292 καὶ
1756 2256 1969 2309 παραγ-

376 2334 572 2401 γείλας
624 2331 773 2403 αὑτῷ
813 2332 1177 2404 ἐκτρέπεσθαι
1216 2333 1316 2396 τὰς
1353 2331 1767 2404 ὲμφιλονείκους
1801 2329 1966 2402 ζητή-

379 2424 632 2489 σεις,⁴ὡς
671 2423 929 2494 βεϐήλους
957 2423 1144 2488 οὔσας,
1182 2425 1266 2494 ἐφ’
1303 2418 1392 2486 αἷς
1437 2423 1532 2477 καί
1571 2439 1715 2486 τινες
1749 2421 1969 2492 καυχώ-

378 2533 539 2588 μενοι
565 2514 884 2586 παρέϐησαν
914 2514 1010 2585 τὴν
1039 2513 1244 2578 πίστιν,
1262 2512 1458 2568 τελειοῖ
1487 2513 1587 2583 τὴν
1617 2511 1958 2581 Ἐπιστολὴν.

1024 2657 1316 2714 ΕΚΘΕΣΙΣ

372 2787 738 2856 Regulale
769 2783 1106 2856 καθολικῶν·
1139 2784 1250 2854 τῆς
1290 2785 1774 2856 πρὸςᾼΤιμόθεον
1802 2785 1958 2856 πρῴ-

450 2854 563 2924 της
591 2855 978 2925 Ἐπιστολῆς,
1007 2854 1530 2926 ,ἐχόντων-,τινῶν
1574 2854 1673 2926 καὶ
1716 2854 1964 2924 μερικὰς

448 2924 922 2994 ὺποδιαιρέσεις,
955 2924 1074 2992 τὰς
1093 2924 1196 2980 διὰ
1220 2924 1328 2979 τοῦ
1361 2925 1786 2992 κινναϐάρεως.

997 3054 1350 3110 ΚΕΦΔΛΔΙΔ

525 3165 644 3235 Τῆς
673 3165 830 3235 πρὸς
859 3165 1139 3235 Τιμόθεον
1167 3160 1532 3229 Ἐπιστολῆς
1559 3159 1816 3230 πρώτης.

449 3296 589 3367 Περὶ
617 3294 715 3363 τῆς
749 3293 828 3356 εἰς
857 3291 1078 3363 ἀγάπην
1107 3288 1241 3345 Θεοῦ
1274 3287 1520 3362 ὁδηγίας,
1548 3287 1651 3359 τὴν
1682 3287 1960 3360 ἀπροσδεῆ

375 3388 616 3458 νομικῆς
645 3384 911 3454 ἀνάγκης.

454 3568 594 3640 Περὶ
620 3569 718 3639 τῆς
751 3566 944 3620 ἑαυτοῦ
972 3565 1206 3636 ἐκλογῆς
1233 3565 1314 3630 είς
1335 3561 1727 3634 εὑαγγελιστὴν
1745 3563 1809 3616 ὲκ
1838 3559 1964 3616 διώ-

375 3676 514 3711 κτου
548 3650 689 3710 κατὰ
716 3655 876 3728 χάριν
901 3655 1055 3710 Θεοῦ.
1425 3663 1431 3669 ’

459 3747 814 3819 Παραγγελία
838 3745 970 3817 περὶ
1002 3745 1221 3815 πιστῆς,
1255 3745 1348 3800 κα⁹ι
1380 3742 1759 3814 εὑσυνειδήτου
1783 3741 1964 3796 διακο⁹

376 3837 525 3901 νίας,
561 3833 629 3910 ἦς
653 3839 781 3893 ἄνευ
815 3836 1081 3900 κίνδυνος.

452 4019 594 4090 Περὶ
629 4019 794 4090 εὑχῆς
834 4020 918 4072 ὅτι
950 4017 1092 4087 ὑπὲρ
1124 4015 1345 4071 πάντων
1393 4015 1691 4085 πανταχοῦ,
1717 4015 1960 4080 ἀκάκως,

373 4109 699 4180 ἀταράχως,
725 4109 960 4181 σεμνῶς.

455 4201 595 4270 Περὶ
632 4200 998 4267 διδασκάλων,
1049 4201 1134 4255 ὅτι
1177 4201 1374 4273 ἄνδρας
1421 4201 1565 4273 χρὴ,
1611 4200 1705 4254 καὶ
1758 4199 1818 4252 οὑ
1865 4214 1963 4265 γυ-

373 4296 576 4356 ναῖκας
617 4289 759 4346 εἶναι
809 4293 901 4348 διὰ
940 4293 1039 4364 τὴν
1090 4293 1289 4362 φύσιν,
1338 4294 1435 4347 καὶ
1476 4291 1536 4346 τὸ
1572 4291 1764 4359 πάθος,
1795 4290 1854 4344 τὸ
1903 4289 1962 4356 ἐξ

376 4383 627 4455 ἀπάτης,
659 4385 688 4437 δ
719 4384 836 4439 λύει
879 4386 1095 4454 γένεσις
1128 4387 1163 4458 ἡ
1211 4385 1470 4458 Χριστοῦ,
1506 4385 1600 4438 καὶ
1639 4384 1823 4447 πίστις
1866 4382 1963 4437 αὑ-

371 4475 513 4540 τῶν,
550 4475 646 4528 καὶ
678 4474 814 4542 βίος.

448 4660 590 4731 Περὶ
621 4660 825 4732 ἀρετῆς
854 4617 1194 4714 ἐπισκόπων.

453 4845 551 4897 Ἐν
656 4844 784 4916 περὶ
803 4844 1068 4898 διακόνων
1091 4842 1298 4915 ἀνδρῶν
1325 4859 1386 4895 τε
1428 4840 1520 4895 καὶ
1554 4838 1850 4910 γυναικῶν.

449 4935 527 4987 [Is
539 4935 591 5004 ρ“ι
617 4934 768 4997 θείας
803 4933 1156 5005 σαρκώσεως.

447 5025 544 5078 Ἐν
567 5019 612 5078 ὦ
649 5025 775 5094 περὶ
803 5026 914 5079 τῶν
941 5027 1213 5097 ἐσομένων
1242 5025 1508 5087 αἱρέσεων
1533 5021 1881 5092 δαιμονικῶν.

449 5208 589 5278 Περὶ
613 5209 823 5279 ἀγῶνος
843 5172 1241 5274 εὑσεΰείαςχὶτΐ
1263 5209 1456 5264 ἐλπίδι.

2068 1965 2247 2030 bibat,
2277 1973 2328 2020 et
2381 1965 2483 2019 sibi
2515 1976 2680 2036 atque
2727 1968 2990 2020 doctrinae
3033 1968 3300 2030 attendat,
3334 1981 3458 2020 eum
3510 1966 3647 2020 sciat

2068 2055 2249 2110 futura
2272 2071 2396 2111 esse
2415 2066 2654 2127 tempora
2681 2059 2878 2128 quibus
2929 2058 3167 2113 nonnulli
3201 2058 3494 2113 discessuri
3519 2067 3646 2112 sunt

2069 2162 2098 2201 a
2141 2149 2264 2202 ﬁde.
2302 2146 2596 2218 Postquam
2632 2159 2816 2204 autem
2838 2149 3070 2206 mundos
3089 2164 3308 2220 quoque
3337 2149 3491 2204 cibos
3522 2162 3648 2204 esse

2068 2240 2273 2307 docuit,
2331 2241 2693 2312 praecepitque
2743 2252 2806 2297 ut
2871 2242 3240 2297 contentiosas
3295 2241 3645 2311 qumstiones,

2069 2341 2255 2401 utpote
2305 2332 2562 2402 profanas
2623 2333 2815 2399 evitet,
2875 2335 2926 2388 in
2983 2334 3178 2404 quibus
3238 2333 3478 2388 nonnulli
3527 2347 3647 2387 sese

2067 2425 2360 2490 gloriantes
2416 2440 2444 2476 a
2522 2424 2627 2479 ﬁde
2687 2423 3032 2492 aberrarunt,
3087 2423 3302 2479 tandem
3377 2421 3646 2478 concludit

2066 2513 2380 2585 Epistulam.

2659 2660 3029 2717 ELENCIHJS
3113 2701 3118 2708 .

2062 2785 2310 2856 Cupitum
2350 2785 2597 2856 Ερὶειοιαν
2621 2784 2649 2838 1
2677 2786 2750 2856 ad
2775 2784 3119 2856 Timotheum,
3143 2797 3362 2856 quorum
3391 2781 3645 2834 nonnulla

2136 2853 2482 2922 particular“
2498 2855 2878 2908 subdiuisioncs
2896 2855 3085 2907 habent
3105 2853 3276 2906 rubris
3301 2867 3638 2904 nantcroram

2136 2926 2274 2978 notis
2305 2925 2606 2995 designatas
2621 2967 2635 2979 .

2729 3047 2977 3104 CAPITA

2369 3158 2528 3214 Pauli
2550 3158 2803 3232 Epistolas
2833 3158 2856 3213 ι
2880 3160 2950 3213 ad
2995 3157 3342 3214 Timorhctmr.

2139 3287 2184 3344 1.
2212 3288 2288 3346 De
2347 3288 2596 3346 ﬁdelibus
2651 3291 2720 3345 ad
2773 3289 2866 3344 Dei
2922 3288 3245 3344 charitatem
3290 3285 3641 3349 adducendis,

2067 3383 2273 3451 absque
2303 3382 2505 3437 veteris
2547 3381 2682 3454 legi-6
2735 3389 3003 3453 praecepta
3032 3379 3356 3436 observandi
3399 3378 3638 3432 necessi-

2065 3483 2204 3530 tate.

2131 3565 2198 3621 ll.
2236 3566 2310 3622 De
2342 3581 2438 3622 sua
2459 3578 2554 3636 per
2583 3565 2812 3632 gratiam
2849 3564 2942 3620 Dei
2984 3580 3048 3619 ex
3074 3571 3426 3635 persecutore
3449 3560 3640 3617 Eccle-

2065 3656 2163 3711 sise
2190 3655 2244 3710 in
2270 3656 2661 3726 evangelistam
2695 3655 2982 3723 electione,
3017 3671 3136 3724 cap.
3172 3669 3212 3718 ι,
3252 3653 3340 3709 12.

2139 3743 2223 3798 ill.
2254 3742 2564 3800 Admonitio
2593 3745 2658 3799 de
2678 3745 2984 3799 ministerio
3005 3743 3253 3808 ﬁdeliter,
3273 3751 3474 3798 etcum
3501 3742 3641 3797 bona

2067 3834 2402 3890 conscientia
2458 3835 2731 3900 obeundo,
2770 3834 2886 3889 sine
2935 3848 3040 3902 qua
3081 3833 3148 3887 de
3209 3832 3404 3888 anima:
3463 3831 3644 3886 salute

2067 3927 2423 3999 periclitatur,
2472 3926 2600 3980 ibid.
2631 3925 2716 3981 18.

2141 4017 2227 4076 ιν.
2261 4019 2534 4075 Orandum
2563 4033 2684 4073 esse
2707 4027 2808 4089 pro
2849 4017 3123 4077 omnibus,
3155 4013 3373 4084 ubique,
3407 4015 3642 4076 sincere,

2065 4111 2154 4180 pie
2183 4117 2235 4165 et
2266 4111 2386 4166 sine
2418 4110 2524 4164 ulla
2561 4109 2728 4164 animi
2764 4107 3192 4179 perturbatione,
3232 4123 3349 4176 cap.
3381 4122 3443 4171 ιι,
3474 4108 3525 4161 1.

2138 4199 2206 4255 γ.
2242 4200 2474 4256 Docendi
2527 4215 2726 4255 munus
2783 4199 2938 4264 viris,
2968 4212 3075 4252 non
3115 4212 3244 4253 vero
3298 4198 3638 4265 mulieribus,

2067 4291 2458 4362 iniungendum
2499 4306 2641 4355 esse,
2675 4292 2744 4346 ob
2795 4289 3110 4345 earumdem
3155 4299 3404 4344 naturam
3460 4299 3515 4343 et
3571 4292 3638 4342 ad

2065 4385 2358 4436 errandum
2416 4381 2839 4452 proclivitatem,
2893 4394 3054 4451 quam
3103 4378 3302 4433 Christi
3363 4377 3638 4444 nativilas,

2065 4489 2254 4530 earum
2291 4475 2420 4529 ﬁdes
2439 4483 2494 4530 et
2519 4476 2642 4528 vitae
2675 4473 2924 4544 probitas
2975 4470 3136 4534 tollit,
3169 4471 3301 4524 ibid.
3341 4469 3430 4527 12.
3471 4466 3640 4527 Pala-

1991 4566 2039 4626 υ
2073 4570 2216 4621 tium
2247 4577 2294 4621 ct
2327 4565 2834 4638 Cryptoferratensis
2875 4579 3012 4618 vers.
3041 4561 3128 4616 H.

2145 4657 2233 4714 Vl.
2263 4658 2337 4712 De
2388 4661 2589 4714 virtute
2626 4657 3042 4730 episc0porum,
3094 4671 3212 4726 cap.
3256 4670 3342 4721 ιιι,
3368 4655 3425 4712 2.
3473 4651 3642 4709 Iidem

2055 4751 2222 4804 codd.
2249 4765 2377 4804 vers.
2404 4749 2431 4802 1

2145 4857 2183 4895 ι.
2216 4839 2270 4892 In
2290 4855 2404 4910 quo
2438 4840 2502 4894 de
2532 4838 2776 4894 diaconis
2803 4847 2858 4894 et
2882 4838 3225 4905 diacoulssis,
3250 4838 3380 4892 ibid.
3409 4842 3462 4892 6.

2141 4929 2248 4984 VII.
2283 4928 2358 4983 De
2389 4929 2567 4983 divina
2597 4927 2997 4991 incarnatione,
3039 4926 3171 4980 ibid.
3196 4926 3283 4980 16.

2142 5037 2179 5076 ι.
2218 5020 2276 5074 In
2307 5035 2415 5088 quo
2449 5019 2517 5073 de
2548 5017 2744 5072 futuris
2768 5033 2864 5085 per
2890 5016 3084 5071 diaboli
3103 5015 3506 5086 suggestionem
3539 5015 3654 5094 ba:-_

2066 5117 2297 5179 resibus,
2320 5125 2532 5179 capvrv,
2564 5110 2615 5165 1.

2143 5203 2277 5259 VIII.
2310 5201 2387 5258 De
2409 5201 2708 5258 certamine
2731 5199 2946 5267 pietatis
2977 5213 3098 5254 cum
3126 5208 3428 5252 mturorum
3464 5197 3635 5251 bono-

2069 5312 2186 5349 rum
2243 5307 2339 5362 spe
2391 5293 2740 5356 decertando,
2767 5305 2884 5358 cap.
2909 5304 2984 5355 Iv,
3012 5288 3065 5343 8.
3101 5287 3274 5343 Palat.
3304 5297 3353 5342 ct
3389 5286 3630 5356 Cryptof.

2067 5404 2203 5441 ocra.
2243 5385 2302 5453 7,
2332 5386 2397 5438 ab
2435 5382 2543 5436 illis
2573 5377 2970 5445 ocrbis,Ezcrce
2993 5390 3190 5433 autem.

1562 5545 1777 5600 ιΑυιι.
1810 5541 2139 5600 ῑΔΟΑϐΜΙ
2178 5541 2387 5598 ΝΟΤΕ

449 5709 566 5780 (92)
589 5711 667 5765 Ita
696 5709 785 5765 hic
804 5709 962 5766 locus
983 5707 1265 5780 legiturjn
1298 5704 1546 5780 omnibus
1578 5699 1954 5780 V_at_icau:e_bi-

372 5773 662 5839 bliotb'ecae
683 5780 1000 5847 codicibus;
1028 5773 1082 5835 a't
1115 5779 1169 5833 in
1190 5774 1754 5848 Regio-Alexandrino
1790 5773 1953 5826 habe-

2066 5710 2174 5760 tur,
2208 5697 2490 5767 παρέδωκε
2525 5695 2603 5766 τῷ
2627 5696 2860 5766 Σατανᾷ.
2908 5693 3093 5748 Ταῦτα
3128 5693 3442 5762 ὑπομνήσας
3487 5692 3636 5764 αὑτῷ

2061 5769 2338 5822 διατάσσει
2368 5769 2572 5832 λοιπὸν,
2608 5777 2713 5822 cet.
