4048 6372
433 367 541 432 ’183

1695 361 2068 423 EUTHALII
2111 361 2388 423 DIACON
2399 362 2422 420 Ι

3607 351 3715 417 784

512 481 604 537 IX.
636 482 711 537 De
754 494 884 536 cura
941 489 1051 534 tam
1100 480 1186 535 sul
1247 492 1408 548 qnam
1461 475 1719 534 Ecclesiae
1746 476 2018 542 habenda,

2197 476 2336 548 Περὶ
2362 473 2681 546 ἐπιμελείας
2709 469 2877 526 αὐτοῦ
2912 470 3005 523 καὶ
3034 467 3133 540 τῆς
3159 465 3514 539 Ἐκκλησίας.

438 575 631 628 ibidem
650 588 781 628 vera.
803 571 862 626 Il
877 609 893 625 .

515 665 580 720 Χ.
608 663 762 732 Quod
791 677 918 734 erga
952 675 1398 732 unumquemque
1454 661 1852 717 convenienter
1903 671 2026 714 sese

439 771 627 830 gerere
655 757 871 821 debeat,
906 772 1028 825 cap.
1070 770 1123 820 ν,
1157 754 1211 810 I.

508 849 600 904 XI.
625 847 702 903 De
732 847 1018 902 viduarum
1049 856 1228 912 aetate,
1257 848 1501 902 moribus
1542 853 1707 916 atque
1754 845 2026 916 guberna-

445 942 621 1005 tione,
651 939 785 993 ibid.
812 939 868 994 4.
893 939 1190 1010 Cryplofer.
1223 954 1357 994 vers.
1385 938 1439 993 5.

513 1031 626 1088 XII.
652 1031 729 1087 De
757 1032 1195 1102 presbyterorum
1218 1031 1446 1097 honore,
1469 1046 1585 1100 cap.
1617 1046 1672 1095 ν,
1704 1030 1796 1084 I7.

513 1124 654 1179 XIII.
715 1123 789 1178 De
844 1135 1004 1178 caute
1065 1120 1330 1193 eligendis
1379 1122 1633 1178 Ecclesia:
1686 1122 2016 1194 praepositis,

442 1217 575 1270 ibid.
609 1215 703 1270 22.

527 1307 671 1368 XIV.
702 1306 918 1362 Nullam
953 1306 1316 1364 humanarum
1343 1309 1617 1364 actionum
1641 1306 1807 1364 Deum
1835 1307 2026 1373 latere,

440 1399 573 1452 ibid.
608 1397 701 1453 αι.

513 1489 630 1545 XV.
675 1488 748 1546 De
781 1488 1082 1546 obedientia
1135 1504 1440 1554 servorum,
1469 1507 1588 1560 cap.
1622 1506 1696 1556 vr,
1729 1491 1780 1545 I.

541 1580 682 1637 XVI.
729 1581 1009 1637 Adversus
1053 1596 1252 1636 avaros
1301 1590 1354 1637 et
1411 1581 1577 1638 falsos
1643 1590 2027 1651 praeceptores,

444 1672 578 1725 ibid.
603 1671 660 1726 5.

521 1761 683 1818 XVII.
717 1763 1027 1818 Mandatum
1068 1762 1306 1819 maxime
1348 1763 1645 1818 timendum
1694 1775 1805 1832 quo
1855 1761 2030 1829 jubet,

2202 657 2341 731 Περὶ
2377 655 2471 712 τοῦ
2497 655 2848 728 ἁρμοζόντως
2870 654 3088 726 ἑκάστῳ
3114 652 3541 726 προσφέρεσθαι.

2199 842 2338 915 Περὶ
2368 841 2556 914 χηρῶν
2585 841 2827 912 ἡλικίας,
2873 841 2968 894 καὶ
2999 839 3202 912 τρόπου
3247 837 3342 891 καὶ
3370 836 3713 908 διοικήσεως.

2198 1032 2335 1103 ﬂspl.
2361 1029 2751 1102 πρεσὸυτέρων
2783 1027 2968 1098 τιμῆς.

2202 1126 2344 1194 Περὶ
2376 1122 2710 1194 χειροτονίας
2733 1119 3029 1190 ἀσφαλοῦς.

2203 1309 2329 1362 Ὀτι
2359 1305 2513 1361 οὐδὲν
2542 1305 2705 1376 ἔργον
2726 1303 2996 1358 λανθάνει.

2201 1497 2338 1566 Περὶ
2357 1494 2559 1548 δούλων
2578 1491 2845 1560 ὑπακοῆς.

2202 1587 2361 1642 Κατὰ
2386 1585 2497 1639 τῶν
2532 1581 2860 1655 φιλοκερδῶν
2890 1580 2983 1634 καὶ
3011 1578 3539 1651 ψευδοδιδασκάλων.

2207 1771 2564 1845 Παραγγελία
2597 1768 2804 1841 φοϐερά
2848 1767 2978 1838 περὶ
3015 1765 3264 1837 καθαρᾶς
3307 1763 3553 1834 ὑπακοῆς
3591 1762 3723 1832 ἄχρι

444 1863 506 1910 ιιι
534 1856 602 1909 ad
635 1854 798 1908 tinem
855 1868 1026 1924 usque
1095 1853 1296 1910 divinis
1354 1854 1639 1926 praeceptis
1669 1853 2010 1925 obtemperet

2154 1865 2344 1929 τέλους.

443 1945 574 2002 ibid.
601 1963 733 2000 vera.
772 1947 861 2002 II.

509 2035 694 2092 XVIII.
732 2036 971 2094 Divitum
1025 2039 1092 2094 ad
1131 2052 1313 2094 veram
1360 2038 1528 2093 vitam
1578 2038 1855 2104 deductio,
1897 2038 2026 2093 ibid.

445 2128 532 2185 I7.
567 2127 772 2187 Versus
795 2128 958 2201 hujus
993 2130 1206 2188 elenchi
1238 2141 1366 2188 sunt
1389 2148 1522 2188 xxn.

983 2256 1476 2315 ARGIIMENTUM

695 2363 1014 2424 Postcrioris
1048 2366 1294 2438 Epistolat
1326 2369 1393 2422 ad
1432 2366 1783 2423 Timotheum.

519 2476 672 2535 Hanc
719 2479 788 2535 ab
842 2476 990 2536 Urbe
1041 2478 1236 2533 iterum
1303 2478 1467 2532 mittit
1515 2476 1836 2546 Epistolam,
1871 2478 2029 2547 cujus

445 2572 609 2627 etiam
641 2569 944 2625 scribenda
977 2570 1092 2625 hac
1148 2567 1250 2624 fuit
1277 2570 1494 2624 occasio
1524 2586 1538 2624 :
1567 2567 1703 2624 Cum
1733 2570 1768 2624 ii
1802 2571 1894 2640 qui
1922 2586 2027 2625 una

446 2677 571 2718 cum
599 2660 860 2733 Apostolo
912 2660 1423 2732 peregrinabantur,
1455 2675 1580 2716 eum
1614 2661 1986 2718 deseruissent
2015 2701 2032 2728 ,

451 2755 680 2824 cupiens
733 2752 1051 2824 Apostolus,
1079 2763 1138 2806 ut
1188 2751 1506 2807 Timetbeus
1548 2753 1619 2806 ad
1683 2768 1744 2809 se
1801 2754 2032 2821 veniret,

451 2848 592 2900 hanc
618 2844 720 2915 ipsi
755 2844 951 2900 scribit
974 2842 1292 2914 Epistolam.
1321 2843 1388 2899 Et
1423 2845 1657 2914 primum
1689 2845 1909 2916 quidem
1935 2846 2032 2910 ait,

447 2950 509 2990 se
538 2945 649 2990 tum
673 2936 890 3006 pietatis
908 2935 1100 3008 ipsius,
1121 2946 1233 2991 tum
1271 2936 1392 2991 IIdei
1433 2939 1735 3007 genitorum
1767 2938 1884 3007 ejus
1929 2953 2038 2994 me-

450 3040 657 3081 morem
683 3041 826 3083 esse.
863 3026 1068 3083 Deinde
1097 3027 1167 3082 ab
1191 3027 1278 3082 his
1302 3028 1395 3098 qui
1421 3043 1488 3083 ex
1538 3029 1668 3086 Asia
1695 3038 1876 3094 erant,
1907 3044 2038 3100 quo-

451 3135 569 3174 rum
603 3132 636 3174 e
665 3134 892 3175 numero
919 3119 1205 3193 Pbygellus
1240 3128 1295 3175 et
1321 3120 1724 3191 Hermogenes,
1746 3138 1806 3178 se
1828 3123 1957 3178 dum
1979 3123 2033 3178 in

2203 2048 2484 2104 Πλουσίων
2527 2045 2720 2118 όδηγία
2769 2046 2862 2099 ἐπὶ
2896 2043 2994 2115 τὴν
3039 2042 3208 2106 ὅντως
3270 2040 3437 2111 ζωήν.
3506 2037 3719 2108 Στίχσσνν

2133 2142 2239 2214 κβ’.

2751 2261 3098 2316 ΥΠΟΘΕΣΙΣ

2243 2372 2357 2443 Τῆς
2393 2371 2544 2442 πρὸς
2577 2372 2853 2440 Τιμόθεον
2882 2368 3170 2438 δευτέρας
3198 2362 3586 2431 Ἐπιστολῆς.

2203 2482 2421 2552 Ταύτην
2451 2479 2758 2534 ἐπιστέλλει
2791 2477 2957 2532 πάλιν
3003 2476 3114 2530 ἀπὸ
3148 2473 3404 2546 Ῥώμης’
3448 2475 3482 2542 ἡ
3509 2471 3566 2524 δὲ
3598 2473 3731 2542 πρό-

2134 2592 2297 2646 φασις
2335 2573 2430 2628 καὶ
2470 2572 2677 2642 ταύτης
2709 2569 2808 2641 τῆς
2841 2567 3165 2638 Ἐπιστολῆς
3195 2568 3342 2620 ἐστιν
3374 2565 3511 2634 αὕτη
3533 2581 3546 2596 ο
3599 2565 3729 2618 Τῶν

2137 2667 2710 2738 συναποδημησάντων
2749 2663 2862 2734 (25)
2913 2663 2991 2733 τῷ
3039 2661 3238 2732 Παύλῳ
3283 2657 3734 2727 καταλειψάντων

2133 2759 2318 2824 αὑτὸν,
2361 2758 2685 2828 βουλόμενος
2718 2755 2883 2820 αὐτὸς
2910 2757 2940 2808 ό
2962 2753 3288 2816 Ἀπόστολος
3337 2751 3515 2804 ἐλθεῖν
3542 2749 3727 2820 Τιμό-

2135 2851 2256 2905 θεον
2286 2849 2423 2921 πρὸς
2442 2849 2622 2914 αὑτὸν,
2650 2847 2852 2920 γράφει
2879 2845 2978 2914 τὴν
3002 2845 3342 2914 Ἐπιστολὴν.
3367 2844 3477 2896 Kal
3502 2841 3727 2912 πρῶτον

2139 2943 2239 3015 μὲν
2278 2941 2536 3013 σημαίνει
2584 2939 2780 2994 ἑαυτὸν
2811 2936 3174 3009 μνημονεύειν
3214 2933 3380 2989 αὑτοῦ
3409 2947 3468 2988 τε
3502 2933 3605 3003 τῆς
3638 2935 3736 2986 εύ-

2135 3033 2379 3098 λαδείας,
2442 3033 2537 3086 καὶ
2592 3030 2694 3100 τῆς
2751 3029 2862 3083 τῶν
2913 3028 3191 3100 προγόνων
3241 3025 3409 3080 αὑτοῦ
3469 3025 3732 3088 πίστεως.

2140 3127 2370 3179 Ἔπειτα
2396 3123 2548 3195 δηλοῖ
2563 3122 2701 3194 (24),
2719 3121 2801 3174 ὅτι
2820 3121 2869 3174 οἱ
2899 3119 3008 3174 άπὺ
3031 3119 3130 3190 τῆς
3159 3117 3365 3181 ⁹Δσίας,
3383 3110 3460 3172 ὧν
3479 3119 3596 3170 ἐστι
3620 3115 3735 3169 Φύ-

453 3211 679 3270 vinculis
703 3219 870 3278 esset,
895 3192 1166 3268 desertum
1195 3212 1364 3268 fuisse
1382 3212 1688 3283 signiﬁcat:
1721 3228 1786 3270 ac
1809 3223 2034 3285 praeter-

2154 3217 2333 3287 γελλος
2354 3192 2460 3270 καὶ.
2491 3192 2848 3286 Ἑρμογένης,
2878 3211 3314 3282 ἀπεστράφησαν
3346 3208 3530 3273 αὐτὸν,
3559 3206 3739 3278 δρῶν-

450 3317 518 3358 ea
570 3301 970 3374 Onesipborum
989 3301 1220 3357 Romam
1255 3303 1896 3373 venientem,secumque
1925 3317 2041 3356 ma-

459 3403 680 3450 nentem
727 3407 786 3449 se
829 3393 1134 3464 suscepisse
1190 3395 1397 3450 scribit.
1449 3395 1704 3465 Praecipit
1735 3403 1940 3458 autem,
1980 3402 2041 3448 ut

455 3484 650 3542 stultas
685 3485 883 3541 devitet
913 3485 1266 3554 quaestiones,
1297 3495 1583 3557 propterea
1619 3485 1765 3557 quod
1803 3498 1871 3540 ex
1908 3483 2041 3554 ipsis

455 3577 836 3634 contentiones
867 3577 1132 3632 oriantur.
1162 3575 1440 3648 Siquidem
1469 3577 1791 3648 Hymenaeus
1828 3584 1882 3629 et
1913 3573 2043 3631 Phi-

458 3668 596 3724 Ietus
611 3682 708 3741 per
729 3683 823 3724 eas
845 3667 1051 3724 seducti
1069 3684 1098 3723 a
1123 3669 1346 3724 veritate
1368 3667 1755 3724 aberraverant
1772 3667 2040 3735 dicentes,

457 3763 568 3832 jam
602 3762 797 3818 factam
829 3777 949 3818 esse
990 3761 1468 3828 resurrectionem,
1502 3769 1557 3816 et
1606 3760 1744 3815 alios
1779 3760 2041 3830 quosdam

459 3854 811 3912 seducebant.
848 3852 1016 3924 Magis
1045 3852 1229 3924 itaque
1253 3851 1533 3924 magisque
1564 3850 1834 3918 hortatur,
1856 3860 1915 3906 ut
1939 3849 2043 3906 sibi

460 3957 622 4018 atque
647 3945 909 4001 doctrinae
934 3945 1200 4011 attendat,
1235 3945 1381 4000 baud
1419 3943 1642 4014 ignarus
1689 3942 1954 3998 aduturos
1989 3945 2042 3995 in

461 4038 726 4095 extremis
774 4038 1108 4107 temporibus
1165 4037 1414 4093 homines
1453 4052 1564 4092 suae
1597 4036 1892 4107 opinionis,
1918 4049 2044 4089 sna-

463 4143 694 4198 rumque
737 4128 910 4200 magis
971 4128 1302 4199 voluptatum
1348 4143 1512 4198 quam
1563 4127 1660 4183 Dei
1724 4138 2043 4183 amatores:

462 4238 694 4294 cumque
715 4223 835 4278 lucc
859 4221 1037 4279 futura
1059 4225 1377 4296 praevideat,
1402 4222 1626 4294 populos
1647 4222 1955 4288 conﬁrmet,
1979 4234 2048 4275 ne

463 4314 587 4386 quis
618 4313 686 4369 ab
711 4311 817 4368 illis
844 4312 1164 4384 decipiatur.
1198 4313 1414 4370 Acriter
1445 4313 1670 4381 insuper
1704 4312 1879 4380 ipsum
1911 4311 2047 4365 bor-

467 4413 635 4470 tatur,
649 4419 771 4459 cum
796 4405 864 4460 de
883 4404 951 4461 iis
973 4420 1093 4475 qua:
1118 4406 1186 4460 ad
1199 4419 1408 4466 mores,
1426 4410 1541 4456 tum
1573 4401 1738 4455 etiam
1761 4401 1827 4454 de
1847 4401 2050 4470 iisquae

2139 3327 2232 3374 τες
2283 3307 2450 3363 αὑτοῦ
2507 3307 2604 3370 τὰς
2645 3304 2896 3368 άλύσεις·
2949 3303 3042 3357 τὸν
3091 3303 3448 3374 Ὀνησιφόρον
3504 3301 3619 3372 (25)
3676 3299 3736 3355 δὲ

2140 3398 2442 3464 ἀπεδέξατο
2472 3396 2695 3451 ἐλθόντα
2728 3396 2807 3459 είς
2834 3393 2936 3464 τὴν
2963 3392 3206 3465 Ῥώμην,
3229 3393 3320 3446 καὶ
3354 3390 3738 3462 συμμείναντα

2142 3491 2312 3562 αὐτῷ.
2344 3487 2723 3562 Παραγγέλλει
2745 3486 2802 3539 δέ
2828 3486 2978 3557 αὐτῷ
2999 3482 3386 3556 παραιτεῖσθαι
3410 3482 3510 3545 τὰς
3542 3481 3738 3552 μωρὰς

2143 3585 2422 3656 ζητήσεις,
2447 3581 2536 3635 διά
2563 3580 2625 3634 τὺ
2645 3579 2705 3646 ἐξ
2727 3578 2906 3633 αὐτῶν
2934 3575 3226 3646 γεννᾶσθαι
3261 3575 3462 3645 μάχας.
3483 3573 3598 3627 Καὶ
3625 3572 3740 3644 γὰρ

2153 3675 2445 3746 Ὑμέναιος
2488 3673 2583 3728 καὶ
2633 3671 2885 3740 Φίλητος,
2925 3669 3098 3732 οὕτως
3148 3666 3541 3739 ἐκτραπέντες,
3588 3683 3736 3736 παρ-

2145 3769 2352 3840 έϐησαν
2385 3767 2483 3838 τὴν
2513 3764 2797 3836 ἀλήθειαν,
2833 3762 3086 3832 λέγοντες
3114 3759 3414 3815 ἀνάστασιν
3439 3759 3540 3830 ἤδη
3571 3775 3730 3827 γεγοι

2145 3860 2316 3924 vivat,
2344 3857 2439 3912 καί
2471 3873 2626 3920 τινας
2673 3855 3066 3926 ἀνατρέπουσι.
3100 3853 3318 3909 Μᾶλλον
3345 3847 3440 3905 οὖν
3477 3851 3740 3922 παραινεῖ

2146 3951 2298 4024 αὐτῷ
2328 3950 2615 4024 προσέχειν
2647 3947 2828 4020 ἐαυτῷ
2862 3947 2957 4002 καὶ
2992 3949 3058 4019 τῇ
3092 3945 3437 4016 διδασκαλίᾳ,
3473 3945 3568 3998 καὶ
3599 3944 3739 3997 ειδέ-

2146 4060 2237 4098 ναι
2282 4042 2382 4113 μὲν
2419 4042 2501 4094 ὅτι
2546 4042 2605 4093 ἐν
2659 4039 2910 4108 ὑστέροις
2948 4039 3164 4108 καιροῖς
3192 4037 3409 4090 ἔσονται
3457 4035 3739 4106 ἄνθρωποι

2148 4131 2419 4201 φίλαυτοι,
2448 4130 2542 4184 καὶ
2576 4128 2852 4200 φιλήδονοι
2889 4126 3092 4198 μᾶλλον
3129 4126 3164 4198 ἢ
3202 4125 3470 4194 φιλόθεοι·
3503 4123 3740 4194 προὸλὲ-

2149 4237 2321 4274 ποντα
2352 4220 2410 4274 δέ
2462 4218 2638 4274 ταῦτα
2667 4219 2803 4292 (26),
2839 4218 3239 4289 ἀσφαλίζεσθαι
3271 4217 3397 4280 τοὺς
3438 4216 3623 4279 λαοὺς,
3657 4217 3739 4287 μή

2148 4328 2235 4376 τις
2267 4311 2326 4378 ἐξ
2363 4311 2545 4365 αὐτῶν
2591 4310 2870 4384 ἀπατηθῇ.
2897 4311 3008 4365 Kal
3037 4311 3118 4374 είς
3164 4309 3233 4364 τὰ
3275 4310 3382 4382 ῆθη
3409 4309 3487 4376 δέ,
3519 4308 3614 4362 xal.
3656 4311 3741 4371 εἰς

2148 4404 2250 4476 τὴν
2275 4403 2373 4474 τῆς
2406 4403 2754 4466 διδασκαλίας
2776 4403 3062 4476 ἀκρίσειαν
3085 4402 3256 4456 πολλά
3289 4402 3743 4474 προτρεψάμενος

465 4495 534 4550 ad
571 4495 798 4552 docendi
823 4512 1012 4552 curam
1067 4495 1514 4566 diligentiamque
1554 4493 1860 4562 pertinent;
1887 4500 2042 4561 atque

2154 4497 2339 4561 αὑτὸν,
2371 4497 2467 4551 καὶ
2501 4496 2753 4567 σημάνας
2781 4496 2873 4550 τὸν
2916 4496 3109 4566 καιρὸν
3157 4494 3257 4564 τῆς
3289 4493 3606 4556 ἀναλύσεως
3637 4493 3744 4545 αὑ-

468 4587 558 4641 ubi
586 4596 800 4658 tempus
824 4603 935 4644 suae
964 4587 1316 4644 resolutionis
1344 4581 1674 4653 signiﬁcavit
1702 4582 1931 4650 instare,
1963 4582 2049 4637 Iu-

466 4685 765 4750 turumque
791 4693 914 4735 esse
941 4681 1038 4744 ait,
1070 4687 1130 4732 ut
1161 4676 1474 4730 immoletur
1511 4683 1568 4730 et
1601 4675 1918 4744 martyrium
1951 4690 2050 4746 pa-

469 4770 657 4834 tiatur,
689 4781 804 4825 tum
836 4769 1100 4840 praecipit,
1137 4773 1198 4820 ut
1234 4765 1341 4819 cito
1363 4781 1484 4820 cum
1517 4765 1710 4834 penula
1739 4776 1794 4820 et
1817 4765 1968 4822 libris
1985 4767 2052 4822 ad

468 4871 527 4912 se
549 4860 750 4914 veniat.
785 4859 1028 4928 Denique
1057 4857 1315 4911 admonet
1357 4856 1552 4926 ipsum,
1575 4867 1634 4911 ut
1682 4856 2051 4914 Alexandrum

469 4950 720 5005 aerarium
749 4958 965 5014 caveat,
1001 4958 1060 5001 ut
1088 4946 1180 5017 qui
1215 4959 1274 5001 se
1323 4947 1507 5006 multis
1553 4949 1713 5006 malis
1761 4947 2001 5005 aII'ecerit
2036 4967 2052 5003 :

470 5048 635 5110 atque
653 5041 727 5096 ita
756 5038 1034 5096 concludit
1053 5036 1370 5108 Epistolam.

2156 4588 2252 4642 τοῦ
2280 4588 2564 4642 ἐνεστάναι
2587 4589 2724 4661 (27),
2754 4589 2851 4642 καὶ
2883 4587 3097 4658 μέλλειν
3128 4584 3454 4640 σπένδεσθαι
3481 4585 3573 4640 καὶ
3600 4602 3748 4655 μαρο

2155 4683 2364 4752 τυρεῖν,
2398 4680 2706 4734 ἐνετείλατο
2733 4680 2884 4751 αύτῷ
2923 4679 3097 4732 ἐλθεῖν
3135 4679 3272 4749 πρὸς
3312 4678 3477 4731 αὑτὸν
3505 4678 3745 4747 ταχέως,

2156 4772 2452 4842 κομίζοντα
2487 4773 2586 4845 τὴν
2620 4773 2851 4844 φελόνην
2882 4774 2977 4826 καὶ
3012 4771 3080 4826 τὰ
3125 4770 3329 4842 βιϐλία.
3369 4769 3653 4840 Παρῄνεσε
3686 4770 3747 4824 δὲ

2157 4863 2310 4935 αὐτῷ
2330 4864 2684 4937 Ἀλέξανδρον
2713 4865 2806 4918 τὸν
2828 4864 3034 4935 χαλκέα
3064 4862 3449 4933 φυλάττεσθαι,
3471 4861 3547 4924 ὡς
3575 4860 3750 4914 πολλὰ

2158 4954 2308 5007 κακά
2329 4954 2708 5026 ἐνδειξάμενον
2730 4955 2876 5026 αύτῷ
2894 4972 2906 4986 ο
2931 4954 3026 5009 καὶ
3048 4954 3220 5018 οὕτως
3250 4953 3446 5007 τελειοῖ
3470 4952 3569 5022 τὴν
3590 4953 3751 5005 Ἐπι-

2161 5044 2374 5117 στολήν.

1668 5191 1888 5252 ιΑυιι.
1933 5194 2258 5252 ZACAGNII
2296 5195 2530 5255 NOTAE.

690 5352 851 5426 A_pud_
873 5350 1261 5426 (Eoumenium
1284 5360 1396 5416 est,
1419 5351 1702 5426 cumaea)
1711 5351 1976 5426 animum

556 5419 672 5493 (ει)
713 5419 791 5493 Ita
841 5423 1121 5493 legendum
1157 5423 1368 5476 videtur
1413 5423 1565 5493 juxta
1607 5419 1903 5493 editionem
1933 5423 2058 5493 Ste-

479 5490 672 5575 pbani,
710 5492 838 5547 licet
869 5490 922 5548 in
949 5495 1203 5548 omnibus
1231 5506 1370 5562 quos
1393 5490 1500 5547 vidi
1532 5492 1812 5547 codicibus
1839 5490 1935 5559 sit,
1960 5490 2057 5563 δη-

479 5575 606 5616 Αων.

555 5631 858 5703 (ἳῦλῇριιιι
899 5624 1294 5703 (Ecnmenium
1340 5640 1394 5684 et
1445 5629 1781 5703 Stephanum
1812 5630 2052 5703 legitur,

484 5697 632 5774 μόνῳ
652 5697 734 5774 ’μδέ
754 5697 768 5703 ’
787 5702 1140 5774 Ὀνησιιρόρῳγ
1156 5703 1448 5774 *μαρτυρεί
1484 5697 1740 5774 σπουδὴνΔ
1770 5697 2051 5773 πλείστην,

481 5770 579 5828 xal
594 5770 782 5827 τοῦτον
809 5770 1108 5838 ἀπεδέξατο
1129 5770 1347 5825 ἐλθόντα
1366 5770 1386 5800 “’
1413 5773 1507 5826 sed
1543 5770 1684 5841 apud
1708 5770 2047 5842 Stephanum

2160 5367 2269 5430 '19!
2305 5364 2407 5421 εει,
2433 5357 2728 5430 πλείστην.
2763 5360 2818 5416 In
2863 5359 3129 5416 Vaticano
3153 5369 3334 5415 autem
3359 5359 3546 5414 codice
3590 5373 3747 5415 nnm.

2163 5422 2302 5500 3363.
2321 5439 2388 5500 et
2429 5429 2479 5480 in
2506 5422 3068 5500 Regid-Alexandrino
3097 5432 3349 5495 habetur,
3393 5430 3753 5500 Ὀνησιφόρον

2164 5493 2484 5561 ἀπεδέξατο,
2511 5493 2626 5552 sine
2663 5500 2742 5555 δέ.

2235 5565 2351 5640 (26)
2380 5565 2954 5640 Apud_(Ecumenium
3001 5579 3057 5626 et
3110 5570 3162 5624 in
3201 5569 3462 5640 Stephani
3509 5568 3758 5624 editione

2160 5629 2400 5712 legiturt
2419 5629 2795 5712 προδλέποντα
2825 5640 2884 5694 δὲ
2910 5641 3110 5712 μᾶλλον
3142 5640 3245 5694 ταῦ
3257 5629 3338 5694 τά.

2233 5704 2346 5780 (27)
2387 5704 2681 5780 ln_'eisdem
2720 5704 3078 5778 editionibus,
3115 5727 3210 5780 pro
3237 5710 3546 5774 ἐνεστάναι,
3575 5708 3752 5764 babe-

2163 5785 2270 5840 tur,
2307 5777 2581 5847 ἐνστῆναι.

3517 6351 3548 6356 μ-
3607 6349 3648 6356 -ῂ
3713 6349 3721 6353 -
3787 6348 3814 6353 -
