4048 6406
349 371 461 440 ’185
733 461 736 464 ἢ
759 461 766 466 η
1416 379 1676 440 EDITIO
1713 380 2244 448 EPISTOLARUM
2282 384 2529 446 PAULI.
3503 382 3612 448 786

994 488 1288 544 ΕΚθΕΣΙΣ

2622 494 2986 554 ELENCHUS

357 592 715 664 Κεφαλαίων
736 590 847 659 τῆ(-
871 597 1020 720 at!pr
1045 601 1325 723 Τῇιόέξὲον
1348 599 1629 671 δευτέρας
1660 601 1935 657 Ἐπιστο-

980 684 1056 736 nr;
1139 685 1217 722 αυ
1263 687 1354 724 ου.

2080 605 2323 673 Capitum
2352 608 2594 661 secunda:
2624 602 2787 660 Pauli
2820 604 3075 660 Enistolce
3102 603 3170 659 ad
3204 601 3551 661 Timotheum.

357 774 480 852 Οὐκ
533 771 669 852 ἔχει,
703 772 742 840 ἠ
779 775 929 843 πρὸς
970 777 1251 852 Τιμρθρον
1299 777 1550 852 δευτέρα
1600 779 1932 852 Ἐπιστολὴ

2039 782 2284 839 Secunda
2331 787 2399 838 ad
2439 785 2761 839 Timotheum
2808 781 3046 852 Epistola
3096 785 3329 850 capitum
3371 784 3613 838 sitbdivie

423 841 841 923 guodta{pea'ur
891 841 1276 923 κεφαλαίων,
1324 849 1423 923 καὶ
1467 841 1566 903 διὰ
1605 850 1784 923 τοῦτο
1822 841 1934 904 obit

2108 855 2340 908 siouibus
2362 866 2524 916 caret,
2544 865 2590 907 et
2618 841 2892 923 propterea
2911 854 3083 909 nullas
3100 841 3247 910 habet
3275 869 3610 909 numerorum

420 913 548 981 ἔχει
576 911 675 968 διὰ
706 911 1108 984 κινναϐάρεως
1147 917 1398 986 ἀριθμὸν
1428 918 1864 989 γεγραμμένον.

2108 935 2259 978 notas
2297 911 2569 979 citmaba'ri
2603 911 2872 978 exoratus.

973 1024 1322 1078 ΚΕΦᾹΛΑΙΑ

2703 1028 2950 1086 CAPITA

394 1126 510 1197 Τῆς
535 1127 687 1196 πρὸς
720 1131 997 1200 Τιμόθεον
1023 1131 1306 1256 δῗιτέρας
1335 1134 1700 1204 Ἐπιστολῆς
1745 1136 1902 1190 Παύ-

1117 1220 1208 1256 ου.

2320 1139 2480 1195 Pauli
2510 1139 2760 1209 Epistolis
2787 1137 2848 1196 II
2877 1139 2948 1194 ad
2974 1137 3323 1196 Timotheum.

1117 1220 1208 1256 ου.

430 1316 694 1381 Ἐπαινος
747 1318 850 1388 τῆς
894 1319 1158 1389 Τιμοθέου
1210 1318 1448 1385 πίστεως
1473 1361 1486 1382 ,
1523 1321 1618 1374 καὶ
1656 1322 1937 1393 προτροπὴ

2109 1318 2148 1372 1.
2182 1318 2451 1373 Timothei
2493 1317 2649 1372 ﬁdem
2706 1317 2910 1382 laudat,
2954 1331 3185 1386 eumque
3245 1317 3492 1372 hortatur
3535 1313 3606 1370 ad

358 1407 636 1477 ὑπομονῆς
665 1409 807 1462 κατὰ
831 1409 890 1461 τὸ
925 1409 1133 1480 πρέπον
1158 1413 1224 1481 τῇ
1253 1412 1455 1483 χάριτι,
1481 1413 1539 1464 ἐν
1630 1413 1724 1468 καὶ
1750 1413 1932 1478 αὐτὸς,

2038 1407 2512 1476 perseverandum,
2571 1406 3021 1476 quemadmodum
3095 1406 3250 1460 decet
3315 1404 3406 1459 Dei
3481 1418 3612 1474 gra-

355 1496 515 1568 φησὶ,
547 1498 902 1571 διακαρτερεῖ
923 1501 1172 1570 πάσχων.
1377 1547 1381 1552 .

2040 1495 2285 1560 tiam;in
2315 1509 2418 1564 qua
2472 1509 2531 1550 se
2588 1496 2774 1560 etiam,
2805 1496 2930 1549 dum
2983 1510 3082 1565 pro
3115 1495 3334 1550 Christo
3386 1494 3610 1565 patitur,
3646 1533 3663 1566 ι

2037 1586 2346 1642 conﬁrmari
2371 1588 2587 1651 asserit,
2618 1593 2732 1655 cap.
2766 1603 2811 1649 I,
2838 1588 2892 1641 5.
2919 1583 3040 1640 Pal.
3075 1604 3191 1654 cap.
3225 1603 3263 1649 ι,
3290 1586 3342 1640 1.
3619 1575 3664 1636 'D

425 1680 566 1750 Περὶ
603 1681 702 1752 τῆς
740 1680 1094 1755 ἁρμοζούσης
1125 1685 1464 1755 μεταδόσεως
1504 1687 1612 1743 τῶν
1657 1688 1816 1743 θείων
1849 1689 1936 1743 δο-

2112 1676 2176 1732 II.
2210 1678 2283 1732 De
2311 1687 2436 1749 apta
2470 1677 2926 1747 convenientique
2947 1677 3258 1733 divinorum
3294 1679 3608 1750 dogmatum

351 1787 388 1838 γ
395 1771 603 1838 μάτων.

2041 1767 2352 1834 traditione,
2376 1768 2504 1826 ibid.
2535 1768 2622 1827 15.
2663 1768 2939 1823 Palatinus
2977 1785 3107 1823 vers.
3138 1769 3220 1823 15.

427 1863 566 1934 Περὶ
593 1865 691 1935 τῆς
719 1865 1038 1938 ἀφρόντιδος
1063 1868 1123 1925 ἐν
1153 1866 1232 1942 τῷ
1260 1867 1356 1924 νῦν
1391 1869 1492 1944 βίῳ
1529 1872 1810 1938 πολιτείας
1840 1873 1934 1927 ἐπὶ

2107 1859 2190 1915 lli.
2213 1860 2289 1916 De
2314 1861 2419 1916 vita
2457 1862 2508 1916 in
2541 1863 2642 1917 hoc
2677 1862 2875 1917 saeculo
2905 1863 3024 1915 sine
3069 1861 3432 1917 sollicitudine
3481 1869 3617 1914 tem-

352 1956 478 2019 ταῖς
507 1955 731 2021 άπόνοις
757 1975 787 2011 τ
794 1961 1008 2030 ροφαῖς.

2037 1953 2299 2022 poralium
2324 1968 2505 2008 rerum
2539 1955 2768 2023 agenda,
2803 1969 2926 2008 cum
2978 1954 3117 2009 citra
3145 1953 3383 2008 laborem
3438 1952 3616 2006 victus

2035 2044 2368 2114 suppeditat,
2405 2060 2522 2113 cap.
2551 2059 2612 2110 ιι,
2644 2045 2699 2099 4.
2757 2043 2934 2098 Palat.
2969 2053 3019 2097 et
3081 2059 3218 2097 unus
3262 2059 3290 2097 e
3347 2039 3616 2096 Vaticanis

2036 2148 2169 2189 vers.
2205 2133 2257 2188 ὅ.

425 2233 568 2304 Περὶ
603 2235 708 2307 τῆς
735 2238 816 2302 είς
839 2239 1074 2311 Χριστὸν
1103 2242 1359 2312 πίστεως,
1387 2245 1488 2304 καὶ,
1513 2247 1815 2321 ὑπομονῆς,
1845 2251 1933 2305 ἐπ’

2108 2224 2198 2282 ιν.
2231 2225 2306 2280 De
2335 2225 2437 2280 ﬁde
2467 2226 2520 2280 in
2544 2225 2850 2291 Christum,
2881 2235 2936 2281 et
2977 2213 3264 2280 tolerantia
3308 2225 3362 2278 in
3415 2225 3612 2280 adver-

349 2322 529 2378 ιλπιδι
550 2325 694 2397 ζωῆς
714 2326 848 2383 (28).
1624 2315 1635 2320 ⁷
1747 2315 1759 2321 ’
1800 2315 1808 2317 ’

2037 2319 2114 2374 sis
2137 2319 2204 2373 ob
2241 2327 2458 2372 aeternae
2484 2317 2606 2372 vitae
2636 2332 2806 2387 spem,
2833 2318 2964 2372 ibid.
2997 2333 3130 2372 vers.
3163 2316 3216 2372 8.
3248 2315 3415 2372 Iidem
3447 2317 3603 2371 codi-

2036 2425 2118 2464 ces
2154 2424 2290 2463 vers.
2314 2408 2405 2462 11.

423 2509 568 2581 Περὶ¹
594 2509 760 2582 ὀρθῆς
793 2511 1169 2584 δικαιοσύνης,
1195 2513 1292 2568 καλ⁸
1339 2514 1456 2586 βίου
1493 2516 1758 2590 καθαροῦ,
1785 2520 1938 2591 είρη-

2110 2499 2175 2556 ν.
2197 2499 2271 2556 De
2290 2509 2436 2555 recta
2453 2500 2682 2570 justitia,
2705 2509 2760 2556 et
2785 2492 2894 2556 viia
2914 2515 3048 2571 plura
3097 2516 3161 2558 ac
3187 2500 3434 2572 paciﬁca,
3451 2502 3616 2557 etiam

348 2599 528 2666 νικοΰ,
561 2602 657 2654 καὶ
683 2603 823 2657 κατὰ
845 2603 954 2658 τῶν
982 2604 1260 2661 ἐναντίων.

2037 2605 2163 2659 erga
2197 2591 2563 2657 adversarios,
2599 2591 2728 2646 ibid.
2758 2607 2894 2646 vers.
2934 2592 3023 2647 Η.

421 2693 741 2765 Πρόρῤησις
776 2696 906 2765 περὶ
937 2695 1136 2762 κακίας
1169 2696 1476 2771 ἀνθρώπων
1506 2699 1932 2772 πλεοναζούσης,

2110 2680 2198 2737 Vl.
2241 2681 2529 2737 Praedictio
2587 2682 2655 2738 de
2719 2680 2903 2738 futura
2975 2683 3292 2738 exuberanti
3338 2683 3617 2739 hominum

348 2781 667 2854 ἀπατηλῆς,
697 2783 1086 2855 ἐλεγχομένης.

2038 2772 2265 2839 malitia,
2291 2788 2409 2843 quae
2457 2773 2640 2828 ﬁdeles
2697 2774 2985 2845 deceptura
3015 2782 3096 2830 est
3142 2790 3204 2830 ac
3254 2776 3598 2844 pOstmodum

1252 2862 1259 2866 ’
2037 2865 2412 2934 redarguetur,
2434 2881 2549 2928 cap.
2596 2879 2680 2930 ιιι,
2717 2864 2738 2917 ι
3532 2925 3540 2932 _

423 2965 720 3039 Προτροπὴ
762 2967 862 3037 τῆς
895 2966 1090 3020 ἑαυτοῦ
1133 2968 1422 3040 μιμήσεως
1453 2967 1513 3034 ἐξ
1546 2967 1790 3022 ἐναντίου
1823 2969 1936 3032 τοῖς

2113 2951 2224 3006 Vll.
2254 2951 2515 3007 Hortatur
2553 2953 2618 3006 ad
2645 2951 2813 3007 malos
2837 2951 3136 3022 fugiendos,
3165 2960 3220 3006 et
3253 2952 3318 3006 ad
3376 2951 3460 3007 sui
3489 2951 3614 3005 imi-

350 3057 605 3130 φαύλοις,
631 3059 689 3112 ὲν
725 3057 939 3130 ὑπακοῇ
968 3057 1080 3130 (29)
1111 3057 1270 3114 θεοῦ,
2040 3043 2299 3097 tationem
2359 3044 2415 3099 in
2474 3043 2779 3098 divinorum
2831 3054 3221 3114 praeceptorum
3283 3042 3617 3107 obedientia,

2041 3148 2158 3202 cap.
2192 3148 2274 3198 ιιι,
2297 3132 2386 3188 10.

425 3217 566 3290 Περὶ
604 3217 715 3272 τῶν
749 3217 1263 3290 καινοτομησάντων
1283 3257 1298 3285 ,
1341 3214 1425 3284 οἷς
1475 3217 1785 3275 ἁντιτάττει
1845 3219 1939 3274 τὸν

2041 3178 2734 3279 ’ὀζηονειιοιῑὺιιε
2755 3223 2952 3293 quibus
2981 3221 3330 3278 Timotheum
3368 3223 3614 3293 opponit,

355 3310 649 3382 Τιμόθεον.

2038 3315 2172 3371 ibid.
2205 3314 2471 3383 versJﬁ;
2507 3331 2683 3372 omnes
2713 3317 2806 3372 alii
2837 3317 3040 3372 codices
3080 3333 3196 3385 cap.
3234 3330 3309 3380 tv,
3336 3315 3386 3369 l.

428 3399 570 3470 Περὶ
611 3399 712 3469 τῆς
741 3397 943 3454 ἑαυτοῦ
994 3398 1296 3473 μελλούσης
1331 3398 1643 3466 ἀναλύσεως
1679 3401 1772 3456 ἐπὶ
1810 3400 1941 3473 δόξῃ

2111 3406 2203 3461 IX.
2225 3405 2302 3461 De
2321 3405 2500 3462 futura
2552 3409 2638 3463 sui
2687 3409 2933 3480 corporis
2971 3409 3037 3462 ad
3087 3419 3346 3462 aeternam
3371 3405 3599 3475 gloriam

352 3488 575 3561 αίωνίᾳ.
610 3487 795 3560 Στίχοι
831 3489 914 3546 ιθ.

2039 3492 2389 3561 resolutione,
2438 3511 2554 3565 cap.
2580 3511 2654 3564 tv,
2715 3496 2770 3551 6.
2826 3495 3104 3551 Palatinus
3161 3511 3295 3550 vers.
3330 3494 3384 3550 5.
3405 3495 3606 3551 Versus

2043 3582 2202 3654 hujus
2232 3583 2442 3640 elenchi
2473 3593 2602 3641 sunt
2620 3602 2734 3642 xw.

954 3689 1315 3745 ΥΠΟΘΕΣΙΣ.

2575 3693 3066 3751 ARGUMENTUM

707 3799 822 3868 Τῆς
852 3799 1000 3880 πρὸς
1033 3801 1203 3854 Τίτον
1229 3798 1612 3871 Ἐπιστολῆς.

2519 3804 2772 3875 Epistola:
2818 3805 2888 3859 ad
2947 3805 3145 3860 Titum.

429 3907 647 3978 Ταύτην
677 3908 978 3963 ἐπιστέλλει
1002 3909 1109 3962 ἀπὸ
1128 3909 1500 3976 Νικοπόλεως,
1526 3914 1646 3966 ἐκεῖ
1665 3911 1775 3984 γὰρ
1799 3929 1942 3985 παρ-

2116 3911 2268 3967 Hanc
2298 3914 2365 3968 ab
2400 3913 2534 3968 urbe
2561 3911 2804 3983 Nicopoli
2839 3915 3063 3982 scribit;
3101 3928 3231 3968 nam
3272 3913 3343 3969 ibi
3378 3913 3613 3968 hiemem

357 4001 672 4070 εχείμαζεν·
701 4001 734 4070 ἡ
767 3999 824 4053 δὲ
859 4000 1128 4072 πρόφασις
1163 4002 1265 4071 τῆς
1297 4002 1616 4074 Ἐπιστολῆς
1642 4003 1780 4074 αὕτη
1803 4018 1819 4036 ·
1847 4003 1945 4066 Είς

2047 4001 2399 4071 traducebat;
2427 4004 2729 4060 scribenda:
2755 4015 2933 4060 autem
2972 4004 3227 4074 Epistolas
3256 4005 3375 4059 haec
3404 4002 3505 4058 fuit
3533 4017 3626 4057 oc-

363 4089 466 4161 μέν
491 4090 590 4160 τὴν
625 4091 852 4160 Κρήτην
885 4090 1150 4144 ἀπέλιπεν
1175 4091 1266 4145 τὸν
1294 4092 1473 4157 Τίτον,
1510 4092 1597 4145 ἴνα
1628 4093 1946 4165 καταστήσῃ

2047 4095 2195 4150 casio
2216 4114 2229 4150 :
2250 4095 2430 4150 Titum
2465 4096 2518 4150 in
2541 4095 2700 4151 Creta
2735 4096 3034 4165 reliquerat
3059 4095 3276 4158 Paulus,
3309 4106 3365 4149 ut
3389 4110 3483 4165 per
3507 4095 3622 4150 sin-

359 4182 506 4235 κατά
553 4182 735 4245 πόλεις
769 4180 1082 4252 κληρικούς.
1122 4182 1342 4236 Πολλῶν
1384 4183 1442 4237 δὲ
1485 4183 1654 4238 ὅντων
1685 4184 1803 4237 ἐκεῖ
1835 4183 1944 4237 τῶν

2048 4184 2201 4255 gulas
2259 4186 2511 4240 civitates
2568 4185 2794 4241 clericos
2843 4187 3219 4243 constitueret.
3255 4185 3391 4241 Cum
3442 4197 3622 4240 autem

359 4273 788 4344 ἐπιχειρούντων
802 4274 1071 4345 προφάσει
1087 4274 1179 4327 τοῦ
1197 4273 1362 4346 νόμου
1379 4275 1595 4346 ὰπατᾷν
1611 4275 1740 4338 τοὺς
1758 4274 1944 4338 λαοὺς,

2050 4274 2202 4328 multi
2247 4274 2444 4329 ibidem
2491 4283 2674 4332 essent
2728 4276 2820 4344 qui
2858 4273 2991 4344 legis
3043 4284 3302 4344 praetequ
3361 4275 3616 4345 populum

361 4365 555 4436 μαθὼν
595 4367 626 4418 ὁ
664 4365 1002 4432 Ἀπόστολος,
1037 4364 1260 4435 γράφει.
1293 4365 1406 4419 Καὶ
1454 4366 1668 4436 πρῶτον
1700 4365 1800 4437 μὲν
1851 4365 1945 4418 εύ-

2049 4367 2310 4420 seducere
2365 4366 2724 4432 conabantur,
2763 4365 2868 4421 hac
2925 4381 2984 4421 re
3033 4365 3269 4436 cognita,
3318 4364 3514 4420 Paulus
3559 4367 3625 4420 ad

359 4455 644 4528 χαριστῶν
671 4458 750 4526 τῷ
764 4455 883 4526 Θεῷ
913 4455 1000 4509 διὰ
1027 4455 1124 4528 τὴν
1158 4456 1324 4509 αὑτοῦ
1350 4456 1656 4520 εὐλάϐειαν,
1696 4457 1947 4528 σημαίνει

2054 4456 2233 4511 Titum
2265 4456 2478 4513 scribit.
2511 4455 2580 4510 Et
2608 4457 2841 4527 primum
2871 4457 3088 4528 quidem
3111 4457 3303 4526 gratiis
3353 4456 3464 4511 Deo
3495 4471 3626 4527 pro-

356 4545 462 4616 τὴν
493 4547 554 4601 ἐν
599 4547 820 4617 Χριστῷ
862 4546 1040 4601 πίστιν
1080 4547 1154 4619 μὴ
1199 4549 1471 4619 νεωτέραν
1501 4543 1641 4602 εἶναι
1667 4588 1682 4614 ,
1725 4549 1840 4602 ἀλλ’
1886 4549 1946 4614 ἐξ

2051 4559 2169 4619 pter
2196 4549 2434 4620 ejusdem
2471 4549 2901 4619 pietatemactis,
2937 4549 3095 4604 ﬁdem
3123 4551 3174 4604 in
3205 4547 3481 4604 Christum
3516 4564 3625 4604 non

359 4637 562 4701 αἰῶνος
585 4637 951 4708 ἡτοιμάσθαι,
989 4639 1082 4692 καὶ
1108 4638 1450 4709 ἐπηγγέλθαι
1501 4639 1652 4711 παρὰ
1683 4639 1777 4693 τοῦ
1808 4639 1944 4694 Θεοῦ

2053 4654 2174 4696 esse
2203 4655 2416 4707 novam,
2447 4642 2541 4696 sed
2567 4655 2598 4696 a
2629 4641 2826 4698 saeculo
2853 4651 3210 4712 preparatam
3251 4657 3282 4696 a
3317 4642 3426 4696 Deo
3450 4651 3504 4696 et
3533 4655 3630 4695 an-

356 4728 590 4800 ταύτην.
636 4730 869 4782 Ἔπειτα
903 4729 1160 4800 περὶτῆς
1186 4729 1575 4794 καταστάσεως
1609 4729 1719 4784 τῶν
1752 4731 1948 4803 κληρι-

2057 4730 2358 4785 nuntiatam
2389 4730 2556 4787 fuisse
2603 4731 2890 4803 signiﬁcat.
2925 4732 3128 4788 Deinde
3163 4732 3272 4803 agit
3307 4733 3374 4788 de
3421 4731 3629 4787 consti-

359 4823 500 4890 κῶν,
521 4823 615 4877 καὶ
636 4821 827 4876 τοῦτον
851 4822 1112 4888 διδάσκει,
1132 4821 1269 4886 πῶς,
1289 4823 1385 4876 καὶ
1412 4823 1630 4886 ὁποίους
1650 4823 1848 4886 αὐτοὺς
1874 4819 1950 4876 εῖ-

2056 4823 2264 4878 tutione
2294 4823 2643 4887 clericorum,
2677 4837 2912 4893 eumque
2958 4826 3114 4878 docet
3157 4824 3428 4892 quomodo
3466 4823 3629 4876 iidem

358 4931 453 4969 ναι
481 4914 583 4967 Bai"
612 4913 708 4968 καὶ
723 4915 980 4984 ἐπιτιμᾷν
1003 4913 1059 4967 δὲ
1081 4912 1385 4966 ἐντέλλεται
1416 4913 1566 4983 αὑτῷ
1587 4915 1699 4976 τοῖς
1729 4913 1947 4966 ἀντιλέ-

2052 4916 2310 4970 constitui
2337 4915 2592 4979 debeant,
2627 4925 2684 4970 et
2712 4915 2900 4985 quales
2925 4929 3044 4970 esse
3071 4915 3218 4984 ipsos
3244 4921 3493 4983 oporteat
3518 4929 3535 4965 :
3566 4927 3632 4967 ac

358 5020 525 5074 γουσι
553 5007 620 5076 τῇ
653 5004 975 5077 ὑγιαινούσῃ
1006 5005 1205 5070 πίστει,
1239 5005 1473 5075 μάλιστα
1499 5007 1612 5068 τοῖς
1642 5005 1707 5058 ἐκ
1738 5021 1950 5076 περιτο-

2052 5006 2276 5076 insuper
2298 5006 2468 5077 jubet,
2503 5013 2561 5058 ut
2603 5005 2855 5075 obiurget
2901 5005 3242 5061 adversarios
3289 5017 3436 5059 sanae
3480 5002 3627 5066 ﬁdei,

370 5097 483 5166 μῆς
503 5112 518 5126 ο
555 5095 755 5150 ειδέναι
787 5113 847 5149 τε
880 5096 1009 5160 τοὺς
1045 5097 1271 5167 Κρῆτας
1295 5137 1309 5161 ,
1337 5097 1419 5149 ὅτι
1459 5096 1618 5168 ἀργοί
1648 5099 1806 5156 εἰσιν.
1849 5096 1946 5149 καὶ

2054 5097 2174 5152 illos
2215 5096 2515 5166 praesertim
2560 5095 2654 5166 qui
2690 5106 2816 5150 sunt
2849 5111 2914 5150 ex
2965 5093 3398 5150 circumcisione.
3444 5091 3627 5145 Titum

364 5187 666 5260 χρῄζουσιν
700 5187 1000 5259 ἐπιτιμίας.
1042 5188 1271 5254 Διδάξας
1297 5189 1354 5242 δὲ
1385 5188 1566 5243 πάντα
1593 5188 1658 5242 τὰ
1685 5187 1948 5260 βρώματα

2060 5202 2278 5260 quoque
2303 5185 2642 5242 Cretensium
2671 5200 2854 5242 mores
2880 5186 2996 5241 vult
3045 5199 3225 5249 nosse,
3255 5198 3393 5250 quos
3424 5182 3630 5238 otiosos

1569 5343 1699 5398 [ΑΕ
1713 5342 1775 5399 Β.
1820 5342 2142 5399 ZACAGNII
2174 5341 2400 5399 ΝΟΤᾸΒ.

442 5499 558 5571 (‘28)
584 5499 662 5554 lta
695 5499 746 5553 in
776 5499 936 5571 editis
969 5499 1107 5571 etin
1131 5501 1391 5557 Vaticano
1425 5500 1611 5571 codice
1635 5515 1781 5554 num.
1821 5502 1949 5568 563,
2061 5513 2116 5556 et
2148 5500 2408 5556 Urbinate
2442 5498 2737 5571 codicibus,
2769 5507 2824 5571 et
2863 5509 3113 5570 corrupte
3160 5497 3213 5552 in
3268 5497 3439 5554 altero
3481 5493 3630 5552 Vati-

369 5567 508 5635 quOs
539 5567 703 5638 sequi
761 5570 983 5638 placuit,
1014 5570 1136 5624 licet
1190 5572 1243 5625 in
1276 5570 1827 5639 Regio-Alexandrini
1861 5567 1952 5625 eo?
2059 5587 2196 5626 cano
2230 5571 2423 5625 codice
2450 5579 2501 5622 et
2531 5569 2582 5639 in
2610 5567 2880 5639 Palatino.

370 5639 510 5711 dicis
556 5637 814 5711 margine
831 5641 923 5711 sit,
961 5639 1138 5711 ἐλπίδι
1163 5641 1328 5708 ζωῆς,
1358 5637 1476 5711 sine
1505 5637 1626 5711 sui,
1664 5648 1716 5711 et
1750 5641 1804 5693 in
1832 5641 1950 5711 hoc
2066 5709 2086 5711 Μ
2132 5641 2431 5711 (29).Apud
2474 5638 2864 5711 (Ecumenium
2909 5648 2962 5693 et
3027 5638 3099 5711 in_
3135 5637 3377 5706 margine
3417 5649 3637 5710 quoque

371 5710 612 5782 capitum
642 5707 874 5782 _elen_cho
897 5709 1120 5782 habeat,
1174 5707 1273 5782 ea”
1297 5708 1945 5782 ékn£8t~ttpﬁg6zxaiagf

2062 5707 2832 5782 Regio'-.-\lcxandrinicodicis
2865 5718 2969 5777 cst,
2994 5711 3051 5763 ἐν
3079 5708 3348 5781 ὑπομονῇ.

371 5792 496 5849 qua
529 5778 692 5835 lectio
723 5778 870 5834 clare
895 5781 1124 5841 habetur
1159 5781 1320 5836 etiam
1353 5782 1404 5835 in
1452 5777 1950 5849 Cryptoferratensi
