4048 6400
431 188 529 254 ῑειι

451 301 3584 332 M

1711 156 2065 263 dOANNlS
2111 205 2532 266 caurum:

1092 389 1913 548 JOANNIS
2015 409 2047 543 t

2104 396 3051 554 IARPATHII

1307 638 1458 726 AD
1513 639 2166 739 MONACHOS
2246 648 2376 737 IN
2438 647 2829 773 lNDIA,

1786 800 2031 860 EORUM
2068 800 2370 871 ROGATU,

1142 939 1750 1054 CAPITA
1840 927 3039 1093 HORTATORIA,’

1266 1122 1447 1185 SIVE
1487 1121 1980 1184 DOCUMENTA
2017 1124 2526 1187 SPIRITUALIA
2567 1127 2823 1191 XCVII.

1430 1248 1751 1306 (Bibliotheca
1776 1254 1985 1305 Patrum
2010 1253 2324 1321 ιιιθάωιηζῑ.
2356 1251 2466 1318 ΧΠ,
2489 1267 2539 1318 p.
2569 1253 2705 1318 535.)

505 1514 795 1592 TErrarum
823 1538 1037 1606 regibus
1068 1553 1260 1595 vernos
1283 1538 1442 1596 flores
1485 1543 1716 1599 mendici
1765 1543 2001 1600 offeren-
2035 1548 2083 1606 Δ
2108 1555 2157 1600 et
2186 1555 2475 1615 cognoscet,
2499 1545 2689 1617 inquit,
2713 1545 2838 1618 quia
2856 1561 2949 1619 ego
2981 1545 3237 1602 Dominus
3287 1545 3494 1602 locutus
3544 1563 3688 1612 sunt,

435 1639 538 1694 tes,
564 1646 931 1698 sarpenqmero
961 1648 1064 1688 non
1089 1633 1258 1688 solum
1282 1635 1479 1704 repulsi
1514 1651 1617 1690 non
1647 1646 1790 1701 sunt,
1820 1652 2004 1692 verum

432 1722 575 1778 dono
603 1725 846 1793 quaedam
899 1736 1086 1780 contra
1141 1737 1478 1795 receperunt.
1533 1728 1890 1793 Quamobrem
1953 1737 2008 1784 et

431 1830 531 1885 ego
564 1815 717 1885 jussu
751 1825 929 1870 vestro
952 1818 1250 1872 centuriam
1282 1832 1440 1871 unatn
1466 1819 1671 1888 piarum
1709 1819 2003 1874 sententia-

432 1922 549 1960 rum
583 1907 830 1963 alicunde
881 1919 1177 1972 mutuatus,
1224 1918 1279 1963 et
1334 1910 1487 1966 vobis
1532 1913 2004 1966 conversationem

429 2006 665 2051 vestram
702 1999 754 2052 in
796 1999 949 2053 caelis
989 2000 1312 2054 habentibus
1359 1999 1615 2063 offerens.
1656 2001 1860 2055 utinam
1914 2015 2002 2055 ac-

428 2097 618 2154 ceptus
643 2088 762 2153 sim,
789 2098 843 2144 et
874 2091 1360 2146 remunerationem
1389 2094 1762 2163 precationum
1785 2103 2000 2150 vestra-

427 2191 546 2231 rum
579 2178 813 2234 vicissim
848 2180 1140 2248 adipiscar.

498 2269 540 2321 1.
577 2268 790 2334 Quanto
812 2271 989 2326 minus
1014 2281 1303 2342 perpetuus
1333 2275 1495 2330 totius
1513 2277 1880 2331 universitatis
1906 2292 2002 2331 rex

425 2360 750 2427 principium
785 2361 998 2430 aliquod
1027 2378 1089 2418 ac
1131 2366 1418 2419 terminum
1469 2368 1614 2436 regni
1677 2370 1758 2424 sui
1821 2369 2001 2432 habet,

426 2455 576 2500 tanto
610 2449 716 2515 his,
753 2451 842 2518 qui
879 2451 1017 2520 ejus,
1042 2462 1096 2506 et
1136 2454 1396 2508 virtutum
1428 2458 1597 2525 gratia
1631 2457 1868 2512 laborem
1906 2474 2000 2514 ca-

424 2550 641 2604 pessere
681 2537 1051 2606 instituerunt,
1102 2542 1336 2597 studium
1375 2545 1612 2614 ipsorum
1674 2548 2002 2604 fructuosius

423 2636 522 2681 est.
551 2625 685 2682 Nam
719 2630 839 2684 vitaa
867 2630 1023 2687 istius
1050 2633 1301 2701 honores,
1336 2638 1548 2692 tametsi
1575 2639 1730 2694 valde
1761 2641 1999 2709 splendi-

423 2720 501 2783 di,
531 2737 634 2775 una
662 2738 782 2777 cum
813 2725 1004 2780 eadem
1058 2729 1278 2782 omnino
1312 2729 1588 2787 finiuntur.
1614 2733 1722 2799 Qui
1749 2744 1927 2788 autem
1970 2747 2000 2786 a

425 2810 536 2865 Deo
577 2812 755 2883 dignis
795 2815 1132 2883 tribuuntur,
1189 2828 1374 2890 utpote
1418 2838 1540 2876 cum
1592 2823 2000 2879 immortalitate

2107 1649 2154 1692 et
2184 1637 2378 1708 faciam
2409 1640 2452 1693 '.

2180 1726 2266 1782 IV.
2297 1727 2351 1783 Si
2385 1743 2415 1782 a
2453 1727 2798 1783 multitudine
2843 1727 3108 1782 fwdorum
3157 1728 3602 1794 simulacrorum,
3634 1729 3686 1784 in

2106 1827 2340 1874 mentem
2374 1829 2517 1873 tuam
2567 1819 2977 1888 irrumpentium
3035 1828 3372 1889 expugnatus
3412 1818 3605 1881 fueris,
3638 1832 3689 1874 te

2105 1911 2171 1965 ad
2199 1921 2406 1980 tempus
2429 1925 2457 1964 a
2490 1909 2666 1964 divina
2704 1909 2876 1979 gratia
2903 1918 3211 1978 separatum
3245 1911 3380 1964 scito
3408 1926 3423 1963 :
3462 1911 3606 1963 unde
3635 1919 3687 1964 et

2106 1997 2159 2050 in
2203 2013 2396 2052 manus
2422 1999 2635 2066 peccati
2673 1997 2903 2051 traditus
2934 2007 3159 2064 esjnsto
3187 1997 3414 2065 judicio.
3465 1997 3690 2054 Enitere

2104 2088 2270 2156 igitur
2295 2089 2584 2159 nequando
2609 2088 3121 2157 pernegligentiam,
3182 2103 3247 2142 ne
3303 2089 3369 2144 ad
3425 2100 3680 2158 punctum

2103 2181 2320 2251 quidem
2350 2181 2608 2249 temporis
2637 2195 2664 2232 a
2696 2179 2869 2248 gratia
2900 2178 3191 2233 deseraris.
3217 2179 3370 2245 Quod
3420 2178 3464 2232 si
3508 2177 3683 2246 major

2103 2268 2284 2336 lapsu,
2343 2285 2555 2322 murum
2618 2267 3008 2337 cogitationum
3061 2266 3494 2322 turbulentarum
3539 2276 3691 2320 tran-

2103 2360 2384 2423 scendere,
2410 2360 2873 2428 ingeminatasque
2890 2358 3124 2412 hostium
3149 2359 3425 2429 sagacium
3454 2359 3686 2428 impres-

2101 2452 2279 2506 siones
2319 2460 2666 2505 contemnere
2697 2448 2921 2518 poteris,
2980 2463 3044 2505 ne
3092 2451 3310 2520 ignores
3344 2450 3540 2504 donum
3584 2451 3688 2506 hoc

2101 2542 2200 2598 tibi
2226 2543 2406 2596 datum
2443 2543 2694 2610 desuper.
2721 2540 2811 2594 Ait
2856 2542 2998 2595 enim
3026 2540 3340 2610 Apostolus,
3371 2557 3473 2595 non
3503 2550 3681 2594 autem

2101 2651 2193 2704 ego
2222 2633 2387 2698 solus,
2411 2633 2502 2686 sed
2528 2633 2699 2703 gratia
2727 2631 2822 2685 Dei
2854 2632 2907 2686 in
2933 2649 3011 2685 me
3034 2632 3075 2694 ³.
3109 2631 3211 2686 hoc
3264 2641 3526 2700 tropaeum
3557 2644 3690 2697 ope-

2103 2737 2220 2783 rata
2252 2736 2355 2792 est,
2392 2734 2448 2780 et
2477 2723 2956 2796 abinsurgentibus
2986 2723 3036 2778 in
3071 2739 3158 2779 me
3192 2722 3440 2778 nefandis
3467 2721 3683 2791 cogita-

2105 2819 2340 2873 tionibus
2365 2818 2586 2872 illresum
2618 2816 2987 2874 conservavit.
3009 2819 3074 2839 ‘“
3103 2815 3203 2882 Qui
3233 2830 3364 2886 ergo
3385 2815 3574 2870 eduxit
3599 2829 3689 2869 me

426 2902 633 2968 tributi,
689 2920 910 2973 prorsus
949 2923 1284 2976 permanent.
1305 2912 1484 2979 Quare
1520 2930 1606 2969 me
1626 2917 1838 2970 animus
1875 2918 2001 2970 hor-
2035 2896 2080 2952 Β
2106 2912 2172 2965 de
2205 2919 2345 2964 terra
2376 2907 2614 2978 Egypti,
2643 2909 2744 2962 hoc
2767 2916 2900 2962 este
2930 2907 3151 2971 mundo,
3183 2907 3271 2960 ubi
3296 2915 3524 2976 pereunt
3557 2919 3684 2960 ant-

424 2999 588 3054 tatur.
611 2994 686 3046 uti
710 3010 804 3049 vos
823 2996 873 3048 in
901 2997 1069 3051 beatis
1089 2998 1512 3070 ducam,quibus
1539 3002 1678 3059 Deus
1699 3014 1777 3059 est
1805 3006 1998 3058 amori.

493 3082 553 3135 Il.
587 3083 782 3140 Beatus
822 3085 907 3140 llle
939 3087 1104 3140 David
1139 3091 1418 3159 hymnum,
1450 3102 1504 3147 et
1535 3094 1718 3149 laudes
1753 3093 1862 3148 Deo
1897 3111 1993 3164 per

422 3185 612 3226 omnes
642 3184 920 3230 creaturas
942 3180 1256 3244 concinens,
1290 3182 1602 3251 angelorum
1633 3199 1849 3254 quoque
1877 3202 1998 3241 om~

424 3263 681 3334 niumque
729 3265 1196 3336 inaspeclabilium
1237 3281 1564 3341 potestatum
1629 3277 1910 3339 meminit;
1944 3285 1999 3332 et

422 3352 475 3406 in
505 3363 704 3408 terram
738 3372 908 3426 usque
965 3359 1318 3429 descendens,
1371 3380 1471 3420 nec
1518 3365 1744 3429 bestias.
1780 3383 1880 3422 nec
1908 3367 2000 3435 ju-

423 3454 622 3511 menta,
654 3459 754 3502 nec
791 3449 1001 3516 reptilia
1037 3455 1426 3521 prietermittit,
1459 3472 1581 3511 cum
1608 3459 1770 3512 etiam
1801 3474 1865 3513 ex
1916 3460 1999 3514 his

422 3535 788 3595 laudationem
859 3542 1104 3599 Creatori
1147 3545 1442 3612 jucundam
1484 3560 1873 3621 acceptamque
1901 3567 2000 3606 ex-

425 3626 719 3694 istimaret,
756 3631 844 3699 qui
875 3634 1124 3689 universa
1157 3637 1224 3692 ab
1251 3653 1308 3692 se
1330 3640 1546 3694 condita
1588 3656 1743 3695 suum
1769 3641 1872 3695 sibi
1906 3643 2004 3696 tri-

423 3717 611 3774 butum
645 3724 880 3790 pendere
907 3725 1055 3780 velit.
1082 3725 1233 3792 Quod
1271 3745 1393 3782 cuin
1441 3731 1512 3785 ita
1541 3733 1632 3797 sit,
1657 3734 1746 3800 qui
1787 3735 1999 3788 tandem

422 3815 740 3880 monachus,
789 3817 878 3879 qui
921 3826 1022 3870 non
1057 3818 1356 3886 conferetur
1387 3838 1518 3875 auro
1554 3839 1618 3876 ex
1661 3821 1826 3890 Ophir
1853 3825 1896 3887 ί,
1935 3825 2001 3878 ad

422 3902 768 3973 hymnodiam
824 3905 932 3962 Deo
968 3908 1376 3975 persolvendatn
1429 3922 1667 3982 torpere,
1705 3922 1798 3967 aut
1833 3914 2002 3986 pigri-

421 3996 527 4049 tari
557 4012 794 4065 unquam
822 4001 1064 4067 poterit?

492 4086 578 4140 Ill.
608 4086 756 4142 Luna
785 4092 1090 4146 accretione
1147 4102 1203 4148 et
1248 4093 1604 4151 diminutione
1642 4096 1862 4154 luminis
1915 4097 1999 4152 sui

420 4189 620 4235 statmn
652 4183 884 4238 hominis
917 4184 1174 4252 exprimit
1223 4196 1384 4256 atque
1417 4189 1620 4242 indicat
1648 4204 1662 4241 :
1697 4191 1787 4258 qni
1822 4203 2001 4257 quan-

420 4274 596 4336 doque
628 4275 849 4342 probus,
888 4274 1212 4344 quandoque
1272 4253 1547 4346 improbus
1601 4253 1729 4334 est;
1751 4253 1998 4348 quando-
2029 4253 2071 4309 θ

421 4378 528 4432 que
552 4379 648 4432 per
685 4367 1057 4433 pmnitentiam
1091 4368 1156 4420 ad
1205 4383 1388 4425 mores
1426 4372 1642 4424 virtutis
1691 4386 1878 4424 norma
1912 4371 1996 4425 di-

421 4466 599 4509 rectos
628 4458 876 4512 recurrit.
912 4458 1095 4528 Itaque
1144 4472 1294 4512 mens
1318 4460 1457 4529 ejus,
1490 4459 1578 4529 qui
1619 4461 1670 4513 in
1715 4470 1996 4529 peccatum

423 4545 744 4612 prolabitur,
800 4547 941 4601 haud
983 4558 1068 4603 est
1108 4563 1319 4613 eversa,
1367 4565 1428 4602 ac
1484 4551 1693 4617 perdita
1760 4552 1995 4620 penitus,

422 4639 564 4706 quod
591 4637 808 4705 quidam
842 4637 964 4693 istic
1008 4639 1302 4707 opinantur
1331 4657 1344 4694 :
1377 4639 1470 4693 sed
1499 4640 1638 4695 sicut
1671 4656 1868 4710 corpus
1917 4643 1999 4696 lu-

422 4743 504 4780 na:
532 4727 870 4781 imminutum
897 4738 981 4785 est
1026 4730 1241 4800 quidem
1284 4729 1504 4793 lumine,
1537 4730 1662 4785 illud
1695 4739 1872 4786 tamen
1911 4749 1996 4788 re-

422 4819 554 4884 cipit
616 4835 628 4869 :
679 4817 750 4870 ita
808 4818 968 4876 etiam
1036 4822 1221 4884 homo,
1279 4822 1595 4890 pmnitentia
1659 4824 1996 4889 auxiliante,

424 4907 766 4972 splendorem
831 4924 988 4964 suum
1038 4911 1106 4965 de
1166 4911 1376 4979 integro
1416 4914 1995 4983 recuperat:uthma,

424 4998 669 5067 inquam,
698 5016 795 5055 suo
816 5000 1024 5055 defecta
1053 5002 1277 5066 lumine,
1304 5003 1488 5058 eodem
1527 5020 1740 5059 rursum
1799 5021 1997 5059 conve-

429 5093 612 5146 stilur.
647 5094 746 5159 Qui
771 5096 913 5147 enim
949 5095 1000 5148 in
1030 5095 1304 5148 Christum
1331 5094 1501 5151 Deum
1533 5107 1871 5161 nostrum,et
1895 5096 1998 5150 Do-

427 5186 628 5239 minum
652 5187 836 5256 gloriae
869 5188 1064 5251 credit,
1087 5188 1295 5242 etiamsi
1344 5201 1578 5242 mortuus
1605 5189 1786 5256 fuerit,
1822 5190 1948 5242 uiuet
1978 5206 1996 5244 :

499 5301 513 5329 ‘
542 5297 660 5370 Job.
689 5315 875 5363 XXVIII,
950 5303 970 5332 ²
997 5299 1150 5356 Joan.
1193 5317 1284 5363 xr;
1335 5301 1529 5358 Ezech.
1562 5317 1748 5370 xxvttt,
1787 5300 1875 5356 10.

423 5383 555 5436 xvu,
587 5369 675 5426 55.
753 5371 793 5402 ⁶’
816 5371 856 5426 ll
888 5371 1016 5444 Reg.
1046 5387 1178 5431 χιιι.
1212 5373 1300 5427 50.

1972 5301 1993 5334 ⁸
2021 5302 2038 5356 Ι
2067 5301 2193 5358 Cor.
2229 5317 2316 5371 xv,
2354 5300 2439 5356 l0.

2103 3016 2224 3064 mre,
2251 3000 2339 3055 hic
2369 3000 2578 3054 occulta
2623 3015 2780 3052 manu
2823 3013 2922 3068 pro
2960 3013 3044 3053 me
3081 3013 3347 3067 pugnans,
3400 2998 3675 3065 percussit

2101 3091 2340 3154 Amalec,
2367 3099 2422 3144 et
2447 3090 2678 3156 reliquas
2707 3091 2832 3144 item
2859 3089 3188 3144 nefariarum
3210 3089 3505 3144 motionum
3547 3102 3682 3157 gen-

2105 3193 2184 3238 tes
2206 3183 2490 3236 Dominum
2515 3197 2544 3235 a
2567 3182 2705 3236 facie
2731 3191 2918 3236 nostra
2936 3181 3175 3236 funditus
3199 3180 3502 3235 deletorum
3527 3194 3679 3246 spem

2103 3276 2248 3330 fecit.
2272 3273 2368 3328 llic
2393 3274 2532 3329 Deus
2554 3285 2735 3329 noster
2752 3274 3075 3336 sapientiam
3103 3274 3198 3328 tibi
3230 3283 3285 3328 et
3313 3273 3576 3326 virtutem
3594 3273 3686 3326 da-

2103 3368 2444 3434 bit.Quidam
2468 3370 2609 3420 enim
2638 3365 2957 3434 sapientiam
2979 3374 3325 3434 acceperunt,
3352 3375 3407 3417 at
3435 3379 3537 3416 non
3566 3365 3685 3417 vir-

2107 3469 2273 3514 tutem
2306 3458 2530 3527 spiritus
2551 3457 2619 3512 ad
2653 3457 3001 3512 debellandos
3029 3457 3295 3510 inimicos.
3333 3455 3436 3509 llic
3474 3456 3686 3508 exalta-

2104 3552 2175 3605 bit
2195 3561 2352 3621 caput
2377 3560 2526 3607 tuum
2554 3565 2709 3617 super
2737 3549 2975 3602 inimicos
2999 3547 3164 3602 tuos‘.
3182 3545 3249 3601 Et
3272 3548 3417 3601 dabit
3441 3549 3533 3601 tibi
3553 3565 3683 3616 pen-

2105 3661 2200 3698 nas
2229 3645 2364 3698 sicut
2391 3644 2665 3705 columbre,
2691 3651 2738 3695 et
2773 3640 2955 3694 volans
2981 3641 3122 3708 apud
3149 3639 3313 3694 Deum
3335 3641 3620 3707 requiesees
3643 3640 3683 3693 ⁸.

2106 3736 2276 3790 Ponet
2335 3734 2595 3788 Dominus
2657 3748 2838 3784 arcum
2875 3747 3066 3785 a'reum
3097 3730 3311 3783 brachia
3345 3743 3433 3784 tua
3463 3730 3509 3796 ⁸,
3547 3731 3684 3784 vali-

2104 3827 2229 3880 dum
2259 3837 2333 3890 te,
2362 3825 2636 3887 solertem,
2664 3824 3050 3892 robustumque
3083 3823 3310 3877 reddens
3349 3832 3536 3877 contra
3589 3825 3685 3875 ad-

2104 3918 2424 3982 versarium,
2444 3916 2544 3969 sub
2575 3925 2623 3968 te
2644 3913 2852 3982 laqueis
2886 3914 3137 3990 irgetiens
3160 3929 3350 3968 omnes
3393 3927 3682 3982 Oppugna-

2105 4018 2250 4064 tores
2281 4019 2418 4062 tuos.
2443 4006 2605 4062 Refer
2636 4008 2816 4074 itaque
2841 4004 2951 4060 Deo
2985 4007 3186 4074 gratias
3212 4005 3496 4068 castitatis,
3532 4018 3672 4072 quo-

2104 4103 2250 4154 niam
2284 4114 2389 4154 non
2418 4097 2686 4154 conclusit
2712 4105 2761 4150 te
2799 4096 2853 4149 in
2891 4110 3084 4148 manus
3110 4094 3445 4147 voluntatum
3495 4094 3684 4145 carnis

2105 4203 2161 4245 et
2193 4189 2494 4260 sanguinis,
2526 4198 2579 4243 et
2602 4195 2983 4256 occupatorem
3019 4187 3069 4238 in
3114 4184 3202 4240 bis
3248 4183 3680 4253 perniciosornm

2107 4282 2628 4352 atqueimpurorum
2659 4278 3216 4348 spirituum,dextera
3267 4291 3365 4332 sua
3424 4287 3474 4328 te
3531 4290 3683 4326 com-

2106 4375 2374 4428 muniens.
2406 4372 2634 4427 Ediﬂca
2675 4371 2748 4425 illi
2771 4371 2942 4424 altare
2978 4379 3098 4438 post
3151 4368 3388 4439 fugatum
3438 4365 3678 4419 Amalec.

2106 4463 2391 4530 Propterea
2419 4463 2703 4528 conﬁtebor
2729 4461 2822 4513 tibi
2853 4461 2906 4514 iu
2937 4460 3200 4529 gentibus,
3227 4458 3469 4519 Domine,
3506 4466 3555 4510 et
3588 4472 3680 4508 no-

2105 4556 2236 4608 mini
2292 4564 2382 4607 tuo
2435 4554 2659 4606 cantabo
2699 4556 2738 4606 ‘.
2777 4550 3132 4622 Magnificabo
3161 4550 3459 4619 potentiam
3507 4557 3679 4610 tuam,

2104 4643 2361 4713 quoniam
2403 4641 2642 4696 liberasti
2676 4657 2704 4696 a
2740 4643 3041 4710 perditione
3066 4641 3228 4693 vitam
3271 4653 3468 4700 meam,
3509 4643 3565 4688 et
3613 4635 3679 4688 de

2106 4735 2332 4805 laqueis,
2361 4749 2423 4788 ac
2451 4733 2516 4787 de
2551 4734 2754 4788 retibus
2781 4730 3183 4787 circumstantis
3228 4744 3344 4792 nos,
3389 4737 3445 4782 ct
3493 4725 3678 4779 multi-

2104 4827 2314 4888 fonnis,
2339 4835 2390 4879 et
2424 4825 2619 4879 veteris
2643 4825 2868 4894 peccati,
2903 4838 2987 4878 me
3015 4821 3286 4890 eripuisti.

2176 4917 2241 4971 ν.
2277 4918 2518 4986 Nequam
2554 4917 2825 4970 daemones
2855 4913 3091 4968 nefarios
3149 4909 3378 4964 affectus
3416 4909 3469 4961 in
3524 4906 3678 4960 nobis

2103 5011 2453 5075 resuscitant,
2508 5017 2794 5071 renovant,
2838 5005 3159 5066 accendunt,
3199 5012 3253 5057 et
3294 4999 3678 5069 multiplicant.

2103 5100 2477 5154 Meditationes
2502 5109 2681 5152 autem
2707 5098 2852 5152 verbi
2893 5095 3013 5159 Dei,
3040 5095 3418 5163 praecipueque
3443 5107 3565 5145 cum
3601 5090 3677 5142 la-

2102 5191 2306 5261 crymis
2329 5190 2636 5244 cluentibus
2668 5197 2956 5256 susceptae,
2996 5201 3092 5240 eos
3131 5183 3378 5254 quamvis
3409 5182 3673 5236 invetera-

2534 5301 2555 5334 ⁸
2583 5300 2724 5356 Psal.
2760 5315 2906 5354 xxvi.
2995 5296 3017 5329 ⁸
3040 5295 3180 5352 Psal.
3213 5312 3319 5360 LIV,
3358 5295 3412 5347 7.
3487 5293 3509 5324 ⁶
3535 5292 3678 5349 Psal.

531 5518 592 5578 (')
633 5517 748 5566 l‘osl
781 5511 1062 5561 absolutum
1089 5510 1320 5580 volumen
1357 5503 1808 5580 textumﬁraqnm
1836 5502 2115 5580 invenimus
2150 5500 2198 5546 in
2229 5498 2382 5580 libro,
2411 5494 2495 5548 diu
2523 5495 2699 5549 frustra
2724 5490 3023 5556 conquisite,
3056 5487 3136 5542 cui
3173 5489 3348 5542 titulus
3384 5501 3397 5536 :
3432 5487 3702 5539 Φιλοκαλίιι

415 5577 512 5628 Itin
532 5559 688 5649 ἶέρένέ
708 5559 1243 5637 Νηέττικῶνξῖἐοειὶὶε
1268 5569 1387 5620 1782
1412 5570 1494 5619 fol.
1520 5569 1672 5624 edito.
1711 5567 1886 5625 Quaere
1919 5566 2071 5627 igitur
2096 5567 2144 5614 in
2169 5559 2305 5612 calce
