4048 6390
277 260 380 327 ’193

1501 263 1764 324 carm
1813 221 2323 328 HORTATQRIA.

3427 279 3532 347 794

282 377 361 424 tos
410 364 750 429 interimunt,
784 377 848 418 ac
897 362 1200 435 dissipant:
1240 365 1608 438 paulatimque
1666 373 1854 438 perni-
1885 377 1926 434 Α
1960 375 2145 430 leriter
2177 385 2231 431 et
2259 391 2357 432 nos
2388 378 2623 444 tandem,
2654 394 2774 434 cum
2810 379 3002 439 timore
3027 390 3079 438 et
3106 385 3299 456 gaudio
3329 387 3394 443 de
3439 405 3529 444 se-

282 462 423 516 ciosa
451 458 646 512 animae
701 465 756 511 et
790 458 1034 527 corporis
1056 469 1298 527 peccata,
1328 459 1627 531 effectaque
1675 465 1740 517 ad
1775 465 1854 518 ui-

285 551 452 606 hilum
493 549 744 616 redigunt
774 565 790 602 :
826 549 984 602 modo
1009 563 1106 604 nos
1156 550 1358 605 intenta
1401 562 1564 623 atque
1610 553 1854 624 improba

281 641 608 712 precatione,
633 654 696 696 ac
725 653 819 710 spe
839 641 1121 697 Dominum
1146 643 1364 701 assiduo
1390 645 1618 718 fatigare
1648 662 1716 702 ne
1739 663 1856 703 ces-

280 748 485 789 scmus.

350 829 436 884 Vl.
463 830 605 897 Quid
666 838 750 886 est
794 831 938 900 quod
977 845 1044 884 ex
1103 845 1201 885 ore
1253 833 1455 887 malitia
1505 834 1854 902 parvulorum

281 921 526 976 Christus
560 921 771 976 laudem
805 923 1051 992 perlicit?
1101 923 1180 976 Au
1235 925 1477 990 omnino,
1503 935 1556 980 ut
1583 941 1680 996 per
1716 927 1856 980 hanc

284 1009 640 1065 laudationem
675 1010 950 1065 inimicum
994 1021 1050 1066 et
1105 1011 1331 1066 ultorem
1377 1014 1857 1070 destruatiinimi-

281 1112 401 1150 cum
431 1097 652 1166 quidem
681 1098 964 1163 virtutum,
989 1099 1218 1155 ultorem
1246 1117 1370 1156 vero
1390 1103 1653 1158 scelerum
1676 1105 1858 1160 diabo-

284 1186 416 1240 lum.
450 1188 641 1258 Itaque
670 1197 726 1244 et
755 1204 853 1244 nos
888 1189 1172 1244 Dominum
1202 1207 1323 1247 cum
1359 1194 1704 1264 simplicitate
1746 1196 1855 1251 col-

278 1277 581 1342 Iaudantes,
603 1279 808 1334 inimici
832 1279 1257 1337 machinationes
1282 1285 1612 1340 conterimus
1641 1292 1695 1339 et
1764 1288 1855 1341 de-

276 1370 564 1424 struimus.
599 1369 665 1423 In
689 1371 1025 1426 multitudine
1051 1375 1186 1428 enim
1221 1376 1404 1446 gloria:
1431 1387 1536 1432 tute
1564 1379 1854 1433 contrivisti

276 1461 436 1525 bella,
472 1478 518 1516 et
549 1462 880 1518 adversarios
902 1475 1260 1535 oppugnantes
1301 1484 1393 1522 nos
1419 1469 1463 1522 ".

345 1550 459 1609 VII.
497 1552 554 1608 Si
585 1554 706 1622 quis
738 1555 1048 1624 apparuerit
1069 1557 1373 1623 abortivus,
1401 1559 1679 1615 dimidium
1712 1574 1854 1615 nunc

275 1642 462 1696 carnis
516 1657 628 1696 sum
677 1644 938 1700 devorare
983 1644 1205 1713 dicitur,
1261 1645 1543 1703 dimidium
1579 1649 1631 1703 in
1672 1647 1854 1704 futuro

271 1734 495 1789 saeculo.
538 1733 772 1790 Fructus
795 1738 930 1790 enim
958 1738 1055 1792 vita
1079 1754 1192 1793 sua:
1225 1740 1439 1805 quilibet
1471 1742 1702 1796 comedet
1737 1741 1781 1796 ’.

349 1827 487 1883 VIII.
514 1827 944 1885 Pulcherrimum
968 1831 1232 1902 jejunium
1255 1832 1454 1902 eligere
1483 1836 1645 1889 debet
1669 1849 1854 1890 mona-

271 1920 417 1975 chus
448 1938 463 1974 :
498 1935 604 1975 non
633 1921 841 1976 servire
872 1921 1080 1978 scilicet
1102 1921 1282 1992 pravis
1312 1925 1477 1980 animi
1510 1925 1767 1994 motibus,
1793 1934 1849 1983 et

272 2011 727 2080 tranquillitatem
760 2013 955 2065 mentis
978 2027 1244 2067 summam
1274 2028 1489 2085 semper
1510 2015 1776 2071 excolere.

346 2102 441 2158 IX.
471 2103 772 2166 Daemones,
805 2103 892 2172 qui
917 2101 1142 2174 ﬂagrant
1161 2104 1285 2161 odio
1317 2106 1618 2160 animarum
1640 2115 1856 2162 nostra-

268 2212 422 2260 rum,
453 2196 714 2266 quosdam
753 2197 1000 2261 incitant,
1025 2205 1083 2250 ut
1107 2197 1258 2252 nobis
1281 2197 1516 2262 laudem,
1551 2213 1647 2254 ceu
1685 2199 1853 2268 frigus

266 2290 548 2359 quoddam
608 2287 773 2342 letale
800 2287 1134 2355 impertiant.
1177 2288 1379 2344 Deinde
1418 2291 1705 2344 hortantur
1755 2307 1853 2347 nos

265 2399 333 2435 ea
363 2379 616 2444 diffundi,
647 2395 711 2432 ac
739 2379 977 2434 dissolvi.
1005 2379 1136 2434 Cum
1184 2380 1259 2434 ita
1288 2380 1542 2448 opinione
1584 2381 1649 2435 de
1693 2383 1848 2438 nobis

271 2471 657 2536 inﬂati,vanaa
684 2471 871 2541 gloria:
896 2471 1069 2526 locum
1119 2471 1444 2536 dederimus,
1493 2487 1604 2527 rem
1651 2471 1851 2528 factam

266 2567 476 2621 habent
500 2565 704 2620 inimici
735 2566 937 2631 nostri;
967 2579 1064 2620 nec
1085 2567 1150 2621 de
1180 2577 1376 2621 caetero
1402 2566 1649 2622 laborant
1672 2577 1729 2622 ut
1749 2582 1851 2623 nos

267 2661 521 2729 captivos
549 2657 769 2713 faciant.

340 2748 410 2803 X.
437 2748 609 2817 Magis
640 2747 1005 2802 cavillatorem
1041 2747 1388 2813 amplectere,
1415 2761 1574 2816 quam
1597 2747 1842 2803 laudato-

263 2857 408 2920 rem,
444 2841 535 2909 qui
571 2855 600 2894 a
633 2838 986 2894 maledicente
1075 2839 1210 2892 nihil
1249 2836 1447 2904 differt,
1487 2850 1545 2894 ut
1594 2840 1854 2909 scriptum

262 2941 348 2986 est
374 2947 403 2984 a
433 2930 746 2985 Plutarcho.

1961 469 2146 537 pulcro
2175 471 2316 538 quod
2347 472 2526 527 animo
2557 473 2802 527 cernitur
2860 490 3298 547 prorumpamus.
3360 479 3529 536 Miror

1959 561 2154 615 etenim
2177 564 2444 631 quomodo
2472 565 2673 634 absque
2703 566 2915 633 timore,
2946 571 3377 640 quandoquidem
3438 589 3534 627 ne-

1957 662 2047 703 mo
2070 658 2153 703 est
2176 652 2290 704 sine
2321 661 2562 721 peccato,
2591 653 2704 708 sive
2734 653 2939 718 Mosen,
2973 657 3086 712 sive
3115 658 3330 714 Petrum
3391 675 3526 728 apo-

1957 739 2151 794 stolum
2170 740 2340 796 dicas.
2365 739 2742 798 Verumtamen
2765 745 2816 799 in
2844 746 2928 800 his
2954 747 3131 802 divina
3160 750 3396 808 charitas
3418 753 3532 808 vic-

1959 831 2084 893 trix,
2119 839 2357 898 tempore
2379 835 2703 902 egressionis
2733 834 2879 891 foras
2903 838 3067 892 mittit
3100 840 3368 897 timorem.

2026 919 2168 976 XIV.
2196 921 2370 976 Etiam
2423 926 2654 980 motibus
2683 927 2891 980 vitiosis
2950 929 3279 997 implicatus,
3325 934 3371 988 si
3419 943 3534 989 toto

1959 1012 2120 1066 corde
2149 1014 2455 1076 crediderit,
2481 1030 2707 1086 seseque
2736 1017 3124 1085 humiliaverit,
3149 1023 3382 1091 apathiae
3405 1041 3528 1093 gra-

1959 1104 2086 1158 tiam
2155 1106 2504 1176 adipiscetur.
2566 1109 2822 1163 Testatur
2879 1111 2929 1162 id
2982 1111 3282 1180 Scriptura.
3361 1113 3530 1169 Hodie

1957 1212 2157 1249 mecum
2183 1199 2284 1251 eris
2308 1199 2361 1250 in
2375 1199 2725 1264 paradiso‘“.
2759 1199 2847 1265 Et,
2869 1199 3030 1256 Fides
3069 1213 3158 1256 tua
3177 1205 3434 1258 tesalvam
3454 1206 3533 1273 [e—

1957 1290 2050 1353 cit,
2076 1290 2205 1343 vade
2233 1290 2288 1342 in
2317 1305 2446 1356 pace
2473 1289 2535 1344 “.
2567 1291 2632 1346 Et
2655 1306 2985 1360 quaecunque
3014 1303 3137 1347 sunt
3182 1295 3338 1364 hujus
3367 1311 3532 1363 gene-

1957 1379 2054 1434 ris.
2086 1380 2153 1434 Et
2183 1381 2236 1434 in
2259 1386 2515 1436 autumno
2552 1381 2761 1438 livescit
2794 1397 2918 1450 uva,
2947 1392 2996 1438 et
3030 1388 3319 1440 secundum
3371 1386 3529 1455 ﬁdem

1957 1479 2179 1524 vestram
2205 1470 2293 1538 ﬁet
2332 1471 2474 1526 vobis
2515 1472 2580 1528 “.

2029 1561 2142 1617 XV.
2170 1563 2396 1629 Quando
2420 1572 2595 1619 motus
2617 1564 2781 1618 animi
2809 1579 2837 1618 a
2863 1574 3008 1620 recta
3055 1576 3265 1621 ratione
3315 1567 3520 1623 alienos

1957 1656 2221 1719 odientes,
2255 1654 2673 1724 cogitationibus
2701 1655 3007 1711 libidinosis
3039 1657 3216 1712 acrius
3249 1672 3278 1712 a
3328 1659 3528 1713 damm-

1959 1745 2115 1801 nibus
2153 1744 2491 1811 infestamur,
2519 1753 2645 1799 tunc
2677 1745 2844 1814 magis
2870 1746 2922 1799 in
2951 1745 3151 1801 Christi
3188 1745 3293 1802 {ide
3327 1748 3530 1801 conﬁr-

1958 1850 2190 1901 mamur,
2217 1844 2270 1890 et
2298 1833 2367 1889 ad
2392 1835 2528 1890 bona
2574 1837 2904 1904 sempiterna
2961 1837 3320 1906 exspectanda
3377 1853 3526 1906 spem

1955 1924 2248 1979 ﬁrmiorem
2277 1925 2658 1995 conspicimus,
2693 1927 2891 1994 quibus
2921 1940 3019 1981 nos
3062 1927 3282 1995 privari,
3330 1936 3385 1982 et
3435 1943 3529 1982 ex-

1955 2013 2095 2068 cludi
2127 2028 2190 2068 ex
2221 2013 2516 2068 invidentia
2542 2014 2813 2070 daemones
2837 2016 3075 2070 student.
3097 2013 3213 2069 Nisi
3261 2017 3402 2070 enim
3436 2029 3527 2069 es-

1955 2113 2076 2158 sent
2112 2104 2252 2160 bona
2286 2104 2375 2158 illa
2417 2105 2582 2160 multo
2611 2107 2868 2171 maxima,
2902 2105 3045 2160 haud
3100 2107 3171 2160 ita
3207 2105 3283 2159 illi
3328 2106 3527 2160 invidia

1957 2196 2192 2262 accensi,
2225 2196 2469 2251 sordidas
2491 2197 2844 2267 cogitationes
2868 2196 3062 2252 crebro
3115 2197 3166 2250 in
3222 2211 3318 2250 nos
3367 2197 3524 2266 jacu-

1955 2285 2220 2353 iarentur,
2252 2288 2304 2341 in
2331 2288 2435 2343 hoc
2466 2297 2518 2342 et
2547 2289 2771 2343 insania:
2797 2302 2909 2342 sum
2949 2286 3348 2354 satisfacturos,
3377 2296 3432 2341 et
3461 2287 3526 2341 ad

1957 2379 2390 2447 desperationem
2446 2393 2550 2434 nos
2607 2394 2704 2448 per
2749 2379 2972 2432 multam
3030 2387 3084 2432 et
3132 2378 3528 2433 intolerabilem

1957 2471 2259 2525 molestiam
2287 2472 2610 2540 impulsuros
2652 2471 3003 2526 arbitrantes.

2025 2561 2163 2616 XVI.
2196 2563 2490 2617 Scientiam
2517 2563 2879 2628 verissimam,
2906 2576 3027 2617 esse
3056 2562 3246 2631 praxin
3280 2560 3524 2614 nonnulli

1956 2652 2289 2708 existimant.
2326 2653 2662 2721 Quapropter
2695 2653 2951 2720 operibus
3003 2652 3134 2721 ipsis
3167 2653 3346 2721 pntius
3380 2658 3434 2705 et
3466 2651 3527 2702 II-

1957 2745 2098 2808 dem,
2132 2752 2186 2798 et
2209 2744 2486 2798 scientiam
2513 2753 2657 2797 tuam
2692 2757 2892 2798 conare
2921 2744 3228 2798 ostendere.
3261 2741 3360 2808 Qui
3387 2742 3532 2795 enim

1955 2837 2065 2890 sola
2095 2836 2320 2890 scientia
2342 2834 2556 2890 inﬂatus
2601 2843 2703 2898 est,
2737 2835 2936 2899 audiet,
2978 2835 3104 2903 quia
3133 2833 3297 2888 Deum
3326 2847 3382 2886 se
3410 2847 3542 2886 con-

1956 2929 2173 2996 ﬁtentur
2195 2945 2364 2993 nosse,
2405 2928 2560 2997 factis
2586 2936 2762 2982 autem
2791 2937 2980 2998 negant
3013 2928 3082 2980 ’⁸.

345 3019 441 3072 XI.
465 3020 522 3073 Si
547 3020 824 3074 studiosus
853 3019 1068 3074 virtutis
1093 3017 1398 3090 jejunandi,
1424 3029 1644 3091 propter
1663 3034 1854 3088 corpo-
1881 3042 1926 3101 α
2033 3019 2195 3076 XVII.
2227 3019 2297 3075 Ut
2322 3020 2609 3089 plurimum
2641 3030 2882 3088 tempore
2917 3018 3171 3074 festorum
3203 3018 3439 3083 dierum,
3474 3024 3528 3074 et

266 3111 344 3166 ris
373 3111 750 3166 infirmitatem
786 3126 848 3167 ea
876 3113 1036 3181 potiri
1063 3127 1320 3182 nequeas,
1349 3122 1405 3168 et
1431 3114 1667 3169 contrito
1685 3115 1845 3167 corde

265 3205 338 3258 ad
382 3204 594 3275 gratias
618 3203 864 3258 omnium
891 3205 1229 3274 procuratori
1259 3203 1495 3273 etjudici
1535 3204 1770 3272 agendas
1798 3213 1848 3256 te

263 3307 577 3358 convertas.
617 3299 730 3365 ipsa
761 3297 1058 3365 gratiarum
1101 3295 1246 3350 actio
1291 3296 1358 3350 ad
1410 3293 1841 3349 misericordiam

269 3387 379 3442 Deo
425 3387 522 3441 tibi
574 3385 962 3457 reputabitur:
1010 3388 1055 3442 si
1120 3386 1280 3442 modo
1329 3396 1381 3440 te
1433 3385 1691 3439 humilem
1751 3384 1850 3439 Do-

266 3480 417 3533 mino
440 3493 659 3548 semper
689 3478 1010 3550 praestiteris
1069 3487 1123 3534 et
1151 3477 1354 3534 nemini
1383 3491 1620 3548 unquam
1655 3484 1706 3531 te
1740 3491 1843 3530 an-

267 3573 597 3640 teposueris.
1295 3639 1298 3641 ,

337 3662 458 3718 XII.
489 3663 682 3719 Sciens
714 3662 966 3718 inimicus
989 3661 1288 3717 orationem
1315 3661 1470 3717 nobis
1498 3674 1620 3715 esse
1647 3672 1846 3729 propuo

268 3756 592 3825 gnatricem,
616 3755 718 3810 sibi
752 3753 1162 3821 insidiatricem,
1191 3752 1259 3806 ab
1290 3766 1461 3819 caque
1501 3766 1598 3806 nos
1638 3751 1851 3804 abstra-

269 3849 405 3904 here
454 3848 706 3914 moliens,
756 3848 824 3902 ad
863 3847 1174 3903 Graecarum
1229 3844 1666 3913 disciplinarum,
1718 3855 1853 3910 quas

271 3941 641 4004 deseruimus,
670 3939 996 3994 desiderium
1034 3937 1242 3991 animos
1265 3945 1481 3991 nostros
1511 3933 1847 3999 exstimulat,

269 4040 326 4085 et
366 4031 434 4084 ad
461 4029 529 4084 iis
560 4030 860 4084 vacandum
893 4028 1161 4082 hortatur.
1197 4026 1293 4080 Cui
1340 4025 1716 4092 obtemperare
1755 4036 1850 4075 ca-

271 4135 522 4186 veamus,
547 4133 614 4173 ne
648 4134 770 4174 cum
807 4119 875 4173 ab
901 4118 1075 4172 orbita
1110 4127 1164 4172 et
1196 4117 1410 4171 tramite
1471 4119 1695 4169 cultura:
1759 4129 1853 4167 no-

269 4224 401 4266 strae
453 4209 914 4272 aberraverimus,
956 4224 1052 4278 pro
1094 4207 1298 4261 ficubus
1322 4215 1376 4260 et
1410 4205 1528 4259 uvis
1568 4203 1750 4273 spinas
1799 4211 1854 4257 et

272 4302 506 4358 tribulos
549 4310 838 4356 metamus.
887 4301 1166 4371 Sapientia
1222 4300 1411 4370 quippe
1459 4299 1618 4368 hujus
1671 4296 1854 4350 mundi

271 4395 508 4449 stultitia
535 4394 675 4463 apud
703 4395 865 4449 Deum
899 4401 1179 4463 reputatur
1203 4391 1245 4444 ’.

342 4487 483 4541 XIII.
514 4486 784 4542 Gaudium
837 4502 1108 4556 magnum,
1154 4483 1348 4554 inquit,
1377 4482 1633 4536 annuntio
1683 4479 1847 4544 vobis,

272 4583 410 4650 quod
441 4579 545 4634 erit
579 4579 722 4632 omni
754 4577 945 4647 populo
983 4577 1046 4641 ιο,
1084 4591 1188 4629 non
1212 4574 1352 4643 parti
1381 4571 1585 4643 populi.
1608 4570 1696 4637 Et,
1727 4569 1855 4625 0m-

277 4674 354 4726 nis
386 4684 532 4726 terra
563 4672 742 4723 adoret
767 4682 834 4732 te,
862 4679 907 4723 et
934 4668 1125 4738 psallat
1157 4666 1253 4720 tibi
1287 4665 1353 4729 “,
1389 4679 1491 4719 non
1546 4677 1678 4716 sane
1729 4675 1854 4731 pars

279 4774 453 4816 terrae.
491 4760 655 4828 Atqui
688 4759 916 4828 psallere
969 4774 1073 4812 non
1108 4756 1418 4825 suppliciter
1439 4754 1729 4814 orantium,
1760 4751 1854 4807 sed

278 4867 606 4923 magnopere
646 4850 941 4924 laetantium
977 4856 1078 4903 est.
1111 4846 1264 4914 Quod
1305 4859 1425 4901 cum
1459 4844 1531 4898 ita
1563 4843 1654 4906 sit,
1679 4841 1856 4895 neuti-

278 4961 436 5012 quam
473 4943 810 5012 abjiciendus
856 4950 939 4998 est
988 4940 1448 5007 auimus;verum
1487 4951 1609 4991 cum
1672 4934 1852 4987 laetitia

279 5035 384 5087 vita
421 5036 538 5088 haec
571 5033 938 5101 transigenda,
967 5039 1021 5085 et
1049 5030 1115 5082 de
1138 5029 1228 5082 illa
1277 5025 1608 5097 sempiterna
1665 5022 1852 5076 laetitia

277 5124 584 5190 gaudioque
617 5123 983 5192 cegitandum.
1031 5117 1390 5173 Nihilominus
1420 5116 1602 5170 divino
1663 5114 1856 5168 timore

274 5215 520 5268 laetitiam
546 5222 929 5283 temperemus.
951 5212 1092 5268 sicut
1124 5211 1197 5264 ait
1228 5209 1412 5274 David,
1440 5205 1719 5261 Exsultate
1747 5203 1858 5258 Do-

287 5305 430 5358 mino
485 5321 605 5358 cum
660 5316 884 5358 tremore
909 5305 973 5356 ¹².
1011 5301 1175 5356 Maria
1217 5301 1361 5355 enim
1403 5313 1524 5352 cum
1559 5297 1771 5360 timore,
1802 5302 1860 5348 et

284 5406 539 5464 tremore,
560 5408 616 5452 et
647 5398 842 5466 gaudio
867 5410 1062 5464 magno
1094 5394 1336 5449 cucurrit
1373 5406 1402 5444 a
1444 5389 1712 5459 sepulcro.
1757 5386 1858 5441 Ce-

350 5595 372 5626 ’
399 5593 538 5648 Num
576 5609 673 5649 ιιι.
768 5593 790 5624 ⁸
814 5590 974 5647 Prov.
1011 5608 1049 5654 ι,
1083 5591 1170 5646 51.
1249 5589 1269 5621 ⁹
1305 5587 1472 5642 ICor.
1507 5601 1589 5649 lli,
1623 5585 1704 5641 I9.
1785 5585 1826 5616 ¹⁰
1857 5553 1986 5640 Luc.
2023 5597 2086 5643 Il,
2127 5581 2209 5635 10.
2291 5583 2331 5612 ¹¹
2367 5581 2505 5635 Psal.
2533 5597 2656 5645 t.xv,-
2696 5583 2742 5636 I.

358 5682 439 5723 ιιι.
471 5663 563 5719 45.
641 5664 685 5695 ³³
717 5663 850 5718 Luc.
887 5677 986 5723 vtt.
1017 5663 1105 5718 48.
1183 5663 1226 5693 ἰ
1258 5659 1404 5714 Matt.
1441 5673 1521 5723 Ix,
1552 5657 1641 5710 29.
1721 5656 1762 5688 ⁸⁸
1798 5654 1906 5710 Tit.
1939 5667 1976 5718 ι,
2016 5653 2102 5706 Ib‘.
2186 5651 2228 5684 "
2258 5650 2327 5706 III
2371 5651 2500 5723 Reg.
2534 5669 2622 5718 xx,
2659 5652 2740 5707 Il.

1891 5692 1906 5710 ο
1939 5691 1976 5718 Is,
2021 5691 2102 5706 ιυιο
2258 5691 2327 5706 ⁸⁸1
2371 5691 2500 5718 ιιιδο
2534 5691 2622 5718 ἃ-)
2660 5691 2740 5707 ll.

641 5664 685 5695 ⁸³
717 5663 850 5718 Luc.
887 5677 986 5731 vtt,
1017 5663 1105 5718 48.
1183 5663 1226 5693 ’δ
1258 5659 1404 5714 Matt.
1441 5673 1521 5724 ts,
1552 5657 1641 5710 29.

282 5680 439 5734 xxttt,
471 5663 563 5719 45.

1949 3123 2263 3171 sanctarum
2297 3125 2597 3180 synaxeon,
2625 3111 3072 3180 potissimumque
3098 3123 3219 3163 cum
3252 3109 3318 3163 ad
3345 3108 3523 3179 mysti-

1950 3220 2068 3261 cam
2101 3216 2341 3257 mensam
2388 3202 2752 3254 accedendum
2800 3208 2910 3264 est,
2960 3202 3231 3254 daemones
3291 3206 3531 3253 ascetam

1949 3293 2149 3352 odiosis
2193 3302 2246 3347 et
2286 3291 2511 3360 impuris
2546 3292 2960 3360 phantasmatis,
3001 3292 3371 3360 genitumque
3395 3304 3526 3359 pro-

1948 3388 2110 3443 ﬂuvio
2135 3386 2420 3455 inquinare
2442 3385 2701 3440 nituntur.
2732 3383 2837 3439 Sed
2862 3399 3034 3454 neque
3057 3383 3231 3438 isthoc
3256 3385 3530 3453 frangent,

1949 3492 2041 3535 aut
2069 3480 2437 3543 enervabunt,
2474 3478 2599 3548 quia
2637 3479 2816 3532 omnia
2853 3477 3146 3532 toleranter
3172 3491 3235 3530 ac
3269 3489 3532 3544 generoso

1951 3571 2130 3625 animo
2163 3569 2304 3625 ferre
2345 3569 2647 3624 consuevit.
2702 3568 2785 3623 Ne
2826 3570 2992 3638 igitur
3032 3569 3321 3637 glorientur
3345 3565 3530 3621 adver-

1948 3675 2067 3714 sum
2100 3675 2191 3712 nos
2226 3659 2448 3711 accincti
2479 3674 2622 3722 a'que
2666 3667 2721 3710 ut
2747 3659 2992 3712 discincti
3017 3658 3082 3714 ¹⁰.

2023 3747 2207 3803 XVIII.
2253 3746 2326 3800 Da
2357 3762 2579 3816 operam
2633 3761 2700 3801 ne
2752 3747 2935 3801 hostes
2978 3747 3148 3802 nostri
3203 3746 3532 3802 alacritatem

1955 3848 2100 3894 tuam
2156 3838 2464 3901 retundaut,
2527 3838 2694 3893 variis
2742 3847 2798 3893 et
2857 3838 3083 3894 occultis
3146 3838 3531 3892 tentationibus

1953 3932 2185 3989 animam
2215 3929 2630 3998 colapltizantes.
2660 3927 2793 3983 Nam
2823 3943 2891 3984 ex
2923 3927 3105 3982 multis
3156 3936 3209 3982 et
3241 3927 3531 3995 inexplica-

1953 4021 2149 4076 bilibus
2178 4018 2617 4074 tribulationibus
2647 4033 2845 4073 corona
2885 4018 2980 4073 tibi
3007 4018 3314 4074 contexitur
3354 4035 3368 4071 :
3403 4018 3532 4072 etin

1955 4110 2360 4166 inﬁrmitatibus
2408 4108 2611 4163 Christi
2661 4109 2830 4162 virtus
2872 4107 3172 4179 perficitur,
3192 4116 3245 4160 et
3285 4107 3338 4160 in
3389 4116 3531 4162 statu

1957 4199 2214 4262 tristiore,
2243 4198 2467 4267 spiritus
2492 4199 2663 4266 gratia
2694 4196 3010 4265 elllorescit,
3041 4212 3104 4253 ac
3134 4199 3287 4252 nitet.
3323 4197 3525 4254 Lumen

1955 4291 2092 4345 enim
2121 4291 2358 4359 gentibus
2379 4291 2434 4343 in
2463 4289 2686 4342 tenebris
2711 4299 2950 4344 exortum
3007 4298 3085 4344 est
3119 4290 3162 4323 ¹τ
3191 4309 3206 4344 :
3237 4289 3280 4344 si
3313 4292 3530 4358 quidem

1884 4383 1927 4437 D
1961 4383 2207 4436 fiduciam
2257 4391 2310 4436 et
2346 4380 2718 4451 gloriationem
2765 4382 2879 4450 spei
2912 4381 2979 4435 ad
3019 4381 3180 4436 finem
3218 4395 3389 4451 usque
3422 4390 3532 4434 sta-

1958 4476 2117 4532 bilem
2159 4473 2564 4528 retinueaimus.

1981 4558 2176 4614 -Nihil
2224 4575 2376 4629 atque
2432 4559 2682 4614 virtutem
2735 4558 3020 4631 proﬂigare
3073 4568 3230 4625 so.et,
3267 4568 3324 4614 ut
3385 4575 3532 4614 scur-

1966 4651 2162 4716 rilitas,
2189 4660 2241 4705 et
2264 4651 2470 4705 ludicra
2525 4662 2689 4719 atque
2737 4653 2911 4705 otiosa
2967 4651 3258 4722 colloquia.
3325 4649 3534 4706 Rursus

1961 4745 2028 4798 ad
2063 4744 2298 4798 animam
2335 4744 2688 4797 inveteratam
2743 4744 3126 4809 renovandam,
3156 4753 3211 4798 et
3255 4759 3376 4798 cum
3425 4743 3537 4798 Deo

1957 4835 2372 4890 cousociaudam
2399 4833 2529 4888 nihil
2573 4848 2727 4900 teque
2771 4833 2980 4888 confert
3015 4843 3072 4887 ut
3117 4835 3278 4890 timor
3325 4834 3438 4898 Dei,
3480 4843 3536 4889 et

1955 4925 2185 4994 diligens
2217 4925 2466 4986 attentio,
2493 4926 2817 4995 assiduaque
2866 4925 3168 4979 divinorum
3191 4924 3541 4993 eloquiorum

1955 5019 2379 5081 commentatio,
2427 5026 2481 5071 et
2523 5032 2627 5086 qua
2656 5033 2715 5072 se
2753 5019 2876 5086 quis
2927 5026 3178 5086 tanquam
3229 5017 3396 5070 armis
3450 5016 3536 5070 in-

1955 5117 2134 5164 struat
2166 5111 2359 5174 oratio,
2387 5117 2442 5162 et
2469 5109 2794 5178 vigiliarum,
2816 5117 2873 5160 ut
2898 5108 3032 5161 lucri
3064 5106 3291 5176 alicujus
3307 5121 3535 5162 consec-

1965 5201 2119 5254 tatio.

2032 5290 2170 5347 XIX.
2198 5290 2704 5346 Commodissimum
2762 5290 2920 5345 simul
2965 5300 3019 5346 et
3051 5289 3398 5344 utilissimum
3444 5295 3531 5343 est

1961 5383 2186 5449 auium,
2245 5385 2491 5452 quamvis
2539 5382 2973 5446 tribulationem,
3029 5381 3142 5437 sive
3188 5380 3255 5434 ab
3305 5377 3543 5434 homini-

2824 5581 2864 5612 ”
2897 5580 3036 5635 Psal.
3075 5578 3228 5640 n,II.
3312 5574 3541 5637 “'Luc.

2821 5653 2859 5684 "
2897 5650 3038 5708 Psal.
3069 5664 3150 5713 ut,
3182 5648 3235 5703 4.
