4048 6378
505 208 612 273 795

1749 211 2068 271 JOANNIS
2103 209 2505 270 CARPATHII

3660 207 3766 271 796

514 327 638 388 bus,
693 321 808 378 sive
864 336 892 375 a
935 320 1269 375 daemonibus
1324 318 1590 374 invectam
1625 332 1940 376 constanter
1974 323 2088 376 suf-
2115 329 2163 386 Α
2193 340 2314 378 cum
2356 323 2530 376 servis
2580 320 2802 377 Christi.
2834 319 2947 377 Hoc
2979 319 3194 377 dicente
3225 320 3405 376 anima
3460 334 3583 376 cum
3629 321 3768 375 ﬁdu-

449 463 452 466 .
511 417 682 471 ferre.
718 416 783 470 Et
813 415 1091 470 sciendum
1138 413 1296 483 plane
1324 412 1664 467 amictionem
1695 415 1874 469 deberi
1909 417 2083 480 nobis,

446 484 451 502 1
512 525 609 564 nec
653 509 817 563 alium
882 523 1248 576 quemquam,
1303 516 1498 574 praeter
1569 522 1667 560 nos
1722 508 1865 576 ipsos
1921 524 2085 562 accu-

511 599 706 654 sandos
734 610 1007 669 perpetuo.
1041 596 1174 650 Nam
1216 597 1308 666 qui
1361 598 1410 650 in
1477 599 1918 652 tribulationilms
1975 601 2089 653 suis

511 691 672 744 alium
702 701 940 756 accusat,
985 707 1014 744 a
1067 699 1217 744 recto
1253 689 1458 763 judicio
1497 689 1613 757 ejus
1652 692 1792 760 quod
1839 694 2088 744 convenit

510 781 802 836 aberravit.

583 870 702 926 XX.
743 871 1136 942 Nonnunquam
1166 889 1195 927 a
1227 874 1415 928 dextra
1447 874 1574 927 sede
1606 874 2089 928 dimoveturhomo

512 962 761 1031 quanivis
793 965 1006 1018 virtutis
1048 973 1306 1027 sectator,
1347 963 1718 1034 multiplicatis
1769 965 2087 1019 tentationi-

515 1053 618 1107 bus
649 1053 835 1108 ordine
867 1071 964 1107 suo
995 1057 1234 1124 dejectus
1252 1055 1523 1118 videlicet,
1547 1057 1695 1125 quia,
1725 1064 1783 1110 ut
1807 1056 2087 1124 Scriptura

515 1143 754 1213 IOQuitur
802 1165 814 1200 :
877 1145 1058 1200 Omnis
1113 1148 1226 1215 ejus
1279 1149 1538 1216 sapientia
1589 1157 1638 1202 et
1701 1165 1789 1202 ars
1839 1147 2091 1201 decorata

514 1246 591 1289 est
627 1236 706 1288 ηε
737 1253 804 1289 ne
830 1239 1163 1292 conﬁdentes
1185 1241 1355 1293 simus
1395 1241 1448 1293 in
1475 1240 1902 1306 nobismetipsis,
1940 1250 1993 1294 et
2025 1255 2091 1294 ne

517 1327 772 1393 glorietur
823 1327 985 1382 Israel
1048 1331 1253 1396 dicens,
1302 1330 1492 1385 Manus
1543 1346 1659 1384 mea
1695 1331 1931 1384 servavit
1981 1346 2088 1385 me.

516 1419 907 1474 Verumtamen
945 1436 1009 1475 ne
1033 1421 1234 1475 idcirco
1269 1423 1523 1485 turberis,
1560 1420 1713 1489 quasi
1763 1421 1884 1473 novi
1937 1421 2092 1488 quip-

516 1511 658 1578 piam
709 1512 963 1565 accidat:
1001 1512 1092 1565 sed
1138 1522 1186 1564 te
1213 1513 1262 1564 iu
1304 1512 1538 1580 priorem
1583 1513 1731 1566 illum
1787 1512 2089 1579 pulcherri-

517 1610 771 1670 mumque
801 1611 1000 1656 statum
1036 1604 1340 1657 restitutum
1376 1603 1437 1656 iri
1472 1619 1648 1671 spera,
1692 1603 1974 1656 deﬁciente
2037 1611 2091 1656 et

2191 415 2295 478 cia,
2334 425 2478 482 terga
2530 412 2784 481 deinceps
2837 411 2928 465 dat
2970 410 3238 477 diabolus,
3297 410 3563 475 clamans,
3593 419 3651 463 et
3687 409 3764 463 la-

2191 517 2460 568 lueutans,
2488 506 2631 574 quod
2668 504 2871 558 nomini
2902 503 3102 557 Christi
3157 504 3452 572 prmvalere
3510 519 3616 557 non
3670 517 3767 572 po-

2192 597 2375 648 tuerit.
2411 594 2471 646 Et
2502 595 2676 647 anima
2711 594 2932 647 inimico
2962 595 3213 659 superior
3241 592 3456 657 eIIecta,
3483 594 3656 662 ipsum
3679 609 3770 646 co-

2192 688 2444 751 lapbizat,
2482 687 2622 740 sicut
2651 687 2740 753 qui
2782 683 3088 755 ὀξυπτέρυξ
3115 702 3142 737 a
3179 684 3339 738 celeri
3397 683 3577 736 volatu
3629 683 3769 736 dici-

2193 788 2296 840 tur,
2330 794 2573 831 corvum.
2604 777 2795 831 Postea
2829 794 2924 844 per
2958 777 3171 832 divinos
3225 775 3450 844 angelos
3496 775 3549 829 in
3593 774 3769 830 locum

2191 866 2292 918 sibi
2319 866 2620 928 deﬁnitum,
2649 865 2803 934 juxta
2832 875 3032 918 statum
3085 874 3137 918 et
3197 864 3565 920 conditionem
3614 879 3772 918 suam

2190 957 2470 1012 exsultans
2499 967 2914 1026 transportatur.

2265 1047 2456 1102 XXIV.
2487 1049 2660 1104 Etiam
2708 1065 2886 1119 parva:
2940 1050 3222 1104 tentationi
3284 1049 3632 1118 indulgendo,
3665 1049 3772 1102 im-

2192 1143 2406 1211 peditur
2452 1143 2501 1195 in
2547 1157 2835 1210 progressu
2892 1142 3109 1197 virtutis
3157 1141 3406 1211 cupidus.
3440 1141 3626 1196 Fidem
3675 1141 3773 1194 tibi

2192 1233 2353 1286 faciat
2382 1233 2635 1288 echeneis
2665 1233 2907 1288 tantillus
2931 1233 3244 1302 pisciculus,
3274 1234 3366 1303 qui
3398 1234 3773 1304 prtegrandem

2191 1324 2496 1378 onerariam
2521 1326 2636 1377 solo
2665 1332 2869 1379 attactu
2894 1324 3058 1390 sistit,
3094 1323 3320 1394 ejusque
3354 1339 3578 1379 cursum
3604 1323 3767 1378 cobi-

2192 1415 2281 1469 bet
2313 1415 2547 1484 penitus.
2588 1417 2651 1470 Et
2678 1415 2829 1472 vides
2883 1432 2998 1471 rem
3061 1416 3353 1470 maximam
3413 1415 3707 1484 prapediri
3745 1432 3774 1468 a

2193 1506 2439 1570 minima,
2459 1517 2512 1561 et
2533 1508 2824 1562 meministi
2857 1509 3110 1573 dicentis,
3146 1499 3258 1577 Ego
3281 1504 3486 1561 Paulus
3511 1507 3778 1577 (quantus

2194 1598 2347 1666 vir?)
2374 1599 2528 1650 semel
2554 1611 2598 1650 et
2633 1600 2821 1651 iterum
2855 1599 2994 1653 volui
3027 1601 3198 1654 venire
3243 1598 3311 1652 ad
3359 1614 3491 1664 vos;
3528 1599 3620 1653 sed
3672 1600 3780 1653 iut-

519 1692 670 1758 pulso
696 1696 792 1746 abs
814 1704 865 1748 te
882 1691 1064 1748 divino
1089 1695 1240 1764 jussu
1267 1695 1521 1764 maligno,
1552 1695 1641 1764 qui
1667 1696 1733 1747 ad
1773 1697 1952 1748 omnia
1986 1711 2087 1746 non
2124 1709 2162 1763 Β
2192 1687 2385 1754 pellicit
2417 1704 2508 1740 nos
2532 1685 2760 1741 Satanas
2796 1689 2861 1740 ⁸⁸.
2890 1687 3157 1746 Caeterum
3192 1703 3260 1742 ne
3303 1689 3506 1744 idcirco
3551 1698 3775 1758 pertur-

517 1781 634 1836 sine
667 1782 946 1838 aﬁ'ectibus
970 1783 1223 1840 intuenda
1273 1795 1324 1839 et
1367 1785 1630 1838 audienda
1664 1799 1760 1839 uos
1793 1784 2004 1845 incitat,
2035 1793 2090 1835 et

516 1873 583 1925 ad
607 1886 823 1942 peccata
853 1877 1233 1930 committenda
1259 1875 1535 1931 sollicitat.
1564 1875 1698 1930 Cum
1731 1885 1913 1929 autem
1943 1890 2092 1928 ruen-

518 1974 623 2017 tem
653 1964 1006 2031 hebetaverit,
1040 1978 1096 2019 ut
1123 1967 1174 2020 in
1212 1966 1385 2020 hebeti
1419 1977 1472 2019 et
1497 1981 1706 2031 crassa,
1738 1965 1867 2018 facit
1901 1975 1954 2018 et
2000 1980 2092 2018 ca-

517 2053 756 2107 runcula:
789 2053 1159 2109 incredibilem
1192 2056 1538 2125 gravitatem,
1569 2063 1729 2124 atque
1749 2055 1944 2108 molem
1975 2069 2092 2107 sen-

515 2144 638 2206 tire,
682 2153 738 2197 et
777 2144 992 2198 insitam
1041 2147 1304 2200 rationem
1358 2145 1658 2214 simplicem
1688 2185 1703 2212 ,
1760 2145 2091 2213 minimeque

516 2233 694 2286 lictam
729 2236 796 2287 ad
816 2235 1225 2289 similitudinem
1252 2235 1408 2289 modo
1436 2235 1741 2303 genitorum
1773 2235 2088 2300 infantium,

514 2323 686 2377 reddit
729 2324 955 2388 variam,
988 2335 1042 2378 et
1075 2326 1229 2380 valde
1258 2337 1564 2392 expertam,
1600 2326 1690 2379 ubi
1755 2341 1876 2380 eam
1911 2326 2090 2379 omni-

511 2416 667 2485 genis
720 2419 957 2486 peccatis
1009 2421 1575 2489 venenaverit,etper
1623 2419 1893 2473 lenocinia
1937 2434 2092 2473 ever-

517 2512 660 2562 terit.

583 2599 729 2656 XXI.
798 2601 906 2656 Res
968 2615 1204 2669 magna,
1273 2602 1432 2656 homo
1499 2616 1752 2656 crescens
1814 2602 1992 2665 intus,
2039 2609 2094 2656 et

511 2695 808 2749 virtutibus
841 2695 1266 2764 magnitudinem
1312 2710 1496 2749 consei
1515 2703 1659 2747 ntus.
1703 2691 2090 2747 Verumtamen

513 2789 603 2844 hic
654 2801 878 2854 magnus
935 2797 1212 2856 peccatum
1252 2787 1436 2847 timet.
1473 2797 1524 2839 ut
1581 2801 1786 2838 murem
1843 2785 2095 2853 elephan-

517 2890 622 2944 tus,
652 2894 712 2932 ne
757 2878 890 2946 [orte
926 2893 1045 2930 cum
1092 2877 1213 2930 aliis
1241 2876 1635 2942 praedicauerit,
1686 2875 1793 2943 ipse
1847 2876 2091 2942 reprobus

512 2970 764 3040 efficiatur
792 2970 855 3024 ".

2193 1777 2375 1833 beris:
2411 1781 2503 1833 sed
2526 1780 2795 1834 contende
2828 1779 3001 1851 magis
3039 1796 3134 1850 per
3160 1772 3501 1849 patientiam,
3549 1791 3605 1834 et
3638 1795 3738 1846 κη
3771 1808 3779 1820 -

2195 1871 2320 1922 tiam
2361 1871 2731 1940 consequeris.

2265 1959 2429 2015 XXV.
2457 1962 2551 2016 Cui
2605 1963 2740 2018 bene
2779 1977 2844 2016 ac
2896 1966 3050 2017 beate
3103 1972 3186 2016 est
3219 1977 3341 2016 cum
3375 1962 3691 2026 virtutibus,
3728 1961 3779 2016 si

2193 2071 2289 2125 per
2329 2056 2634 2111 socordiam
2673 2055 2740 2110 ab
2789 2053 2966 2110 ollicio
3014 2054 3313 2121 deﬂexerit,
3374 2053 3669 2108 ascendent
3704 2053 3779 2105 ad

2193 2165 2314 2204 eum
2348 2149 2438 2201 lilii
2467 2163 2701 2217 nequam
2732 2147 3075 2202 orientalium
3109 2145 3178 2199 ab
3207 2145 3451 2208 Amalec,
3480 2153 3536 2198 et
3581 2146 3784 2212 praeci-

2192 2255 2297 2309 pue
2325 2257 2352 2291 a
2375 2237 2611 2303 Madian,
2638 2239 2721 2293 vis
2745 2239 2948 2293 amoris
3003 2237 3320 2301 meretricii,
3372 2251 3495 2292 cum
3549 2235 3788 2291 camelis

2193 2331 2469 2401 ipsorum;
2501 2345 2692 2400 nempe
2720 2345 2841 2385 cum
2890 2330 3376 2401 imaginationibus
3423 2330 3782 2392 turbulentis.

2192 2421 2388 2488 quibus
2409 2435 2511 2473 non
2543 2429 2626 2474 est
2653 2434 2934 2484 numerus,
2961 2431 3015 2473 et
3050 2420 3368 2488 disperdent
3395 2435 3586 2475 omnes
3613 2430 3783 2474 terra:

2194 2511 2423 2575 fructus,
2457 2512 2508 2565 id
2535 2519 2640 2575 est,
2669 2513 2886 2580 Optimae
2931 2512 3160 2567 actionis
3207 2521 3261 2568 et
3316 2513 3552 2568 habitus.
3626 2514 3786 2567 Tum

2194 2619 2354 2674 porro
2377 2614 2498 2672 eget
2528 2604 2712 2671 Israel,
2742 2614 2795 2658 et
2829 2605 3024 2674 pusillo
3065 2614 3150 2660 est
3203 2607 3409 2671 animo,
3444 2607 3787 2675 cogiturque

2194 2694 2429 2749 clamare
2464 2696 2528 2748 ad
2560 2693 2870 2758 Dominum,
2905 2704 2960 2750 et
2997 2696 3070 2750 ita
3101 2696 3240 2750 caelo
3278 2696 3582 2751 demittitur
3621 2696 3772 2749 Ιωιιει

2195 2787 2466 2856 cogitatio.
2515 2786 2732 2843 Gedeon
2781 2787 2944 2842 multa
3011 2803 3135 2842 cum
3196 2789 3300 2843 ﬁde
3350 2798 3406 2841 et
3468 2788 3786 2841 humilitate

2196 2879 2430 2932 imitans.
2463 2877 2701 2931 Familia
2727 2880 2864 2932 enim
2910 2895 3026 2932 mea
3070 2880 3288 2947 inﬁrma
3339 2888 3413 2932 est
3464 2879 3514 2930 in
3559 2876 3788 2930 Manas-

2194 2985 2250 3023 se
2279 2970 2347 3035 “,
2385 2970 2578 3039 inquit,
2613 2980 2669 3024 ut
2712 2970 2765 3025 in
2823 2971 3086 3025 trecentis
3144 2970 3453 3025 hominibus
3501 2969 3787 3023 imbecilli-

585 3058 748 3117 XXII.
776 3059 892 3114 Non
917 3059 1092 3116 solum
1119 3059 1434 3113 imminente
1461 3057 1925 3112 consummatione
1945 3071 2091 3110 mun—
2119 3050 2160 3109 C
2197 3065 2296 3116 bus
2318 3063 2489 3116 aciem
2526 3072 2712 3115 contra
2749 3072 2926 3117 tantas
2975 3071 3223 3118 catervas
3253 3061 3543 3126 instruam,
3580 3071 3635 3114 et
3683 3060 3785 3113 ad-

516 3153 567 3208 di
592 3152 834 3207 diabolus
857 3166 1136 3208 sermones
1186 3160 1376 3206 contra
1407 3151 1745 3204 Altissimum
1798 3149 2088 3218 loquetur;

516 3233 811 3298 sed'etiam
837 3257 980 3296 nunc
1016 3241 1284 3295 interdum
1316 3254 1510 3308 graves
1545 3237 1934 3307 cogitationum
1991 3254 2089 3292 no-

515 3349 753 3392 strarum
797 3335 848 3390 iu
879 3336 1056 3406 ipsum
1089 3338 1284 3389 cretum
1320 3331 1684 3402 blasphemias
1720 3332 1938 3394 emittit,
1963 3346 2091 3385 con-

518 3439 708 3496 traque
740 3426 1108 3491 Altissimum,
1171 3435 1226 3479 et
1289 3433 1564 3478 creaturas
1612 3421 1750 3490 ejus,
1791 3431 1848 3476 et
1907 3431 2091 3477 sancta

512 3518 717 3573 Christi
746 3517 1000 3587 mysteria
1042 3514 1394 3569 contumelias
1425 3515 1578 3583 jacit.
1606 3511 1801 3568 Verum
1837 3529 1935 3568 nos
1957 3530 2090 3568 con-

511 3626 699 3664 scensa
724 3621 873 3676 petra
905 3607 1249 3677 cogitationis
1287 3620 1448 3675 super
1485 3605 1599 3669 his,
1649 3619 1718 3660 ne
1747 3606 2093 3672 Obstupesca-

513 3715 658 3762 mus.
699 3714 799 3754 nec
836 3697 1126 3768 perniciosi
1193 3697 1336 3751 illius
1400 3697 1682 3751 audaciam
1732 3697 2088 3751 admiremur.

513 3792 645 3846 Fide
681 3802 860 3844 autem
909 3798 963 3844 et
992 3803 1084 3860 spe
1135 3788 1459 3844 ferventiore
1499 3789 1765 3853 adhibita,
1795 3799 1849 3843 et
1897 3803 2088 3857 supcr-

512 3898 641 3938 num
666 3881 924 3935 auxilium
951 3881 1249 3944 consecuti,
1280 3882 1487 3936 hostem
1519 3878 1975 3950 propulsabimus.

589 3973 776 4028 XXIII.
803 3973 940 4027 Cum
975 3973 1402 4043 exprobratione
1447 3983 1503 4028 et
1559 3972 1782 4026 audacia
1833 3972 2085 4026 inimicus

514 4067 568 4120 in
597 4067 830 4120 animam
867 4082 897 4121 e
933 4082 1162 4136 corpore
1199 4068 1566 4138 egredientem
1609 4066 1834 4129 involat,
1867 4076 1921 4120 et
1969 4080 2092 4134 pro-

515 4168 632 4224 pter
664 4159 896 4214 admissa
930 4161 1124 4214 acerbe
1173 4175 1236 4212 ac
1285 4159 1616 4214 horribiliter
1655 4173 1775 4212 eam
1836 4168 2086 4213 accusat.

515 4248 624 4303 Sed
657 4259 740 4303 est
763 4260 887 4303 tunc
921 4250 1104 4304 videre
1155 4248 1266 4303 Deo
1303 4251 1525 4303 charam
1605 4259 1659 4303 et
1714 4248 2083 4303 ﬁdelissimam

515 4343 776 4407 animam,
821 4342 1036 4396 tametsi
1067 4349 1224 4395 antea
1278 4341 1588 4410 frequenter
1632 4341 1817 4396 multis
1849 4342 2089 4411 peccatis

513 4434 876 4498 vulneratam,
911 4431 1025 4499 ejus
1075 4432 1274 4500 impetu
1338 4439 1393 4485 et
1448 4431 1609 4486 minis
1646 4431 1788 4485 haud
1832 4433 2084 4500 percelli;

514 4522 644 4592 quin
678 4525 987 4576 roboratam
1020 4523 1198 4590 potius
1227 4523 1279 4575 in
1311 4521 1561 4587 Domino,
1586 4522 1639 4576 in
1666 4522 1866 4590 gaudio
1892 4525 2085 4580 solida-

517 4624 648 4673 tam,
677 4620 731 4666 et
752 4627 783 4666 a
814 4612 986 4667 sacris
1009 4612 1298 4668 virtutibus
1318 4625 1438 4666 eam
1505 4612 1825 4668 ducentibus
1866 4614 2087 4671 ﬁdentia

515 4704 802 4772 repletam,
832 4719 895 4759 ac
915 4704 1116 4760 lmniue
1143 4704 1263 4759 ﬁdei
1291 4704 1706 4769 circumdatam,
1735 4705 2081 4778 malignoqae

515 4795 679 4849 nutlta
709 4811 828 4851 cum
871 4797 1120 4852 libertate
1149 4796 1551 4860 reclamantem,
1583 4797 1727 4863 Quid
1759 4798 1855 4851 tibi
1886 4799 2086 4854 nobis-

512 4903 634 4942 cum
669 4897 773 4953 est,
800 4888 1033 4944 alienato
1073 4903 1102 4942 a
1138 4887 1280 4942 Deo?
1316 4887 1446 4956 quid
1477 4888 1570 4942 tibi
1603 4889 1906 4952 nobiscum,
1946 4887 2086 4958 lngi-

517 4983 620 5036 tive
651 4982 716 5036 de
745 4981 902 5045 ctalo.
945 4991 1002 5036 et
1043 4994 1203 5036 serve
1240 4980 1508 5049 nequam?
1533 4979 1650 5035 Non
1704 4981 1871 5035 habes
1918 4981 2080 5034 ullam

514 5073 567 5128 in
610 5089 706 5126 nos
743 5083 1083 5142 potestatem.
1113 5073 1220 5128 Nos
1259 5075 1428 5140 enim,
1467 5083 1520 5129 et
1550 5087 1739 5129 omnes
1788 5075 1838 5128 in
1879 5073 2084 5129 Christi

514 5175 779 5231 potestate
813 5182 1017 5233 sumus,
1051 5167 1156 5236 ipsi
1191 5166 1552 5237 peccavimus,
1605 5167 1705 5236 ipsi
1742 5167 2088 5236 respondebi-

515 5276 658 5320 ILtts,
678 5259 872 5327 pignus
901 5259 1162 5314 habentes
1195 5259 1365 5329 ipsius
1397 5258 1782 5314 misericordiae
1807 5274 1934 5327 erga
1962 5273 2082 5320 nos,

513 5362 568 5402 et
601 5349 793 5403 salutis
826 5359 1022 5404 nostra)
1065 5351 1356 5419 pretiosam
1404 5351 1520 5420 ejus
1577 5366 1813 5405 crucem.
1845 5351 1924 5402 Tu
1963 5366 2088 5404 vero

516 5454 682 5508 apage
716 5440 898 5508 procul
929 5455 957 5492 a
1012 5443 1184 5510 nobis,
1219 5442 1384 5511 pestis
1409 5451 1463 5496 et
1497 5442 1761 5507 exitium;
1799 5443 1931 5496 nihil
1993 5442 2086 5495 tibi

587 5613 631 5646 "
665 5615 802 5670 Psal.
829 5633 932 5682 ειη,
968 5618 1055 5672 27.
1137 5620 1178 5651 ¹⁹
1210 5619 1226 5672 I
1257 5619 1384 5673 Cor.
1421 5634 1492 5680 Ix,
1523 5617 1612 5674 27.

1691 5617 1782 5672 "I
1825 5619 2013 5674 Thess.
2053 5635 2110 5682 Il,
2147 5619 2227 5673 I8.

2196 3154 2460 3207 mirabilia
2523 3166 2724 3224 "'0me
2780 3155 2918 3210 citra
2985 3153 3248 3210 auxilium
3319 3155 3507 3222 gratia:
3568 3153 3784 3208 consti-

2195 3251 2362 3297 tuam.

2265 3333 2454 3389 XXVI.
2482 3334 2597 3390 Non
2633 3337 2836 3405 poteris
2889 3353 3047 3406 super
3090 3337 3327 3405 aspidem
3374 3347 3422 3390 et
3469 3336 3780 3389 basiliscum

2195 3427 2469 3481 ambulare
2501 3429 2568 3493 ",
2597 3440 2650 3484 et
2676 3444 2794 3497 qute
2826 3440 3151 3499 sequuntur,
3179 3431 3282 3483 nisi
3313 3448 3343 3483 a
3375 3429 3482 3480 Dee
3517 3443 3614 3496 per
3640 3430 3778 3480 mul—

2194 3527 2278 3572 tas
2329 3528 2381 3570 et
2413 3519 2680 3587 supplices
2710 3533 2898 3588 preces
2924 3519 3145 3585 angelos
3182 3519 3512 3587 impetraris,
3541 3519 3631 3584 qui
3665 3534 3780 3570 ma-

2195 3608 2352 3662 nibus
2384 3619 2433 3662 te
2461 3608 2736 3673 attollant,
2769 3617 2824 3664 et
2865 3619 3044 3664 mente
3091 3610 3201 3664 luto
3235 3612 3490 3664 immersa
3535 3609 3782 3677 superio-

2195 3714 2307 3754 rem
2346 3700 2606 3756 efﬁciant.

2257 3791 2468 3844 XXVII.
2499 3793 2632 3846 Cum
2667 3795 2790 3858 quis
2811 3803 3033 3848 strenue
3067 3796 3354 3848 decertans
3375 3795 3547 3845 victus
3574 3795 3766 3858 fuerit,

2195 3899 2534 3953 nequaquam
2567 3885 2746 3940 animo
2781 3885 3071 3951 concidat;
3109 3885 3202 3938 sed
3235 3897 3453 3939 erectus
3481 3884 3631 3939 Isaia:
3660 3901 3777 3938 ver-

2193 3975 2276 4030 bis
2307 3976 2536 4040 laetetur,
2568 3975 2691 4029 talia
2730 3976 3055 4030 succinens:
3087 3975 3504 4039 Confortamini,
3541 3977 3776 4044 improbi

2193 4066 2486 4129 daemones,
2518 4075 2572 4120 et
2603 4066 2906 4119 vincimini.
2944 4066 2999 4119 Si
3025 4067 3171 4119 enim
3234 4081 3448 4118 rursum
3503 4068 3780 4120 cottl'orta-

2194 4158 2349 4222 mini,
2383 4173 2595 4212 rursum
2627 4157 2934 4222 vincemini,
2963 4166 3015 4210 et
3050 4158 3094 4212 si
3125 4158 3347 4211 consilia
3387 4157 3614 4220 inibitis,
3660 4159 3776 4212 dis-

2194 4249 2392 4319 sipabit
2438 4265 2499 4303 ea
2525 4248 2807 4315 Dominus,
2851 4250 3104 4319 quoniam
3148 4251 3429 4303 nobiscum
3466 4249 3632 4311 Deus,
3683 4253 3779 4318 qui

2194 4340 2500 4395 contractos
2523 4341 2705 4412 erigit,
2733 4351 2789 4396 et
2822 4341 2950 4396 facit
2973 4341 3222 4396 inimicos
3254 4353 3468 4396 nostros
3493 4342 3776 4410 plangere,

2199 4432 2242 4487 si
2272 4432 2653 4501 pmniteamus.

2261 4520 2497 4578 XXVIII.
2530 4522 2868 4593 Impossibilc
2896 4533 2983 4581 est
3013 4539 3134 4580 eum
3161 4525 3253 4594 qui
3280 4524 3577 4580 instituitur
3607 4537 3779 4581 tenta-

2191 4615 2397 4671 tionum
2427 4617 2743 4672 vexationes
2786 4623 3036 4672 evadere.
3067 4617 3172 4671 Sed
3223 4617 3356 4671 tales
3387 4629 3572 4686 postea
3607 4620 3778 4676 multo

2192 4707 2408 4776 gaudio,
2452 4713 2508 4759 et
2567 4705 2814 4762 dulcibus
2853 4705 3110 4776 Iacrymis
3165 4706 3473 4775 divinisque
3516 4711 3770 4764 sensibus

2192 4797 2492 4866 replentur,
2519 4797 2610 4866 qui
2641 4797 2861 4867 quidem
2911 4798 3148 4852 dolorem
3178 4809 3231 4854 et
3269 4799 3679 4855 tribulationem
3717 4803 3769 4855 iu

2198 4889 2450 4944 cordibus
2477 4889 2590 4942 suis
2619 4890 3020 4956 expetiverunt.

2271 4978 2465 5037 XXIX.
2493 4980 2640 5034 Isaac
2663 4980 2849 5034 volens
2873 4981 3228 5048 benedicere,
3265 4992 3320 5038 et
3364 4998 3594 5037 currens
3644 4983 3773 5037 olim

2199 5071 2338 5128 Esau
2381 5082 2437 5126 ut
2485 5073 2915 5128 benedictionem
2967 5085 3417 5142 consequeretur,
3451 5077 3610 5129 ambo
3665 5075 3775 5127 fru-

2196 5165 2354 5218 strati
2384 5175 2530 5229 sunt,
2577 5165 2874 5219 miserante
2912 5164 3040 5231 Deo,
3071 5178 3122 5219 ct
3177 5182 3295 5221 eam
3340 5167 3772 5221 benedictionem

2193 5255 2362 5311 Jacob
2386 5268 2713 5312 reservante.
2743 5258 2895 5324 Quod
2919 5261 2962 5311 si
2987 5269 3037 5310 ct
3063 5273 3158 5311 nos
3189 5273 3333 5326 saepe
3364 5259 3628 5321 videmus,
3667 5274 3770 5311 non

2197 5364 2355 5414 quem
2400 5349 2614 5416 ipsimct
2657 5350 2878 5404 Otttniuo
2925 5350 3226 5414 voluimus;
3281 5347 3376 5402 sed
3428 5365 3589 5417 quem
3637 5350 3775 5403 Deus

2197 5441 2512 5509 priusquam
2541 5457 2660 5493 cum
2723 5443 2981 5495 conderet
3039 5442 3556 5497 administrandum
3609 5441 3777 5497 desti-

2305 5619 2343 5650 ¹¹
2377 5618 2476 5672 .Iud
2533 5636 2602 5686 Vt,
2648 5621 2730 5676 I5.
2808 5622 2853 5652 ¹²
2888 5620 3029 5675 I’sul.
3062 5636 3153 5686 xc,
3194 5621 3276 5674 I3.
