4048 6438
244 307 337 371 797

1490 310 1755 372 CAPITA
1792 310 2284 372 HORTATORIA

3437 307 3544 375 793

243 422 418 487 navit,
444 420 593 476 nulla
627 420 843 477 ratione
891 420 1280 477 conturbetnur
1307 436 1321 475 :
1347 433 1447 477 nec
1482 421 1838 483 invideamus.
1877 432 1917 485 Α
1948 431 2063 476 erat
2097 423 2146 471 ei
2183 419 2514 484 prnitihilttm
2541 463 2554 488 ,
2587 420 2937 492 cupidissime
2981 434 3040 477 se
3084 424 3378 478 convertit.

242 530 366 571 cum
412 513 615 569 fratres
646 517 912 585 quosdam
941 515 1184 585 abiectos
1208 522 1264 569 et
1299 513 1566 581 inﬁrmos,
1608 514 1674 568 ad
1708 529 1846 585 prte-

242 606 512 661 Iecturam
566 616 854 676 provectos
903 606 1227 661 intuebitur.
1292 604 1621 661 Audivimus
1699 606 1844 661 enim

246 699 538 755 Dominum
570 700 864 767 dicentem,
904 698 985 753 Da
1017 700 1143 754 huic
1187 698 1361 753 locum
1413 698 1485 762 ”,
1516 707 1577 753 ut
1605 698 1847 753 discum-

244 788 340 844 bat
364 787 644 858 superius.
674 787 938 843 Miremur
968 796 1149 843 autem
1210 788 1383 859 magis
1411 789 1463 843 in
1504 788 1590 844 bis
1640 786 1847 854 justum

243 881 493 951 iudicem
552 896 617 936 ac
653 882 1000 948 provisorem
1049 882 1331 953 sapienter
1361 893 1420 938 et
1481 898 1687 938 arcano
1741 883 1849 937 de-

250 971 525 1037 crevisse,
555 980 616 1026 ut
647 972 910 1029 minimus
945 983 1001 1027 et
1028 981 1338 1042 postremus
1372 973 1605 1043 primus,
1642 983 1696 1028 et
1742 988 1849 1028 cte-

250 1073 495 1117 terorum
555 1064 665 1118 dux
715 1065 827 1129 sit,
892 1078 991 1118 nos
1033 1072 1216 1119 autem
1268 1063 1441 1119 simus
1488 1064 1702 1131 ultimi,
1757 1065 1849 1134 qui

247 1155 648 1211 exercitatione
688 1165 744 1212 et
801 1165 1045 1226 tempore
1106 1155 1260 1211 illum
1311 1158 1721 1211 antecessimus.
1782 1155 1853 1212 Ut

247 1246 395 1302 enim
451 1248 680 1304 cuilibet
713 1249 917 1304 homini
971 1249 1112 1304 Deus
1158 1248 1430 1318 permisit,
1499 1250 1571 1304 ita
1625 1259 1682 1303 et
1737 1263 1855 1303 am-

248 1339 539 1395 bulemus:
562 1340 626 1396 Si
651 1342 845 1410 spiritu
871 1341 1118 1406 uiuimus,
1144 1342 1335 1409 spiritu
1360 1352 1408 1396 et
1437 1339 1762 1396 ambulemus
1783 1341 1849 1408 ’³,

249 1441 308 1485 ut
339 1431 611 1502 scriptum
650 1444 851 1489 exstat.

317 1523 499 1579 XXX.
551 1523 836 1595 Nunquam
889 1510 1100 1596 patiare
1131 1541 1298 1593 eum,
1344 1525 1437 1597 qui
1480 1528 1582 1583 sub
1630 1527 1855 1597 imperio

253 1626 344 1670 tuo
395 1616 575 1681 vivit,
612 1618 797 1674 dicere
824 1619 918 1673 tibi
948 1661 963 1686 ,
993 1617 1220 1689 Largire
1251 1618 1381 1673 mihi
1425 1626 1751 1689 potestatem
1787 1620 1855 1675 ad

250 1719 473 1779 tempus
506 1750 522 1774 ,
600 1719 658 1763 ut
713 1713 815 1766 hoc
873 1721 966 1768 aut
998 1712 1133 1767 illud
1169 1714 1394 1781 probem
1442 1712 1511 1766 ad
1570 1714 1852 1779 virtutem,

2019 514 2289 571 XXXVII.
2334 513 2512 569 Alium
2550 513 2693 571 Deus
2729 523 2912 570 noster
2966 529 3061 585 per
3110 514 3442 581 scientiam,
3491 528 3549 572 et

1951 606 2116 661 alium
2150 621 2247 676 per
2298 605 2673 661 sinceritatem
2733 615 2789 660 et
2839 605 3241 676 simplicitatem
3273 606 3468 665 salvat.

2018 697 2310 754 XXXVIII.
2369 697 2688 769 Quicunque
2753 698 2819 751 ad
2871 698 3181 754 orationem
3245 701 3546 770 impensius

1950 793 2314 859 incumbunt,
2364 791 2417 846 bi
2465 792 2532 845 ab
2587 789 2974 856 horribilibus,
3012 800 3069 845 et
3099 792 3382 847 atrocibus
3425 803 3544 847 ten-

1952 885 2246 940 tationibus
2284 898 2386 938 non
2429 891 2827 952 expugnantur.

2023 976 2271 1032 XXXIX.
2329 975 2387 1030 Si
2421 975 2744 1029 vacuitatem
2795 972 3087 1028 affectuum
3148 973 3371 1027 induere
3413 987 3544 1025 con-

1952 1067 2220 1132 stituisti,
2277 1081 2345 1123 ne
2403 1065 2765 1122 sollicitudine
2807 1079 3013 1134 vaces;
3068 1066 3164 1118 sed
3213 1078 3313 1133 pro
3344 1064 3552 1118 viribus

1953 1161 2062 1216 tuis
2092 1159 2237 1215 illam
2264 1159 2480 1230 assequi
2511 1172 2733 1212 conare.
2795 1155 3202 1227 Ingemiseimus
3231 1156 3407 1219 enim,
3443 1138 3551 1208 Ιιαί

1954 1252 2261 1308 bitationem
2301 1261 2535 1305 nostram
2563 1264 2683 1318 qua:
2710 1248 2775 1302 de
2811 1248 2938 1302 caelo
2977 1255 3077 1311 est,
3105 1245 3417 1315 superindui
3456 1262 3550 1298 cu-

1952 1345 2154 1414 pientes
2179 1342 2225 1374 "’
2252 1362 2264 1396 :
2305 1352 2364 1396 ut
2405 1356 2511 1396 non
2541 1341 2713 1397 solum
2756 1338 3113 1410 corporaliter
3143 1345 3266 1407 post
3297 1351 3549 1391 consum-

1957 1438 2249 1494 mationem
2283 1421 2464 1491 szecnli
2489 1477 2505 1503 ,
2550 1434 2644 1490 sed
2671 1433 2835 1489 etiam
2870 1432 2998 1488 hinc
3041 1432 3151 1503 jam
3193 1429 3553 1502 spiritualiter

1956 1530 2256 1587 secundum
2340 1528 2752 1593 arrhabonem,
2819 1527 2960 1598 quod
3015 1526 3240 1580 mortale
3291 1534 3369 1579 est
3430 1523 3552 1578 vine

1956 1624 2318 1681 absorbeatur.
2392 1623 2659 1690 Absorpta
2688 1630 2765 1678 est
2811 1622 2949 1677 enim
2982 1637 3122 1675 mors
3157 1621 3209 1673 in
3238 1618 3456 1674 victoria
3483 1617 3550 1671 ".

1959 1716 2028 1773 Et
2056 1718 2501 1775 absorbebantur
2552 1731 2742 1772 omnes
2767 1713 3010 1786 Egyptii
3053 1721 3364 1782 prementes
3419 1725 3549 1773 nos,

246 1812 306 1854 et
357 1801 437 1855 ita
474 1813 623 1858 recte
650 1804 704 1858 in
735 1813 1010 1874 posterum
1040 1819 1124 1859 me
1158 1819 1362 1875 geram.
1402 1802 1538 1860 Nam
1564 1805 1758 1876 quisic
1784 1804 1861 1861 lo-
1892 1779 1936 1835 Β
1961 1819 2017 1867 et
2063 1818 2187 1880 post
2218 1824 2317 1864 nos
2366 1809 2420 1863 in
2461 1806 2620 1863 undis
2667 1807 2924 1862 virtutem
2955 1806 3022 1859 de
3053 1802 3194 1859 ccelo
3233 1801 3387 1857 nobis
3418 1801 3550 1854 mis-

246 1894 444 1964 quitur
468 1934 486 1960 ,
538 1897 770 1966 propriae
804 1897 1055 1952 videlicet
1100 1896 1364 1952 voluntati
1418 1898 1774 1970 obsequitur,
1807 1904 1863 1953 et

244 1987 478 2056 optimae
512 1987 871 2059 subjeCtiouis
900 1987 1107 2044 Imdera
1150 1988 1305 2044 irrita
1349 1988 1502 2045 facit.

324 2080 525 2136 XXXI.
570 2081 768 2138 Carnis
820 2090 874 2139 et
924 2082 1120 2139 anima:
1156 2083 1630 2153 perturbationes,
1689 2097 1863 2155 quan-

243 2189 422 2243 quam
458 2174 804 2240 immodicas,
844 2189 967 2230 cum
1028 2173 1257 2244 tempori
1311 2184 1367 2229 et
1423 2175 1622 2230 divina:
1670 2174 1863 2229 volun-

248 2264 350 2317 tati
378 2265 562 2318 visum
604 2261 792 2329 fuerit,
833 2274 1205 2329 evanescent;
1246 2266 1445 2322 Christi
1476 2276 1659 2323 autem
1692 2267 1858 2322 mise-

248 2356 498 2411 riter-dia
520 2371 798 2427 nunquam
826 2358 1068 2413 desinet:
1089 2356 1458 2413 Misericordia
1483 2358 1628 2415 enim
1649 2357 1862 2413 Domini

244 2469 282 2505 a
312 2453 515 2504 siccato
550 2466 713 2521 usque
740 2451 796 2505 in
825 2451 1098 2514 stecnlum,
1130 2467 1291 2521 super
1325 2453 1565 2507 timentes
1593 2467 1714 2506 eum
1737 2450 1806 2506 ”.

324 2540 549 2596 XXXII.
585 2542 792 2613 Regum
839 2544 1082 2599 thesauri
1129 2557 1264 2599 auro
1292 2552 1711 2600 construuntur:
1745 2543 1861 2598 the-

245 2635 405 2687 sauri
441 2643 629 2688 autem
660 2636 1058 2691 monachorum
1088 2677 1105 2704 ,
1139 2636 1230 2706 qui
1264 2650 1393 2692 vere
1419 2645 1546 2693 sunt
1579 2636 1857 2702 monachi,

242 2726 488 2779 scientia
521 2725 965 2783 intellectualium
1001 2728 1389 2800 implebuntur.

324 2836 572 2894 XXXIII.
615 2838 1014 2912 Nonnunquam
1047 2843 1314 2916 magister
1344 2844 1577 2900 traditur
1606 2844 1659 2899 in
1699 2845 1859 2916 ignoo

244 2931 482 2985 minium
511 2971 526 2994 ,
557 2942 781 3000 propter
819 2949 915 2989 eos
935 2975 949 2997 .
987 2935 1185 3005 quibus
1230 2935 1591 3006 spiritualiter
1616 2952 1860 2993 commo-

247 3021 432 3086 davit,
467 3023 794 3079 tentationes
814 3024 1106 3081 sus:inens.
1133 3023 1248 3081 Nos
1276 3026 1448 3090 enim,
1477 3025 1673 3095 inquit,
1704 3028 1858 3097 igno-

1962 1913 2079 1957 sam
2112 1909 2521 1970 persequentes.

2034 1991 2148 2051 XL.
2191 1991 2247 2047 SI
2276 1991 2475 2047 oblitus
2514 2004 2575 2046 es
2604 1989 2872 2047 dicentis:
2915 1985 3096 2042 Timeo
3119 2028 3136 2056 ,
3168 2002 3231 2040 ne
3263 1985 3404 2056 forte
3431 1982 3552 2037 aliis

1962 2084 2291 2155 praedicans.
2348 2084 2458 2154 ipse
2497 2083 2756 2152 reprobus
2786 2082 2982 2152 alliciar
3002 2080 3049 2111 "
3073 2119 3089 2145 ,
3121 2088 3198 2141 et,
3231 2076 3336 2141 Qui
3367 2074 3525 2129 existi
3538 2102 3553 2111 -

1965 2185 2075 2230 mat
2105 2192 2160 2231 se
2197 2186 2340 2231 state
2365 2215 2381 2242 ,
2418 2175 2594 2231 videat
2620 2191 2683 2230 ne
2714 2174 2872 2228 cadat
2901 2171 2968 2239 ³⁸,
3024 2179 3113 2235 et,
3142 2167 3220 2224 Tu
3252 2168 3342 2238 qui
3390 2166 3553 2235 spiri-

1964 2271 2129 2326 tualis
2158 2287 2212 2326 es
2238 2313 2254 2340 ,
2283 2270 2566 2328 considera
2605 2276 2655 2322 te
2684 2268 2857 2343 ipsum
2887 2305 2902 2332 ,
2932 2281 2996 2321 ne
3041 2271 3090 2318 et
3138 2271 3195 2317 tu
3251 2259 3464 2315 tenteris
3482 2257 3552 2322 ",

1964 2372 2019 2420 et
2047 2404 2064 2432 ,
2107 2363 2152 2419 si
2189 2364 2477 2418 immemor
2523 2375 2581 2416 es
2631 2357 2943 2415 Salomonis
2974 2397 2991 2423 ,
3050 2355 3140 2425 qui
3176 2360 3301 2424 post
3348 2357 3554 2405 tantam

1964 2455 2197 2526 gratiam
2233 2454 2297 2510 ad
2340 2453 2684 2523 iniquitatem
2720 2449 3048 2505 declinavit:
3084 2454 3173 2513 et,
3218 2445 3261 2498 si
3294 2440 3552 2497 memoria

1963 2548 2168 2603 excidit
2219 2547 2401 2619 magni
2451 2545 2597 2601 Petri
2633 2558 2742 2600 non
2784 2547 3096 2613 exspectata
3137 2537 3354 2609 negatio
3380 2576 3395 2602 ,
3432 2534 3557 2600 ﬁde,

1962 2641 2305 2711 cognitione,
2340 2647 2397 2695 et
2426 2638 2650 2696 scientia
2673 2678 2688 2703 ,
2733 2643 2785 2693 et
2816 2632 3226 2691 conversatione
3255 2640 3343 2685 tua
3373 2669 3387 2693 ,
3421 2636 3558 2681 tam-

1961 2749 2069 2806 que
2095 2734 2366 2790 diuturnis
2402 2734 2456 2788 in
2486 2732 2597 2787 vita
2631 2728 2930 2786 monastiea
2983 2726 3260 2781 laboribus
3301 2720 3558 2794 gloriare,

1961 2836 2016 2882 et
2046 2827 2316 2897 superbiae
2369 2823 2608 2895 indulge.
2658 2825 2724 2876 At
2773 2820 2919 2877 enim
2959 2833 3093 2873 cave
3132 2817 3231 2882 sis,
3254 2816 3363 2869 ullo
3401 2812 3560 2868 modo

1961 2919 2297 2990 resupincris
2318 2961 2333 2986 ,
2367 2915 2538 2972 frater
2572 2933 2587 2970 :
2627 2930 2815 2970 verum
2845 2911 3081 2985 quandiu
3105 2909 3353 2979 Spiritum
3381 2905 3557 2968 ducis,

1962 3012 2113 3076 time,
2141 3009 2392 3080 quamvis
2422 3017 2640 3064 aetatem
2667 3005 2879 3078 Moyses
2903 3002 3188 3070 attigeris:
3226 3009 3279 3055 et
3311 3013 3557 3069 precare.

250 3112 387 3166 biles
419 3152 435 3179 ,
496 3124 544 3168 et
592 3114 829 3184 colaphis
865 3117 1122 3171 cadimur
1146 3159 1161 3185 ,
1213 3128 1263 3172 et
1300 3118 1500 3187 inﬁrmi
1524 3091 1856 3175 sumusiuos

1971 3118 2027 3159 ac
2053 3103 2217 3158 dicito
2243 3120 2257 3157 :
2289 3099 2514 3156 Domine
2544 3142 2558 3167 ,
2598 3116 2662 3154 ne
2690 3097 2948 3167 projicias
2989 3110 3070 3147 me
3109 3110 3141 3148 a
3183 3091 3318 3163 facie
3346 3101 3437 3143 tua
3464 3128 3479 3153 ,
3508 3097 3558 3143 et

246 3216 435 3260 autem
466 3207 630 3274 fortes
671 3217 721 3262 et
745 3208 941 3263 nobiles
977 3209 1034 3264 in
1067 3207 1283 3264 Christo
1312 3210 1441 3265 estis
1472 3210 1541 3266 ".

330 3296 580 3354 XXXIV.
617 3298 759 3355 Fons
798 3315 862 3355 ac
923 3298 1337 3355 fundamentum
1371 3299 1740 3369 corruptionis
1768 3314 1866 3371 per

252 3404 480 3446 carnem
509 3432 524 3454 ,
557 3400 642 3445 est
678 3390 941 3461 cogitatio
972 3389 1235 3462 implicita
1265 3389 1485 3446 aii'ectui
1517 3431 1533 3456 ,
1568 3407 1731 3461 quam
1767 3393 1868 3447 ho-

255 3499 351 3539 mo
377 3481 636 3552 providus
682 3498 748 3538 ac
808 3482 1037 3554 vigilans
1070 3498 1167 3554 per
1192 3481 1564 3553 paenitentiam
1603 3495 1724 3554 post
1752 3483 1866 3556 lap-

254 3590 383 3631 sum
406 3615 421 3639 ,
474 3583 567 3628 aut
595 3573 758 3629 etiam
795 3584 922 3630 ante
967 3574 1179 3644 lapsum
1210 3590 1277 3630 ex
1308 3575 1488 3631 anima
1512 3576 1859 3632 exterminat.

254 3667 409 3723 Bene
442 3667 587 3722 enim
621 3668 766 3737 quod
792 3667 1008 3723 luxistis
1038 3667 1218 3737 potius
1242 3708 1256 3731 ,
1295 3678 1353 3723 ut
1383 3668 1601 3723 tollatur
1628 3684 1659 3724 e
1689 3669 1864 3725 medio

255 3769 543 3823 vesnum,
589 3773 710 3829 quae
764 3773 900 3828 opus
950 3757 1094 3813 istuc
1132 3769 1445 3828 perpetrare
1491 3760 1704 3813 hortata
1743 3767 1860 3825 est,

258 3847 511 3917 improba
569 3857 623 3903 et
655 3848 818 3918 impia
853 3847 1134 3918 cogitatio.
1167 3849 1336 3918 igitur
1372 3851 1552 3905 luctus
1581 3850 1862 3920 Spiritibns

257 3939 631 4007 corruptionis
664 3941 975 4010 opponitur.

330 4029 555 4086 XXXV.
615 4031 725 4087 Fac
762 4032 1044 4086 Dominum
1072 4032 1252 4089 dicere
1283 4032 1378 4087 tibi
1408 4033 1721 4104 aliquando,
1748 4033 1861 4091 Hoc

256 4133 318 4179 et
352 4125 454 4178 hoc
494 4123 769 4179 charisma
811 4123 907 4179 tibi
945 4123 1180 4190 abstuli,
1230 4123 1283 4178 in
1312 4138 1419 4195 quo
1473 4124 1703 4194 putabas
1743 4126 1863 4180 ani-

255 4233 414 4275 mum
445 4227 593 4272 tuum
631 4233 886 4274 securum
926 4234 1047 4275 esse
1067 4259 1083 4285 ,
1124 4227 1179 4275 et
1210 4221 1549 4289 requiescere
1579 4238 1594 4277 :
1624 4237 1723 4292 pro
1754 4222 1860 4280 illis

256 4318 448 4364 autem
478 4309 581 4363 alia
618 4310 990 4375 charismata,
1024 4326 1144 4381 quae
1191 4320 1402 4367 tantum
1432 4312 1694 4381 valeant,
1742 4314 1859 4370 haec

255 4407 354 4454 aut
402 4397 493 4453 illa
545 4398 690 4454 dedi.
747 4397 825 4453 Tu
865 4411 1046 4457 autem
1092 4402 1271 4459 ablata
1318 4407 1604 4478 cogitans,
1646 4408 1856 4464 reddita

255 4507 451 4546 eorum
482 4490 603 4546 loco
633 4506 740 4546 non
790 4493 1006 4547 intuens
1031 4532 1047 4558 ,
1084 4494 1322 4553 tristaris
1353 4537 1370 4563 ,
1400 4497 1584 4567 doles,
1620 4507 1674 4554 et
1698 4499 1856 4571 aegri-

255 4584 453 4638 tudine
494 4583 749 4639 tabescis.
814 4581 922 4639 Sed
978 4584 1225 4643 laetiﬁcas
1266 4603 1354 4643 me
1388 4589 1752 4648 ’contristatus
1792 4605 1861 4647 ex

260 4690 371 4731 me.
406 4674 715 4732 1Contristo
764 4675 911 4732 enim
959 4692 1062 4750 ego
1116 4680 1186 4736 ad
1237 4680 1573 4746 utilitatem,
1636 4697 1864 4740 servare

260 4769 446 4837 potius
472 4808 489 4835 ,
527 4784 691 4839 quam
745 4770 977 4840 perdere
1024 4773 1251 4830 studens
1275 4814 1292 4840 ,
1325 4773 1507 4845 quem'
1538 4777 1592 4831 in
1628 4775 1864 4834 ﬁliorum

259 4873 551 4916 numerum
595 4862 869 4931 cooptavi.

330 4950 582 5010 XXXVI.
648 4951 864 5022 Impera
910 4956 1007 5012 tibi
1052 4972 1159 5012 non
1208 4959 1497 5015 comedere
1528 4961 1772 5031 piscem,
1808 4950 1877 5017 eti

258 5043 480 5100 videbis
533 5043 820 5102 inimicum
867 5047 931 5103 ad
985 5047 1316 5106 desiderium
1358 5052 1551 5107 edendi
1603 5053 1766 5121 piscis
1814 5062 1866 5111 te

263 5133 473 5188 acriter
501 5134 779 5205 impellere
804 5177 821 5202 ,
851 5146 905 5192 et
932 5152 1149 5222 rursum
1186 5140 1252 5193 ad
1284 5137 1598 5206 fruendum,
1632 5156 1742 5213 quo
1770 5142 1863 5197 tibi

264 5226 680 5296 interdixeras,
744 5229 935 5285 insane
984 5230 1312 5289 festinabis:
1367 5242 1425 5286 ut
1470 5232 1683 5298 discas,
1744 5248 1868 5303 quae

264 5319 477 5372 Adamo
502 5319 551 5374 in
579 5319 749 5390 ﬁgura
773 5320 1143 5391 contigerunt.
1178 5320 1310 5377 Nam
1341 5322 1430 5377 ille
1452 5339 1574 5376 cum
1600 5322 1866 5386 audisset,

268 5408 505 5468 Tunle
534 5429 601 5468 ex
639 5414 744 5469 hoc
770 5413 918 5482 ligno
948 5430 1015 5471 ne
1041 5417 1319 5480 comedas,
1345 5417 1412 5471 ad
1442 5415 1494 5470 id
1522 5415 1695 5473 solum
1726 5416 1868 5486 quod

871 5612 917 5642 "
949 5610 1070 5668 Gal.
1118 5628 1169 5672 ν,
1198 5612 1291 5669 25.

825 5680 869 5714 ³⁰
898 5682 1067 5737 lCor.
1100 5699 1154 5748 ι,
1194 5684 1275 5738 I2.

341 5606 389 5639 "
411 5607 547 5664 Luc.
588 5625 703 5670 xw.
735 5610 791 5667 9.

267 5678 315 5710 ⁵⁹
342 5676 360 5734 1
388 5682 515 5733 Cor.
544 5696 620 5742 lx,
654 5681 745 5734 27.
825 5680 869 5714 '°
898 5682 1067 5737 iCor.
1100 5699 1154 5742 ι,
1194 5684 1275 5738 I2.
1383 5684 1424 5716 ³¹
1453 5684 1575 5739 Gal.
1621 5700 1695 5742 νι.
1728 5686 1776 5738 I.

1370 5613 1415 5645 ’⁵
1450 5612 1598 5668 Psal.
1641 5629 1737 5676 cn,
1774 5614 1862 5667 i7.
1938 5612 2179 5668 “lCor.
2212 5626 2286 5678 tv,
2326 5612 2408 5669 [0.

1853 5685 1934 5717 ἰ’
1967 5683 2107 5738 Psal.
2131 5700 2258 5752 axx,
2301 5682 2390 5741 i9.

1967 3200 2024 3252 in
2059 3204 2288 3266 tempore
2311 3192 2590 3247 senectutis
2620 3232 2635 3258 ,
2682 3206 2799 3244 cum
2837 3188 3080 3256 defecerit
3111 3186 3278 3240 uirtus
3306 3199 3418 3237 mea
3452 3221 3466 3243 ,
3497 3198 3561 3234 ne

1965 3287 2303 3359 derelinquas
2331 3303 2433 3353 me,
2473 3284 2614 3340 Deus
2656 3283 2908 3340 Salvator
2944 3298 3112 3348 meus,
3140 3278 3391 3350 quoniam
3427 3275 3481 3330 in
3512 3284 3565 3328 te

1966 3379 2198 3434 conlatio
2230 3394 2345 3433 mea
2381 3392 2587 3443 semper
2614 3373 2704 3431 ³⁸⁵.

2037 3492 2175 3549 XLl.
2209 3492 2302 3546 Ait
2362 3491 2457 3545 tibi
2502 3490 2798 3554 Dominus,
2860 3498 3117 3556 tanquam
3152 3482 3431 3544 Mattbmo,
3464 3477 3563 3534 Se-

1964 3600 2121 3654 quere
2167 3598 2249 3636 me
2276 3581 2345 3637 ³¹.
2423 3577 2504 3634 Tu
2546 3578 2710 3649 igitur
2755 3577 2913 3647 longe
2944 3573 3326 3630 charissimnm
3372 3565 3562 3622 Domi-

1965 3690 2096 3731 num
2133 3686 2283 3729 tuum
2313 3671 2567 3726 alacriter
2599 3683 2868 3740 sequens,
2923 3667 2970 3721 si
3029 3665 3082 3720 in
3133 3663 3217 3717 via
3248 3660 3408 3730 lmjus
3440 3659 3573 3712 vitae

1964 3765 2255 3823 oﬂ'enderis
2275 3766 2342 3819 ad
2361 3763 2594 3835 lapidem
2618 3762 2826 3816 vitiosae
2848 3757 3154 3813 aﬂ‘ectionis
3174 3754 3364 3824 pedem
3386 3763 3575 3815 tuum,

1963 3869 2015 3914 et
2078 3858 2397 3928 imprudens
2447 3856 2502 3911 in
2554 3863 2836 3924 peccatum
2883 3851 3066 3921 lapsus
3101 3849 3310 3912 fueris;
3370 3853 3466 3897 aut
3512 3842 3558 3898 si

1963 3952 2129 4008 etiam
2187 3948 2387 4021 saepius
2431 3947 2550 4004 loca
2613 3947 2878 4001 lutulenta
2915 3941 3192 3998 inveneris
3226 3980 3242 4004 ,
3300 3937 3558 4008 quoniam

1964 4056 2070 4098 non
2104 4040 2292 4096 volens
2338 4038 2624 4110 prolapsus
2654 4052 2744 4105 es,
2795 4045 2851 4092 et
2873 4034 3153 4115 cecidisti,
3186 4032 3401 4102 quoties
3429 4043 3577 4083 (του--

1964 4132 2147 4203 tigerit
2178 4129 2318 4195 labi,
2355 4129 2514 4185 t0ties
2542 4136 2597 4184 et
2639 4143 2836 4198 corpus
2863 4126 3062 4183 alilicta
3083 4165 3099 4189 ,
3144 4135 3200 4180 et
3245 4136 3557 4190 resurgens,

1962 4219 2463 4279 eadem-alacritate
2504 4217 2794 4274 Dominum
2847 4228 2999 4272 tuum
3060 4228 3330 4286 sequere,
3383 4214 3558 4268 donec

1966 4315 2139 4384 ipsum
2172 4314 2503 4382 assequeris.
2538 4310 2629 4368 Sic
2662 4312 2714 4367 in
2746 4320 2941 4368 sancta
2972 4308 3301 4380 cogitatione
3337 4303 3577 4375 apparui.

1966 4405 2060 4462 tibi
2080 4444 2098 4471 ,
2126 4414 2184 4460 ut
2212 4405 2452 4460 viderem
2485 4403 2792 4459 salvantem
2825 4416 2913 4458 me
2959 4400 3216 4456 virtutem
3248 4406 3303 4452 et
3329 4394 3575 4466 gloriam.

1890 4466 1936 4524 Β
1965 4466 2149 4552 tuam:
2181 4494 2253 4551 Et
2280 4495 2336 4552 in
2358 4496 2569 4551 nomine
2590 4506 2713 4563 tuo,
2734 4493 2968 4550 Domine
2992 4491 3147 4556 Jesu,
3164 4489 3350 4546 lavabo
3373 4501 3576 4542 manus:

1965 4587 2213 4657 meas”,
2266 4597 2325 4645 et
2370 4588 2743 4654 existimabo,
2794 4597 2851 4643 et
2894 4588 3094 4658 putabo
3125 4582 3452 4655 pinguedine
3507 4588 3566 4634 et

1970 4682 2127 4751 adipe
2153 4696 2240 4736 me
2264 4679 2459 4752 repleri
2486 4721 2503 4748 ,
2528 4677 2599 4735 Et
2629 4678 2945 4736 exultabant
2970 4675 3116 4731 labia
3139 4689 3255 4729 mea
3284 4687 3403 4727 cum
3433 4686 3566 4725 can-

1971 4781 2148 4828 tavero
2170 4773 2266 4828 tibi
2296 4771 2362 4826 ³⁸.
2414 4770 2667 4843 Magnum
2700 4770 2844 4826 enim
2893 4768 3025 4824 mihi
3082 4777 3198 4834 est,
3229 4764 3374 4836 quod
3402 4760 3577 4817 Chri-

1975 4864 2184 4919 stianns
2210 4879 2328 4921 sum
2356 4863 2658 4933 appellatus
2683 4880 2697 4917 :
2733 4860 3190 4932 quemadmodum
3225 4871 3454 4927 magnus
3480 4863 3567 4909 est.

1974 4957 2108 5011 mihi
2149 4956 2411 5012 Dominus
2442 4955 2662 5010 dicente
2692 4954 2866 5008 lsaia:
2903 4952 3166 5018 Quoniam
3201 4964 3452 5020 magnum
3483 4953 3573 5007 est;

1970 5047 2065 5102 tibi
2100 5062 2285 5103 vocare
2324 5060 2547 5115 puerum
2579 5061 2754 5098 meum
2781 5045 2852 5099 ³⁸.

2041 5139 2204 5194 XLII.
2244 5136 2457 5193 Alicubi
2492 5137 2568 5191 ait
2596 5136 2878 5199 Dominus,
2903 5135 3065 5189 Dabit
3097 5135 3234 5189 bona
3274 5130 3440 5187 Pater
3465 5145 3573 5201 ρει

1971 5233 2196 5290 teutibus
2243 5247 2300 5285 se
2322 5229 2404 5295 ³⁰;
2451 5228 2646 5283 alicubi
2693 5242 2947 5291 rursum,
3006 5226 3267 5296 Spiritum
3317 5232 3574 5283 sanctum

1973 5321 2279 5394 rogantibus
2328 5319 2468 5375 se".
2520 5316 2731 5384 Quibus
2784 5316 2964 5372 verbis
3016 5317 3392 5388 intelligimus,
3443 5330 3566 5369 non.

1973 5416 2151 5473 solum
2187 5421 2531 5484 peccatorum
2571 5408 2972 5475 remissionem,
3002 5409 3097 5463 sed
3121 5411 3286 5465 etiam
3313 5407 3570 5464 calestia

3050 5607 3096 5640 ³⁸
3126 5608 3144 5663 l
3171 5607 3300 5663 Cor.
3338 5623 3427 5673 xv,
3454 5608 3561 5667 54.

3072 5680 3114 5712 ³³
3150 5678 3288 5734 Psal.
3324 5695 3460 5746 an,
3493 5678 3544 5738 5t

2513 5612 2558 5645 ’⁷
2588 5609 2630 5665 ll
2661 5611 2787 5667 Cor.
2817 5627 2871 5675 v,
2897 5609 2953 5664 2.

2503 5683 2549 5716 ³³
2577 5681 2769 5741 Matth.
2813 5697 2888 5747 η,
2920 5682 2976 5738 9.

270 5748 318 5781 ³⁸
352 5750 496 5809 l’sal.
534 5767 661 5820 ιη,
693 5751 785 5808 25.
863 5752 908 5785 ³³
935 5754 1058 5809 isai.
1087 5770 1173 5828 at.
1250 5755 1295 5786 ³⁸
1324 5753 1510 5810 Matth.
1544 5771 1635 5822 vn,
1662 5755 1715 5812 7.
1793 5755 1836 5785 ³⁷

1974 5768 2110 5808 .Xl.
