4048 6444
442 278 548 343 799

1678 281 1998 342 JOANNIS
2035 282 2451 342 CABPATIIII

3605 275 3719 338 800

442 395 582 447 dona
610 391 719 446 Deo
765 391 1038 463 supplices
1069 402 1484 458 consecuturos,
1517 396 1788 449 sententia
1836 395 2021 464 hujus-
2051 401 2097 455 Α
2129 392 2405 461 humilius)
2467 390 2631 444 etiam
2696 403 2870 459 usque
2929 388 2997 442 ad
3060 387 3206 442 illam
3236 426 3251 450 ,
3307 386 3715 456 providentiam

448 486 589 540 modi
634 485 1005 540 confirmatos.
1051 486 1165 540 Non
1197 487 1340 542 enim
1368 488 1554 556 justis,
1587 488 1680 542 sed
1717 488 2025 556 peccatori-

445 577 546 631 bus
596 576 733 630 bona
781 576 904 629 talia
955 575 1216 632 Dominus
1255 578 1560 647 pollicetur.
1605 577 1668 633 Si
1716 579 1861 634 enim
1913 595 2021 642 vos,

445 668 638 736 inquit,
684 684 802 721 cum
845 670 959 722 sitis
1010 670 1159 734 mali,
1192 672 1356 726 nostis
1399 673 1535 726 bona
1565 671 1695 725 duta
1736 673 1865 725 dare
1900 671 2026 740 ﬁliis

444 759 644 822 vestris,
671 770 868 827 quanto
900 761 1063 829 magis
1093 757 1255 814 Pater
1280 773 1443 816 vester
1471 763 1691 818 caelestis
1721 764 1866 817 dabit
1891 763 2027 818 bona

444 851 739 919 petentibus
779 853 879 904 se?
921 850 1051 906 Pete
1098 851 1259 920 igitur
1306 853 1614 921 ferventer,
1650 869 1768 909 nec.
1801 854 1983 908 dubita
2007 893 2023 919 ,

448 943 663 997 tametsi
702 943 844 1012 quod
877 945 945 998 ad
989 945 1154 999 vitam
1191 945 1243 998 in
1286 945 1488 1000 virtute
1522 946 1755 1014 positam
1799 945 1922 1000 vilis
1972 954 2028 1000 et

446 1034 605 1102 plane
629 1034 881 1091 infirmus
905 1037 1000 1103 sis,
1033 1047 1087 1093 et
1117 1052 1284 1107 supra
1315 1037 1631 1108 dignitatem
1656 1048 1802 1094 tuam
1833 1053 2026 1110 magna

446 1127 708 1193 accipies.

517 1216 702 1272 XLIII.
745 1218 1028 1285 Quomodo
1053 1220 1391 1287 incredulus,
1422 1230 1515 1275 aut
1552 1221 1777 1277 modicas
1818 1220 1939 1276 fidei
1971 1223 2027 1277 in

447 1309 686 1363 animum
719 1310 939 1364 inducat
976 1312 1238 1379 credere;
1291 1314 1482 1367 credat
1511 1312 1795 1368 formicam
1826 1313 2028 1381 volare,

447 1411 502 1453 et
539 1415 780 1456 vermem
821 1405 1128 1472 quempiam
1162 1405 1360 1458 alatum
1395 1405 1653 1475 conspici,
1681 1414 1736 1460 et
1771 1405 1876 1460 alia
1909 1405 2030 1476 pht-

451 1493 611 1556 rima,
665 1510 786 1564 quae
865 1497 917 1549 in
967 1497 1237 1551 creaturis
1279 1497 1674 1552 admirabiliter
1724 1505 1778 1552 et
1831 1506 2030 1566 praeter

447 1585 762 1654 Opinionem
806 1586 964 1641 fiunt.
1023 1586 1091 1642 Ut
1136 1587 1327 1643 saltem
1384 1590 1462 1644 sic
1514 1589 1910 1646 incredulitatis
1975 1598 2030 1645 et

449 1675 758 1731 ditlidentize
811 1679 997 1732 morbo
1054 1678 1364 1750 proﬂigato,
1411 1679 1680 1734 volatilem
1721 1680 1788 1736 de
1832 1690 2029 1736 caetero

453 1779 706 1820 naturam
756 1767 1129 1838 adipiscatur,
1179 1781 1233 1826 et
1284 1781 1542 1842 tanquam
1611 1773 1774 1829 arbor
1830 1774 2030 1829 eximie

452 1858 846 1925 praedicandam
897 1861 1276 1930 cogitationem
1321 1878 1385 1917 ac
1447 1863 1702 1918 notitiam
1741 1865 2031 1934 germinet.

449 1948 564 2017 Ego
615 1949 758 2002 enim
806 1965 949 2018 sum,
983 1950 1180 2021 inquit,
1229 1954 1320 2024 qui
1353 1953 1600 2022 frondere
1639 1955 1785 2026 facio
1831 1954 2034 2026 lignum

450 2039 683 2104 aridum,
713 2051 760 2095 et
790 2058 907 2095 ossa
939 2044 1095 2096 arida
1124 2043 1331 2113 vivi/ica
1357 2043 1422 2098 ⁸⁸.

524 2131 704 2188 XLIV.
751 2135 910 2190 Absit
945 2150 975 2190 a
1023 2135 1179 2191 nobis
1213 2147 1438 2208 propter
1464 2152 1555 2194 res
1589 2149 1656 2193 ad
1685 2153 1886 2212 corpus
1921 2155 2038 2210 per-

451 2227 682 2282 tinentes
699 2228 1157 2286 sollicitudinibus
1177 2231 1478 2298 macerari;
1505 2241 1616 2287 tota
1641 2243 1825 2288 autem
1850 2234 2034 2288 anima

450 2321 736 2375 credamus
771 2320 898 2385 Deo,
928 2322 1383 2391 quemadmodum
1413 2324 1681 2394 quondam
1713 2325 1795 2379 vir
1817 2326 2034 2394 quidam

451 2413 624 2466 bonus
655 2413 813 2478 dixit,
851 2411 1062 2469 Credite
1107 2415 1160 2466 in
1200 2414 1425 2469 Domino
1476 2404 1584 2470 Deo
1634 2426 1824 2482 uestro,
1866 2427 1917 2472 et
1956 2434 2039 2472 se-

451 2504 567 2556 ruri
617 2503 763 2557 eritis
788 2503 855 2559 ³⁸.
922 2502 1032 2571 Et,
1098 2515 1157 2559 ut
1210 2507 1288 2561 ait
1345 2508 1535 2562 beatus
1579 2505 1797 2575 Petrus,
1859 2509 2038 2565 Sobrii

450 2601 638 2657 estote,
672 2602 719 2647 et
747 2594 964 2665 vigilate
1002 2597 1056 2650 in
1089 2597 1434 2663 orationibus,
1476 2615 1678 2654 omnem
1719 2601 2038 2656 sollicitudi-

455 2701 572 2736 nem
607 2693 833 2738 vestram
879 2686 1218 2756 projicientes
1262 2690 1318 2742 in
1349 2705 1491 2752 eum,
1531 2692 1782 2760 quoniam
1821 2693 1922 2762 ipsi
1960 2703 2037 2748 est

453 2791 584 2828 cura
617 2776 680 2830 de
711 2777 853 2831 vobis
878 2777 946 2832 ⁸⁸.
986 2777 1142 2845 Quod
1166 2778 1210 2834 si
1245 2782 1543 2835 etiamnum
1584 2781 1819 2848 dubitas,
1846 2794 1900 2838 et
1928 2784 2038 2838 dif-

457 2866 600 2932 ﬁdis,
634 2868 858 2922 omnino
891 2869 939 2924 ei
975 2879 1027 2925 te
1057 2884 1210 2938 surae
1250 2885 1393 2939 esse,
1437 2881 1495 2926 ut
1525 2873 1766 2928 enutriat
1801 2885 1874 2943 te,
1912 2891 2037 2930 ara-

456 2972 614 3010 neam
652 2959 856 3027 aspice,
881 2969 1254 3032 quantumque
1285 2963 1448 3019 homo
1481 2965 1549 3019 ab
1581 2981 1780 3022 aranea
1821 2966 2039 3024 differat

455 3063 756 3143 cognosce;
789 3052 1401 3143 ab_aranea,_inquam,
1438 3071 1542 3126 qua
1587 3058 1722 3113 nihil
1753 3067 1837 3116 est
1883 3059 2035 3114 inllr-
2063 3083 2106 3143 ρ

455 3136 596 3189 mins
637 3151 700 3191 ac
739 3138 1048 3195 invalidius.
1094 3139 1220 3196 Haec
1270 3142 1550 3211 nimirum,
1594 3146 1728 3213 haec,
1788 3148 2033 3219 inquam,

457 3243 580 3282 cum
612 3245 710 3286 nec
739 3233 1112 3298 possessiones
1143 3235 1362 3300 habeat,
1395 3252 1492 3292 nec
1522 3240 1762 3295 marinas
1789 3243 2034 3312 peregri-

458 3321 710 3376 nationes
757 3324 1040 3393 Suscipiat,
1090 3340 1190 3382 nec
1235 3327 1289 3381 in
1335 3329 1526 3383 horrea
1576 3342 1892 3402 congreget,
1942 3350 2041 3388 nec

453 3412 660 3482 judicio
689 3417 1001 3479 contendat,
1034 3432 1132 3471 nec
1167 3417 1456 3484 irascatur,
1492 3423 1584 3475 sed
1623 3423 1675 3475 in
1709 3423 1857 3477 omni
1888 3439 2041 3478 man-

459 3505 768 3570 suetudine,
803 3514 859 3558 et
907 3504 1225 3575 fragilitate,
1278 3515 1333 3563 et
1381 3524 1592 3564 summa
1637 3512 1820 3582 quiete
1873 3514 2039 3568 vitam

458 3594 666 3662 exigat,
717 3602 773 3648 et
825 3595 1153 3650 vicinissima
1195 3599 1410 3654 curiose
1450 3616 1557 3654 non
1601 3610 1900 3667 scrutetur,
1954 3617 2041 3659 res

460 3700 586 3738 suas
629 3689 1004 3742 tantummodo
1051 3700 1198 3761 agat,
1245 3699 1297 3745 et
1337 3693 1388 3745 in
1433 3706 1598 3761 Opere
1647 3694 1868 3763 proprio
1918 3709 2038 3750 sese

459 3775 763 3840 contineat,
800 3787 1000 3832 statum
1034 3779 1381 3849 tranquillum
1438 3791 1490 3833 et
1521 3791 1775 3848 pacatum
1806 3781 2034 3850 obtinet,

463 3876 671 3919 tantum
717 3881 822 3921 non
874 3882 1004 3924 voce
1038 3869 1141 3926 bac
1179 3872 1273 3925 otii
1315 3885 1380 3924 ac
1417 3871 1638 3926 desidiae
1699 3873 1905 3928 amicos
1947 3889 2040 3943 ap-

461 3958 707 4025 pellans:
740 3958 1054 4030 Cuicunque
1078 3963 1236 4017 otiari
1277 3964 1413 4028 vult,
1434 3978 1533 4018 nec
1567 3965 1857 4020 comedere
1890 3965 2038 4020 velit.

460 4052 610 4105 Adeo
663 4064 842 4108 autem
902 4057 1170 4112 taciturna
1224 4066 1328 4122 est,
1379 4069 1437 4112 ut
1486 4041 1846 4132 Pythagoram
1889 4061 2037 4115 illum

459 4144 791 4200 excellenter
840 4159 1080 4216 superet,
1137 4164 1297 4219 quem
1345 4151 1518 4206 Grteci
1574 4165 1796 4222 propter
1849 4154 2042 4224 linguae

461 4239 850 4293 continentiam
887 4256 1052 4311 supra
1086 4257 1274 4298 omnes
1296 4245 1650 4313 philosophos
1675 4245 2036 4300 admirantur.

461 4326 804 4398 Pythagoras
837 4331 1024 4400 igitur,
1055 4347 1365 4402 quanquam
1415 4349 1520 4388 non
1567 4337 1704 4403 apud
1742 4351 1932 4390 omnes
1968 4337 2042 4390 lo-

2129 495 2291 553 atque
2321 499 2505 539 curam
2543 497 2696 538 suam
2723 481 2990 547 extendit,
3021 482 3071 536 e‘i
3113 479 3357 551 quotidie
3397 481 3713 550 dapieulam

2130 578 2314 639 mittit,
2363 590 2484 628 cum
2530 588 2695 643 prope
2731 575 3020 643 parvulum
3051 572 3168 642 ejus
3195 573 3606 628 tabernaculum
3658 575 3717 630 in

2130 669 2299 738 ipsius
2324 678 2437 722 rete
2460 667 2667 721 minuta
2699 667 2946 738 quaedam
2971 666 3179 722 insecta
3205 665 3444 721 volatilia
3469 666 3722 722 incidere

2130 760 2278 816 facit.

2206 852 2367 908 XLV.
2412 851 2520 908 Sed
2567 853 2714 908 dicet
2759 849 2994 907 fortasse
3027 851 3298 922 quispiam
3345 865 3414 905 ex
3457 850 3544 906 his
3582 865 3719 905 ven-

2129 945 2228 1000 tris
2276 954 2330 998 et
2380 944 2516 1015 gulae
2566 944 2877 1011 mancipiis,
2925 943 3040 1012 Ego
3089 941 3243 996 multi
3298 941 3406 996 cibi
3456 955 3576 997 sum
3611 959 3627 997 :
3658 949 3722 997 et

2127 1040 2385 1108 quoniam
2445 1037 2611 1091 multa
2671 1037 2924 1102 absumo,
2975 1036 3249 1091 sexcentis
3299 1035 3426 1088 vita:
3478 1034 3720 1103 negotiis

2130 1131 2265 1186 mihi
2314 1142 2538 1185 necesse
2585 1136 2670 1184 est
2716 1127 3002 1198 implicari.
3035 1127 3237 1182 Verum
3279 1135 3334 1180 et
3368 1125 3456 1180 hic
3487 1124 3717 1195 cogitet,

2129 1231 2248 1278 cete
2281 1222 2529 1293 grandia,
2561 1237 2682 1292 qum
2729 1221 2782 1275 in
2835 1219 2970 1275 mari
3025 1219 3294 1273 Atlantico
3323 1227 3644 1288 pascuntur,
3682 1231 3718 1270 a

2130 1313 2241 1369 Deo
2271 1313 2503 1368 ubertim
2549 1311 2769 1378 nutriri,
2811 1326 2988 1381 neque
3017 1309 3215 1364 famem
3259 1322 3497 1378 unquam
3544 1323 3718 1378 expe-

2131 1405 2250 1460 riri.
2295 1403 2530 1460 Tantum
2592 1403 2737 1460 enim
2794 1403 3170 1472 unusquisque
3235 1401 3430 1456 borum
3483 1399 3717 1470 piscium

2130 1497 2344 1551 obsonii
2394 1496 2644 1563 devorat,
2678 1502 2941 1564 quantum
2988 1493 3247 1562 frequens
3292 1491 3472 1561 aliqua
3522 1492 3720 1546 civitas

2132 1603 2240 1643 uno
2267 1588 2353 1644 die
2377 1589 2665 1643 absumere
2691 1603 2798 1642 non
2816 1587 3007 1657 possit.
3029 1585 3223 1641 Omnia
3252 1595 3360 1639 ate
3386 1572 3719 1652 exspectant,

2132 1681 2330 1751 inquit,
2366 1689 2422 1734 ut
2455 1680 2544 1734 des
2569 1679 2678 1733 illis
2710 1695 2882 1734 escam
2907 1678 2964 1731 in
3006 1686 3236 1745 tempore
3259 1675 3326 1730 "’.
3365 1673 3631 1741 Quocirca
3661 1681 3719 1727 et

2135 1773 2368 1843 largum,
2395 1781 2451 1826 et
2479 1785 2704 1842 parcum
2733 1770 2840 1826 cibi
2871 1769 3012 1825 Deus
3045 1777 3128 1823 est
3153 1767 3246 1838 qui
3280 1767 3399 1820 alit.
3431 1765 3528 1820 His
3562 1764 3719 1818 audi-

2139 1865 2207 1921 tis
2231 1874 2286 1919 et
2309 1864 2426 1934 ipse
2451 1872 2530 1930 tu,
2558 1863 2649 1933 qui
2675 1862 2843 1916 latum
2877 1870 2932 1916 et
2959 1858 3196 1929 amplum
3246 1867 3492 1912 ventrem
3523 1856 3715 1922 babes,

2135 1957 2246 2014 Deo
2286 1967 2343 2013 et
2389 1957 2512 2012 ﬁdei
2540 1956 2606 2012 de
2649 1964 2847 2011 caetero
2879 1961 2931 2009 te
2989 1961 3158 2008 totum
3191 1951 3447 2021 permitte
3484 1958 3541 2003 et
3580 1963 3717 2002 con-

2135 2064 2332 2115 secra,
2387 2048 2634 2104 excussis
2677 2045 2991 2115 multigenis
3034 2043 3217 2100 mundi
3273 2040 3719 2097 distractionibus

2137 2142 2414 2211 animique
2461 2138 2960 2196 sollicitudinibus:
2987 2146 3034 2191 et
3063 2137 3169 2190 noli
3206 2152 3317 2190 esse
3360 2134 3587 2204 amplius
3629 2135 3718 2186 in—

2136 2233 2405 2300 credulus,
2441 2232 2528 2286 sed
2559 2229 2732 2300 ﬁdelis
2756 2228 2803 2261 “
2836 2228 3018 2300 plane.

2210 2321 2395 2379 XLVI.
2439 2321 2498 2376 Si
2542 2335 2673 2376 vero
2713 2319 2827 2374 Deo
2857 2319 3092 2390 placere,
3139 2326 3194 2371 et
3237 2315 3476 2372 amicitia
3518 2314 3721 2370 beatis-

2137 2418 2276 2476 sima
2319 2416 2472 2486 diligi
2523 2415 2794 2480 volumus,
2844 2419 3081 2466 mentem
3123 2419 3366 2463 nostram
3417 2408 3466 2462 ei
3515 2406 3722 2460 nudam

2137 2511 2514 2576 adhibeamus,
2568 2507 2704 2562 nihil
2756 2519 2940 2561 secum
2991 2518 3058 2558 ex
3104 2501 3209 2556 isto
3257 2499 3456 2555 saeculo
3502 2496 3723 2550 trahen-

2135 2608 2282 2668 tem,
2342 2615 2448 2656 non
2497 2596 3045 2659 commentationem,
3096 2608 3203 2647 non
3256 2591 3452 2645 scitum
3501 2586 3723 2656 aliquod

2137 2693 2440 2758 inventum,
2491 2706 2600 2746 non
2647 2689 2788 2761 juris
2830 2686 3141 2749 scientiam,
3191 2698 3296 2737 non
3349 2681 3536 2742 aliud,
3615 2677 3721 2730 etsi

2137 2800 2353 2842 omnem
2381 2783 2566 2838 mundi
2596 2781 2918 2852 sapientiam
2945 2777 3316 2834 didicerimus.
3347 2775 3488 2829 Deus
3520 2773 3722 2842 quippe

2139 2891 2261 2930 eum
2311 2874 2597 2944 magniﬁca
2628 2873 2695 2928 de
2726 2887 2785 2928 se
2824 2867 3320 2925 existimatiuncula
3367 2864 3715 2924 accedentes,

2139 2965 2340 3034 quique
2373 2963 2518 3018 inani
2550 2961 2720 3034 gloria
2751 2968 3070 3030 pascuntur,
3099 2968 3155 3013 et
3187 2955 3437 3026 superbia
3476 2963 3716 3022 turgent,

2141 3065 2442 3113 aversatur.
2503 3055 2569 3109 Et
2607 3055 2745 3109 bene
2784 3053 3002 3124 quidam
3047 3052 3352 3120 sapientum
3397 3061 3591 3101 vanam
3655 3046 3723 3100 de

2141 3163 2199 3206 se
2224 3150 2532 3219 opinionem
2564 3146 2745 3201 follem
2775 3155 2828 3200 et
2859 3145 3094 3200 vesicam
3123 3159 3244 3199 esse
3283 3143 3452 3197 aiunt.

2213 3237 2420 3293 XLVII.
2462 3238 2579 3304 Quo
2609 3246 2764 3307 pacto
2792 3252 3105 3306 expugnare
3127 3237 3415 3306 possimus,
3449 3242 3592 3307 quod
3608 3239 3720 3309 jam

2142 3330 2428 3400 imperium
2476 3331 2530 3384 in
2578 3344 2674 3383 nos
2703 3329 2942 3385 obtinuit
2986 3329 3304 3397 peccatum?
3340 3330 3486 3400 Opus
3533 3342 3617 3387 est
3649 3334 3720 3388 vi.

2140 3421 2229 3474 Ait
2263 3421 2430 3486 enim,
2463 3418 2559 3473 Vir
2593 3419 2849 3474 laborans
2892 3418 3124 3484 laborat,
3156 3429 3210 3473 et
3239 3436 3267 3473 a
3299 3435 3356 3474 se
3390 3421 3506 3489 ipso
3543 3423 3722 3490 perni-

2141 3514 2277 3566 ciem
2316 3511 2593 3574 amolitur,
2628 3525 2842 3580 semper
2875 3511 3126 3565 aunitens
3155 3525 3372 3565 sursum
3411 3512 3540 3566 feni
3576 3515 3723 3582 cogi-

2143 3603 2436 3658 tationibus
2477 3602 2612 3666 suis,
2658 3612 2711 3658 et
2751 3604 2856 3656 vim
2893 3603 2942 3656 vi
3001 3602 3279 3673 repellere,
3317 3613 3374 3657 ut
3415 3604 3614 3658 dicitur
3667 3607 3720 3658 in

2145 3693 2380 3764 legibus.
2416 3693 2522 3750 Nos
2555 3695 2735 3764 itaque
2767 3695 2871 3747 vim
2909 3695 3142 3764 aliquam
3186 3695 3559 3763 adhibeamus,
3595 3697 3721 3752 licet

2143 3786 2602 3853 intlrmissimam,
2657 3795 2712 3841 et
2757 3786 2950 3840 deinde
3002 3797 3447 3854 superventuram
3493 3802 3559 3842 ex
3613 3791 3722 3842 alto

2142 3882 2399 3934 virtutem
2447 3879 2839 3950 Hierosolymis
2883 3879 3136 3934 sedentes
3174 3889 3571 3947 exspectemus,
3618 3881 3720 3935 hoc

2139 3982 2225 4026 est
2262 3971 2314 4024 in
2342 3970 2616 4040 perpetuis
2651 3970 2925 4038 precibus,
2958 3977 3011 4022 et
3046 3967 3165 4022 aliis
3207 3969 3520 4034 virtutibus,
3552 3969 3720 4023 donec

2139 4061 2314 4115 virtus
2355 4070 2546 4130 potens
2579 4059 2646 4113 ad
2694 4073 2790 4112 nos
2835 4057 3037 4114 veniat.
3085 4057 3194 4111 Nec
3239 4058 3385 4112 enim
3428 4060 3718 4126 quamdam

2141 4151 2576 4216 imbecillimam,
2611 4159 2808 4204 nostrae
2839 4150 3090 4204 similiter
3117 4161 3455 4219 operantem,
3485 4151 3578 4205 sed
3610 4152 3721 4204 vir-

2143 4251 2308 4296 tutem
2343 4240 2630 4310 quamdam
2667 4238 2925 4309 appellari
2951 4240 3257 4308 oportebat,
3290 4253 3409 4309 quae
3445 4254 3540 4308 per
3569 4240 3713 4294 labia

2140 4349 2402 4404 corporea
2443 4331 2623 4387 efferri
2652 4347 2758 4386 non
2788 4342 2992 4400 posset,
3020 4346 3140 4398 quae
3173 4331 3341 4384 multa
3372 4331 3636 4400 potentia,
3665 4342 3721 4386 et

460 4429 739 4486 queretur,
795 4430 974 4475 tamen
1020 4423 1188 4476 certis
1245 4424 1582 4494 temporibus
1626 4424 1859 4489 exactis,
1915 4440 2037 4479 cum
2072 4431 2115 4486 D
2146 4443 2322 4482 mores
2357 4426 2808 4496 improbissimos,
2838 4433 2894 4478 et
2919 4424 3116 4478 diaboli
3148 4423 3441 4492 nequitiam
3480 4425 3724 4478 vinceret

461 4510 774 4567 hominibus
801 4513 1150 4568 amicissimis
1178 4513 1314 4566 clam
1341 4515 1667 4576 disserebat.
1707 4524 1760 4569 et
1796 4513 2042 4584 saepenu-

464 4615 617 4656 mero
651 4603 716 4656 ad
748 4602 914 4658 boves
955 4614 1012 4658 et
1039 4605 1248 4672 aquilas
1271 4605 1433 4658 verba
1485 4604 1692 4659 faciens
1716 4607 2040 4677 uagabatur,

460 4707 525 4746 ac
550 4694 835 4749 delirabat.
869 4694 1011 4750 Vino
1056 4710 1220 4764 porro
1262 4697 1478 4765 penitus
1509 4695 1808 4764 abstinens,
1842 4715 2038 4768 aquam

461 4785 703 4841 bibebat.
737 4788 805 4840 At
835 4802 964 4843 vero
995 4789 1108 4842 hare
1139 4789 1357 4843 silentio
1383 4791 1526 4857 quod
1567 4791 1726 4846 habet
1759 4807 1786 4845 a
1823 4803 2038 4856 natura,

461 4875 858 4947 Pythagoream
917 4879 1348 4932 taciturnitatem
1403 4879 1566 4943 vicit,
1624 4890 1678 4935 ct
1738 4897 1860 4936 cum
1915 4884 2042 4936 vino

462 4971 628 5026 etiam
673 4985 828 5041 aqua:
877 4970 1151 5041 p0tiouem
1207 4973 1554 5040 contempsit.
1609 4972 1664 5026 In
1723 4975 1814 5028 tali
1857 4975 2042 5045 igitur,

467 5071 576 5114 tam
634 5064 821 5133 quieto
879 5072 1024 5116 statu
1093 5063 1329 5117 versanti
1376 5064 1693 5129 imbecillas,
1745 5075 1798 5120 et
1855 5067 2042 5122 humili

465 5164 710 5212 araneae,
771 5164 870 5203 nec
926 5164 1152 5218 usquam
1196 5149 1344 5204 foras
1393 5152 1681 5206 sustinenti
1727 5151 2042 5217 ambulare,

465 5255 567 5295 nec
598 5256 663 5296 ex
696 5241 1082 5309 imaginatione
1131 5243 1237 5296 huc
1283 5241 1409 5297 illuc
1443 5243 1708 5313 divagari,
1738 5258 1840 5297 nec
1888 5243 2046 5297 innu-

467 5332 634 5384 meris
682 5330 959 5384 laboribus
990 5331 1295 5400 defatigari,
1329 5333 1420 5402 qui
1463 5334 1518 5385 in
1564 5331 1688 5386 altis
1731 5333 1956 5398 habitat,
1997 5341 2045 5386 et

473 5421 690 5474 lmmilia
747 5421 957 5490 respicit
983 5422 1025 5453 “
1085 5422 1343 5478 Dominus
1391 5422 1548 5492 (nihil
1598 5433 1778 5478 autem
1835 5438 2036 5478 aranea

539 5623 990 5695 “,Ezech.,xvn,
1017 5629 1104 5682 24.
1180 5629 1223 5661 ³⁸
1259 5629 1296 5684 Il
1324 5628 1444 5682 Par.
1490 5643 1581 5693 xx,
1613 5626 1701 5681 90.

468 5705 561 5750 xx.
589 5694 676 5750 27.
758 5696 802 5728 “
831 5699 948 5752 Act.
978 5694 1039 5766 II,
1075 5700 1127 5754 9..
1197 5768 1202 5771 _

1816 5628 1860 5660 ⁸ο
1893 5627 1909 5681 Ι
1940 5626 2084 5683 Petr.
2116 5644 2146 5681 v
2203 5627 2256 5681 2.

2145 4530 2308 4590 atque
2337 4520 2655 4583 edomaret,
2697 4519 2940 4571 vinceret
2975 4515 3101 4570 item
3134 4515 3442 4569 inbonestas
3478 4517 3724 4582 corporis

2146 4610 2436 4665 motiones.
2475 4605 2676 4660 Factus
2713 4621 2788 4661 est
2816 4607 2981 4670 enim,
3014 4604 3211 4674 inquit,
3256 4613 3461 4672 repente
3497 4607 3561 4657 de
3595 4607 3724 4658 caelo

2144 4702 2346 4756 sonitus
2395 4709 2645 4768 tanquam
2698 4700 2914 4764 spiritus
2966 4697 3277 4751 vehementis
3308 4695 3354 4726 “
3385 4711 3400 4748 :
3429 4705 3487 4748 ut
3534 4696 3722 4749 vitium

2144 4793 2353 4848 scilicet
2393 4805 2609 4861 semper
2655 4806 2756 4846 nos
2799 4793 2864 4845 ad
2912 4789 3182 4845 deteriora
3235 4788 3515 4857 impellens
3544 4788 3724 4858 expel-

2144 4885 2298 4939 Ieret.

2215 4973 2443 5029 XLVIII.
2490 4973 2558 5031 Ut
2591 4975 2675 5030 leo
2724 4975 2873 5039 ovili,
2912 4975 2994 5029 sic
3027 4975 3279 5030 inimicus
3314 4973 3521 5028 daemon
3568 4985 3724 5026 noo.s

2147 5066 2452 5132 insidiatur,
2483 5066 2706 5136 laqueos
2749 5079 2803 5121 et
2850 5067 3072 5136 pedicas
3127 5067 3460 5136 itnpurarum
3509 5073 3564 5119 et
3627 5066 3726 5116 im-

2147 5158 2360 5228 piarum
2393 5158 2786 5227 cogitationum
2827 5158 3188 5214 abscondens.
3223 5159 3361 5224 Quin
3395 5157 3559 5211 etiam
3604 5171 3724 5219 nos,

2149 5249 2252 5303 nisi
2289 5249 2642 5313 dormiamus,
2671 5247 2903 5316 majores
2935 5249 3008 5303 illi
3053 5259 3109 5303 et
3133 5248 3473 5303 molestiores
3503 5246 3724 5316 laqueos

2148 5353 2349 5406 ponere
2390 5340 2712 5409 poterimus.
2758 5340 2945 5395 Oratio
2991 5341 3209 5410 quippe,
3255 5347 3310 5394 et
3361 5337 3625 5408 psalmus,
3673 5349 3723 5391 et

2151 5423 2370 5495 vigiliae,
2411 5436 2464 5481 et
2497 5427 2799 5493 humilitas,
2844 5437 2900 5482 et
2947 5428 3309 5483 ministerium
3356 5428 3408 5483 in
3448 5428 3725 5498 proximos

2355 5631 2396 5664 “
2433 5631 2569 5688 Psal.
2604 5650 2734 5699 cm,
2773 5635 2822 5690 5.
2901 5635 2943 5666 δ’
2973 5631 3114 5688 t’sal.
3153 5648 3274 5699 cm,
3305 5632 3396 5688 27.
3495 5631 3545 5666 “
3566 5629 3725 5693 Joan.
