4048 6404
323 379 430 442 801

1567 393 1834 452 CAPITA
1872 393 2377 455 HORTATORIA

3487 401 3594 466 802

325 497 616 562 collatum,
660 508 715 552 et
761 499 1159 566 misericordia,
1204 512 1257 558 et
1303 506 1600 573 gratiarum
1651 509 1817 571 actio,
1857 517 1909 561 et
1945 513 1983 567 Α
2018 509 2229 561 Etenim
2291 525 2388 577 pro
2434 512 2596 564 verbo
2646 511 2851 576 otioso,
2895 522 3004 567 etc
3036 527 3170 567 vana
3210 512 3373 582 gloria
3416 515 3594 582 profe-

326 591 640 644 divinornm
695 591 1032 659 eloquiorum
1087 596 1273 658 lectio,
1333 599 1467 659 lucc,
1519 600 1766 666 inquam,
1805 599 1908 652 ini-

325 681 473 736 mico
514 682 742 749 insidiae,
781 683 955 750 fovea,
996 686 1220 753 pedicze,
1262 697 1316 741 et
1360 689 1723 744 cruciamenta
1761 699 1905 744 sunt.

401 773 592 829 XLIX.
627 776 851 830 Divinus
880 778 1046 831 David
1080 779 1238 834 annis
1268 781 1556 835 admodum
1592 793 1906 851 provectus,

329 867 467 932 Deo,
506 881 536 920 a
569 881 678 935 quo
707 877 854 923 esset
888 868 1092 924 electus
1124 872 1328 940 gratias
1359 887 1545 942 agens,
1580 874 1634 928 in
1669 884 1911 929 extremo

336 959 419 1012 sic
442 957 515 1011 ait
548 975 563 1011 :
595 957 753 1012 Nunc
776 963 913 1013 enim
946 961 1141 1014 inuenit
1167 979 1343 1017 servus
1374 975 1493 1019 tuus
1532 981 1622 1018 cor
1653 983 1828 1030 suum,
1857 977 1910 1019 ut

333 1061 503 1102 araret
548 1061 599 1104 te
650 1051 890 1105 oratione
934 1052 1034 1105 hac
1059 1051 1125 1106 ".
1179 1053 1292 1109 Hoc
1342 1055 1542 1110 dictum
1582 1067 1663 1111 est
1708 1068 1767 1111 ut
1813 1073 1911 1112 nos

327 1140 631 1206 discamus,
661 1143 729 1196 ad
762 1145 1027 1197 orandum
1053 1147 1453 1200 contentionem
1489 1156 1542 1201 et
1577 1157 1784 1217 tempus
1824 1164 1909 1203 re-

326 1232 498 1300 quiri,
549 1242 608 1286 ut
650 1233 868 1289 tandem
906 1235 1355 1304 imperturbatum
1399 1238 1564 1292 animi
1600 1248 1797 1293 statum
1827 1240 1909 1293 in-

325 1324 614 1378 veniamus
645 1341 659 1377 :
696 1323 842 1378 aliud
885 1326 1137 1380 videlicet
1187 1327 1384 1382 ccelum
1437 1327 1646 1390 cordis,
1700 1329 1752 1382 in
1799 1343 1908 1397 quo

328 1411 546 1466 habitat
576 1411 832 1467 Christus
859 1431 874 1466 :
906 1416 1359 1482 quemadmodum
1379 1417 1674 1484 Apostolus
1702 1417 1796 1480 ait,
1824 1417 1907 1471 An

325 1502 571 1564 nescitis,
605 1504 731 1571 quia
761 1500 1002 1558 Christus
1033 1503 1183 1558 Jesus
1209 1506 1406 1558 habitat
1435 1509 1488 1560 in
1514 1508 1652 1560 vobis
1673 1507 1752 1561 ⁵⁸2

395 1593 463 1648 L.
509 1593 571 1648 Si
608 1592 856 1650 Christus
884 1597 1056 1664 [actus
1087 1608 1162 1650 est
1195 1599 1342 1651 nobis
1367 1598 1598 1664 iustitia,
1626 1611 1672 1653 et
1702 1602 1909 1668 sapien-

327 1687 400 1739 tia
441 1703 472 1738 a
517 1686 628 1739 Deo
665 1684 914 1753 Patre",
948 1698 1152 1742 certum
1200 1697 1305 1752 est,
1355 1691 1516 1742 etiam
1561 1691 1908 1746 factumesse

325 1777 596 1847 requiem.
634 1777 727 1832 Sic
752 1779 893 1832 enim
924 1781 1035 1834 ait:
1073 1779 1254 1835 Venite
1289 1781 1357 1834 ad
1383 1798 1462 1834 me
1499 1798 1672 1835 omnes
1698 1785 1785 1853 qui
1822 1784 1905 1836 la-

325 1871 566 1934 boratis,
619 1879 668 1923 et
720 1873 925 1924 onerati
971 1875 1131 1936 estis,
1173 1884 1223 1928 et
1269 1891 1362 1943 ego
1406 1875 1670 1944 quiescere
1697 1877 1903 1945 faciam

326 1981 415 2018 sos
441 1964 508 2018 ⁸⁸.
557 1965 795 2020 Pulchre
825 1966 990 2034 igitur
1019 1966 1218 2019 dictum
1257 1976 1362 2028 est,
1406 1967 1709 2031 sabbatum,
1742 1967 1794 2020 id
1822 1976 1907 2021 est

328 2054 603 2124 requiem,
648 2063 871 2123 propter
922 2055 1196 2109 hominem
1249 2055 1446 2110 factam
1493 2071 1655 2111 esse:
1691 2057 1743 2111 in
1790 2057 1906 2125 ipso

327 2147 499 2210 enim,
535 2155 588 2200 et
639 2145 758 2200 solo
788 2145 1030 2212 Christo,
1077 2146 1170 2201 Dei
1195 2145 1333 2202 Filio
1367 2148 1639 2218 unigenito
1671 2149 1898 2217 scilicet,

327 2238 564 2307 quietem
602 2252 772 2308 genus
802 2238 1094 2291 humanum
1125 2238 1476 2307 adipiscetur.

398 2327 487 2382 LI.
533 2327 687 2383 Sicut
727 2339 813 2384 est
855 2328 1104 2397 poculum
1151 2328 1350 2398 lapsus,
1396 2341 1449 2383 et
1477 2331 1615 2386 calix
1663 2332 1755 2386 irae
1783 2349 1797 2386 :
1826 2332 1905 2387 sic

325 2421 496 2475 etiam
548 2430 636 2475 est
684 2421 933 2490 poculum
973 2421 1330 2486 inﬁrmitatis,
1390 2425 1532 2492 quod
1585 2423 1822 2477 ablatum
1873 2440 1902 2477 a

330 2512 490 2567 nobis
547 2512 808 2567 Dominus
866 2521 1107 2582 tempore
1174 2514 1354 2569 debito
1397 2516 1562 2568 tradit
1609 2515 1662 2568 in
1714 2530 1904 2569 manus

321 2604 676 2658 inimicorum
733 2615 1063 2669 nostrorum,
1121 2613 1179 2658 ut
1231 2605 1282 2658 in
1330 2615 1603 2674 posterum
1641 2620 1745 2658 non
1785 2621 1903 2659 am-

324 2695 468 2763 plius
499 2711 620 2758 nos,
651 2697 744 2751 sed
786 2699 1062 2752 daemones
1093 2696 1454 2765 inﬁrmentur,
1488 2709 1544 2752 et
1579 2699 1794 2752 cadant.

401 2783 513 2840 LII.
556 2785 710 2842 Sicut
748 2787 800 2841 in
828 2789 988 2842 rebus
1021 2788 1386 2843 exterioribus
1427 2796 1557 2842 sunt
1597 2791 1903 2843 nummula-

325 2877 417 2941 rii,
462 2886 723 2942 textores,
775 2893 1031 2947 aucupes,
1086 2877 1308 2944 milites,
1360 2887 1696 2934 structores:
1729 2881 1810 2936 sic
1847 2881 1900 2934 in

325 2968 678 3023 interioribus
715 2967 794 3039 (in
827 2968 1250 3038 cogitationibus
1297 2967 1575 3040 nimirum)
1610 2980 1737 3038 puta
1781 2985 1902 3026 esse

324 3059 620 3124 aleatores,
669 3058 964 3124 veneﬁcos,
1011 3059 1236 3126 piratas,
1281 3068 1586 3124 venatores,
1630 3061 1899 3131 cynaalos,

2015 608 2101 650 clo
2134 637 2148 661 ,
2182 607 2443 651 rationem
2481 601 2766 654 reddemus
2787 641 2800 664 ,
2844 613 3059 671 pr0pter
3084 603 3284 672 lingua:
3315 604 3594 657 moderan-

2013 689 2092 741 da:
2128 689 2473 756 imperitiam.
2509 693 2868 756 Quamobrem
2919 709 2980 747 ea
3028 695 3249 763 provide
3277 696 3586 749 custodien-

2013 779 2074 832 da
2118 781 2269 834 nobis
2314 793 2413 834 est.

2085 868 2220 924 LVI.
2253 871 2568 940 Quicunque
2601 873 2909 942 voluptate,
2965 873 3064 938 ira,
3102 889 3236 926 vana
3266 874 3430 944 gloria
3454 917 3468 941 ,
3501 885 3592 928 aut

2013 959 2174 1012 simili
2217 961 2346 1015 vitio
2398 970 2710 1028 tentantur,
2762 965 2816 1018 hi
2859 963 3112 1017 dicuntur
3152 964 3263 1017 sole
3299 981 3393 1033 per
3440 967 3581 1019 diem

2013 1051 2090 1102 uri
2127 1090 2141 1112 ,
2194 1059 2246 1103 et
2301 1050 2421 1104 luna
2479 1068 2573 1121 per
2615 1063 2849 1108 noctem.
2913 1053 3016 1108 Ora
3086 1054 3247 1123 igitur
3298 1057 3476 1111 divina
3538 1068 3592 1112 et

2011 1137 2227 1190 rorillua
2259 1140 2400 1193 nube
2424 1140 2524 1210 tegi
2546 1181 2560 1205 ,
2589 1151 2646 1195 ut
2676 1143 2984 1197 incendium
3014 1143 3082 1197 ab
3109 1144 3343 1198 inimicis
3375 1147 3581 1201 illatum

2008 1229 2226 1281 evadas.

2080 1316 2238 1372 LVII.
2297 1317 2616 1388 Neutiquam
2658 1321 2930 1376 licentiam
2966 1324 3108 1393 apud
3135 1332 3189 1380 te
3216 1326 3391 1381 tribue
3432 1327 3589 1380 vino-

2009 1411 2188 1465 lentia-
2220 1411 2577 1477 satellitibus,
2629 1425 2683 1468 et
2732 1429 2932 1469 mensae
2985 1415 3273 1472 luxuriosa:
3333 1419 3580 1479 asseclis.

2010 1521 2182 1573 neque
2214 1521 2404 1575 parum
2435 1507 2658 1561 honesta
2687 1507 3082 1574 labulantibus,
3117 1512 3329 1566 tametsi
3356 1526 3586 1581 persona

2009 1607 2288 1666 przestent,
2325 1599 2537 1652 tametsi
2567 1599 2727 1651 vitam
2761 1600 3056 1655 solitariam
3093 1603 3181 1656 diu
3212 1604 3496 1673 agitarint,
3521 1620 3587 1657 ne

2009 1691 2302 1743 secundum
2334 1691 2668 1758 Scripturam
2711 1693 2938 1760 putredo
2979 1700 3029 1744 te
3063 1691 3307 1761 operiat,
3359 1703 3414 1747 et
3460 1709 3584 1748 cum

2011 1779 2303 1834 innnundis
2335 1790 2497 1850 atque
2526 1783 2926 1838 incircumcisis
2954 1785 3118 1837 corde
3163 1782 3449 1838 auleraris.

2078 1869 2255 1925 LVIII.
2284 1870 2519 1926 Primum
2550 1875 2834 1926 traduntur
2864 1874 3023 1929 Petro
3054 1873 3230 1929 claves
3257 1889 3270 1926 :
3304 1873 3496 1928 deinde
3530 1890 3583 1928 tn

2008 1965 2344 2033 negationem
2376 1964 2580 2032 prolabi
2629 1965 2824 2018 sinitur
2847 2005 2860 2029 ,
2897 1972 2954 2018 ut
2992 1979 3057 2018 eo
3086 1979 3212 2017 casu
3239 1962 3357 2034 ejus
3417 1963 3586 2016 animi

2007 2055 2343 2125 providentia
2375 2056 2688 2124 castigetur.
2721 2055 2785 2109 Et
2823 2065 2876 2109 tu
2919 2055 3080 2124 igitur
3105 2094 3119 2118 ,
3151 2055 3219 2118 si,
3259 2068 3380 2108 eum
3404 2054 3578 2108 scien-

2008 2145 2095 2199 tiae
2127 2146 2329 2200 clavem
2355 2147 2628 2214 acceperis
2651 2187 2666 2212 ,
2692 2147 2744 2198 in
2779 2145 2957 2198 varias
3005 2145 3328 2199 tentationes
3381 2143 3584 2196 incide-

2005 2237 2080 2290 ris
2102 2277 2117 2302 ,
2149 2252 2216 2290 ne
2253 2237 2523 2292 admirere
2550 2257 2562 2292 :
2596 2239 2688 2292 sed
2722 2236 3007 2291 Dominum
3041 2280 3052 2300 ,
3084 2236 3174 2304 qui
3206 2235 3356 2290 solus
3383 2243 3465 2290 est
3497 2250 3586 2288 sa-

2004 2327 2189 2396 piens,
2240 2327 2524 2397 glorilica:
2568 2327 2659 2396 qui
2722 2329 3109 2381 admiscentem
3169 2340 3229 2380 se
3281 2325 3583 2380 divinarum

2007 2433 2184 2471 rerum
2249 2418 2450 2472 notitia:
2499 2417 2860 2488 arrogantiam
2923 2415 3304 2470 aﬂlictionibus
3349 2423 3582 2469 coercet.

2007 2506 2358 2565 Tentationcs
2391 2511 2589 2563 etenim
2639 2507 2852 2562 frenum
2910 2515 3074 2570 sunt,
3108 2516 3162 2560 et
3189 2506 3300 2561 Deo
3356 2505 3425 2559 ita
3462 2520 3584 2574 pro-

2007 2599 2270 2667 vidente,
2330 2602 2553 2671 spiritus
2610 2601 2884 2656 hominum
2940 2600 3157 2655 frenare
3210 2615 3274 2654 ac
3350 2601 3586 2654 retinere

2004 2703 2250 2762 possunt.

2072 2783 2208 2838 LIX.
2262 2780 2320 2838 Si
2363 2783 2500 2838 bona
2556 2784 2709 2838 nobis
2764 2796 2906 2853 saepe
2958 2781 3220 2837 Dominus
3279 2781 3586 2850 abstulerit,

2003 2875 2457 2944 quemadmodum
2489 2874 2705 2929 divitias
2732 2871 2834 2927 Job
2855 2913 2870 2939 ,
2905 2873 3178 2938 dicamus,
3209 2871 3464 2926 Dominus
3491 2874 3584 2926 rte-

2001 2967 2102 3030 dit,
2125 2965 2381 3019 Dominus
2412 2965 2626 3018 abstulit
2649 2964 2731 3031 ”;
2765 2964 2948 3032 utique
2984 2964 3121 3017 mala
3158 2979 3276 3033 qua;
3316 2966 3470 3019 nobis
3499 2967 3584 3017 in-

2000 3057 2184 3122 vexit,
2209 3055 2450 3112 auferet:
2479 3056 2626 3110 Bona
2656 3059 2802 3112 enim
2827 3067 2874 3110 et
2904 3054 3047 3109 mala
3083 3071 3114 3108 a
3141 3055 3247 3109 Deo
3265 3053 3312 3086 “
3333 3098 3348 3120 ,
3389 3055 3581 3124 inquit.

325 3148 653 3212 homicidas,
682 3156 737 3204 et
767 3149 998 3214 similes,
1027 3150 1225 3220 quibus
1263 3159 1500 3204 actutum
1542 3166 1742 3222 negare
1782 3154 1898 3207 adi-
1931 3182 1971 3237 ο
2005 3148 2071 3203 Ει
2105 3149 2196 3218 qui
2227 3148 2443 3203 induxit
2483 3148 2638 3202 nobis
2666 3147 2838 3212 mala,
2868 3146 3008 3200 idem
3044 3155 3303 3237 internata
3340 3145 3582 3237 laetitiam

325 3249 437 3295 tum
467 3255 568 3310 per
604 3241 745 3309 piam
778 3240 1264 3296 contradictionem
1323 3249 1372 3295 et
1408 3241 1708 3296 orationem
1743 3256 1904 3311 opor-

324 3340 419 3397 tet,
463 3331 1116 3409 cynazdisjotissimum,
1157 3347 1225 3386 ne
1273 3339 1521 3387 sanctum
1563 3331 1738 3387 locum
1777 3347 1904 3403 pro-

326 3424 536 3490 Ianent,
567 3432 624 3478 et
657 3424 928 3478 hominem
959 3423 1054 3477 Dei
1085 3423 1390 3492 inquinent.

399 3514 538 3570 LIII.
591 3513 711 3570 Non
766 3516 944 3570 solum
994 3515 1174 3586 lingua
1230 3516 1442 3585 capitur
1490 3515 1789 3582 Dominus,
1845 3526 1906 3571 ut

323 3609 523 3674 salvet,
559 3610 704 3666 sicut
746 3608 946 3663 factum
995 3609 1047 3662 in
1096 3607 1326 3667 latrone.
1354 3609 1447 3677 qui
1483 3609 1552 3662 de
1599 3623 1763 3663 cruce
1793 3608 1905 3662 cla-

326 3699 510 3756 ritabat
542 3717 557 3753 :
586 3700 682 3754 sed
723 3699 1054 3769 cogitatione
1095 3698 1281 3752 etiam.
1325 3697 1540 3752 Dicebat
1584 3699 1722 3753 enim
1761 3701 1901 3752 intra

324 3808 382 3846 se
399 3791 446 3825 δ’
481 3791 764 3860 (scriptum
793 3791 1050 3844 habemus
1087 3789 1154 3844 de
1196 3789 1444 3855 muliere,
1476 3805 1595 3858 quae
1619 3791 1902 3858 sanguinis

323 3884 529 3938 ﬂuxum
581 3880 904 3951 patiebatur)
953 3889 1006 3936 et
1058 3895 1178 3950 quae
1229 3889 1551 3951 sequuntur.
1598 3883 1662 3936 Et
1713 3895 1902 3936 servus

322 3973 624 4029 Abrahami
669 3975 738 4027 de
781 3970 1022 4026 Rebecca
1055 3973 1195 4040 apud
1237 3986 1296 4025 se
1339 3969 1534 4024 tacitus
1576 3985 1759 4025 coram
1800 3969 1902 4024 Do-

321 4064 471 4120 mino
498 4063 844 4132 loquebatur.

397 4153 536 4208 LIV.
587 4152 980 4222 Propemodum
1024 4152 1196 4222 ipsum
1239 4159 1514 4221 peccatum
1550 4153 1899 4222 ptenitentem

319 4249 386 4302 ad
421 4245 595 4300 Deum
641 4243 863 4312 impellit
889 4283 904 4308 ,
935 4259 1055 4296 eum
1085 4243 1201 4310 ejus
1233 4240 1480 4300 fictorem
1508 4281 1524 4308 ,
1573 4243 1781 4313 pondus
1802 4287 1814 4309 ,
1847 4252 1902 4298 et

321 4338 596 4393 insaniam
637 4338 823 4391 sentit.
854 4332 1134 4388 Nolentem
1173 4349 1302 4388 vero
1347 4337 1414 4388 ad
1443 4335 1814 4404 paenitentiam
1843 4350 1900 4390 se

319 4431 486 4491 dare,
534 4427 601 4481 ad
639 4425 807 4479 Deum
836 4439 940 4478 non
970 4424 1242 4492 compellit
1273 4442 1286 4477 :
1325 4425 1457 4494 quin
1492 4427 1670 4494 potius
1713 4435 1902 4494 poten-

1967 3633 1977 3640 -
2003 3600 2132 3654 laris
2169 3599 2430 3670 parmmia
2471 3616 2483 3653 :

2005 3255 2125 3295 cum
2154 3248 2353 3294 a-terna
2376 3238 2543 3309 gloria
2575 3239 2728 3292 nobis
2756 3238 2994 3292 inducet.
3031 3235 3176 3290 Sicut
3205 3237 3348 3290 enim
3373 3236 3584 3306 vigilari

2003 3345 2158 3397 super
2190 3343 2276 3382 eos
2296 3367 2311 3392 ,
2352 3340 2408 3380 ut
2437 3327 2759 3381 destruerem
2795 3336 2841 3378 et
2871 3325 3148 3395 afﬂigerem
3174 3339 3193 3378 :
3238 3324 3314 3378 sic
3358 3324 3584 3391 vigilabo

2002 3434 2160 3488 super
2180 3435 2288 3483 eos,
2311 3427 2369 3471 ut
2402 3417 2655 3486 aedificem
2683 3456 2699 3481 ,
2731 3424 2780 3470 et
2805 3432 2906 3470 non
2946 3417 3232 3482 destruant,
3262 3426 3316 3468 ut
3332 3415 3581 3484 plantem,

2001 3517 2050 3562 et
2078 3523 2182 3561 non
2219 3505 2452 3572 evellam,
2476 3506 2604 3559 dicit
2635 3505 2888 3559 Dominus
2918 3505 2986 3558 ⁵³.
3028 3505 3226 3558 Taceat
3252 3517 3382 3573 ergo
3407 3519 3584 3573 p0pu-

2536 3595 2614 3650 Ex
2649 3611 2754 3664 quo
2803 3595 2981 3661 male,
3019 3610 3122 3650 non
3159 3595 3385 3665 amplius
3425 3595 3583 3650 bene.

2001 3690 2134 3744 Nam
2184 3691 2273 3760 qui
2312 3705 2398 3744 res
2443 3690 2496 3743 in
2547 3688 2784 3742 deterius
2831 3688 3088 3749 mutavit,
3123 3687 3336 3740 easdem
3392 3702 3583 3743 omnes

2003 3783 2068 3836 de
2107 3781 2402 3850 improviso
2444 3780 2500 3834 in
2549 3778 2911 3833 conditionem
2959 3777 3376 3846 splendidiorem
3425 3792 3580 3833 revo-

2001 3887 2060 3927 ca
2070 3886 2126 3926 re
2167 3877 2364 3940 potest.

2070 3987 2184 4043 LX.
2234 3968 2332 4053 Qui
2376 3986 2707 4050 daemonibus
2735 3985 2849 4039 sive
2883 3998 2979 4054 per
3009 3983 3394 4038 continentiam
3418 4025 3432 4050 ,
3469 3986 3584 4041 sive

2003 4093 2098 4147 per
2126 4077 2427 4131 orationem
2453 4117 2467 4140 ,
2501 4077 2615 4129 sive
2644 4073 2788 4128 omni
2821 4087 3016 4142 genere
3046 4073 3263 4126 virtutis
3289 4075 3581 4128 vehemen-

2005 4172 2111 4222 tius
2163 4167 2472 4236 majoreque
2507 4165 2853 4219 contentione
2910 4162 3168 4227 insultat,
3205 4164 3484 4234 graviores
3511 4168 3580 4224 ab

2001 4259 2193 4314 iisdem
2250 4259 2430 4328 plagas
2489 4256 2761 4325 accipiet:
2829 4255 3002 4309 donec
3041 4255 3197 4309 taedio
3241 4267 3473 4324 captus,
3526 4269 3583 4312 et

2001 4366 2316 4422 reaponsum
2364 4349 2556 4403 mortis
2593 4345 2968 4401 intellectualis
2998 4345 3050 4398 in
3089 4346 3267 4402 anima
3300 4363 3395 4403 sua
3427 4364 3582 4419 repe-

2001 4445 2145 4497 riens
2168 4484 2181 4507 ,
2211 4442 2390 4496 dicere
2423 4439 2593 4508 possit
2624 4480 2638 4505 ,
2672 4437 2803 4502 Quis
2845 4451 2924 4490 me
2969 4436 3210 4491 liberabit
3257 4439 3321 4492 de
3363 4456 3582 4507 corpore

322 4521 392 4573 tia
424 4535 521 4573 sua
560 4515 787 4570 vinculis
819 4514 1188 4569 insolubilibus
1229 4516 1581 4584 constringit,
1615 4517 1900 4570 vehemen-
1937 4533 1976 4587 ι)
2007 4534 2192 4586 morm
2220 4532 2378 4600 huius
2403 4529 2477 4583 In?
2508 4528 2743 4598 Legibus
2773 4525 2915 4582 enim
2947 4525 3238 4582 adversarii
3269 4529 3351 4583 νει
3384 4530 3581 4585 invitus

321 4613 461 4665 tiora
516 4621 572 4662 ct
617 4610 825 4663 acriora
885 4608 952 4660 de
1016 4617 1215 4662 caetero
1271 4608 1535 4662 desideria
1583 4609 1901 4678 perditionis

317 4701 581 4757 alliciens.

389 4791 504 4846 LV.
559 4790 866 4860 Aliquando
900 4789 951 4842 itt
971 4787 1220 4845 convivio
1249 4804 1510 4859 arrogans
1553 4791 1804 4859 cngitatio
1831 4792 1896 4844 ad

318 4881 701 4950 intempestive
733 4881 1060 4949 loquendum
1117 4881 1347 4949 prosilit.
1397 4880 1668 4950 Angelicze
1717 4892 1894 4936 autem

316 4975 679 5044 cogitationes
711 4973 1018 5041 hujusmodi
1072 4973 1412 5043 nugatoriam
1446 4983 1500 5027 et
1532 4973 1892 5042 importunam

322 5065 709 5135 cogitationem
746 5064 947 5134 ejicere
999 5065 1141 5120 serio
1176 5073 1417 5119 monent.
1455 5062 1511 5118 Si
1561 5065 1724 5134 igitur
1758 5067 1896 5121 bono

322 5158 540 5214 silentio
581 5159 752 5228 ipsam
787 5173 895 5212 non
944 5157 1272 5224 represseris
1300 5196 1314 5222 ,
1348 5158 1441 5211 sed
1473 5155 1688 5212 inﬂatus
1710 5173 1899 5226 supcr—

318 5249 432 5313 bia,
462 5249 608 5304 [oras
643 5249 863 5319 prodire
891 5248 1200 5318 permiseris
1227 5286 1243 5312 ,
1287 5257 1474 5317 postea
1508 5264 1694 5316 pcenas
1726 5249 1897 5313 dabis,

321 5351 415 5395 aut
441 5356 564 5396 cum
601 5348 828 5411 peccato
855 5354 1049 5409 magno
1084 5341 1279 5393 divina:
1309 5339 1496 5393 ultioni
1530 5340 1782 5401 traditus,
1807 5348 1900 5393 aut

317 5431 576 5499 gravibus
627 5433 872 5500 corporis
907 5430 1216 5494 doloribus,
1253 5437 1346 5484 aut
1393 5443 1499 5483 non
1549 5429 1752 5484 levibus
1786 5427 1900 5482 fra-

320 5531 464 5575 trum
505 5522 932 5590 oli'ensionibus,
999 5533 1091 5578 aut
1138 5522 1304 5577 futuri
1361 5521 1541 5576 saeculi
1599 5522 1896 5591 suppliciis.

391 5723 439 5754 “
473 5723 513 5777 II
542 5725 674 5792 Ileg.
700 5739 798 5790 vn,
871 5724 961 5781 27.
1037 5723 1084 5756 ⁸⁸
1113 5725 1125 5777 l
1167 5725 1288 5780 Cor.
1318 5740 1398 5788 tn,
1430 5724 1514 5777 16.

1592 5725 1636 5756 ⁸⁷
1666 5725 1684 5779 l
1712 5724 1834 5780 Cor.
1878 5739 1918 5792 I,
1949 5723 2038 5780 ⁵60.

2003 4624 2284 4693 subjacere
2323 4637 2506 4690 cogor.

2073 4713 2207 4767 LXI.
2245 4711 2358 4767 Non
2391 4722 2589 4766 temere
2621 4711 2879 4781 scriptum
2908 4723 3010 4778 est,
3041 4711 3169 4765 olim
3199 4709 3398 4764 dixisse
3423 4725 3582 4779 quos-

2000 4807 2120 4860 dam
2157 4807 2297 4858 inter
2337 4819 2438 4857 se:
2497 4799 2728 4870 Surgite,
2766 4811 2816 4856 et
2843 4804 3187 4857 ascendamus
3230 4801 3299 4854 ad
3329 4801 3580 4869 populum

2000 4896 2342 4964 conﬁdentem
2391 4894 2446 4946 in
2493 4909 2616 4959 spe,
2674 4901 2722 4946 et
2759 4894 3102 4960 quiescentem
3134 4890 3201 4942 ⁵⁸.
3260 4889 3322 4942 Et
3364 4889 3579 4953 iterum,

2012 4984 2204 5038 Venite
2235 4982 2608 5046 ascendamus,
2648 4989 2704 5033 et
2751 4981 3121 5050 colloquantur
3153 4994 3274 5033 cum
3312 4979 3440 5046 ipsis
3471 4977 3574 5030 lin-

2007 5090 2106 5144 gua
2166 5071 2486 5142 intelligibili
2522 5074 2704 5126 dolosa
2735 5110 2752 5136 ,
2792 5080 2844 5126 et
2871 5081 3181 5126 avertamus
3222 5071 3340 5123 illos
3371 5085 3399 5123 a
3439 5071 3576 5123 veri-

2003 5172 2114 5217 tate
2151 5164 2216 5215 ad
2245 5176 2363 5216 nos.
2413 5159 2551 5214 Saevi
2582 5175 2814 5228 namque
2848 5160 3119 5214 dannones
3151 5159 3430 5212 adversum
3463 5171 3578 5220 eos,

2002 5254 2093 5323 qui
2131 5261 2327 5308 statum
2376 5252 2728 5306 monasticum
2771 5250 2941 5322 quieti
2992 5261 3046 5304 et
3099 5249 3312 5304 silentio
3344 5248 3577 5301 deditum

2002 5345 2316 5412 delegerunt
2345 5381 2362 5408 ,
2402 5357 2500 5413 per
2537 5355 2751 5397 omnem
2793 5355 2978 5395 eorum
3027 5339 3191 5394 vitam
3222 5338 3578 5392 tentationum

2004 5435 2212 5506 gladios
2267 5449 2460 5489 acuere
2485 5473 2500 5498 ,
2553 5432 2909 5502 religionique
2958 5439 3012 5487 et
3042 5431 3234 5485 divina:
3273 5428 3454 5499 pietati
3487 5427 3582 5481 ad-

2004 5526 2262 5582 dictiores
2288 5525 2541 5580 furiosius
2570 5538 2882 5595 oppugnare
2927 5532 3344 5589 consueverunt,
3379 5519 3571 5590 pugnis

2118 5725 2164 5756 "‘
2190 5723 2377 5778 Matth.
2412 5740 2486 5788 χι,
2509 5721 2599 5780 28.
2691 5723 2736 5759 ⁸⁸
2771 5723 2939 5780 Marc.
2969 5737 3020 5792 ν,
3050 5722 3144 5777 25.
3218 5720 3266 5755 ⁸⁸
3291 5719 3394 5778 Job
3423 5735 3465 5788 I,
3487 5719 3584 5777 21.

319 5790 364 5826 ³⁸
399 5793 545 5848 Eccl.
579 5790 654 5860 xi,
697 5795 763 5848 14
858 5795 904 5826 "
936 5795 1044 5849 Jer.
1083 5808 1225 5849 xxxi.
1253 5794 1342 5849 ΞΒ.
1420 5796 1466 5827 ⁵³
1498 5793 1649 5850 Rom.
1680 5811 1772 5861 vn,
1808 5796 1897 5851 24.

2005 5797 2020 5826 ⁵
2048 5794 2171 5850 Iud.
2200 5809 2357 5860 xvut,
2389 5795 2444 5852 9.
