4048 6434
486 383 590 446 ειη

1725 359 2044 420 JOANNIS
2082 357 2491 416 CARPATIIII

3654 343 3770 406 804

488 478 912 543 intolerabilibus
947 474 1010 528 ad
1034 480 1312 545 peccatum
1338 482 1502 538 opere
1529 468 1947 537 perpetrandum
1973 479 2064 516 eos
2097 472 2139 526 Α
2172 466 2337 518 Deum
2370 479 2463 530 per
2511 461 2815 514 oratiouna:
2862 467 2914 510 et
2940 472 3089 526 sp'm
3114 464 3359 509 orantem
3400 463 3450 509 te
3476 455 3766 508 exaudire.

489 575 823 645 impellentes
853 611 871 638 ,
911 570 955 624 si
988 567 1126 620 forte
1161 572 1498 633 Oppugnatos
1531 561 1630 614 hac
1661 561 1866 612 ratione
1907 575 1934 609 ει
1973 557 2076 610 ﬁde

491 671 540 720 in
578 663 852 718 Christum
874 698 888 721 ,
923 673 950 711 a
983 656 1160 710 studio
1193 650 1482 722 precandi,
1514 659 1567 701 ct
1607 647 1743 702 bona
1787 662 1880 713 spe
1923 661 2076 698 aver-

491 771 604 812 tere
651 761 706 807 et
744 763 976 806 avocare
1031 753 1251 816 queant.
1289 742 1354 795 At
1390 756 1507 805 nos,
1543 739 1714 806 inquit
1739 737 1904 790 David
1931 777 1947 801 ,
1973 751 2078 789 non

488 846 808 901 discedimus
855 857 888 894 α
927 848 975 892 te
1003 837 1049 868 "
1071 878 1086 903 ,
1120 835 1296 904 quoad
1327 842 1624 887 tentatores
1654 844 1682 881 a
1718 827 1874 882 nobis
1899 828 2078 880 disce-

491 942 618 992 dere
643 936 836 1004 jubeas
859 972 873 998 ,
903 943 956 985 et
982 945 1077 991 per
1104 927 1417 996 patientiam
1440 967 1452 988 ,
1493 923 1828 989 solidamque
1880 929 1935 974 et
1990 917 2079 972 fir-

447 1085 452 1094 ,
495 1046 634 1083 mam
685 1025 957 1096 apathiam
1019 1019 1375 1074 viviﬁcemur.
1425 1015 1689 1082 Quoniam
1733 1012 1954 1066 tentatio
2001 1020 2078 1064 est

450 1143 462 1192 δ
493 1119 598 1172 vita
626 1115 892 1170 hominis:
923 1123 977 1167 et
1007 1110 1328 1181 agonollteta
1361 1105 1688 1159 connivcnle
1711 1115 2080 1172 saepenumero

452 1193 465 1258 ἲ
495 1211 560 1263 ad
590 1219 797 1276 tempus
823 1202 1174 1259 constitutum
1197 1199 1297 1252 sub
1319 1197 1543 1268 pedibus
1581 1193 1920 1248 inimicorum
1948 1205 2078 1246 suo-

495 1314 614 1353 rum
663 1304 968 1365 prostratus
993 1291 1158 1360 jacet.
1205 1286 1380 1358 Magni
1427 1294 1609 1340 autem
1654 1293 1709 1336 et
1733 1281 1930 1337 excelsi
1963 1281 2080 1334 ani-

497 1390 568 1443 mi
630 1398 713 1442 est
824 1385 881 1439 in
953 1379 1353 1439 calamitatibus
1425 1373 1802 1445 desperatione
1857 1371 2080 1426 minime

497 1481 696 1548 frangi.

568 1571 726 1626 LXII.
767 1569 821 1623 Si
854 1577 1060 1622 tantum
1115 1573 1291 1634 potest
1343 1562 1573 1620 daemon,
1634 1568 1690 1610 ut
1735 1557 2004 1610 hominem
2051 1570 2079 1607 a

496 1664 640 1715 lmuo
668 1670 872 1715 natura:
901 1670 1041 1711 statu
1079 1655 1490 1717 desciscentem,
1535 1651 1585 1704 in
1621 1649 1784 1703 alium
1838 1648 2078 1702 habitum

500 1767 732 1816 mutare,
780 1762 834 1806 et
878 1751 944 1804 ad
998 1747 1353 1818 perditionem
1391 1742 1562 1812 ipsius
1590 1740 1884 1794 transferre
1919 1741 2078 1792 etiam

2177 555 2311 609 Cum
2350 553 2566 609 noveris
2615 551 2777 622 igitur
2826 549 3038 604 Domini
3067 547 3360 616 judicium,
3392 547 3767 615 desperationi

2177 660 2308 701 cave
2343 644 2688 707 succumbas,
2715 642 2840 711 quia
2884 651 2935 694 te
2968 654 3232 695 exercere
3271 654 3375 693 non
3419 648 3575 704 potes
3615 655 3632 694 :
3673 641 3769 693 sed

2180 740 2245 793 da
2269 754 2488 808 operam
2516 736 2697 807 potius
2723 735 2792 790 ab
2821 733 3042 788 inimico
3066 733 3280 786 liberari
3309 747 3405 800 per
3458 733 3770 786 orationem

2178 841 2232 886 et
2270 829 2586 900 patientiam
2607 845 2728 883 cum
2757 829 3056 899 gratiarum
3090 828 3327 881 actione.
3363 825 3420 880 Si
3460 841 3594 895 ergo
3648 840 3768 895 per-
3798 883 3803 888 ,

2181 924 2352 978 secuti
2381 937 2478 977 vos
2503 922 2708 976 fuerint
2729 922 3088 990 cogitationes
3117 919 3508 973 imbeciliitatts
3535 927 3592 973 et
3617 919 3770 972 Iabo-
3802 913 3810 936 "

2181 1032 2322 1079 rum,
2371 1031 2400 1069 a
2455 1015 2675 1070 civitate
2718 1014 2907 1084 jejunii
2955 1013 3123 1082 fugite
3171 1013 3223 1067 in
3262 1011 3450 1076 aliam,
3479 1010 3532 1064 id
3557 1019 3664 1070 est,
3703 1010 3774 1062 ad

2180 1109 2482 1164 orationem
2507 1115 2561 1160 et
2583 1107 2884 1177 gratiarum
2919 1105 3209 1160 actionem.

2253 1196 2414 1253 LXV.
2445 1195 2661 1252 Pharao
2681 1197 3017 1265 supplicans,
3044 1196 3270 1262 Auferat
3299 1195 3438 1250 Deus
3463 1210 3597 1248 ante
3625 1210 3776 1248 mor-

2182 1298 2284 1342 tem
2333 1289 2492 1341 istam
2546 1287 2616 1350 ",
2659 1287 2856 1354 inquit,
2923 1297 2978 1340 et
3028 1287 3317 1340 exauditus
3365 1295 3468 1340 est.
3505 1284 3779 1340 Similiter

2182 1380 2458 1434 daemones
2486 1387 2746 1446 rogarunt
2772 1379 3083 1443 Dominum,
3115 1391 3182 1432 ne
3219 1379 3272 1432 in
3299 1380 3556 1448 abyssum
3585 1377 3775 1430 mitte-

2182 1479 2394 1533 rentur,
2429 1476 2483 1522 et
2522 1468 2904 1538 impetrarunt.
2947 1468 3160 1534 Quanto
3190 1468 3362 1539 magis
3411 1469 3520 1522 votl
3549 1483 3781 1536 compos

2190 1565 2281 1617 fiet
2309 1563 2470 1616 homo
2487 1561 2853 1625 Christianus,
2889 1576 3076 1624 orans,
3111 1571 3222 1614 uta
3255 1570 3430 1614 morte
3462 1559 3563 1615 sub
3613 1559 3784 1614 intel-

2185 1654 2461 1724 ligentiam
2491 1651 2719 1706 cadente
2746 1652 3048 1708 liberetur?

2261 1745 2444 1800 LXVI.
2481 1745 2586 1813 Qui
2621 1745 2935 1815 aliquandiu
2975 1761 3004 1798 a
3053 1745 3237 1800 divina
3289 1747 3462 1813 gratia
3501 1745 3784 1799 illumina-

500 1842 770 1895 noleutem
832 1847 1015 1907 queat,
1083 1843 1290 1904 quanto
1342 1832 1516 1900 magis
1561 1829 1806 1898 angelus,
1858 1825 2082 1879 definito

2202 1854 2307 1902 .us,
2354 1838 2407 1890 in
2463 1852 2525 1891 ea
2570 1837 2928 1906 conquiescit,
2956 1837 3342 1904 subtractaque
3381 1838 3433 1890 in
3465 1838 3789 1907 vagationes

501 1943 743 2002 tempore
786 1931 876 1984 Dei
910 1927 1166 1982 mandato
1197 1931 1438 1992 accepto,
1483 1930 1651 1974 totum
1685 1917 1916 1971 hominis
1949 1918 2079 1970 affe-

502 2036 651 2079 ctum
688 2023 752 2075 ad
791 2020 1010 2074 meliora
1063 2014 1336 2070 Inflcctere
1373 2009 1679 2081 peterit?Si
1708 2009 2086 2079 frigidissimus

502 2111 682 2181 aquilo
725 2119 928 2161 tantum
957 2105 1144 2167 valuit,
1181 2103 1324 2155 utad
1355 2101 1587 2169 lapidum
1625 2099 1878 2151 duritiem
1912 2110 2087 2151 tener-

504 2203 694 2256 rimam
745 2213 1006 2268 aquarum
1052 2205 1302 2248 naturaut
1347 2192 1678 2253 immutaret,
1736 2188 1862 2257 quid
1929 2187 2090 2240 faciet

502 2291 863 2345 calidissimus
889 2298 1094 2351 auster,
1118 2287 1160 2339 si
1195 2301 1286 2338 aer
1317 2283 1472 2336 valde
1505 2282 1872 2350 refrigeratus,
1909 2281 2087 2332 omnia

505 2385 762 2438 recedere
791 2378 994 2433 faciat?
1025 2380 1157 2432 Ante
1183 2377 1372 2446 facient
1404 2375 1548 2430 enim
1577 2373 1793 2443 [rigoris
1820 2371 1933 2440 ejus
1973 2371 2089 2440 quis

505 2473 779 2530 sustinebit
808 2470 894 2523 "?
945 2479 999 2524 et
1040 2469 1308 2537 quomodo
1347 2467 1496 2520 calor
1540 2467 1606 2519 ad
1652 2479 1712 2518 se
1753 2465 1933 2517 omnia
1982 2477 2087 2516 non

508 2564 830 2622 advocabit?
855 2563 1028 2618 Credo
1059 2562 1222 2632 igitur
1266 2559 1519 2629 frigidum
1548 2566 1604 2612 et
1649 2555 1860 2626 nigrum
1894 2554 2090 2608 carbo-

510 2674 630 2713 nem
691 2658 888 2710 mentis
959 2662 1156 2708 nostra:
1222 2651 1396 2705 serius
1471 2647 1711 2712 tandem,
1787 2653 1879 2697 aut
1935 2642 2095 2696 citius

510 2749 745 2803 calidum
800 2757 854 2799 et
911 2743 1147 2797 lucidum
1208 2741 1345 2807 fore,
1387 2737 1478 2793 ubi
1527 2736 1900 2792 divinissimus
1955 2733 2094 2804 ignis

511 2857 634 2896 eum
669 2837 955 2893 afﬂaverit.

584 2953 768 3010 LXIII.
801 2953 897 3008 Est
937 2952 1152 3020 quidam
1179 2948 1345 3003 etiam
1375 2945 1428 3000 in
1477 2943 1731 3016 praesenti
1775 2941 1885 2996 vita
1921 2949 2098 2993 status

513 3046 884 3102 testimonium
929 3053 984 3099 et
1050 3043 1264 3111 signum
1323 3047 1510 3094 nostro
1562 3037 1614 3091 in
1641 3032 1855 3091 occulto
1899 3030 2098 3098 Joseph

511 3137 773 3207 positum,
815 3144 1034 3206 pr0ptcr
1064 3132 1360 3201 apathiam,
1406 3130 1704 3184 secundum
1745 3139 1908 3195 quem
1943 3136 2100 3178 mens

2189 1931 2388 1984 mentis
2439 1940 2492 1984 et
2519 1931 2928 1998 inquinamenta
2982 1929 3250 1992 incidens,
3286 1930 3489 1983 idcirco
3533 1945 3786 1982 murmu—

2188 2032 2307 2086 rat,
2354 2037 2451 2075 uec
2483 2021 2695 2075 virilem
2733 2021 2960 2075 induens
3007 2020 3242 2072 animam
3287 2019 3537 2088 precibus
3575 2019 3789 2073 saluta-

2189 2130 2306 2168 rem
2349 2113 2494 2168 illam
2529 2112 2918 2182 plenitudinem
2969 2126 3294 2178 recuperare
3333 2110 3652 2174 contendit,
3686 2110 3786 2164 sed

2189 2221 2328 2274 aegre
2368 2203 2492 2271 fert,
2520 2213 2576 2260 et
2621 2203 3014 2265 stomachetur,
3047 2201 3241 2256 similis
3263 2209 3347 2254 est
3392 2200 3662 2264 mendico,
3691 2202 3785 2268 qui

2190 2297 2531 2366 eleemosyna
2609 2310 2675 2349 ex
2747 2293 2947 2362 palatio
3023 2300 3243 2358 accepta
3272 2331 3288 2356 ,
3365 2291 3594 2345 moleste
3657 2290 3787 2355 fert,

2192 2389 2317 2458 quia
2352 2397 2411 2440 ut
2450 2401 2571 2441 cum
2637 2388 2964 2455 imperatore
3009 2384 3321 2452 pranderet,
3355 2396 3464 2436 non
3505 2381 3576 2436 sit
3609 2381 3786 2435 intro-

2195 2493 2414 2534 lillSSlJS.

2265 2587 2475 2644 LXV".
2523 2587 2676 2642 Beati
2716 2587 2806 2656 qui
2855 2603 2956 2640 non
2982 2587 3221 2640 viderunt
3257 2594 3306 2639 et
3345 2587 3683 2638 crediderunt
3709 2584 3782 2637 “.

2197 2680 2370 2747 Quam
2416 2681 2559 2734 beati
2606 2679 2699 2747 qui
2750 2679 3029 2732 subtracta
3079 2676 3251 2746 gratia
3294 2690 3400 2730 non
3451 2675 3790 2730 invenientes

2195 2773 2629 2827 consolationem
2668 2771 2721 2824 in
2761 2770 2974 2838 seipsis,
3011 2769 3104 2821 sed
3145 2778 3441 2836 praesentes
3483 2767 3665 2836 potius
3704 2765 3789 2819 af-

2195 2864 2489 2927 ﬂiCtioues,
2513 2875 2569 2917 et
2604 2863 2803 2917 densas
2827 2861 3079 2916 tenebras
3123 2860 3416 2926 intuentes,
3466 2874 3571 2912 non
3597 2860 3791 2927 despe-

2198 2965 2362 3022 rant;
2424 2956 2521 3010 sed
2553 2955 2658 3008 llde
2728 2951 3060 3016 continuati,
3124 2950 3441 3006 existimant
3495 2964 3558 3004 se
3605 2950 3791 3004 videre

2199 3063 2347 3111 eum,
2403 3047 2495 3116 qui
2555 3059 2660 3100 non
2705 3045 2940 3108 videtur,
2987 3043 3329 3112 viriliterqe
3385 3043 3586 3098 malum
3630 3054 3787 3098 suum

2204 3139 2458 3194 tolerant.

513 3190 729 3298 egressa
761 3190 832 3280 ex.
867 3190 1103 3293 Aigypto
1134 3238 1163 3275 a
1199 3221 1433 3290 pistrino
1465 3220 1798 3288 passionum,
1847 3226 1904 3269 et
1931 3230 1959 3266 a
1983 3226 2095 3267 ser-

2535 3229 2664 3295 Quaa
2691 3243 2757 3283 ex
2798 3228 2991 3297 gratia,
3023 3235 3267 3296 tempore
3298 3240 3418 3290 suo,
3459 3234 3586 3297 post
3616 3224 3789 3280 multa

517 3325 685 3372 vitule
746 3319 796 3370 in
841 3316 1074 3384 cophino
1127 3311 1491 3382 impurissime
1552 3307 1775 3363 recedit.
1838 3304 2097 3374 Linguam

516 3421 694 3464 autem
727 3424 888 3478 quam
927 3422 1032 3460 non
1087 3410 1332 3459 moverat
1363 3416 1468 3456 non
1517 3401 1666 3456 audit
1711 3399 1962 3467 amplius,
2006 3398 2104 3451 lin-

517 3516 675 3572 gnam
708 3501 1010 3552 daemonum
1056 3493 1332 3560 videlicet,
1371 3491 1670 3552 sordidam.
1713 3500 1769 3543 et
1801 3486 2102 3556 corruptri-

519 3605 636 3646 cem
691 3598 852 3643 rectte
902 3585 1140 3641 mentis:
1195 3583 1289 3640 sed
1345 3583 1584 3653 linguam
1633 3592 1878 3637 sanctam
1927 3580 2102 3634 lucem

519 3681 861 3735 afferentium
911 3677 1249 3748 angelorum,
1307 3673 1809 3729 transformantium
1859 3672 2102 3725 animum

522 3788 550 3823 a
579 3783 843 3838 corporeo
874 3767 925 3820 in
955 3766 1360 3834 incorporeum,
1403 3762 1643 3832 linguam
1689 3760 2104 3816 illuminativam

519 3861 713 3914 animae
741 3857 1104 3928 suscipientis.

591 3947 776 4004 LXIV.
823 3947 997 4002 Audio
1057 3945 1254 4002 fratres
1317 3945 1581 4017 quosdam
1647 3960 1874 4015 corpore
1929 3945 2101 3999 conti-

521 4051 716 4096 nenter
767 4039 1166 4104 imbecilliores,
1212 4053 1312 4093 nec
1366 4037 1607 4092 valentes
1653 4035 1921 4107 jejunare,
1975 4035 2107 4089 mihi

525 4134 705 4187 dicere
735 4150 750 4185 :
779 4130 896 4198 Quo
932 4140 1086 4199 pacto
1134 4130 1270 4186 citra
1298 4129 1561 4198 jejunium
1614 4142 1645 4181 a
1697 4127 1932 4194 diabolo,
1979 4136 2036 4182 et
2078 4141 2108 4180 a

523 4225 705 4293 pravis
763 4223 1140 4278 affectionibus
1213 4221 1430 4276 liberari
1499 4218 1824 4289 possumus?
1895 4216 2103 4282 Quibus

527 4315 987 4386 respondendum,
1024 4327 1131 4367 non
1176 4311 1350 4366 solum
1389 4325 1484 4380 per
1521 4309 1910 4364 abstinentiam
1945 4322 2106 4362 escu-

526 4409 820 4472 lentorum,
846 4421 1030 4460 verum
1073 4404 1238 4458 etiam
1264 4417 1359 4470 per
1381 4403 1676 4457 clamorem
1697 4400 1877 4454 cordis
1925 4399 2106 4454 excuti

2202 3322 2525 3384 certamina,
2571 3319 2813 3376 dolorem
2845 3330 2901 3374 et
2945 3319 3232 3389 Iacrymas,
3266 3318 3638 3388 quaerentibus
3672 3331 3790 3370 eam

2204 3409 2270 3463 de
2301 3408 2441 3464 ctelo
2480 3410 2712 3463 donatur
2764 3407 3065 3472 humilitas,
3097 3405 3281 3460 multis
3313 3406 3557 3475 partibus
3604 3404 3790 3459 fortior

2205 3504 2262 3550 et
2305 3495 2475 3565 major
2518 3504 2604 3549 est
2642 3509 2707 3550 ea
2741 3494 3140 3558 humiliatione,
3188 3508 3308 3563 qua
3344 3495 3540 3549 virtute
3595 3496 3791 3548 amissa

2201 3587 2522 3657 contingere
2582 3588 2738 3642 solet.
2788 3586 2881 3640 Illa
2921 3586 3203 3656 superiore
3245 3585 3472 3657 dignati,
3504 3599 3634 3640 vere
3676 3599 3790 3654 per-

2205 3677 2332 3734 fecti
2363 3678 2486 3744 viri,
2516 3687 2572 3733 et
2598 3693 2629 3732 a
2660 3678 3020 3733 tentationum
3050 3676 3312 3733 molestiis
3343 3679 3443 3732 tuti
3482 3686 3633 3731 sunt.

2279 3768 2474 3823 LXIX.
2502 3769 2731 3835 Quando
2777 3769 3023 3824 diabolus
3066 3767 3354 3824 Dominum
3387 3769 3624 3838 reliquit,
3667 3779 3794 3822 tunc

2209 3870 2564 3917 accesserunt
2613 3862 2792 3931 angeli
2834 3871 2889 3916 et
2924 3860 3306 3915 ministrarent
3356 3861 3449 3914 illi.
3501 3861 3794 3914 Sciendum

2209 3954 2400 4022 igitur,
2457 3953 2596 4008 sicut
2639 3953 2902 4022 scriptum
2963 3969 3069 4006 non
3122 3962 3226 4016 est,
3292 3954 3418 4006 dum
3471 3960 3796 4014 tentaretur,

2219 4040 2441 4096 aﬂ'uisse
2486 4041 2708 4113 angelos
2744 4058 2758 4094 :
2796 4042 2874 4096 sic
2907 4042 3069 4095 etiam
3105 4042 3230 4097 dum
3268 4055 3367 4096 nos
3399 4050 3694 4107 tentantur,
3736 4046 3798 4095 ad

2219 4144 2438 4202 tempus
2459 4133 2636 4202 angeli
2670 4133 2785 4200 Dei,
2810 4149 2913 4188 non
2942 4137 3130 4204 procul
3166 4145 3364 4200 tamen,
3393 4149 3450 4190 se
3471 4135 3798 4188 subducunt.

2215 4223 2318 4280 Ubi
2353 4232 2700 4279 recesserunt
2725 4223 2820 4293 qui
2862 4227 3162 4290 tentabant,
3207 4225 3272 4277 ad
3316 4238 3413 4278 nos
3453 4234 3804 4278 revertuntur

2214 4315 2590 4369 ministrantes
2629 4313 2786 4369 nobis
2837 4315 3049 4370 divinas
3107 4315 3480 4384 cogitationes,
3516 4317 3799 4379 sanitates,

2221 4410 2584 4472 firmamenta,
2649 4406 3094 4471 illuminationes,
3148 4407 3644 4477 compunctionem,
3676 4420 3799 4461 con-

527 4499 957 4557 etesterminari
999 4508 1156 4567 posse
1195 4495 1360 4560 mala,
1405 4494 1780 4563 malorumque
1819 4503 2115 4562 suggesto—
2143 4537 2188 4592 Β
2217 4496 2566 4560 solationem,
2590 4496 2932 4566 patientiam,
2963 4495 3328 4563 dulcedinem,
3368 4506 3424 4551 et
3467 4511 3800 4566 qua‘cunqlle

531 4607 640 4647 res.
683 4592 1000 4645 Clamarunt
1051 4587 1194 4642 enim
1243 4587 1460 4654 quidam
1527 4588 1593 4641 ad
1654 4586 1938 4640 Dominum
1988 4601 2107 4641 cum

537 4683 946 4745 tribularentur,
979 4689 1034 4732 et
1073 4677 1323 4733 liberavit
1352 4691 1466 4731 eos.
1505 4677 1570 4730 Et
1598 4692 1814 4730 rursum
1847 4677 2106 4747 scriptum

535 4783 639 4835 est,
670 4769 747 4824 De
767 4783 940 4823 ventre
970 4769 1129 4838 inferi
1184 4768 1381 4820 audisti
1410 4783 1580 4822 uocem
1613 4767 1858 4821 clamoris
1896 4769 2017 4832 mei,
2061 4778 2109 4821 ct

537 4865 776 4916 ascendet
808 4878 871 4916 ea:
897 4862 1231 4930 corruptione
1267 4861 1376 4914 vita
1414 4877 1527 4914 mea
1550 4861 1613 4915 ".
1651 4860 1856 4916 Idcirco
1879 4901 1893 4926 ,
1923 4861 2101 4915 Donec

537 4963 768 5007 transeat
803 4953 1052 5022 iniquitas
1102 4950 1172 5014 ",
1220 4952 1322 5005 hoc
1371 4960 1477 5015 est,
1505 4953 1841 5022 perturbatio
1883 4951 2110 5022 peccati,

538 5043 797 5109 clamabo,
826 5042 1019 5111 inquit,
1060 5041 1128 5093 ad
1172 5039 1338 5094 Deum
1389 5040 1726 5106 altissimum,
1782 5049 1838 5094 ut
1871 5040 2109 5094 maximo

541 5134 808 5190 beneflcio
857 5148 940 5188 me
985 5133 1250 5199 afﬁciens,
1299 5134 1556 5205 impetum
1599 5133 1805 5203 peccati
1866 5149 1959 5187 sua
2016 5146 2113 5202 po-

543 5234 736 5279 testate
767 5234 1090 5294 compescat,
1131 5235 1186 5279 et
1234 5226 1427 5280 mentis
1491 5223 1866 5280 affectionibus
1913 5223 2121 5278 vitiosis

539 5314 816 5371 obstricta‘
869 5314 1155 5368 simulacra
1231 5314 1428 5378 deleat,
1493 5313 1838 5382 Athenasque
1906 5320 2122 5366 nastras

539 5406 701 5460 idolis
757 5405 963 5459 deditas
1015 5404 1278 5460 idolorum
1321 5413 1570 5473 expertes
1600 5403 1781 5458 faciat.
1834 5400 1891 5455 Si
1941 5401 2122 5470 itaque

541 5512 654 5550 non
717 5498 970 5564 accepisti
1036 5498 1262 5568 gratiam
1338 5495 1721 5560 continentia,
1777 5493 1916 5548 scito
1988 5493 2122 5548 velle

611 5694 665 5726 ’⁸⁸
689 5693 827 5748 Psal.
853 5711 1018 5750 tritis
1080 5699 1160 5752 19.
1237 5700 1284 5731 ⁸⁶
1314 5695 1456 5752 Psal.
1485 5709 1686 5761 cxtvn,
1711 5694 1795 5748 l7.
1872 5694 1916 5726 "
1941 5693 2092 5750 ioue
2110 5709 2172 5764 tt,
2200 5693 2258 5749 3.
2333 5694 2378 5728 ⁵⁸
2395 5694 2539 5752 Psal.
2565 5713 2671 5764 cvi,
2705 5699 2761 5753 2.

542 5763 594 5795 ⁸⁸
613 5765 772 5822 Joan.
799 5783 840 5831 ι,
870 5769 954 5822 5i.

2218 4586 2285 4640 ad
2347 4586 2584 4639 animam
2643 4585 2842 4641 lassam
2901 4586 3270 4649 servandam,
3340 4585 3800 4640 corroborandam

2219 4675 2682 4746 recreandamque
2721 4677 3016 4746 pertinent.
3094 4676 3184 4730 Ait
3243 4677 3386 4732 enim
3461 4675 3799 4740 Nathanaeli,

2232 4763 2438 4818 Videbis
2485 4765 2698 4835 angelos
2744 4768 3080 4821 ascendentes
3133 4777 3181 4820 et
3231 4767 3597 4822 descendentes
3647 4783 3800 4831 supra

2219 4855 2426 4912 Filium
2468 4857 2692 4913 hominis
2741 4860 2808 4923 °',
2859 4859 2964 4913 hoc
3003 4868 3122 4926 est,
3172 4873 3337 4928 super
3386 4872 3547 4912 omne
3595 4859 3800 4926 piorum

2221 4964 2388 5021 genus
2417 4951 2731 5021 angelorum
2783 4952 3140 5008 ministerium
3172 4950 3544 5020 auxiliumque
3601 4949 3800 5003 all‘atim

2222 5041 2550 5097 eﬂ'undetur.

2294 5130 2459 5186 LXX.
2489 5133 2763 5188 Memento
2805 5135 3109 5190 sacerdotis
3153 5134 3320 5201 illius,
3360 5133 3570 5205 acujus
3603 5131 3808 5188 dextris

2229 5224 2386 5279 stetit
2415 5224 2684 5290 diabolus,
2722 5235 2782 5280 ut
2814 5226 3037 5281 cuilibet
3072 5227 3408 5298 cogitationl,
3464 5235 3520 5282 et
3546 5226 3731 5288 verbo,
3759 5231 3815 5278 ct

2221 5313 2372 5370 facto
2399 5315 2622 5371 dextero
2651 5317 2987 5383 adversetur,
3026 5333 3093 5374 ne
3131 5334 3316 5374 rerum
3353 5317 3563 5374 eventis
3603 5319 3800 5382 percel-

2226 5403 2356 5459 laris
2387 5412 2443 5459 et
2474 5404 2846 5475 obstupescas.

2298 5493 2486 5550 LXXI.
2534 5495 2704 5552 Nosse
2731 5499 2982 5554 convenit
3005 5498 3361 5563 monachum,
3401 5496 3528 5566 quid
3563 5491 3806 5551 sitinr-

2839 5700 2883 5731 "
2913 5699 3083 5756 Exod.
3117 5717 3170 5765 ι,
3202 5699 3287 5753 l7.
3367 5697 3585 5752 “Joan.
3611 5697 3809 5762 “.29.
