4048 6422
334 415 446 477 805

1590 406 1854 466 CAPITA
1892 403 2400 463 IIORTATORI-‘L

3516 409 3619 471 806

336 523 539 586 unius,
567 521 860 576 secundum
904 518 1053 583 illud,
1083 517 1334 572 Miserere
1369 520 1490 581 mei,
1525 517 1764 580 nomine,
1797 531 1932 584 quo-
1964 521 2008 576 Α
2039 517 2304 570 excitatos
2352 515 2812 584 incorruptionem
2867 519 3251 587 regerminare,
3306 532 3466 588 quam
3532 535 3620 573 sc-

334 614 485 666 niam
550 612 796 678 inﬁrmus
860 625 977 664 sum
1023 609 1201 663 ":et
1258 609 1386 677 quid
1449 607 1522 662 sit
1569 607 1840 674 apostasia
1901 621 1930 658 a

335 703 488 759 Deo:
514 718 637 773 quae
666 702 882 772 quidem
914 701 1138 755 morbus
1162 708 1245 755 est
1291 699 1486 754 diaboli
1539 707 1592 754 et
1615 696 1929 766 angelorum

333 793 475 864 ejus.

407 882 623 939 LXXII.
668 881 1137 951 Quen-tadmodum
1193 877 1393 934 ferrum
1439 877 1580 947 ignis
1623 877 1930 946 coniunctio

341 977 470 1030 facit
535 974 920 1030 intractabile:
972 971 1045 1025 ita
1106 970 1318 1025 crebra:
1365 972 1642 1025 orationes
1692 979 1926 1024 mentem

336 1067 662 1121 validiorem
713 1062 952 1119 eﬂiciunt
1005 1062 1075 1115 ad
1129 1060 1438 1116 conﬂictum
1493 1074 1613 1114 cum
1681 1061 1926 1116 hosﬁbus

337 1157 665 1212 ineundum.
700 1154 969 1221 Quocirca
997 1166 1209 1207 summa
1237 1152 1288 1205 vi
1325 1150 1603 1206 horrorem
1638 1151 1924 1219 quemdam

333 1249 572 1304 assidua:
621 1247 884 1303 orationis
935 1245 1232 1299 immittere
1268 1243 1425 1298 nobis
1469 1253 1754 1308 conantur,
1801 1257 1924 1297 cum

332 1343 513 1397 sciant
558 1356 680 1396 eam
711 1339 842 1409 ipsis
877 1337 1286 1402 insidiatricem,
1325 1336 1509 1390 animo
1543 1350 1671 1390 vero
1725 1350 1926 1406 propu-

332 1434 642 1506 gnatricem
668 1446 810 1486 esse.

399 1520 648 1578 LXXIII.
678 1520 876 1575 Eorum
908 1523 998 1589 qni
1051 1533 1234 1572 secum
1285 1531 1317 1573 e
1379 1517 1588 1587 Siceleg
1635 1517 1920 1572 adversum

331 1616 676 1685 alienigenas
739 1612 964 1682 profecti
1030 1619 1235 1675 erant,
1291 1620 1601 1681 promptum
1683 1609 1920 1664 animum

331 1705 502 1760 David
549 1713 766 1776 gratum
811 1702 1023 1766 habuit,
1077 1701 1288 1756 tametsi
1354 1701 1558 1754 viribus
1591 1700 1741 1765 lassi,
1781 1702 1922 1770 apud

331 1805 638 1854 torrentem
672 1793 839 1848 Besor
880 1803 1247 1847 remanerent.
1283 1791 1415 1846 Cum
1459 1802 1638 1846 autem
1674 1802 1822 1862 parta
1856 1793 1922 1846 de

2041 608 2274 661 cundum
2336 617 2585 661 naturam
2645 609 2974 677 accepimus,
3041 619 3094 665 et
3147 611 3292 666 velut
3347 623 3620 666 recentem

2038 699 2265 770 stirpem
2295 709 2481 754 testate
2536 700 2898 769 frondescere,
2937 703 3151 757 tametsi
3180 713 3413 758 veterem
3448 706 3624 760 homi-

2035 807 2162 847 nem
2193 793 2528 860 superinduti
2557 809 2770 849 sumus.

2108 882 2367 940 LXXVII.
2398 886 2478 939 Ad
2506 886 2743 939 animam
2789 894 3009 956 propter
3043 887 3461 955 magnitudinem
3497 897 3618 942 ten-

2038 975 2346 1039 tationum,
2400 984 2456 1030 et
2509 975 2905 1030 multitudinem
2959 987 3304 1044 peccatorum
3342 978 3442 1034 sibi
3493 980 3620 1035 dis—

2033 1068 2354 1138 plicentem,
2397 1067 2810 1136 dicentemque,
2852 1067 3023 1122 Periit
3055 1083 3178 1139 spes
3212 1079 3426 1136 nostra,
3472 1073 3619 1127 occi-

2033 1160 2240 1225 dimus,
2279 1161 2479 1214 dictum
2505 1169 2589 1215 est
2618 1175 2647 1214 a
2684 1161 2812 1223 Deo,
2843 1160 2933 1230 qui
2966 1161 3192 1215 salutem
3229 1173 3471 1217 nostram
3510 1179 3616 1218 non

2032 1251 2310 1321 desperat,
2356 1249 2566 1315 Vicetia,
2607 1260 2655 1304 et
2680 1253 2999 1321 cognoscetis
3023 1253 3147 1322 quia
3172 1269 3262 1323 ego
3284 1271 3398 1307 sum
3436 1251 3620 1307 Domi-

2032 1361 2133 1398 nus
2170 1344 2237 1397 ".
2297 1344 2377 1398 Ad
2421 1345 2654 1397 animam
2700 1353 2878 1398 autem
2911 1345 3269 1413 dubitantem,
3324 1361 3430 1415 quo
3461 1356 3618 1415 pacto

2030 1449 2130 1504 per
2165 1449 2395 1505 magnas
2428 1435 2654 1489 virtutes
2677 1449 2869 1504 parere
2893 1435 3170 1490 Christum
3201 1449 3386 1506 queat,
3411 1441 3615 1493 dictum

2029 1536 2138 1589 est,
2175 1523 2412 1592 Spiritus
2438 1534 2653 1578 sanctus
2679 1525 3003 1591 superveniet
3033 1526 3089 1578 in
3126 1537 3174 1579 te
3201 1527 3266 1584 “.
3301 1526 3404 1581 Ubi
3435 1536 3616 1581 autem

2032 1615 2268 1684 Spiritus
2297 1627 2520 1672 sanctus
2553 1619 2727 1678 adest,
2765 1629 2833 1670 ne
2881 1625 2936 1669 tu
2970 1617 3034 1671 de
3069 1623 3262 1671 natura
3297 1628 3348 1672 et
3383 1635 3614 1673 consue-

2033 1708 2217 1762 tudine
2244 1709 2476 1778 amplius
2513 1709 2752 1779 cogites:
2787 1718 2961 1779 potest
2996 1711 3138 1763 enim
3171 1711 3350 1764 omnia
3386 1711 3616 1765 adoran-

2032 1800 2130 1853 dus
2167 1798 2424 1868 Spiritus,
2483 1809 2536 1854 et
2610 1815 2715 1853 non
2773 1801 3041 1854 exstantia
3102 1800 3194 1855 tibi
3245 1800 3512 1870 producit,
3557 1813 3616 1852 ut

327 1890 590 1948 barbaris
624 1885 852 1942 victoria
878 1887 943 1940 ad
969 1901 1064 1940 eos
1091 1885 1423 1949 revertisset,
1453 1894 1507 1938 et
1529 1885 1741 1939 audiret
1764 1898 1924 1953 quos-
1955 1887 1999 1942 B
2028 1889 2401 1958 obstupescas.
2449 1890 2588 1957 Quin
2650 1892 2812 1944 etiam
2873 1901 3108 1944 mentem
3172 1903 3331 1946 antea
3391 1893 3611 1952 victam,

328 1983 456 2036 dam
484 1981 752 2043 dicentes,
807 1977 939 2032 nihil
970 1978 1034 2031 de
1069 1978 1244 2045 pratda
1300 1992 1419 2030 cum
1469 1977 1572 2030 illis
1622 1976 1922 2031 communi-

329 2075 594 2135 candum,
622 2072 716 2142 qui
744 2087 807 2125 ex
841 2069 1160 2124 lassitudine
1195 2068 1260 2123 ad
1305 2078 1599 2122 torrentem
1647 2068 1923 2122 consedis-

330 2177 480 2230 sent,
543 2165 934 2219 erubescentes
971 2171 1026 2216 et
1071 2162 1510 2216 obmutescentes
1557 2159 1678 2213 illos
1727 2159 1920 2212 Imma-

331 2255 597 2309 nissimus
650 2253 816 2307 David
849 2252 924 2307 ita
977 2251 1240 2314 defendit,
1278 2259 1340 2305 ut
1415 2251 1616 2305 diceret
1667 2250 1920 2319 quoniam

332 2347 608 2399 sedissent
646 2344 712 2398 ad
745 2343 988 2397 sarcinas
1016 2350 1070 2396 et
1107 2343 1510 2411 impedimenta,
1541 2355 1709 2410 eaque
1742 2351 1921 2395 custo-

335 2433 569 2496 dissent,
603 2431 674 2484 ob
707 2431 756 2484 id
791 2429 952 2484 etiam
993 2428 1252 2498 aequalem
1289 2435 1496 2494 partem
1525 2441 1646 2481 cum
1693 2426 1922 2482 fortibus

333 2534 386 2578 et
426 2522 792 2594 magnanimis
836 2518 1186 2576 bellatoribus
1237 2518 1380 2574 ferre
1418 2529 1688 2589 oportere.
1727 2519 1921 2575 Consi-

335 2619 465 2673 dera
501 2616 691 2688 igitur,
727 2631 854 2668 num
885 2613 1049 2668 etiam
1107 2612 1158 2666 in
1197 2612 1365 2665 fratre
1396 2611 1674 2681 quopiam,
1721 2613 1810 2680 qui
1865 2625 1923 2667 se

335 2710 389 2762 in
426 2707 698 2777 principio
759 2704 1056 2760 ferventem
1115 2703 1525 2766 demonstravit,
1585 2711 1764 2770 postea
1820 2701 1922 2756 ali-

334 2812 601 2870 quantum
659 2799 867 2852 inertiae
924 2789 1481 2859 succubuerit,’vasa
1527 2795 1641 2848 sive
1695 2796 1923 2848 sarcinae

336 2891 530 2946 salutis
559 2890 782 2960 intelligi
823 2897 1022 2958 queant
1054 2886 1210 2952 fides,
1249 2887 1591 2956 ptenitentia,
1625 2887 1920 2954 humilitas,

338 2983 614 3054 lacrymaz,
652 2981 937 3052 patientia,
978 2994 1121 3048 spes,
1149 2978 1559 3048 longanimitas,
1608 2987 1664 3034 et
1697 2979 1923 3034 virtutes

338 3075 582 3145 reliquae.
654 3073 848 3142 quibus
919 3071 1219 3126 imbecillus
1297 3071 1511 3124 actione
1572 3071 1814 3126 assidens
1869 3079 1926 3125 et

337 3167 560 3221 assiduo
589 3165 908 3218 incumbens
931 3163 1338 3234 exspectatione
1365 3163 1420 3216 in
1453 3161 1672 3216 Christo
1705 3171 1762 3215 ut
1789 3177 1923 3216 con-

337 3267 656 3312 sentaneum
695 3263 799 3319 est,
823 3253 1040 3324 aliquod
1071 3253 1269 3308 donum
1300 3251 1688 3322 sempiternum
1726 3265 1920 3307 conse-
1949 3222 1996 3284 δ

337 3357 556 3419 quatltr.

407 3437 648 3495 LXXIV.
703 3437 904 3492 Levita:
983 3436 1202 3508 quidem
1258 3443 1312 3491 et
1361 3432 1672 3489 sacerdotes
1744 3433 1923 3488 vocati

339 3541 487 3597 sunt,
516 3532 606 3601 qui
647 3544 770 3586 sese
821 3538 960 3585 totos
1002 3543 1096 3598 per
1138 3525 1319 3582 omnia
1354 3525 1461 3580 Deo
1491 3533 1923 3591 consecrassent,

341 3627 560 3680 actione
593 3632 650 3678 et
699 3620 1174 3691 contemplatione,
1212 3618 1431 3686 inquam
1461 3633 1476 3670 :
1503 3617 1750 3687 jumenta
1798 3631 1926 3671 vero

342 3717 654 3772 Levitarum
717 3715 972 3768 dicuntur
1028 3711 1120 3782 qui
1193 3708 1356 3763 animi
1425 3707 1925 3778 perturbationibus

341 3818 599 3862 vacantes
645 3819 739 3875 per
786 3804 1016 3883 vestigia
1065 3803 1221 3872 sequi
1280 3815 1388 3856 non
1438 3809 1681 3870 possunt,
1745 3800 1924 3870 cupidi

344 3909 524 3953 tamen
573 3907 700 3953 sunt
739 3895 978 3961 virtutis,
1019 3903 1073 3949 et
1100 3909 1198 3963 pro
1229 3903 1392 3962 captu
1429 3906 1526 3947 suo
1562 3891 1635 3944 illi
1683 3891 1924 3953 student,

343 3999 395 4045 et
421 4005 540 4044 eam
587 3996 848 4057 expetunt
878 3985 1133 4056 quotidie,
1163 3986 1327 4040 etiam
1378 3985 1425 4038 si
1470 3983 1617 4038 vitiis
1657 3981 1923 4048 enervati,

341 4083 542 4150 saepius
573 4096 637 4136 ea
673 4079 1024 4134 frustrantur.
1050 4075 1284 4146 Equum
1315 4091 1478 4146 porro
1508 4083 1612 4140 est,
1641 4073 1928 4144 aliquando

340 4181 397 4227 et
454 4175 554 4227 hos
623 4170 857 4242 apathiae
906 4169 1199 4232 charisma,
1261 4167 1372 4222 sola
1443 4165 1535 4220 Dei
1599 4165 1928 4235 benignitate

341 4261 594 4331 accipere
630 4279 644 4314 :
672 4259 1006 4314 Desiderium
1037 4259 1180 4312 enim
1206 4272 1495 4327 pauperum
1519 4255 1788 4310 exaudivit
1813 4254 1924 4309 Do-

342 4354 520 4408 minus
548 4352 617 4407 ⁸³.

417 4445 635 4501 LXXV.
688 4445 898 4516 I’Iagas,
934 4458 1067 4514 quas
1093 4442 1249 4497 nobis
1295 4441 1546 4496 inimicus
1581 4455 1672 4496 seu
1723 4447 1926 4508 aperte,

2025 1997 2170 2036 nunc
2209 1983 2486 2037 victricem
2531 1983 2724 2037 reddit.
2758 1982 2855 2049 Qui
2883 1984 3024 2037 enim
3056 1984 3109 2038 in
3143 1985 3282 2039 cmlo
3325 2001 3488 2054 Super
3519 2001 3616 2039 nos

2024 2083 2249 2142 propter
2326 2075 2748 2129 misericordiam
2837 2077 2984 2130 venit
3067 2074 3406 2140 Paracletus,
3449 2093 3610 2146 supra

2023 2179 2213 2219 omnes
2245 2179 2366 2219 est:
2403 2165 2650 2220 omnibus
2680 2167 2824 2220 enim
2869 2177 2920 2220 et
2952 2177 3156 2221 naturce
3202 2170 3458 2235 motibus,
3493 2180 3547 2223 et
3583 2185 3610 2219 a

2025 2254 2237 2309 diabolo
2273 2256 2518 2311 excitatis
2549 2259 2891 2326 passionibus
2913 2261 3164 2328 superior
3192 2269 3292 2314 est.

2098 2342 2384 2398 LXXVIII.
2417 2343 2636 2398 Enitcre
2670 2355 2727 2398 nt
2757 2347 3096 2415 splendorem
3155 2363 3217 2401 ac
3254 2347 3424 2400 lucem
3461 2348 3510 2399 in
3542 2360 3603 2401 ea

2025 2446 2180 2505 parte
2223 2437 2419 2490 anima:
2471 2446 2574 2490 tua:
2616 2437 2840 2490 illa-sam
2900 2439 3199 2503 custodias,
3238 2439 3322 2492 cui
3380 2438 3612 2492 tributus

2024 2536 2108 2582 est
2153 2543 2183 2581 a
2238 2538 2428 2581 natura
2482 2529 2836 2598 principatus.
2885 2529 3038 2596 Quod
3092 2531 3136 2584 si
3190 2532 3436 2602 aspicere
3486 2547 3610 2585 cmn

2028 2621 2436 2689 perturbatione
2471 2621 2723 2692 casperis,
2748 2623 3120 2677 obtenebravit
3167 2632 3216 2677 te
3249 2622 3521 2684 Dominus,
3555 2632 3614 2676 et

2023 2714 2206 2769 emisit
2247 2714 2458 2769 frenum
2498 2723 2624 2769 ante
2672 2713 2866 2769 faciem
2899 2723 3179 2781 tuam;aut
3211 2715 3388 2768 lumen
3429 2717 3614 2769 oculo-

2026 2821 2143 2858 rum
2175 2813 2390 2859 tuorum
2426 2821 2531 2859 non
2559 2813 2644 2860 est
2695 2815 2892 2860 tecmn.
2932 2805 3037 2860 Sed
3082 2806 3330 2875 quamvis
3373 2808 3486 2860 haec
3538 2807 3610 2860 ita

2024 2895 2278 2958 habeant.
2334 2911 2400 2949 ne
2444 2896 2686 2959 deficias,
2747 2911 2846 2949 nec
2900 2895 3216 2966 defatigere.
3268 2893 3374 2951 Ora
3428 2912 3610 2949 autem

2024 3000 2144 3039 cum
2174 2995 2360 3038 sancto
2398 2985 2617 3052 Davide,
2656 2984 2850 3038 Emitte
2879 2985 3050 3038 lucem
3085 2995 3231 3038 “tam
3266 2995 3312 3038 et
3340 2986 3610 3038 veritatem

2027 3085 2172 3129 tuam
2209 3076 2256 3106 °"
2283 3077 2415 3129 milii
2441 3079 2530 3146 qui
2563 3079 2909 3132 contristatus
2940 3079 3208 3146 ingredior
3252 3077 3299 3110 ⁸⁸
3323 3094 3342 3130 :
3376 3075 3613 3130 salutare

2027 3170 2198 3224 vultus
2222 3171 2344 3235 mei,
2384 3181 2432 3224 et
2467 3169 2603 3224 Deus
2638 3187 2783 3224 meus
2830 3169 2898 3224 θ’.
2937 3168 3162 3222 Emittes
3189 3169 3332 3224 enim
3367 3167 3610 3237 spiritum

2026 3270 2193 3324 tuum,
2225 3270 2273 3314 et
2311 3262 2650 3328 creabantur,
2672 3269 2720 3314 et
2749 3260 3021 3316 renovabis
3059 3257 3249 3328 [aciem
3284 3268 3437 3312 teme
3469 3256 3538 3312 ⁷⁵.

2097 3350 2334 3406 LXXIX.
2387 3351 2586 3407 Beatus
2643 3351 2734 3422 qui
2806 3353 2858 3406 in
2915 3353 3013 3407 hac
3066 3353 3176 3406 vita
3227 3349 3613 3406 insatiabiliter

2025 3452 2213 3499 noctes
2236 3455 2290 3500 et
2317 3443 2452 3510 dies,
2480 3459 2668 3515 preces
2701 3455 2754 3500 et
2780 3449 3022 3515 psalmos
3054 3445 3290 3499 comedit
3335 3459 3399 3499 ac
3452 3444 3609 3508 bibit,

2027 3541 2079 3588 et
2102 3535 2339 3604 seipsum
2375 3535 2636 3602 praeclara
2692 3533 3101 3604 Scripturarum
3151 3533 3387 3589 lectione
3425 3548 3611 3588 corro-

2026 3623 2357 3678 borat.Nam
2389 3625 2695 3680 istiusmodi
2742 3640 2871 3680 usus
2892 3623 3183 3694 perfectam
3213 3634 3264 3679 et
3284 3623 3608 3679 cumulatam

2027 3713 2218 3767 anima:
2243 3715 2482 3769 lzetitiam
2515 3715 2566 3770 in
2597 3715 2778 3769 futuro
2807 3715 3006 3769 smculo
3029 3717 3306 3784 producet.

2098 3803 2313 3858 LXXX.
2342 3806 2477 3859 Tota
2511 3805 2711 3860 virtute
2738 3819 2868 3858 cave
2914 3821 2979 3860 ne
3011 3808 3175 3859 cadas
3200 3823 3213 3859 :
3243 3805 3437 3860 cadere
3465 3804 3608 3858 enim

2028 3895 2218 3951 fortem
2261 3895 2518 3950 athletam
2568 3895 2710 3950 haud
2747 3896 2924 3950 decet.
2963 3894 3114 3960 Quod
3163 3895 3208 3951 si
3245 3895 3436 3949 cadere
3480 3909 3611 3948 con-

2029 3987 2228 4057 tigerit,
2283 3985 2426 4039 illico
2501 3999 2741 4055 resurge,
2819 3999 3140 4052 rursumque
3205 3985 3270 4037 ad
3328 3992 3606 4037 certamen

2028 4078 2285 4144 consiste,
2334 4075 2435 4131 etsi
2486 4074 2677 4130 millies
2709 4075 2758 4129 id
2813 4090 2877 4129 ex
2930 4075 3110 4128 carnis
3164 4073 3448 4145 fragilitate
3481 4089 3610 4128 con-

2029 4171 2220 4240 tingat.
2271 4169 2542 4238 Seriptum
2586 4179 2670 4222 est
2701 4168 2870 4230 enim,
2904 4165 3101 4234 Septies
3135 4166 3278 4220 cadit
3320 4167 3504 4234 justus
3535 4166 3605 4227 ",

2029 4262 2133 4317 hoc
2173 4270 2278 4328 εει,
2320 4259 2371 4315 in
2409 4259 2554 4315 omni
2582 4259 2714 4323 vita,
2745 4269 2792 4313 et
2834 4260 3019 4327 septies
3055 4267 3308 4329 resurget.
3359 4259 3606 4324 Quandin

2029 4361 2182 4407 tenes
2236 4367 2384 4406 arma
2449 4351 2623 4407 sancti
2685 4351 2924 4414 habitus,
2980 4365 3105 4405 cum
3186 4349 3442 4420 lacrymis
3500 4350 3610 4402 Deo

2031 4443 2258 4513 supplex
2312 4445 2376 4497 ad
2411 4453 2616 4499 stantes
2669 4451 2722 4498 te
2768 4443 3034 4514 adjungis,
3084 4457 3389 4514 quanquam
3467 4456 3612 4511 sa‘po

341 4557 442 4597 seu
493 4539 706 4596 Occulle
753 4537 970 4608 illius“.
1011 4535 1275 4598 Videmus.
1324 4534 1597 4588 ετυείειιυε
1645 4543 1824 4586 autem
1873 4539 1928 4586 ει
1956 4560 2001 4616 ι)
2031 4538 2313 4594 cecideris.
2342 4537 2585 4604 Quaudiu
2607 4537 2904 4591 monachus
2935 4550 3143 4603 manes,
3171 4533 3410 4603 quandiu
3441 4547 3612 4603 gene-

344 4633 587 4697 doIores,
625 4646 762 4703 quos
809 4647 838 4685 a
891 4629 1047 4684 nobis
1081 4627 1259 4682 ofIicio
1289 4625 1506 4681 virtutis
1561 4623 1924 4694 fungentibus,

345 4725 534 4780 autde
564 4722 803 4792 peccatis
847 4719 1258 4792 paenitentibus,
1304 4727 1396 4770 aut
1434 4717 1700 4786 patienter
1750 4715 1930 4769 feren-

342 4819 488 4872 tibus
561 4832 626 4870 ac
709 4813 1083 4879 tolerantibus,
1163 4825 1282 4880 qua:
1345 4816 1541 4878 praeter
1599 4807 1926 4862 voluntatem

337 4911 623 4973 eveniunt,
653 4917 748 4961 aut
776 4906 1076 4972 orantibus,
1115 4912 1208 4958 aut
1251 4902 1355 4956 alia
1405 4899 1592 4956 sedulo
1625 4899 1925 4969 agentibus,

339 5010 568 5071 propter
598 5014 719 5068 qua:
750 4997 838 5052 ille
856 4997 1230 5066 disrumpitur,
1252 5004 1305 5048 et
1332 5003 1634 5063 torquetur,
1659 4991 1920 5061 etplorat,

341 5101 401 5145 et
441 5091 670 5161 plangit,
711 5090 828 5143 haec
882 5087 1065 5143 omnia
1113 5101 1234 5151 nos,
1292 5085 1365 5140 ita
1407 5084 1513 5138 Deo
1534 5083 1772 5146 volente,
1818 5095 1928 5136 non

342 5181 611 5238 videmus.
640 5180 858 5234 Justum
884 5189 958 5234 est
990 5181 1160 5244 enim,
1185 5179 1375 5248 inquit,
1408 5177 1548 5247 apud
1578 5175 1737 5229 Deum
1776 5175 1933 5228 rctri-

342 5274 502 5328 buere
548 5272 952 5327 tribulationem
983 5273 1048 5325 iis
1075 5271 1165 5342 qui
1199 5286 1286 5322 vos
1342 5267 1598 5322 tribulant
1633 5266 1699 5319 “.

417 5361 658 5418 LXXVI.
680 5362 736 5417 Si
767 5362 974 5416 caudex
1008 5361 1218 5416 vetulus
1267 5369 1360 5414 aut
1391 5359 1443 5413 in
1473 5358 1715 5430 planitie,
1753 5367 1845 5412 aut
1878 5355 1931 5410 in

343 5465 533 5512 monte
589 5456 749 5526 aquis
822 5455 1078 5525 irrigatus
1153 5451 1456 5515 revirescit,
1513 5451 1665 5519 quasi
1741 5464 1934 5506 recens

344 5558 523 5615 satus,
583 5563 682 5618 par
724 5556 808 5603 est
838 5561 938 5602 nos
985 5561 1199 5616 quoque
1249 5545 1422 5600 sancti
1455 5543 1688 5614 Spiritus
1733 5543 1934 5598 virtute

418 5750 467 5782 “
501 5749 646 5806 Psal.
677 5765 752 5814 vt,
781 5751 836 5805 5.
913 5749 957 5780 ⁸⁸
983 5747 1127 5802 Psal.
1159 5762 1233 5812 tx,
1267 5743 1353 5798 I7.

348 5821 396 5855 ⁸·
426 5819 571 5876 I’sal.
611 5835 821 5878 xxxvtt.
859 5819 912 5886 7.

1459 5743 1504 5775 ⁵³
1536 5743 1576 5798 II
1612 5741 1804 5797 Thess.
1839 5757 1876 5808 t,
1942 5744 1996 5800 5.

988 5817 1033 5850 ⁸9
1064 5810 1348 5880 Ρειιι.ἰι.ι,
1378 5814 1464 5868 12.
1542 5814 1586 5846 ’⁸
1616 5813 1758 5868 Psal.
1783 5828 1898 5885 cm,
1944 5815 2032 5873 12.
2110 5814 2155 5846 ⁷⁸
2183 5813 2348 5870 Prov.
2386 5825 2535 5880 xxiv,
2569 5810 2658 5867 56.

2033 4647 2192 4688 rosus
2235 4631 2463 4686 bellator
2509 4640 2698 4685 contra
2734 4630 3074 4684 adversarios
3129 4628 3315 4698 plagas
3356 4627 3616 4696 suscipis,

2033 4737 2128 4793 per
2155 4737 2288 4792 quas
2320 4721 2498 4792 potius
2552 4719 2882 4784 laudaberis,
2935 4721 3060 4787 quia
3117 4733 3293 4788 neque
3318 4733 3616 4789 percussus

2030 4816 2222 4872 cedere
2254 4824 2349 4869 aut
2379 4814 2609 4869 deficere
2651 4812 2992 4868 sustinueris.
3046 4812 3197 4879 Quod
3239 4812 3284 4866 si
3323 4810 3614 4866 monacho-

2033 4924 2148 4962 rum
2180 4907 2422 4963 ordinem
2470 4904 2796 4969 deserueris,
2833 4905 2897 4959 de
2932 4904 3143 4974 reliquo
3196 4904 3249 4958 in
3299 4913 3450 4974 tergo
3493 4903 3613 4957 vul-

2032 4999 2264 5065 neraris,
2323 5007 2381 5050 ut
2433 4995 2712 5064 fugitivus,
2795 5003 2854 5049 ut
2910 4997 3170 5058 tumidus,
3224 5003 3283 5047 ut
3359 4994 3612 5048 ordinum

2041 5092 2308 5151 desertor,
2334 5096 2393 5142 ut
2424 5087 2513 5156 qui
2545 5087 2845 5155 intrepidus
2869 5101 3128 5156 apparere
3156 5101 3260 5138 non
3290 5083 3470 5140 audet.

2113 5178 2350 5236 LXXXI.
2395 5178 2626 5234 Gravius
2673 5187 2756 5231 est
2799 5178 3112 5246 desperare,
3153 5191 3311 5245 quam
3363 5189 3610 5244 peccare.

2033 5268 2203 5326 Judas
2235 5271 2477 5338 proditor
2506 5267 2866 5340 pusillanimis
2889 5275 3028 5331 erat,
3061 5277 3115 5320 et
3139 5265 3263 5320 belli
3295 5265 3550 5320 indoctus
3595 5282 3610 5320 :

2036 5377 2204 5433 quare
2273 5363 2648 5430 desperantem
2706 5359 2984 5412 insecutus
3034 5355 3284 5411 inimicus
3324 5356 3617 5426 suspendio

2035 5452 2292 5506 admovit.
2321 5451 2418 5505 Ast
2449 5449 2665 5515 Petrus,
2691 5448 2844 5502 firma
2870 5445 2957 5501 illa
2989 5453 3164 5516 petra,
3203 5443 3452 5499 horribili
3486 5458 3616 5498 casu

2037 5541 2346 5610 depressus,
2381 5556 2487 5596 non
2519 5537 2740 5594 deflexit
2775 5553 2804 5592 a
2859 5535 3093 5599 tramite,
3123 5548 3223 5589 nec
3247 5534 3418 5589 fracto
3438 5531 3620 5588 animo

2098 5742 2146 5774 "
2172 5741 2272 5798 lsa.
2309 5757 2455 5806 xux,
2488 5739 2575 5794 t8.
2652 5740 2696 5772 “
2731 5738 2862 5797 Luc.
2895 5754 2933 5806 ι,
2958 5737 3048 5798 55.
3139 5736 3182 5770 "
3211 5735 3356 5795 Psal.
3397 5751 3528 5806 nu,
3557 5735 3614 5794 3.

2652 5740 2696 5772 ⁸⁸
2731 5738 2862 5797 Luc.
2895 5754 2933 5808 ι,
2958 5737 3048 5798 55.
