4048 6424
484 363 586 427 8C7

1705 362 1836 420 JOA
1847 360 1891 421 Ν
1900 362 2026 421 NIS
2063 362 2473 422 CAIII‘ATIIII

3651 369 3757 435 808

484 474 827 545 desperavit:
875 471 969 528 sed
1019 471 1235 527 sustulit
1287 489 1365 538 se,
1423 481 1477 527 et
1524 490 1554 528 c
1616 477 1777 530 corde
1841 477 2074 530 contrito
2103 481 2146 536 A
2177 478 2406 546 populus
2447 492 2621 545 meus,
2663 479 2947 549 ingredere
2988 479 3040 533 in
3074 480 3368 550 penetrale,
3402 493 3495 537 seu
3532 482 3758 539 cubicu-

484 564 852 619 amarissimas
892 561 1160 632 lacrymas
1205 563 1423 626 obtulit,
1449 562 1686 633 ipsisque
1726 574 1787 619 ut
1828 566 2058 620 Ilatumis

486 653 852 724 rapidissimis
880 654 1065 709 oculos
1114 656 1366 709 ardentes
1397 655 1622 721 habens,
1655 656 1860 711 resiluit
1906 657 2060 727 longe

482 743 711 814 fugiens,
737 754 791 797 et
823 745 1016 799 acerbe
1043 744 1273 811 ejulans.

550 832 811 887 LXXXII.
839 833 1113 888 Adversus
1165 835 1277 888 hare
1327 835 1429 888 tria
1482 837 1819 906 potissimum
1871 851 2060 891 mona-

484 925 618 979 chus
677 925 874 980 bellum
945 941 1131 996 gerere
1200 926 1358 980 debet
1433 927 1811 997 implacabile,
1873 943 2064 998 nempe

479 1016 742 1070 adversus
775 1016 1024 1070 insanum
1064 1017 1264 1070 ventris
1294 1026 1346 1070 et
1403 1018 1539 1087 gulae
1573 1021 1830 1083 studium,
1872 1021 2064 1073 adver-

480 1123 573 1162 sus
625 1124 817 1162 vanam
851 1119 905 1162 et
936 1109 1176 1162 inutilem
1211 1108 1461 1178 gloriam,
1489 1120 1545 1166 et
1589 1113 1848 1167 adversus
1885 1112 2064 1166 avari-

482 1202 634 1262 tiam,
663 1217 783 1270 qutn
815 1211 894 1255 est
926 1201 1187 1255 idolorum
1209 1201 1465 1258 servitus.

551 1289 833 1344 LXXXIII.
885 1291 1112 1358 Quidam
1151 1289 1515 1347 Israelitarum
1556 1308 1648 1350 rex
1677 1293 2057 1366 Troglodytas,

478 1383 721 1450 aliosque
785 1382 1045 1436 barbaros
1127 1383 1372 1452 psalmis,
1441 1385 1676 1456 hymnis,
1737 1388 2059 1454 caeterisque

477 1473 704 1529 canticis
752 1473 1159 1544 spiritualibus,
1213 1475 1263 1528 in
1321 1477 1661 1531 sermonibus
1709 1486 1763 1530 et
1837 1477 2060 1546 organis

477 1564 752 1620 Davidicis
795 1565 1100 1621 debellavit.
1149 1565 1326 1621 Ilahes
1365 1577 1420 1621 et
1453 1575 1507 1620 tu
1542 1566 1802 1622 barbaros
1831 1568 2058 1637 Troglo-

476 1660 658 1728 dytas,
724 1658 1001 1712 daemonas
1033 1659 1310 1722 nimirum,
1353 1674 1542 1714 sensus
1589 1669 1644 1713 et
1677 1660 1918 1714 metnhra
1968 1671 2053 1713 tua

477 1749 775 1802 subeuntes
806 1762 1136 1816 carnemque
1156 1763 1251 1818 per
1286 1750 1634 1804 tentationem
1656 1750 1947 1820 agitantes,
1999 1760 2050 1804 et

477 1854 572 1908 per
617 1839 957 1895 titillationes
1020 1838 1226 1894 fumum
1260 1841 1577 1903 excitantes,
1602 1837 1967 1911 facientesque
2001 1853 2052 1896 te

478 1946 582 1986 non
654 1932 859 2002 absque
914 1931 1106 1987 aﬂ‘ectu
1167 1934 1408 1998 odorari,
1479 1936 1686 1998 audire,
1749 1945 1807 1989 et
1867 1937 2052 1992 oculos

477 2023 733 2078 adulterii
791 2023 978 2092 plenos
1017 2025 1240 2091 habere,
1273 2036 1326 2080 et
1364 2025 1686 2097 Babylonica
1732 2025 2051 2081 confusione

476 2116 620 2170 intus
677 2124 943 2186 extraque
1005 2116 1284 2182 confundi,
1339 2127 1394 2172 et
1469 2119 1630 2172 verba
1695 2119 2049 2174 immoderata

473 2206 818 2274 profundere.
876 2206 1017 2278 Ergo
1083 2217 1137 2262 tu
1185 2207 1436 2263 similiter
1501 2207 1858 2280 Troglodytas
1917 2210 2050 2266 istos

473 2297 736 2351 malarum
776 2298 828 2352 in
862 2307 913 2351 te
959 2313 1138 2352 rerum
1183 2298 1438 2366 artiﬁces,
1478 2307 1536 2352 ut
1589 2301 1692 2354 fide
1729 2315 1943 2371 magna,
1994 2310 2050 2355 et

472 2387 717 2455 psalmis,
744 2397 798 2440 et
844 2387 1078 2458 hymnis,
1121 2395 1177 2443 et
1202 2389 1431 2443 canticis
1465 2389 1836 2458 spiritualibus
1867 2388 2051 2445 fundi~

476 2489 559 2531 tus
584 2478 930 2542 extermines,
958 2493 1144 2533 curam
1175 2488 1230 2534 et
1257 2494 1476 2548 operam
1511 2482 1780 2548 impende.

543 2566 826 2623 LXXXIV.
874 2569 1339 2635 Quemadmodum
1375 2571 1516 2625 Deus
1557 2571 1828 2626 hominem
1875 2572 2050 2628 homi-

472 2659 559 2712 nis
591 2675 751 2728 opera
779 2659 1010 2726 salvari,
1056 2662 1125 2715 ita
1172 2660 1405 2716 Satanas
1431 2663 1704 2717 hominem
1753 2678 1846 2734 per
1879 2664 2051 2718 homi-

473 2769 595 2807 nem
648 2754 796 2822 perdi
874 2755 1004 2808 vult.
1055 2754 1318 2821 Quocirca
1361 2771 1429 2810 ne
1493 2754 1837 2811 familiariter
1894 2766 2050 2812 utare

472 2847 688 2899 homine
709 2855 1078 2914 contemptore
1102 2846 1350 2913 aliorum,
1371 2857 1606 2911 versuto,
1630 2857 1684 2899 et
1712 2845 1957 2916 loquace,
1982 2863 2049 2904 ne

470 2951 592 2989 cum
626 2935 714 2989 illo
753 2935 804 2988 in
843 2937 1162 3004 supplicium
1210 2937 1374 2991 abeas
1407 2955 1418 2990 :
1455 2937 1542 2990 vix
1585 2936 1729 2991 enim
1760 2937 1880 3006 quis
1924 2953 2047 2992 cum

463 3033 612 3096 justo
643 3042 884 3089 versans,
901 3027 1128 3081 salutem
1151 3029 1522 3095 consequitur.
1551 3027 1700 3094 Quod
1725 3028 1768 3083 si
1795 3030 2046 3099 cuiquam

469 3132 592 3172 eum
644 3117 890 3186 improbo
948 3118 1280 3174 consuetudo
1338 3119 1724 3187 intercesserit,
1777 3136 1877 3176 nec
1943 3121 2117 3209 sibic

472 3216 725 3277 tanquam
750 3227 780 3261 κ
811 3221 960 3279 peste
991 3211 1206 3278 etlepra
1228 3212 1433 3265 caverit
1462 3231 1473 3266 :
1511 3209 1669 3266 facile
1700 3211 2042 3282 naufragium

471 3293 729 3348 inveniet.
770 3294 903 3360 Quis
939 3312 1100 3366 porro
1133 3299 1454 3352 misereatur
1489 3301 1666 3354 amice
1717 3312 1770 3355 et
1805 3301 2048 3356 hilariter

469 3383 740 3437 versantis
765 3399 886 3437 cum
917 3386 1186 3440 dracone?
1235 3385 1380 3456 Fuge
1412 3387 1572 3457 igitur
1610 3387 1806 3456 lingua:
1836 3389 2047 3444 utenda:

474 3473 779 3542 imperitos,
808 3483 861 3526 et
885 3476 1292 3529 contentionum
1321 3487 1592 3543 auctores,
1623 3479 1970 3548 externisque
1993 3488 2048 3534 et

471 3566 704 3618 internis
733 3566 992 3620 membris
1015 3565 1301 3635 inquietos.

533 3653 795 3710 LXXXV.
847 3657 977 3723 Quis
1005 3660 1221 3726 sapiens
1259 3667 1314 3714 et
1365 3658 1688 3729 intelligens,
1733 3671 1789 3717 et
1831 3663 2038 3718 amicus

474 3744 566 3800 Dei
598 3747 862 3816 appellari
903 3749 1148 3818 cupiens,
1219 3759 1277 3804 ut
1320 3752 1556 3806 animam
1618 3768 1769 3808 suam
1828 3753 2044 3808 Christo

467 3837 725 3892 exhibere
779 3839 993 3894 studeat
1042 3841 1223 3907 talem,
1279 3841 1494 3910 qualem
1549 3843 1616 3898 ab
1675 3843 1765 3899 illo
1811 3846 2040 3914 accepit,

467 3943 658 3996 puram
705 3928 976 3994 videlicet,
1022 3930 1140 3984 sine
1175 3931 1415 3998 vulnere,
1457 3942 1511 3987 et
1564 3943 1729 3988 tutam
1779 3933 1894 3989 sine
1928 3950 2044 3989 ma-

465 4021 604 4087 cula,
636 4034 798 4094 atque
843 4024 1047 4080 idcirco
1073 4025 1124 4080 in
1166 4027 1475 4085 ctelestibus
1523 4040 1835 4096 coronetur,
1885 4041 1940 4088 et
1971 4033 2040 4088 ab

463 4115 674 4184 angelis
704 4117 894 4170 beatus
922 4117 1292 4186 praedicetur?

537 4204 824 4261 LXXXVI.
854 4206 1028 4261 Unum
1065 4208 1288 4264 verbum
1326 4211 1524 4266 bonum
1561 4213 1849 4269 scelestum
1889 4213 2038 4268 illum

464 4293 727 4352 latronem
784 4297 839 4353 in
898 4297 1136 4354 divinum
1189 4303 1500 4370 paradisum
1565 4305 1908 4359 introduxit:
1985 4314 2040 4359 et

463 4404 628 4443 unum
660 4390 880 4443 verbum
925 4389 1180 4446 indecens
1219 4404 1406 4447 sancto
1449 4392 1617 4461 Moysi
1662 4403 1861 4447 terram
1907 4409 2034 4462 pro-

2169 570 2277 623 Ium
2313 571 2496 624 cordis
2528 571 2626 636 tui,
2670 572 2818 626 omni
2852 588 3031 627 rerum
3064 573 3399 628 sensibilium
3431 575 3749 642 cOgitatioui

2167 659 2436 714 occultqu
2503 669 2558 715 et
2614 661 3014 726 absconditum,
3067 662 3362 731 imaginum
3422 664 3745 720 simulacro-

2169 763 2371 803 rumve
2419 764 2612 816 expers
2655 749 3044 816 habitaculum,
3109 751 3323 821 apathia
3360 759 3415 806 et
3452 752 3753 807 obumbra-

2167 831 2313 885 tione
2372 833 2612 887 ccelestis
2669 834 2856 904 gratia:
2915 833 3228 902 fulgidum:
3284 835 3488 889 claudit
3543 837 3746 890 ostium

2164 924 2416 979 omnibus
2470 925 2913 993 aspectabilibus,
2995 927 3294 996 paululum,
3361 937 3417 982 et
3477 930 3745 983 tantillum

2166 1015 2524 1082 abscondere,
2574 1015 2754 1072 brevis
2802 1025 2883 1071 est
2928 1018 3072 1071 enim
3111 1019 3232 1072 vita:
3276 1020 3524 1072 humana:
3550 1035 3747 1075 cursus

2165 1109 2454 1164 universus
2486 1128 2500 1164 :
2533 1126 2598 1166 ac
2632 1121 2742 1166 tum
2780 1111 2970 1179 dicito,
3005 1112 3180 1167 Donec
3211 1122 3546 1182 pertranseat
3592 1117 3748 1182 [urar

2166 1210 2286 1254 tuus
2340 1202 2434 1256 "z
2487 1203 2757 1272 quomodo
2807 1203 2943 1258 alius
3001 1205 3231 1270 dicebat,
3284 1205 3459 1260 Donec
3507 1216 3749 1263 transeat

2163 1293 2438 1361 iniquitas.
2544 1288 2676 1345 Nam
2762 1293 3010 1350 fortassis
3056 1306 3277 1365 prapter
3341 1297 3476 1351 iram
3528 1296 3745 1354 Domini

2164 1385 2434 1440 daemones
2489 1385 2556 1439 ad
2612 1387 2838 1441 vitiosas
2888 1386 3202 1444 aﬂectiones
3259 1400 3312 1444 et
3365 1404 3583 1460 peccata
3640 1409 3742 1449 nos

2164 1473 2402 1538 irritant,
2442 1476 2892 1546 quemadmodum
2925 1476 3094 1532 Isaias
3124 1479 3289 1533 Deum
3322 1481 3601 1552 alloquens
3629 1484 3741 1550 ait,

2163 1564 2299 1618 Ecce
2328 1577 2382 1618 tu
2402 1567 2576 1621 iratus
2598 1584 2670 1632 es,
2710 1579 2757 1622 et
2791 1570 3119 1636 peccavimus
3152 1571 3219 1624 τι.
3255 1570 3407 1628 Hanc
3437 1573 3573 1628 iram
3602 1575 3743 1630 cﬂ'u—

2163 1657 2261 1725 git,
2295 1657 2383 1724 qui
2414 1659 2758 1712 continenter
2792 1657 2844 1712 in
2870 1659 3031 1714 corde
3052 1675 3147 1714 suo
3178 1663 3402 1730 pacibus
3427 1663 3745 1722 factitandis

2163 1745 2446 1811 incumbit,
2500 1756 2556 1801 et
2596 1747 2740 1801 intra
2788 1749 2945 1820 adyta
2994 1765 3053 1804 se
3095 1759 3280 1806 tenere
3340 1759 3635 1811 contendit.
3674 1758 3743 1812 Et

2084 1817 2126 1870 Β
2155 1836 2326 1900 trahe,
2365 1836 2557 1906 inquit,
2583 1817 2897 1905 sapientiam
2928 1856 3084 1908 super
3109 1841 3320 1896 intima.
3352 1842 3536 1897 Gloria
3565 1847 3737 1913 enim,

2155 1927 2352 1996 inquit,
2402 1929 2530 1996 ﬁlia:
2561 1932 2694 2000 regis
2759 1931 2822 1984 ab
2873 1931 3015 1984 intus
3064 1933 3130 1987 ".
3162 1930 3373 1989 Laboro
3431 1943 3608 1989 autem
3638 1952 3740 2006 ego

2154 2035 2324 2088 usque
2362 2021 2428 2075 ad
2459 2021 2778 2076 latissimum
2801 2064 2817 2089 ,
2852 2022 3023 2078 donec
3051 2023 3245 2078 intrem
3281 2026 3335 2078 in
3373 2029 3741 2082 sanctuariunt

2155 2110 2251 2164 Dei
2276 2111 2324 2142 "
2355 2128 2375 2167 :
2413 2121 2464 2166 et
2499 2114 2553 2165 in
2587 2123 2816 2168 montem
2878 2115 3228 2181 hwreditatis,
3280 2117 3470 2187 inquit,
3506 2120 3576 2172 ad
3600 2136 3742 2189 prta-

2150 2212 2397 2270 paratum
2439 2203 2800 2259 habitaculum
2853 2215 3036 2271 tuum,
3079 2205 3219 2276 quod
3248 2211 3580 2276 prwparasti,
3625 2210 3741 2266 Do-

2154 2296 2310 2351 mine.

2235 2381 2560 2437 LXXXVIII.
2595 2383 2694 2450 Qui
2725 2398 2790 2439 ex
2821 2385 3004 2440 animo
3045 2385 3206 2443 rebus
3235 2389 3454 2446 caducis
3488 2394 3737 2448 nuntium

2153 2473 2368 2528 mittere
2409 2473 2542 2539 vult,
2576 2473 2792 2528 beatqu
2827 2475 3078 2531 Elisazum
3121 2480 3439 2549 prophetam
3472 2481 3740 2552 imitetur,

2150 2565 2243 2632 qui
2301 2565 2468 2619 multo
2511 2575 2568 2620 et
2607 2566 2816 2622 ardenti
2855 2582 2983 2637 erga
3033 2565 3200 2624 Deum
3252 2587 3437 2627 amore
3473 2573 3735 2644 ﬂagrans.

2152 2654 2290 2708 nihil
2344 2654 2444 2709 sibi
2481 2655 2719 2725 reliquit.
2771 2655 2961 2712 Omnia
3008 2658 3169 2730 igitur
3209 2677 3329 2730 qua:
3377 2665 3623 2733 possides
3675 2666 3734 2720 in

2151 2762 2418 2818 pauperes
2457 2757 2510 2801 et
2545 2748 2842 2804 monachos
2881 2749 3192 2817 dispertire.
3217 2754 3392 2823 Atque
3419 2754 3490 2808 ita
3527 2755 3731 2812 Christi

2151 2853 2320 2895 cruce
2369 2839 2596 2902 sublata.
2653 2840 2925 2896 voluntate
2971 2857 3035 2896 ae
3079 2845 3354 2914 proposito
3382 2848 3450 2902 ad
3494 2861 3727 2906 mortem

2151 2929 2508 2981 voluntariam
2545 2929 2762 2997 festina,
2807 2945 2928 3003 qua
2965 2932 3060 2988 tibi
3098 2935 3261 2990 vitam
3305 2947 3563 2992 aeternam
3599 2957 3726 2996 con-

2150 3018 2314 3073 ciliet.

2223 3107 2506 3164 LXXXIX.
2530 3108 2664 3165 Cum
2705 3111 3077 3166 Amorrhmum
3119 3114 3170 3168 in
3209 3124 3260 3170 te
3291 3116 3464 3173 instar
3495 3134 3725 3188 quercus

2151 3201 2494 3257 convaluisse
2515 3204 2775 3267 senseris,
2801 3201 2969 3258 Deum
2995 3204 3332 3275 jugiterora,
3363 3209 3438 3261 uti
3465 3208 3724 3262 aret'aciat

2149 3289 2385 3344 fructum
2414 3291 2529 3358 ejus
2560 3293 2790 3360 desuper
2823 3310 2838 3346 :
2874 3292 2976 3348 hoc
3004 3304 3107 3357 est,
3140 3306 3418 3364 peccatum
3451 3298 3501 3350 in
3537 3314 3702 3367 opere

2147 3388 2202 3434 et
2255 3381 2464 3435 radices
2505 3379 2666 3445 infra,
2713 3380 2763 3434 id
2806 3391 2909 3445 est,
2955 3381 3192 3450 impuras
3237 3383 3590 3452 cogitationes
3622 3398 3640 3440 ε
3670 3395 3723 3440 et

2147 3481 2206 3524 ut
2234 3470 2604 3526 Amorrbteum
2645 3473 2974 3527 exterminet
3011 3489 3042 3528 a
3075 3472 3215 3528 facie
3247 3484 3356 3529 tua.

2217 3562 2328 3618 XC.
2381 3562 2563 3617 Mirari
2610 3579 2715 3618 non
2748 3565 2980 3629 debetis,
3011 3567 3056 3621 si
3101 3566 3328 3621 videatis
3363 3566 3598 3635 quietem
3627 3581 3727 3623 ve—

2143 3664 2312 3710 stram
2353 3654 2540 3708 habcri
2570 3653 2802 3708 ludibrio
2833 3655 2901 3708 ab
2930 3655 3011 3709 his
3046 3657 3136 3725 qui
3172 3655 3271 3725 ipsi
3303 3657 3583 3726 quiescere
3611 3673 3720 3711 non

2145 3752 2396 3812 possunt.
2453 3740 2567 3798 lmo
2624 3743 2802 3814 petitis
2847 3746 3131 3798 adversum
3199 3761 3294 3800 eos
3365 3745 3597 3817 psallite,
3653 3747 3723 3801 de

2149 3834 2354 3889 ultione
2372 3842 2549 3888 tamen
2579 3849 2684 3890 non
2716 3835 2973 3905 cogitate,
3016 3834 3512 3906 subiectionemque
3551 3837 3719 3906 majo-

2143 3941 2254 3982 rem
2283 3942 2407 3996 erga
2435 3927 2604 3981 Deum
2639 3927 2742 3982 illis
2771 3931 3048 3998 Opponite,
3080 3929 3378 3983 clamantes
3410 3930 3460 3983 in
3485 3931 3722 4000 hymnis,

2153 4017 2520 4074 Verumtamen
2544 4019 2652 4073 Deo
2673 4018 2909 4090 subjecta
2936 4031 3045 4075 esto
3070 4021 3248 4075 anima
3278 4038 3392 4076 mea
3427 4020 3494 4074 τ’.
3525 4017 3632 4074 Pro
3661 4036 3724 4076 eo

2141 4125 2196 4167 ut
2228 4130 2308 4168 me
2359 4115 2656 4185 diligerent,
2707 4114 3043 4168 detrahebant
3086 4116 3215 4168 mihi
3253 4115 3298 4147 ⁷⁸
3340 4132 3355 4169 :
3389 4129 3490 4185 ego
3521 4124 3714 4170 autem

2140 4221 2238 4276 pro
2269 4221 2386 4260 mea
2417 4221 2713 4277 eorumque
2741 4207 2973 4261 sanitate
3012 4207 3333 4277 suppliciter
3365 4222 3485 4262 oro.

2211 4295 2344 4351 XCI.
2380 4297 2531 4352 Sicut
2561 4298 2612 4350 in
2643 4298 2801 4362 mari,
2832 4314 2954 4353 eum
2987 4314 3089 4353 nou
3123 4299 3298 4368 spirat
3329 4307 3522 4352 ventus
3551 4299 3722 4354 vehe-

2140 4391 2390 4456 mentior,
2452 4389 2646 4445 IIuctus
2702 4407 2806 4444 nou
2858 4392 3197 4456 attolluntur,
3232 4392 3312 4445 sic
3337 4393 3580 4446 daemone
3610 4407 3717 4446 nou

461 4480 737 4539 missionis
797 4480 1115 4537 interclusit.
1174 4481 1253 4538 Ne
1298 4485 1462 4553 igitur
1533 4483 1726 4554 lingua:
1789 4488 2034 4541 morbum
2067 4489 2427 4550 υρτεεεεηιε,
2465 4480 2960 4546 pcrlurbalionihus
3009 4489 3264 4548 lanquam
3314 4481 3542 4548 procella
3585 4495 3718 4549 qua-

461 4575 920 4628 contenmendum
947 4577 1344 4630 existimemus.
1373 4575 1766 4631 Convitiatores
1789 4577 1936 4631 enim
1984 4587 2038 4634 et

462 4673 747 4734 nugatores
784 4666 884 4720 sibi
932 4666 1062 4735 ipsis
1096 4680 1322 4732 regnum
1367 4663 1629 4718 cmlorum
1680 4666 2034 4734 praecludunt.

459 4755 818 4821 Quasi-obrem
885 4757 966 4809 vir
1015 4755 1294 4824 linguosus
1353 4752 1452 4806 etsi
1492 4751 1580 4806 hic
1619 4754 1904 4825 dirigatur,
1961 4757 2035 4812 ibi

461 4863 566 4901 non
603 4848 907 4916 dirigetur:
939 4847 1068 4914 quin
1099 4845 1277 4915 potius
1305 4843 1755 4914 supplantahitur,
1793 4860 1848 4902 et
1890 4849 2030 4902 mala

458 4939 860 5008 apprehendent
890 4939 1062 5006 ipsum
1115 4937 1166 4988 in
1210 4936 1587 5004 perditionem.
1635 4937 1781 4992 Scite
1827 4939 2027 4994 dictum

457 5044 487 5081 a
517 5031 746 5098 quodam
795 5029 1061 5096 sapiente,
1106 5024 1297 5080 melius
1339 5041 1460 5082 esse
1489 5029 1556 5082 ab
1588 5030 1696 5083 alto
1739 5030 1934 5084 cadere
1973 5030 2026 5084 itt

458 5120 848 5187 pavimentum,
903 5132 1064 5184 quam
1121 5118 1313 5172 cadere
1363 5133 1392 5172 a
1437 5117 1636 5186 lingua.
1683 5119 2026 5176 Credendum

457 5207 863 5279 itaqueJacobo
907 5206 1164 5276 Apostolo
1197 5208 1453 5265 scribenti
1488 5228 1500 5265 :
1530 5208 1612 5264 Sit
1649 5213 1819 5265 omnis
1868 5214 2020 5266 homo

456 5307 602 5353 uelox
629 5299 698 5352 ad
723 5298 1063 5362 audiendum,
1101 5300 1285 5353 tardus
1318 5310 1490 5355 autem
1509 5302 1578 5354 ad
1607 5302 1924 5371 loquendum
1951 5305 2018 5358 ⁷⁸.

527 5386 832 5442 LXXXVII.
862 5385 940 5442 Ne
965 5388 1170 5459 decepti
1203 5405 1233 5444 a
1271 5393 1520 5447 sensibus
1558 5391 1702 5446 circa
1732 5392 2023 5457 vanitates,

458 5481 649 5533 animis
682 5479 973 5545 elevemur,
1007 5481 1220 5550 expedit
1253 5481 1561 5537 auscultare
1581 5480 1819 5536 dicenti:
1852 5479 1999 5538 Vade

2139 4567 2264 4622 dam
2298 4583 2398 4622 nec
2425 4568 2624 4634 anima,
2653 4584 2752 4624 nec
2781 4585 2976 4638 corpus
3007 4581 3246 4624 nostrum
3278 4569 3536 4638 iactatur.

2209 4656 2366 4713 XCII.
2402 4658 2459 4712 Si
2511 4673 2725 4728 semper
2755 4662 3001 4716 oratione
3062 4671 3116 4716 et
3166 4661 3343 4715 divina
3385 4663 3558 4731 gratia
3610 4660 3717 4716 fer-

2137 4749 2342 4815 bueris,
2374 4759 2427 4804 et
2450 4750 2589 4805 stola
2615 4760 2702 4804 tua
2733 4751 2995 4818 caluerit;
3023 4753 3165 4806 dicet
3193 4752 3287 4806 tibi
3313 4751 3620 4821 Scriptura,
3652 4763 3712 4807 ut

2138 4856 2288 4894 arma
2327 4841 2462 4896 lucis
2492 4841 2679 4896 induto
2707 4861 2720 4895 :
2747 4841 2961 4896 Inimici
2993 4849 3141 4898 enim
3190 4843 3268 4896 tui
3289 4845 3422 4896 sicut
3457 4844 3690 4913 diplaide

2135 4927 2443 4998 confusione
2462 4941 2508 4984 et
2533 4941 2731 4986 terrore
2750 4933 2917 5001 operti
2941 4943 3062 4987 sunt
3089 4933 3155 4989 ".

2210 5019 2387 5076 XCIII.
2411 5021 2545 5075 Dum
2582 5031 2927 5092 peccatorum
2964 5032 3180 5079 tuorum
3213 5026 3540 5091 recordaris,
3573 5039 3640 5080 ne
3662 5033 3712 5080 te

2132 5115 2312 5185 pigeat
2336 5124 2526 5185 pectus
2573 5116 2907 5170 verberare:
2951 5126 3009 5170 ut
3041 5117 3212 5187 plagis
3259 5117 3565 5185 hujusmodi
3594 5129 3711 5172 tan-

2131 5218 2294 5276 quam
2324 5204 2552 5273 lapidem
2581 5220 2740 5261 caves
2767 5207 3089 5262 obduratum
3121 5223 3214 5262 cor
3247 5218 3417 5268 tuum.
3456 5209 3708 5263 invento-

2130 5312 2236 5367 que
2292 5312 2446 5361 auro,
2505 5300 2666 5367 quale
2718 5299 3037 5367 publicanus
3095 5300 3186 5354 ille
3256 5299 3467 5366 habuit,
3547 5314 3709 5370 super

2131 5388 2330 5445 divitiis
2347 5387 2576 5444 occultis
2605 5391 2952 5445 vehementer
2980 5393 3237 5461 gaudeas.

2205 5477 2384 5535 XCIV.
2410 5477 2551 5552 Ignis
2580 5496 2799 5552 precum
2831 5483 2898 5537 ad
2934 5481 3122 5548 Deum,
3157 5492 3212 5538 et
3238 5498 3393 5539 saera
3426 5483 3705 5538 meditatio

525 5679 572 5766 ξ
603 5679 718 5766 Jac.
746 5697 786 5747 ι,
819 5682 902 5766 I9:
979 5682 1044 5766 '_'_
1203 5698 1312 5766 χιι,
1356 5683 1444 5739 15.
1521 5681 1568 5717 ⁷⁸
1595 5682 1699 5739 Isa.
1725 5698 1871 5749 thv,
1905 5681 1957 5737 5.
2033 5683 2046 5714 ⁷

2151 5681 2430 5766 εειΙ..ιι.ιν,
2471 5685 2560 5742 II.
2634 5684 2844 5741 "Psal.
2885 5700 3058 5746 Lxxtt.
3093 5685 3177 5742 I7.
3253 5687 3299 5719 "
3326 5684 3451 5743 Psal
3506 5700 3623 5756 ut,
3641 5685 3699 5740 2.

450 5745 500 5807 ,⁷⁸
522 5748 665 5808 Psal.
689 5745 838 5822 cvttt,
875 5754 928 5808 4.
1000 5755 1045 5788 ⁷⁸
1071 5755 1178 5810 ibid
1237 5745 1322 5810 I9.
