4048 6404
369 402 477 467 809

1599 407 1862 467 CAPITA
1899 406 2407 472 HORTATORIA.

3517 407 3621 472 810

372 512 713 583 eioquiorum
745 513 969 582 spiritus
1009 529 1175 586 super
1202 513 1358 571 altari
1393 516 1586 571 anima:
1608 527 1712 570 tuae
1741 532 1952 588 semper
1982 524 2024 578 Α
2054 521 2210 573 cunis
2251 519 2506 589 vagienti.
2542 518 2607 572 Et
2638 517 3000 573 corroborabo
3052 517 3193 572 inter
3235 531 3331 573 vos
3381 533 3616 588 superus

372 603 622 657 ardeant.

443 688 605 746 XCV.
640 689 697 745 Si
723 706 942 762 semper
975 691 1247 748 studueris
1263 693 1495 750 calceari
1531 696 1691 764 pedes
1724 695 1774 748 in
1805 710 1942 764 pra:-

369 780 711 850 parationem
760 781 1039 849 Evangelii
1097 783 1285 852 pacis,
1333 784 1490 852 plane
1534 785 1697 840 etiam
1729 785 1946 839 domum

370 881 540 932 tuam,
569 879 625 924 et
657 871 886 939 proximi
919 871 995 926 tui
1041 873 1356 928 :edilicabis.
1405 873 1501 928 Sin
1531 884 1712 930 autem
1745 876 1946 931 desidia

372 972 425 1016 te
461 963 836 1030 occupaverit,
883 962 1237 1027 dissolvetur,
1290 963 1363 1017 ita
1414 972 1472 1017 ut
1518 979 1622 1019 non
1658 966 1865 1033 videas,
1894 977 1951 1021 et

373 1053 670 1109 secundum
715 1053 889 1124 legem
945 1053 1294 1110 haereditabis
1324 1067 1520 1110 nomen
1556 1056 1810 1113 solventis
1833 1058 1947 1113 cal-

371 1154 712 1198 ceamentum
738 1143 806 1198 “.

405 1233 628 1289 ‘XCVI.
661 1234 739 1290 Ne
767 1233 902 1290 velis
932 1250 1168 1305 unquam
1195 1235 1456 1305 praeferre
1490 1237 1754 1291 monacho
1784 1252 1948 1292 saecu-

373 1325 540 1378 larem
571 1324 861 1379 habentem
909 1339 1131 1378 uxorem
1170 1333 1225 1378 et
1256 1324 1475 1390 liberos,
1530 1326 1850 1395 gaudentem
1883 1329 1949 1383 de

369 1413 727 1467 beneﬁcentia
768 1413 821 1467 in
866 1413 1087 1477 multos,
1130 1414 1307 1486 deque
1346 1415 1662 1472 liberalibus
1710 1417 1947 1474 eleemo-

369 1503 548 1574 synis,
581 1505 754 1573 deque
796 1505 1208 1571 tentationibus,
1245 1519 1381 1574 quas
1406 1519 1436 1559 a
1459 1505 1793 1567 daemonibus
1823 1511 1947 1562 nul-

369 1595 453 1650 las
531 1595 820 1664 patiatur,
881 1596 1115 1665 teipsum
1185 1596 1276 1653 illo
1325 1597 1501 1652 minus
1558 1596 1667 1654 Deo
1735 1597 1947 1666 placere

367 1686 714 1740 existimans.
767 1682 846 1739 Ne
877 1685 1106 1754 teipsum
1136 1686 1452 1752 lamentare,
1501 1687 1655 1756 quasi
1695 1687 1805 1757 jam
1848 1703 1944 1758 pe-

368 1767 550 1831 rieris.
601 1775 718 1831 Non
774 1789 874 1844 ego
917 1775 1040 1831 dico
1079 1786 1133 1830 te
1168 1777 1312 1832 inter
1362 1778 1658 1833 monachos
1692 1793 1945 1849 perseve-

369 1868 542 1921 rando
600 1867 766 1921 vitam
817 1866 948 1921 nulli
1009 1868 1419 1938 reprehensioni
1463 1870 1674 1923 amnem
1723 1870 1942 1938 vivere;
1981 1861 2021 1918 Β

367 1959 463 2012 sed
490 1957 741 2027 quamvis
786 1971 1014 2028 magnus
1047 1967 1302 2027 peccator
1344 1959 1442 2024 sis,
1479 1971 1719 2014 aerumna
1751 1961 1949 2015 animae

369 2057 499 2114 tuae,
543 2059 600 2103 et
642 2046 924 2104 aﬂlictatio
952 2049 1302 2118 quantumvis
1340 2049 1557 2120 egregia
1592 2051 1794 2104 virtute
1825 2052 1948 2106 vitae

371 2142 657 2197 sacularis
690 2141 832 2211 apud
874 2142 1040 2196 Deum
1081 2130 1200 2211 plus
1235 2141 1372 2196 valet
1405 2158 1420 2194 :
1457 2142 1668 2212 ingens,
1705 2142 1946 2211 inquam,

372 2235 597 2290 tristitia
632 2242 746 2299 tua,
787 2233 960 2287 animi
1001 2232 1251 2300 dejectio,
1298 2234 1553 2303 gemitus,
1588 2244 1644 2288 et
1672 2249 1842 2304 angor
1870 2235 1950 2288 iu-

370 2326 669 2388 credibilis.
702 2326 977 2396 lacrymm,
1014 2326 1362 2381 conscientiae
1405 2326 1631 2392 stimuli,
1657 2327 1947 2396 cogitatio-

373 2438 503 2475 num
539 2420 823 2489 angustiae,
859 2421 1060 2474 mentis
1094 2421 1388 2485 accusatio,
1437 2419 1683 2489 planctus
1709 2429 1761 2473 et
1792 2419 1949 2475 [lctus

376 2514 568 2579 animi,
601 2512 783 2567 cordis
829 2511 1081 2580 eiulatus,
1133 2511 1410 2576 contritio,
1468 2509 1733 2574 confusio,
1776 2511 1946 2577 labor,

377 2605 616 2668 miseria,
643 2613 1004 2672 contemptus.
1035 2602 1160 2657 Haac
1185 2593 1392 2666 omnia,
1421 2614 1473 2656 et
1505 2603 1692 2656 horutn
1726 2603 1946 2667 similia,

375 2711 497 2763 qua:
533 2695 586 2748 in
636 2694 869 2749 ferream
909 2693 1268 2747 tentationum
1310 2692 1582 2747 fornacem
1624 2693 1801 2748 missis
1835 2692 1946 2747 fre-

375 2795 608 2856 quenter
644 2785 906 2838 eveniunt
943 2769 1025 2844 ἰι.
1089 2784 1471 2852 prazstantiora
1535 2792 1589 2838 et
1638 2786 1948 2854 acceptiora

373 2885 500 2930 sunt
541 2876 729 2929 multis
757 2875 1023 2943 partibus,
1069 2888 1229 2942 quam
1264 2874 1494 2927 hominis
1525 2877 1775 2929 mundani
1807 2879 1946 2932 bona

371 2983 561 3037 opera.
613 2968 757 3022 Cave
791 2966 954 3036 igitur
1000 2980 1067 3019 ne
1109 2965 1465 3034 querimoniae
1496 2965 1637 3019 illius
1665 2968 1739 3019 sis
1779 2969 1948 3035 parti-

370 3075 523 3129 ceps,
562 3074 665 3128 qua
715 3059 915 3112 dicitur
967 3058 1017 3110 in
1067 3071 1224 3111 sacra
1271 3055 1574 3125 Scriptura,
1615 3058 1668 3111 in
1717 3074 1946 3127 persona

375 3163 462 3204 tua
504 3169 519 3206 :
558 3149 698 3215 Quid
733 3148 880 3203 nobis
911 3149 1136 3218 profuit,
1168 3149 1306 3218 quod
1347 3148 1522 3202 tristes
1564 3149 1944 3204 ambuiuvimus
1974 3201 2015 3223 η

372 3253 494 3296 ante
527 3242 716 3312 {aciem
750 3240 965 3293 Domini
998 3241 1364 3309 omnipotentis
1392 3241 1461 3307 ⁸¹,
1485 3250 1540 3296 et
1570 3242 1622 3295 iu
1647 3243 1803 3295 domo
1831 3243 1946 3311 ejus

376 3337 674 3389 mansimus
698 3334 950 3404 semper?
967 3334 1185 3388 Certum
1205 3343 1284 3386 est
1302 3334 1443 3387 enim
1468 3348 1680 3387 servum
1707 3347 1942 3398 onmem,

375 3427 624 3494 quamvis
657 3424 1031 3493 patrifamilias
1063 3423 1410 3488 familiarem,
1453 3424 1745 3493 aliquando
1781 3425 1945 3478 etiam

377 3519 548 3588 plagis
598 3518 759 3580 allici,
827 3527 881 3569 et
939 3532 1148 3586 pugnos
1199 3517 1369 3586 iugeri
1413 3515 1609 3582 populo
1659 3516 1950 3585 appropin-

377 3609 566 3676 quanti
598 3610 701 3664 sibi
729 3609 796 3663 ³⁸.
850 3607 949 3673 Qui
998 3618 1175 3661 autem
1227 3607 1360 3661 foris
1390 3615 1535 3670 sunt,
1569 3606 1802 3676 quandiu
1829 3621 1952 3676 pro-

375 3702 463 3754 cui
498 3717 527 3754 a
561 3700 732 3771 plagis
772 3709 922 3762 sunt,
965 3711 1018 3752 ut
1070 3698 1257 3762 alieni,
1299 3708 1393 3751 aut
1440 3698 1614 3761 noxhi,
1647 3709 1738 3751 aut
1770 3699 1950 3768 negle-

377 3793 447 3844 cti
489 3800 832 3858 reputantur.
855 3788 1023 3854 Quem
1052 3803 1182 3857 ergo
1211 3787 1442 3842 fructum
1471 3787 1731 3856 cepimus,
1757 3789 1950 3857 inquit,

378 3897 477 3937 nos
517 3881 959 3936 tribulationibus
1002 3879 1205 3935 subditi
1257 3881 1437 3934 anima
1485 3889 1541 3933 et
1579 3893 1824 3947 corpore,
1861 3878 1953 3947 qui

376 3984 636 4045 perpetuo
682 3987 908 4028 oramus
958 3981 1012 4026 et
1062 3971 1376 4040 psallimus?
1431 3969 1653 4035 Contra,
1707 3969 1799 4038 qui
1855 3985 1955 4024 nec

377 4065 718 4133 precationes
757 4062 1129 4131 frequentant,
1165 4074 1266 4114 uec
1293 4058 1491 4129 vigiliis
1520 4059 1756 4124 gaudent
1784 4067 1837 4112 et
1860 4057 1953 4112 lae-

380 4167 586 4221 tantur,
631 4155 688 4209 hi
741 4163 1166 4224 prosperantur,
1214 4151 1459 4206 hilariter
1487 4150 1653 4203 vitam
1685 4149 1950 4218 exigunt:

376 4257 538 4316 atque
579 4255 636 4300 ut
687 4246 946 4312 ompheta
985 4247 1103 4298 ait:
1155 4242 1289 4296 Ecce
1337 4243 1522 4295 domus
1555 4241 1740 4294 aliena:
1781 4242 1953 4308 wdiﬁ-

339 4349 587 4413 .cantur,
621 4347 671 4390 et
725 4353 819 4389 nos
864 4334 1041 4389 bealos
1095 4335 1320 4387 dicimus
1363 4333 1563 4387 alienos
1597 4333 1662 4387 ⁸⁸.
1719 4331 1785 4386 Ει
1830 4347 1952 4387 mox

375 4431 698 4498 sebjungit:
749 4426 875 4482 llzec
930 4427 1094 4483 locuti
1144 4435 1304 4492 sunt,
1356 4427 1598 4480 timentes
1645 4424 1949 4490 Dominum,

2052 609 2251 664 virtute
2292 611 2383 680 qui
2441 610 2494 664 in
2529 609 2666 665 bello
2715 608 2976 664 debilitati
3015 608 3343 674 fuerant;et
3373 611 3614 666 reﬁciam

2049 712 2143 755 vos
2169 699 2468 765 dulcedine,
2512 699 2601 770 qui
2656 698 2841 769 repleti
2897 699 3076 753 fuistis
3125 701 3505 767 amaritudine,
3555 712 3619 757 ut

2049 789 2193 844 aitln
2209 789 2442 846 Threnis
2471 790 2737 846 .leremias
2757 790 2824 844 de
2867 799 2938 856 te,
2961 789 3281 855 Jerusalem,
3309 792 3361 846 iu
3380 792 3615 847 occulto.

2047 878 2184 935 Nam
2218 892 2272 935 tu
2302 897 2514 952 quoque
2546 897 2790 951 oppressa
2815 897 2867 935 es
2907 881 3262 936 amaritudine
3297 883 3366 936 ".
3390 881 3492 938 Sed
3521 884 3617 936 ite-

2049 987 2163 1024 rum
2197 973 2378 1025 videbo
2437 990 2558 1038 vos,
2604 982 2653 1026 et
2677 971 2920 1042 gaudebit
2952 989 3042 1027 cor
3071 984 3296 1026 vestrum
3318 973 3364 1006 ⁸⁸
3394 989 3489 1042 per
3521 989 3619 1029 oc-

2046 1061 2246 1116 cultam
2281 1062 2738 1126 visitationem,et
2770 1062 3046 1118 tribulatio
3070 1073 3250 1118 vestra
3286 1063 3337 1117 in
3365 1063 3616 1134 gaudium

2048 1162 2428 1220 convertetur,
2483 1164 2538 1210 et
2595 1156 2851 1227 gaudium
2896 1165 3134 1212 vestrum
3185 1173 3346 1213 nemo
3403 1157 3620 1213 aulerre

2049 1244 2266 1312 poterit.

2120 1331 2320 1387 XCVII.
2354 1332 2432 1387 Ne
2475 1334 2638 1402 igitur
2667 1335 2850 1390 oculos
2890 1334 3229 1402 claudamus,
3276 1350 3410 1390 neve
3443 1351 3619 1390 caecu-

2049 1423 2269 1490 tiamus,
2321 1424 2607 1479 saeculares
2655 1440 2816 1494 supra
2866 1440 2962 1480 nos
3017 1426 3266 1480 laudibus
3304 1424 3616 1480 cderentes.

2049 1511 2155 1566 Sed
2232 1513 2467 1568 scientes
2511 1513 2800 1570 discrimen
2857 1515 3084 1570 ﬁliorum
3139 1515 3496 1585 legitimorum
3557 1531 3622 1571 ac

2047 1603 2376 1670 spnriorum,
2431 1605 2688 1658 usitatam
2738 1606 3016 1660 monachis
3063 1604 3407 1661 aﬂlictiouem
3452 1616 3506 1661 et
3535 1607 3616 1660 la-

2047 1692 2231 1748 borem
2278 1696 2457 1762 potius
2506 1696 2917 1765 amplectamur,
2973 1696 3125 1766 cujus
3180 1698 3304 1751 tluis
3345 1699 3396 1752 iu
3450 1699 3616 1752 vitam

2049 1795 2305 1838 aeternam
2358 1787 2588 1852 desinit;
2640 1797 2695 1841 et
2731 1788 3234 1843 immarcescibilem
3290 1789 3473 1858 glorize
3528 1790 3620 1843 Dei

2051 1892 2303 1931 coronam
2358 1880 2696 1933 attrahamus
2725 1881 2794 1942 ⁸³,
2860 1891 3162 1934 ascetarum
3207 1882 3367 1936 etiam
3417 1883 3506 1951 qui
3539 1883 3620 1934 vi-

2050 1969 2243 2022 dentur
2290 1981 2625 2039 peccatores,
2678 1986 2743 2024 ne
2786 1971 3054 2040 iustorum
3083 1971 3295 2027 labores
3327 1973 3527 2037 dicam,
3566 1984 3623 2028 et

2049 2058 2313 2126 abjectum
2352 2074 2471 2114 esse
2517 2059 2569 2113 in
2618 2062 2774 2115 domo
2815 2060 2927 2126 Dei,
2963 2061 3014 2113 id
3045 2071 3148 2127 est,
3181 2061 3232 2116 in
3266 2064 3458 2116 ordine
3488 2080 3623 2116 con-

2051 2149 2287 2202 tinenter
2332 2149 2550 2205 Christo
2597 2151 2953 2204 servientium
2989 2166 3002 2202 :
3047 2163 3099 2205 et
3149 2167 3252 2206 non
3286 2152 3530 2208 habitare
3565 2155 3618 2208 in

2053 2238 2415 2293 tabernaculis
2457 2252 2800 2308 peceatorum
2840 2239 2911 2304 '°,
2949 2249 3040 2293 aut
3081 2239 3274 2309 degere
3302 2256 3424 2295 cum
3453 2257 3623 2296 δέραια

2050 2330 2272 2396 laribus,
2317 2333 2665 2400 quantumvis
2691 2331 2854 2399 justis
2889 2347 2993 2387 non
3017 2333 3329 2402 vulgariter.
3357 2335 3446 2388 Ait
3474 2336 3618 2400 enim

2053 2421 2170 2485 tibi,
2201 2437 2234 2477 o
2261 2423 2546 2488 monache,
2596 2422 2760 2477 Pater
2805 2433 2926 2478 tuus
2978 2423 3240 2488 caelestis,
3267 2425 3357 2494 qui
3391 2433 3442 2480 te
3468 2441 3618 2480 sum-

2051 2527 2269 2580 mopere
2315 2513 2505 2584 diligit,
2545 2524 2600 2568 et
2649 2514 2888 2580 tribulat,
2933 2523 2987 2566 et
3013 2513 3270 2584 defatigat
3298 2515 3464 2570 variis
3499 2527 3622 2570 tcu-

2053 2603 2343 2660 tatiouibus
2371 2624 2384 2659 :
2419 2606 2590 2670 Scito,
2633 2606 2894 2660 monache
2929 2603 3144 2671 alﬂicte,
3177 2608 3432 2675 quoniam
3464 2608 3621 2662 sicuti

2050 2708 2147 2762 per
2175 2696 2492 2763 prophetam
2527 2697 2738 2752 locutus
2765 2712 2882 2750 sum
2912 2713 2925 2750 :
2955 2695 3061 2751 Ero
3092 2697 3385 2765 castigator
3410 2707 3531 2749 tuus
3554 2697 3623 2763 ",

2049 2791 2102 2835 et
2127 2795 2410 2837 occurram
2463 2784 2557 2838 tibi
2602 2784 2654 2839 in
2703 2786 2787 2838 via
2817 2784 3060 2856 Egypti,
3094 2785 3534 2841 tribulationibus
3573 2800 3624 2841 te

2049 2885 2332 2935 exercens,
2369 2883 2421 2927 et
2453 2874 2565 2928 vias
2600 2887 2717 2930 tuas
2749 2876 3131 2945 vituperabiles
3163 2878 3369 2946 sepiam
3400 2879 3622 2932 sudibus

2051 2980 2182 3018 mea:
2214 2966 2582 3034 providentiae,
2605 2983 2844 3037 pungens
2861 2967 3262 3023 calamitatibus
3290 2970 3621 3037 improvisis,

2051 3068 2105 3110 et
2135 3055 2455 3125 impediens,
2479 3068 2535 3111 ut
2562 3073 2628 3112 ne
2651 3074 2771 3128 qum
2800 3059 2880 3114 vis
2903 3061 3064 3114 corde
3082 3059 3381 3129 insipienti,
3406 3062 3459 3116 in
3485 3077 3624 3130 opus

2053 3149 2274 3202 omnino
2324 3149 2572 3204 conferas
2622 3149 2690 3204 ".
2747 3146 2816 3204 Et
2870 3151 3072 3221 sepiam
3119 3166 3267 3208 mare
3314 3154 3622 3222 passionum

2055 3247 2269 3292 tuarmn
2319 3241 2490 3309 portis
2535 3256 2776 3295 mearum
2833 3241 3284 3309 miserationem;
3317 3252 3373 3299 et
3396 3258 3490 3298 ero
3529 3245 3621 3298 tibi

2054 3339 2112 3385 ut
2142 3331 2402 3401 panthera
2442 3331 2513 3397 ’³,
2547 3333 2835 3388 comedens
2870 3344 2922 3388 te
2968 3334 3390 3403 cogitationibus
3445 3351 3626 3404 repre-

2053 3423 2356 3488 hensionis,
2393 3423 2806 3492 desperationis,
2847 3424 3223 3493 pmnitudiuis,
3268 3426 3319 3479 in
3344 3427 3628 3480 conscien-

2057 3516 2128 3570 tia
2163 3515 2532 3584 iguoratornm
2583 3515 2702 3571 tibi.
2747 3515 2950 3572 Omnes
2980 3531 3141 3584 porro
3173 3518 3257 3571 lim
3282 3516 3622 3581 aﬂlictiom-s.

2057 3609 2287 3661 inaxima
2327 3617 2455 3664 sunt
2508 3607 2600 3662 Dei
2640 3609 2835 3677 gratia.
2864 3607 2975 3662 Nec
3005 3607 3178 3662 solum
3207 3609 3489 3680 panthera,
3530 3611 3623 3663 sed

2054 3710 2108 3754 et
2134 3684 2394 3754 stimulus
2422 3700 2517 3753 tibi
2570 3714 2664 3754 ero
2710 3699 3125 3768 cogitationibus
3167 3700 3622 3770 compunctiouis,

2055 3799 2105 3843 et
2134 3789 2412 3844 doloribus
2443 3790 2622 3844 cordis
2658 3800 2710 3844 te
2737 3789 3005 3845 fodicatis.
3045 3790 3110 3844 Et
3144 3807 3250 3844 non
3282 3792 3494 3845 deﬁciet
3528 3794 3626 3846 do-

2055 3881 2137 3935 lor
2162 3883 2226 3936 de
2262 3881 2425 3936 domo
2451 3891 2568 3947 tua,
2592 3881 2844 3936 videlicet
2877 3882 2944 3936 de
2966 3883 3143 3936 anima
3168 3893 3222 3937 et
3249 3897 3479 3952 corpore
3515 3893 3626 3946 tuo,

2055 3970 2193 4025 bene
2215 3979 2269 4024 et
2302 3970 2506 4026 utiliter
2535 3970 2856 4027 ferientibus
2877 3971 3123 4028 dulcibus
3153 3987 3338 4027 revera
3369 3983 3422 4028 et
3453 3973 3628 4028 melli-

2055 4061 2174 4114 ﬂuis
2200 4059 2294 4114 Dei
2327 4061 2522 4130 paruis.

2127 4149 2275 4206 Finis
2310 4160 2490 4205 autem
2531 4167 2723 4222 pietur,
2774 4163 2829 4207 et
2872 4151 3136 4217 laborum,
3180 4161 3234 4208 et
3265 4152 3628 4224 perturbatio-

2055 4243 2163 4306 nis,
2206 4251 2260 4298 et
2305 4242 2660 4307 confusionis,
2693 4253 2748 4298 et
2771 4244 3047 4312 timorum,
3081 4253 3136 4299 et
3160 4245 3625 4314 desperatiouum,

2057 4349 2178 4402 qua:
2209 4334 2455 4388 accidere
2500 4344 2900 4391 consueverunt
2927 4349 2986 4391 se
3021 4351 3277 4392 exercere
3300 4336 3630 4390 instituenti-

2056 4426 2177 4488 bus,
2208 4424 2402 4478 horum
2433 4425 2675 4479 omnium
2719 4436 2826 4478 tam
2853 4426 3087 4480 tristium
3118 4426 3241 4480 llnis
3267 4434 3352 4480 est
3372 4425 3629 4495 gaudium

376 4521 736 4590 unusquisque
785 4518 854 4572 ad
905 4519 1208 4584 proximum
1258 4533 1412 4571 suum
1462 4516 1532 4573 ⁸⁵.
1570 4515 1954 4572 Verumtamen
1988 4537 2030 4591 ο
2061 4517 2301 4581 caeleste,
2343 4526 2398 4570 et
2442 4516 2650 4571 deliciae
2700 4516 3126 4587 inexplicabiles,
3157 4525 3212 4572 et
3248 4517 3418 4585 gloria
3442 4515 3632 4571 iueﬂa-

374 4610 669 4665 tenendum
699 4608 836 4662 nihil
867 4623 1070 4662 novum
1114 4607 1223 4677 pati
1252 4623 1367 4671 eos,
1399 4609 1489 4676 qui
1521 4607 1866 4670 tribulantur,
1904 4619 1958 4662 et

377 4701 612 4756 diversis
661 4699 837 4754 modis
875 4698 1204 4768 aﬂliguntur,
1255 4713 1347 4768 per
1399 4699 1596 4753 multas
1630 4699 1956 4755 leutationes

371 4793 564 4862 jngum
612 4791 825 4844 Domini
881 4791 962 4844 sui
1008 4790 1362 4846 sustinentes.
1409 4790 1714 4845 Audierant
1759 4791 1957 4860 quippe

375 4886 530 4937 illum
590 4883 641 4936 in
685 4882 979 4950 Evangelio
1033 4882 1350 4937 dicentem:
1407 4882 1574 4936 Amen
1623 4882 1743 4936 dico
1791 4884 1958 4948 vobis,

372 4979 502 5045 quia
537 4975 816 5043 plorabitis
846 4984 895 5028 et
921 4973 1120 5044 ﬂebitis
1141 4990 1226 5028 vos
1260 4974 1551 5037 familiares
1583 4977 1702 5040 Mi,
1735 4977 1960 5030 mundus

378 5077 562 5119 autem
595 5065 846 5134 gaudebit
870 5065 939 5116 ⁸⁸.
985 5065 1050 5117 Et
1099 5064 1278 5116 adhuc
1326 5063 1618 5128 modicum,
1647 5073 1704 5118 et
1733 5063 1963 5118 visitabo

379 5172 481 5213 vos
531 5172 634 5226 per
685 5155 1050 5222 Paracletum,
1109 5155 1482 5224 cxpellamque
1537 5155 1812 5209 tristitiam
1864 5171 1958 5210 ve-

379 5255 579 5312 stram,
628 5254 686 5300 ct
735 5248 996 5300 recreabo
1048 5261 1144 5297 vos
1195 5245 1617 5314 cogitationibus
1649 5244 1962 5298 caelestibus

383 5337 508 5391 vita
546 5344 603 5390 et
657 5333 888 5406 requiei,
932 5344 986 5387 et
1031 5333 1280 5388 dulcibus
1335 5331 1612 5402 lacrymis,
1649 5333 1844 5400 quibus
1897 5334 1962 5385 ad

381 5441 590 5498 paucos
637 5427 755 5481 dies
796 5429 922 5485 dum
976 5423 1324 5480 tentaremiui
1381 5423 1656 5477 caruistis.
1710 5424 1774 5476 Et
1822 5424 1964 5478 dabo

382 5519 542 5574 vobis
591 5517 820 5587 insuper
870 5518 1036 5572 ubera
1081 5517 1290 5586 gratiae,
1318 5514 1457 5569 sicut
1488 5523 1659 5569 mater
1689 5513 1878 5568 infanti
1908 5514 1961 5568 in

456 5671 501 5703 '°
531 5672 686 5725 Deut.
719 5685 844 5732 XIV,
872 5668 923 5723 9.

391 5741 431 5773 ³⁸
468 5741 622 5794 Juatt.
658 5757 762 5790 \Vl.
799 5740 886 5791 :10.
965 5740 1006 5770 "
1039 5738 1241 5790 Tltt'en.
1270 5754 1307 5789 ι.
1335 5737 1389 5790 4.
1464 5737 1509 5767 ⁸⁸
1542 5733 1698 5790 Joan.
1720 5737 1930 5798 xvt,‘2‘:’..
2005 5736 2050 5770 ⁸⁹
2079 5736 2093 5787 l
2125 5735 2340 5792 ἰδίεις-,κῃ
2365 5737 2415 5788 ιι,

1621 5815 1634 5830 ·
1665 5810 1722 5866 ln
1746 5810 1942 5866 Graeco
1975 5819 2121 5867 testu
2161 5810 2246 5866 his
2276 5825 2454 5868 novus
2485 5808 2679 5866 titulus
2711 5813 3070 5882 pra'ponitur.

388 5805 436 5838 "
471 5806 611 5861 Osee
648 5825 706 5872 tt,
741 5807 794 5860 6.
871 5807 918 5841 ⁸³
956 5805 1100 5862 Osee
1127 5824 1244 5871 XIII,
1276 5808 1329 5863 8.

709 5903 986 5964 ΡΑτπιοι.
1040 5903 1160 5964 Gn.
1215 5904 1536 5966 LXXXV.

1019 5670 1062 5699 "
1098 5669 1249 5721 Deut.
1280 5682 1353 5728 ιν,
1397 5669 1478 5719 20.
1515 5666 1559 5697 ⁸⁸
1605 5665 1830 5719 Malach.
1864 5682 1944 5732 In,
1977 5666 2064 5719 M.

2065 4608 2207 4672 bilis,
2242 4617 2297 4662 et
2333 4607 2622 4664 exsultatio
2659 4624 2933 4678 nunquam
2964 4608 3239 4663 desinens.
3271 4607 3500 4679 Propter
3534 4609 3636 4664 hoc

2063 4699 2208 4752 enim
2258 4708 2308 4750 te
2367 4698 2642 4763 tribulavi,
2703 4699 2899 4769 inquit,
2955 4707 3013 4752 ut
3061 4713 3282 4767 pascam
3336 4707 3388 4754 te
3436 4707 3635 4754 manua‘

2064 4788 2325 4851 scientim,
2373 4789 2517 4844 tame
2563 4798 2615 4844 te
2651 4789 2914 4855 cruciavi,
2961 4798 3022 4843 ut
3047 4791 3102 4844 in
3129 4791 3390 4845 extremis
3413 4789 3638 4846 benefa-

2064 4894 2243 4935 cerem
2279 4879 2395 4945 tibi,
2429 4889 2486 4934 et
2527 4880 2577 4932 iu
2619 4895 2844 4949 regnum
2893 4895 3185 4948 supernum
3231 4889 3284 4935 te
3325 4878 3639 4936 introduce-

2065 4987 2201 5025 rcm.
2256 4969 2408 5026 Tunc
2447 4971 2592 5026 enim
2641 4971 3030 5039 tripudiabitis,
3075 4972 3324 5026 monachi
3379 4973 3631 5035 lmtuiles,

2067 5059 2409 5114 velutivituli
2464 5059 2643 5114 Ienelli
2687 5075 2719 5113 e
2761 5059 2992 5115 vinculis
3033 5059 3238 5137 emissi,
3271 5075 3299 5112 a
3330 5061 3636 5151 tribulatip—

2071 5151 2229 5205 nibus
2270 5149 2523 5208 nimirum
2580 5149 2798 5214 carnis,
2835 5159 2889 5204 et
2929 5149 3228 5204 tentatione
3264 5149 3632 5206 inimicorum.

2071 5241 2135 5296 Et
2173 5250 2302 5295 tunc
2331 5239 2718 5295 conculcahitis
2743 5239 3020 5312 improbos
3045 5241 3341 5303 daemonas,
3375 5240 3462 5310 qui
3496 5256 3636 5294 naue

2071 5348 2164 5386 vos
2188 5331 2503 5387 conculcant
2521 5373 2536 5396 ,
2564 5342 2619 5387 et
2639 5340 2797 5385 erunt
2828 5331 3002 5400 pulvis
3033 5331 3132 5386 sub
3159 5331 3382 5399 pedibus
3410 5331 3628 5386 vestris.

2075 5423 2131 5477 Si
2155 5424 2298 5478 enim
2325 5424 2444 5493 plus
2477 5433 2533 5476 et
2564 5422 2782 5478 humilis
2815 5422 3005 5488 fueris,
3051 5421 3192 5475 inani
3230 5419 3369 5475 fastu
3397 5435 3500 5476 non
3527 5419 3637 5474 ele-

2074 5525 2252 5578 vatus,
2303 5529 2402 5568 nec
2437 5513 2794 5580 temerarius;
2825 5513 2938 5579 sed,
2975 5511 3147 5566 fracto
3177 5511 3357 5580 corde,
3406 5508 3639 5581 teips‘um

2144 5666 2189 5697 ⁸³
2218 5664 2379 5717 llebr.
2417 5679 2514 5719 xu.
2535 5663 2620 5717 l6.

2493 5735 2535 5764 "’
2555 5735 2699 5787 Psal.
2724 5750 2948 5799 Lusttt,
2982 5736 3062 5787 tl.

2721 5663 2767 5694 ⁸³
2793 5663 3016 5716 Malach.
3045 5679 3122 5726 Ill,
3152 5663 3238 5716 15.
3311 5663 3358 5696 ⁸⁵
3382 5661 3513 5716 ibid.
3551 5661 3639 5719 16.

3140 5733 3180 5764 ’³
3199 5732 3534 5797 1οι·οιιι.ιςι,
3552 5734 3643 5796 il.

3196 5904 3281 5964 26
