4048 6404
435 352 546 417 811

1670 352 1987 411 JOANN‘IS
2023 351 2430 411 CARPATHII

3597 351 3694 414 812

439 477 657 518 servum
701 459 940 515 inutilem
977 467 1231 528 reputans
1260 459 1328 523 ",
1363 468 1414 511 et
1445 459 1636 528 spiritu
1662 459 1916 519 contrito,
1961 459 2005 510 si
2039 465 2082 519 Α
2111 459 2290 520 cussi,
2344 474 2439 528 per
2486 458 2753 512 internam
2799 456 3189 512 desolationem
3245 473 3347 529 ego
3409 460 3611 515 sanabo
3651 462 3690 516 ³.

441 555 511 607 ita
547 552 765 606 humilis
798 549 990 614 fueris,
1018 550 1260 618 inquam,
1305 550 1494 603 melius
1519 558 1602 603 est
1628 559 1801 615 tuum,
1835 565 1866 604 ο
1898 565 2010 601 nio-

439 645 628 705 nache,
683 648 961 710 peceatum
999 639 1207 708 justitia
1250 637 1590 694 saecularium
1622 657 1634 691 :
1662 648 1715 693 et
1773 639 2009 708 potiores

438 744 540 788 tua:
567 735 778 798 sordes,
813 748 1004 802 magna
1029 748 1214 788 eorum
1263 732 1548 795 munditia,
1586 734 1678 800 qui
1727 732 1851 786 huic
1889 733 2009 783 vitze

432 825 695 879 serviunt.
745 825 884 891 Quid
931 825 1076 879 enim
1123 833 1225 887 est,
1265 832 1483 893 propter
1526 824 1668 894 quod
1716 820 2008 890 alﬂigeris?

433 915 662 970 Prorsus
709 914 916 968 macula
962 925 1066 969 est.
1122 913 1230 968 Sed
1277 913 1402 967 vide
1437 913 1710 968 hominem
1744 913 2001 981 aliquem,

430 1010 664 1078 picatum
695 1022 904 1070 manus,
941 1006 1151 1060 modico
1180 1005 1298 1061 oleo
1331 1014 1642 1075 purgatum.
1675 1005 1840 1058 Multo
1875 1019 2006 1058 sane

431 1101 602 1168 inagis
656 1109 711 1152 tu
764 1100 982 1170 purgari
1037 1099 1239 1166 poteris
1283 1097 1655 1152 misericordia
1701 1097 1815 1150 Dei.
1852 1096 2005 1150 Sicut

427 1194 570 1246 enim
605 1191 698 1246 tibi
727 1207 831 1244 non
858 1198 941 1244 est
984 1189 1200 1245 difﬁcile
1243 1191 1425 1243 lavare
1459 1188 1563 1242 hoc
1589 1188 2001 1252 vestimentum;

428 1283 515 1336 sic
552 1281 718 1336 multo
744 1281 916 1351 magis
943 1295 1051 1334 non
1105 1291 1186 1335 est
1236 1279 1448 1334 tliﬂlcile
1480 1278 1707 1334 Domino
1744 1278 1922 1332 lavare
1953 1288 2003 1332 te

425 1375 492 1427 ab
541 1373 687 1428 omni
737 1373 970 1438 macula,
1035 1371 1250 1426 tametsi
1303 1371 1576 1439 quodidie,
1608 1379 1662 1425 ut
1707 1370 2001 1426 verisimile

421 1475 526 1530 est,
564 1464 763 1534 aliquid
809 1479 874 1519 ex
911 1465 1269 1519 tentationum
1302 1464 1625 1519 necessitate
1664 1463 1995 1515 innascatur.

423 1555 557 1611 Nam
599 1557 725 1611 dum
757 1557 976 1622 dicitur,
1017 1555 1234 1609 Peccavi
1264 1555 1509 1619 Domino,
1538 1567 1853 1622 responsum
1880 1554 1997 1607 red—

422 1646 591 1712 ditur,
643 1645 875 1702 Dimissa
925 1655 1050 1701 sunt
1100 1647 1191 1700 tibi
1241 1656 1462 1715 peccata
1510 1655 1597 1700 tua
1630 1646 1697 1697 9’.
1737 1645 1846 1713 Ego
1877 1660 1994 1698 sum

422 1739 514 1806 qui
564 1755 626 1793 ea
678 1739 852 1801 deleo,
901 1754 999 1792 nec
1044 1739 1388 1793 memorabor
1425 1739 1494 1790 ".
1540 1738 1809 1802 Quantum
1855 1737 1994 1789 enim

421 1831 582 1882 distat
621 1830 790 1882 oriens
830 1829 893 1880 ab
935 1829 1220 1890 occidente,
1279 1827 1429 1895 longe
1473 1825 1596 1893 fecit
1648 1842 1680 1878 a
1713 1835 1762 1878 te
1796 1826 1994 1894 iniqui-

424 1930 558 1972 tates
615 1929 733 1972 tnas
773 1919 839 1973 ’⁷.
896 1917 1180 1972 Miseretur
1230 1924 1382 1984 pater
1432 1914 1662 1968 ﬁliorum
1695 1916 1712 1933 '
1746 1914 1903 1968 modo
1941 1923 1995 1967 tu

421 2025 528 2064 non
560 2010 803 2075 delicias,
855 2024 1027 2078 neque
1060 2009 1268 2062 resilias
1299 2023 1326 2059 a
1355 2005 1631 2076 psallcnilo
1664 2015 1717 2060 et
1746 2005 1990 2070 orando;

419 2101 512 2155 sed
565 2100 846 2155 adhaerens
889 2103 907 2120 ‘
965 2099 1087 2152 vita:
1138 2100 1287 2153 tutn'
1317 2106 1372 2152 et
1422 2097 1536 2166 ipse
1582 2098 1844 2151 emundat
1899 2111 1995 2150 suo

419 2203 573 2257 nutu,
620 2194 636 2213 '
688 2191 826 2247 Deus
874 2206 969 2247 sua
1011 2191 1289 2245 voluntate
1335 2190 1597 2254 mundat;
1642 2204 1741 2243 nec
1781 2189 1828 2243 si
1882 2189 1995 2258 ipse

418 2298 647 2352 magnus
709 2282 998 2352 Apostolus
1069 2281 1233 2335 fuerit
1286 2281 1560 2350 impurum
1623 2281 1848 2334 reddere
1904 2291 1994 2334 attt

417 2375 677 2428 damnare
703 2373 926 2442 poterit.
960 2371 1172 2426 Dictum
1205 2381 1287 2426 est
1317 2371 1462 2424 enim
1501 2371 1575 2423 illi
1616 2388 1628 2423 :
1675 2369 1827 2436 Quod
1854 2370 1992 2424 Deus

414 2461 739 2532 puriﬁcavit,
777 2471 832 2515 tu
864 2478 1136 2516 commune
1171 2480 1234 2517 ne
1261 2463 1460 2515 dixeris
1489 2461 1556 2514 ".
1589 2461 1645 2516 Si
1678 2462 1822 2514 enim
1853 2461 1992 2515 Deus

411 2566 517 2621 est,
541 2554 632 2624 qui
660 2568 755 2608 sua
787 2554 1121 2624 benignitate
1145 2554 1465 2622 justiﬁcavit
1501 2555 1760 2622 nos,quis
1783 2564 1872 2607 est
1900 2553 1988 2620 qui

413 2647 736 2702 condemnet
767 2660 864 2701 nos
900 2646 946 2676 ”
973 2645 996 2698 ?
1023 2643 1406 2699 lnvocantibus
1433 2645 1580 2699 enim
1615 2645 1768 2698 nobis
1796 2658 1988 2697 nomen

405 2739 625 2793 Domini
681 2738 850 2793 nostri
891 2735 1021 2792 Jesu
1079 2737 1304 2802 Christi,
1357 2736 1514 2792 facile
1560 2746 1820 2807 purgatur
1855 2751 1985 2790 con-

414 2827 642 2882 scientia
686 2837 892 2893 nostra,
927 2837 982 2882 et
1013 2826 1148 2881 nihil
1174 2826 1432 2881 discernit
1475 2826 1617 2880 inter
1643 2841 1761 2889 nos,
1787 2837 1840 2880 et
1864 2841 1988 2895 pro-

412 2921 624 2988 phetas,
669 2927 723 2974 et
774 2918 913 2973 alios
965 2927 1206 2972 sanctos.
1259 2914 1384 2970 Non
1429 2919 1566 2970 enim
1615 2917 1788 2984 posuit
1845 2933 1936 2969 nos
1967 2916 1985 2946 ‘

403 3011 625 3066 Deusin
651 3011 808 3076 iram,
838 3010 927 3065 sed
957 3010 1015 3063 in
1041 3009 1453 3080 acquisitionem
1482 3007 1732 3062 salutaris
1765 3023 1856 3075 per
1879 3006 1988 3061 Do-

403 3102 612 3156 minum
648 3110 884 3155 nostrum
920 3099 1103 3153 Jesum
1137 3098 1430 3163 Christum,
1489 3100 1579 3169 qui
1626 3108 1862 3152 mortuus
1910 3107 1986 3152 est

2125 548 2382 618 Nunquid
2417 559 2580 618 potest
2636 549 2824 602 mulier
2864 548 3120 612 oblivisci,
3162 560 3217 602 ut
3256 567 3359 603 non
3389 552 3694 606 misereatur

2117 639 2229 706 ﬁlio
2271 640 2406 692 uteri
2474 641 2609 695 sui?
2658 639 2730 693 ita
2781 656 2872 692 nec
2929 655 3022 709 ego
3071 641 3147 692 tui
3201 641 3511 706 obliviscar,
3565 643 3692 696 dicit

2117 730 2376 786 Dominus
2406 731 2449 785 ⁸.
2505 729 2560 785 Si
2606 732 2750 785 enim
2781 731 2992 786 viscera
3027 731 3144 786 avis
3170 747 3333 800 super
3359 734 3536 802 pullos
3568 750 3694 790 suos

2115 819 2280 875 eﬁ‘usa
2305 829 2452 887 sunt,
2488 821 2620 876 etin
2663 821 2796 876 hora
2850 821 2976 876 visit
3025 823 3166 888 illos,
3203 832 3260 878 et
3291 836 3449 878 vocat
3479 839 3592 890 eos,
3641 839 3696 881 et

2116 913 2295 967 cibum
2328 913 2408 966 ori
2447 912 2657 979 inserit,
2693 913 2859 967 multo
2882 913 3116 983 amplius
3143 914 3525 969 miserationes
3560 932 3694 972 mea:

2115 1017 2278 1070 super
2325 1013 2603 1059 creaturas
2647 1019 2796 1059 meas
2829 1003 3211 1070 eﬁ'unduntur;
3257 1005 3430 1059 multo
3460 1008 3694 1076 amplius

2113 1095 2321 1149 viscera
2355 1110 2471 1150 mea
2495 1110 2657 1164 super
2690 1105 2740 1150 te
2769 1095 2935 1150 eﬂ‘usa
2973 1104 3131 1160 sunt,
3157 1104 3210 1150 et
3236 1097 3470 1152 visitabo
3507 1109 3560 1153 te
3596 1114 3692 1154 oc-

2111 1187 2274 1251 culte,
2310 1196 2365 1241 et
2392 1187 2671 1258 colloquar
2712 1196 2887 1243 tecum
2940 1187 2993 1242 in
3039 1187 3242 1252 animo,
3286 1199 3340 1242 et
3377 1189 3690 1245 alimoniam

2111 1279 2394 1332 immittam
2436 1279 2603 1334 menti
2650 1279 2840 1342 hianti,
2890 1288 2949 1331 ut
2997 1278 3139 1347 pullo
3183 1279 3528 1334 birundineo.
3574 1281 3693 1336 Ali-

2111 1378 2352 1423 mentum
2381 1371 2528 1432 enim
2557 1371 2651 1426 tibi
2684 1371 2968 1441 suppedito
2994 1371 3202 1424 timoris
3237 1371 3354 1438 Dei,
3385 1379 3440 1426 et
3462 1372 3693 1428 alimen-

2108 1471 2220 1516 tum
2249 1463 2450 1516 amoris
2477 1463 2731 1527 coelesds,
2769 1471 2822 1517 et
2853 1463 3166 1516 alimentum
3214 1464 3510 1531 gemituum
3543 1465 3686 1519 sola-

2109 1552 2202 1616 tia,
2237 1563 2289 1606 et
2315 1553 2626 1606 alimentum
2671 1553 3119 1621 compunctionis,
3139 1562 3196 1607 et
3220 1553 3534 1609 alimentum
3567 1570 3689 1610 mo-

2107 1639 2423 1702 dulationis,
2473 1641 2864 1696 etalimcntum
2909 1642 3149 1698 scicntia:
3195 1643 3426 1710 altioris,
3453 1645 3687 1699 alimen-

2107 1741 2216 1785 tum
2247 1731 2551 1787 divinorum
2581 1733 2938 1802 quorumdam
2969 1735 3373 1805 mysteriorum,
3396 1747 3450 1792 et
3473 1737 3684 1806 reliqua

2036 1819 2074 1873 Β
2105 1823 2382 1893 deinceps.
2417 1825 2473 1878 Si
2503 1826 2734 1878 mentior
2762 1824 2988 1894 loquens
3026 1827 3120 1884 tibi
3152 1829 3410 1884 Dominus
3441 1838 3493 1884 et
3519 1828 3682 1882 Pater

2106 1924 2252 1979 tuus,
2302 1916 2562 1986 redargue
2591 1933 2694 1984 uie,
2727 1927 2781 1971 et
2810 1917 2996 1972 feram.

2174 2005 2296 2060 [hec
2325 2006 2478 2061 nobis
2505 2006 2762 2060 Dominus
2795 2020 3010 2076 semper
3038 2007 3179 2077 apud
3223 2008 3468 2062 animum
3499 2007 3680 2077 loqui-

2105 2105 2211 2151 tur.
2251 2095 2360 2166 Ego
2387 2112 2513 2152 vero
2552 2097 2884 2167 longiuscula
2911 2098 3206 2167 scriptione
3241 2099 3456 2154 modum
3488 2115 3681 2156 exces-

2101 2189 2240 2244 sisse
2279 2204 2363 2243 me
2387 2205 2492 2242 non
2535 2192 2745 2257 nescio;
2783 2191 2875 2244 sed
2901 2205 2996 2245 vos
3024 2204 3108 2244 me
3136 2190 3202 2243 ad
3227 2191 3329 2246 hoc
3347 2190 3677 2256 faciendum,

2101 2290 2152 2335 et
2180 2281 2246 2334 ad
2276 2291 2492 2334 centum
2539 2281 2717 2350 capita
2764 2281 3002 2335 ascetica
3045 2281 3391 2350 exponenda,
3427 2291 3479 2336 et
3525 2291 3583 2336 ut
3622 2283 3677 2336 iu

2100 2373 2396 2428 centesimo
2427 2373 2626 2428 diutius
2657 2374 3001 2437 immorarer,
3051 2373 3118 2428 ad
3154 2373 3337 2443 lapsos
3365 2375 3675 2445 erigendos,

2099 2467 2165 2520 ad
2188 2465 2590 2520 conﬁrmandos
2616 2467 2707 2536 qui
2731 2482 2795 2518 ex
2822 2466 3149 2538 negligentia
3180 2466 3397 2520 labendi
3432 2467 3676 2537 periculo

2097 2558 2329 2626 proximi
2376 2566 2580 2621 essent,
2632 2558 2902 2612 cohortati
2957 2560 3112 2613 estis.
3150 2557 3302 2626 Quod
3333 2558 3538 2614 inventi
3562 2559 3677 2614 sint

2097 2648 2234 2718 apud
2268 2663 2361 2704 vos
2386 2649 2438 2702 iit
2471 2648 2639 2713 ludia,
2689 2658 2744 2702 nt
2788 2649 2919 2704 mihi
2964 2648 3183 2718 quidem
3215 2649 3533 2718 scripsistis,
3563 2647 3676 2704 fra-

2098 2749 2208 2794 tres
2257 2739 2498 2792 nonnulli
2548 2749 2746 2808 praeter
2780 2739 3090 2808 Opinionem
3135 2753 3464 2810 magnopere
3497 2748 3675 2793 tenta-

2095 2831 2338 2885 tionibus
2370 2829 2638 2898 impliciti,
2671 2840 2730 2884 ut
2755 2830 2980 2885 ttederet
3009 2845 3103 2886 eos
3135 2831 3300 2884 etiam
3329 2831 3452 2886 vita
3482 2829 3668 2900 hujus,

2094 2928 2148 2974 et
2196 2919 2426 2972 instituti
2490 2919 2874 2973 monachorum
2901 2959 2914 2982 ,
2960 2919 3051 2989 qui
3103 2918 3381 2985 dixerunt,
3424 2933 3547 2975 esse
3580 2933 3674 2972 ar-

2091 3020 2262 3070 etum,
2287 3016 2341 3060 et
2373 3006 2520 3060 mille
2547 3007 2804 3075 periculis
2833 3006 3073 3077 plenum,
3096 3016 3152 3062 et
3168 3007 3457 3063 saeculares
3480 3007 3673 3064 beatos

2094 3097 2436 3166 pra'dicarint
2457 3139 2472 3162 ,
2517 3097 2816 3154 detestatos
2847 3099 3009 3162 diem,
3041 3113 3148 3168 quo
3184 3099 3426 3153 habitum
3459 3099 3672 3156 induis-

411 3209 504 3262 pro
543 3192 710 3256 nobis,
748 3201 801 3244 ut
830 3191 936 3244 sive
967 3189 1234 3260 vigilemus
1272 3189 1324 3242 in
1362 3188 1672 3252 virtutibus,
1711 3188 1817 3240 sive
1855 3186 1983 3239 dor-
2010 3169 2054 3227 (ἶ
2089 3199 2230 3245 sent.
2261 3190 2393 3254 Qu'e
2421 3205 2581 3245 causa
2614 3203 2699 3244 me
2730 3191 2926 3261 coegit,
2959 3200 3016 3244 ut
3042 3191 3143 3246 hoc
3179 3191 3536 3246 centesimum
3560 3207 3657 3247 ca-

414 3285 641 3337 miamus
676 3281 858 3352 aliquo
897 3296 1047 3345 casu,
1097 3290 1153 3334 ut
1184 3289 1266 3335 est
1307 3288 1748 3340 consentaneum,
1785 3278 1836 3330 in
1863 3277 1983 3346 qui-

417 3374 642 3428 busdam
680 3370 1200 3440 imperfectionibus,
1236 3371 1393 3424 simul
1423 3387 1539 3423 cum
1588 3368 1682 3422 illo
1730 3369 1982 3430 vivamus,

415 3465 482 3517 ad
532 3465 706 3532 ipsum
760 3463 1112 3532 respicientes
1167 3462 1376 3529 magnis
1419 3475 1540 3516 cum
1582 3459 1896 3530 gemitibus,
1930 3466 1985 3511 et

415 3558 795 3618 lamentantes,
833 3565 885 3608 et
917 3554 1017 3624 ipsi
1048 3553 1392 3620 conﬁtentes,
1422 3552 1704 3621 ipsumque
1735 3549 1851 3603 sine
1881 3549 1984 3602 line

412 3651 747 3713 invocantes,
808 3656 864 3702 et
903 3647 1074 3717 ipsum
1129 3646 1420 3716 spirantes.
1485 3643 1770 3697 Induamus
1827 3640 1985 3711 igitur

414 3740 638 3795 loricam
689 3739 834 3804 lidei,
879 3747 934 3793 et
977 3738 1275 3792 habeamus
1317 3734 1525 3805 galeam
1573 3733 1685 3802 spei
1721 3730 1912 3786 salutis
1939 3733 1981 3793 ',

409 3846 480 3886 ne
522 3831 821 3901 ingressum
869 3828 1149 3884 inveniant
1203 3826 1443 3880 membra
1499 3822 1894 3893 desperationis
1929 3831 1986 3877 et

396 3921 735 3976 rdilﬁdentiie.

483 4011 591 4066 Sed
619 4026 737 4082 ego,
775 4011 974 4080 inquis,
1009 4011 1236 4076 irascor,
1267 4018 1322 4064 et
1354 4009 1481 4062 mihi
1519 4017 1841 4079 rumpuntur
1865 4007 1980 4070 ilia,

414 4121 534 4160 cum
587 4104 874 4160 sreculares
921 4105 1073 4159 video
1119 4119 1222 4159 non
1277 4103 1498 4156 tentari.
1550 4101 1720 4166 Scito,
1769 4102 1980 4162 dilecte,

411 4195 666 4249 Satanam
705 4210 808 4248 non
856 4210 993 4264 opus
1042 4194 1244 4248 habere
1269 4208 1363 4248 eos
1401 4201 1630 4256 tentare,
1665 4192 1754 4260 qui
1781 4201 1982 4245 semet-

411 4287 553 4357 ipsos
594 4297 819 4351 teutant,
863 4295 918 4340 et
971 4300 1184 4354 semper
1220 4285 1380 4338 rebus
1411 4300 1471 4338 ac
1509 4283 1736 4354 uegetiis
1766 4284 1984 4338 caducis

409 4380 462 4432 itt
495 4387 695 4434 terram
748 4379 1059 4433 trahuntur.
1094 4375 1206 4430 lloc
1241 4391 1452 4444 quoque
1479 4375 1622 4429 scias
1650 4374 1828 4439 velim,
1869 4383 1982 4427 ten-

412 4470 536 4524 tatis
595 4470 780 4524 bravia
837 4477 891 4522 et
939 4480 1166 4522 coronas
1214 4479 1334 4519 esse
1382 4464 1666 4532 repositas.
1701 4460 1806 4516 Nec
1837 4463 1977 4515 enim

415 4559 546 4614 nihil
577 4561 642 4614 de
686 4561 794 4614 Deo
843 4556 1112 4621 sollicitis,
1146 4569 1318 4623 neque
1347 4555 1537 4622 supine
1568 4551 1892 4621 iacentibus,
1925 4564 1976 4607 et

410 4653 764 4707 stertentibus
793 4650 1167 4706 saecularibus.
1293 4646 1400 4714 Ego
1431 4643 1598 4708 enim,
1634 4643 1824 4712 inquit,
1860 4660 1979 4712 per-

479 4789 525 4821 “
553 4789 683 4842 Luc.
722 4787 964 4852 xvn,10.
1040 4787 1086 4820 ⁸⁸
1119 4782 1158 4835 ιι
1182 4782 1312 4850 Reg.
1348 4795 1475 4852 gfx-ll,
1506 4851 1515 4852 ί
1548 4779 1632 4852 l3.

1711 4781 1758 4813 “
1808 4780 1908 4834 lsa.
1968 4797 2121 4846 thtt,
2159 4782 2249 4839 9.5.

2086 3289 2177 3348 put
2209 3279 2584 3348 producerem,
2619 3288 2673 3334 et
2706 3280 2880 3334 verbis
2922 3297 3026 3336 non
3060 3281 3329 3350 inquisitis
3355 3320 3370 3346 ,
3403 3292 3461 3336 ut
3492 3283 3666 3338 etiam

2087 3371 2272 3435 idiota,
2303 3379 2362 3426 et
2394 3371 2680 3426 illiteratus
2711 3371 2847 3426 lecta
2887 3371 3188 3442 intelligere
3219 3383 3422 3442 posset.
3455 3373 3668 3429 Idcirco

2085 3463 2240 3533 plura
2271 3463 2450 3528 attuli,
2483 3464 2615 3516 utin
2664 3473 2934 3532 posterum
2973 3479 3076 3517 non
3101 3463 3414 3529 saeculares,
3448 3466 3541 3519 sed
3573 3479 3668 3519 sc-

2090 3553 2236 3622 ipsos
2286 3551 2431 3607 solos
2475 3552 2661 3606 beatos
2719 3550 2964 3619 judicent
3033 3555 3306 3619 monachi,
3365 3554 3456 3624 qui
3526 3557 3668 3610 citra

2086 3657 2302 3697 onmem
2334 3643 2762 3696 controversiam
2796 3642 3030 3710 majores
3069 3651 3195 3698 sunt
3241 3644 3668 3714 imperatoribus

2086 3732 2332 3786 diadema
2389 3746 2550 3801 super
2597 3741 2756 3801 caput
2804 3732 2856 3786 in
2907 3733 3070 3788 terris
3096 3735 3435 3803 gestantibus
3465 3745 3520 3790 et
3553 3735 3669 3788 cla-

2086 3824 2278 3891 riores,
2309 3834 2363 3879 et
2394 3825 2761 3894 gloriosiores,
2801 3836 2986 3893 utpote
3035 3827 3125 3895 qui
3160 3825 3271 3881 Deo
3303 3841 3522 3898 semper
3553 3829 3667 3881 ad-

2087 3914 2350 3968 hmreant.
2403 3913 2513 3984 Ego
2567 3926 2744 3968 autem
2800 3917 2890 3984 qui
2932 3917 3043 3970 haec
3087 3918 3304 3987 scripsi,
3339 3917 3664 3973 charitatem

2089 4019 2323 4063 vestram
2375 4023 2527 4078 roso,
2573 4019 2630 4064 ut
2680 4011 2736 4064 in
2788 4011 3038 4080 precibus
3071 4013 3267 4067 vestris
3300 4012 3403 4068 mei
3439 4013 3667 4068 assiduo

2088 4100 2469 4164 recordamini,
2511 4117 2619 4170 quo
2651 4101 2818 4156 miser
2846 4103 3040 4173 dignus
3067 4103 3268 4158 eﬁiciar
3297 4103 3504 4159 Christi
3536 4119 3668 4174 gra-

2092 4192 2187 4257 tia,
2220 4201 2274 4246 et
2304 4192 2446 4248 bono
2477 4202 2639 4262 atque
2671 4193 2876 4263 Optimo
2923 4195 3026 4248 ﬁne
3055 4196 3270 4250 vivendi
3300 4196 3537 4265 spatium
3567 4195 3670 4249 ab-

2086 4283 2312 4339 solvam.
2349 4283 2514 4337 Pater
2545 4296 2718 4339 autem
2755 4287 3264 4354 misericordiarum,
3303 4297 3350 4341 et
3388 4285 3531 4340 Deus
3573 4295 3664 4340 to-

2084 4377 2186 4429 tius
2221 4373 2596 4430 consolationis
2629 4377 2650 4407 '
2690 4377 2853 4431 donet
2875 4377 3025 4433 vobis
3053 4377 3480 4432 consolationem
3507 4385 3668 4430 teter-

2087 4482 2233 4533 nam,
2265 4477 2318 4522 et
2349 4482 2498 4536 spem
2546 4468 2743 4524 bonam
2771 4469 2822 4523 in
2859 4469 3076 4524 Christo
3115 4467 3246 4524 Jesu
3299 4469 3526 4523 Domino
3566 4482 3668 4523 no-

2086 4567 2220 4620 stro,
2257 4556 2344 4610 cui
2377 4555 2548 4626 gloria
2580 4568 2633 4612 et
2665 4559 2948 4628 imperium
2981 4561 3034 4612 in
3075 4559 3273 4614 saecula
3314 4559 3667 4615 saeculorum.

2086 4646 2276 4701 Amen.

2327 4782 2372 4814 ³⁷
2416 4781 2556 4838 Psal.
2614 4801 2704 4847 cn.
2738 4785 2825 4840 ιε.
2939 4787 2986 4818 ⁸⁸
3014 4789 3132 4842 Act.
3162 4804 3218 4853 ι,
3251 4788 3339 4842 13.
3416 4789 3462 4820 "
3500 4787 3640 4842 Rom

410 4873 525 4926 vni,
562 4859 650 4923 55,
676 4860 764 4913 54.
840 4851 857 4888 ¹
890 4856 1120 4910 lThess.
1149 4867 1200 4914 v,
1248 4853 1300 4915 9,
1339 4851 1426 4905 i0.
1501 4851 1521 4879 '
1547 4851 1671 4904 ibid.
1702 4851 1754 4904 8.
1834 4852 1852 4880 ⁸
1879 4852 1990 4907 Osci

2105 4893 2117 4903 .
2157 4851 2211 4906 2.
2323 4853 2346 4884 ⁸
2373 4853 2473 4908 lsa.
2503 4870 2646 4920 ηις,
2680 4856 2764 4910 15.
2841 4857 2860 4889 ⁵
2887 4854 2929 4910 ΙΙ
2957 4857 3156 4921 Cor.-t,
3182 4851 3234 4912 3.

415 4999 3650 5030 Μ

977 5061 1502 5138 SEQUUNTUR
1531 5062 1936 5124 EJUSDEM
1969 5061 2163 5122 ALIA
2199 5060 2508 5122 CAPITA
2549 5059 2760 5124 NUM.
2796 5061 3024 5124 XCIV.
3053 5061 3088 5094 "‘

464 5179 504 5234 1.
539 5175 732 5232 Omnia
768 5178 1042 5241 prognata
1080 5176 1210 5224 sunt
1261 5169 1401 5224 bona
1438 5183 1500 5224 ex
1540 5167 1719 5233 bonis,
1757 5184 1858 5223 nec
1891 5181 1978 5223 est

393 5268 700 5339 quidquam
728 5265 782 5316 in
811 5275 994 5314 rerum
1025 5268 1222 5314 natura
1249 5259 1452 5314 malum
1485 5276 1500 5314 :
1531 5256 1972 5330 quandoquidem

396 5378 464 5417 ex
496 5375 564 5416 eo
597 5356 744 5428 quod
794 5360 1097 5410 secundum
1139 5354 1430 5409 essentiam
1463 5353 1669 5408 bonum
1706 5361 1814 5417 est,
1845 5350 1976 5405 mali

396 5451 679 5524 quidpiam
709 5448 976 5502 exsistere
1000 5463 1107 5502 non
1138 5447 1336 5518 potuit.

468 5542 534 5599 ll.
572 5541 731 5608 Quod
791 5541 1029 5596 essentia
1082 5539 1286 5595 bonum
1338 5549 1443 5603 est,
1498 5536 1722 5610 proprie
1760 5545 1864 5600 est,
1925 5544 1979 5590 et

405 5651 625 5706 semper
657 5646 774 5702 est,
838 5644 892 5690 et
941 5635 1198 5690 similiter
1235 5645 1321 5690 est
1359 5653 1374 5690 :
1413 5635 1558 5704 quod
1607 5641 1692 5691 est
1727 5632 1974 5688 omnium

497 5761 518 5783 '
549 5761 665 5813 Ηωο
697 5761 864 5814 Graece
891 5775 987 5810 non
1027 5764 1244 5812 exstant.

2085 5168 2418 5237 principium
2454 5167 2576 5223 sine
2608 5167 2902 5237 principio,
2934 5167 3117 5222 unitas
3145 5167 3459 5234 iueﬁ'abilis,
3491 5179 3547 5226 et
3580 5173 3684 5226 tri-

2085 5258 2205 5328 ple!
2251 5257 2637 5314 subsistentia.
2675 5258 2838 5313 Pater
2871 5274 2898 5312 a
2931 5259 3251 5328 semetipso,
3301 5277 3412 5317 non
3452 5265 3682 5317 aliunde

2087 5349 2264 5406 ﬁucns
2302 5359 2640 5412 etteteruus.
2672 5350 2885 5420 genitor
2919 5348 3047 5406 Filii
3099 5353 3494 5419 essentialiter,
3546 5354 3681 5426 Spi-

2089 5443 2229 5498 ritus
2261 5446 2434 5499 sancti
2469 5444 2611 5499 fons.

2160 5536 2245 5592 lll.
2275 5539 2466 5593 Omnia
2493 5555 2615 5608 qua:
2640 5545 2787 5602 sunt,
2809 5554 2871 5593 ex
2899 5554 3006 5592 non
3026 5539 3424 5596 exsistentibus
3446 5541 3679 5595 exstite-

2089 5641 2240 5697 runt,
2265 5647 2386 5687 esse
2417 5633 2670 5687 videlicet
2699 5632 2894 5702 adepta
2927 5634 3219 5689 voluntate
3245 5635 3363 5706 ejus
3390 5634 3537 5704 quod
3568 5649 3678 5690 est.
