4048 6384
347 373 464 434 813

1581 375 1842 433 CAPITA
1880 373 2360 440 IIORTATORIA

3493 375 3599 442 814

355 482 490 535 Nam
545 481 591 534 si
645 481 786 549 quod
837 491 1016 536 ortum
1073 499 1178 537 non
1225 493 1328 550 est,
1367 484 1418 538 id
1450 484 1621 538 solum
1665 497 1770 547 est,
1807 499 1926 550 qua:
1956 488 1998 539 Α
2027 481 2228 552 absque
2280 499 2344 539 eo
2397 486 2537 553 quod
2586 497 2686 549 est,
2736 485 2878 540 nullo
2912 486 3067 540 modo
3100 496 3298 554 potest,
3351 497 3404 541 et
3433 503 3498 543 ex
3531 505 3597 543 co

346 583 468 629 orta
500 580 648 636 sunt,
709 587 814 626 non
861 588 982 628 esse
1016 574 1291 641 dicuntur,
1347 591 1410 629 ex
1437 591 1501 630 eo
1528 577 1667 647 quod
1698 585 1780 630 est
1806 592 1926 628 esse

351 666 674 720 mutuantia.
714 665 866 731 Quod
916 667 960 720 si
1005 681 1127 720 esse
1168 668 1492 735 acquisitum
1535 669 1724 736 adepta
1772 677 1920 729 sunt,

353 774 459 814 non
527 759 594 811 ab
638 758 944 812 aeternitate
981 773 1086 811 una
1119 774 1240 812 cum
1279 759 1370 814 illo
1411 759 1721 814 exsistunt:
1755 758 1925 826 siqni-

351 854 471 904 dein
499 849 822 917 principium
859 859 910 902 ct
937 850 1098 904 linem
1132 865 1287 903 suum
1329 850 1530 903 habent
1561 848 1750 914 Deum,
1787 849 1924 911 Deus

346 955 478 993 vero
505 953 605 992 nec
637 939 983 1008 principium,
1022 953 1120 994 nec
1148 942 1308 993 ﬁnem
1337 939 1524 1005 habet,
1551 955 1673 994 cum
1708 939 1822 1008 ipse
1852 940 1923 992 sit

346 1030 585 1082 omnium
615 1044 778 1084 causa
805 1040 855 1084 et
888 1029 1031 1084 linis.

415 1120 499 1173 IV.
539 1121 690 1187 Quod
734 1131 919 1175 natum
953 1138 1056 1176 non
1103 1130 1202 1182 est.
1246 1122 1509 1176 inlinitum
1567 1132 1694 1188 est;
1738 1133 1920 1176 natum

344 1223 526 1266 autem
577 1213 811 1266 ﬁnitum.
860 1213 1139 1278 Quomodo
1178 1214 1337 1283 igitur
1375 1212 1582 1266 ﬁnitum
1613 1212 1823 1267 inlinitu
1853 1215 1920 1267 ab

339 1315 548 1357 aeterno
569 1304 899 1358 cocxsistet?
926 1303 1117 1358 Natum
1139 1307 1280 1359 enim
1309 1305 1658 1380 considerans
1685 1306 1918 1368 animus,

343 1395 572 1463 utquod
606 1411 726 1450 esse
769 1396 1022 1465 cmpcrit,
1065 1396 1189 1464 quia
1239 1407 1421 1450 natum
1447 1405 1549 1457 εει,
1589 1399 1827 1466 praeterit
1856 1397 1920 1449 il-

341 1485 453 1549 lud,
501 1496 555 1540 et
600 1487 666 1539 ad
725 1488 1123 1556 ingeneratum,
1185 1488 1431 1556 principii
1487 1476 1682 1556 expers
1719 1489 1921 1556 princi-

338 1578 490 1645 pium
538 1578 851 1641 deveuiens,
903 1579 1042 1632 ultra
1076 1578 1130 1632 id
1193 1594 1299 1632 non
1359 1581 1562 1634 invenit
1609 1579 1920 1651 ἀσυνύπαρ-

337 1683 497 1732 κτον,
537 1668 649 1736 ipsa
683 1668 893 1723 Deitate
921 1684 985 1722 ex
1020 1684 1078 1723 se
1111 1669 1313 1739 genita,
1341 1671 1421 1724 vel
1453 1673 1630 1740 potius
1664 1673 1918 1739 praeexsi-

335 1769 519 1814 Stente
539 1759 658 1826 his;
689 1760 767 1812 ita
797 1768 852 1814 ut
887 1760 1196 1814 intellectus
1223 1769 1411 1815 noster
1437 1777 1633 1831 capere
1661 1772 1913 1830 nequeat,

2028 577 2168 643 quod
2203 576 2434 630 essentia
2464 576 2660 631 bonum
2696 587 2801 642 est,
2843 578 3142 632 subsiStere
3200 577 3423 642 malum,
3475 579 3602 635 alie-

2027 681 2152 718 num
2202 667 2328 736 est),
2361 681 2490 737 ergo
2541 668 2738 722 malum
2787 669 3192 725 subsistentiam
3246 686 3348 725 non
3395 671 3596 726 habere

2025 758 2348 824 ostenditur,
2409 759 2842 828 quandoquidem
2897 775 2964 814 ex
3017 774 3082 815 eo
3129 761 3274 830 quod
3323 771 3424 827 est,
3489 778 3596 817 non

2026 847 2186 901 habet
2221 863 2364 912 esse,
2413 849 2531 903 sine
2565 865 2670 918 quo
2701 866 2820 904 esse
2853 851 3074 916 habere,
3119 852 3453 920 impossibile
3487 865 3596 909 est.

2097 937 2162 992 Χ.
2201 937 2352 993 Sicut
2380 956 2499 1010 qum
2530 943 2836 996 sentiuntur
2870 945 3126 1010 tenebrae,
3159 954 3351 998 natura
3375 960 3595 999 suanon

2021 1030 2342 1095 subsistunt,
2401 1035 2487 1086 lux
2539 1043 2716 1087 autem
2760 1044 2951 1088 natura
2983 1048 3077 1088 sua
3117 1044 3203 1088 est
3242 1035 3401 1099 (nihil
3435 1036 3600 1104 siqui-

2022 1123 2141 1175 dem
2182 1121 2323 1176 aliud
2360 1134 2485 1178 sunt
2535 1127 2791 1190 tenebras,
2837 1125 2941 1180 nisi
2979 1129 3169 1180 umbra
3212 1129 3480 1194 corporis,
3512 1128 3594 1183 lo-

2006 1207 2142 1267 'cum
2191 1214 2573 1269 circumfusum
2632 1232 2696 1270 ex
2757 1219 3091 1288 oppositione
3143 1219 3386 1287 corporis
3450 1219 3592 1273 unde

2020 1305 2168 1356 venit
2217 1319 2467 1372 opacans.
2525 1307 2580 1360 Id
2627 1309 2767 1376 quod
2825 1311 3106 1377 perspicue
3151 1308 3291 1365 oculi
3341 1310 3592 1378 corporei

2023 1395 2164 1448 actio
2213 1397 2475 1453 declarat.
2525 1396 2656 1450 Nam
2712 1397 2851 1452 intra
2904 1398 3190 1468 palpebras
3220 1400 3494 1464 habitans,
3543 1399 3590 1454 si

2019 1497 2187 1540 semet
2213 1488 2507 1556 Operuerit,
2539 1499 2758 1558 propter
2785 1490 3197 1558 disjunctionem
3226 1507 3256 1545 a
3288 1493 3429 1555 luce,
3455 1507 3588 1548 con-

2022 1579 2290 1647 tingentes
2316 1581 2566 1634 tenebras
2588 1582 2744 1635 hahet
2771 1599 2786 1648 ;
2819 1597 3032 1638 rursum
3057 1585 3258 1653 apertis
3294 1585 3592 1655 palpebris,

2025 1669 2279 1735 tenebrae,
2310 1684 2428 1737 qua:
2454 1683 2517 1724 ex
2551 1686 2737 1724 eorum
2769 1675 2960 1728 umbra
2989 1683 3303 1738 evenerant,
3334 1690 3456 1729 cum
3486 1689 3591 1728 non

2017 1760 2333 1827 subsistant,
2388 1762 2531 1817 illico
2580 1774 2932 1830 evanescunt,
2977 1766 3066 1820 lux
3091 1782 3218 1821 vero
3249 1766 3513 1835 subjecta,
3543 1776 3596 1822 et

335 1858 393 1902 et
420 1864 542 1903 esse
573 1849 835 1919 largiente
867 1865 972 1904 non
999 1850 1341 1904 habentibus.
1379 1850 1559 1917 Quare
1608 1852 1651 1905 si
1684 1852 1914 1921 teipsum
1953 1845 1992 1899 Β
2018 1862 2210 1905 natura
2245 1853 2767 1918 subsistens,deuuu
2798 1857 3101 1928 recipitur),
3134 1859 3214 1912 sic
3237 1859 3399 1926 igitur
3425 1860 3590 1912 etiam

334 1941 682 1994 contraxeris
741 1956 804 1996 ac
849 1941 1366 2011 circumscripseris,
1422 1943 1802 2012 cogitationem
1847 1943 1916 1998 ab

336 2034 792 2102 incomprehensa
875 2033 1358 2103 contemplatione,
1449 2037 1719 2103 quomodo
1805 2031 1916 2088 Deo

331 2138 530 2179 coesse
566 2133 769 2192 queant
801 2125 869 2179 ab
905 2125 1021 2194 ipso
1055 2125 1338 2193 producta,
1381 2139 1691 2196 compescas
1719 2169 1734 2193 ,
1776 2141 1915 2197 quo-

332 2216 500 2270 modo
526 2217 784 2285 producta
840 2217 953 2272 sint
996 2217 1147 2271 illum
1200 2215 1342 2273 scire
1386 2219 1590 2283 sinens,
1635 2219 1726 2290 qui
1755 2234 1824 2274 ex
1851 2233 1915 2275 eo

331 2307 594 2378 primat-ie
629 2318 786 2362 natus
814 2319 917 2364 est.

412 2398 481 2452 V.
514 2399 616 2466 Qui
656 2409 837 2455 servat
880 2401 1046 2471 leges,
1104 2412 1400 2473 cognoscat
1446 2403 1684 2459 rationes
1714 2404 1822 2458 τῶν
1851 2406 1915 2458 ὲκ

342 2491 424 2562 μὴ
450 2491 640 2544 ὄντων.
675 2489 774 2557 Qui
814 2503 990 2546 autem
1023 2494 1286 2548 intellexit
1332 2494 1567 2549 rationes
1602 2495 1708 2548 τῶν
1741 2498 1806 2550 ὲκ
1837 2497 1912 2568 μὴ

327 2582 540 2648 ὄντων,
592 2584 659 2637 ad
707 2584 1068 2653 cognitionem
1115 2584 1208 2638 τοῦ
1250 2584 1402 2649 ὄντος
1446 2585 1733 2656 proﬁciens
1792 2603 1914 2657 per-

330 2671 506 2727 venit.

408 2763 495 2818 Vl.
528 2763 994 2830 Quemadmodum
1040 2767 1120 2822 sol
1149 2768 1254 2823 sub
1289 2783 1508 2824 sensum
1545 2769 1746 2824 cadens
1777 2784 1908 2824 ocu-

329 2859 401 2912 lis
449 2858 600 2913 sanis
644 2873 825 2912 rerum
867 2859 1274 2928 aspcctabilium
1322 2859 1645 2930 elegantiam
1692 2862 1902 2915 demon-

329 2956 517 3005 strat:
551 2949 624 3002 ita
655 2947 734 3004 sol
766 2950 856 3018 qui
899 2950 1251 3020 intelligentia
1287 2952 1787 3021 comprehenditur,
1823 2968 1914 3006 eo-

328 3057 455 3097 rum
481 3042 718 3096 rationes
747 3057 883 3110 pure
911 3042 1172 3097 ostendit.

409 3130 528 3186 VII.
570 3131 670 3199 Qui
717 3133 911 3187 iisdem
958 3133 1457 3202 perturbationibus
1501 3145 1629 3189 sunt
1667 3135 1908 3193 obnoxii,

328 3222 626 3278 concordia
677 3223 997 3292 privantur;
1041 3224 1130 3292 qui
1162 3232 1343 3279 autem
1381 3225 1626 3279 eamdem
1656 3226 1908 3278 virtutem

328 3312 545 3377 colunt,
600 3328 731 3382 pace
789 3313 1089 3382 patiuntur.
1145 3315 1272 3368 Nam
1327 3317 1615 3370 iracundus
1656 3331 1776 3370 cum
1809 3316 1908 3369 ira-

326 3406 517 3458 cundo
558 3419 800 3467 versans,
842 3415 933 3458 aut
984 3421 1180 3460 avarus
1229 3423 1351 3460 cum
1416 3422 1603 3470 avaro,
1637 3417 1726 3460 aut
1758 3407 1911 3476 gulo-

329 3512 429 3550 sus
465 3511 587 3550 cum
627 3495 834 3565 guloso,
891 3497 1077 3550 turbas
1121 3510 1173 3550 et
1217 3496 1491 3551 tristitiam
1522 3497 1741 3550 habebit
1773 3499 1914 3549 inter

329 3591 512 3658 ipsum
559 3599 612 3642 et
659 3603 890 3657 quocum
932 3588 1062 3658 agit,
1102 3603 1286 3643 amore
1318 3589 1399 3642 sui
1441 3603 1655 3658 semper
1685 3589 1914 3642 interre-

330 3682 518 3741 dente,
556 3682 946 3748 suadenteque,
994 3689 1047 3732 ut
1079 3679 1130 3732 in
1162 3679 1506 3747 aequirendis
1555 3681 1752 3748 cupitis
1798 3696 1911 3732 nie-

331 3772 459 3824 iiori
507 3771 634 3824 velit
661 3787 783 3826 esse
816 3771 1146 3825 conditione.
1205 3771 1356 3826 Unde
1384 3773 1610 3829 alterum
1643 3772 1907 3838 sequitur,

329 3865 386 3917 in
456 3864 894 3918 desiderabilium
950 3863 1356 3932 comparatione
1407 3861 1768 3929 jucundorum
1800 3862 1911 3928 prir

328 3955 501 4020 vatio,
530 3971 626 4024 per
658 3971 818 4026 quant
859 3956 1076 4009 tristitia
1107 3963 1161 4008 et
1205 3955 1283 4007 ira
1324 3953 1544 4007 conﬂari
1589 3953 1749 4018 solet,
1793 3953 1914 4022 qui-

328 4050 436 4100 bus
471 4047 684 4101 unionis
712 4047 913 4102 bonum
954 4047 1218 4116 perditur.
1252 4047 1351 4112 Qui
1397 4062 1524 4100 vero
1551 4047 1766 4100 easdem
1801 4047 1910 4100 vir-

328 4149 477 4192 tntes
533 4138 738 4202 colunt,
765 4139 831 4191 ab
861 4138 991 4206 ipsis
1016 4137 1192 4200 bouis,
1219 4154 1338 4206 qua:
1361 4138 1427 4191 ab
1456 4137 1702 4206 utrisque
1728 4153 1914 4190 aman-

325 4240 444 4293 tur,
485 4229 555 4281 ad
586 4245 764 4297 pacem
819 4244 935 4297 quw
965 4237 1238 4294 exsuperat
1281 4244 1482 4280 onmem
1508 4244 1714 4280 sensum
1749 4228 1790 4292 ⁸,
1831 4244 1935 4283 re-.

325 4323 610 4386 dignatur.
679 4318 973 4371 Continens
1043 4318 1188 4372 enim
1245 4318 1530 4384 respondet
1593 4319 1908 4381 continenti,

285 4413 611 4464 -modestus
660 4412 927 4474 modesto,
980 4410 1221 4478 pecunia:
1274 4420 1613 4476 contemptor
1663 4420 1716 4463 et
1766 4427 1913 4462 man-

2018 1945 2417 2012 improbitatem
2472 1960 2531 1999 se
2583 1947 2780 2001 habere
2835 1949 3252 2005 existimandum
3296 1959 3380 2005 est
3417 1949 3592 2021 (cujus

2018 2034 2274 2098 tenebrae,
2323 2035 2388 2088 de
2432 2034 2629 2103 quibus
2683 2036 2956 2103 diximus,
3008 2037 3311 2107 symbolum
3366 2047 3422 2093 et
3466 2048 3594 2094 nota

2016 2123 2186 2194 sunt),
2223 2140 2342 2194 qua:
2374 2126 2534 2181 simul
2569 2141 2631 2181 ex
2664 2127 2786 2180 boni
2809 2127 3174 2184 declinatione
3200 2129 3436 2194 exsistit,
3467 2143 3590 2184 cum

2018 2225 2205 2270 natura
2234 2230 2330 2271 sua
2379 2233 2482 2272 non
2535 2219 2626 2272 sit.
2671 2215 2804 2271 Nam
2833 2220 2876 2272 si
2907 2219 3062 2274 nobis
3091 2220 3244 2290 ipsis,
3293 2231 3352 2274 ut
3375 2235 3588 2289 aequum

2015 2319 2118 2373 est,
2147 2309 2302 2362 ﬁdem
2345 2309 2547 2363 habere
2574 2309 2822 2374 velimus,
2857 2309 3012 2363 facile
3043 2310 3451 2380 perspiciemus,
3478 2325 3596 2364 ma-

2019 2399 2126 2452 lum
2163 2415 2280 2455 esse
2301 2399 2715 2455 declinationem
2752 2399 2914 2453 animi
2943 2415 2972 2453 a
3009 2401 3172 2466 bono,
3209 2399 3325 2455 sine
3353 2415 3459 2470 qua
3485 2415 3594 2456 non

2015 2491 2140 2557 erit,
2173 2507 2295 2548 cum
2328 2501 2520 2546 natura
2563 2491 2694 2545 nihil
2744 2490 2849 2558 sit;
2899 2491 2994 2545 sed
3025 2500 3208 2546 natum
3251 2506 3316 2546 ex
3353 2507 3418 2549 eo
3449 2493 3596 2562 quod

2014 2593 2098 2637 est
2129 2598 2226 2653 per
2257 2582 2620 2653 privationem
2648 2581 2790 2651 quod
2816 2581 3176 2638 obumbratur
3204 2583 3278 2649 ld,
3315 2585 3460 2654 quod
3485 2600 3594 2640 non

2013 2681 2118 2729 est.
2150 2673 2436 2728 Evanescit
2460 2686 2641 2729 autem
2673 2681 2862 2738 totum,
2887 2673 2954 2728 ad
2989 2674 3242 2731 unionem
3270 2675 3415 2733 illius
3449 2677 3596 2732 unde

2013 2765 2241 2828 exstitit,
2273 2779 2573 2820 reversum.

2084 2853 2175 2911 XI.
2203 2856 2594 2926 Progressuum
2634 2856 2815 2912 varias
2854 2855 3007 2911 aiunt
3046 2871 3168 2913 esse
3209 2859 3441 2929 species,
3471 2875 3598 2930 per-

2017 2945 2265 3002 fectionis
2318 2963 2422 3002 non
2470 2961 2592 3002 esse
2626 2965 2640 2999 :
2679 2956 2830 3002 caret
2869 2949 3012 3002 enim
3049 2948 3336 3014 varietate,
3384 2951 3594 3006 unifor-

2017 3052 2154 3092 mem
2185 3038 2548 3107 cognitionem
2583 3052 2678 3106 pro
2707 3036 2811 3093 ﬁne
2847 3039 3076 3104 habens,
3109 3054 3229 3108 quae
3257 3053 3339 3096 est
3367 3043 3594 3098 omnino

2014 3129 2240 3184 actionis
2258 3138 2312 3184 et
2339 3129 2806 3198 contemplationis
2837 3129 2957 3184 ﬁnis
2983 3131 3243 3186 inﬁnitus.

2088 3219 2204 3276 XII.
2237 3221 2369 3274 Cum
2419 3221 2528 3276 sint
2573 3231 2681 3276 tres
2726 3222 3064 3292 cognitiones
3095 3233 3151 3278 et
3179 3224 3439 3291 scientiae,
3470 3240 3591 3281 ma-

2015 3312 2160 3366 xime
2203 3313 2557 3377 universales,
2611 3312 2870 3381 practica,
2923 3313 3162 3381 inquam,
3215 3315 3592 3387 physiologica

2014 3415 2068 3458 et
2101 3403 2437 3472 theologica:
2471 3405 2658 3473 prima:
2692 3403 2936 3459 homines
2964 3403 3077 3457 ﬁeri
3112 3405 3364 3460 doctores
3390 3415 3444 3460 et
3473 3423 3591 3462 Ina-

2015 3496 2166 3564 gioll'i
2220 3506 2476 3564 possunt;
2509 3497 2758 3550 secunda:
2790 3497 2966 3566 angeli
3017 3497 3096 3567 (et
3140 3507 3224 3552 est
3267 3498 3425 3564 hujus
3469 3499 3591 3554 ﬁnis

2017 3597 2218 3640 naturae
2241 3586 2450 3640 illorum
2480 3587 2945 3641 accommodatior
2971 3603 3130 3656 quam
3157 3588 3363 3660 primm)
3386 3605 3401 3657 ;
3427 3591 3588 3644 tertia

2017 3678 2190 3744 ipsum
2224 3661 2584 3732 .suhstantiale
2616 3679 2847 3732 Verbum
2879 3694 2976 3732 nos
3007 3679 3204 3733 initiat.

2083 3765 2222 3820 Xlll.
2257 3767 2357 3832 Qui
2387 3777 2538 3834 putat
2563 3782 2620 3820 se
2651 3767 2852 3837 aliquid
2887 3783 3010 3822 esse
3042 3777 3260 3838 propter
3288 3783 3430 3835 esse,
3462 3785 3592 3824 non-

2013 3859 2137 3912 dum
2165 3874 2228 3913 eo
2261 3859 2528 3927 pervenit,
2567 3868 2625 3912 ut
2656 3872 2844 3912 revera
2877 3859 2947 3913 sit
2982 3859 3205 3928 aliquid.
3236 3857 3368 3912 Nam
3398 3870 3590 3930 putare

2013 3964 2154 4014 esse,
2179 3950 2318 4018 quod
2355 3948 2466 4015 jam
2512 3964 2616 4001 non
2662 3959 2765 4012 est,
2817 3965 2922 4003 non
2970 3949 3100 4004 sinit
3139 3953 3370 4007 evadere
3397 3953 3591 4007 adesse

2013 4041 2462 4110 quemadmodum
2494 4050 2597 4094 est.

2085 4130 2224 4187 XIV.
2282 4131 2524 4198 Superba
2581 4130 2764 4197 opinio
2814 4131 2880 4184 de
2933 4133 3161 4187 scientia
3219 4148 3357 4197 sua,
3409 4135 3589 4204 privat

2014 4223 2237 4277 scientia
2270 4240 2281 4275 :
2320 4230 2372 4276 et
2399 4235 2514 4290 quae
2547 4222 2621 4276 illi
2649 4224 2925 4279 contraria
2960 4235 3065 4289 c5t,
3096 4223 3454 4294 ignorantiam
3485 4241 3586 4296 ge-

2014 4324 2188 4369 uerat.

2087 4406 2202 4461 XV.
2237 4406 2290 4461 Si
2323 4407 2376 4460 in
2410 4407 2638 4462 vallibus
2682 4408 2862 4476 potius
2902 4416 3236 4462 enascuntur
3283 4407 3417 4472 lilia,
3459 4425 3589 4478 ergo

325 4513 543 4566 suetus,
577 4511 654 4565 et,
693 4512 749 4554 ut
780 4503 1016 4556 breviter
1061 4504 1256 4565 dicam,
1280 4502 1584 4570 quicunque
1629 4503 1727 4556 hac
1756 4513 1808 4556 et
1837 4517 1913 4555 re-
1941 4518 1988 4574 ι)
2016 4499 2179 4554 etiam
2207 4513 2326 4568 qua:
2353 4499 2450 4552 has
2479 4499 2531 4552 in
2566 4499 2870 4554 humilitate
2907 4500 3202 4554 accesserit
3239 4501 3440 4563 anima,
3477 4501 3584 4553 lilia

324 4593 494 4661 liquis
547 4592 762 4646 virtutis
813 4594 1102 4659 generibus
1150 4601 1380 4646 ornatus
1417 4601 1518 4656 est,
1556 4593 1688 4646 citra
1725 4594 1907 4647 mode-

324 4683 492 4735 stiam
529 4693 584 4735 et
634 4683 919 4737 dissidium
968 4683 1158 4736 iisdem
1215 4683 1454 4736 moribus
1490 4683 1712 4752 prindito
1745 4684 1908 4738 coha-

327 4773 488 4826 bitat.
526 4773 714 4825 Solum
758 4774 954 4842 quippe
1003 4775 1201 4826 honmn
1263 4771 1364 4826 sibi
1418 4774 1671 4836 amicum,
1707 4772 1905 4826 malum

321 4875 511 4917 autem
552 4864 654 4917 sibi
681 4865 957 4917 inimicum
990 4872 1091 4916 est.

400 4954 536 5010 Vlll.
572 4955 628 5010 Si
661 4956 792 5010 nihil
831 4956 881 5008 in
918 4971 1095 5009 rerum
1135 4963 1324 5006 natura
1360 4953 1534 5021 ipsum
1578 4951 1677 5007 sibi
1713 4951 1901 5006 adver-

321 5056 500 5110 satur,
548 5047 867 5115 improbitas
913 5057 1092 5100 autem
1133 5060 1315 5100 secum
1357 5055 1577 5115 pugnat,
1632 5048 1900 5116 quomodo

321 5138 736 5192 subsistentiam
767 5135 961 5191 habet?

349 5239 354 5242 ’
395 5227 490 5281 IX.
525 5229 582 5283 Si
612 5229 845 5297 primum
895 5229 1126 5293 bonum,
1162 5228 1213 5282 id
1248 5238 1350 5293 cst,
1385 5230 1525 5297 quod
1559 5229 1773 5300 praprie
1797 5239 1899 5294 est,

321 5321 524 5374 merito
572 5319 820 5383 dicendo,
875 5319 1076 5372 malum
1120 5336 1225 5374 non
1265 5334 1384 5374 esse
1414 5335 1430 5386 ;
1463 5320 1726 5390 siquidem
1759 5321 1900 5388 quod

317 5412 558 5466 essentia
593 5426 690 5465 sua
725 5411 920 5466 bonum
948 5419 1055 5474 est,
1099 5411 1314 5480 aliquod
1345 5412 1658 5480 oppositum
1690 5421 1743 5465 et
1767 5425 1895 5465 con-

322 5503 553 5554 trarium
588 5501 790 5556 habere
841 5516 946 5556 non
991 5501 1248 5556 sustinet.
1275 5501 1427 5567 Quod
1459 5501 1504 5556 si
1548 5501 1746 5555 malum
1795 5518 1900 5556 non
1947 5538 1952 5543 -

225 5606 232 5613 '
320 5606 448 5647 esse
495 5594 902 5647 demonstratur
949 5592 1189 5662 (habere
1250 5592 1396 5646 enim
1455 5591 1730 5662 quidpiam
1785 5605 1903 5648 csse

393 5771 676 5841 ‘Philipp.
721 5787 794 5837 iv,
827 5769 880 5823 7.
960 5768 1164 5847 TCaul.
1198 5787 1254 5838 ιι,
1298 5771 1344 5826 1.

2011 4590 2352 4659 germinabit.
2385 4587 2474 4642 Ait
2498 4589 2639 4642 enim
2661 4590 2940 4660 Sponsalis
2977 4591 3130 4653 liber,
3160 4588 3269 4658 Ego
3295 4590 3392 4658 ﬂos
3416 4592 3588 4658 campi

2009 4694 2056 4736 et
2084 4684 2252 4736 lilium
2289 4683 2600 4735 convallium
2629 4684 2675 4735 ".
3043 4739 3049 4750 ε

2081 4772 2222 4826 XVI.
2262 4773 2553 4826 Huinilitas
2588 4785 2669 4827 est
2707 4775 2943 4845 cognitio
2991 4775 3226 4845 propria:
3258 4773 3590 4829 inﬁrmitatis

2011 4864 2361 4932 ctegestatis,
2415 4877 2534 4915 cum
2573 4863 2623 4914 in
2663 4878 2759 4916 sua
2804 4865 3042 4919 essentia
3090 4865 3355 4918 delectum
3379 4872 3432 4916 et
3456 4878 3588 4930 pau-

2015 4963 2277 5023 pertatcm
2329 4967 2479 5005 mens
2535 4953 2955 5026 contemplatur.
3013 4953 3445 5022 Siquidemcum
3478 4969 3583 5006 non

2021 5057 2198 5106 esset,
2232 5043 2504 5097 voluntate
2536 5043 2649 5111 ejus
2679 5047 2769 5112 qui
2815 5055 2928 5111 est,
2970 5060 3089 5099 esse
3134 5043 3430 5113 accipiens,
3477 5057 3583 5096 non

2012 5149 2094 5195 est
2129 5140 2239 5206 ipsa
2284 5138 2384 5192 sibi
2429 5139 2494 5190 ad
2532 5151 2654 5190 esse
2709 5134 3012 5197 sulIiciens;
3071 5134 3347 5187 voluntate
3396 5145 3579 5185 autem

2011 5229 2285 5284 Creatoris
2319 5227 2399 5281 sui
2439 5225 2770 5290 continetur,
2817 5233 2874 5278 ut
2903 5239 3117 5293 semper
3175 5231 3412 5290 maneat,
3441 5225 3495 5276 εἰ
3525 5233 3584 5276 ιιι

2012 5319 2146 5373 bene
2178 5317 2270 5383 sit,
2313 5315 2696 5371 communione
2725 5313 2840 5383 ejus
2880 5315 2970 5384 qui
3017 5324 3100 5368 est
3127 5312 3381 5384 acquirit.
3413 5311 3580 5381 Cujus

2007 5408 2150 5464 enim
2183 5417 2373 5461 natura
2407 5405 2623 5459 aliunde
2653 5420 2775 5460 esse
2804 5406 2985 5472 habet,
3015 5406 3132 5477 ejus
3152 5405 3313 5460 etiam
3335 5403 3583 5459 naturale

2008 5497 2375 5569 praerogativae
2409 5495 2532 5548 inde
2573 5495 2913 5563 proveniunt.

2081 5585 2248 5642 XVII.
2288 5585 2460 5642 Omne
2499 5585 2641 5656 quod
2672 5601 2774 5640 non
2826 5595 2908 5641 est
2962 5587 3278 5658 ἀγέννητον,
3338 5585 3446 5643 hoc
3478 5593 3587 5655 est,
