4048 6378
452 334 555 399 815

1675 325 1801 380 JUA
1814 323 1856 379 Ν
1870 321 1911 378 Ν
1927 321 1940 377 l
1954 323 1991 377 ἐν
2028 320 2112 376 (1A
2123 318 2370 377 ΒΡΑΤΗ
2384 319 2433 376 II

3603 314 3721 380 816

457 447 654 513 origine
707 458 910 502 cumis,
962 453 1060 490 nou
1109 447 1192 490 est
1258 437 1357 489 sibi
1401 436 1689 490 suiliciens.
1734 433 1885 500 Quod
1933 446 2036 484 non
2071 436 2113 489 Λ
2147 439 2251 482 tem
2299 432 2365 482 ad
2417 431 2553 481 hanc
2611 427 2971 495 pra-bendam,
3025 426 3273 495 quamvis
3330 424 3477 481 miIle
3533 441 3721 496 preces

457 546 536 589 est
579 537 677 587 sibi
730 532 1021 591 sulliitiens,
1064 531 1178 593 ejus
1225 527 1366 594 quod
1423 537 1599 579 ortum
1649 538 1752 578 non
1809 531 1915 585 est,
1972 529 2025 573 et

463 628 562 680 sibi
619 623 835 687 sullicit,
878 621 1078 673 auxilio
1125 626 1264 688 eget.
1299 616 1357 671 In
1398 618 1464 670 iis
1500 627 1678 669 autem
1721 630 1838 684 qua:
1864 613 2027 680 origi-

458 734 578 771 nem
642 717 861 777 habent,
901 714 1060 767 etiam
1117 727 1269 765 mens
1309 713 1542 764 humana
1577 718 1832 762 censetur
1868 725 1882 759 :
1926 722 2028 759 non

462 806 624 870 igitur
660 803 771 871 ipsa
802 802 902 855 sibi
933 800 1148 854 sullicit.
1189 798 1369 864 Quare
1415 798 1506 852 Dei
1534 797 1613 852 sui
1664 797 1862 851 auxilio
1887 805 2029 864 eget,

477 894 593 946 sine
619 908 726 962 quo
755 893 878 945 boni
907 891 1178 960 quidpiam
1204 890 1415 960 Operari
1441 889 1643 957 nequit.
1672 886 2031 954 Quamobrem

460 996 672 1053 oportet
708 986 842 1038 bene
890 982 1173 1036 facientem
1223 981 1288 1032 ad
1327 980 1783 1048 suppeditatorem
1825 977 2035 1030 roboris

465 1089 608 1133 recte
657 1077 858 1130 factum
909 1090 1062 1128 suum
1111 1074 1333 1139 referre,
1397 1088 1459 1127 ac
1509 1073 1689 1126 dicere
1733 1088 1744 1122 :
1788 1069 1903 1140 Ipse
1946 1070 2038 1122 dat

461 1167 827 1221 fortitudinem
861 1174 915 1220 et
951 1166 1201 1219 virtutem
1239 1166 1304 1217 ad
1336 1163 1638 1216 faciendum
1667 1161 1712 1219 ⁸.
1747 1161 1810 1214 Ει.
1852 1175 1866 1212 :
1909 1158 2038 1212 For-

461 1257 632 1309 titudo
671 1265 718 1309 et
761 1255 876 1308 laus
923 1270 1036 1308 mea
1084 1254 1362 1317 Dominus,
1399 1263 1447 1306 et
1486 1253 1656 1323 factus
1695 1260 1769 1304 est
1814 1251 1941 1302 mihi
1983 1252 2038 1302 in

459 1351 681 1403 salutem
711 1348 753 1400 ⁹.
789 1346 856 1400 Ει
902 1362 1008 1400 non
1051 1360 1150 1415 ego
1193 1346 1308 1399 haec
1357 1353 1447 1396 aut
1484 1344 1571 1396 illa
1603 1342 1741 1397 bona
1783 1339 1907 1405 feci,
1947 1342 2035 1394 sed

460 1441 631 1509 gratia
661 1439 752 1492 Dei
785 1455 986 1491 mecum
1018 1438 1083 1492 ¹⁰.

533 1531 718 1587 XVIII.
761 1531 930 1587 Recte
971 1530 1235 1587 factorum
1266 1530 1369 1585 sibi
1405 1543 1620 1583 causam
1654 1527 2034 1593 ascribcntem,

462 1636 594 1677 υιδυ
621 1638 781 1690 supra
806 1621 1025 1688 fratres,
1071 1631 1129 1675 ut
1171 1621 1398 1690 tepidos,
1449 1635 1510 1673 ac
1557 1619 1871 1689 languentes
1909 1616 2039 1671 elle-

477 1722 704 1778 reutem,
748 1728 839 1782 per
874 1711 1093 1765 Paulum
1140 1727 1261 1766 eum
1316 1709 1734 1776 exprobratione
1785 1709 2041 1762 Dominus

465 1803 771 1871 compellat.
802 1804 941 1868 Quid
967 1804 1105 1856 enim
1140 1803 1318 1865 habes,
1342 1804 1478 1870 quod
1522 1817 1622 1854 non
1662 1800 1941 1868 accepisti?
1981 1798 2042 1854 Si

465 1905 638 1948 autem
665 1895 926 1961 accepisti,
953 1894 1078 1962 quid
1098 1893 1365 1961 gloriaris,
1391 1892 1539 1954 quasi
1561 1907 1663 1944 non
1683 1893 1939 1958 acceperis
1959 1890 2042 1944 “'i

470 1987 604 2040 Ecce
641 1987 953 2056 relinquitur
981 1987 1071 2038 tibi
1100 1986 1285 2038 damus
1320 1994 1411 2038 tua
1441 1986 1642 2038 deserta
1680 1985 1720 2016 “
1754 2000 1784 2038 a
1821 2000 1949 2040 cura
1987 1991 2042 2038 et

467 2079 804 2148 providentia
840 2093 977 2131 mea.

540 2168 677 2222 XIX.
725 2167 866 2222 Mitis
905 2179 958 2222 et
995 2167 1213 2221 humilis
1258 2176 1504 2222 sanctum
1535 2175 1619 2219 est
1651 2165 1760 2221 Deo
1796 2166 2043 2219 diverso-

471 2260 627 2312 rium.
687 2263 858 2327 Super
905 2275 1057 2328 quem
1102 2258 1263 2318 enim,
1297 2257 1491 2326 inquit,
1545 2257 1886 2324 requiescam,
1946 2253 2045 2308 nisi

465 2366 620 2417 super
649 2350 850 2410 mitem,
893 2356 939 2402 et
983 2347 1252 2412 humilem,
1282 2358 1327 2404 et
1357 2348 1610 2415 quietum,
1656 2355 1702 2399 et
1746 2354 2047 2398 trementem

468 2459 507 2492 δι
530 2457 728 2492 rmones
765 2455 904 2493 meos
941 2439 1018 2491 "'i

546 2529 656 2582 XX.
701 2529 926 2596 Quando
954 2528 1115 2582 timor
1139 2526 1294 2583 nobis
1352 2526 1544 2581 insitus
1590 2526 1744 2581 timet
1787 2527 1847 2580 τὸ
1874 2527 1958 2592 ὅν,
1992 2529 2045 2581 id

470 2623 608 2691 quod
633 2633 728 2684 est,
753 2630 883 2690 puta
917 2619 1107 2682 Deum,
1128 2619 1368 2672 nascitur
1390 2618 1596 2687 religio.
1625 2618 1849 2684 Quando
1871 2628 2048 2674 autem

473 2717 624 2764 umet
660 2711 800 2779 quod
848 2725 951 2764 non
996 2719 1102 2775 est,
1144 2710 1373 2763 vertitur
1409 2709 1460 2762 in
1509 2709 1848 2763 timiditatem
1885 2729 1898 2764 :
1929 2725 2050 2780 qua

471 2818 570 2854 cur
623 2802 688 2853 ad
749 2801 970 2854 meliora
1031 2799 1300 2866 proﬁciat,
1352 2814 1512 2854 causa
1557 2808 1638 2854 est
1687 2801 1946 2870 cognitio,
1999 2812 2053 2855 et

475 2891 730 2945 memoria
763 2891 970 2955 mortis,
1004 2901 1057 2946 et
1080 2888 1585 2959 exspecmtijudicii
1616 2890 2050 2960 inevitabilisju-

471 2985 640 3036 stitia.
698 2982 904 3051 Lapsus
937 2994 1132 3036 autem
1164 2984 1232 3036 ad
1281 2981 1549 3036 deteriora
1593 2996 1746 3036 amor
1788 2985 2051 3053 corporis,

472 3083 526 3129 et
559 3075 766 3139 mundi,
798 3083 851 3128 et
886 3075 974 3142 qui
1017 3073 1146 3128 inde
1184 3072 1448 3128 conﬂatur
1478 3073 1770 3127 iracundia:
1813 3073 2047 3128 habitus.

543 3163 685 3217 XXI.
722 3163 948 3229 Quando
973 3179 1094 3234 qua:
1117 3163 1320 3218 suntin
1349 3179 1436 3218 me
1461 3165 1730 3219 naturalia
1760 3165 2046 3222 aﬂ‘ectuum

477 3252 641 3318 bona,
701 3252 996 3306 secundum
1047 3262 1295 3307 naturam
1345 3265 1657 3320 moventur,
1707 3254 1841 3310 ﬁunt
1883 3255 2044 3310 bona.

470 3342 696 3408 Quando
719 3352 899 3398 autem
925 3352 1121 3412 praeter
1141 3353 1386 3398 naturam
1407 3354 1710 3411 moventur,
1733 3346 1869 3401 (lunt
1886 3347 2041 3407 mala.

544 3431 708 3488 XXII.
748 3433 890 3488 Deus
948 3443 1026 3488 est
1076 3436 1183 3490 vita
1238 3435 1565 3500 essentialis,
1618 3437 1943 3507 principium
1995 3448 2051 3494 et

482 3524 602 3577 linis
636 3523 877 3577 omnium
911 3524 1254 3577 rationalium
1313 3534 1367 3578 et
1391 3539 1421 3579 e
1445 3525 1554 3580 vita
1587 3526 1653 3578 ad
1685 3539 1803 3580 esse
1829 3529 2050 3582 venien-

477 3618 630 3681 tium,
659 3621 862 3669 rentota
893 3623 1066 3669 morte
1103 3631 1220 3685 quae
1257 3616 1458 3671 accidit
1493 3633 1509 3673 :
1541 3632 1646 3672 non
1684 3618 1828 3672 enim
1877 3619 1945 3672 ab
1983 3633 2050 3674 eo

473 3704 564 3771 qui
613 3712 718 3768 est,
756 3717 876 3758 esse
907 3705 1114 3772 habuit,
1147 3714 1205 3758 ut
1249 3705 1410 3759 etiam
1442 3715 1780 3774 permaneat,
1812 3708 2050 3776 penders

473 3798 539 3847 ab
564 3808 630 3848 eo
659 3793 749 3863 qui
779 3803 861 3847 est
893 3811 907 3846 :
945 3793 1083 3848 Deus
1111 3796 1248 3848 enim
1278 3806 1492 3849 mortem
1526 3811 1629 3851 non
1658 3797 1805 3866 fecit,
1831 3815 1922 3853 nec
1960 3801 2052 3854 de-

472 3887 697 3937 lectatur
717 3885 768 3936 in
785 3885 1090 3953 yerditione
1123 3887 1398 3939 viventium
1421 3885 1486 3941 “.

549 3973 735 4028 XXIII.
779 3972 966 4028 Timor
1003 3972 1219 4030 Domini
1257 3976 1553 4046 prudentia:
1594 3988 1788 4048 pater:
1819 3994 1886 4035 ex
1919 3995 2049 4050 pru-

473 4067 656 4122 dentia
704 4081 834 4121 vero
872 4069 1248 4122 mandatorum
1306 4070 1523 4126 sincera
1571 4071 1904 4137 observatio,
1961 4088 2053 4127 co-

476 4160 659 4213 mitem
714 4159 885 4214 trahit
925 4159 1205 4227 sapientia!
1233 4170 1458 4215 matrem
1504 4163 1782 4232 apathian,
1821 4163 2054 4230 ingredi-

475 4264 670 4322 turque
706 4252 756 4305 in
790 4252 1025 4306 animam
1051 4253 1357 4307 divinarum
1380 4264 1436 4310 et
1461 4253 1818 4311 humanarum
1847 4269 2050 4321 rerum,

472 4355 526 4397 et
552 4347 862 4399 earumdem
895 4359 1180 4399 causarum
1215 4346 1475 4415 co'gnitio.

546 4435 735 4492 XXIV.
778 4436 878 4503 Qui
907 4452 1070 4490 unum
1109 4438 1280 4500 timet,
1313 4453 1416 4491 non
1451 4436 1660 4491 timebit
1689 4441 1907 4506 multos,
1945 4439 2052 4494 imo

476 4538 846 4598 veropropter
881 4544 1045 4582 unum
1091 4527 1241 4582 multi
1281 4528 1452 4597 ipsum
1499 4527 1782 4582 timebunt.
1819 4530 1876 4585 Si
1905 4533 2048 4587 enim

476 4619 768 4673 timueritis
809 4619 1096 4673 Dominum
1134 4617 1304 4672 Deum
1337 4627 1601 4686 vestrum,
1645 4621 1844 4690 inquit,
1881 4633 2052 4677 etau-

477 4708 688 4764 dieritis
743 4723 928 4765 vocem
978 4707 1116 4777 ejus,
1163 4707 1339 4762 nullus
1391 4708 1554 4762 stabit
1599 4721 1784 4766 contra
1817 4728 1930 4780 vos,
1957 4715 2052 4768 sed

477 4803 637 4856 timor
664 4810 717 4856 et
765 4811 942 4855 terror
970 4811 1150 4856 vester
1189 4801 1295 4854 erit
1333 4815 1499 4870 super
1534 4818 1720 4858 oumes
1758 4817 1948 4874 gentes
1980 4807 2045 4858 ".

545 4889 714 4946 XXV.
755 4891 1032 4959 Sapientia
1071 4906 1168 4960 per
1199 4891 1631 4948 observationem
1670 4898 2046 4951 mandatorum

474 4981 752 5035 conciliari
781 4981 1083 5037 consuevit.
1116 4980 1232 5035 Non
1264 4982 1405 5035 enim
1433 4983 1571 5040 Deus
1593 5001 1710 5039 eam
1745 4987 2049 5055 impertitur

474 5073 686 5137 otiosis,
731 5071 882 5142 juxta
931 5072 981 5123 id
1027 5074 1168 5141 quod
1211 5074 1427 5142 quidam
1472 5079 1766 5130 secundum
1799 5079 2050 5146 pietatem

474 5164 797 5233 sapientium
857 5160 994 5214 dixit
1046 5181 1059 5216 :
1109 5162 1492 5229 Concupiscens
1545 5168 1880 5233 sapientiam,
1929 5184 2054 5222 con-

478 5270 625 5306 serva
660 5251 954 5321 justitiam,
986 5263 1031 5304 et
1058 5253 1303 5320 prwbebit
1340 5271 1452 5308 eam
1485 5255 1577 5308 tibi
1610 5254 1862 5310 Dominus
1898 5257 1959 5311 “.

546 5341 737 5397 XXVI.
775 5341 876 5407 Qui
924 5343 1137 5398 divitias
1169 5345 1446 5414 sapientiae
1489 5347 1540 5399 in
1589 5345 1862 5414 voluptate
1903 5362 2053 5402 vanae

475 5432 661 5500 gloriae
689 5431 801 5487 vult
828 5447 1147 5489 consumere
1202 5450 1309 5490 non
1345 5435 1564 5491 habebit
1610 5433 1777 5490 Deum
1809 5452 2022 5491 annuen

2073 1771 2116 1827 Β

2129 521 2404 573 obtulerit.
2455 519 2588 572 Male
2639 519 2780 572 enim
2820 519 3150 587 petentibus,
3189 515 3328 571 Deus
3377 517 3441 570 ad
3481 520 3718 573 dandum

2131 627 2369 666 annuere
2404 626 2508 665 non
2553 611 2804 676 sustinet,
2853 619 2910 664 ut
2948 608 3205 675 Jacobus,
3246 609 3446 665 Christi
3488 609 3723 681 discipu-

2139 704 2242 767 lus,
2279 703 2356 756 ait
2385 721 2398 756 :
2445 699 2630 755 I’etitis
2659 709 2706 755 et
2740 717 2842 754 non
2874 701 3134 769 accipitis,
3161 716 3220 754 eo
3243 702 3382 770 quod
3417 701 3554 754 male
3573 711 3722 770 peta-

2135 797 2222 859 tis,
2254 805 2308 846 ut
2341 794 2394 846 in
2418 791 2845 862 concupiscentiis
2875 792 3057 844 vestris
3088 791 3368 845 insumatis
3415 790 3483 846 ".

2209 882 2423 938 XXVII.
2487 883 2709 950 Quando
2753 897 2878 950 pars
2925 882 3121 936 animae
3180 883 3575 952 concupiscens
3622 883 3723 938 sti~

2140 975 2288 1030 nmio
2348 974 2516 1028 divini
2574 973 2788 1028 timoris
2836 972 3033 1042 agitata
3078 976 3146 1026 ad
3197 973 3428 1028 meliora
3488 975 3721 1028 amanda

2140 1078 2408 1132 movetur,
2449 1076 2561 1120 tum
2604 1066 2747 1120 ratio
2795 1064 3055 1119 adversus
3095 1064 3462 1134 improbitatis
3490 1066 3723 1120 artiﬁcia

2139 1160 2377 1227 prudens
2427 1159 2689 1221 redditur,
2735 1168 2790 1211 et
2831 1160 3136 1212 dretnouum
3183 1157 3401 1214 dolosas
3450 1159 3730 1227 nequitias

2141 1251 2444 1320 iudagatas,
2487 1250 2628 1320 parti
2673 1248 2746 1302 illi
2768 1248 2952 1313 tradit,
3006 1249 3060 1302 in
3090 1264 3196 1318 qua
3229 1249 3311 1303 ira
3351 1259 3630 1314 versatur,
3665 1260 3725 1303 ut

2141 1343 2304 1396 minis
2329 1340 2744 1411 potentioribus,
2777 1339 2988 1409 longius
3016 1354 3108 1395 eas
3138 1339 3384 1407 repellat,
3416 1349 3725 1410 opportune

2142 1434 2310 1502 ipsam
2351 1432 2416 1487 ad
2451 1433 2585 1486 iram
2629 1446 2830 1487 acuens
2863 1449 2878 1486 :
2911 1431 2961 1486 id
2998 1431 3139 1501 quod
3175 1431 3339 1485 etiam
3384 1431 3553 1485 David
3592 1432 3723 1486 hor-

2142 1532 2288 1577 tatur
2324 1539 2340 1587 ;
2382 1521 2709 1586 lrascimini,
2743 1521 2937 1590 inquit,
2962 1529 3008 1574 et
3044 1520 3210 1573 nolite
3236 1536 3451 1588 peccare
3482 1519 3544 1573 ¹⁸.

2213 1611 2452 1668 XXVIII.
2484 1611 2633 1666 Tunc
2660 1612 2839 1666 anima
2865 1611 2917 1666 in
2942 1620 3094 1682 parte
3117 1625 3214 1664 sua
3245 1611 3510 1666 irascente
3529 1620 3729 1665 conta-

2144 1706 2402 1770 minatur,
2433 1704 2650 1773 quando
2685 1703 2737 1758 in
2767 1703 2951 1757 mundi
2982 1702 3286 1771 voluptates
3312 1702 3462 1771 lapsa
3498 1717 3596 1769 pro
3620 1702 3727 1758 illis

2142 1798 2402 1851 decertat.
2431 1795 2496 1850 Et
2528 1795 2631 1850 hoc
2678 1794 2824 1850 illam
2877 1793 3088 1859 incitat,
3142 1801 3197 1848 et
3238 1794 3439 1847 adsunt
3480 1793 3634 1848 dolor
3671 1801 3730 1847 e1

2142 1888 2485 1958 malignitas,
2527 1901 2741 1955 semper
2783 1898 2900 1940 eam
2947 1892 3226 1954 urgentes,
3264 1894 3319 1938 et
3363 1892 3551 1938 contra
3596 1897 3729 1937 con-

2142 1989 2322 2034 sortes
2372 1989 2578 2032 natura:
2625 1977 2760 2032 iram
2803 1974 2919 2044 ejus
2967 1983 3329 2042 exacuentes;
3362 1989 3460 2029 nec
3491 1983 3727 2044 reputat,

2142 2073 2186 2127 si
2209 2081 2409 2142 prater
2433 2069 2516 2126 fas
2577 2068 2849 2125 irascendi
2905 2066 3130 2123 facultas
3183 2066 3321 2137 ejus,
3371 2081 3467 2136 per
3520 2077 3730 2121 motum

2144 2172 2340 2231 praeter
2374 2171 2624 2216 naturam
2657 2160 2722 2214 de
2754 2157 2988 2212 naturali
3023 2158 3074 2211 vi
3103 2156 3538 2210 imminutionem
3569 2171 3729 2224 passa

2145 2248 2515 2318 fuerit,quam
2557 2258 2745 2302 contra
2787 2247 3058 2301 dtemones
3096 2255 3150 2299 et
3193 2245 3416 2300 vitiosas
3462 2245 3732 2300 motiones

2146 2339 2213 2394 ah
2239 2341 2354 2408 ipso
2383 2340 2572 2408 opilice
2600 2338 2823 2408 accepit.
2849 2337 3160 2391 Maledictus
3200 2336 3351 2405 furor
3403 2352 3608 2401 eorum,
3641 2337 3734 2390 in-

2147 2434 2282 2502 quit,
2343 2434 2466 2500 quia
2525 2431 2796 2500 pertinax,
2859 2439 2906 2484 et
2965 2429 3259 2499 indignatio
3328 2444 3534 2495 eorum,
3597 2429 3730 2498 quia

2147 2525 2284 2576 dura
2316 2523 2382 2576 ".

2220 2610 2412 2666 XXIX.
2473 2611 2586 2666 Etsi
2636 2608 2882 2666 diabolus
2927 2609 2981 2663 in
3044 2608 3334 2678 Evangelia
3380 2617 3603 2664 vocatus
3647 2617 3736 2662 est

2153 2713 2408 2770 tentator,
2443 2714 2619 2758 tamen
2668 2702 2814 2756 illum
2847 2709 3289 2771 praetentamenta
3323 2700 3562 2756 scientia:
3584 2699 3737 2770 cogi-

2154 2793 2418 2846 tationum
2468 2802 2777 2846 nostrarum
2825 2790 3106 2845 deﬁciunt.
3168 2788 3402 2844 Mentem
3437 2788 3605 2851 enim,
3658 2789 3737 2842 ait

2151 2885 2368 2952 quidam
2425 2883 2763 2937 eruditorum
2813 2881 3059 2948 Patrum,
3103 2882 3250 2936 solus
3290 2880 3460 2944 novit,
3497 2879 3594 2948 qui
3632 2894 3736 2934 nos

2153 2973 2394 3027 condidit
2429 2973 2588 3026 Deus.
2621 2971 2815 3026 Merito
2856 2972 3019 3041 igitur
3049 2969 3349 3033 diabolum,
3389 2979 3443 3024 et
3471 2968 3734 3024 satellites

2152 3063 2269 3132 ejus
2293 3063 2463 3117 latent
2483 3077 2601 3132 qua:
2626 3072 2752 3118 sunt
2775 3062 2827 3116 in
2851 3062 3047 3116 animis
3067 3061 3286 3125 nostris,
3306 3060 3523 3129 quando
3556 3075 3735 3127 neque

2155 3155 2388 3210 essentia
2421 3157 2660 3225 ipsorum
2689 3164 2773 3210 est
2797 3155 3054 3226 cognitio,
3087 3164 3142 3209 et
3171 3152 3238 3208 ab
3263 3167 3335 3208 .eo
3367 3152 3459 3223 qui
3489 3154 3592 3207 hoc
3623 3161 3731 3216 est,

2153 3246 2313 3316 longe
2354 3248 2574 3301 distant.

2225 3333 2391 3389 XXX.
2432 3336 2488 3390 Si
2519 3336 2756 3392 rationes
2793 3351 2980 3391 eorum
3010 3350 3127 3404 qua:
3143 3343 3336 3391 creata
3369 3345 3519 3400 sunt,
3558 3335 3613 3390 in
3640 3347 3740 3390 sa-

2155 3427 2374 3498 pientiae
2403 3426 2670 3482 thesauris
2704 3411 2850 3490 sunt.
2875 3442 2950 3483 eae
2990 3427 3184 3496 ignotas
3213 3436 3358 3494 sunt,
3395 3427 3591 3496 quibus
3615 3425 3732 3494 ipsa

2153 3517 2519 3574 essentialiter
2571 3519 2839 3588 sapientia
2889 3519 3067 3589 ignota
3105 3528 3212 3576 est.
3244 3516 3478 3574 Proinde
3510 3517 3734 3572 Greco-

2154 3624 2276 3664 rum
2345 3609 2624 3678 sapientes
2656 3607 2848 3664 falsum
2875 3618 3224 3679 crepuerunt,
3259 3623 3440 3663 rerum
3463 3607 3736 3663 essentia

2152 3715 2212 3755 se
2247 3714 2404 3755 nosse
2432 3699 2748 3770 gloriantes.
3335 3756 3348 3761 ,

2223 3790 2418 3846 XXXI.
2478 3792 2580 3858 Qui
2630 3791 2767 3861 fugit
2815 3791 2939 3848 mali
2980 3792 3359 3858 imitationem,
3416 3799 3471 3845 et
3513 3803 3618 3844 non
3661 3787 3734 3842 si-

2154 3885 2264 3938 mul
2303 3884 2437 3954 fugit
2483 3882 2623 3938 male
2669 3884 2736 3939 de
2763 3898 2829 3938 eo
2853 3884 3020 3953 loqui,
3045 3898 3149 3936 non
3185 3878 3568 3936 animadvertit
3606 3877 3733 3934 hinc

2155 3973 2387 4029 similem
2423 3989 2481 4029 se
2511 3972 2716 4028 factum
2759 3974 2900 4028 illius
2928 3988 3088 4044 quem
3118 3973 3409 4042 vituperat.

2227 4063 2441 4118 XXXII.
2493 4063 2571 4120 Ne
2606 4065 2934 4120 condemnes
2969 4073 3348 4129 scortatorem,
3389 4063 3433 4120 si
3458 4071 3526 4118 .tu
3551 4070 3738 4118 castus

2154 4158 2263 4224 sis;
2309 4157 2404 4210 sed
2440 4156 2709 4212 actionem
2756 4158 2926 4224 ipsam
2972 4154 3116 4224 fuge,
3149 4167 3402 4226 agentem
3439 4172 3505 4212 ne
3545 4175 3732 4229 repre-

2156 4249 2350 4304 hende.
2412 4248 2512 4315 Qui
2566 4249 2710 4305 enim
2763 4249 2938 4304 dixit:
3000 4248 3124 4302 Non
3185 4249 3560 4318 [ornicaberis,
3588 4253 3734 4308 idem

2155 4339 2320 4394 dixit:
2368 4338 2492 4394 Non
2527 4342 2895 4394 condemnabis
2929 4340 2996 4396 '°.
3035 4339 3189 4406 Quod
3232 4342 3277 4397 si
3320 4356 3426 4398 non
3460 4345 3737 4400 fornicatus

2156 4429 2513 4484 fornicantem
2586 4432 2934 4498 condemnas,
3003 4446 3156 4501 atque
3216 4435 3383 4506 legem
3459 4443 3736 4506 transgre-

2155 4521 2318 4575 deris.

2225 4612 2459 4670 XXXIIII.
2501 4615 2602 4682 Qui
2653 4632 2711 4673 se
2750 4617 2802 4672 in
2836 4633 2960 4672 vera
3001 4619 3305 4677 humilitate
3327 4631 3566 4688 exercet,
3593 4639 3736 4679 sem-

2153 4723 2252 4776 per
2283 4721 2504 4761 suorum
2542 4723 2764 4776 operum
2818 4712 3124 4782 inquisitor,
3161 4715 3268 4770 Deo
3303 4731 3376 4771 ac
3411 4715 3584 4780 judici
3611 4733 3733 4771 cum

2161 4798 2412 4868 religioso
2437 4800 2631 4855 timore
2673 4803 2898 4869 assistit,
2935 4805 3186 4876 illiusque
3211 4808 3637 4864 misericordiam
3663 4814 3730 4862 ad

2157 4902 2215 4942 se
2241 4889 2471 4958 pellicit.
2515 4890 2905 4950 Decentissimc
2958 4907 3139 4951 autem
3169 4899 3431 4964 judicium
3459 4901 3513 4956 in
3541 4917 3736 4957 omnes

2160 4979 2232 5032 illi
2265 4981 2549 5048 permittit.
2591 4983 2775 5039 Metuit
2819 4987 2960 5041 enim
3007 4991 3097 5057 qui
3138 5001 3221 5044 est
3246 4991 3490 5060 ejusdem
3527 5005 3736 5048 naturae

2161 5085 2281 5125 cum
2346 5073 2410 5127 iis
2437 5075 2528 5143 qui
2552 5073 2889 5145 judicantur,
2929 5081 3170 5136 assidere
3194 5083 3293 5150 illi,
3321 5087 3412 5152 qui
3439 5095 3522 5140 est
3543 5097 3736 5140 natura

2149 5163 2338 5232 judex,
2366 5180 2486 5220 cum
2539 5169 2653 5237 ipse
2693 5179 2901 5230 natura!
2924 5176 3262 5229 consortium
3286 5177 3358 5232 sit
3398 5178 3616 5250 iniquus
3649 5195 3738 5233 ar-

2154 5256 2312 5312 biter.

2234 5349 2476 5406 XXXIV.
2505 5352 2730 5420 Quando
2765 5363 2815 5410 te
2842 5357 3098 5427 cogitatio
3126 5359 3190 5413 ad
3214 5358 3354 5416 facta
3393 5365 3622 5432 proximi
3647 5365 3737 5430 ju-

2171 5441 2398 5496 dicanda
2471 5455 2561 5497 ant
2616 5444 2920 5501 damnanda
2981 5449 3144 5518 rapit,
3207 5461 3316 5507 tum
3385 5456 3452 5510 ad
3489 5458 3737 5526 teipsum

543 5628 738 5718 l:‘I‘sal.
773 5644 936 5718 LIX-VII,
1124 5633 1154 5718 ’Δ
1187 5629 1672 5718 ῐ³διι1ἕωιῑιμίι.ι,“ιιτ⁶
1736 5631 1779 5663 ⁸⁸
1795 5633 1970 5718 i605.
1995 5648 2083 5718 xv,
2115 5633 2196 5687 10.
2260 5637 2303 5718 1‘
2339 5638 2512 5718 lacer.
2536 5655 2618 5718 iv,
2651 5640 2728 5718 7._
2767 5643 2808 5674 ¹¹
2841 5642 2968 5718 Luc.
3008 5661 3126 5709 χιιι,
3159 5649 3250 5703 35.
3297 5651 3336 5681 "
3368 5651 3468 5706 lsa.
3497 5668 3644 5718 wa,
3676 5655 3733 5712 Ξ,

471 5697 517 5730 ⁸⁸
553 5700 678 5770 Sap.
726 5717 762 5766 t,
795 5702 876 5755 l5.

957 5703 997 5734 "
1027 5704 1177 5759 Deut.
1214 5719 1288 5770 ιιι,
1311 5703 1400 5757 25.
1459 5703 1500 5732 ¹⁶
1530 5702 1695 5756 Eccli.
1723 5705 1882 5767 ι,5ὃ.
1921 5703 1961 5735 ¹⁷
1993 5702 2110 5758 Jac.
2152 5721 2224 5771 tv,
2259 5707 2307 5758 3.
2353 5709 2394 5738 ¹⁸
2426 5709 2563 5764 Psal.
2593 5727 2663 5776 tv,
2696 5713 2728 5766 5

2805 5715 2846 5744 "
2871 5713 2982 5771 Gen
3027 5732 3170 5784 xm,
3204 5719 3251 5772 7.
3313 5723 3356 5752 ’°
3381 5723 3512 5777 Luc.
3549 5713 3744 5790 vr,'37..
