4048 6448
316 429 423 495 817

1555 437 1822 496 CAPITA
1855 436 2364 498 ΗΟΠΤΑΤΟΒΙΛ.

3489 437 3592 501 818

318 563 642 615 conversus,
698 548 944 603 actiones
999 557 1120 603 tuas
1153 557 1344 604 exacte
1373 547 1646 617 diiudica:
1682 565 1746 605 ne
1779 549 1915 604 forte
1945 555 2197 611 Atamen
2255 550 2504 616 certavit,
2555 565 2771 604 cursum
2808 548 3226 613 consummavit,
3286 547 3445 601 fidem
3473 563 3593 604 ser-

319 640 452 695 dum
509 640 743 708 proximi
791 648 976 694 errata
1016 639 1217 692 leviora
1262 640 1433 709 rigide
1458 654 1669 707 censes,
1698 650 1914 709 tute-gra-

320 733 477 785 viora
536 732 808 796 incarras,
849 739 904 783 et
949 730 1197 785 nescias:
1238 746 1300 785 ac
1344 733 1436 786 tibi
1479 731 1597 786 tale
1632 731 1909 800 quiddam,

321 824 485 893 quale
506 822 780 877 Pharisazo
811 823 919 887 illi,
938 825 1240 892 contingat,
1285 837 1500 892 nempe,
1544 833 1602 877 ut
1635 821 1911 879 Publicaui

325 914 516 983 culpas
556 913 943 983 inspiciens“,
985 923 1041 967 ct
1095 923 1185 967 tua
1229 913 1399 982 ipsius
1428 914 1720 968 commissa
1746 915 1914 984 negti-

325 1022 500 1076 gens,
534 1020 695 1075 quem
747 1005 995 1071 damnas,
1027 1005 1178 1059 illum
1205 1005 1380 1075 ipsum
1406 1004 1640 1071 indicem
1678 1005 1904 1062 habeas.

329 1096 421 1150 Ex.
455 1094 866 1165 comparatione
908 1094 1054 1149 enim
1102 1093 1380 1147 Publicaui
1410 1092 1550 1147 Deus
1573 1090 1909 1147 Pbarisaeum

329 1185 740 1253 condemnavit,
791 1184 1228 1256 quandoquidem
1279 1184 1347 1239 ab
1390 1182 1696 1239 humilitate
1743 1183 1911 1238 elatio

329 1278 679 1333 condemnari
706 1277 1009 1332 consuevit.

403 1363 624 1421 XXXV.
664 1365 766 1432 Qui
813 1374 1035 1421 accusat
1071 1381 1100 1418 a
1139 1379 1245 1435 quo
1268 1364 1370 1420 sibi
1416 1364 1605 1431 verbo,
1648 1373 1741 1419 aut
1772 1364 1915 1420 facto

331 1459 571 1526 irrogata
625 1466 713 1512 est
759 1456 977 1527 injuria,
1033 1470 1157 1511 cum
1202 1456 1389 1511 eodem
1426 1471 1453 1509 a
1486 1465 1710 1526 peccato
1741 1455 1916 1511 victus

332 1548 695 1618 imbellisque,
743 1557 961 1602 etcum
1008 1547 1273 1617 iujurioso
1320 1546 1580 1617 insipiens
1607 1546 1914 1617 deprchen-

333 1640 515 1693 ditur:
578 1638 778 1692 malum
818 1638 964 1693 enim
1010 1637 1169 1692 malo.
1195 1637 1337 1694 ultus
1374 1647 1500 1705 est,_
1525 1647 1581 1692 et
1611 1635 1833 1706 perinde
1857 1643 1917 1690 ut

333 1730 444 1796 ille,
489 1728 633 1784 malo
678 1737 988 1799 perpetrato
1026 1729 1160 1802 legis
1207 1730 1591 1801 pratvaricator
1613 1727 1916 1784 evasit.Ait

334 1821 478 1875 enim
520 1833 537 1872 :
575 1817 656 1874 Ne
711 1820 913 1873 nmium
963 1822 1057 1887 pro
1097 1820 1404 1886 malo,_neue
1445 1819 1795 1873 maledictum
1818 1833 1914 1888 pro

336 1910 621 1964 maledicto
662 1911 854 1964 reddas
884 1912 953 1965 ἰ.

409 2000 754 2056 ΧΧΧἮ..8Ξ
793 2002 952 2067 ﬁdes,
994 2002 1294 2058 secundum
1336 2000 1619 2070 Iacobum,
1650 2001 1769 2057 sine
1795 2017 1920 2070 ope-

341 2095 492 2149 ribus
518 2103 733 2149 mortua
763 2103 844 2149 est
885 2093 965 2159 ²³,.
983 2103 1254 2148 mortuum
1280 2101 1459 2148 autem
1490 2096 1543 2148 in
1576 2092 1643 2149 iis
1665 2108 1785 2163 quae
1810 2107 1916 2147 non

338 2194 861 2253 sunt,.numeratur,
902 2195 1049 2241 errat
1078 2187 1260 2255 igitur,
1288 2186 1380 2257 qui
1420 2186 1581 2243 (Idem
1631 2185 1920 2240 virtutibus

341 2276 653 2331 destitutam
678 2290 738 2330 se
774 2276 977 2331 habere
1006 2283 1182 2345 putat,
1210 2283 1366 2331 etest
1393 2275 1642 2340 inﬁdelis,
1676 2275 1923 2344 quamvis

344 2368 504 2422 tidem
536 2367 590 2422 in
623 2367 791 2423 Deum
817 2382 878 2423 se
908 2367 1107 2423 habere
1131 2374 1401 2422 autumet.

412 2456 679 2513 XXXVII.
729 2456 916 2513 Justus
954 2456 1052 2513 Dei
1108 2456 1284 2513 cultor
1336 2454 1439 2512 Job
1501 2456 1676 2512 dictus
1719 2468 1805 2513 est
1856 2458 1922 2524 “,

344 2551 469 2618 quia
503 2547 763 2618 Operibus
806 2547 1063 2617 pietatem
1108 2562 1234 2618 erga
1272 2546 1441 2602 Deum
1473 2556 1620 2603 recte
1653 2550 1924 2619 praestitit.

343 2639 462 2695 Non
507 2641 655 2694 enim
696 2641 879 2695 verbis
906 2641 1066 2695 nudis
1097 2639 1264 2694 Deum
1289 2639 1517 2703 colebat,
1552 2640 1713 2695 factis
1746 2651 1927 2696 autem

345 2730 607 2786 mandata
651 2730 772 2800 ejus
805 2731 1221 2801 aspernabatur.
1245 2730 1483 2801 Injustus
1502 2741 1684 2787 autem
1716 2733 1927 2789 audiet:

345 2826 492 2891 Quid
528 2840 608 2879 me
649 2839 826 2892 vocas,
858 2824 1113 2892 Domine,
1156 2823 1399 2888 Domine,
1436 2824 1789 2893 anon‘facis
1816 2840 1932 2893 qua:

341 2918 464 2971 dico
502 2917 547 2948 ³⁸
567 2917 593 2970 ?

416 3006 712 3063 XXXVIII.
752 3006 970 3062 Fidelis
999 3014 1085 3062 est
1121 3005 1410 3060 benevolus
1450 3006 1864 3060 commissorum
1904 3021 1932 3059 a

346 3101 461 3155 Deo
493 3100 856 3169 legitimorum
887 3099 1024 3152 citra
1070 3097 1558 3167 transgressionem
1588 3108 1793 3154 custos.

418 3191 662 3247 XXXIX.
684 3196 853 3259 Quem
873 3191 1066 3246 retinet
1083 3206 1175 3245 seu
1197 3190 1434 3260 possidet
1455 3192 1708 3257 mun'lns,
1736 3206 1842 3244 non
1873 3190 1933 3243 Ii-

346 3286 506 3339 herat
544 3284 799 3351 leinpus;
844 3298 1002 3352 quem
1053 3290 1236 3335 autem
1288 3295 1393 3335 non
1448 3283 1639 3335 retinet
1674 3282 1927 3345 uumdus,

348 3392 458 3431 non
505 3376 709 3445 subicit
762 3384 995 3444 tempus.
1040 3373 1153 3428 Hoc
1187 3387 1251 3427 ex
1293 3374 1533 3439 senibus,
1559 3373 1624 3428 de
1657 3373 1851 3442 quibus
1885 3374 1935 3424 in

349 3468 583 3524 liismria
637 3466 900 3522 Susanna?
925 3466 992 3530 “‘,
1048 3476 1101 3520 et
1151 3480 1216 3519 ex
1244 3464 1581 3519 adolescente
1608 3462 1844 3532 Josepho
1870 3462 1935 3516 li-

347 3573 484 3630 quet
516 3563 588 3616 ⁸⁷.
612 3561 744 3617 Nam
792 3561 868 3615 illi
898 3562 951 3615 in
999 3559 1190 3614 all'ecta
1232 3568 1391 3614 aitate
1433 3573 1587 3613 suam
1615 3558 1890 3612 libidinem
1922 3576 1937 3625 ;

349 3654 446 3707 hic
501 3666 630 3707 vero
679 3650 839 3707 annis
881 3649 1212 3720 juvenilibus
1256 3664 1426 3704 canos
1463 3647 1733 3720 pudicitia:
1764 3661 1940 3703 mores

348 3744 774 3799 demonstravit.

426 3833 543 3889 XL.
601 3834 790 3891 Manus
828 3835 992 3891 animi
1044 3845 1171 3891 sunt
1226 3834 1454 3889 virtutes
1499 3834 1551 3887 in
1598 3832 1808 3886 actione
1845 3844 1938 3900 po-

352 3928 500 3995 sitae,
550 3906 750 3997 quibus
798 3926 1114 3996 perfunctus
1155 3926 1316 3980 homo
1346 3924 1531 3995 implet
1574 3937 1765 3978 manus
1819 3936 1947 3977 suas

351 4028 411 4073 et
467 4021 530 4071 lit
580 4019 861 4082 sacerdos,
911 4018 1001 4088 qui
1055 4015 1164 4070 Deo
1194 4016 1248 4071 in
1280 4015 1500 4071 Christo
1526 4012 1653 4069 Jesu
1707 4013 1945 4069 hostiam

355 4109 540 4166 laudis
559 4108 759 4165 oll'erre
791 4117 968 4178 potest
1007 4126 1020 4164 :
1066 4108 1189 4163 Non
1221 4117 1296 4162 est
1320 4107 1459 4161 enim
1487 4108 1723 4177 speciosa
1749 4106 1865 4160 laus
1896 4107 1949 4159 in

353 4221 451 4258 ore
476 4203 771 4273 peccatoris
797 4202 864 4255 ".

429 4294 573 4350 XLI.
621 4295 905 4359 luitis-est,
942 4308 1064 4364 qua:
1108 4308 1206 4364 per
1245 4289 1754 4359 contemplationem
1791 4303 1949 4344 crea-

360 4397 621 4441 turarum
642 4384 752 4440 Deo
771 4400 868 4455 pro
892 4384 1158 4454 dignitate
1174 4382 1403 4438 offertur
1415 4382 1726 4437 celebratio.
1760 4380 1951 4435 Aliter.

358 4480 514 4534 Laus
571 4486 679 4543 est,
728 4491 850 4546 quae
923 4490 1021 4543 pro
1054 4475 1383 4529 revelatione
1416 4472 1795 4544 mysteriorum
1846 4470 1956 4525 Deo

2013 644 2179 710 varii,
2234 652 2559 713 exspectans
2610 642 2836 713 iustitiae
2876 656 3158 704 coronam,
3188 640 3590 695 "desideravit

2013 733 2232 789 dissolvi
2290 745 2345 789 et
2402 749 2523 789 esse
2572 748 2701 790 eum
2757 732 3088 787 Christo“.
3136 729 3203 784 Et
3255 731 3397 801 quod
3439 730 3592 784 multi

2014 840 2347 897 magnopere
2404 825 2635 896 fugiunt,
2700 824 2943 895 separari
2997 838 3025 876 a
3097 836 3346 892 corpore,
3380 821 3486 876 hoc
3514 820 3591 875 illi

2013 926 2133 973 erat
2158 917 2210 970 in
2255 916 2479 986 optatis.

2086 1007 2268 1063 XLIII.
2301 1007 2402 1074 Qui
2436 1008 2489 1062 in
2524 1007 2628 1062 hoc
2664 1005 2862 1062 saeculo
2889 1016 3071 1060 morte
3091 1012 3298 1075 peccati
3323 1012 3421 1059 est
3444 1018 3592 1057 mor-

2016 1110 2164 1167 tuus,
2199 1109 2255 1155 et
2306 1101 2395 1157 cui
2432 1099 2545 1156 vita
2587 1098 2885 1155 secundum
2914 1111 3129 1152 carnem
3186 1105 3272 1151 est
3318 1096 3515 1164 potior,
3551 1095 3595 1150 is

2015 1206 2121 1247 non
2148 1191 2420 1246 immerito
2453 1189 2852 1258 separationem
2871 1187 3075 1254 carnis,
3111 1201 3206 1256 per
3230 1200 3394 1255 quam
3418 1201 3446 1239 a
3463 1186 3592 1250 vita,

2016 1298 2178 1353 quam
2210 1283 2264 1338 in
2299 1282 2552 1337 manibus
2574 1281 2737 1335 habet
2764 1279 3112 1350 disiungitur,
3152 1277 3430 1331 formidat.
3487 1275 3590 1331 Ju-

2016 1385 2133 1431 stus
2181 1385 2360 1430 autem
2402 1383 2534 1431 ante
2570 1372 2967 1442 separationem
2991 1370 3212 1434 carnis,«
3236 1368 3392 1439 juxta
3424 1367 3592 1436 legem

2017 1478 2071 1524 et
2103 1467 2475 1539 praescriptum
2505 1464 2722 1519 virtutis
2755 1479 2783 1519 a
2810 1478 2974 1519 carne
3016 1463 3318 1532 sejunctus,
3348 1469 3402 1515 et
3429 1461 3593 1513 vitam

2018 1561 2070 1615 in
2123 1575 2288 1616 carne
2344 1567 2570 1614 mortem
2613 1565 2890 1627 reputans,
2929 1563 2988 1608 ut
3016 1555 3092 1608 ait
3138 1554 3330 1608 beatus
3365 1549 3592 1605 Paulus:

2016 1651 2214 1723 Infelix
2232 1667 2325 1722 ego
2350 1650 2545 1705 homo:
2571 1649 2689 1720 quis
2719 1664 2801 1701 me
2832 1645 3071 1700 liberabit
3107 1645 3173 1698 de
3209 1658 3425 1712 corpore
3452 1656 3596 1694 mor-

2016 1742 2083 1797 tis
2112 1740 2270 1812 hujus
2291 1740 2334 1772 ³³
2363 1740 2386 1793 ?
2419 1740 2509 1796 hic
2534 1741 2601 1793 ad
2628 1738 2794 1793 vitam
2830 1750 3015 1790 veram
3047 1733 3417 1804 progrediens,
3445 1745 3595 1785 mor.-

2020 1840 2127 1887 tem
2161 1831 2473 1887 sensibilem
2519 1829 2714 1884 merito
2741 1825 3169 1897 amplectendam
3193 1822 3364 1891 ducit,
3409 1829 3596 1892 utpote

1952 1912 1997 1968 Β
2024 1936 2128 1993 qua
2179 1921 2244 1975 ad
2275 1934 2454 1975 veram
2496 1918 2661 1973 vitam
2692 1914 3099 1972 transmittitur.

2087 2011 2272 2069 XLIV.
2324 2011 2435 2067 Illic
2489 2025 2608 2066 esse
2658 2008 2883 2079 quilibet
2938 2007 3179 2074 festinat,
3232 2005 3320 2059 ubi
3375 2002 3590 2075 posses-

2020 2106 2200 2161 siones
2246 2120 2375 2161 suas
2423 2113 2478 2160 et
2518 2103 2806 2158 facultates
2844 2101 3025 2165 habet,
3071 2098 3188 2153 sive
3227 2096 3317 2151 ubi
3357 2110 3416 2151 se
3454 2093 3601 2150 velut

2021 2198 2289 2268 captivam
2327 2196 2530 2266 prrebet
2565 2194 2682 2264 ejus
2708 2192 2996 2262 cupiditas.
3032 2189 3132 2257 Qui
3156 2186 3602 2258 igitur-caelestes

2023 2290 2391 2362 possessiones
2421 2294 2702 2356 exoptant,
2729 2295 2788 2340 ut
2827 2285 2880 2340 in
2909 2283 3138 2354 patriam
3164 2280 3437 2351 propriam
3468 2294 3604 2333 eun-

2027 2391 2130 2447 tes,
2184 2381 2482 2436 discessqu
2546 2393 2577 2433 a
2630 2391 2862 2447 corpore
2916 2373 3332 2442 concupiscunt.
3374 2370 3444 2423 At
3473 2383 3604 2425 vero

2027 2475 2117 2545 qui
2188 2471 2508 2527 melioribus
2550 2468 2792 2535 destituti
2838 2476 2987 2533 sunt,
3030 2465 3117 2520 his
3166 2461 3431 2519 terribilis
3457 2468 3538 2515 est
3571 2476 3605 2513 a

2029 2578 2255 2633 corpore
2303 2561 2611 2632 emigratio,
2656 2574 2778 2630 qua!
2818 2558 2938 2613 illos
2991 2557 3231 2627 ipsorum
3261 2550 3609 2608 facultatibus

2029 2665 2082 2711 et
2106 2657 2346 2727 ipsorum
2374 2655 2629 2724 opinione
2651 2650 2907 2721 iucundis
2940 2648 3157 2719 spoliat.

2097 2747 2259 2802 XLV.
2319 2747 2453 2802 Cum
2507 2745 2859 2815 parsauimm
2897 2743 3160 2804 irascens,
3214 2747 3272 2793 et
3305 2751 3434 2807 pars
3477 2751 3609 2790 con~

2032 2838 2316 2907 cupiscens
2364 2836 2504 2889 male
2546 2834 2884 2903 conspirant,
2928 2831 3174 2889 nascitur
3217 2826 3461 2891 tristitia,
3504 2826 3611 2885 ira.

2034 2925 2258 2989 invidia,
2311 2925 2556 2992 iniquum
2603 2921 2809 2986 odium,
2857 2919 3177 2987 iniuriarum
3240 2914 3533 2974 memoria,-
3558 2922 3615 2963 et

2034 3020 2078 3074 si
2117 3018 2243 3086 quid
2288 3017 2481 3071 horum
2552 3025 2637 3069 est
2683 3013 2877 3066 simile.
2923 3010 3074 3077 Quod
3115 3008 3159 3063 si
3209 3021 3361 3061 tuens
3406 3004 3618 3058 meliori

2037 3111 2366 3181 cogitatione
2412 3109 2584 3162 dictas
2624 3105 2910 3160 facultates
2950 3100 3296 3169 disiunxerit,
3336 3109 3388 3153 et
3413 3097 3616 3150 nitatur

2040 3217 2165 3274 pars
2239 3205 2481 3256 irascens
2567 3198 2703 3252 tueri
2770 3212 2833 3250 ac
2898 3193 3205 3255 defendere,
3284 3202 3618 3259 qumt‘uttqttc

2041 3296 2252 3350 divinus
2320 3294 2481 3347 timor
2549 3289 2774 3346 meliora
2816 3286 3079 3356 suggerit,
3163 3278 3618 3346 concupiscentim

2041 3400 2258 3442 aversos
2292 3401 2321 3438 a
2372 3385 2585 3439 ratione
2630 3383 2866 3451 impetus
2908 3377 3159 3438 retrahit,
3201 3383 3256 3428 et
3282 3373 3519 3427 animum
3553 3371 3626 3420 ad
3652 3400 3665 3407 -ι

2037 3478 2184 3548 juste
2211 3477 2556 3531 irascendum
2592 3480 2787 3537 movet,
2811 3484 2877 3526 ne
2896 3477 3101 3542 peccet,
3134 3484 3160 3521 a
3180 3461 3619 3533 concupiscentia

2042 3569 2168 3623 mali
2223 3568 2537 3623 inclinatus.
2596 3564 2657 3617 Et
2702 3564 2804 3618 hoc
2840 3570 2942 3628 est,
2998 3559 3326 3622 Irascimiui,
3366 3566 3413 3609 et
3467 3553 3647 3631 nolite_

2042 3676 2259 3731 peccare
2284 3660 2353 3715 ³³.

2116 3750 2298 3807 XLVI.
2351 3748 2534 3805 Ollieia
2590 3746 2845 3816 practirae
2883 3747 3149 3801 seminum
3185 3744 3451 3798 rationem
3507 3754 3621 3794 sns-

2048 3843 2238 3904 tinent,
2304 3853 2532 3909 quorum
2578 3835 3072 3905 irreprchensibilis
3125 3832 3370 3902 operatio
3409 3830 3473 3882 ad
3503 3845 3619 3882 ιιιι-

2049 3933 2325 3987 turitatem
2416 3927 2696 3999 perducta,
2768 3926 3183 3996 respondentem
3234 3922 3386 3994 praxi
3443 3919 3628 3988 cogni-

2052 4027 2251 4080 tionem
2299 4023 2466 4093 parit.
2497 4019 2789 4076 Seminatis
2828 4019 2971 4073 enim
3015 4016 3168 4071 vobis
3205 4016 3336 4083 ipsis
3364 4012 3428 4067 ad
3475 4012 3634 4081 justi-

2052 4118 2203 4181 tiam,
2247 4114 2431 4169 metite
2488 4111 2638 4166 vobis
2672 4111 2807 4181 ipsis
2834 4108 2898 4164 ad
2943 4107 3181 4162 fructum
3240 4106 3385 4168 vitae,
3432 4103 3633 4157 illumi-

2054 4218 2179 4264 nate
2215 4206 2369 4263 vobis
2405 4204 2535 4272 ipsis
2577 4202 2756 4257 lumen
2797 4200 3060 4256 scientiae.
3644 4256 3651 4275 ἡ

2126 4296 2336 4354 XLVII.
2384 4297 2441 4351 lu
2491 4293 2791 4350 seminibus
2817 4290 3238 4360 unumquodque
3296 4286 3474 4343 simile
3512 4299 3635 4355 pro-

2056 4391 2205 4446 ducit
2233 4409 2247 4445 :
2295 4389 2388 4445 sed
2424 4388 2476 4442 in
2502 4385 2801 4443 seminibus
2842 4382 3059 4438 virtutis
3084 4396 3188 4437 non
3225 4381 3299 4436 ita
3332 4394 3390 4435 se
3421 4394 3508 4432 res
3539 4379 3638 4432 hs-

2057 4483 2169 4538 bet.
2219 4479 2364 4537 Idem
2418 4479 2616 4535 etenim
2664 4478 2887 4533 duarum
2934 4488 3111 4544 saepe,
3160 4483 3253 4527 aut
3307 4471 3496 4536 trium,
3549 4480 3677 4523 aut.

362 4570 603 4624 dicatur
669 4568 971 4639 gratiarum
1028 4568 1234 4623 aetoria
1292 4565 1638 4634 glorificatio,
1689 4573 1746 4617 ut
1787 4561 1932 4631 inqui

2063 4572 2415 4644 plurimarum
2438 4584 2602 4638 opera
2633 4566 2993 4631 seminarum,
3024 4573 3077 4619 et
3102 4563 3266 4618 alium
3292 4570 3455 4632 atque
3475 4559 3640 4615 alium

364 4660 581 4725 D:miel,
624 4659 745 4728 Ipse
791 4659 982 4714 revelat
1018 4658 1285 4727 profunda
1330 4668 1377 4709 et
1428 4656 1758 4720 abscondita,
1782 4664 1829 4708 et
1865 4670 1959 4708 no-

365 4755 441 4808 vit
504 4753 560 4806 in
613 4752 837 4807 tenebris
885 4753 1191 4813 constituta,
1230 4760 1278 4803 et
1306 4753 1399 4802 tua:
1426 4764 1545 4802 cum
1574 4764 1633 4801 eo
1664 4757 1758 4801 est.
1818 4745 1959 4813 Tibi,

373 4842 518 4897 Deus
558 4852 770 4909 patrum
796 4851 1123 4908 nostrorum,
1151 4839 1428 4909 conﬁteor,
1454 4850 1600 4908 teque
1620 4838 1807 4905 laudo,
1837 4839 1961 4908 quia

367 4937 693 5007 sapientiam
715 4949 761 4991 et
787 4937 1148 5006 fortitudinem
1174 4935 1368 4988 dedisti
1400 4934 1550 4998 mihi,
1574 4942 1622 4987 et
1639 4948 1778 4986 nunc
1801 4941 1966 4986 osten-

367 5034 508 5091 disti
564 5030 691 5084 mihi
739 5045 859 5100 quia
924 5028 1223 5098 rogavimus
1293 5034 1341 5079 le
1374 5027 1439 5089 ἀ,
1495 5033 1969 5093 et.qn:n.sequun—

370 5140 489 5184 tur.

450 5217 620 5273 XLII.
657 5216 907 5271 Mortem.
925 5213 1115 5268 timere
1158 5209 1298 5265 haud
1342 5219 1427 5265 est
1466 5207 1762 5265 secundum
1807 5216 1967 5261 natu—-

374 5328 523 5378 ram,
556 5324 716 5365 nemo
740 5307 1009 5377 siquidem
1049 5314 1239 5360 contra
1280 5317 1398 5357 eam
1424 5302 1719 5371 quidquam
1747 5301 1965 5354 audeat.

373 5405 451 5458 At
502 5415 649 5456 nunc
693 5400 764 5455 ab
811 5397 1087 5460 omnibus,
1131 5394 1222 5463 qui
1260 5394 1427 5447 vitam
1458 5398 1625 5461 agunt
1655 5404 1724 5443 ex
1750 5395 1965 5454 virtute,

377 5493 775 5551 contemnitur.
828 5487 1117 5544 Sordidata
1175 5485 1342 5555 igitur
1403 5481 1735 5537 conscientia
1781 5481 1972 5536 mortis

380 5597 593 5645 metum
643 5583 821 5640 all‘ert.
862 5581 1002 5638 Hinc
1035 5579 1257 5642 Paulus,
1298 5584 1582 5647 postquam
1615 5576 1810 5629 bonum
1849 5590 1971 5627 cer-

455 5724 500 5756 ”
533 5723 664 5779 an.
697 5720 783 5787 l8,
813 5719 1042 5791 passim.
1096 5715 1358 5791 if'_ltom.
1382 5728 1477 5773 xtl,
1506 5712 1608 5779 i7;

385 5798 434 5828 “
458 5796 598 5847 Dan.
636 5807 755 5855 xui,
787 5792 1009 5859 passim.

394 5865 439 5899 "
476 5864 718 5933 Philipp.
743 5850 904 5928 £25.
984 5859 1026 5891 ³²
1057 5858 1216 5914 Rom.
1246 5870 1339 5919 νιι,
1364 5855 1458 5910 ⁸24.
1536 5852 1580 5884 ³³
1621 5850 1762 5907 Psal.
1797 5867 1868 5917 tv,-
1899 5852 1949 5906 5.

1118 5717 1165 5751 ²¹
1204 5715 1358 5770 Rom.
1382 5728 1477 5773 xtl,
1506 5712 1608 5779 t7;
1680 5710 1853 5765 IPor.
1886 5726 1935 5765 ιιι

1090 5788 1132 5820 ’⁷
1165 5785 1303 5840 Gen.
1334 5798 1517 5848 χχχιιι,
1563 5783 1782 5848 passim.
1863 5782 1908 5812 "’

2041 5750 2052 5764 .
2131 5710 2178 5742 ³⁸
2233 5710 2347 5763 Jac.
2381 5723 2442 5770 II,
2475 5710 2567 5762 ‘16.
2651 5710 2697 5738 ⁸⁵
2754 5710 2853 5759 Job
2902 5717 2939 5763 l,
3003 5710 3049 5753 ‘l.
3129 5710 3174 5729 "
3233 5710 3364 5748 Luc.
3428 5710 3503 5748 γι.
3565 5710 3657 5747 eo.

2041 5780 2109 5836 :li.
2145 5794 2235 5843 xv,
2271 5781 2326 5835 9.
2401 5779 2446 5810 ²⁰
2482 5777 2616 5832 Dan.
2647 5790 2704 5841 Il,
2734 5774 2824 5835 2:2,
2848 5772 2938 5828 9.5.
3016 5771 3059 5801 ³⁸³
3088 5766 3179 5821 Ἰι·
3205 5765 3342 5820 Tim.
3386 5777 3458 5827 tv,
3512 5761 3566 5826 7,
3602 5764 3658 5837 8.

2068 4665 2303 4719 fructum
2354 4661 2548 4732 gignit,
2597 4668 2657 4713 ut
2705 4659 2846 4714 hunc
2898 4657 3119 4726 quidem
3153 4668 3367 4710 servum
3397 4652 3494 4709 Dei
3541 4666 3649 4706 cos

2069 4755 2308 4827 gnitione
2364 4751 2632 4823 perficiat,
2677 4750 2821 4804 hunc
2877 4748 3136 4812 amicum,
3172 4747 3313 4801 hunc
3363 4743 3530 4801 lilium
3572 4744 3649 4796 fa-

2070 4849 2197 4902 ciat.
2248 4844 2623 4901 Diversitatem
2669 4851 2852 4895 autem
2895 4840 3196 4911 germinum
3224 4839 3382 4892 unius
3423 4836 3650 4892 seminis

2071 4936 2310 4992 elliciunt
2368 4947 2581 4998 sensus,
2635 4930 2832 5001 quibus
2881 4939 3186 4994 moventur,
3237 4929 3327 4998 qui
3374 4927 3647 4982 actionum

2068 5028 2273 5083 semina
2294 5025 2526 5095 iaciunt.
2556 5023 2766 5078 Bonum
2810 5023 2976 5086 enim,
3003 5037 3068 5076 ex
3111 5036 3277 5075 sensu
3309 5018 3519 5073 timoris
3556 5018 3645 5068 Dei

2068 5117 2419 5180 seminatum,
2455 5127 2674 5168 servum
2723 5111 2817 5165 Dei
2868 5119 3115 5179 generat.
3173 5108 3326 5174 Quod
3364 5113 3544 5160 autem
3579 5120 3683 5164 ex,

2068 5204 2457 5262 introductoria
2511 5202 2798 5266 charitate,
2829 5203 2920 5256 Dei
2974 5201 3141 5253 lilium
3179 5197 3373 5252 allicit.

2146 5298 2382 5355 XLVIII.
2422 5296 2631 5352 Animae
2668 5300 2734 5351 ad
2769 5298 2965 5350 bonum
3002 5293 3267 5362 agendum
3313 5289 3659 5345 constituens

2078 5394 2333 5459 dumque,
2395 5390 2496 5443 tria
2550 5387 2845 5443 certamina
2903 5384 3179 5439 subeunda
3229 5390 3374 5437 sunt.
3410 5378 3653 5433 Primum

2079 5481 2298 5553 quidem
2356 5489 2440 5535 est
2480 5495 2602 5534 cum
2648 5479 2845 5548 aliquid
2899 5491 3020 5531 cum
3059 5473 3257 5527 virtute
3311 5471 3654 5534 coojnnetmu

2085 5576 2261 5629 facere
2315 5571 2566 5636 ittStituil,
2609 5582 2796 5626 contra
2844 5566 3183 5640 prohibentia
3222 5561 3369 5618 illud.
3406 5560 3650 5614 Alterum

2131 5709 2178 5742 ³³
2233 5706 2347 5763 Jac.
2381 5707 2567 5770 mili.
2651 5702 2697 5738 ”
2754 5702 2853 5759 Job
2902 5717 2939 5763 l,
3003 5700 3049 5753 l.
3112 5697 3174 5770 Δξ’
3205 5693 3364 5770 _Lue.
3428 5692 3657 5770 vr._4§.
