4048 6412
503 402 606 469 819

1725 408 1852 468 JOA
1976 410 2042 468 IS
2079 411 2166 469 C.\
2179 413 2485 472 RPATHII

3658 403 3756 464 890

508 526 805 572 rei-tamen,
861 520 917 564 ιιι
964 510 1159 564 bonu...
1205 520 1414 576 partnnt
1460 512 1511 564 in
1558 513 1732 581 pnetla
1785 529 1849 566 ne
1897 515 2072 575 cedat,
2108 518 2149 572 Α
2183 514 2448 584 Propheta
2488 526 2607 569 orat
2652 515 2753 570 sibi
2808 513 3140 568 intellectum
3171 513 3319 572 dari,
3355 523 3414 566 ut
3453 528 3516 568 ea
3555 515 3756 571 discere

505 601 833 670 cogitatione
901 598 1088 653 laudes
1132 599 1264 652 foris
1314 601 1381 653 ad
1447 616 1545 655 nos
1574 612 1857 656 manantes
1905 603 2077 670 repi-l-

507 693 668 746 lente.
711 691 948 745 Tertium
991 694 1134 760 quod
1191 702 1377 746 contra
1410 695 1684 763 propriam
1733 696 2078 764 complacen-

503 786 628 836 tiam
653 795 704 835 et
736 793 1078 852 arrogantem
1117 786 1182 838 de
1216 800 1274 839 se
1307 785 1616 853 opinionem
1652 788 1968 856 suscipitur.

570 875 761 930 XLIX.
814 876 870 928 Si
891 875 1052 942 jussze
1078 888 1200 928 sunt
1228 893 1416 931 omnes
1439 890 1624 947 gentes
1651 878 1871 932 laudare
1906 879 2080 932 Domi-

502 983 657 1026 num,
688 967 935 1033 quoniam
965 967 1271 1034 conﬁrmata
1303 977 1378 1021 est
1419 983 1574 1037 super
1595 985 1685 1021 nos
1718 969 2078 1022 misericordia

499 1059 614 1126 ejus
655 1058 718 1122 ⁸⁸,
771 1059 1062 1125 prudenter
1109 1073 1259 1125 sane,
1320 1060 1408 1129 qui
1470 1077 1566 1130 pro
1623 1073 1810 1115 octava
1859 1063 2079 1125 cecinit,

504 1149 771 1203 neminem
799 1149 849 1200 itt
884 1147 1094 1202 inferno
1129 1149 1374 1203 confiteri
1409 1151 1516 1205 Deo
1557 1151 1731 1206 dixit:
1771 1151 1836 1206 In
1874 1153 2080 1220 inferno

501 1241 640 1293 enim
695 1241 810 1308 quis
857 1240 1194 1307 conﬁtebitur
1244 1242 1338 1297 tibi
1383 1244 1467 1297 ’5?
1516 1246 1711 1314 inquit,
1750 1260 1867 1314 pro,
1893 1243 2080 1298 Nullus

501 1332 866 1386 confitebitur.

574 1424 634 1478 L.
685 1423 747 1479 Si
792 1427 1087 1479 misericors
1148 1425 1402 1479 Dominus
1450 1438 1523 1480 est
1572 1430 1772 1497 justus,
1829 1439 1878 1483 et
1944 1430 2078 1482 Deus

487 1524 680 1568 noster
729 1517 1001 1569 miseretur
1033 1517 1097 1580 ³⁸,
1157 1519 1318 1586 igitur
1368 1533 1488 1570 cum
1577 1520 1626 1570 in
1699 1520 1938 1572 bonitate
1985 1535 2080 1572 nos

502 1605 822 1669 condiderit,
875 1606 927 1657 in
973 1605 1183 1673 justitia
1232 1623 1330 1660 nos
1381 1607 1631 1676 castigat,
1669 1617 1723 1661 et
1757 1625 1873 1660 cum
1913 1608 1981 1660 ab
2015 1623 2080 1660 eo

502 1696 878 1762 defeeerimus,
913 1698 964 1750 in
995 1700 1367 1753 misericordia
1401 1700 1612 1769 recipit.

571 1785 655 1840 LI.
723 1787 778 1842 Si
827 1787 968 1858 fugis
1023 1791 1283 1842 malorum
1355 1791 1735 1854 imitationem,
1797 1793 1954 1844 simul
2005 1793 2071 1846 de

2183 608 2352 676 possit
2384 627 2395 658 :
2444 606 2519 657 Do
2544 607 2670 658 mihi
2696 605 3032 663 intellectum.
3070 603 3265 672 inquit,
3296 604 3574 657 utdiseam
3612 621 3756 658 man-

2181 699 2307 750 data
2347 708 2434 750 tim
2465 697 2504 728 “
2539 701 2574 748 '.

2255 789 2388 844 LIX.
2426 790 2526 857 Qui
2583 789 2791 843 labores
2825 789 3094 842 asceticos
3151 798 3372 858 propter
3418 788 3755 856 adeptionem

2185 900 2360 937 rerum
2403 879 2820 934 indiﬂerentium
2858 880 3176 950 ingreditur,
3219 881 3264 933 is
3304 894 3362 933 se
3399 880 3622 934 meliora
3664 880 3757 932 de-

2184 973 2466 1027 terioribus
2507 980 2814 1040 permutare
2855 970 3049 1024 nescit.
3101 967 3366 1024 Similiter
3415 970 3506 1038 qui
3555 972 3609 1022 in
3640 970 3758 1023 vir-

2182 1073 2295 1119 tute
2323 1063 2547 1117 colenda
2577 1061 2840 1124 decertat,
2878 1077 2982 1114 non
3024 1070 3082 1113 ιιι
3114 1062 3233 1114 sine
3265 1063 3569 1116 certamine
3593 1063 3759 1130 gratis

2180 1171 2273 1210 eas
2301 1155 2409 1208 Deo
2445 1167 2700 1206 exercere
2724 1153 2911 1220 possit,
2953 1152 3044 1204 sed
3073 1163 3129 1205 ιιι
3162 1152 3431 1206 mirabilia
3464 1153 3604 1205 dona
3628 1168 3759 1207 con-

2181 1256 2459 1315 sequatur,
2491 1244 2584 1296 liei
2613 1244 2872 1312 judicium
2906 1254 2957 1296 et
2987 1244 3382 1312 providentiam
3415 1244 3650 1313 ignorat.

2249 1338 2361 1393 LX.
2404 1337 2687 1392 Credentis
2731 1337 2781 1388 in
2825 1352 2945 1391 eum
2995 1337 3048 1388 in
3102 1351 3261 1404 quem
3321 1337 3561 1390 creditur
3624 1336 3761 1390 indi-

2179 1442 2355 1488 screta
2388 1431 2541 1494 fides,
2578 1429 2862 1484 cbaritatis
2886 1429 2939 1481 in
2983 1443 3045 1482 co
3078 1427 3269 1481 futurae
3301 1429 3454 1498 quasi
3495 1429 3762 1496 quoddam

2183 1523 2503 1594 protendunt
2538 1530 2640 1585 est,
2672 1535 2791 1589 quze
2819 1534 2939 1573 cum
2977 1519 3201 1578 venerit.
3243 1529 3444 1588 tnystes
3478 1519 3543 1572 de
3565 1529 3767 1571 cavero

2179 1615 2461 1668 etamicus
2490 1613 2544 1665 fit
2579 1611 2718 1679 ejus,
2762 1613 2812 1663 in
2856 1625 3013 1679 quem
3051 1611 3299 1662 credidit.
3346 1609 3402 1662 Id
3452 1611 3593 1678 quod
3643 1625 3764 1678 per-

2179 1709 2363 1776 spicue
2408 1705 2745 1760 demonstrat
2801 1703 3090 1756 Abrabatni
3149 1703 3199 1754 in
3245 1702 3409 1754 Deum
3453 1702 3762 1756 certissima

2185 1801 2337 1861 fides,
2388 1815 2482 1868 per
2532 1813 2692 1867 quam
2743 1796 2990 1862 religiose
3018 1810 3140 1848 eum
3177 1797 3262 1847 cui
3306 1796 3561 1848 credebat
3603 1810 3762 1847 vene-

503 1878 634 1946 ipsis
694 1879 980 1932 detrahere
1039 1878 1202 1948 fuge:
1268 1896 1388 1933 nam
1450 1881 1708 1935 detractio
1759 1883 2077 1935 cliat'itatetn
2114 1867 2154 1919 Β
2189 1902 2354 1952 tatus,
2390 1867 2440 1942 in
2480 1888 2595 1955 ejus
2616 1888 2975 1957 cognitionem
3030 1888 3196 1948 venit,
3243 1900 3305 1938 ex
3356 1901 3460 1954 qua
3503 1888 3553 1938 in
3584 1886 3767 1938 ςιιεηοί-

501 1974 754 2039 abnegat,
781 1980 835 2024 et
873 1970 1121 2024 timorem
1165 1974 1481 2026 contemnit.

565 2061 671 2115 Lll.
715 2063 814 2127 Qui
853 2064 1047 2117 timore
1079 2080 1356 2133 poenarum
1387 2065 1613 2118 Domino
1651 2067 1836 2129 Servit,
1872 2066 1922 2118 itt
1955 2082 2084 2129 pta:—

498 2157 672 2209 sentia
741 2159 1122 2221 tentationum,
1192 2157 1451 2226 jucundis
1508 2159 1627 2212 vita:
1685 2160 1845 2212 rebus
1909 2159 2078 2226 ipsum

499 2246 825 2317 privantium
870 2265 976 2303 non
1002 2249 1287 2303 admodum
1310 2250 1660 2305 inconcussus
1693 2252 1815 2305 erit.
1839 2251 2081 2305 Metuen-

497 2342 622 2395 (Ittm
659 2351 739 2394 est
784 2343 928 2394 enim
984 2355 1050 2396 ne
1094 2341 1309 2395 aﬂ'ectio
1345 2357 1473 2412 erga
1540 2358 1627 2397 res
1697 2345 1948 2406 caducas,
1989 2345 2077 2410 qui

497 2433 659 2486 estin
689 2432 805 2500 ipso
847 2435 1099 2487 timorem
1141 2434 1348 2504 ejiciat,
1385 2435 1649 2504 siquidem
1685 2435 1918 2488 Charitas
1950 2434 2080 2502 foris

498 2521 658 2574 mittit
709 2523 948 2576 timorem
1001 2523 1065 2576 ³⁷.
1123 2523 1222 2590 Qui
1280 2535 1459 2579 autem
1507 2541 1573 2578 ex
1628 2526 1898 2579 charitate
1950 2542 2078 2596 erga

498 2612 668 2668 Deum
730 2615 916 2668 virtuti
963 2616 1056 2670 tlat
1106 2630 1352 2684 operam,
1399 2631 1521 2672 eum
1585 2617 1715 2670 nihil
1769 2618 2078 2670 instantium

499 2702 764 2757 malorum
802 2703 869 2758 ab
898 2704 1160 2760 habituali
1195 2721 1381 2760 atnore
1408 2720 1534 2774 erga
1563 2705 1820 2759 virtutem
1850 2721 2078 2760 avocare

496 2793 715 2865 poterit.
751 2791 882 2857 Quis
907 2797 1066 2858 enim,
1103 2795 1295 2864 inquit,
1335 2795 1595 2864 separabit
1631 2811 1722 2847 nos
1762 2811 1794 2847 a
1825 2794 2081 2850 cltaritate

495 2885 594 2939 Dei
617 2886 642 2938 2
674 2885 969 2952 tribulatio,
993 2903 1061 2940 an
1091 2886 1357 2956 angustia,
1391 2903 1461 2940 an
1520 2890 1832 2955 persecutio,
1859 2904 1926 2940 au
1966 2888 2080 2955 gla-

495 2977 617 3030 dius
646 2976 729 3031 εει
756 2986 813 3032 ει
839 2991 960 3046 quae
988 2988 1306 3047 sequuntur.
1340 2976 1397 3032 Si
1439 2992 1568 3050 ergo
1601 2977 1866 3046 perfectio
1895 2981 2072 3035 servi-

498 3068 629 3124 tutis
684 3070 983 3124 secundum
1052 3069 1324 3132 timorem,
1407 3079 1492 3124 est
1583 3071 1708 3125 boni
1776 3073 2075 3126 secundum

2185 1992 2346 2032 tati-ut
2381 1980 2519 2032 illius
2546 1977 2826 2045 processit,
2869 1991 2974 2044 qua
3005 1974 3228 2028 florente
3275 1991 3300 2026 a
3344 1975 3453 2027 Deo
3522 1975 3770 2028 condito-

2185 2087 2298 2120 rum
2333 2068 2576 2122 notitiam
2609 2067 2834 2134 accepit,
2862 2067 3066 2119 amicus
3107 2065 3196 2117 Dei
3245 2075 3470 2118 vocatus
3488 2075 3541 2118 et
3567 2067 3766 2129 factus,

2186 2160 2327 2211 Dixit
2356 2159 2499 2210 enim
2535 2156 2791 2208 Dominus
2819 2155 2956 2207 Deus
3002 2172 3017 2206 ς
3070 2152 3213 2205 Num
3241 2153 3410 2206 celare
3435 2165 3613 2219 potero
3653 2170 3764 2207 ser-

2182 2267 2296 2302 ram
2332 2263 2499 2301 meum
2530 2247 2815 2309 Abraham,
2849 2261 2965 2313 qum
3000 2245 3240 2311 [acturus
3264 2261 3376 2296 sum
3412 2244 3492 2295 "1’

2252 2340 2388 2394 LXI.
2424 2339 2790 2394 Christianum
2815 2337 2991 2406 primo
3019 2338 3069 2388 iti
3099 2335 3211 2404 scip
3226 2352 3287 2388 so
3313 2336 3499 2389 ulcisci
3523 2345 3765 2403 oportet,

2180 2447 2230 2487 et
2261 2435 2340 2486 sic
2374 2433 2588 2485 demunt
2628 2431 2678 2482 ιιι
2725 2428 2866 2482 aliis.
2901 2427 3032 2480 Nam
3081 2426 3301 2498 Moyses
3333 2429 3563 2498 primum
3593 2430 3644 2480 itt
3669 2444 3768 2482 eos

2181 2524 2270 2594 qui
2304 2525 2475 2591 ipsum
2512 2521 2869 2581 oil'endcrant,
2915 2520 3062 2574 mitis
3109 2531 3163 2574 et
3203 2520 3416 2589 injurize
3447 2521 3769 2586 immemor,

2183 2619 2234 2668 in
2262 2615 2426 2668 Deum
2483 2611 2834 2681 peccantibus
2886 2622 3030 2665 recte
3083 2620 3138 2664 et
3194 2612 3522 2665 naturaliter
3564 2613 3767 2666 irasce-

2180 2706 2340 2760 batur
2373 2721 2388 2760 :
2426 2720 2531 2758 non
2571 2688 2978 2773 quidcm’odio,
3020 2704 3310 2771 allidiiquﬂ
3351 2702 3769 2770 perturbatione

2182 2802 2320 2853 mata
2365 2797 2648 2862 incitatus;
2700 2793 2796 2850 sed
2832 2809 2929 2865 pro
2968 2792 3034 2849 iis
3085 2793 3237 2863 ipsis,
3276 2803 3472 2849 contra
3514 2807 3654 2863 quos
3707 2793 3770 2846 id

2185 2905 2342 2959 agere
2374 2888 2679 2942 videbatur.

2252 2980 2412 3035 LXII.
2451 2979 2554 3046 Qui
2594 2993 2651 3032 se
2695 2977 3069 3040 contristanti,
3111 2986 3202 3029 aut
3239 2975 3433 3046 injuria
3482 2973 3760 3039 aliieienti,

2180 3083 2274 3125 aut
2307 3071 2565 3125 universe
2616 3067 2898 3121 molestum
2936 3067 3237 3136 quidpiam,
3265 3074 3321 3117 et
3360 3064 3615 3119 acerbum
3660 3062 3764 3115 itit-

495 3161 819 3216 charitatetn
873 3163 1140 3228 operatio,
1194 3172 1320 3215 ante
1367 3161 1751 3230 petfectionem
1799 3166 1940 3232 quod
1979 3165 2080 3218 itn-
2105 3169 2149 3226 ο
2183 3163 2416 3234 portanti
2453 3161 2603 3230 paria
2638 3159 2842 3214 referre
2871 3160 3185 3226 meditatur,
3212 3158 3300 3213 hie
3338 3158 3632 3226 praestitatn
3657 3155 3772 3208 sibi

497 3251 794 3322 perfectum
836 3259 941 3314 est,
971 3251 1110 3305 haud
1165 3263 1358 3319 tutum,
1392 3267 1564 3322 neque
1605 3254 1821 3307 firmum
1857 3265 1967 3308 est.

569 3341 701 3398 LIII.
739 3344 966 3408 Quando
991 3343 1098 3398 Deo
1121 3360 1214 3412 per
1240 3344 1397 3399 iidem
1425 3345 1599 3416 ipsum
1631 3345 1808 3400 facere
1837 3347 2082 3402 concedi-

502 3448 650 3501 mus,
698 3436 938 3505 cogitare
987 3437 1260 3505 quomodo
1315 3436 1429 3502 fiet,
1484 3437 1876 3494 abstineamus.
1933 3437 2078 3493 Nihil

498 3527 644 3580 enim
693 3524 838 3580 Iactu
888 3525 1103 3582 difﬁcile
1143 3535 1226 3582 est
1273 3527 1532 3582 voluntati
1562 3529 1918 3596 omnipotenti
1960 3528 2080 3594 Dei,

501 3619 593 3687 qui
634 3629 718 3673 est
751 3634 916 3688 super
957 3619 1161 3674 omnia.
1215 3619 1356 3684 Quin
1402 3618 1583 3688 potius
1622 3635 1744 3672 cum
1804 3620 2082 3677 voluntate

496 3712 617 3781 ejus
647 3711 768 3764 finis
799 3711 940 3765 illius
973 3710 1116 3779 quod
1154 3710 1268 3764 vult
1295 3711 1594 3778 concurrit,
1623 3723 1678 3765 et
1699 3711 1840 3765 idem
1883 3722 1966 3766 est
2001 3713 2081 3767 illi

482 3801 640 3855 'veIle
663 3815 728 3855 ac
755 3801 1035 3870 perficere.

571 3892 702 3946 LIV.
745 3891 800 3946 Si
826 3892 1120 3946 secundum
1147 3889 1411 3945 Joannem
1444 3891 1582 3945 Deus
1614 3894 1845 3948 charitas
1890 3907 1962 3947 est
2007 3896 2072 3960 δ’,

496 3985 596 4056 qui
625 3986 819 4056 diligit,
851 3985 902 4038 itt
942 3984 1049 4039 Deo
1078 3994 1282 4049 manet,
1313 3995 1368 4039 et
1403 3985 1544 4041 Deus
1571 3987 1622 4041 in
1645 4002 1732 4042 eo.
1756 3986 1856 4055 Qui
1897 3998 2075 4041 autem

494 4077 609 4130 odit
641 4077 971 4145 proximum,
1001 4085 1208 4131 certum
1232 4083 1315 4130 est
1337 4075 1484 4130 illum
1507 4091 1539 4129 ο
1569 4078 1839 4131 eliaritate
1894 4078 2071 4144 sejun-

495 4177 640 4216 ctnin
685 4167 864 4218 odium
893 4165 1241 4222 substituere.
1272 4165 1371 4233 Qui
1399 4167 1561 4236 igitur
1585 4168 1697 4220 odit
1719 4176 1925 4222 natura:
1949 4183 2080 4222 con-

497 4269 730 4320 sortem,
781 4271 808 4309 a
861 4257 1191 4312 Dcodistat:
1225 4259 1492 4326 siquidem
1541 4255 1681 4310 Deus
1715 4257 1948 4314 charitas
1977 4269 2077 4325 est,

494 4359 540 4402 et
589 4349 680 4417 qui
721 4356 894 4400 manet
934 4349 985 4401 in
1032 4351 1312 4409 clmritate,
1360 4349 1415 4401 in
1461 4345 1566 4399 Deo
1609 4358 1808 4414 manet,
1847 4359 1894 4401 et
1935 4350 2076 4404 Deus

493 4438 548 4490 in
585 4453 643 4488 eo
681 4437 746 4489 ‘°.

2181 3271 2211 3309 θ
2247 3254 2354 3309 Deo
2387 3253 2813 3308 misericordiam
2857 3251 3028 3317 laedit,
3057 3266 3161 3305 non
3215 3249 3508 3304 rcmetieus
3569 3247 3772 3302 eadem

2183 3360 2435 3400 mensura
2462 3359 2745 3406 conservo,
2771 3357 2876 3414 qua
2915 3357 3133 3398 mensus
3158 3351 3237 3397 est
3276 3341 3376 3411 ipsi
3415 3337 3774 3394 Dominus".

2179 3437 2298 3504 Quo
2324 3445 2483 3505 pacto
2515 3437 2679 3506 igitur
2717 3435 2869 3490 zelus
2919 3449 3018 3504 pro
3052 3432 3163 3489 Deo
3211 3433 3314 3502 ipsi
3359 3429 3471 3484 Deo
3505 3439 3774 3497 acceptus

2179 3531 2304 3596 erit,
2338 3530 2381 3585 si
2412 3539 2657 3598 prompte
2694 3529 2746 3583 iit
2775 3528 2882 3582 alio
2908 3526 3187 3582 ulciscaris
3225 3524 3418 3589 Deum,
3461 3523 3516 3577 in
3557 3530 3611 3577 te
3645 3522 3768 3591 ipso

2179 3632 2359 3678 autem
2389 3621 2680 3686 injuriosus
2707 3635 2828 3674 eum
2860 3618 3082 3674 tractari
3119 3617 3307 3671 sinas?

2251 3713 2430 3767 LXIII.
2469 3712 2935 3779 Quemadmodum
2968 3711 3104 3765 citra
3131 3719 3303 3762 artem
3336 3715 3426 3761 aut
3469 3704 3765 3764 artiﬁcem,

2181 3806 2534 3860 instrumenta
2558 3813 2614 3858 et
2647 3804 2900 3858 materies
2922 3803 3117 3858 dom-us
3142 3809 3235 3854 ant
3265 3799 3418 3854 navis
3444 3798 3620 3866 parari
3655 3812 3760 3847 non

2178 3909 2390 3969 potest:
2422 3897 2501 3951 sic
2532 3897 2598 3950 ad
2625 3909 2848 3964 scopum
2879 3895 3002 3948 vita:
3027 3893 3326 3948 secundum
3352 3892 3606 3943 virtutem
3633 3901 3758 3956 per-

2179 3991 2350 4045 veni-ri
2376 3988 2582 4058 nequit,
2610 3988 2726 4042 sine
2753 3986 3110 4051 continentia,
3137 3983 3424 4054 patientia,
3454 3979 3763 4036 humilitate

2180 4091 2234 4136 et
2264 4081 2532 4135 oratione.
2564 4079 2830 4146 Quocirca
2865 4076 3199 4132 continentia
3243 4074 3460 4144 quidem
3517 4071 3761 4124 animum

2180 4187 2208 4225 a
2234 4171 2520 4226 mundanis
2552 4169 2916 4238 voluptatibus
2959 4175 3197 4230 coercet,
3235 4177 3289 4219 et
3315 4165 3382 4218 ab
3419 4163 3570 4217 omni
3614 4161 3768 4216 facto

2179 4280 2347 4335 pravo
2387 4279 2508 4318 eum
2552 4261 2798 4328 reprimit
2840 4277 2853 4314 :
2892 4259 3151 4330 patientia
3198 4273 3320 4311 cum
3363 4257 3576 4311 labores
3611 4253 3768 4307 l‘erre

2177 4358 2354 4420 docet,
2378 4367 2432 4411 et
2456 4356 2584 4410 foris
2624 4354 2938 4408 invadentes
2986 4353 3316 4406 tentationes
3352 4347 3752 4403 contraconti-

2181 4450 2444 4512 nentiam,
2497 4449 2792 4502 toleranter
2833 4445 3126 4499 sustinere.
3168 4443 3456 4497 llnmilitas
3500 4454 3629 4494 vero
3677 4440 3766 4494 sui

566 4525 675 4579 LV.
717 4527 884 4592 Quem
928 4527 978 4579 itt
1015 4528 1245 4579 veritate
1286 4523 1606 4578 delictorum
1654 4540 1874 4580 suorum
1906 4532 2073 4597 poeni-

2182 4552 2485 4610 conipotetn
2513 4556 2767 4594 exercere
2797 4539 3187 4606 iuspcctiouem
3232 4535 3337 4601 sui,
3383 4543 3437 4588 et
3472 4547 3580 4586 non
3612 4531 3765 4584 alio-

495 4627 592 4680 tet,
628 4618 673 4671 is
720 4627 773 4670 et
825 4618 1172 4683 semetipsum
1225 4613 1592 4680 reprehendit,
1630 4625 1683 4668 et
1721 4622 1962 4674 convicia
2008 4623 2074 4677 ab

495 4710 613 4763 aliis
639 4709 905 4778 patienter
934 4707 1030 4760 fert
1059 4725 1072 4772 ;
1103 4707 1192 4774 qui
1221 4714 1401 4758 autem
1439 4707 1780 4774 parvipendit
1805 4714 2073 4776 [anniten-

497 4804 646 4866 tiant,
709 4801 1122 4854 commissorum
1166 4812 1195 4849 a
1241 4810 1299 4850 se
1357 4807 1705 4865 peccatorum
1766 4803 2071 4871 immemor,

495 4895 825 4964 indignatur,
893 4905 1014 4943 cum
1052 4889 1191 4942 Deus
1231 4888 1334 4942 dici
1369 4899 1463 4944 aut
1497 4890 1611 4944 fieri
1638 4893 1910 4962 quidpiam
1941 4912 2071 4949 cott-

492 4999 575 5039 tra
627 4985 776 5038 illum
833 4982 899 5036 ad
959 4981 1073 5047 ejus
1123 4979 1408 5035 utilitatem
1467 4985 1798 5051 permiserit,
1849 4997 1902 5041 et
1951 5006 2071 5042 ι·υιιι

492 5076 740 5137 audacia,
796 5073 923 5142 quid
975 5073 1109 5138 feci,
1153 5073 1360 5140 inquit?
1413 5073 1584 5140 Quem
1636 5076 1894 5132 incusans
1934 5079 2070 5133 Dens

491 5185 586 5236 per
629 5165 924 5219 Jeremiatn
977 5168 1294 5234 prephetam
1343 5168 1417 5220 ait
1463 5185 1476 5221 :
1525 5166 1647 5222 Non
1689 5181 1762 5222 est
1795 5173 1947 5224 homo
1981 5177 2070 5241 qui

490 5270 612 5329 agat
663 5257 1014 5320 paznitentiam
1043 5274 1199 5326 super
1243 5270 1452 5327 peccato
1498 5278 1613 5329 suo,
1664 5263 1842 5318 dicens
1870 5281 1887 5318 :
1925 5266 2064 5331 Quid

491 5352 591 5416 feci
625 5349 642 5378 ⁸
654 5350 696 5401 '?

563 5440 702 5495 LVI.
746 5438 802 5492 Si
852 5444 1084 5508 cognitio
1126 5447 1498 5500 mandatorum
1527 5448 1618 5501 Dei
1659 5465 1751 5516 per
1791 5466 1848 5502 se
1884 5452 2066 5515 obvia,

491 5541 541 5586 et
603 5531 877 5587 intellectu
932 5533 1104 5590 facilis
1163 5547 1248 5591 est
1309 5541 1576 5604 omnibus,
1624 5541 1752 5610 quid
1801 5554 1883 5597 est
1922 5545 2064 5611 quod

1115 5743 1158 5773 “
1184 5742 1304 5795 Psal
1337 5759 1405 5800 γι,
1435 5743 1467 5796 ὃ
1568 5744 1610 5773 ³⁸
1637 5743 1778 5796 Psal.
1809 5759 1913 5798 (τιν.
1944 5743 1994 5798 5.

1327 5813 1362 5842 δ’
1389 5819 1400 5830 ’
1435 5812 1574 5864 Psal.
1613 5830 1795 5879 tum,
1832 5815 1917 5868 75.

568 5737 612 5769 ³⁸
637 5734 782 5795 Psal.
814 5756 957 5805 crvi,
983 5742 1036 5795 ἓ.

491 5803 536 5835 ⁸⁸
571 5812 698 5864 tltitl.
785 5813 826 5843 “
861 5803 972 5866 θεέ.
1042 5830 1157 5876 viti,
1191 5813 1239 5864 li.

2075 5745 2203 5798 "lJ
2250 5762 2334 5800 an.
2374 5763 2443 5806 tv,
2477 5748 2560 5803 18.

1995 5818 2036 5847 ³²
2063 5816 2193 5871 Gen.
2227 5834 2382 5879 \t‘ttt,
2423 5819 2501 5870 Π.

2185 4650 2302 4688 rum
2327 4649 2445 4688 esse
2477 4634 2746 4702 judicent;
2778 4631 2876 4686 soli
2915 4639 3118 4696 autem,
3162 4640 3220 4682 ut
3255 4630 3476 4698 dignum
3515 4634 3617 4691 est,
3661 4624 3765 4677 Do-

2183 4727 2328 4779 mino
2351 4725 2613 4794 judicium
2641 4724 2974 4794 permittere,
3009 4723 3100 4791 qui
3125 4721 3292 4789 probe
3317 4719 3581 4786 cujusque
3617 4715 3763 4769 facta

2183 4819 2329 4872 novit
2364 4817 2478 4871 sive
2504 4832 2564 4871 ea
2601 4818 2762 4880 bona,
2810 4816 2924 4870 sive
2987 4813 3126 4868 tuala
3176 4813 3304 4878 sint,
3348 4821 3403 4864 et
3451 4811 3578 4864 hinc
3612 4822 3765 4862 men-

2185 4921 2290 4962 tem
2324 4910 2389 4964 ad
2427 4907 2917 4973 mansuetudinem,
2951 4917 3003 4961 et
3027 4914 3222 4960 statum
3257 4903 3540 4972 pacilicum
3576 4910 3756 4952 trans-

2183 5003 2340 5055 ferre.
2374 5001 2432 5054 Et
2465 5015 2640 5054 veram
2669 5001 2906 5068 quietem
2962 5009 3218 5050 exercere
3256 4994 3436 5058 docet,
3466 5000 3521 5045 et
3548 5003 3670 5043 esse
3706 4989 3763 5042 in

2180 5109 2236 5146 se
2269 5093 2403 5160 ipso,
2442 5100 2603 5160 atque
2649 5090 2718 5144 ob
2769 5090 2870 5144 hoc
2926 5089 2979 5142 in
3027 5090 3154 5142 Deo.
3204 5085 3434 5139 Assidua
3479 5091 3662 5137 autem
3707 5090 3765 5134 ct

2179 5196 2533 5251 perseverans
2591 5183 2764 5235 oratio
2807 5189 3026 5250 pr0pter
3069 5178 3400 5246 colloquium
3452 5190 3575 5229 cum
3618 5174 3750 5237 Deo,

2177 5285 2465 5327 mentcma
2508 5273 2928 5344 cogitationibus
2974 5269 3258 5326 mundanis
3304 5270 3549 5333 abducit,
3605 5268 3759 5323 illam

2179 5367 2288 5420 Deo
2323 5367 2561 5431 exhibet,
2636 5375 2690 5419 et
2759 5374 2978 5435 propter
3039 5361 3622 5433 appropinquationem
3689 5360 3759 5413 ad

2177 5459 2368 5515 Deum.
2401 5457 2621 5512 lenitate
2642 5467 2697 5512 et
2727 5458 2928 5527 pietate
2958 5455 3167 5525 implet.

2245 5547 2426 5601 LXIV.
2484 5548 2797 5604 Orationem
2855 5561 2976 5601 esse
3047 5547 3302 5600 virtutem
3377 5544 3661 5606 virtutum,
3728 5557 3756 5594 a

2643 5749 2686 5778 ³⁸
2725 5748 2875 5799 Ιὶωι.
2919 5765 3033 5805 VIII.
3071 5750 3157 5802 33.
3274 5749 3316 5780 ³⁹
3350 5744 3548 5800 lJoan.
3585 5758 3658 5806 tt‘,
3698 5739 3758 5796 8.

2587 5819 2839 5872 “Matth.
2879 5834 2970 5882 vn,
