4048 6390
396 353 494 417 8’21

1622 366 1884 425 CAPITA
1917 363 2426 426 HORTATORIA.

3552 356 3670 420 822‘

397 468 873 540 divina-Scriptura
895 473 1204 528 didicimus.
1233 476 1351 546 Ipsa
1371 477 1633 547 siquidem
1665 495 1762 548 pro
1797 481 1974 532 omui—
2005 485 2048 535 Α
2083 477 2240 532 rebus
2278 478 2458 544 ﬁttxis,
2516 489 2570 534 et
2602 480 2821 536 caducis
2861 479 3014 534 alllxa
3045 487 3160 538 est,
3203 484 3412 532 tantum
3471 487 3500 526 a
3548 469 3656 526 Deo

398 562 509 615 bus
533 562 820 619 virtutibus
842 563 952 621 Deo
972 578 1377 636 repraesentata,
1430 585 1550 625 eum
1571 581 1745 642 rogat,
1767 577 1842 627 uti
1869 574 1974 629 illis

399 651 660 707 adversus
695 657 1007 723 passionum
1036 659 1204 714 aciem
1227 674 1257 713 a
1295 661 1627 718 daemonibus
1654 663 1972 720 instructam

396 741 718 810 opituletur.
773 743 888 802 Hoc
925 746 1019 803 tibi
1067 747 1282 820 Moyses
1327 754 1672 821 persuadeat,
1715 757 1805 825 qui
1853 771 1977 810 ora-

399 833 547 888 tione
585 835 879 894 bellatores
920 838 1196 896 Israelitas
1231 844 1629 911 corroboravit,
1673 855 1726 901 et
1751 848 1974 902 Amalec

397 940 651 980 manuum
688 928 989 985 elevatione
1023 931 1077 986 in
1111 932 1293 1003 fugam
1328 936 1618 990 convertit.

468 1015 606 1072 LVII
664 1017 936 1085 Quantam
989 1021 1098 1076 vim
1146 1023 1386 1078 habeant
1427 1024 1622 1082 divina:
1677 1024 1976 1097 Scriptores

396 1107 588 1174 verba,
624 1109 886 1166 advenas
907 1111 1180 1168 dmmones
1206 1128 1318 1169 nos.
1335 1123 1546 1170 tentare
1575 1117 1972 1187 aggredientes,

398 1198 656 1254 Dominus
686 1211 871 1257 noster
908 1201 1146 1259 hominis
1193 1214 1445 1260 naturam
1497 1206 1715 1263 indutus
1769 1209 1972 1277 docuit,

393 1291 609 1360 quando
631 1292 880 1350 diabolus
901 1309 1025 1349 eum
1058 1303 1115 1348 ut
1140 1296 1412 1352 hominem
1444 1306 1656 1354 tentare
1687 1313 1853 1356 ausus
1869 1311 1972 1356 est.

396 1379 500 1436 Per
532 1379 830 1452 Scriptum
888 1386 1034 1440 enim
1066 1396 1273 1443 sancta:
1301 1403 1413 1442 sua:
1441 1390 1607 1445 verba
1634 1406 1824 1446 omnes
1852 1407 1976 1448 ver-

395 1473 582 1526 borum
622 1474 765 1530 illius
807 1477 1088 1533 machinas
1137 1477 1385 1543 frivolas,
1419 1491 1472 1533 et
1503 1493 1756 1551 superato
1791 1485 1976 1541 faciles

394 1566 652 1622 ostendit.
693 1564 985 1637 Triplicem
1032 1571 1232 1638 quippe
1282 1580 1336 1625 et
1389 1573 1624 1628 maxime
1667 1576 1974 1640 generalem

393 1657 656 1712 adversus
701 1673 799 1713 nos
844 1659 1341 1723 ratiocinationem,
1379 1663 1538 1730 gulae,
1575 1663 1814 1731 inquam,
1847 1681 1973 1720 ava-

397 1744 555 1809 ritim,
575 1754 631 1800 et
655 1761 807 1800 vanae
834 1747 1020 1816 glorize
1043 1765 1136 1818 per
1159 1765 1314 1805 sacra
1339 1749 1633 1821 Scriptum
1656 1755 1816 1808 verba
1843 1755 1976 1810 nihil

395 1837 578 1892 valere
609 1838 1023 1895 demonstravit.

467 1927 650 1984 LVIII.
678 1929 794 1986 Non
815 1932 1014 1988 nemini
1039 1931 1289 2002 injuriam
1322 1933 1523 1996 facere,
1544 1944 1638 1989 aut
1659 1937 1973 2001 conviciari,

395 2030 490 2074 aut
519 2022 747 2076 verbera
804 2023 1068 2086 incutere,
1109 2023 1208 2075 hoc
1262 2022 1631 2077 Christianum
1683 2025 1846 2080 facit:
1883 2031 1976 2083 sed

397 2113 512 2166 haec
561 2113 629 2166 ab
679 2113 800 2168 aliis
831 2115 932 2168 sibi
987 2114 1129 2168 facta
1165 2115 1434 2182 patienter
1485 2115 1650 2178 ferre,
1684 2118 1823 2170 istud
1855 2132 1978 2184 ger-

395 2219 612 2257 manum
643 2204 842 2260 Christi
881 2205 1196 2274 discipulum
1233 2207 1428 2273 prodit.
1472 2205 1686 2259 Dictum
1715 2217 1790 2260 est
1831 2207 1974 2262 enim

394 2295 622 2363 antiquis
651 2336 666 2360 ,
709 2296 783 2348 ait
819 2295 1089 2361 Salvator,
1128 2297 1352 2352 Oculum
1386 2313 1480 2365 pro
1535 2297 1711 2360 oculo,
1755 2305 1804 2349 et
1843 2297 1975 2350 den-

394 2396 496 2436 tem
523 2401 618 2452 pro
660 2385 832 2441 dente.
869 2385 980 2458 Ego
1015 2399 1192 2442 autem
1238 2389 1353 2440 dico
1392 2387 1556 2450 vobis,
1599 2403 1703 2441 non
1739 2387 1977 2441 resistere

397 2474 578 2526 malo:
624 2475 716 2527 sed
766 2475 857 2545 qui
908 2477 1218 2545 percusserit
1266 2487 1313 2529 te
1363 2476 1420 2529 in
1459 2475 1728 2530 dexteram
1783 2477 1976 2531 maxil-

392 2564 523 2629 lam,
551 2567 725 2633 praebe
768 2566 850 2620 illi
889 2577 934 2620 et
969 2567 1280 2634 alteram“,
1325 2575 1379 2621 et
1418 2581 1538 2637 qua:
1586 2568 1842 2639 deinceps
1885 2585 1974 2624 se-

392 2665 656 2723 quuntur.

465 2743 598 2799 LXI.
646 2744 1040 2801 lmmoderatus
1074 2745 1236 2802 timor
1274 2747 1628 2817 paupertatis,
1675 2748 1817 2817 parit
1847 2764 1977 2819 pau-

392 2846 680 2907 pertatem.

469 2925 582 2982 LX.
653 2927 1034 2998 Paupertatem
1094 2929 1187 2998 qui
1249 2927 1504 2996 simulat,
1558 2939 1614 2984 et
1665 2932 1977 2986 misericor-

394 3021 496 3072 des
523 3017 832 3073 clanculum
863 3018 1092 3086 Spoliat,
1121 3017 1374 3086 iniustus,
1403 3030 1456 3073 et
1487 3034 1646 3090 rapax
1681 3034 1783 3076 est.
1821 3023 1974 3091 Quod

389 3106 542 3161 enim
571 3116 692 3160 erat
721 3121 849 3162 vere
874 3123 1078 3176 pauper
1103 3117 1453 3178 accepturus,
1481 3108 1596 3178 ipse
1625 3125 1722 3180 per
1751 3111 1971 3166 simula-

392 3198 599 3254 tionem
622 3198 761 3252 clam
785 3198 1094 3268 praeripuit.

462 3289 601 3345 LXI.
663 3290 765 3358 Qui
837 3301 1044 3360 partem
1121 3293 1315 3346 animae
1377 3307 1511 3358 suae,
1549 3294 1600 3349 in
1644 3309 1744 3364 qua
1793 3294 1978 3366 vigent

390 3380 490 3435 ira:
519 3391 790 3450 pacatam,
826 3395 882 3436 et
915 3382 994 3437 ira
1024 3384 1169 3438 omni
1201 3395 1480 3440 vacantem
1514 3385 1712 3441 habere
1761 3387 1970 3444 deside-

393 3484 504 3540 rat,
533 3475 683 3543 prius
730 3485 939 3545 partem
971 3477 1439 3545 concupiscentem
1477 3477 1541 3530 ad
1577 3476 1844 3546 perituras
1877 3492 1974 3532 vo-

385 3564 626 3635 luptates
686 3580 794 3620 non
841 3581 1185 3636 propensam,
1209 3581 1274 3621 ac
1319 3566 1536 3622 facilem
1565 3567 1762 3623 habere
1785 3571 1962 3622 enita-

393 3665 504 3711 tur.
537 3655 672 3711 Nam
705 3659 750 3711 si
786 3659 899 3713 haec
932 3659 1068 3712 bene
1094 3673 1154 3714 se
1183 3674 1287 3712 non
1331 3658 1550 3721 habeat,
1585 3675 1655 3714 ne
1690 3667 1973 3730 cognatam

383 3748 610 3818 quidem
642 3749 784 3820 ejus,
815 3750 1164 3815 irascentem,
1198 3751 1436 3818 inquam,
1463 3750 1603 3804 bene
1645 3750 1845 3804 habere
1875 3765 1974 3806 ne-

385 3853 544 3894 cesse
569 3849 672 3897 est.
701 3840 974 3896 Incassum
1012 3839 1173 3908 igitur
1213 3839 1440 3906 laborat,
1463 3841 1552 3909 qui
1583 3840 1686 3894 sibi
1731 3855 1834 3895 non
1868 3843 1976 3896 ira-

384 3928 577 3982 scendi
615 3929 761 3999 leges
791 3929 1375 3999 imponitmupiditatis
1398 3937 1576 3982 autem
1601 3931 1871 3998 appetitus
1911 3932 1964 3984 in

381 4021 582 4074 vitium
631 4020 911 4090 prolapsos
945 4037 1049 4076 non
1103 4031 1292 4075 sanat:
1339 4035 1370 4074 e
1401 4019 1601 4089 quibus
1635 4030 1888 4090 tanquam
1945 4036 1974 4074 a

384 4109 544 4166 fonte
573 4112 775 4165 irarum
811 4112 1148 4181 perturbatio
1169 4121 1480 4180 promanat.

461 4200 627 4257 LXII.
651 4203 950 4257 Continens
980 4212 1084 4265 est,
1130 4203 1218 4271 qni
1249 4212 1438 4256 contra
1463 4217 1840 4271 quamcunque
1873 4218 1962 4257 vo-

384 4294 652 4364 luptatem
708 4295 903 4348 rationi
968 4304 1352 4364 repugnantem
1397 4305 1734 4358 constanter,
1780 4309 1973 4364 perpe-

384 4395 594 4453 tuoque
628 4384 854 4439 resistit.

462 4474 650 4529 LXIII.
672 4477 713 4530 A
733 4476 1232 4546 perturbationibus
1262 4476 1396 4530 liber
1421 4485 1528 4539 est,
1545 4476 1634 4543 qni
1671 4489 1733 4529 ex
1757 4490 1966 4529 summa

382 4569 731 4622 continentia
783 4569 1072 4623 resistendi
1128 4568 1370 4622 habitum
1431 4568 1532 4621 sibi
1588 4567 1965 4621 confirmavit:

383 4677 496 4728 qua
542 4660 804 4729 prteditus
844 4659 1104 4728 qualitate
1151 4667 1207 4712 et
1249 4659 1586 4724 conditione,
1626 4659 1770 4714 nullo
1821 4670 1968 4713 motu

386 4749 627 4805 turbidae
650 4750 946 4818 voluptatis
974 4751 1427 4805 commovebitur.

459 4837 648 4894 LXIV.
705 4838 1066 4893 Continentiaa
1127 4855 1224 4910 pro
1269 4839 1490 4904 virtute,
1537 4847 1590 4893 et
1631 4838 1970 4895 ﬁrmamento

381 4929 548 4984 adest
577 4931 739 4984 timor
773 4929 865 4984 Dei
888 4946 900 4982 :
925 4931 1092 4985 robur
1113 4941 1293 4985 autent
1319 4930 1551 4998 apatltite
1580 4939 1667 4985 est
1695 4930 1746 4984 in
1773 4930 1969 4984 trinam

385 5021 684 5076 monadent
727 5021 940 5076 sincera
988 5022 1246 5076 charitas.
1283 5020 1529 5075 Perlecte
1569 5021 1749 5091 justus
1786 5035 2018 5076 omnes--

385 5113 443 5166 in
480 5125 542 5165 se
571 5111 800 5166 virtutes
830 5111 1170 5181 aequabiliter
1201 5112 1458 5181 possidet,
1495 5121 1554 5166 ut
1586 5126 1690 5166 non
1721 5111 1792 5166 sit
1820 5128 1973 5166 man-

386 5202 622 5266 suetior,
674 5218 836 5272 quam
911 5203 1346 5272 temperantior:
1411 5213 1502 5256 aut
1555 5204 1997 5270 temperantior,_

387 5308 558 5362 quam
591 5296 910 5364 sapientior.
964 5294 1099 5349 Nam
1119 5294 1298 5365 justus
1343 5293 1689 5364 imperfectus
1717 5309 1837 5350 esse
1868 5310 1974 5348 non

388 5395 614 5452 potest:
645 5387 914 5456 siquidem
942 5387 1149 5458 jnstitia
1199 5395 1284 5441 est
1314 5386 1555 5440 omnium
1593 5386 1827 5456 partium
1865 5389 1976 5442 vir-

393 5478 528 5530 tutis
557 5478 677 5530 sine
707 5477 813 5530 ulla
843 5479 1208 5548 discrepantia
1235 5476 1546 5532 consensio.

464 5566 628 5621 LXV.
677 5568 950 5635 Quantum
998 5586 1123 5640 pars
1150 5569 1342 5624 animae
1381 5567 1649 5636 princeps,
1703 5569 1816 5623 sive
1842 5567 1980 5623 ratio

411 5746 468 5778 “
489 5747 680 5803 Matth.
737 5766 894 5814 χχιιι,
957 5752 1047 5806 58.
1127 5750 1352 5804 ⁸⁵14301-
1397 5741 1516 5814 ἐι-ι,
1550 5751 1639 5804 50.

1725 5753 1767 5779 ⁸⁵⁵
1797 5748 1953 5804 llum.
2001 5765 2150 5811 Xthl,
2185 5751 2235 5800 li.

2079 568 2280 634 deﬁcit,
2313 587 2374 622 ac
2407 572 2626 625 recedit.

2149 659 2380 714 LXXIV.
2424 662 2716 716 Monachus
2751 677 2855 715 non
2911 660 3109 716 dicitur
3142 659 3339 725 facere,
3391 672 3512 726 quas
3561 672 3665 728 per-

2076 766 2273 820 corpus
2300 756 2348 807 ei
2377 753 2552 808 facere
2583 752 2871 809 convenit:
2917 752 3011 808 sed
3041 752 3083 807 si
3118 752 3168 806 id
3222 760 3347 822 agat
3377 759 3433 804 ut
3461 763 3524 804 ea
3555 764 3655 818 per

2078 859 2274 920 corpus
2329 855 2583 914 operetur
2640 846 2891 900 animus:
2945 845 3070 899 licet
3113 842 3257 898 enim
3300 841 3441 895 idem
3471 838 3670 903 facere

2079 936 2408 992 multimodis
2443 947 2537 992 :ut
2587 935 2832 1007 ieiunare
2875 936 2943 992 ob
2983 935 3254 998 timorem,
3294 945 3361 986 ue
3401 945 3530 986 caro
3565 931 3650 984 in-

2077 1035 2286 1097 surgat,
2345 1043 2448 1082 non
2502 1027 2627 1083 odio
2688 1025 3038 1097 liguritionis.
3089 1021 3156 1076 Et
3213 1036 3450 1087 rursum,
3507 1027 3664 1074 metu-

2077 1114 2337 1168 violandae
2363 1115 2518 1186 legis,
2553 1132 2673 1187 qua:
2696 1118 2760 1171 de
2790 1116 3118 1171 abstinentia
3152 1129 3180 1168 a
3223 1114 3344 1168 cibo
3378 1111 3666 1167 monachis.

2075 1205 2282 1260 sancita
2324 1217 2448 1273 est;
2493 1224 2596 1262 non
2653 1209 2919 1264 desiderio
2968 1207 3186 1262 virtutis
3239 1219 3342 1274 qua
3397 1218 3455 1258 se
3495 1203 3648 1270 quis?

2075 1295 2220 1364 piam
2269 1299 2484 1353 modico
2532 1297 2792 1352 alimento
2839 1298 3044 1362 reﬁcit,
3093 1303 3186 1350 aut
3233 1291 3656 1363 complectcndm

2075 1387 2390 1442 deliciarum
2419 1387 2577 1457 fug-.2.
2612 1388 2924 1444 Necessario
2950 1387 3092 1442 enim
3119 1385 3184 1440 ad
3221 1394 3471 1438 naturam
3532 1395 3669 1437 sus-L

2079 1478 2388 1532 tentandam
2410 1478 2564 1534 cibus
2585 1479 2894 1548 capiendus,
2930 1493 3032 1532 non
3069 1488 3248 1530 autem
3270 1473 3504 1544 corpori,
3530 1487 3651 1526 cum

2075 1570 2268 1624 vitiosa
2337 1571 2706 1639 appositurum
2771 1569 3078 1639 appetentia
3143 1567 3350 1622 edendo
3425 1564 3653 1618 adulan-

2079 1660 2203 1714 dum
2238 1670 2338 1716 cst.

2150 1751 2362 1806 LXXV.
2387 1751 2690 1808 Concessas
2717 1751 2983 1806 monacho
3010 1750 3196 1820 epulas
3220 1747 3485 1817 exquisite
3516 1761 3648 1801 con-

2008 1821 2051 1877 B
2084 1841 2223 1895 ditas
2267 1841 2427 1906 velle,
2478 1841 2846 1896 teStimonium
2900 1850 2981 1894 cst
3036 1847 3222 1893 coactu
3274 1837 3510 1907 quodam
3556 1838 3656 1890 hu-

2078 1947 2238 1985 mano
2275 1930 2483 1999 jejunia
2528 1931 2752 2001 suscipi.
2788 1929 2840 1982 ld
2909 1930 3020 1983 nim
3059 1928 3474 1984 immoderatum
3502 1943 3654 1982 amo-

2080 2037 2195 2076 rem
2221 2022 2486 2092 corporis,
2519 2038 2624 2076 non
2655 2020 2922 2092 religiosae
2953 2020 3360 2076 exercitationis
3391 2020 3657 2090 cupidita-

2079 2122 2182 2167 tem
2220 2112 2420 2182 arguit.

2148 2205 2382 2261 LXXVI.
2416 2206 2530 2261 Non
2568 2206 2743 2262 solum
2788 2207 2939 2261 tarde
2979 2221 3042 2260 ac
3070 2219 3197 2260 sero
3225 2203 3398 2270 epulis
3434 2217 3655 2258 accum-

2077 2299 2225 2362 here,
2264 2298 2357 2352 sed
2393 2297 2559 2353 etiam
2609 2298 2796 2368 epulas
2844 2299 2951 2351 cito
2985 2296 3161 2361 linire,
3202 2295 3476 2366 jejunium
3533 2305 3652 2348 est:

2080 2404 2178 2445 nec
2215 2390 2447 2444 insrituti
2480 2389 2764 2444 monastici
2801 2399 2908 2454 est,
2939 2389 3008 2443 ob
3035 2387 3234 2441 famem
3267 2387 3523 2439 duntaxat
3571 2385 3656 2438 in-

2077 2488 2292 2547 gentem
2349 2479 2645 2532 sedandam
2701 2478 2894 2541 edere,
2951 2477 3046 2532 sed
3097 2475 3362 2530 varietate
3408 2476 3652 2529 ciborum

2078 2569 2220 2624 nulla
2274 2572 2374 2624 uti.
2423 2570 2731 2625 Asceticum
2781 2567 3049 2638 siquidem
3086 2576 3189 2634 est,
3237 2581 3358 2620 cum
3397 2564 3654 2619 unil‘ormi

2078 2662 2335 2716 alimento
2372 2676 2570 2716 mensa:
2596 2661 2798 2724 brevis,
2833 2661 3157 2716 solutionem
3198 2657 3362 2711 animi
3391 2657 3456 2711 ad
3486 2670 3646 2712 omne

2077 2769 2246 2823 genus
2281 2753 2578 2807 eduliorum
2631 2767 2690 2807 se
2721 2751 3078 2816 demittenlis,
3124 2757 3182 2804 ut
3231 2764 3343 2804 rem
3375 2749 3658 2805 insuavem

2078 2855 2132 2899 et
2157 2842 2510 2911 injucundam
2542 2843 2806 2898 aversari.

2149 2931 2406 2988 LXXVII.
2435 2932 2568 2988 Cum
2606 2935 2817 2989 ratione
2850 2948 3035 3004 parum
3065 2941 3369 3005 congruens
3390 2930 3653 2999 jejunium

2078 3031 2184 3085 est,
2220 3021 2521 3092 legitimum
2575 3023 2818 3092 quidem,
2858 3037 2922 3077 ac
2970 3023 3251 3078 deﬁnitum
3304 3030 3513 3091 tempus
3553 3035 3652 3074 ex-

2079 3121 2354 3182 spectans,
2385 3113 2516 3166 hora
2557 3121 2736 3166 autem
2767 3111 2872 3167 cibi
2906 3113 3152 3167 sumendi
3185 3110 3373 3166 ell‘reni
3405 3111 3642 3179 quodam

1999 3173 2046 3236 ο
2079 3203 2281 3272 impetu
2333 3205 2398 3257 ad
2451 3217 2694 3258 mensam
2743 3217 3104 3273 prorumpens
3143 3223 3160 3256 :
3213 3210 3268 3258 et
3313 3216 3435 3256 cum
3491 3213 3656 3254 carne

2075 3295 2240 3348 etiam
2271 3303 2510 3349 tuentem.
2533 3293 2796 3365 voluptati
2833 3307 3020 3350 eorum
3056 3309 3176 3364 qnze
3215 3293 3460 3364 apposita
3507 3301 3654 3356 sunt,

2077 3383 2309 3453 illigans.

2147 3475 2429 3533 LXXVIII.
2484 3477 2712 3532 Carnem
2763 3484 2818 3531 et
2853 3475 3172 3546 sanguinem
3215 3473 3506 3542 Apostolus
3555 3487 3652 3539 ap-

2075 3570 2296 3642 pellavit
2352 3569 2599 3624 carnales
2646 3568 2893 3635 allectus,
2941 3579 2996 3623 et
3040 3567 3382 3637 prudentiam
3442 3565 3649 3630 carnis,

2077 3673 2312 3716 mentem
2349 3660 2416 3715 ad
2457 3663 2570 3716 btec
2606 3670 3016 3730 prevocantem,
3051 3673 3170 3712 cum
3229 3657 3398 3711 dixit:
3438 3655 3574 3709 Caro
3606 3663 3657 3708 et

2074 3753 2290 3824 sanguis
2313 3769 2524 3822 regnum
2564 3751 2659 3805 Dei
2693 3768 2794 3804 non
2824 3749 3244 3819 possidebunt".
3270 3748 3371 3801 Et:
3405 3745 3654 3826 Pruden-

2078 3846 2153 3897 tia
2182 3845 2360 3897 carnis
2410 3859 2548 3896 mors
2600 3851 2675 3895 est
2697 3842 2766 3895 “.
2796 3825 2912 3910 Ipsa
2970 3839 3133 3908 igitur
3190 3852 3320 3892 caro
3381 3825 3652 3905 quoddam

2080 3935 2473 3987 nutrimentum
2507 3940 2592 3986 est
2633 3932 2955 3986 dmmonum.
2985 3929 3122 3982 Dum
3159 3926 3477 3997 appropiant
3501 3940 3656 3992 super

2031 4015 2036 4018 ’
2077 4041 2157 4078 me
2191 4033 2456 4088 nocentes,
2495 4023 2691 4091 inquit,
2735 4032 2790 4075 ut
2832 4022 2988 4075 edant
3049 4036 3234 4074 carnes
3292 4034 3433 4074 meas
3454 4016 3521 4069 ⁸⁷.
3552 4016 3655 4082 Qui

2079 4131 2206 4184 ergo
2257 4131 2352 4184 per
2405 4115 2660 4169 virtutem
2716 4127 2930 4177 carnes,
2983 4112 3048 4166 de
3095 4111 3292 4178 quibus
3343 4107 3652 4176 loquimur,

2079 4215 2320 4262 macerat
2375 4221 2438 4260 ac
2482 4203 2754 4271 ta'belacit,
2804 4204 3072 4257 daemones
3121 4201 3263 4256 fame
3325 4198 3550 4264 occidit,
3602 4208 3658 4251 et

2078 4299 2143 4352 ad
2185 4312 2333 4350 arma
2378 4295 2480 4350 sibi
2512 4295 2789 4349 inl‘creuda
2826 4291 3205 4347 imbecilliores
3232 4289 3428 4344 reddit.

2150 4386 2386 4442 LXXIX.
2447 4385 2504 4441 Si
2551 4400 2940 4450 cognoscamus
2979 4383 3166 4452 quales
3221 4395 3318 4435 nos
3356 4380 3452 4449 ipsi
3508 4380 3654 4436 lece-

2079 4479 2247 4534 rimus
2297 4492 2393 4546 per
2445 4487 2664 4547 peccata
2722 4490 2842 4544 quae
2895 4474 3287 4533 commisimus,
3344 4474 3470 4524 tunc
3518 4485 3653 4540 qna-

2077 4571 2153 4626 les
2202 4588 2298 4626 nos
2338 4572 2478 4627 Deus
2509 4571 2805 4626 secundum
2861 4571 3104 4622 naturam
3161 4565 3376 4628 fecerit,
3446 4562 3650 4617 intelli-

2075 4679 2282 4733 genius.

2146 4753 2357 4808 LXXX,
2413 4751 2563 4808 Mens
2632 4751 2976 4822 semetipsam
3041 4749 3216 4819 qualis
3278 4757 3469 4801 natura
3531 4755 3749 4818 est,_

2084 4857 2418 4911 cognoscens
2526 4852 2746 4912 propter
2821 4840 2958 4895 mala
3025 4855 3144 4908 qua:
3213 4837 3346 4892 loris
3413 4837 3653 4904 patitur,

2083 4947 2176 4989 aut
2239 4934 2404 4999 subit,
2452 4934 2722 4988 neminem
2769 4932 2822 4986 in
2856 4933 3061 4986 crimen
3110 4937 3285 4982 vocat.
3341 4928 3454 4981 Nisi
3509 4927 3654 4981 enim

2084 5026 2233 5094 prius
2265 5038 2424 5092 passa
2459 5021 2650 5076 luisset
2687 5022 2803 5077 sine
2848 5020 3048 5089 aliquo,
3094 5034 3197 5072 non
3235 5017 3346 5086 jam
3381 5023 3657 5110 pateretur

2293 5129 2380 5164 U0.

2293 5129 2320 5164 u
2366 5151 2380 5164 .

2079 5114 2386 5259 ³1)ιέῗὲχῖ
2428 5199 2768 5256 Continentia
2819 5199 3027 5256 frenum
3066 5206 3169 5263 est,
3213 5196 3524 5267 cupiditatis
3555 5196 3659 5249 im-

2083 5307 2265 5366 petum
2327 5294 2378 5348 in
2403 5307 2556 5348 escas
2584 5308 2646 5348 ac
2679 5292 3072 5363 possessiones,
3111 5299 3204 5344 aut
3233 5289 3457 5359 gloriam
3495 5286 3650 5341 cohi-

2086 5389 2235 5440 bens.

2160 5475 2416 5530 LXXXII.
2448 5473 2760 5530 Obedientia
2793 5482 2874 5527 est
2901 5470 3202 5543 persuasio,
3239 5483 3340 5538 qua
3401 5482 3507 5521 non
3541 5465 3658 5521 dis-
3683 5509 3697 5513 ..

2089 5568 2381 5632 cernendo,
2444 5567 2645 5634 absque
2675 5565 2893 5620 tristitia
2921 5574 2974 5620 ct
3001 5560 3438 5624 ratiocinatione,
3468 5557 3680 5628 iusso»

2315 5750 2354 5779 ⁵⁷
2394 5748 2531 5800 ῐᾊίιι.
2566 5761 2712 5811 nrt,
2757 5748 2833 5798 l2.
