4048 6392
410 321 514 384 823

1676 319 1994 379 JOANNIS
2025 320 2432 382 CARPATHII

3574 309 3684 390 821

411 447 534 486 rum
571 430 823 501 lmpletur
847 428 1102 483 ofllt-ium.
1138 427 1327 485 Aliter.
1360 428 1682 484 Obedientla
1733 442 1818 486 est
1860 447 1990 500 pnr-
2021 449 2062 503 Α
2101 433 2389 503 repellens,
2453 443 2642 487 contra
2690 447 2749 487 se
2799 431 2965 494 dicit,
2997 431 3315 486 vulneratur
3359 437 3576 492 autem,
3624 437 3684 484 et

412 522 557 576 {ecta
594 521 883 590 subjectio,
916 519 1195 574 voluntate
1239 522 1456 593 pr0pria
1501 522 1756 589 spoliata,
1792 536 1845 578 et
1872 524 1990 579 solo

413 622 546 666 nutu
583 611 866 681 prmpositi
903 611 1038 664 citra
1095 599 1563 681 perturbationem
1617 612 1684 666 ad
1724 613 1989 681 agendum

415 702 669 767 impulsa.

487 793 668 849 LXVI.
721 793 889 848 Nemo
936 807 966 848 a
1017 793 1158 848 malo
1200 795 1443 848 dmuone
1491 806 1831 865 oppugnatus
1899 810 1993 850 un-

417 899 579 953 quam
611 885 950 951 devincetur,
979 884 1030 939 ni
1063 885 1214 952 prius
1253 885 1370 953 ipse
1401 899 1497 952 per
1524 899 1584 939 se
1615 885 1842 948 divisus,
1872 900 1998 938 car-

422 976 507 1028 nis
551 989 666 1029 sua:
717 974 950 1038 vitiosis,
981 984 1037 1028 et
1075 974 1272 1028 rationi
1322 974 1738 1029 adversantibus
1785 974 1996 1029 deside-

417 1064 520 1118 riis
561 1063 818 1133 paulatim
871 1077 1060 1116 manus
1097 1065 1254 1129 dans,
1303 1061 1370 1115 ab
1419 1062 1486 1116 iis
1533 1061 1780 1116 devictus
1812 1060 1994 1114 fuerit.

421 1153 537 1221 Qua
567 1163 820 1224 tanquam
845 1167 976 1208 ansa
1004 1161 1220 1222 arrepta
1245 1152 1494 1207 diabolus
1546 1153 1854 1216 roboratur,
1877 1166 1998 1207 eos—

426 1247 661 1312 demque
689 1253 870 1298 motus
897 1244 948 1296 in
999 1243 1296 1312 perniciem
1333 1244 1528 1296 animae
1560 1252 1922 1308 consummat,
1947 1250 2002 1298 et

423 1333 492 1389 ad
522 1334 930 1404 exstirpantlum
963 1332 1203 1388 dilliciles
1236 1334 1432 1388 reddit.

490 1420 704 1478 LXVII.
778 1424 910 1480 Sine
985 1423 1223 1491 generali
1297 1423 1628 1479 continentia
1704 1433 2000 1480 certantem

424 1516 742 1572 Christiano
773 1514 948 1571 cilicio
976 1516 1320 1579 satisfacere,
1352 1525 1408 1570 et
1441 1517 1506 1569 ad
1544 1515 1874 1585 propositam
1906 1528 2003 1569 no-

428 1605 513 1659 bis
546 1605 937 1660 beatitudinem
977 1605 1371 1674 assequendam
1408 1604 1720 1674 procedere,
1751 1605 2004 1674 impossi-

429 1695 538 1750 bile
571 1706 672 1756 est.
698 1711 823 1750 cum
859 1696 1004 1750 dicat
1040 1696 1368 1765 Apostolus:
1413 1696 1520 1762 Qui
1551 1697 1604 1750 in
1655 1713 1823 1767 agone
1873 1713 2004 1751 con-

2095 522 2377 577 iudolescit
2420 523 2650 591 probris,
2689 537 2809 592 qum
2844 520 2975 576 foris
3012 522 3112 592 ipsi
3159 518 3518 589 objiciuntur,
3576 534 3682 573 non

2094 612 2476 667 animadvertit
2528 627 2587 668 se
2633 612 2840 682 decipit
2885 613 3165 683 magisque
3204 611 3518 666 hominibus
3557 611 3678 678 pla-

2099 702 2256 757 cendi
2288 703 2491 770 studio,
2542 718 2706 774 quam
2745 703 2963 759 virtutis
3011 717 3142 773 ergo
3191 702 3258 757 de
3319 709 3494 756 semet
3543 700 3683 755 male

2096 794 2264 864 loqui.

2167 884 2406 941 LXXIII.
2432 885 2535 954 Qui
2557 886 2752 943 melius
2779 886 2982 956 aliquid
3012 885 3292 956 possidere
3319 887 3682 956 concupiscit,

2098 990 2204 1032 non
2269 975 2374 1033 fert
2422 993 2488 1034 ea
2559 979 2754 1050 quibus
2788 994 2818 1032 a
2879 993 2935 1034 re
2992 979 3279 1049 concupita
3337 977 3688 1048 adipiscenda

2099 1067 2444 1136 prohibetur:
2495 1070 2590 1126 sed
2643 1072 2885 1126 studiose
2925 1069 3058 1139 agit,
3100 1071 3427 1140 moliturque
3477 1071 3684 1131 omnia,

2101 1169 2159 1214 ut
2180 1159 2490 1216 desiderare
2516 1163 2773 1232 potiatur.
2811 1161 3055 1233 Exempli
3086 1176 3276 1226 causa,
3307 1162 3400 1230 qui
3427 1161 3689 1228 consequi

2105 1248 2222 1302 vult
2249 1248 2501 1304 stabilem
2533 1251 2969 1319 temperantiam,
2990 1250 3054 1306 de
3088 1250 3264 1320 epulis
3295 1264 3359 1304 ac
3393 1258 3520 1319 potu
3548 1248 3689 1304 deli-

2103 1340 2242 1395 catis
2276 1354 2382 1396 non
2425 1340 2669 1397 laborat:
2727 1357 2828 1398 nec
2855 1341 3038 1396 mollis
3078 1341 3390 1396 vestimenti
3435 1350 3689 1396 ornatum

2103 1431 2338 1501 quaerit:
2371 1446 2471 1488 nec
2505 1441 2737 1503 nugatur
2786 1433 2944 1487 labiis
2973 1433 3108 1498 suis,
3134 1447 3254 1502 qua:
3283 1431 3561 1500 religionis
3613 1431 3692 1484 in-

2107 1523 2428 1587 tentionem,
2456 1523 2805 1593 vigoremque
2857 1523 3183 1593 pedetentim
3231 1520 3437 1587 laxent,
3479 1535 3546 1575 ac
3572 1521 3680 1575 dis-

2106 1613 2358 1669 solvent:
2405 1628 2504 1670 nec
2554 1629 2676 1668 cum
2722 1613 3183 1678 adolescentibus,
3236 1622 3332 1666 aut
3385 1611 3580 1677 puellis
3626 1611 3693 1664 li-

2107 1704 2234 1759 bera
2261 1713 2317 1759 et
2360 1705 2503 1760 risus
2526 1704 2682 1774 plena
2717 1703 2989 1774 colloquia
3022 1703 3194 1759 serit:
3234 1717 3335 1758 nec
3364 1702 3509 1757 aliud
3533 1703 3695 1772 quid-

430 1788 624 1851 tendt't,
662 1788 726 1841 ab
754 1789 996 1842 omnibus
1028 1804 1082 1842 se
1103 1789 1325 1842 abstinet
1343 1789 1407 1842 “.
1446 1788 1545 1843 Ubi
1579 1804 1704 1855 vox,
1742 1791 2006 1854 omnibus,
2045 1807 2088 1862 Β
2121 1795 2269 1866 piam
2295 1795 2379 1850 his
2412 1794 2590 1851 simile
2627 1807 2642 1846 :
2673 1795 2802 1866 quin
2825 1794 3002 1863 potius
3024 1793 3216 1848 horum
3240 1794 3514 1848 contraria
3535 1807 3696 1847 exer-

429 1879 664 1935 fortasse
710 1895 911 1948 semper
953 1879 1243 1950 significat.
1284 1881 1346 1934 Et
1395 1885 1462 1936 ab
1508 1882 1759 1937 omnibus
1798 1883 2005 1954 cogitao

430 1970 688 2035 tionibus,
737 1972 1154 2040 actionibusque
1200 1986 1323 2026 cum
1371 1973 1582 2028 ratione
1620 1989 1725 2028 non
1773 1989 2006 2030 consen-

431 2060 692 2115 tientibus
729 2060 1108 2115 abstinendum
1165 2074 1269 2118 est.
1306 2062 1420 2130 Qua
1455 2065 1600 2118 enim
1642 2073 1799 2134 parte
1833 2066 2008 2121 conti-

430 2151 626 2204 nentia:
659 2152 935 2207 contentio
972 2151 1268 2224 languebit,
1304 2166 1364 2208 ea
1395 2164 1552 2226 parte
1598 2157 1770 2212 virtus
1799 2158 2006 2226 peccati

430 2244 638 2298 viribus
685 2254 932 2299 crescet:
977 2255 1142 2316 atque
1175 2247 1249 2300 ita
1285 2246 1516 2303 daemonl
1549 2248 1772 2304 victoria
1817 2248 2010 2303 adver-

430 2349 526 2390 sus
563 2335 798 2389 animam
829 2337 1075 2408 obtinget
1099 2353 1166 2392 ex
1195 2340 1485 2395 sententia.

501 2424 736 2480 LXVIII.
779 2426 1120 2483 Continentia
1174 2429 1446 2485 sensibilis
1485 2440 1566 2486 est
1612 2432 1901 2488 declinatio
1941 2434 2010 2488 ab

429 2517 681 2572 omnibus
713 2519 1042 2586 actionibus,
1089 2535 1209 2590 quae
1242 2535 1340 2590 per
1387 2536 1607 2578 carnem
1653 2533 2001 2589 exercentur,

429 2617 488 2662 et
509 2623 628 2662 cum
665 2610 871 2665 ratione
903 2620 1165 2680 pugnant.

502 2699 690 2754 LXIX.
743 2700 1092 2758 Continentia
1159 2704 1568 2773 intellectualis,
1638 2717 1721 2762 est
1780 2708 2012 2763 declina-

435 2791 511 2844 tio
562 2805 592 2844 a
640 2792 915 2862 voluptate
969 2795 1387 2864 cogitationum,
1437 2811 1557 2867 quze
1593 2813 1698 2852 non
1735 2808 1863 2852 sunt
1897 2799 2013 2853 sine

436 2883 712 2951 passione.
745 2883 946 2939 Verum
991 2885 1140 2954 prior
1169 2886 1458 2942 declinatio
1490 2897 1635 2944 recte
1684 2904 1789 2944 non
1823 2905 2014 2960 proce-

433 2975 533 3038 dit,
556 2975 654 3029 nisi
676 2973 909 3029 animum
936 2975 1297 3046 posteriorem
1325 2978 1395 3031 ita
1419 2978 1727 3045 meditetur,
1747 2990 1802 3034 et
1821 2980 2014 3035 obser-

433 3074 546 3129 vet,
583 3075 640 3118 ut
669 3080 695 3118 a
731 3080 792 3120 se
823 3066 1003 3121 divelli
1033 3082 1307 3137 nunquam
1339 3069 1595 3139 patiatur.

2105 1897 2234 1940 cere
2275 1893 2525 1948 conatur,
2570 1883 2963 1939 continentiam
3015 1891 3166 1952 puta,
3218 1883 3474 1937 vestitum
3512 1882 3694 1946 vilem,

2107 1973 2454 2044 gravitatem,
2482 1973 2818 2044 religionem,
2847 1971 3109 2042 quietem,
3147 1972 3541 2036 humilitatem,
3578 1988 3698 2042 qua:

2107 2065 2253 2121 basis
2287 2079 2350 2120 ac
2379 2064 2790 2120 fundamentum
2822 2073 2906 2118 est
2933 2063 3196 2117 virtutum
3229 2064 3502 2118 omnium:
3534 2079 3698 2132 super

2109 2171 2230 2226 qua:
2274 2157 2484 2211 laetatus
2520 2155 2805 2222 Dominus,
2857 2155 3157 2226 expetitum
3193 2169 3223 2208 a
3278 2155 3436 2210 nobis
3489 2156 3692 2230 bonum

2111 2248 2358 2318 largitur,
2394 2258 2450 2303 et
2473 2248 2728 2303 custodit.
3232 2251 3237 2254 “

2180 2338 2414 2394 LXXIV.
2463 2339 2578 2395 Non
2620 2349 2796 2409 potest
2839 2340 3005 2394 ullum
3041 2340 3241 2395 boum
3282 2341 3419 2395 citra
3486 2339 3700 2408 patien-

2111 2433 2242 2486 tiam
2310 2432 2809 2502 continentiamque
2867 2432 3175 2503 generalem
3223 2433 3552 2501 comparari.
3616 2431 3686 2485 In

2110 2523 2369 2593 patientia
2427 2523 2566 2576 enim
2615 2532 2808 2590 uestra,
2856 2524 3057 2593 inquit,
3110 2523 3444 2593 possidebitis
3494 2523 3703 2576 animus

2115 2625 2314 2670 uestras
2338 2616 2407 2667 ”.
2447 2615 2549 2668 Et:
2583 2613 2687 2680 Qui
2719 2615 2774 2668 in
2812 2632 2981 2686 agone
3020 2617 3308 2680 contendit,
3361 2615 3426 2668 ab
3462 2615 3703 2668 omnibus

2115 2709 2428 2763 abstinet".
2470 2707 2739 2763 Caeterum
2777 2708 3111 2763 continentia
3143 2709 3263 2764 sine
3308 2709 3525 2764 assidua
3574 2725 3700 2763 ora-

2117 2800 2263 2854 tione
2289 2814 2395 2853 non
2443 2799 2580 2854 bene
2636 2806 2946 2868 prtestatur.
2987 2799 3199 2854 Etenim
3245 2799 3371 2855 Sine
3421 2802 3692 2854 intermis-

2119 2892 2284 2955 sione,
2335 2890 2530 2960 inquit,
2584 2900 2733 2943 orate
2764 2890 2832 2944 ".
2887 2888 2998 2946 Nec
3044 2906 3171 2946 vero
3219 2891 3338 2947 sine
3401 2891 3705 2946 humilitate

2122 2982 2234 3038 Deo
2274 2992 2426 3053 grata
2474 2993 2557 3038 est
2599 2983 2811 3047 oratio,
2837 2997 2959 3038 cum
2991 2983 3252 3052 scriptum
3292 2984 3363 3038 sit
3403 3000 3417 3035 :
3459 2981 3705 3047 Respexit

2120 3076 2176 3128 in
2236 3074 2525 3128 orationem
2576 3073 2881 3138 humilium,
2922 3083 2970 3126 et
3023 3091 3126 3128 non
3165 3075 3358 3142 sprevit
3398 3090 3575 3142 preces
3609 3091 3701 3127 eo-

508 3153 674 3209 LXX.
738 3153 798 3208 In
867 3156 1078 3212 duabus
1162 3159 1583 3227 generalissimis
1651 3162 2088 3236 functionibusc
2122 3165 2323 3217 rum”.
2357 3163 2540 3230 Quare
2582 3165 2625 3219 si
2675 3163 2901 3219 virtutes
2954 3165 3202 3220 volumus
3256 3167 3534 3231 obtinere,
3573 3180 3708 3221 con-

437 3248 698 3316 perfectio
727 3257 1072 3317 contemptus
1101 3251 1221 3307 vita:
1264 3252 1421 3321 lmjus
1451 3255 1722 3319 consistit,
1755 3257 1806 3310 in
1837 3257 2012 3311 conti-

442 3338 650 3402 nentia,
682 3341 928 3410 inquam,
956 3351 1010 3396 et
1036 3343 1317 3412 patientia.
1348 3342 1414 3399 Et
1439 3359 1506 3400 ex
1535 3345 1600 3400 iis
1627 3347 1868 3415 quidem,
1898 3364 2017 3417 qua:

441 3430 496 3484 in
528 3438 798 3496 potestate
833 3441 1016 3487 nostra
1067 3441 1222 3498 sunt,
1257 3444 1341 3489 est
1390 3435 1724 3491 continentia
1772 3453 1786 3490 :
1825 3453 1892 3492 ex
1951 3439 2018 3494 iis

439 3536 561 3587 qua:
593 3537 698 3576 non
727 3531 872 3583 sunt,
899 3524 1179 3592 patientia.
1207 3524 1286 3580 Ac
1311 3521 1457 3595 prior
1478 3525 1697 3596 quidem
1722 3545 1787 3583 ex
1826 3529 2019 3584 timore

403 3605 838 3678 'roulirmatur;
902 3614 1070 3668 altera
1117 3630 1180 3671 ex
1242 3616 1509 3672 charitate
1558 3617 1705 3674 vires
1761 3621 2016 3690 acquirit.

443 3701 694 3757 Charitas
719 3706 876 3768 enim,
895 3705 1088 3774 inquit,
1121 3707 1301 3760 omnia
1329 3707 1537 3777 suffert,
1563 3710 1739 3764 omnia
1773 3712 2020 3776 sustinet,

443 3795 620 3846 omnia
648 3803 842 3862 sperat,
874 3794 1108 3850 charitas
1137 3815 1404 3867 nunquam
1430 3801 1626 3855 excidit
1647 3800 1708 3858 “.

516 3884 768 3939 ANNOT.
795 3885 1114 3939 Patiemiam
1142 3899 1246 3941 non
1273 3900 1396 3942 esse
1425 3886 1478 3942 in
1516 3899 1702 3946 nostra
1731 3899 2018 3960 potestate,

445 3975 717 4030 sllirmare
751 3975 986 4040 videtur,
1019 3987 1240 4047 prepter
1265 3979 1537 4048 patientia:
1567 3983 1870 4049 materiam,
1905 3997 2025 4053 quae

445 4071 764 4142 plerumque
814 4083 846 4123 a
902 4071 1080 4124 causis
1139 4071 1382 4126 externis
1431 4072 1814 4142 proﬁciscitur.
1880 4074 2024 4131 Con-

448 4161 736 4216 tinentiam
777 4160 852 4215 ait
881 4174 1001 4215 esse
1038 4162 1089 4216 in
1137 4171 1320 4217 nostra
1357 4171 1649 4232 potestate,
1693 4164 1818 4233 quia
1849 4175 2026 4234 potest

450 4252 573 4332 quis
621 4265 742 4307 esse
771 4251 1078 4318 continens,
1107 4252 1150 4308 si
1180 4254 1360 4308 divina
1399 4253 1619 4322 adjutus
1680 4255 1876 4322 gratia,
1906 4270 2029 4325 quae

449 4344 700 4398 omnibus
743 4351 940 4412 prresto
981 4354 1084 4409 est,
1121 4343 1251 4399 velit
1281 4359 1403 4400 esse
1435 4344 1758 4401 continens:
1785 4361 1885 4401 nec
1923 4346 2030 4401 alio

451 4435 519 4489 ad
575 4435 968 4490 continentiam
1032 4435 1354 4505 simpliciter
1409 4435 1680 4502 loquendo
1725 4445 1880 4503 eget,
1925 4437 2027 4492 nisi

2127 3256 2435 3320 tiucntiam,
2487 3255 2825 3324 patientiam,
2854 3255 3213 3310 lmmilitatem
3267 3255 3706 3326 frequentemus,

2125 3356 2181 3402 et
2230 3361 2391 3416 super
2450 3348 2629 3402 omnia
2685 3349 2801 3403 btec
2841 3349 3142 3404 orationem
3212 3349 3511 3414 assiduam,
3598 3364 3705 3416 qua

2125 3439 2372 3494 oratione
2397 3439 2539 3508 quod
2571 3439 2796 3510 adipisci
2824 3439 3161 3505 Studeamus,
3199 3440 3358 3495 facile
3406 3455 3708 3509 conseque-

2127 3547 2269 3587 mur.

2199 3621 2410 3677 LXXV.
2451 3621 2528 3677 Ex
2572 3623 2823 3679 omnibus
2894 3631 3040 3679 recte
3100 3622 3258 3679 factis
3318 3623 3520 3679 nostris
3577 3621 3710 3676 nihil

2131 3716 2264 3770 adeo
2328 3721 2496 3769 terret
2549 3714 2886 3781 daemonem,
2941 3722 3000 3768 ut
3043 3713 3189 3784 jugis
3243 3721 3299 3768 et
3351 3726 3710 3782 perseverans

2131 3805 2324 3862 oratio.
2365 3805 2439 3860 Ea
2493 3805 2638 3860 enim
2677 3815 2926 3861 orantem
2977 3805 3156 3860 divina
3187 3804 3714 3875 appropinquatione

2133 3897 2356 3966 dignum
2397 3906 2659 3965 praestans
2688 3897 2866 3965 (prope
2893 3896 3028 3950 enim
3067 3904 3145 3949 est
3188 3895 3444 3950 Dominus
3471 3894 3712 3948 omnibus

2133 3989 2494 4043 invocantibus
2549 3989 2690 4057 eum)
2753 3988 3004 4044 hostibus
3061 3988 3251 4044 invasu
3301 3987 3576 4045 dillicilem
3629 3986 3710 4042 ef-

2135 4082 2266 4137 ficit.

2203 4173 2436 4231 LXXVI.
2494 4174 2728 4244 Spiritus
2783 4173 2959 4230 sancti
3021 4173 3358 4243 eloquiorum
3436 4171 3718 4227 meditatio

2138 4265 2400 4320 malarum
2432 4266 2820 4336 cogitationum
2862 4263 3023 4320 faeces
3048 4263 3229 4320 aufert
3257 4278 3322 4319 ac
3355 4263 3516 4328 tollit,
3558 4263 3717 4317 intel-

2137 4356 2421 4412 lectualem
2456 4356 2508 4409 in
2543 4356 2701 4411 nobis
2757 4356 2934 4427 ignem
2991 4369 3285 4424 generans,
3333 4353 3424 4424 qui
3475 4354 3716 4408 animum

2139 4456 2381 4501 nostrum
2417 4444 2767 4511 culefaciens,
2792 4449 2858 4501 ad
2890 4460 3078 4516 preces
3103 4445 3344 4516 vigilem,
3387 4453 3442 4500 et
3474 4445 3718 4500 alacrem

455 4541 554 4592 ope
584 4525 760 4580 divina
809 4535 866 4580 et
916 4527 1190 4580 voluntate
1221 4541 1344 4579 sua.
1383 4525 1492 4579 Nec
1543 4525 1666 4594 quia
1701 4537 1892 4582 auctor
1927 4529 2034 4586 iste
2066 4533 2109 4587 ι)
2136 4533 2411 4599 conciliat,
2461 4543 2516 4588 et
2560 4535 2678 4603 ejus
2706 4535 2995 4606 petitiones
3043 4551 3166 4591 cum
3214 4535 3490 4591 intellectu
3545 4535 3722 4590 factas

455 4619 651 4672 asserit
718 4618 1108 4673 continentiam
1173 4629 1292 4671 esse
1367 4617 1419 4669 in
1494 4626 1676 4671 nostra
1741 4630 2028 4688 potestate,

453 4708 664 4765 idcirco
693 4721 851 4780 negat
877 4709 942 4763 ad
979 4723 1097 4763 eam
1141 4707 1362 4762 caeleste
1389 4706 1691 4764 subsidium
1719 4715 2028 4770 necessario

457 4801 678 4868 requiri.
697 4800 812 4856 Non
830 4801 971 4855 enim
992 4797 1396 4868 ignoravitiflud
1423 4800 1716 4869 Sapientis,
1743 4803 1870 4874 Sap.
1897 4820 2028 4859 vm:

461 4889 528 4945 Et
568 4902 622 4944 ut
653 4893 802 4956 sciui,
851 4891 1098 4961 quoniam
1138 4889 1294 4942 aliter
1341 4908 1441 4946 non
1478 4908 1676 4961 postem
1715 4913 1827 4951 esse
1867 4901 2036 4952 conti-

459 4997 608 5047 nens,
638 4983 741 5037 nisi
797 4981 935 5036 Deus
968 4981 1094 5034 det:
1142 4982 1318 5035 ethoc
1372 4986 1542 5053 ipsum
1596 4999 1706 5040 erat
1748 4989 2032 5057 sapientia,

461 5075 618 5138 scire,
655 5073 807 5142 cujus
837 5084 968 5126 esset
1005 5073 1100 5126 hoc
1122 5075 1338 5137 donum,
1375 5078 1487 5129 adii
1522 5077 1824 5143 Dominum,
1847 5091 1894 5133 et
1941 5082 2031 5134 de-

460 5173 704 5230 precatus
733 5180 846 5217 sum
885 5163 1060 5229 illum,
1085 5177 1190 5219 etc.

536 5253 724 5308 LXXI.
800 5255 951 5308 Vera:
1025 5255 1344 5314 humilitatis
1410 5263 1666 5318 indicium
1734 5272 1837 5328 cst,
1905 5267 2033 5330 non,

465 5348 530 5400 de
580 5347 874 5413 semetipso
919 5351 1312 5406 contumeliose
1347 5353 1527 5423 loqui:
1566 5357 1660 5409 sed
1709 5356 1938 5412 intortas
1967 5360 2034 5413 ab

465 5437 588 5490 aliis
611 5439 967 5508 contumelias
989 5441 1220 5498 viriliter
1250 5447 1476 5516 perpeti.

541 5526 752 5582 LXXII.
809 5528 909 5598 Qui
959 5533 1181 5604 gloriam
1231 5539 1298 5591 ab
1356 5539 1664 5595 hominibus
1726 5541 2030 5596 venientem

538 5707 584 5739 ⁸⁸
618 5707 782 5763 lCor.
819 5725 892 5765 ιι.
924 5710 1014 5766 35.
1092 5713 1560 5782 "lCor.xut,7,8.
1620 5717 1662 5746 ⁸ο
1691 5717 1820 5772 Luc.
1855 5733 1967 5784 xxt,
2003 5717 2083 5774 l9.

2139 4627 2250 4682 Deo
2272 4625 2492 4681 indicat.

2212 4715 2470 4774 LXXVII.
2529 4717 2630 4786 Qui
2679 4718 2847 4776 solius
2902 4719 3143 4775 scientia:
3198 4733 3359 4774 causa
3413 4719 3464 4773 in
3507 4717 3720 4774 divina-

2142 4825 2256 4866 rum
2315 4811 2716 4879 Scripturarum
2766 4810 3224 4867 commentatione
3291 4808 3566 4874 elaborat,
3631 4809 3722 4863 hic

2142 4919 2294 4958 vanae
2340 4903 2523 4974 gloriae
2557 4904 2625 4959 ad
2655 4920 2715 4961 se
2749 4905 2971 4976 ianuam
3016 4905 3208 4974 aperit.
3237 4905 3308 4958 At
3338 4903 3428 4974 qtti
3473 4900 3720 4971 religiosa

2143 5007 2413 5062 cautione,
2447 5010 2511 5051 ac
2537 4996 2624 5066 pie
2664 4997 2715 5050 in
2751 5011 3034 5052 sacrarum
3070 4995 3404 5050 Litterarum
3433 4993 3722 5063 disciplina

2142 5101 2200 5140 se
2241 5096 2480 5149 exercet,
2510 5101 2575 5141 eo
2604 5086 2730 5153 ne,
2773 5097 2832 5140 ttt
2902 5087 3234 5141 voluntatem
3287 5085 3379 5140 Dei
3428 5095 3724 5155 cognoscat

2141 5184 2196 5231 et
2243 5176 2424 5239 faciat,
2461 5177 2548 5230 hic
2577 5175 2812 5246 Spiritus
2845 5179 3018 5232 sancti
3061 5179 3318 5232 virtutem
3376 5175 3442 5229 ad
3484 5191 3542 5231 se
3567 5176 3723 5245 pelli-

2139 5270 2254 5322 irit:
2306 5285 2424 5337 qua!
2480 5269 2554 5323 illi
2606 5271 2818 5338 cognita
2857 5270 2923 5323 ad
2974 5285 3111 5339 Opus
3162 5268 3476 5324 conferendi
3510 5270 3618 5321 vim
3660 5283 3726 5320 ac

2141 5361 2304 5413 robur
2359 5361 2640 5429 impertit,
2702 5372 2756 5414 ct
2819 5363 3040 5429 insuper
3084 5374 3297 5425 eorum,
3353 5374 3472 5431 quae
3513 5359 3727 5428 scripta

2139 5466 2241 5504 nnu
2271 5462 2414 5511 sunt,
2451 5452 2755 5505 divinorum
2793 5453 3174 5524 mysteriorum
3206 5468 3434 5522 gnarum
3463 5450 3614 5505 facit.

2205 5537 2343 5595 LXX
2360 5546 2381 5587 \
2401 5541 2480 5593 l'll.
2504 5542 2634 5598 Tum
2660 5560 2717 5597 se
2735 5545 3000 5613 quispiam
3024 5546 3072 5599 in
3105 5545 3452 5600 meditatione
3479 5542 3727 5611 elquo-

2164 5720 2200 5748 "’
2236 5716 2254 5771 I
2289 5719 2410 5771 Cor.
2446 5736 2517 5783 rx,
2712 5723 2756 5750 "’
2795 5721 2808 5773 Ι
2842 5721 3028 5776 Tltt‘ss.
3065 5738 3115 5787 ι’,
3151 5722 3232 5775 l7.
3289 5723 3332 5754 ""
3359 5720 3499 5778 Psal.
3530 5735 3602 5786 Cl,
3632 5721 3727 5778 18.
