4048 6382
343 316 457 379 ἓ-25
1584 317 1844 380 CAPITA
1882 315 2391 376 HORTATORIA.
3507 306 3615 371 8:26

344 439 465 477 rnm
500 421 592 476 Dei
624 422 811 493 probe,
864 422 1207 494 Iegitimeque
1252 434 1523 480 versatum
1565 426 1920 492 demonstrat,
1958 432 2001 487 Α
2028 428 2278 479 timorem
2334 426 2386 479 in
2442 425 2599 480 nobis
2647 432 2918 493 procreat.
2965 422 3054 478 Ait
3113 423 3280 485 enim,
3321 419 3391 473 Et
3450 423 3617 473 medi-

344 530 467 572 cum
495 515 790 569 tentatione
822 516 1126 584 invadente,
1187 531 1324 587 quos
1358 517 1547 573 didicit
1576 532 1855 572 sermones
1899 532 1930 573 e
2028 514 2220 569 laberis
2258 516 2313 569 in
2359 515 2465 568 illis
2492 516 2567 586 (in
2608 514 2788 570 verbis
2828 513 2923 570 Dei
2976 513 3277 583 videlicet),
3327 511 3513 565 sedens
3560 510 3619 565 in

346 607 608 662 memoria
659 606 798 660 haud
831 622 990 662 secus
1023 609 1529 680 quamepbaretra
1560 608 1664 662 tela
1730 608 1928 678 depro-
2029 606 2184 660 domo
2241 615 2370 674 tua,
2424 618 2468 659 et
2515 606 2792 661 ambulans
2843 606 2899 660 in
2966 607 3187 669 itinere,
3247 603 3613 669 dormiensqne

354 715 531 765 mens,
595 714 692 754 eos
744 711 934 755 contra
994 701 1297 765 dmmones,
1340 708 1397 755 et
1459 698 1680 753 allectus
1728 714 1923 768 pravos
2028 707 2185 767 atque
2235 714 2594 768 consurgens:
2649 707 2906 763 eruntque
2975 706 3023 750 et
3089 695 3421 749 movebuntm
3470 695 3612 746 inter

352 798 721 860 contorquet:
770 803 934 861 atque
1001 792 1069 846 ab
1124 790 1255 860 ipsis
1321 789 1681 855 cogitationes
1738 789 1931 856 malas,
2029 786 2208 841 oculos
2273 798 2431 855 tuos,
2498 798 2558 841 ut
2627 790 2802 843 discas
2868 790 3049 842 timere
3105 786 3385 840 Dominum
3450 785 3617 838 Deum

349 890 540 936 contra
597 882 815 936 virtutis
857 882 1108 937 ardorem
1152 891 1441 952 suggestas
1476 881 1691 951 negotio
1736 881 1935 937 infecto
2041 887 2188 932 tuum
2208 879 2273 930 “.

350 970 593 1023 dimittit.
2103 968 2347 1024 LXXXI.
2398 971 2687 1028 Fervorem
2749 981 2803 1028 et
2847 970 3329 1043 promptitndinem
3384 978 3528 1023 tuam
3559 970 3621 1022 in.

421 1060 662 1114 LXXIX.
702 1062 1165 1128 Quemadmodum
1187 1060 1416 1116 militum
1438 1061 1647 1132 egregia
1688 1062 1740 1115 in
1762 1061 1937 1115 media
2034 1062 2396 1117 habitualibns
2434 1064 2525 1118 Dei
2571 1065 2809 1120 cultibus
2849 1065 3047 1136 angeli,
3077 1072 3131 1117 et
3165 1064 3436 1118 daemones
3467 1062 3612 1130 aspi-

352 1150 704 1205 dimicatione
734 1153 909 1207 virtus
946 1152 1205 1219 ostendit,
1232 1167 1395 1222 quam
1424 1168 1567 1222 serpe
1616 1168 1679 1207 ac
1707 1152 1937 1222 diligcn-
2034 1149 2229 1205 ciant:
2266 1158 2325 1203 ut
2371 1150 2444 1205 illi
2500 1154 2716 1221 quidem
2770 1153 3058 1209 exbilarati
3096 1163 3273 1208 tecum
3308 1161 3610 1216 maneant;

350 1250 438 1294 ter
481 1257 668 1297 arcum
711 1243 765 1296 in
806 1259 939 1312 pace
966 1244 1256 1300 exercuit:
1294 1245 1374 1300 sic
1406 1244 1797 1300 monachorum
1846 1258 1934 1298 se-
2032 1241 2085 1296 lii
2116 1240 2371 1310 ﬂagellati
2412 1242 2718 1314 anfugiant.

352 1333 586 1383 eundum
636 1332 730 1386 Dei
777 1332 1173 1402 beneplacitum
1231 1334 1284 1388 in
1328 1332 1627 1403 Scripturis
1660 1348 1838 1398 nsum,
1873 1339 1928 1387 et
2097 1330 2361 1387 LXXXII.
2391 1331 2731 1388 Christianus
2758 1345 2842 1388 est
2868 1334 3058 1403 dogma
3080 1332 3282 1389 Christi
3316 1330 3613 1386 Salvatoris

353 1421 798 1475 exercitationem
846 1421 1244 1492 imperterritus
1277 1424 1332 1477 in
1388 1422 1778 1479 teutationibus
1811 1422 1933 1477 ani-
2038 1423 2235 1487 nostri,
2263 1439 2329 1478 ex
2365 1424 2634 1479 mandatis
2659 1440 2690 1479 a
2718 1425 2827 1480 Deo
2866 1423 3194 1496 prmscriptis
3227 1423 3608 1492 compositum,

354 1526 478 1563 nms
513 1521 764 1566 testatur.
2038 1528 2157 1582 qua:
2184 1529 2267 1580 se,
2308 1523 2367 1568 ut
2398 1513 2575 1579 decet,
2607 1523 2989 1585 exsequentem
3044 1512 3282 1582 imagine
3328 1519 3386 1566 et
3417 1509 3609 1566 simili-

428 1599 642 1656 LXXX.
672 1603 809 1657 Cum
837 1606 1254 1676 compunctlone
1284 1612 1489 1661 attenta
1512 1604 1813 1673 meditatio,
1839 1606 1935 1661 Dei
2043 1604 2230 1662 tudine
2262 1604 2355 1661 Dei
2400 1615 2689 1661 exornant.

424 1774 472 1805 "
499 1776 656 1831 Deut.
698 1791 774 1844 Vl,
809 1776 847 1832 7
