4048 6380
482 315 588 381 827
1599 332 1927 393 EUDOCIA
1966 332 2080 393 [Ml

2158 333 2444 395 RATRIX
2483 336 2658 395 AUG.
3642 336 3756 400 833

493 462 3735 524 Μ
2020 500 2305 512 __..__.___
2330 504 3683 521 ..ο-..Ἢ

2020 500 2305 512 -τσ-Δ-υ

2330 504 2549 513 -ο-ημ

1766 695 1951 738 ΔΝΝο
1984 695 2223 738 ΒΟΜΙἌῩ
2252 695 2443 738 οῡιι.

1538 873 2710 1084 EUDOCIA

1279 1222 2167 1338 ΙΜΡΕΒΑΤΒΙΧ
2243 1224 2965 1341 ΑΗΕῘΙΞΤΑ..
3008 1250 3021 1257 ‘

1829 1627 2395 1722 ΝΟΤΙΤΙΑ..

543 1842 815 1909 (mu
842 1844 1007 1896 (Irae:
1029 1848 1087 1895 et
1106 1843 1275 1896 Latina
1306 1857 1369 1895 ex
1400 1857 1512 1909 mss.
1552 1841 2035 1909 eodd.,biblioth_ee_z_s
2060 1842 2318 1909 Mediceg!1
2330 1854 2445 1909 cura
2471 1845 2521 1909 et
2555 1841 2720 1909 studip
2740 1842 2867 1909 Aeg.
2907 1840 3025 1892 ηπ.
3052 1838 3276 1904 Bandini,
3306 1840 3697 1894 bibliothecarii.

1380 1903 1815 1969 regiiaFtorentize
1840 1907 1966 1967 typis
1985 1902 2370 1964 Casaris,,l76l,
2395 1901 2517 1952 iri-8.
2555 1905 2648 1951 vol.
2688 1902 2820 1955 l-lll.

545 2267 805 2336 Eudocia,
844 2257 1074 2335 Leontii,
1106 2266 1415 2339 philosophi
1444 2267 1817 2331 Atheniensis,
1863 2265 1992 2332 tilla,
2022 2280 2147 2320 eum
2177 2262 2485 2320 Theodosio
2519 2263 2725 2333 juniori
2769 2263 3081 2333 imperatori
3124 2265 3415 2335 nupsisset,
3448 2265 3504 2320 iu
3536 2266 3737 2337 bapti~

474 2363 663 2418 smatis
701 2362 917 2418 lavacro
962 2363 1065 2417 hoc
1094 2376 1292 2415 nomen
1343 2360 1411 2413 ab
1461 2359 1639 2414 Attico
1688 2360 1943 2430 episcopo
1988 2356 2214 2427 accepit,
2276 2372 2401 2410 cum
2450 2364 2609 2409 antea
2663 2354 2926 2409 Athenais
2980 2365 3286 2410 vocaretur.
3336 2356 3496 2412 Anno
3546 2357 3653 2412 452
3704 2374 3759 2411 a-

475 2455 784 2511 Theodosio
809 2455 1150 2510 renuntiatur
1187 2453 1446 2524 Augusta,
1483 2467 1712 2522 eamque
1742 2453 1812 2507 ob
1840 2452 2166 2522 singularem
2210 2452 2519 2521 pudicitiam
2550 2460 2604 2505 et
2645 2452 2916 2523 egregiam
2942 2450 3170 2506 formam
3217 2451 3508 2523 plurimum
3536 2451 3751 2507 dilexit

473 2563 647 2617 usque
689 2547 755 2601 ad
791 2562 994 2601 annum
1041 2546 1165 2608 “5,
1207 2561 1315 2615 quo
1345 2544 1558 2603 violatae
1600 2544 1725 2598 ﬁdei
1770 2553 1827 2599 et
1870 2544 2102 2599 adamati
2144 2544 2370 2597 nimium
2420 2542 2670 2607 Paulini,
2729 2559 2795 2597 ex
2840 2542 3115 2596 levissima
3163 2542 3380 2613 quidem
3427 2559 3623 2610 causa,
3679 2544 3758 2596 in.

473 2638 838 2709 suspicionem
875 2637 1216 2707 imperatoris
1238 2635 1471 2690 adducta
1494 2643 1596 2690 est.
1623 2633 1803 2700 Quare
1830 2633 2087 2701 Eudocia,
2121 2650 2234 2689 suae
2263 2633 2479 2688 conscia
2509 2633 2855 2704 integritatis,
2888 2634 3121 2688 secessit
3145 2633 3598 2706 Hierosolymam,
3632 2636 3745 2691 ubi~

471 2731 719 2789 ecclesiis
746 2729 1080 2787 aedilicandis
1112 2744 1175 2782 ac
1215 2727 1545 2798 pauperibus
1583 2727 1930 2783 sublevandis
1960 2741 2057 2796 per
2095 2726 2295 2781 multos
2333 2741 2504 2780 annos
2538 2725 2805 2781 incubuit.
2845 2724 2983 2781 Cum
3014 2741 3147 2781 vero
3189 2726 3357 2781 sacris
3400 2726 3722 2783 evolvendis

470 2826 769 2899 Scripturis
800 2834 965 2895 atque
1005 2823 1329 2879 meditandis
1375 2823 1669 2894 plurimum
1711 2823 2095 2887 delectaretur,
2137 2836 2202 2876 ac
2242 2821 2457 2892 poetica
2500 2820 2757 2875 facultate
2792 2820 3103 2886 excelleret,
3143 2831 3204 2876 ut
3242 2822 3426 2879 videre
3466 2830 3551 2879 est
3580 2825 3755 2891 apud.

472 2920 751 2976 Socratem
788 2917 884 2974 lib.
920 2933 1019 2981 vti,
1046 2932 1105 2971 c..
1132 2916 1233 2981 21:;
1272 2913 1596 2970 Zonaramt.
1634 2914 1723 2980 ΙΙΙ,
1748 2930 1802 2985 p.
1832 2914 1941 2979 37;
1975 2913 2260 2985 Evagrium
2301 2912 2394 2965 lib.
2425 2928 2526 2977 xx;
2554 2910 2947 2982 Theophanem
2993 2927 3113 2983 pag.
3155 2912 3261 2968 72..
3310 2911 3559 2969 Chronic.
3611 2912 3738 2965 Ale-

465 3012 787 3069 xandrinum
826 3027 881 3082 p.
928 3011 1030 3065 5η
1076 3026 1190 3080 seq.
1229 3007 1459 3065 Photius
1503 3008 2141 3079 Constantinopolitanus
2199 3007 2507 3078 patriarcha
2548 3005 2827 3062 memoria:
2874 3006 3119 3077 prodidit
3163 3006 3285 3062 cod.
3333 3020 3589 3063 cuxxnr
3613 3020 3755 3060 sua—

466 3103 823 3168 Bibliothecw,
842 3116 962 3156 eam
985 3100 1217 3155 heroico
1239 3099 1483 3155 carmine
1509 3099 1794 3172 scripsisse
1824 3098 2211 3168 metaphrasim
2237 3096 2579 3162 Octateuchi,
2605 3097 2719 3152 sive
2739 3096 3003 3152 librorum
3029 3097 3268 3169 quinque
3294 3098 3515 3170 Moysis,
3541 3098 3734 3164 Iosue,

463 3197 716 3255 Iudicum
777 3205 833 3251 et
861 3194 1029 3260 Ruth,
1082 3193 1148 3247 de
1190 3207 1294 3263 qua
1324 3191 1589 3262 judicium
1620 3207 1780 3247 suum
1820 3193 2025 3263 profert
2054 3191 2141 3245 his
2176 3190 2395 3246 verbis:
2449 3208 2467 3242 ι
2506 3188 2797 3261 Inscriptio
2836 3189 3040 3245 codicis
3070 3190 3140 3245 ab
3185 3189 3423 3246 Eudocia
3475 3191 3743 3247 elabora-

467 3299 584 3346 tum
614 3288 722 3344 hoc
758 3300 979 3342 carmen
1019 3281 1341 3347 allirmabat,
1369 3280 1537 3352 quod,
1573 3289 1687 3336 tum
1708 3282 1837 3352 quia
1868 3281 2139 3339 mulieris.
2163 3288 2220 3337 et
2258 3281 2493 3352 quidem.
2519 3280 2572 3334 in
2606 3279 3072 3351 imperio-deliciis
3100 3279 3400 3348 afﬂuentia,
3442 3290 3559 3337 tum
3594 3284 3739 3352 quia.

465 3381 788 3455 praeclarum
828 3378 965 3434 adeo
1006 3385 1107 3441 est,
1144 3376 1502 3432 admiratione
1537 3391 1669 3432 sane
1714 3377 1936 3449 dignum
1968 3375 2272 3446 judicatur.
2319 3376 2534 3432 Etenim
2577 3375 2805 3432 illustris
2840 3386 2935 3432 est.
2967 3376 3061 3432 hic
3094 3376 3267 3443 labor,
3312 3386 3371 3433 ut
3412 3378 3467 3435 in
3509 3378 3735 3435 heroico

464 3470 727 3535 carmine,
773 3469 818 3523 si
850 3467 971 3538 quis
1010 3482 1246 3537 unquam
1277 3467 1431 3521 alius.
1462 3484 1480 3518 ι
1521 3466 1833 3538 Subjungit,
1879 3467 2049 3537 ipsam
2087 3466 2301 3538 legibus
2338 3466 2471 3521 artis
2517 3467 2812 3538 emteroqui
2852 3466 3361 3535 instruetissimam,
3395 3470 3500 3525 hoc
3544 3480 3731 3525 tamen

465 3575 576 3614 uno
595 3559 663 3615 ab
692 3558 756 3614 iis
785 3558 1071 3623 defecisse,
1098 3558 1243 3628 quod
1270 3557 1476 3612 fabulas
1524 3557 1580 3611 in
1616 3573 1684 3613 eo
1715 3558 1892 3613 nullas
1928 3559 2306 3613 immiscuerit.
2353 3558 2534 3625 Quare
2574 3557 2693 3613 hoe»
2713 3558 2904 3627 majori
2940 3558 3300 3615 nobilissimae
3329 3559 3545 3643 femina:
3578 3561 3733 3617 laudi

462 3653 703 3708 dandum
724 3660 827 3716 est,
862 3651 1004 3722 quod
1031 3659 1215 3705 vatum
1242 3649 1459 3720 quidem
1492 3650 1837 3720 elegantiam,
1872 3647 2177 3703 amandatis
2214 3648 2431 3711 fabulis,
2467 3648 2662 3703 imitari
2693 3647 3001 3703 Christiana
3035 3649 3264 3704 veritate
3286 3659 3342 3705 et
3372 3651 3724 3722 simplicitate

462 3744 715 3799 voluerit.
754 3741 812 3797 ln
853 3743 953 3797 hac
984 3750 1247 3813 prteterea
1273 3741 1609 3812 metaphrasi
1634 3742 1706 3796 ita
1729 3741 1979 3812 religiose
2006 3756 2220 3796 sacrum
2251 3748 2456 3796 textum
2488 3741 2820 3811 expressisse
2852 3741 3147 3796 Eudociam
3186 3742 3329 3799 idem
3369 3741 3598 3799 Photius
3636 3755 3725 3800 te-

462 3843 661 3901 statur,
694 3841 752 3887 ut
793 3853 811 3885 ‹
836 3848 1116 3892 sensuum.
1166 3832 1304 3887 nihil
1344 3832 1700 3889 diﬂ‘undendo
1738 3843 1832 3887 aut
1866 3832 2261 3900 contrahendo,
2306 3832 2700 3903 proprietatem
2746 3838 2992 3887 servaret
3032 3832 3270 3898 assidue,
3312 3842 3369 3889 et
3414 3834 3471 3889 in
3517 3837 3724 3902 verbis,

460 3927 639 3999 quoad
677 3928 796 3997 ejus
840 3927 954 3983 fieri
990 3927 1187 3997 potuit,
1224 3929 1463 3995 proxima
1489 3944 1719 3999 quaeque
1751 3939 1913 3998 atque
1953 3928 2225 3983 simillima
2269 3928 2665 3984 confirmaret:
2710 3947 2728 3980 ι
2771 3928 2907 3983 adeo
2940 3936 2998 3983 ut
3038 3944 3136 3999 pro
3174 3930 3431 4001 legitimis
3461 3931 3745 3988 librorum.

460 4037 739 4079 sacrorum
786 4022 1125 4078 versionibus
1158 4022 1345 4078 haberi
1385 4023 1616 4093 possint.
1655 4023 1923 4077 Przetcrea
1952 4023 2073 4078 cod.
2110 4038 2343 4077 ccxxxnv
2372 4030 2639 4077 memorat
2668 4022 3058 4091 metaphrasim
3084 4023 3330 4091 ejusdem
3360 4041 3470 4079 non
3503 4026 3731 4082 absimi-

460 4113 566 4169 lem
597 4114 1000 4186 prophetiarum
1025 4114 1259 4172 Danielis
1311 4125 1364 4171 ct
1396 4113 1690 4180 Zachariae,
1720 4125 1777 4171 et
1813 4116 2091 4171 historiam
2110 4116 2360 4187 Cypriani
2394 4116 2643 4187 martyris
2681 4115 2847 4185 (illius
2871 4115 3026 4186 cujus
3060 4115 3407 4185 paenitentia,
3439 4118 3556 4172 sive
3586 4135 3726 4173 con-

461 4207 628 4263 fessio
646 4208 849 4279 legitur
879 4209 932 4262 in
962 4209 1108 4263 calce
1141 4207 1271 4262 edit.
1301 4206 1553 4276 Cypriani
1584 4205 1821 4276 Operum
1857 4207 2229 4274 Omniensis),
2272 4224 2302 4262 a
2331 4209 2555 4280 magicis
2585 4208 2794 4262 artibus
2824 4217 2879 4263 et
2907 4207 3206 4264 idololatria
3237 4209 3304 4264 ad
3328 4209 3529 4266 Christi
3560 4212 3725 4268 fidem

458 4299 729 4363 conversi,
776 4292 1094 4355 ct'Justinte
1137 4298 1382 4369 virginis,
1434 4297 1587 4352 libris
1619 4313 1699 4351 ut.
1750 4296 1947 4353 Poema
1990 4300 2206 4353 tandem
2241 4302 2517 4356 heroicum
2547 4301 2602 4355 in
2642 4301 2927 4355 victoriam
2961 4317 2989 4354 a
3030 4301 3340 4357 Theodosio
3375 4304 3609 4376 conjuge
3657 4321 3725 4361 cx

458 4393 643 4450 Persis
672 4392 900 4447 feliciter
925 4401 1276 4461 reportatam,
1307 4390 1532 4445 ascribit
1558 4390 1632 4444 illi
1667 4390 1918 4446 Socrates
1946 4392 2023 4446 lib
2053 4408 2130 4447 vti
2171 4393 2371 4449 llistor.
2414 4394 2619 4458 ccclcs.,
2679 4410 2799 4464 cap.
2831 4394 2893 4448 2|
2928 4413 2940 4448 :
2976 4414 2993 4447 ι
3020 4393 3158 4449 Cum
3189 4412 3319 4466 ergo
3352 4405 3459 4450 tam
3495 4397 3722 4456 illustris

458 4483 683 4540 victoria
697 4482 957 4538 divinitus
974 4482 1095 4537 data
1111 4490 1254 4535 esset
1274 4479 1554 4541 Romanis.
1575 4480 1727 4534 multi
1745 4489 2065 4549 praestantes
2086 4483 2393 4553 eloquentia
2419 4484 2518 4538 viri
2541 4485 2595 4537 in
2614 4485 2825 4540 laudem
2850 4485 3198 4554 imperatoris
3228 4488 3575 4558 panegyrieas
3597 4503 3725 4542 ora-

460 4575 637 4631 tiones
661 4574 1123 4643 conscripserunt,
1148 4586 1349 4641 easque
1380 4571 1596 4641 publice
1621 4572 1919 4627 recitarunt
1948 4591 1961 4627 :
1992 4573 2103 4643 ipsa
2142 4577 2272 4646 quin
2301 4576 2465 4631 etiam
2493 4575 2839 4646 imperatoris
2868 4591 3003 4630 uxor
3033 4576 3251 4631 heroico
3275 4592 3434 4631 versu
3462 4586 3715 4648 poemata

457 4666 783 4738 composuit.
816 4683 834 4716 ι
885 4663 1141 4731 Quamvis
1186 4673 1368 4718 autem
1412 4678 1573 4718 nemo
1606 4662 1817 4719 illorum
1863 4669 2194 4723 mentionem
2225 4669 2387 4724 faciat
2427 4668 2698 4723 editorum
2742 4667 2811 4722 ab
2845 4667 2933 4721 illa
2972 4665 3478 4724 Homerocentonum
3506 4669 3575 4724 de
3602 4669 3723 4725 Vita

453 4758 678 4822 Christi,
705 4756 1162 4827 quemadmodum
1192 4770 1293 4811 nec
1318 4754 1658 4826 Nicephorus
1692 4756 1784 4811 lib.
1822 4775 1931 4826 xiv,
1958 4763 2049 4828 25,
2073 4761 2312 4816 Joannes
2347 4769 2528 4815 tamen
2555 4759 2783 4815 Tzetzes
2808 4758 3051 4813 Chiliad.
3081 4776 3133 4822 ι,
3168 4759 3371 4815 llistor.
3396 4762 3523 4826 506,
3558 4769 3722 4831 negat

454 4866 515 4907 se
548 4849 800 4904 Eudocize
840 4846 1259 4911 Octateuchum,
1308 4858 1363 4902 et
1397 4848 1602 4918 reliqua
1625 4858 1872 4919 poemata
1903 4853 2143 4908 nancisci
2173 4868 2409 4923 unquam
2438 4853 2717 4923 potuisse;
2745 4867 2804 4907 se
2832 4853 2971 4907 duos
3002 4861 3183 4908 tamen
3208 4854 3328 4924 ejus
3357 4854 3565 4909 libellos
3597 4870 3719 4909 car-

454 4944 600 4999 mine
626 4942 857 5012 scriptos
882 4939 1076 5010 legisse
1100 4946 1346 4999 testatur.
1379 4942 1870 5005 Homerocentones,
1902 4952 1957 4997 et
1986 4942 2281 5010 Zachariae,
2310 4960 2372 4999 ac
2406 4943 2645 5000 Danielis
2673 4943 3101 5013 metaphrasim;
3126 4945 3194 5000 de
3225 4946 3424 5015 quibus
3453 4948 3715 5003 omnibus

456 5034 580 5090 vide
616 5032 699 5089 Jo.
748 5031 869 5088 Alb.
900 5029 1231 5086 Fabricium.
1283 5026 1423 5088 Bibl.
1450 5031 1616 5090 Grec.
1657 5043 1696 5089 t.
1730 5035 1772 5101 l,
1803 5036 1982 5105 p.558
2016 5034 2128 5108 [ed.
2170 5053 2299 5093 nov.
2344 5054 2400 5108 p.
2438 5036 2564 5111 558]
2604 5045 2661 5092 et
2698 5037 2846 5091 alibi.
2901 5035 3074 5106 Hujus
3114 5037 3297 5107 itaque
3337 5039 3714 5095 celeberrimae

452 5126 672 5183 femina:
695 5123 1093 5196 elegantissima
1120 5135 1368 5195 poemata
1394 5135 1532 5183 teste
1564 5129 1814 5184 Fabricio
1842 5130 1880 5183 Ι.
1913 5146 1958 5185 e.
2004 5131 2073 5186 ab
2095 5132 2322 5188 eruditis
2351 5132 2531 5187 adhuc
2550 5132 2856 5188 desiderata
2907 5141 3054 5196 sunt,
3090 5148 3213 5187 cum
3240 5132 3723 5191 Homerocentones.

450 5219 543 5288 qui
567 5217 669 5272 sub
694 5217 815 5286 ejus
840 5218 1060 5271 nomine
1105 5216 1563 5274 circumferuntur
1602 5220 1784 5291 potius
1826 5220 1934 5274 siut
1959 5222 2188 5292 patricii,
2223 5223 2308 5277 vel
2346 5223 2600 5280 Eudocia:
2639 5224 2894 5296 junioris,
2938 5224 3120 5280 saeculi
3151 5224 3228 5279 xi.
3274 5223 3390 5280 sive
3426 5226 3711 5293 Eudoeize,

449 5326 573 5382 qua:
609 5308 747 5365 Zoes
770 5324 946 5376 soror,
973 5319 1029 5365 et
1046 5309 1386 5367 Constantini
1419 5314 1780 5385 imperatoris,
1816 5313 1995 5370 Basilii
2022 5315 2405 5390 Bu‘lgaroctoni
2428 5317 2613 5373 fratris
2641 5316 2749 5372 filia
2777 5317 2900 5372 fuit.

524 5429 762 5484 Tandem
793 5426 1050 5497 Eudocia,
1078 5440 1140 5487 ut
1173 5433 1291 5487 vult
1311 5433 1542 5499 Caveas,
1572 5433 1626 5488 in
1660 5434 1840 5489 mariti
1870 5437 2097 5506 gratiam
2139 5437 2318 5502 rediit,
2350 5453 2474 5493 cum
2500 5452 2610 5507 quo
2649 5436 2917 5508 deinceps
2945 5434 3172 5506 paeiliee
3199 5435 3357 5491 vixit.
3400 5436 3498 5491 Illo
3527 5446 3727 5497 tamen.

454 5531 632 5575 morte
663 5521 896 5588 sublato,
920 5522 1258 5579 Palaestinam
1289 5534 1564 5594 repetens,
1603 5527 1749 5596 quod
1775 5538 2060 5597 supererat
2088 5528 2212 5584 vita:
2240 5530 2331 5595 pio
2353 5530 2466 5583 otio
2489 5529 2711 5593 dicavit,
2741 5528 2927 5597 ibique
2953 5542 3099 5582 anno
3131 5525 3257 5593 460,
3295 5528 3575 5583 Marciano
3600 5529 3710 5583 im-

453 5621 701 5684 perante,
740 5613 884 5669 diem
924 5615 1175 5671 ultimum
1219 5616 1481 5671 clausisse
1526 5616 1694 5672 refert
1740 5616 1923 5674 Sixtus
1964 5618 2225 5675 Senensis
2268 5619 2517 5675 Biblioth.
2546 5628 2744 5676 sancta!
2785 5619 2882 5674 lib.
2927 5636 3003 5685 tv,
3038 5634 3160 5689 pag.
3193 5618 3321 5682 227,
3352 5619 3525 5680 Paris.
3568 5619 3706 5674 edit.

459 5703 585 5761 anni
624 5706 777 5762 1560.
813 5706 1055 5779 Cumque
1087 5718 1222 5765 teste
1248 5710 1475 5779 Evagrio
1525 5710 1856 5767 Scholastico
1882 5712 1975 5767 lib.
2009 5729 2025 5768 ι
2062 5712 2260 5768 llistor.
2313 5715 2516 5779 erdem,
2548 5728 2705 5785 capp.
2742 5712 2935 5773 20—22,
2965 5726 3151 5767 muros
3204 5710 3712 5782 ilierosolpnitanm
