4048 6380
421 356 525 418 899
1458 356 1788 418 EUDOCIA
1825 356 2199 417 AUGUSTA.
2227 381 2295 391 --
2321 357 2649 418 NOTITIA.
3574 358 3681 421 830

422 467 576 523 urbis
598 468 976 539 instaurasset,
1024 471 1285 541 templum
1324 471 1614 541 Splendere
1637 487 1700 527 ac
1739 471 2150 541 pulchritudine
2180 473 2440 527 eximium
2487 475 2664 542 primo
2693 475 2937 529 omnium
2968 476 3199 531 diacono
3222 490 3285 530 ac
3309 475 3531 546 martyri
3565 475 3687 530 Ste-

422 559 607 630 phano
634 561 977 625 mdifica’ssct,
1020 562 1075 616 in
1096 579 1162 617 eo
1185 564 1529 633 postmodum
1555 561 1800 632 deposita
1831 570 1935 616 est.

492 648 662 705 Nobis
684 650 866 721 itaque
893 654 1120 724 contigit
1149 654 1203 708 in
1236 652 1571 709 recensendo
1611 650 1992 721 antiquissimo
2027 651 2210 707 codice
2246 668 2297 717 κ,
2328 653 2497 724 plutei
2527 652 2639 717 γη,
2672 654 2731 708 in
2766 669 2878 725 quo
2926 655 3108 709 omnia
3134 653 3193 711 S.
3227 654 3389 725 Crcg.
3419 655 3679 725 Theelegi

421 735 698 792 Carmina.
724 747 779 792 et
806 739 983 793 Nonni
1024 739 1356 811 Panopolitre
1395 741 1449 796 in
1492 740 1845 811 Evangelium
1880 739 1935 793 S.
1970 740 2199 795 Joannis
2239 741 2592 813 Metaphrasis
2630 744 3001 812 continentur,
3050 746 3190 801 hanc
3226 745 3676 816 pretiosissimam

420 844 688 901 gemmam
720 846 935 887 emere.
970 832 1107 887 Dum
1141 835 1286 889 enim
1315 835 1527 906 singula
1558 834 1782 900 codicis,
1812 842 1973 905 prout
2013 835 2247 889 instituti
2279 834 2449 890 nostri
2475 837 2581 892 fert
2603 837 2762 901 ratio,
2789 853 2917 892 cum
2944 838 3104 893 editis
3132 839 3532 902 conferremus,
3555 845 3681 908 post

418 933 564 974 vers.
595 919 724 987 692,
748 918 1018 977 Nonniani
1049 924 1334 994 poematis,
1363 925 1467 979 alia
1496 926 1564 981 ab
1590 926 1780 981 eadem
1818 925 2101 996 scriptoris
2130 940 2316 993 manu,
2368 928 2436 983 ab
2462 943 2528 984 ee
2551 940 2873 1001 argumento
2917 940 3031 986 tete
3059 931 3198 987 ctele
3224 931 3552 992 aberrantia,
3580 933 3679 986 'in-

418 1022 652 1069 terserta
674 1012 1181 1080 animadvertimus,
1215 1032 1340 1087 qum
1365 1018 1557 1074 sedule
1600 1019 2029 1089 perpendentes,
2053 1016 2277 1073 tandem
2318 1035 2529 1075 summa
2566 1022 2737 1077 animi
2759 1023 3037 1092 voluptate
3075 1022 3444 1092 comperimus
3464 1029 3677 1091 partem

417 1114 542 1158 esse
561 1102 850 1174 poematis,
870 1104 938 1159 de
964 1106 1224 1178 martyrio
1252 1105 1312 1160 S.
1342 1105 1595 1178 Cypriani
1628 1122 1658 1161 a
1684 1106 2002 1162 doctissima
2028 1107 2271 1162 Eudeeia
2303 1109 2619 1179 conscripti.
2645 1110 2799 1175 Quod
2824 1124 2949 1166 eum
2972 1112 3187 1181 pridem
3218 1108 3560 1181 deperditum
3583 1113 3675 1177 sit,

414 1194 742 1265 superstites
763 1196 865 1251 has
886 1198 1051 1252 veluti
1085 1197 1377 1254 miserrimi
1404 1196 1668 1270 naufragii
1698 1198 1928 1260 tabulas,
1959 1198 2202 1253 omnium
2243 1199 2421 1269 primi,
2478 1201 2535 1255 in
2574 1203 2862 1272 propatulo
2894 1203 3182 1270 collocare,
3213 1203 3443 1273 publieae
3471 1202 3678 1257 studie—

418 1302 603 1342 sorum
630 1291 846 1346 utilitati
874 1291 1185 1362 gloriamur.
1208 1290 1583 1349 Incredibilem
1617 1290 1971 1347 adhibuimus
2020 1289 2379 1362 diligentiam,
2406 1301 2466 1348 ut
2495 1300 2603 1348 tam
2643 1296 2853 1367 insigne
2883 1304 3298 1362 monumentum
3324 1310 3392 1349 ex
3423 1296 3678 1350 minutis-

417 1378 571 1432 simis
592 1389 755 1451 atque
785 1382 1040 1437 evanidis
1080 1383 1400 1452 plerumque
1430 1383 1625 1437 litteris
1668 1390 1883 1437 erutum
1919 1380 2128 1434 Latinis
2168 1380 2335 1436 Musis
2364 1382 2557 1451 majori
2586 1400 2688 1453 qua
2722 1394 2911 1453 posset
2944 1386 3048 1440 fide
3076 1394 3130 1440 et
3176 1384 3441 1455 elegantia
3476 1383 3677 1438 redde-

415 1482 568 1527 retur
604 1474 728 1545 (qua
759 1477 977 1546 quidem
1008 1479 1062 1531 in
1098 1494 1157 1531 re
1190 1488 1269 1532 tot
1294 1479 1570 1547 tantisque
1600 1474 2006 1532 diﬁieultatibus
2045 1476 2242 1539 obsita,
2272 1477 2431 1531 uobis
2453 1486 2654 1547 praesto
2684 1477 2789 1532 fuit
2814 1478 3073 1548 optimus,
3113 1494 3177 1532 ac
3196 1474 3677 1547 pra'stantissimus

408 1567 630 1635 juvenis
661 1568 792 1623 Aut.
842 1568 1075 1634 Sartins,
1115 1570 1317 1625 Gnrcis
1355 1569 1668 1640 Latinisque
1699 1567 1895 1623 litteris
1931 1569 2144 1638 egregie
2184 1569 2453 1635 excultus,
2502 1568 2786 1623 familiaris
2815 1579 3019 1634 noster,
3068 1585 3133 1624 ac
3173 1569 3474 1623 studiorum
3516 1568 3674 1622 iude-

413 1651 593 1710 l‘essus
640 1656 901 1729 adiutor),
941 1659 1059 1714 haae
1119 1661 1417 1716 tentamina
1462 1660 1599 1726 aliis,
1643 1660 1844 1729 quibus
1888 1659 2067 1728 majus
2106 1661 2347 1729 suppetit
2375 1660 2570 1727 otium,
2608 1676 2673 1717 ac
2698 1661 2942 1717 mitiores
2978 1670 3109 1716 sunt
3142 1659 3307 1717 Musae
3352 1661 3672 1732 expolienda

412 1746 815 1817 relinquentes.
2921 1752 2924 1756 λ

484 1837 693 1895 Praeter
722 1857 783 1896 ea
812 1857 934 1912 quae
961 1843 1030 1897 de
1054 1841 1112 1896 S.
1137 1840 1391 1913 Cypriani
1426 1842 1532 1896 vita
1563 1851 1617 1896 ct
1644 1841 1903 1913 martyrio
1931 1840 2075 1911 apud
2104 1839 2452 1895 Theodorum
2474 1841 2800 1897 Ruinartum
2819 1843 3082 1897 habemus
3106 1843 3157 1896 in
3190 1842 3337 1897 Actis
3357 1853 3672 1914 martyrum,

414 1942 649 1998 possunt
677 1943 730 1989 et
759 1935 865 1989 alia
905 1935 1076 1989 multa
1116 1934 1345 2005 proferri
1388 1942 1511 2003 quin
1537 1933 1604 1988 de
1636 1932 1755 2003 ejus
1785 1934 2035 1989 laudibus
2080 1932 2181 1987 SS.
2216 1933 2405 1989 Patres
2430 1936 2892 2005 conscripserunt.
2932 1934 3049 1990 Prae
3077 1936 3334 1991 erunibus
3363 1936 3417 1990 in
3447 1951 3514 1991 eo
3558 1938 3674 1990 lau-

412 2024 598 2080 dande
633 2028 895 2083 excelluit
938 2030 993 2082 S.
1025 2027 1379 2099 Angustinus,
1418 2028 1509 2097 qui
1542 2020 1822 2082 sermones
1860 2029 2101 2096 quinque
2131 2028 2196 2082 ad
2231 2027 2489 2098 populum
2517 2027 3002 2097 Carthaginensem
3044 2028 3231 2083 habuit
3260 2043 3415 2082 novae
3443 2029 3673 2085 edition.

409 2126 579 2171 serm.
640 2118 746 2174 509
803 2132 980 2189 seqq.,
1015 2120 1266 2174 homilia‘s
1313 2120 1449 2174 duas
1485 2120 1552 2173 de
1601 2132 1668 2172 eo
1700 2118 1871 2172 edidit
1912 2117 1969 2173 S.
2012 2117 2276 2173 Maximus
2323 2119 2696 2180 Taurineusis,
2734 2134 2897 2172 unam
2949 2118 3141 2173 Petrus
3176 2117 3559 2189 Chryselogus.
3598 2121 3674 2175 De

410 2207 604 2262 eodem
634 2212 912 2280 egregium
953 2208 1203 2263 recitavit
1227 2218 1538 2262 sermonem
1568 2205 1627 2263 S.
1667 2206 1984 2278 Fulgentius
2012 2206 2311 2276 Ruspcnsis
2340 2208 2648 2278 episcopus.
2679 2206 2790 2262 Nec
2817 2209 3230 2277 praetereundus
3267 2208 3487 2264 Graecos
3530 2212 3674 2266 inter

412 2294 603 2351 Patres
629 2296 926 2369 Gregorius
953 2296 1349 2351 Nazianzenus.
1385 2295 1584 2349 Verum
1614 2293 1668 2347 in
1704 2295 1824 2364 ejus
1849 2294 1917 2350 de
1938 2293 1995 2349 S.
2027 2293 2296 2366 Cypriane
2324 2296 2572 2351 oratione
2598 2296 2729 2351 illud
2759 2306 2844 2352 est
2860 2298 3211 2365 incommodi,
3241 2300 3385 2369 quod
3413 2315 3669 2370 magnum

408 2389 740 2461 Cyprianum
778 2387 1264 2459 Carthaginensem
1306 2384 1621 2455 episcepum
1667 2382 1966 2439 confundat
2027 2400 2151 2439 cum
2182 2385 2289 2439 alio
2328 2383 2622 2455 Cypriane,
2663 2384 2757 2455 qui
2802 2400 2867 2439 ex
2904 2401 3060 2456 mago
3095 2386 3439 2444 Christianus
3468 2388 3665 2455 factus,

408 2496 535 2536 cum
561 2480 777 2536 lumina
802 2478 1029 2550 virgine,
1051 2492 1215 2548 quam
1260 2475 1540 2532 veneficiis
1570 2491 1921 2546 corrumpere
1953 2475 2165 2561 frustra
2183 2484 2505 2541 tentaverat,
2554 2478 2869 2548 martyrium
2898 2478 3229 2535 Nicomediae
3255 2481 3358 2536 sub
3387 2481 3672 2536 Diocletia-

408 2592 486 2631 no
533 2575 975 2632 subiissefertur.
1025 2574 1083 2629 lu
1134 2573 1387 2629 eumdem
1436 2573 1727 2641 impegisse
1781 2572 2067 2641 scopulum
2098 2571 2341 2627 videtur
2397 2572 2726 2628 Prudentius
2783 2572 2839 2626 in
2890 2574 3109 2645 hymue'
3136 2574 3205 2629 de
3256 2573 3318 2629 S.
3376 2572 3670 2646 Cypriane,

410 2682 469 2727 et
490 2669 726 2727 Eudocia
748 2671 1013 2741 Augusta,
1037 2678 1096 2723 ut
1123 2684 1190 2723 ex
1218 2666 1393 2722 Photii
1426 2665 1759 2744 testimonio,
1790 2676 1845 2719 et
1873 2679 1939 2719 ex
1971 2666 2076 2721 hoc
2101 2666 2219 2735 ipso
2254 2672 2506 2736 poemate
2535 2665 2722 2721 videre
2747 2675 2855 2721 est.

482 2799 736 2856 Phetium
769 2800 987 2854 tandem
1020 2798 1194 2867 ipsum
1213 2798 1519 2863 audiamus,
1543 2795 1636 2867 qui
1661 2794 1717 2850 in
1736 2795 1829 2851 cit.
1852 2796 1972 2852 cod.
1991 2812 2219 2851 ccxxxtv
2258 2797 2421 2852 totius
2453 2796 2705 2855 Eudecia:
2724 2798 2992 2869 poematis
3013 2804 3418 2872 argumentum,
3441 2814 3536 2854 seu
3562 2814 3675 2853 ma-

409 2891 495 2947 vis
521 2890 944 2947 minutissimam
971 2889 1235 2960 analysim
1280 2887 1463 2955 atl‘ert,
1486 2902 1552 2942 ex
1593 2902 1698 2957 qua
1732 2886 2127 2957 unusquisque,
2161 2888 2304 2942 unde
2340 2886 2701 2958 fragmentum
2729 2890 2832 2943 hoc
2868 2904 2899 2942 a
2930 2889 3089 2944 nobis
3117 2887 3418 2959 prolatum,
3454 2888 3671 2943 initium

406 2983 595 3049 ducat,
630 2991 689 3039 et
722 2983 813 3038 ubi
849 2982 1083 3046 desinat,
1116 2980 1372 3036 facillime
1402 2979 1600 3050 poterit
1622 2979 1942 3051 intelligere.
1966 2977 2144 3034 Phetii
2175 2981 2338 3035 verba
2364 2990 2494 3035 sunt
2519 2981 2655 3037 ista:

487 3093 508 3127 c
546 3075 662 3130 Hoc
691 3074 812 3145 ipso
857 3073 989 3128 item
1028 3072 1307 3127 volumine
1361 3070 1808 3135 continebantur,
1856 3068 2020 3124 simili
2061 3084 2320 3125 versuum
2362 3070 2539 3125 forma
2576 3069 2892 3141 conscripti,
2940 3070 3061 3126 libri
3106 3079 3219 3126 tres
3261 3070 3315 3124 in
3341 3069 3558 3125 laudem
3610 3068 3671 3127 Β.

405 3165 665 3240 Cypriani
694 3164 950 3235 martyris
978 3181 992 3217 :
1021 3162 1489 3231 ostendebantque
1516 3160 1605 3215 vel
1634 3160 1751 3230 ipsa
1771 3160 2037 3227 carmina,
2064 3168 2127 3215 ut
2154 3160 2310 3215 liberi
2336 3168 2566 3216 matrem
2599 3161 2801 3226 solent,
2833 3162 2980 3217 hunc
3007 3178 3223 3233 quoque
3256 3162 3513 3234 Augustae
3546 3176 3673 3231 par-

408 3273 528 3321 tum
566 3275 690 3316 esse
718 3257 1044 3330 legitimum.
1093 3255 1310 3310 Primus
1357 3254 1551 3310 herum
1582 3252 1723 3310 liber
1755 3266 1845 3308 res
1882 3251 1945 3307 Β.
1975 3248 2206 3309 Iustinae
2239 3254 2495 3326 martyris
2530 3256 2892 3325 persequitur,
2925 3262 2985 3309 ut
3010 3254 3068 3308 in
3094 3253 3531 3310 Christianorum
3582 3253 3672 3307 illa

404 3367 703 3410 numerum
728 3351 1278 3421 adeptata,parentes
1298 3361 1514 3418 quoque
1559 3359 1688 3401 suos
1716 3344 1785 3399 ab
1820 3343 2090 3399 idolorum
2116 3344 2267 3400 cultu
2294 3345 2362 3400 ad
2388 3345 2501 3400 veri
2526 3345 2625 3401 Dei
2651 3346 2859 3402 cultum
2886 3345 3227 3401 transtulerit
3254 3363 3268 3399 :
3291 3354 3458 3416 utque
3484 3360 3673 3401 amere

403 3441 630 3515 quidam
658 3438 780 3509 eius
815 3446 1029 3509 captus,
1063 3435 1263 3491 frustra
1293 3436 1382 3490 illa
1398 3434 1702 3500 sollicitata,
1728 3433 1796 3489 ad
1825 3432 2156 3505 Cyprianum
2181 3435 2405 3507 magicis
2420 3436 2661 3498 deditum
2678 3437 2888 3492 artibus
2906 3453 2965 3493 se
2984 3428 3297 3504 contulerit,
3322 3452 3520 3509 rogans
3546 3451 3674 3507 per-

404 3536 520 3591 dite
552 3531 759 3590 amanti
785 3538 1091 3597 succurrat,
1111 3544 1175 3587 ac
1205 3529 1438 3600 puellam
1470 3527 1573 3584 sibi
1600 3527 1992 3597 obsequentem
2021 3526 2236 3584 reddat.
2267 3526 2771 3600 AdditCyprianum
2804 3543 2995 3584 omnes
3028 3528 3250 3600 magicae
3274 3528 3408 3583 artis
3430 3528 3671 3583 rationes

405 3611 686 3687 incassum
721 3622 1515 3689 teutautem,_vielentissimes
1539 3636 1785 3691 quosque
1827 3635 1893 3676 ac
1924 3621 2424 3691 perniciesissimes
2452 3621 2731 3677 daemones
2757 3620 3136 3692 oppugnandae
3161 3620 3391 3691 virginis
3432 3620 3675 3676 castitati
3745 3672 3751 3677 .

404 3722 702 3779 immisisse
737 3738 754 3778 :
782 3720 883 3775 bes
911 3733 1043 3773 vero
1075 3717 1286 3787 pudore
1307 3714 1571 3781 suffusos,
1592 3715 1879 3785 victosque
1906 3722 2268 3771 sacrosancta:
2297 3716 2476 3771 crucis
2519 3715 2696 3787 signo,
2733 3716 2968 3785 rejectes
2999 3714 3188 3780 fuisse,
3225 3722 3287 3769 ut
3313 3729 3380 3769 ex
3410 3715 3518 3770 illis
3540 3714 3677 3785 ipsis

403 3810 677 3891 cognorit.
707 3816 891 3883 Quare
919 3827 1253 3885 propensum
1285 3826 1445 3865 suum
1474 3811 1529 3864 in
1568 3809 1848 3880 improbos
1877 3809 1999 3864 illos
2030 3809 2255 3880 spiritus
2283 3808 2526 3863 animum
2565 3807 2904 3878 deposuisse,
2941 3822 3238 3877 omnesque
3260 3809 3395 3864 adeo
3437 3808 3676 3880 magicos

355 3932 363 3936 ·
405 3912 579 3968 libros
609 3907 844 3965 ﬂammis
866 3905 1183 3961 tradidisse.
1225 3900 1536 3956 Christiana
1568 3898 1804 3969 denique
1822 3898 1932 3954 ﬁde
1960 3899 2399 3965 imbutum,mes
2426 3897 2594 3953 etiam
2623 3897 2955 3968 baptizatum
2995 3913 3136 3966 esse,
3163 3913 3228 3953 ac
3258 3899 3443 3968 templi
3471 3896 3677 3968 janite-

406 4025 524 4065 rem
554 3984 943 4063 constitutum.
991 4002 1132 4069 Quin
1174 4009 1230 4055 et
1276 3998 1667 4053 charismatum
1713 3997 1853 4052 dena
1896 4012 1927 4050 a
1972 3996 2083 4051 Dee
2131 3997 2432 4067 accepisse,
2486 3995 2669 4066 itaque
2710 3995 2918 4051 morbis
2966 3994 3122 4061 alios,
3169 3993 3303 4049 alios
3337 3994 3677 4049 daemonibus

405 4103 709 4166 liberasse,
763 4098 943 4153 donec
1008 4096 1227 4150 tandem
1283 4090 1682 4161 archiepiscopi
1738 4104 1958 4159 quoque
2012 4090 2279 4161 dignitate
2348 4099 2660 4144 ornaretur.
2730 4086 2799 4141 Et
2866 4087 2984 4142 heac
3032 4085 3253 4155 quidem
3310 4084 3451 4140 liber
3509 4085 3678 4142 habet

404 4196 642 4268 primus.
3538 4256 3541 4267 η

446 4290 772 4347 «Secundus
796 4286 1013 4350 deinde,
1046 4284 1175 4339 dum
1200 4298 1231 4336 a
1272 4282 1448 4351 capite
1488 4277 1650 4349 paulo
1672 4277 1834 4332 altius
1863 4292 1951 4332 res
1985 4276 2240 4348 Cypriani
2280 4276 2529 4339 arcessit,
2573 4274 2867 4345 ipsummet
2896 4280 3208 4327 narrantem
3251 4269 3479 4329 inducit.
3513 4285 3674 4325 suum

402 4384 515 4455 iam
546 4382 672 4437 lude
703 4397 733 4434 a
763 4378 997 4450 pueritia
1025 4376 1079 4431 in
1116 4374 1257 4429 idola
1290 4371 1553 4435 studium,
1581 4370 1898 4439 cultumque
1926 4369 2258 4431 daemonum,
2303 4375 2359 4421 et
2405 4366 2678 4421 discendte
2707 4365 2929 4437 magicae
2960 4363 3094 4417 artis
3120 4360 3489 4455 cupiditatem,
3515 4368 3677 4427 atque

403 4450 507 4528 ceu
531 4481 685 4527 itum.
718 4471 977 4536 Qumnam
1002 4466 1200 4521 dehinc
1220 4462 1321 4517 alia
1345 4463 1412 4516 de
1445 4459 1738 4514 herbarum
1764 4457 2037 4513 variarum
2085 4456 2333 4525 stirpium
2393 4464 2554 4526 atque
2588 4455 2948 4511 animantium
2970 4462 3165 4507 natura
3191 4450 3458 4513 didicerit,
3512 4459 3677 4519 utque

405 4565 557 4619 varia
598 4563 761 4619 etiam
793 4562 1098 4616 daemonum
1132 4554 1363 4610 ludibria
1399 4551 1617 4607 viderit.
1660 4546 1944 4615 Quomodo
1989 4548 2117 4602 item
2177 4548 2411 4605 Athenis
2449 4549 2638 4619 Argos,
2682 4548 2917 4618 indeque
2953 4540 3009 4599 in
3051 4543 3334 4615 Phrygiam
3378 4541 3675 4611 profectus,

404 4654 751 4711 dmntettibus
781 4653 981 4721 ubique
1006 4645 1287 4703 sacrificus
1316 4642 1647 4698 constitutus
1675 4638 1858 4703 fuerit,
1891 4654 1955 4693 ac
2001 4639 2225 4693 multam
2265 4638 2486 4709 magica:
2517 4639 2650 4693 artis
2686 4639 3130 4695 exercitationem
3163 4639 3461 4710 collegerit.
3494 4636 3676 4709 Pergit

404 4748 596 4803 adhmc
621 4761 870 4811 narrare,
895 4752 957 4799 ut
984 4744 1039 4797 in
1060 4739 1357 4810 Egyptum
1390 4733 1706 4791 earumdem
1748 4744 1911 4787 causa
1936 4733 2171 4798 venerit,
2194 4740 2356 4801 atque
2385 4733 2450 4787 ad
2486 4730 2645 4788 Indos
2672 4734 2986 4802 accesserit,
3011 4749 3241 4804 qumque
3271 4734 3341 4788 ibi
3379 4732 3677 4812 inopinata.

407 4846 467 4894 et
485 4840 643 4896 valde
661 4836 920 4899 absurda,
945 4848 1067 4890 cum
1095 4831 1221 4895 alia,
1257 4837 1370 4883 tum
1407 4827 1691 4882 simulacra
1741 4824 1943 4880 viderit
1975 4833 2138 4893 atque
2178 4824 2504 4878 ebservarit.
2538 4824 2705 4879 Addit
2735 4838 2813 4889 se,
2838 4841 2962 4879 cum
3008 4827 3342 4881 tricesimum
3369 4825 3480 4894 jam
3507 4823 3683 4878 aetatis

406 4945 616 4986 annum
642 4929 952 4999 attingeret,
983 4922 1051 4979 'ad
1081 4920 1363 4976 Chaldaeos
1410 4917 1647 4983 venisse,
1683 4928 1980 4985 eorumque
2022 4915 2219 4971 litteris
2241 4916 2573 4978 institutum,
2615 4916 2961 4987 astrologiam
2996 4925 3250 4971 accurate
3300 4914 3676 4986 perdidicisse,

405 5038 637 5097 quaeque
675 5022 780 5075 alia
812 5016 1032 5089 cognitu
1077 5013 1239 5085 digna
1273 5011 1415 5082 apud
1440 5010 1560 5064 illos
1583 5008 1925 5063 viderentur.
1965 5006 2158 5063 Omnia
2204 5008 2423 5062 tandem
2460 5006 2579 5061 haec
2608 5006 2808 5062 vidisse
2844 5007 3113 5097 refutata,
3131 5007 3348 5076 quando
3371 5005 3560 5097 stulte,
3583 5020 3680 5060 seu

405 5095 592 5191 potius
612 5113 812 5170 animis
848 5106 1157 5181 perniciose
1197 5105 1382 5158 labere
1413 5103 1560 5157 hisce
1582 5103 1791 5158 artibus
1822 5103 2092 5172 impenso,
2112 5117 2141 5155 a
2171 5100 2384 5157 Iustina
2402 5108 2634 5170 martyre
2664 5099 2913 5167 repulsus
2951 5104 3055 5151 est.
3087 5096 3313 5191 Comine
3340 5102 3521 5191 morat
3549 5095 3680 5149 item

406 5182 500 5267 hic
530 5204 816 5268 nonnulla,
839 5200 1037 5272 quibus
1057 5196 1221 5251 alium
1243 5209 1301 5250 se
1324 5194 1442 5265 ipse
1470 5193 1745 5249 interdum
1764 5192 1992 5265 magicis
2015 5191 2223 5246 artibus
2239 5188 2506 5252 exhibuit,
2524 5189 2767 5258 aliosque
2802 5186 3075 5241 interdum
3104 5182 3517 5240 transfermavit
3543 5200 3557 5238 :
3590 5192 3680 5240 ut-

405 5319 515 5376 que
542 5317 575 5356 a
615 5300 927 5355 daemonum
965 5291 1113 5347 cultu
1153 5287 1459 5351 discedens,
1484 5285 1921 5343 cacedasmenem
1952 5284 2318 5345 minitantem,
2345 5281 2484 5337 etad
2515 5279 2951 5350 desperationem
2995 5291 3169 5347 usque
3196 5273 3534 5376 territaqtem
3560 5289 3682 5376 seu-

407 5363 562 5456 s-crit,
582 5405 649 5446 ae
676 5384 953 5459 quomodo
974 5383 1172 5438 herum
1195 5379 1267 5433 sit
1294 5385 1442 5432 metu
1474 5378 1755 5444 liberatus,
1779 5393 1902 5434 cum
1931 5378 1987 5433 in
2012 5376 2163 5447 pium
2192 5375 2368 5430 virum
2393 5374 2696 5439 incidisset,
2726 5372 2815 5426 cui
2836 5370 3123 5425 Timotheo
3142 5382 3364 5425 nomen.
3393 5363 3682 5431 Quomodo

409 5494 673 5556 praeterea
700 5478 1007 5537 Antiochiae
1033 5473 1179 5546 apud
1202 5472 1458 5540 frequens
1491 5471 1820 5527 auditorium
1844 5470 2163 5535 narraverit,
2185 5468 2415 5523 nefanda
2441 5468 2605 5521 multa
2625 5481 2685 5521 se
2707 5481 2770 5520 ac
2802 5464 3115 5536 prodigiosa
3157 5461 3427 5521 etl‘ecisse.
3472 5463 3680 5528 quibus

408 5578 661 5635 homines
686 5576 760 5631 ita
780 5571 1108 5643 decipiebat,
1140 5582 1203 5627 ut
1224 5582 1326 5641 pro
1352 5570 1460 5624 Deo
1490 5570 1669 5639 ipsum
1707 5569 1995 5624 baberent.
2017 5566 2293 5637 Lacrymis
2325 5566 2511 5636 itaque
2531 5580 2593 5619 ac
2616 5564 2763 5619 luctu
2790 5576 2962 5635 genus
2984 5560 3056 5615 ob
3088 5560 3207 5615 haec
3245 5560 3678 5625 humectantem,

408 5688 474 5727 ex
501 5670 764 5727 memoria
804 5668 1182 5741 improborum
1221 5667 1520 5724 facinorum
1549 5667 1601 5721 in
1666 5666 1859 5719 salutis
1929 5663 2365 5735 desperationem
2409 5663 2603 5717 iterum
2645 5661 2992 5729 delapsurum
3035 5655 3224 5722 fuisse,
3263 5656 3370 5711 nisi
3408 5656 3677 5712 Eusebius

412 5759 654 5829 quidam,
679 5757 919 5828 optimus
966 5757 1031 5811 ad
1060 5757 1314 5828 pietatem
1341 5767 1395 5811 et
1438 5748 1807 5827 pcenitentiam
1841 5758 1969 5824 dux,
2003 5773 2167 5813 sacra:
2203 5754 2499 5825 Scriptura:
2534 5752 2780 5825 alloquiis
2804 5751 3083 5823 sacrisque
3115 5751 3546 5818 narrationibus,
3571 5751 3655 5806 de.
