4048 6430
401 326 497 388 8.31
1655 337 1999 398 EUDOCl/E

2068 338 2190 396 tUG
2205 335 2412 395 UST/E
3099 328 3148 366 ⁸⁸
3558 333 3666 396 832

401 446 730 515 δρτηιίοηίθ
760 448 1013 503 nebulam
1043 447 1335 517 dissipans,
1373 449 1530 503 clara:
1553 451 1668 519 spei
1697 450 2018 505 radiiseum
2044 449 2390 512 illustrasset,
2420 455 2476 501 et
2517 447 2572 502 in
2598 447 2819 502 domum
2850 462 3002 501 suam
3035 446 3329 502 deductum
3362 446 3544 502 cibum
3574 463 3668 500 ca-

403 551 531 605 pere
560 537 831 606 iussisset,
865 537 1029 592 trium
1077 537 1287 592 dierum
1320 538 1500 592 inedia
1528 539 1639 608 jam
1669 547 2030 593 maceratum.
2062 535 2252 591 Refert
2295 537 2450 597 item.
2508 545 2569 590 ut
2611 535 2664 589 in
2717 549 2932 589 sacrum
2963 539 3034 594 ab
3065 539 3158 593 illo
3207 540 3470 610 templum
3506 540 3673 594 fuerit

406 628 689 690 adductus.
727 638 784 682 et
811 644 913 682 sua
939 629 1053 698 ipse
1079 644 1240 682 manu
1267 644 1449 683 coram
1483 630 1833 685 multitudine
1860 629 2083 700 magica:
2101 629 2234 682 artis
2263 644 2377 683 suae
2406 628 2574 682 libros
2612 628 2805 682 allatos
2830 627 3061 681 flammis
3101 628 3404 694 tradiderit,
3429 644 3494 683 ac
3526 629 3671 683 bona

338 755 344 764 -
403 727 624 792 insuper
671 737 769 777 sua
817 723 1148 794 pauperibus
1209 723 1589 791 distribuerit,
1645 733 1809 794 atque
1857 724 1924 778 ad
1971 723 2405 778 Christianorum
2465 721 2593 776 inde
2644 730 2845 775 emtum
2891 732 3213 794 aggregatus
3260 724 3350 779 sit.
3397 723 3668 778 Eusebius

383 805 582 872 ‘autem
623 817 734 882 hic,
779 818 877 882 ait,
913 817 1205 873 sacerdotii
1247 818 1509 888 dignitate
1553 827 1852 876 exornatus
1887 825 2024 872 erat.
2073 815 2296 871 Accedit
2326 813 2599 884 quomodo
2631 813 2904 884 Aglaidas,
2936 816 3118 887 gravis
3146 816 3237 871 ille
3267 815 3500 870 Justinae
3529 829 3660 885 pro-

391 926 508 975 cus,
538 925 664 964 cum
700 910 810 964 voti
831 926 1055 980 compos
1087 909 1263 966 factus
1292 929 1402 967 non
1423 921 1592 978 esset,
1629 913 1770 968 bona
1803 927 2021 983 quoque
2039 911 2274 966 fortunae
2307 909 2640 981 pauperibus
2657 909 2840 964 omnia
2873 912 3199 983 erogaverit,
3227 921 3280 967 et
3319 911 3668 967 daemonibus

395 1012 660 1073 tanquam
682 1003 1066 1074 deceptoribus
1095 1005 1288 1060 nuntio
1315 1008 1565 1072 remisso,
1588 1005 1916 1062 Christianis
1948 1022 2069 1062 sese
2098 1006 2268 1060 sacris
2297 1005 2567 1059 addixerit
2603 1019 2617 1056 :
2659 1003 2716 1057 in
2746 1019 2854 1074 quo
2875 1006 3103 1061 secundi
3124 1007 3250 1061 libri
3288 1005 3414 1060 ﬁnis
3449 1015 3574 1060 est-

475 1115 494 1149 ι
532 1095 749 1152 Tertius
786 1097 1023 1168 denique
1055 1097 1376 1167 martyrium
1415 1097 1798 1168 complectitur
1825 1097 1885 1151 Β.
1929 1097 2204 1170 Cypriani,
2249 1106 2307 1151 et
2335 1097 2496 1150 clara:
2534 1095 2761 1167 virginis
2801 1095 3050 1164 Justinm,
3092 1098 3184 1168 qui
3230 1096 3568 1152 Diocletiano
3613 1105 3700 1171 et

400 1190 695 1247 Maximino
723 1192 912 1247 Romae
935 1192 1355 1263 imperantibus,
1399 1200 1575 1247 morte
1614 1192 1984 1248 testimonium
2015 1193 2276 1247 dixerunt
2303 1191 2449 1246 ﬁdei.
2484 1189 2602 1246 Una
2629 1191 2778 1245 enim
2805 1190 2873 1246 ad
2901 1191 3142 1262 martyrii
3170 1191 3413 1246 lauream
3452 1190 3667 1259 abrepti

399 1293 561 1349 sunt;
604 1283 907 1355 Cyprianus
950 1284 1172 1354 quidem
1200 1298 1265 1338 ex
1307 1283 1483 1354 patria
1510 1291 1566 1338 et
1599 1283 1736 1338 urbe
1771 1283 2080 1345 Antiochia,
2113 1283 2270 1353 cujus
2297 1283 2463 1337 etiam
2487 1280 3017 1352 archiepiscopatum
3045 1291 3170 1353 post
3205 1283 3533 1337 Anthimum
3563 1283 3666 1336 ad-

399 1380 732 1435 ministrarat
762 1399 775 1435 :
810 1380 1023 1436 Justina
1061 1395 1192 1436 vero
1226 1379 1489 1435 Damasco
1531 1398 1544 1432 :
1577 1379 1650 1434 ibi
1696 1379 1841 1433 enim
1890 1378 2000 1442 illa,
2030 1386 2314 1448 postquam
2355 1375 2645 1432 Antiochia
2689 1375 2950 1448 migrarat
2985 1375 3130 1448 (quae
3167 1386 3223 1430 et
3266 1375 3383 1446 ipsa
3429 1374 3656 1444 virginis

399 1473 572 1540 patria
597 1474 736 1543 erat)
762 1473 940 1544 palam
978 1471 1254 1528 Christum
1292 1471 1537 1542 professa
1558 1480 1661 1526 est.
1688 1470 1783 1526 llis
1813 1471 1886 1525 ita
1922 1470 2119 1540 captis,
2156 1485 2280 1524 cum
2324 1468 2472 1538 impii
2514 1468 2603 1523 ille
2636 1468 2875 1524 hominis
2913 1467 3264 1524 sermonibus
3303 1467 3443 1522 nihil
3475 1483 3663 1522 move-

399 1573 570 1629 retur,
598 1563 830 1620 vineulis
863 1563 918 1617 in
957 1563 1189 1617 sublime
1213 1562 1351 1632 rapti
1382 1562 1550 1616 latera
1574 1561 1873 1625 raduntur;
1899 1559 2016 1614 haec
2038 1568 2219 1614 autem
2244 1558 2410 1613 boum
2437 1559 2622 1613 nervis
2649 1557 2898 1613 caeditur.
2949 1556 3154 1612 Verum
3198 1558 3292 1612 ubi
3316 1558 3456 1611 nihil
3480 1558 3555 1611 illi
3593 1557 3664 1611 de

398 1654 705 1708 constantia
732 1654 1012 1709 remittere
1039 1663 1268 1725 tyranno
1304 1654 1577 1717 videntur,
1602 1653 1656 1706 in
1682 1652 1985 1706 custodiam
2007 1667 2102 1706 eos
2129 1666 2375 1706 seorsum
2413 1651 2667 1707 reductos
2691 1649 3009 1722 compingit.
3037 1649 3195 1707 Unde
3220 1659 3344 1720 post
3376 1663 3661 1714 evocatos,

406 1761 534 1800 cum
562 1747 744 1801 verbis
757 1745 966 1802 frustra
996 1753 1277 1812 tentasset,
1303 1745 1358 1799 in
1397 1760 1594 1799 aeream
1636 1743 1964 1814 sartaginem
2002 1743 2171 1812 (pice,
2198 1742 2378 1812 adipe,
2402 1757 2464 1796 ac
2495 1757 2620 1798 cera
2655 1742 2710 1796 in
2740 1742 2933 1797 eadem
2973 1741 3134 1796 simul
3161 1742 3356 1808 mistis,
3383 1743 3664 1814 multoque

402 1839 524 1907 igne
561 1838 810 1907 accenso)
846 1847 1108 1908 martyres
1153 1837 1247 1890 Dei
1287 1837 1546 1903 conjecit.
1599 1835 1677 1890 lbi
1717 1850 1843 1889 cum
1887 1835 2108 1889 athletae
2139 1833 2214 1887 illi
2250 1833 2464 1888 fortiter
2507 1834 2562 1888 in
2598 1833 2935 1890 cruciatibus
2963 1833 3345 1903 perdurarent,
3385 1849 3448 1888 ac
3475 1835 3662 1904 potius

398 1928 547 1982 velut
573 1929 626 1982 in
657 1945 778 1984 rore
807 1929 997 1994 Deum,
1025 1929 1171 1999 quod
1202 1928 1486 1983 tormentis
1511 1927 1821 1996 superiores
1859 1927 2191 1991 evasissent,
2218 1927 2324 1980 ιπειί
2362 1927 2666 1994 laudarent,
2703 1925 3040 1981 Athanasius
3072 1925 3294 1996 quidam
3331 1926 3526 1995 miser;
3547 1929 3661 1984 da:-

397 2035 620 2076 monum
644 2021 915 2087 sacerdos,
940 2021 999 2074 Β.
1031 2021 1302 2091 Cypriano
1327 2029 1485 2073 antea
1511 2017 1910 2088 perfamiliaris,
1930 2029 1984 2073 et
2005 2034 2248 2073 assessor
2279 2025 2392 2072 tum
2416 2017 2556 2073 forte
2573 2019 2775 2088 judicis
2798 2027 3072 2073 tormenta
3113 2018 3423 2084 inferentis,
3458 2021 3662 2074 mentis

395 2115 637 2169 caecitate
677 2124 980 2185 correptus,
1005 2129 1173 2170 ausus
1207 2123 1312 2178 est,
1349 2113 1481 2168 deos
1508 2127 1637 2166 suos
1669 2112 1965 2167 familiares
2005 2112 2290 2176 invocans,
2326 2112 2382 2164 in
2419 2112 2600 2183 ignem
2633 2127 2850 2183 quoque
2875 2112 3122 2182 ingredi;
3150 2113 3246 2168 sed
3275 2119 3404 2168 dum
3430 2114 3662 2171 miracu-

397 2210 506 2262 lum
531 2215 826 2262 extenuare
861 2206 1073 2273 nititur,
1110 2205 1152 2259 si
1195 2213 1250 2259 et
1283 2203 1399 2274 ipse
1427 2205 1548 2258 sine
1587 2219 1727 2258 noxa
1755 2203 1956 2258 ibidem
1979 2204 2323 2273 perduraret,
2351 2205 2521 2274 magis
2548 2204 2680 2259 illud
2719 2205 2889 2260 auxit.
2923 2204 3228 2260 Confestim
3269 2207 3416 2260 enim
3442 2208 3511 2261 ab
3538 2209 3667 2278 igne
3713 2209 3734 2226 ‘

395 2295 788 2365 absumptusin
819 2297 1059 2351 cinerem
1085 2310 1277 2350 versus
1306 2303 1408 2348 est.
1447 2293 1717 2348 Hasitans
1741 2309 1870 2364 ergo
1908 2295 2096 2364 judex,
2136 2295 2380 2349 decrevit
2404 2303 2669 2366 martyres
2692 2295 2762 2349 ad
2790 2295 3189 2351 Diocletianum
3207 2298 3458 2363 mittere,
3501 2307 3558 2352 et
3590 2299 3660 2352 ad

393 2401 540 2451 eum,
572 2393 696 2440 tum
718 2401 840 2456 qua:
873 2387 1228 2456 pertulissent
1250 2393 1540 2448 tormenta,
1573 2393 1686 2438 tum
1705 2384 2162 2453 quemadmodum
2197 2385 2374 2454 poenis
2400 2394 2585 2440 essent
2626 2385 2884 2440 omnibus
2931 2385 3261 2456 superiores,
3300 2387 3659 2455 perscribere.

392 2479 525 2544 Quae
542 2493 665 2532 cum
687 2478 984 2548 imperator
1011 2477 1338 2533 Nicomedia:
1356 2477 1728 2538 intellexisset,
1745 2477 1987 2546 przecipit
2005 2486 2267 2548 martyres
2283 2477 2350 2531 ad
2371 2478 2606 2532 vicinum
2622 2479 2740 2533 urbi
2761 2477 2984 2543 flumen,
3001 2479 3086 2533 cui
3105 2477 3257 2534 Gallo
3278 2495 3500 2540 nomen,
3519 2481 3665 2549 capi-

395 2577 448 2622 te
471 2569 732 2623 truncari.
764 2567 900 2623 Cum
929 2568 1034 2634 his,
1068 2575 1124 2623 et
1145 2567 1332 2621 eadem
1374 2567 1491 2638 ipsa
1513 2565 1646 2620 hora
1681 2565 2032 2620 Theoctistus
2056 2566 2297 2637 martyrii
2327 2567 2559 2636 palmam
2595 2569 2822 2638 accepit,
2868 2569 3086 2639 pietatis
3112 2585 3224 2624 sua:
3253 2570 3358 2624 hoc
3395 2571 3511 2625 solo
3535 2572 3664 2625 dato

397 2659 616 2726 Iudicio,
641 2661 786 2730 quod
804 2669 1094 2732 martyrem
1121 2658 1322 2714 Christi
1365 2658 1668 2714 salutasset.
1700 2655 1973 2725 Reliquias
2004 2656 2232 2713 istorum
2266 2670 2577 2716 sanctorum
2603 2670 2780 2715 nauta:
2805 2661 3024 2730 quidam
3069 2661 3240 2715 Roma
3265 2677 3331 2716 eo
3353 2678 3528 2732 nuper
3560 2664 3659 2718 de-

393 2751 510 2816 lati,
533 2749 732 2819 quibus
759 2759 816 2806 et
839 2749 1186 2806 Theoctistus
1214 2757 1415 2820 martyr
1443 2765 1575 2802 usus
1598 2748 1772 2802 fuerat
1798 2745 2157 2814 familiariter,
2193 2751 2331 2805 clam
2365 2751 2683 2805 custodibus
2716 2752 3079 2816 abstulerunt,
3113 2751 3454 2822 Romamque
3488 2769 3659 2808 vexe-

395 2849 546 2904 runt,
581 2840 674 2895 ubi
695 2849 750 2896 et
769 2840 1057 2912 pulchrum
1096 2839 1226 2910 ipsis
1250 2838 1510 2908 templum
1560 2836 1769 2891 Claudii
1822 2835 1941 2890 foro
2001 2839 2306 2907 proximum
2344 2840 2661 2901 excitatum,
2717 2857 2881 2910 Opera
2945 2841 3154 2896 Rufina:
3201 2842 3304 2910 piae
3364 2855 3664 2908 matrouze,

392 2947 514 2999 quae
558 2933 772 3005 generis
829 2933 1051 3004 stirpem
1094 2949 1124 2987 a
1172 2932 1398 2988 Claudio
1470 2933 1799 3001 imperatore
1863 2930 2165 2998 repetebat.
2235 2932 2302 2985 Et
2363 2933 2479 2986 haec
2552 2933 2773 3002 quidem
2825 2933 2962 2987 libro
3026 2934 3206 2989 tertio.
3271 2953 3288 2984 ι
3364 2935 3662 3006 [lucusque

395 3023 642 3081 Photius.

400 3233 3449 3274 Mm

3445 3246 3652 3275 ΓΞ

1819 4093 2208 4148 ΑΚΕΦᾹΛΟΣ.

1040 4423 1937 4582 EUDOCIIE
2049 4424 2998 4587 AUGUST/E

1713 4901 1925 4958 lNlTlO
1972 4901 2304 4960 MUTILUS.
3599 4949 3642 4968 .-

492 5216 3576 5281 ..ο-ο.........-..Λ............ο.σ.

439 5283 645 5339 Omnes
676 5287 733 5330 at
755 5277 980 5348 juvenes
1005 5285 1161 5342 dictis
1185 5289 1390 5347 dimisit
1423 5297 1634 5350 acerbis
1653 5339 1666 5363 ,

2136 5304 2351 5366 Πάντας
2386 5304 2432 5356 δ’
2455 5303 2674 5373 ἠϊθέους
2705 5323 2799 5360 κεν
2826 5307 3153 5381 ἁταρτηρῶς
3177 5311 3527 5384 ἀπέπεμπεν,

369 5374 646 5429 Christum
676 5371 858 5426 iuduta
885 5374 1074 5433 ducem
1095 5420 1109 5445 ,
1145 5381 1243 5435 soli
1271 5385 1358 5437 eui
1389 5399 1647 5456 nupserat
1675 5389 1763 5444 illa
1789 5429 1802 5454 ,

2067 5396 2151 5458 Ὡς
2183 5396 2414 5466 Χριστὸν
2443 5371 2641 5467 μνοῠνον
2675 5400 2913 5469 μνηστὸν
3175 5403 3268 5458 τὸν
3297 5371 3528 5462 avena.

371 5464 470 5520 llic
503 5474 631 5518 vero
660 5476 906 5532 magnam
936 5471 1114 5540 templi
1147 5473 1212 5528 ad
1239 5475 1492 5531 subsellia
1520 5481 1728 5534 turbam

2059 5493 2152 5554 Ὃς
2176 5491 2230 5543 δὲ
2254 5490 2390 5543 λεὼν
2416 5493 2740 5564 συναγείρας
2761 5495 3119 5568 ἀνακτορίους
3148 5499 3292 5552 κατὰ
3319 5499 3532 5563 Θὼκους

371 5554 556 5625 Cugil,
582 5554 741 5622 vique
776 5554 966 5614 bonam
1002 5569 1175 5618 teutat
1205 5565 1406 5620 violare
1441 5569 1690 5654 puellam.

2049 5581 2190 5652 Πρός
2219 5584 2288 5651 ῥα
2321 5583 2441 5652 βίην
2473 5554 2733 5652 miluom;—
2761 5554 2980 5658 ἀγαυὴν
3005 5554 3170 5642 παῖδα.
3204 5591 3413 5661 μιῆναι.

374 5648 649 5718 Quotquot
682 5657 834 5702 erant
868 5651 939 5706 illi
967 5656 1196 5714 comites
1266 5660 1332 5713 ad
1359 5660 1534 5715 sidera
1569 5648 1728 5717 voces

2050 5671 2235 5723 "0370'.
2274 5672 2594 5725 ἑτπετὸωνῐν
2636 5672 2732 5743 ἅμ’
2768 5675 2901 5744 αὐτῇ
2935 5677 3071 5730 αἰπὺ
3111 5677 3321 5748 βόησαν
3352 5697 3367 5710 ·

3205 5771 3354 5830 \‘crs.
3387 5773 3422 5827 5
