4048 6400
402 241 516 301 845

1429 253 1736 314 CARMEN
1771 255 1866 314 DE
1905 256 1962 314 S.
1994 255 2385 314 CYPRIAN'O.
2428 254 2571 313 LIB.
2616 253 2694 313 IL

3579 254 3681 316 846

936 612 1296 726 ΠΕΡΙ
1366 609 1666 726 ΤΟΥ
1739 609 2202 726 ΑΓΙΟΥ
2275 611 3162 727 ΚΥΠΡΙΑΝΟΥ

1579 856 1965 944 ΒΙΒΛΟΣ
2042 855 2569 946 ΔΕΥΤΕΡΗ.

960 1285 1106 1374 DE
1181 1283 1275 1374 s.
1353 1281 1963 1374 CYPRIANO
2044 1281 2403 1372 LIBER
2490 1249 3145 1384 SECUNDUS.

415 1706 642 1768 Ὀσσοις
676 1704 750 1772 (Ι)
784 1703 847 1773 δὴ
879 1701 1116 1773 Χριστοῦ
1150 1699 1546 1772 πολυυμνήτοιο
1576 1700 1786 1770 μέμηλε

415 1801 608 1860 Πῐστις
642 1794 993 1867 μυστιπόλος,
1026 1793 1270 1865 θαλεροῖς
1299 1792 1493 1864 ἐμέθεν
1517 1791 1831 1864 δακρύοισιν

413 1889 686 1951 Λεύσατε,
718 1889 861 1957 ὄφρα
894 1886 1102 1957 μάθητε
1135 1885 1298 1939 πόθεν
1326 1886 1483 1938 τόσον
1509 1884 1625 1937 ἔστι
1659 1901 1748 1953 μοι
1776 1884 1961 1951 άλγος,

415 1980 528 2033 Καὶ
559 1979 705 2047 σάφα
737 1974 833 2030 οἷδ’
857 1978 937 2030 ὅτι
963 1977 1105 2031 ῐστεο
1126 1974 1330 2045 ἀληθέα
1371 1973 1642 2044 μυθέομαι
1677 1972 1805 2042 γάρ.

428 2072 544 2125 Ἦδ’
567 2074 715 2124 ὅσσοι
745 2069 1016 2138 τέρπεσθε
1049 2067 1290 2122 ἀεικέσιν
1319 2066 1644 2128 εἰδώλοισιν,

415 2161 703 2216 Πεύθεσθ”⁶
747 2159 984 2224 ὲξενέπω
1016 2159 1125 2230 γάρ
1153 2156 1295 2225 ὲγὼν
1327 2157 1602 2225 ἀπατήλια
1634 2152 1818 2206 τῶνδε.

417 2253 554 2307 Οὐδὲ
594 2253 722 2322 γὰρ,
753 2250 859 2304 οὐδ’
879 2249 1065 2320 ἕτερός
1093 2265 1176 2308 τις
1211 2249 1268 2300 ὲν
1299 2245 1669 2316 ἀνθρώποισιν
1704 2245 1856 2313 ἐμοῖο

419 2343 656 2398 Ἐπλετο
693 2342 1055 2412 δύσθρησκος,
1077 2339 1170 2392 καὶ
1201 2337 1450 2407 δαίμοσιν
1487 2335 1836 2404 ὡμάρτησεν,

415 2433 554 2489 Οὔτε
591 2433 647 2485 δὲ
681 2432 948 2502 μαψιδίων
979 2430 1208 2484 εἰδώλων
1235 2429 1392 2482 ἔσκεν
1420 2425 1641 2494 ὀπηδὸς,

415 2523 546 2582 οὖθ⁹
570 2526 706 2594 ὅπερ
737 2524 843 2576 εισι
874 2521 1084 2591 μαθεῖν,
1106 2519 1217 2574 οὔτ’
1239 2515 1306 2574 αὖ
1341 2519 1500 2591 μένος
1529 2519 1679 2572 ἐστὶν
1709 2518 1956 2582 ἐκείνοις.

416 2609 587 2678 Οὗτος
624 2617 832 2677 ἐκεῖνος
860 2613 992 2680 ἔφυν
1020 2611 1358 2682 Κυπριανδς,
1382 2611 1440 2664 ὄν
1466 2627 1596 2664 ποτε
1623 2610 1822 2682 κοῦρον

424 2706 716 2778 Ἦμέτεροι
746 2707 934 2768 τοκέες
963 2705 1134 2773 δῶρον
1159 2703 1319 2756 δόσαν
1353 2701 1671 2758 Ἀπόλλωνι.

412 2799 599 2853 Είσέτι
630 2796 896 2867 νηπίαχος
920 2795 977 2848 δέ
999 2795 1046 2847 τ’
1068 2793 1172 2846 ἐὼν
1201 2792 1370 2863 μάθον
1397 2792 1558 2862 ὄργια
1585 2791 1751 2863 θηρὸς

411 2891 756 2962 Νηδυπόροιο
779 2889 1101 2960 δράκοντος·
1144 2887 1264 2950 ἔτος
1290 2887 1334 2938 δ’
1359 2887 1450 2939 ἐπὶ
1477 2885 1708 2955 ἕϐδομον
1746 2885 1918 2939 ἐλθὼν

407 2981 662 3054 Μιθραίῳ
683 2980 939 3034 Φαέθοντι
965 2979 1126 3033 πάλιν
1157 2978 1453 3049 μετέπειτα
1482 2977 1761 3046 τελέσθην,

411 3071 606 3141 ’ῼκεον
637 3070 902 3138 εὐγενέων
928 3070 985 3122 δέ
1021 3070 1068 3121 τ’
1101 3067 1402 3138 Ἀθηναίων
1438 3067 1591 3120 πόλιν
1625 3065 1812 3136 αἰπήν,

407 3165 517 3217 Καὶ
548 3164 743 3232 ναέτης
769 3162 1010 3233 γενόμην
1037 3163 1116 3224 δὲ,
1153 3163 1273 3214 ἐπεὶ
1297 3162 1416 3215 τόδε
1443 3162 1626 3232 ἦνδαν⁹
1652 3161 1804 3230 ἐμεῖο

2017 1552 2088 1563 ...-

2027 1703 2072 1759 Α
2099 1696 2144 1754 Ο
2171 1698 2366 1766 quibus
2395 1707 2480 1750 est
2511 1694 2679 1749 multo
2715 1695 2976 1749 celebrati
3007 1696 3248 1750 carmine
3264 1695 3466 1750 Christi

2103 1787 2268 1842 Sacra
2297 1787 2454 1841 Fides
2477 1801 2639 1852 curae,
2664 1785 2933 1857 iacrymas
2956 1800 3090 1855 quas
3131 1786 3297 1840 fundo
3320 1796 3565 1843 recentes

2101 1881 2338 1943 Cernite,
2371 1895 2438 1934 ne
2479 1881 2612 1934 tanti
2662 1877 2826 1933 lateat
2858 1893 2954 1933 vos
2987 1893 3152 1932 causa
3183 1879 3427 1934 doloris:

2099 1973 2302 2028 Cuncta
2329 1973 2455 2028 licet
2480 1973 2641 2042 (nam
2677 1985 2800 2026 vera
2856 1969 3077 2041 loquor)
3107 1973 3222 2026 scio
3260 1971 3474 2041 cognita
3499 1970 3670 2028 vobis.

2100 2063 2374 2132 Quotquot
2394 2071 2447 2117 et
2475 2062 2631 2117 idolis
2667 2060 2907 2115 animum
2959 2060 3244 2116 oblectatis
3279 2061 3498 2130 iniquis,

2099 2156 2360 2224 Accipite,
2397 2156 2635 2223 ipsorum
2661 2151 2896 2208 referam
2921 2167 3056 2221 quas
3083 2153 3326 2208 carmine
3357 2153 3599 2208 fraudes.

2103 2247 2254 2302 Haud
2284 2249 2506 2313 etenim,
2535 2247 2676 2302 haud
2701 2246 2950 2301 homines
2977 2246 3115 2300 inter
3151 2246 3249 2300 fuit
3279 2246 3417 2300 alter
3450 2246 3601 2300 inani

2100 2338 2404 2409 Belligione
2432 2337 2603 2406 magis
2627 2347 2840 2407 captus,
2874 2338 2956 2392 vel
2991 2351 3124 2391 vana
3158 2347 3376 2393 secutus

2099 2428 2376 2484 Fictorum
2418 2428 2706 2484 simulacra
2736 2429 2918 2492 deum,
2947 2428 3033 2482 vel
3067 2428 3243 2495 qualis
3275 2429 3326 2482 in
3368 2428 3494 2491 illis,

2100 2517 2419 2588 Quantaque
2450 2521 2553 2583 vis,
2583 2533 2712 2574 vero
2729 2519 2901 2588 potuit
2929 2519 3386 2594 comprehendere
3418 2533 3601 2574 sensu.

2100 2609 2230 2665 Sum
2261 2611 2562 2681 Cyprianus
2581 2625 2699 2682 ego,
2729 2627 2888 2681 quem
2934 2627 3084 2681 paene
3116 2613 3168 2666 in
3200 2612 3418 2666 luminis
3443 2628 3604 2668 auras

2097 2700 2365 2757 Emissum
2400 2701 2607 2758 Phoebo
2629 2704 2827 2758 donum
2851 2718 3046 2758 vovere
3078 2714 3356 2773 parentes.

2097 2793 2227 2849 lnde
2251 2795 2456 2864 puellus
2486 2796 2684 2862 adhuc,
2719 2797 2882 2852 didici
2911 2811 3069 2852 sacra
3107 2807 3244 2851 tetra
3277 2798 3532 2853 draconis

2096 2884 2364 2957 Nedypori
2395 2903 2410 2941 :
2438 2896 2549 2940 tum
2593 2902 2698 2951 me,
2732 2886 2822 2942 vix
2852 2889 3081 2958 septima
3126 2891 3361 2942 vertitur
3383 2898 3564 2954 aestas,

2100 2976 2344 3034 Mithran
2375 2994 2563 3034 rursus
2599 2979 2802 3033 Phtebo
2832 2989 2951 3050 post
2974 2979 3096 3033 talia
3130 2995 3347 3034 sacrum

2095 3070 2302 3126 Nobilis
2329 3073 2607 3142 excipiunt
2628 3072 2886 3126 sublimes
2910 3071 3143 3127 Palladis
3164 3087 3336 3137 arces,

2093 3163 2312 3218 Civibus
2341 3174 2810 3232 annnmerantque
2840 3164 2952 3217 suis
2984 3181 2998 3218 :
3033 3165 3101 3216 ita
3138 3179 3369 3234 namque
3389 3173 3664 3235 parentes,

407 3255 713 3323 Πατράσιν,
738 3255 794 3308 οἳ
815 3256 870 3325 μ’
898 3254 1118 3308 ἐτεκονο
1155 3255 1366 3325 δεκάτῳ
1397 3255 1441 3307 δ’
1466 3254 1660 3316 ἐπιϐὰς
1693 3252 1957 3308 λυκάϐανσι

2095 3253 2250 3310 Unde
2276 3265 2448 3320 satus,
2481 3256 2703 3309 voluere
2730 3257 2832 3309 mei
2867 3271 2880 3309 :
2915 3255 3208 3325 Cererique
3238 3258 3495 3313 decennis

403 3342 538 3412 Δηόῖ
563 3341 725 3411 δᾷδας
750 3342 950 3412 ἀνῆψα,
987 3343 1157 3414 κόρης
1183 3343 1228 3396 δ’
1250 3343 1512 3414 ἀργεννὸν
1540 3343 1786 3416 ὑπέστην

403 3432 608 3494 Πένθος
628 3449 642 3461 ⁸
683 3433 975 3505 Ἀθηναίης
1005 3435 1050 3487 δ’
1071 3435 1194 3505 ἥτις
1219 3434 1373 3487 πόλιν
1406 3435 1556 3488 ἐστὶν
1583 3437 1640 3499 ἐς
1669 3435 1847 3507 ἄκρην

412 3523 574 3589 Ῥέξα
595 3524 975 3596 δρακοντείους
999 3525 1223 3589 τελετάς
1240 3540 1254 3553 ⁸
1293 3525 1529 3598 ζάκορος
1553 3527 1610 3580 δὲ
1640 3526 1914 3592 τελεσθεὶς

398 3610 606 3670 Ἦλθον
641 3619 700 3680 ἐς
727 3616 1038 3687 Οὐλύμποιο
1066 3617 1254 3682 νάπος,
1282 3618 1407 3686 τόγε
1435 3618 1498 3689 δὴ
1526 3617 1812 3674 καλέουσιν

413 3706 685 3774 Ἀγνῶτες
713 3707 978 3776 μακάρων
1012 3707 1300 3778 ἀμενηνῶν
1327 3703 1466 3760 εἶναι.
1501 3706 1732 3760 ἔδεθλον.

405 3799 574 3853 Ἔνθα
606 3799 769 3853 τινῶν
798 3801 976 3854 ἐπέων
1004 3796 1158 3872 ἦχον,
1191 3800 1285 3854 καὶ
1315 3799 1513 3854 δοῦπον
1539 3800 1736 3854 ἄκουον
1757 3817 1772 3830 ·

395 3890 585 3945 Λεῦσα
613 3891 753 3954 πόας
781 3892 1056 3963 πρέμνους
1085 3910 1167 3955 τε,
1201 3893 1327 3945 ὅσον
1353 3891 1631 3961 θαμϐῆσαι
1662 3891 1911 3963 ὀπωπὴν,

398 3981 619 4050 ’Δσπερ
655 3981 991 4034 ὲπεσκόπεόν
1023 3999 1087 4050 γε
1123 3982 1302 4053 μάτην
1327 3981 1720 4052 κακοδαίμονες
1747 3982 1908 4036 αίνοί.

397 4071 551 4123 Ἔνθ’
571 4071 722 4143 ὥρας
750 4072 986 4137 κατίδον,
1015 4074 1108 4127 καὶ
1135 4073 1534 4143 ἀμειϐομένους
1559 4072 1616 4125 δέ
1652 4074 1701 4125 τ’
1723 4074 1916 4143 ἀήτας,

392 4160 585 4225 Δῦτως
613 4161 657 4214 δ’
685 4163 870 4233 ἤματα
899 4162 1089 4229 πολλὰ,
1119 4163 1297 4234 τάπερ
1323 4163 1467 4225 τινὲς
1496 4161 1648 4232 ἔρδον
1682 4163 1894 4232 ἀνιγροὶ

390 4254 704 4325 Φαντασίην
725 4254 1010 4326 τεύχοντες
1036 4256 1274 4326 ἀπηνέες
1301 4255 1694 4325 ἀντιπάλαμνοι
1715 4273 1729 4287 ·

391 4345 506 4396 Kal.
531 4345 692 4415 χορὸν
719 4347 1000 4417 εἰσιδόμην
1031 4347 1152 4418 μέγ’
1171 4347 1395 4401 ἀναιδέα
1426 4347 1778 4418 μελπομένων
1805 4363 1889 4415 γε,

394 4437 625 4499 Ἄλλους
655 4438 700 4491 δ’
720 4435 839 4494 αὖτ’
861 4442 919 4503 ἐς
943 4441 1127 4510 ὅμιλον
1152 4443 1319 4512 ἀρήϊα
1349 4439 1487 4510 ἔργα
1522 4438 1831 4502 τελεῦντας,

395 4530 610 4584 ’Λλλων
635 4531 681 4585 δ’
705 4527 835 4586 αὖτε
863 4531 1075 4602 λόχους,
1096 4532 1192 4585 καὶ
1223 4531 1468 4601 κέρτομα
1494 4529 1630 4600 ἤθεα
1655 4525 1814 4588 εἶδον,

401 4622 530 4675 Ἦδέ
568 4639 624 4675 τε
651 4622 1015 4692 ἀτυζομένους
1038 4639 1052 4653 ο
1084 4621 1191 4674 ἕνθ’
1216 4622 1443 4691 ἔδρακον
1476 4622 1610 4674 ὄσσα
1637 4620 1812 4673 θεάων

386 4714 502 4766 Καὶ
540 4715 805 4785 μακάρων
837 4714 998 4783 στίφη
1018 4731 1032 4744 ·
1062 4712 1230 4766 αὐτοῦ
1258 4713 1368 4782 γὰρ
1393 4711 1622 4782 ἔμιμνον
1646 4712 1820 4779 ἔγωγε

388 4807 466 4858 Ἦ
474 4824 621 4876 ματα
647 4807 1076 4878 τεσσαράκοντα,
1106 4806 1202 4859 καὶ
1231 4804 1345 4858 ἀλλ’
1368 4805 1461 4856 ἐπὶ
1483 4807 1623 4857 τοῖσι
1649 4804 1706 4857 δέ
1734 4807 1780 4856 τ’
1803 4803 1966 4858 ὀκτώ.

388 4897 586 4950 Ἔνθεν
610 4897 673 4967 δὴ
708 4897 1016 4951 στέλλονται
1045 4896 1130 4950 ἆτ’
1167 4899 1231 4949 ὲκ
1264 4896 1547 4967 κρατερῶν
1587 4895 1874 4964 βασιλείων

383 4987 686 5058 Πνεύματα
715 4990 1008 5058 ἡερόφοιτα
1038 4989 1161 5040 ποτὶ
1186 4988 1350 5058 χθόνα
1379 4987 1536 5040 ἔθνεα
1563 4985 1740 5039 πάντα

1695 5077 1852 5132 Vers.
1895 5075 1968 5130 57

459 5231 538 5302 (l)
578 5231 636 5284 In
685 5232 844 5296 hujus
889 5231 1111 5286 secundi
1171 5231 1314 5285 Libri
1351 5233 1599 5286 versione
1652 5232 1959 5287 adornanda

384 5301 457 5353 ita
520 5316 617 5356 nos
673 5304 963 5370 gessimus,
1000 5311 1058 5355 ut
1103 5301 1386 5355 lectionem
1437 5304 1638 5356 codicis
1671 5303 1861 5363 secuti,
1894 5305 1962 5356 ab

379 5385 446 5424 ea
481 5385 718 5438 quoque.
752 5373 928 5438 quoad
979 5371 1093 5426 fieri
1153 5373 1343 5438 potuit,
1381 5388 1483 5423 non
1530 5373 1960 5436 discesseritnus,

380 5455 562 5511 quam
591 5441 820 5511 exhibet
848 5442 905 5495 S.
937 5440 1190 5511 Cypriani
1238 5441 1518 5511 Confessio
1563 5439 1964 5494 Graece-Latine

381 5510 526 5580 edita
554 5509 604 5561 in
639 5508 892 5580 ίίοοηθὶιιε
917 5508 1150 5580 Operum
1197 5512 1327 5580 edit.
1376 5509 1546 5564 Paris.
1579 5514 1642 5564 A.
1670 5524 1963 5575 uoccxxvt,

383 5577 478 5632 fol.
505 5595 628 5649 pag.
666 5578 795 5641 295,
841 5577 1113 5648 sqqfcum
1148 5579 1228 5632 vel
1258 5580 1448 5644 ipsam,
1476 5580 1559 5633 vel
1612 5581 1659 5634 ei
1692 5596 1851 5648 quam
1885 5582 1965 5634 si-

2002 4405 2044 4461 C

2091 3345 2330 3401 Accendi
2367 3348 2554 3410 undas,
2584 3357 2639 3402 et
2679 3348 2884 3402 luctum
2909 3348 3137 3417 virginis
3171 3348 3352 3403 album

2095 3437 2340 3494 Sustinui
2368 3457 2382 3493 :
2410 3449 2575 3508 atque
2601 3441 2708 3494 alta
2737 3441 3026 3496 residentis
3053 3441 3105 3495 in
3135 3442 3268 3496 urbe
3306 3443 3486 3512 peregi

2091 3526 2327 3584 Palladis
2360 3530 2658 3600 anguineos
2678 3531 2819 3584 ritus
2847 3547 2860 3584 :
2886 3539 2942 3584 et.
2975 3545 3170 3585 munus
3193 3531 3422 3599 adeptus

2089 3619 2317 3686 .Editui,
2346 3635 2516 3675 vanos
2545 3621 2832 3689 perhibent
2861 3621 2951 3676 ubi
2985 3622 3183 3689 degere
3211 3621 3364 3676 divos

2087 3709 2292 3778 lgmra:
2325 3722 2532 3780 gentes,
2555 3712 2840 3766 conscendi
2873 3713 3084 3767 culmen
3109 3713 3347 3782 Olympi.

2091 3799 2386 3858 Verborum
2421 3803 2507 3856 hic.
2538 3803 2752 3857 sonitus
2774 3804 3043 3868 attdivi,et
3071 3820 3350 3859 murmura
3382 3806 3663 3874 quaedam;

2084 3895 2452 3962 Graminaque
2481 3903 2828 3963 truncosque,
2862 3896 3035 3950 oculis
3061 3895 3195 3950 mira
3221 3898 3422 3961 omnia,
3451 3899 3583 3963 vidi,

2084 3984 2364 4037 Daemones
2403 3984 2672 4037 incassum
2701 3997 2821 4052 quae
2852 3993 3070 4038 servant
3096 3983 3279 4038 omnia
3308 3996 3520 4053 turpes.

2083 4074 2181 4129 Hic
2218 4075 2400 4137 horas,
2435 4083 2730 4142 ventosque
2767 4073 2868 4127 sibi
2903 4073 3092 4127 ordine
3119 4076 3473 4129 succedentes

2081 4167 2318 4234 Inspexi,
2349 4167 2639 4234 variosque
2673 4165 2810 4229 dies,
2837 4166 2989 4235 queis
3022 4180 3213 4234 nempe
3248 4166 3469 4235 maligni

2080 4260 2455 4327 lmmanesque
2480 4258 2664 4313 hostes
2697 4257 2830 4311 falsa
2863 4259 2964 4312 sub
2993 4258 3226 4327 imagine
3258 4265 3494 4312 mentem

2078 4347 2401 4402 Ludificant.
2434 4348 2646 4402 C(Blttm
2689 4350 2777 4406 hic
2815 4350 3011 4405 lasciva
3042 4363 3173 4403 voce
3200 4358 3513 4414 canentum,

2079 4441 2474 4508 Miscenlesque
2505 4441 2639 4495 alios
2662 4443 2803 4497 inter
2832 4457 2890 4497 se
2916 4441 3105 4512 proalia
3131 4439 3264 4505 vidi,

2079 4534 2288 4602 Quique
2323 4534 2462 4588 dolis
2492 4535 2748 4603 gaudent,
2774 4536 2976 4604 quique
3000 4534 3050 4588 in
3078 4533 3322 4589 convicia
3367 4535 3546 4603 proni,

2078 4626 2288 4691 Quique
2319 4633 2494 4679 metus
2526 4625 2757 4680 miscent
2789 4643 2802 4680 :
2839 4627 2924 4680 hic
2949 4636 3000 4680 et
3027 4639 3378 4694 quascunque
3427 4626 3648 4681 dearum

2075 4713 2297 4783 Aspexi,
2331 4715 2623 4785 divumque
2657 4717 2843 4771 acies:
2885 4717 2954 4770 ibi
2984 4732 3217 4787 namque
3247 4727 3510 4781 moratus,

2077 4804 2210 4857 Dum
2242 4805 2456 4860 hissena
2489 4814 2680 4875 quater
2705 4807 2898 4866 Phcebi
2934 4810 3021 4863 lux
3045 4811 3177 4865 orbe
3212 4809 3448 4864 refulsit.

2078 4897 2212 4953 Hinc
2237 4897 2384 4952 velut
2410 4913 2440 4952 e
2467 4901 2696 4967 quadam
2725 4902 3012 4956 mittuntur
3044 4902 3191 4970 regia
3217 4901 3268 4954 in
3307 4899 3494 4954 orbem

2077 4988 2374 5057 Spiritttnm
2405 4989 2568 5043 aeriae
2603 4998 2815 5052 turmae,
2843 5001 2901 5044 ut
2927 4990 3242 5044 mortalibus
3279 4990 3438 5059 aegris

2070 5230 2263 5305 Poenta
2297 5233 2610 5297 conficeret,
2636 5235 2908 5290 censenda
2941 5237 3042 5289 sit:
3078 5235 3151 5289 ita
3182 5242 3472 5305 utrumque
3501 5235 3650 5302 Opus

2069 5303 2364 5356 conferenti
2394 5307 2685 5359 convenire
2710 5307 2848 5357 inter
2869 5321 2927 5357 se
2956 5306 3158 5369 omnia,
3178 5305 3360 5371 paucis
3382 5303 3647 5373 exceptis,

2070 5374 2337 5426 videntur.
2371 5373 2443 5426 Ex
2478 5376 2577 5428 hac
2612 5376 2772 5442 igitur
2807 5373 3161 5428 Confessione
3190 5373 3456 5428 nonnulla
3483 5375 3649 5428 inter-

2071 5443 2195 5495 dmn
2247 5443 2361 5496 loca
2409 5442 2705 5506 alferimus,
2750 5454 2806 5496 ut
2855 5443 3361 5511 interpretationem
3409 5453 3647 5498 nostram

2071 5513 2426 5582 quorumdam
2460 5529 2732 5573 versuum.
2777 5514 2866 5582 qui
2922 5513 3085 5566 alium
3138 5515 3369 5582 fortasse
3426 5528 3646 5568 sensum

2075 5580 2328 5648 praeferre
2379 5583 2550 5651 prima
2604 5580 3136 5651 fronte’videantnr,
3192 5581 3422 5652 probare
3469 5586 3647 5654 possi4

387 5649 672 5703 millimam
733 5663 841 5718 pra:
900 5650 1147 5704 manibus
1207 5649 1455 5704 habuisse
1515 5650 1780 5713 Eudoda,
1841 5651 1964 5703 dum
2076 5665 2212 5703 unus.
