4048 6406
426 215 531 281 847

429 323 674 395 Injiciait
697 340 1027 395 quaacunque
1068 326 1231 380 velint
1256 324 1471 395 indigna
1501 325 1783 381 malorum.

431 415 583 470 Tunc
625 417 753 471 mihi
786 425 940 470 erant
967 426 1162 471 tenera:
1189 416 1492 486 plantarum
1525 416 1726 471 fercula
1778 415 2002 470 frondes

433 506 557 562 Sole
587 509 687 562 sub
719 507 962 561 occiduo.
987 506 1227 562 Necdum
1273 507 1373 560 tria
1418 507 1587 561 lustra
1621 508 1823 576 peregi.

429 599 563 653 Cum
589 600 694 652 vim
721 597 848 667 spiri
861 608 1117 667 tuumque
1135 613 1374 666 omnem,
1395 599 1682 668 divumque
1701 598 1932 652 docebar

427 693 473 746 Α
511 691 701 762 mystis
740 701 968 760 septem,
1001 692 1152 760 queis
1179 693 1351 760 turpia
1387 707 1536 746 sacra
1577 691 1854 761 patebant,

429 783 699 852 Quotquot
725 792 780 838 et
811 783 1052 838 illicitum
1075 794 1317 854 Spectent
1341 784 1406 836 ad
1433 783 1675 837 dwmona
1697 799 1859 835 curae.

429 873 650 928 Scilicet
679 874 937 942 aptabant
964 890 1047 928 me
1074 875 1283 928 discere
1300 882 1491 926 cuncta
1527 885 1800 942 parentes.

427 963 557 1028 Qua:
585 963 760 1027 tellus,
780 973 941 1033 atque
955 980 1086 1018 aura
1108 965 1272 1030 capit,
1294 964 1619 1034 pelagusque
1636 962 1998 1033 profundum:

429 1050 539 1104 Nec
574 1061 776 1105 tantum
826 1067 1162 1123 qumcunqne
1196 1054 1474 1108 hominum
1512 1053 1786 1121 corruptio
1808 1051 1995 1122 gignit,

429 1140 536 1196 Sed
573 1153 754 1197 tenera
785 1160 849 1198 ex
884 1144 1046 1200 herba
1082 1154 1366 1214 quotquot,
1393 1146 1660 1215 cultisque
1699 1145 1888 1199 viretis

428 1233 728 1297 Exsistunt,
764 1235 1017 1304 circaque
1044 1236 1279 1291 hominis
1318 1236 1627 1305 languentia
1665 1233 1905 1288 membra

427 1322 765 1391 Versantur;
794 1333 926 1394 quot
946 1325 1060 1379 dira
1086 1326 1248 1381 etiam
1281 1331 1420 1380 male
1461 1327 1654 1380 noxius
1692 1325 1887 1389 hostis,

427 1415 655 1470 Consilii
685 1417 818 1471 varii
847 1432 1098 1488 serpens,
1127 1419 1217 1488 qui
1239 1419 1363 1472 huic
1395 1418 1650 1485 prasich
1687 1417 1824 1482 orbi,

428 1506 709 1574 Repperit,
737 1507 927 1562 aeterni
959 1523 1222 1578 spernens
1241 1509 1457 1563 decreta
1485 1507 1766 1563 Tonantis.

427 1596 565 1651 llinc
595 1613 680 1652 me
709 1598 860 1654 dives
903 1613 1087 1668 opum,
1123 1600 1409 1670 nutrixque
1432 1599 1592 1656 habet
1629 1600 1802 1670 Argos
1837 1613 1998 1668 equo-

1784 1690 1926 1761 [rum

427 1779 604 1847 (Tum
635 1781 774 1836 forte
801 1783 1022 1837 Aurora:
1047 1783 1243 1838 fiebant
1267 1797 1423 1839 sacra
1457 1784 1706 1855 nitenti).

426 1870 539 1926 Illic
568 1883 739 1942 mysta
766 1874 957 1927 iterum
982 1873 1178 1939 factus,
1214 1890 1457 1942 quaenam
1490 1877 1652 1940 aeris,
1687 1885 1852 1945 atque

427 1960 736 2032 Ilultiplicis
770 1963 890 2017 caeli
915 1963 1153 2019 conﬂatis
1183 1967 1493 2032 concordia,
1514 1968 1654 2031 novi,

427 2052 557 2119 Qua:
594 2070 712 2107 cum
741 2053 966 2109 fecunda
1000 2056 1070 2109 sit
1104 2071 1256 2124 aqua:
1291 2059 1541 2126 cognatio
1574 2070 1743 2122 terra,

425 2144 662 2200 Necnon
691 2160 813 2200 cum
841 2160 972 2216 puro
1007 2147 1301 2216 pluviatilis
1334 2162 1459 2202 aere
1482 2149 1641 2202 roris.

425 2236 594 2292 Elidis
623 2239 744 2291 hinc
779 2248 983 2294 terram
1022 2238 1166 2303 veni,
1197 2250 1356 2309 atque
1385 2240 1593 2296 illustre
1626 2241 1809 2296 Dianai

425 2330 740 2399 Tauropola:
768 2331 979 2400 signum
1011 2330 1118 2384 vidi
1155 2328 1566 2397 Lacedamone,
1603 2341 1661 2384 ut
1698 2331 1825 2387 inde

424 2421 663 2475 Materiae
695 2421 894 2474 multas
916 2420 1208 2492 variasque
1251 2422 1530 2476 addiscere
1559 2421 1784 2489 lormas,

421 2511 600 2580 Atque
641 2509 980 2564 metallorum
1018 2509 1250 2579 species,
1298 2509 1663 2579 lapidumque,
1712 2519 1994 2580 notasque,

421 2601 613 2667 Alque‘
631 2601 998 2665 characteres,
1026 2610 1441 2668 commentaque
1482 2600 1644 2654 anilia
1676 2615 1911 2667 possem.

423 2691 559 2745 Tum
579 2690 862 2761 Phrygiam
886 2693 1130 2756 veniens,
1147 2691 1425 2761 laetusque
1447 2691 1518 2746 ibi
1541 2692 1729 2747 doctus
1745 2708 1994 2761 aruspex,

421 2781 499 2836 Ex
535 2782 696 2849 extis,
731 2783 908 2837 medio
944 2783 1135 2837 ﬁerent
1167 2798 1288 2852 qua:
1323 2783 1374 2836 in
1407 2791 1648 2852 pectore,
1675 2785 1798 2837 novi
1825 2802 1837 2836 :

419 2872 658 2940 Auguria
693 2889 722 2927 e
749 2871 990 2943 Scythiae
1007 2873 1239 2942 populis,
1269 2877 1557 2942 aviumque
1586 2889 1814 2928 sonoras

419 2960 623 3016 Edidici
659 2979 834 3028 voces,
863 2963 1136 3034 ﬂexosque
1171 2980 1266 3034 per
1289 2980 1412 3019 aera
1442 2980 1624 3034 gyros,

418 3050 692 3107 Fatidicas
721 3053 1106 3124 iuvenumque,
1145 3054 1329 3110 vident
1353 3055 1398 3109 si
1428 3063 1661 3122 postera,
1690 3070 1884 3122 voces;

418 3144 566 3211 Quos
595 3147 804 3201 sonitus
827 3147 1029 3216 pariter
1055 3156 1239 3216 petra,
1274 3162 1410 3216 quos
1434 3144 1598 3214 ligna,
1636 3147 1837 3217 diuque

419 3235 631 3293 Mortua
663 3253 800 3307 quas
829 3239 1046 3293 tumulis
1077 3240 1329 3293 emittant
1353 3254 1581 3310 corpora
1599 3254 1780 3302 voces,

418 3325 566 3380 Ostia
607 3341 742 3396 quos
765 3327 1054 3396 strepitus;
1093 3328 1247 3396 queis
1281 3329 1428 3383 curis
1459 3327 1686 3400 palpitet
1718 3328 1865 3384 intus

416 3415 614 3485 Fibra;
648 3419 915 3473 cruentati
951 3418 1264 3488 fmdentqui
1295 3419 1533 3474 membra
1554 3430 1813 3485 tumores,

418 3506 486 3562 Ut
517 3523 637 3563 cum
679 3523 919 3563 verruca:
947 3517 1173 3575 serpunt
1211 3523 1306 3578 per
1340 3510 1550 3566 viscera
1575 3511 1772 3566 edaces
1798 3528 1811 3564 :

416 3595 554 3650 Tum
603 3609 742 3666 quos
802 3595 964 3651 verba
1013 3595 1246 3652 habeant
1293 3612 1566 3666 numeros,
1607 3613 1726 3669 qua:
1778 3598 1988 3654 vincula

1690 3687 1915 3760 [εει-πω,

413 3776 566 3844 Quos
610 3791 738 3831 caro
791 3778 1053 3844 visibiles,
1077 3779 1311 3850 physeos
1341 3789 1711 3848 monumenta,
1742 3781 1985 3846 labores;

413 3868 546 3934 Quae
570 3882 698 3922 vero
726 3867 907 3936 jurata
945 3871 1148 3936 animo,
1186 3868 1418 3939 perjuria
1451 3885 1701 3942 qumque,

411 3955 646 4011 Consilia
675 3968 836 4026 atque
861 3960 1136 4014 liontiuum
1155 3973 1274 4028 quin
1311 3961 1421 4016 sint
1453 3961 1667 4017 inimica
1693 3960 1914 4031 quietis.

411 4045 496 4102 Me
531 4047 662 4101 nihil
691 4049 742 4101 in
773 4059 916 4103 terra
954 4049 1133 4115 latuit,
1159 4051 1428 4120 coeloque,
1464 4053 1752 4122 marique:

409 4137 526 4192 Non
551 4141 754 4193 varium
782 4152 1102 4207 monstrum,
1142 4158 1246 4196 non
1275 4143 1478 4208 abdita,
1504 4145 1618 4199 sive
1639 4144 1820 4199 dolosa

411 4230 584 4296 Mens,
617 4246 720 4284 non
745 4243 862 4288 arte
892 4234 1100 4298 valens,
1125 4234 1412 4304 multisque
1432 4233 1662 4290 obnoxia
1690 4235 1855 4289 curis.

411 4320 550 4386 Quid
575 4319 716 4388 quod
749 4332 803 4376 ct
828 4321 1093 4376 invalidas
1137 4321 1374 4388 frandes,
1413 4333 1468 4374 et
1498 4323 1642 4377 facta
1675 4321 1928 4384 nefanda.

1702 223 1746 280 Ε
1756 223 1796 280 L'
1809 221 1968 280 DOCI
2084 226 2126 283 Α
2136 221 2232 280 UG
2245 222 2291 279 U
2301 223 2339 279 S
2349 216 2458 280 ’ΒΕ

2021 329 2062 380 Α
2102 325 2306 389 Ῥέζειν
2339 322 2460 378 iis)"
2484 320 2756 374 ἐθέλουσιν
2788 321 2980 375 ἀεικέα
3011 314 3098 374 οἷα
3128 321 3398 374 κάκιστοι.

2099 408 2213 468 'Hv
2238 416 2295 468 δέ
2328 432 2416 486 μοι
2457 413 2526 468 ἐκ
2553 410 2781 481 δένδρων
2815 411 3059 480 θαλερῶν
3089 411 3206 475 δαὶς
3234 410 3610 482 ἀκροπέτηλος

3584 220 3688 284 848

2104 509 2378 577 Δυομένου
2415 503 2737 566 Φαέθοντος.
2759 504 2882 557 Ἐπὶ
2905 505 3155 573 πέμπτον
3180 503 3402 556 δέκατόν
3436 521 3493 556 τε

2117 599 2315 652 Ἐλθὼν
2344 601 2423 664 είς
2459 600 2574 663 ἔτος
2600 595 2766 658 αὐτὸς
2791 595 2929 649 ὅλων
2958 593 3159 648 πνοιῶν
3183 611 3242 646 τε
3279 594 3416 648 θεῶν
3453 613 3514 648 τε

2102 688 2216 745 Ἧα
2241 692 2624 761 διδασκόμενός
2651 703 2719 760 γε
2749 687 2878 756 παρ’
2903 686 3111 755 ἀνδρῶν
3143 686 3479 757 ἱεροφαντῶν

2116 781 2284 835 Ἑπτὰ
2314 783 2452 851 χέρ’,
2481 779 2740 851 ἔργματά
2759 777 2806 829 θ’
2828 778 2965 830 ὅσσα
2987 776 3243 845 ἀθέσμοις
3263 776 3510 846 δαίμοσίν
3530 781 3689 833 εἰσιν.

2103 877 2213 929 Καὶ
2237 876 2347 946 γὰρ
2386 876 2508 944 ἐμοὶ
2542 874 2791 944 γλίχοντο
2822 871 3018 937 γονεῖς,
3043 869 3235 932 ὅππως
3262 887 3322 922 κε
3353 869 3583 940 μάθοιμι

2105 970 2383 1039 Ὀσσαπερ
2420 971 2476 1021 ἐν
2512 970 2646 1038 γαίῃ
2669 983 2729 1018 τε
2762 962 2860 1019 καὶ
2887 960 3012 1031 ἠέρι
3043 962 3156 1013 ἐστὶ
3183 963 3275 1014 καὶ
3306 961 3476 1034 ἅλμῃ.

2102 1060 2178 1112 Οὐ
2211 1059 2370 1128 μόνον
2399 1059 2535 1111 ὄσσα
2565 1058 2785 1110 πέλουσι
2816 1051 2961 1109 κατὰ
2992 1050 3198 1122 φθορὰν
3228 1051 3616 1122 ἀνθρώποισιν,

2116 1148 2252 1202 Ἀλλ’
2284 1149 2383 1201 ὅσα
2419 1148 2512 1200 καὶ
2544 1147 2779 1219 θαλερῆς
2809 1146 2971 1214 ποίης
3003 1142 3152 1194 πέλει
3179 1142 3487 1212 εὐπρέμνου
3516 1161 3575 1196 τε

2100 1240 2386 1308 Μταλὶης,
2415 1240 2516 1293 ὃσα
2544 1239 2590 1291 τ’
2609 1238 2799 1308 ἀνδρὸς
2831 1235 3177 1303 ἀκιδνότερον
3207 1235 3334 1302 περὶ
3369 1233 3530 1304 σῶμα

2101 1331 2360 1396 Εἱλεϊται,
2390 1331 2482 1382 καὶ
2509 1331 2642 1383 ὅσσα
2671 1330 2965 1399 κακόφρων
2993 1325 3402 1393 άντιπάλαμνος

2101 1418 2275 1493 Εὗρεν
2296 1423 2324 1474 ὁ
2351 1422 2513 1490 τῆσδε
2539 1420 2677 1491 γύης
2710 1422 2898 1491 ἀρχὸς,
2931 1419 3054 1489 ὅφις
3091 1417 3434 1487 αἰολόμητις,

2101 1515 2194 1578 El;
2222 1514 2336 1585 ἔριν
2370 1513 2638 1567 ἀθανάτου
2672 1511 2864 1582 βουλὴν
2897 1511 3191 1574 Μεδέοντος
3221 1508 3442 1571 ἀτίζων.

2103 1602 2296 1657 Ἔνθεν
2325 1602 2382 1665 ές
2413 1601 2701 1654 ἱππόϐοτον
2736 1601 2960 1671 θαλερὸν
2987 1600 3224 1670 γενόμην
3255 1598 3395 1654 κατὰ
3421 1599 3646 1669 Ἀργοςο

2096 1777 2207 1835 Ἦν
2230 1781 2286 1834 δὲ
2320 1780 2647 1844 Τιθωνιάδος
2675 1779 2839 1852 ἔροτὴ
2864 1781 3211 1850 λευχείμονος
3247 1779 3428 1842 Ἠοῦς.

2095 1869 2320 1940 Μύστης
2344 1870 2388 1922 δ’
2412 1865 2478 1923 αὖ
2513 1871 2772 1941 γενόμην,
2802 1871 2896 1923 καὶ
2931 1869 3119 1922 αὐτόθι
3153 1870 3314 1938 ἠέρος
3345 1871 3504 1938 ᾶλφω

2109 1959 2229 2011 Ἡδὲ
2262 1957 2625 2027 πολυπτύχοιο
2653 1959 2815 2012 πόλου
2843 1961 2936 2014 καὶ
2967 1961 3083 2014 ἴσον
3108 1960 3284 2029 άημα,

2097 2049 2393 2119 Συγγενίης
2417 2050 2462 2102 δ’
2485 2050 2712 2114 ὑδάτων,
2741 2052 2834 2103 καὶ
2867 2051 3154 2122 εὐφόρϐοιο
3187 2051 3450 2122 ἀρούρης.

2110 2139 2221 2192 Ἥδ⁶
2247 2135 2400 2203 αὖθις
2429 2140 2701 2210 δροσερῶν
2727 2140 2984 2209 ναμάτων
3009 2141 3088 2202 εἱς
3119 2139 3257 2211 ήέρα
3279 2140 3410 2192 δῖον.

2103 2229 2317 2294 Ἤλιδος
2354 2230 2483 2300 ἄχρι
2511 2231 2556 2284 δ’
2577 2230 2730 2301 ἔϐην,
2758 2232 2852 2283 καὶ
2879 2231 3235 2300 Ταυροπόλου
3264 2231 3633 2301 Κελαδεινῆςο

2108 2323 2196 2377 Ἐν
2229 2323 2456 2394 Σπάρτῃ
2486 2322 2531 2375 δ’
2551 2321 2726 2375 ἔσίδον
2757 2321 2952 2390 βρέτας
2980 2322 3225 2393 ὄϐριμον,
3252 2323 3395 2393 δφρσ.
3421 2321 3638 2391 δαείην⁶

2109 2411 2374 2482 Ὑλομενῆ
2408 2411 2754 2482 πολύμορφον
2778 2412 2916 2480 ἄγαν
2948 2411 3108 2480 φύσιν
3138 2413 3237 2485 (2),
3285 2413 3376 2482 ήδὲ
3413 2413 3678 2483 μέταλλα,

2097 2505 2327 2575 Ψήφους
2358 2520 2439 2568 τε,
2459 2503 2730 2573 γραφίδας
2751 2520 2830 2567 τε,
2853 2503 3205 2574 χαρακτῆρας
3233 2503 3288 2556 δέ
3319 2520 3377 2557 τε
3409 2504 3640 2573 κόσμου,

2103 2587 2395 2666 Γραιώδειξ
2431 2593 2629 2665 μύθους
2657 2613 2737 2649 τε.
2757 2596 2922 2666 ’Δτὰρ
2946 2595 3185 2666 Φρυγίης
3214 2594 3376 2664 χθόνα
3409 2595 3609 2665 βαίνων

2099 2685 2440 2748 Μαντιπόλος
2465 2686 2703 2756 γενόμην
2737 2686 2954 2748 πινυτὸς
2987 2686 3149 2754 μάλα,
3182 2689 3244 2740 ὲκ
3275 2686 3559 2757 πραπίδων
3584 2685 3643 2739 δὲ

2100 2777 2347 2840 Ἦπατος
2374 2779 2508 2830 ὅσσα
2541 2777 2794 2830 πέλουσιν
2824 2776 2963 2845 ὲγὼν
2991 2777 3152 2848 ἐδάην
3185 2777 3322 2832 κατὰ
3351 2779 3551 2849 μέσσον
3574 2795 3588 2808 ·

2111 2869 2205 2921 Ἐκ
2235 2867 2488 2920 Σκυθέων
2513 2869 2558 2920 δ’
2580 2869 2820 2932 οἱωνοὺς,
2855 2869 3074 2938 σήματα
3098 2870 3356 2940 ἠχήεντα,

2112 2961 2218 3013 Ίίδ’
2243 2961 2349 3030 ἄρα
2377 2960 2468 3013 καὶ
2507 2961 2658 3024 ζώων
2696 2959 2954 3030 καμπτὰς
2981 2960 3074 3013 ἐπὶ
3099 2965 3236 3013 τοῖσι
3273 2961 3518 3032 πορείας,

2099 3054 2377 3125 κληδόνας
2405 3045 2734 3122 αἱζηῶ·),’τοί
2766 3069 2860 3105 κεν
2881 3053 2947 3105 τὰ
2979 3052 3148 3104 ἔπειθ’
3170 3053 3387 3125 ὁρόωσι,

2101 3145 2342 3214 Bap-60b;
2373 3143 2679 3214 δουρατέων
2711 3143 2962 3206 σανίδων,
2995 3143 3210 3214 πετρῶν
3247 3143 3302 3195 δέ
3344 3143 3637 3212 θ’ὁμοίως,

2095 3234 2283 3298 illum;
2311 3234 2356 3286 δ’
2380 3236 2442 3287 ὲκ
2470 3234 2694 3304 τύμϐων
2721 3233 2999 3305 πρόπαλαι
3031 3233 3514 3305 κατατεθνηώτων,

2098 3324 2306 3378 Δοῦπον
2339 3324 2382 3377 δ’
2407 3320 2474 3378 αὖ
2512 3324 2742 3393 θυρέων,
2773 3324 3022 3394 παλμοὺς
3062 3324 3299 3396 βροτέων
3333 3325 3673 3395 μελεδωνῶν,

2102 3419 2338 3484 Ὀγκους
2362 3417 2406 3470 δ’
2428 3417 2808 3487 αἱματόεντας,
2836 3418 2948 3472 ὅσοι
2986 3417 3152 3486 μέλεα
3178 3418 3512 3486 χραίνουσιν,

2096 3506 2232 3564 Εὗτε
2259 3511 2316 3564 δὲ
2350 3510 2656 3580 μυρμήκων
2684 3509 2876 3581 βρὼμη
2907 3509 3049 3564 κατὰ
3078 3509 3220 3579 ἅψεα
3253 3509 3457 3579 βαίνει·

2096 3600 2207 3655 Καὶ
2233 3599 2417 3670 μύθων
2442 3601 2658 3671 ὀάρους,
2683 3600 2774 3654 καὶ
2803 3601 3068 3673 ἀριθμοὺς
3097 3597 3216 3655 αὖτ’
3237 3603 3414 3656 ὲπέων
3442 3619 3529 3671 γε,

2095 3783 2208 3836 Καὶ
2239 3782 2438 3853 σαρκὸς
2471 3782 2699 3853 ὁρατούς
2733 3799 2795 3851 γε
2827 3783 3042 3848 πόνους,
3073 3783 3274 3854 στήλας
3304 3782 3497 3851 φύσιος
3525 3783 3614 3837 δέ·

2096 3874 2292 3944 Ὀρκοι
2315 3873 2358 3926 δ’
2381 3874 2530 3926 ὅσσοι
2557 3873 2710 3926 ἔασιν
2735 3873 2984 3944 ἀληθέες,
3004 3873 3098 3943 ήδὲ
3125 3873 3217 3927 καὶ
3243 3873 3388 3935 οὐκὶ,

2109 3966 2231 4020 Ἦδέ
2263 3969 2357 4018 καὶ
2386 3967 2520 4019 ὅσσα
2551 3965 2808 4018 πέλουσιν
2840 3966 3055 4019 ἐναντία
3087 3964 3262 4036 μήδεα
3290 3963 3507 4034 φώτων-

2095 4057 2220 4110 Οὺδ’
2242 4058 2323 4110 ἔτι
2354 4074 2418 4127 με
2452 4057 2680 4126 χθονίων
2713 4056 2916 4128 πρῆξις
2944 4055 3106 4110 λάθεν
3137 4055 3337 4125 ήερίων
3372 4072 3456 4118 τε,

2094 4151 2203 4204 Καὶ
2232 4151 2450 4220 βυθίων,
2482 4152 2542 4204 οὐ
2575 4152 2767 4220 φάσμα
2793 4149 3152 4220 πολύτροπον,
3177 4150 3237 4202 οὐ
3267 4147 3496 4218 κρύφιος
3527 4147 3673 4214 νοῦς,

2095 4242 2170 4294 Οὐ
2200 4242 2420 4305 δολόεις,
2444 4243 2551 4295 οὐδ’
2573 4238 2639 4296 αὖ
2675 4241 3111 4311 πολυμέρμερος,
3133 4239 3251 4293 οὐδὲ
3281 4241 3547 4310 τεχνήεις,

2022 4363 2066 4418 D
2097 4334 2235 4397 Εἴως
2262 4334 2560 4402 ήπεδανοῦς
2590 4335 2823 4402 ἀπάτης,
2852 4333 2946 4385 καὶ
2977 4332 3342 4402 αἱσυλοεργῶν
3367 4332 3467 4399 (5),

409 4411 725 4483 Cunctaque
779 4415 1030 4483 cognovi,
1067 4429 1186 4482 quae
1244 4415 1328 4469 his
1364 4421 1492 4467 sunt
1527 4413 1753 4483 mqualia
1790 4415 1989 4469 terris?

2103 4425 2206 4479 Καὶ
2235 4425 2394 4478 τοίων
2429 4425 2646 4478 πάντων
2670 4424 2748 4477 ὃσ’
2774 4424 2867 4475 ἔπί
2893 4421 3042 4492 χθονὶ
3078 4422 3206 4492 τῇδέ
3230 4421 3278 4474 τ’
3301 4421 3473 4473 ἔασιν.

409 4499 639 4572 Jamque
664 4503 854 4557 aderat
881 4513 1067 4558 nostro
1087 4513 1207 4568 post
1239 4505 1352 4558 haec
1389 4503 1610 4558 vieenus
1647 4503 1716 4557 ab
1740 4513 1862 4556 ortu

409 4593 622 4655 Annus,
651 4605 770 4644 cum
805 4591 1002 4660 populo
1031 4594 1225 4646 colitur
1251 4607 1370 4660 quae
1404 4601 1547 4644 terra
1575 4593 1830 4661 nigranti,

409 4681 703 4754 Egyptum
731 4699 978 4754 pergens,
1016 4683 1199 4738 iuveni
1218 4682 1540 4750 Memphidis
1565 4701 1740 4739 oram.

410 4774 524 4830 Illic
560 4776 766 4830 tentavi
807 4777 1074 4830 humanas
1106 4776 1416 4843 superantia
1449 4775 1608 4836 vires.

411 4867 542 4932 Qua:
569 4882 689 4920 eum
725 4867 956 4922 terrenis
980 4866 1255 4930 cognatio,
1287 4866 1684 4937 spirituumque

409 4955 848 5012 Averruncorum
881 4969 1124 5023 quaenam
1165 4957 1277 5010 sint
1304 4957 1542 5022 nomina,
1569 4959 1833 5027 queisque

414 5043 664 5114 Legibus,
697 5063 758 5100 ac
794 5049 974 5110 relms,
1011 5047 1166 5113 queis
1213 5047 1547 5102 delectentur
1572 5058 1627 5103 et
1656 5050 1839 5113 astris,

412 5130 482 5188 Ut
513 5133 739 5204 fugiant,
778 5134 1069 5201 tristesque
1105 5134 1346 5190 habitent
1380 5136 1607 5206 caligine
1647 5138 1834 5197 densa,

411 5226 649 5295 Quaeque
674 5225 757 5280 bis
793 5225 1078 5294 spirituum
1102 5228 1313 5295 species
1334 5228 1645 5295 contraria;
1675 5236 1913 5298 quotque

479 5521 556 5592 (‘2)
584 5519 639 5595 In
666 5519 802 5575 dicta
838 5520 1070 5595 editione
1099 5539 1227 5595 pag.
1263 5521 1367 5580 297
1402 5524 1628 5595 legitur:
1651 5523 1766 5577 Ἵνα
1807 5523 1962 5592 μάθω

407 5586 540 5661 ὕλης
563 5586 844 5659 σύγχυσιν,
878 5593 969 5646 καὶ
1000 5586 1284 5665 διαίρεσιν,
1319 5611 1370 5647 κ.
1400 5594 1447 5647 λ.

2107 4516 2246 4570 Ἀλλ’
2269 4518 2357 4570 ὅτε
2395 4516 2458 4585 δὴ
2499 4515 2638 4585 μετὰ
2668 4513 2840 4568 ταῦτα
2867 4511 3145 4566 ἔεικοστοῦ
3179 4511 3511 4571 λυκάϐαντος

2104 4607 2284 4669 Ἐντὸς
2314 4605 2464 4673 ἔϐην,
2491 4605 2614 4658 τότε
2645 4605 2710 4675 δὴ
2740 4604 2985 4675 ζοφερῶν
3011 4603 3222 4675 ἀνδρῶν
3256 4602 3382 4655 ποτὶ
3416 4603 3580 4668 γαῖαν

2091 4697 2368 4766 Αἰγύπτου
2405 4697 2625 4767 ἱκόμην,
2665 4697 2760 4750 καὶ
2791 4697 3072 4765 Μέμφιδος
3101 4692 3260 4758 οὖδας
3291 4695 3538 4763 ἔτετμον,

2093 4789 2365 4859 Πειρήθην
2393 4789 2615 4842 κάκεῖσε
2641 4789 2764 4842 ὅσον
2798 4788 2973 4859 βροτῴ
2997 4789 3095 4842 οὐκ
3127 4787 3204 4841 ἔνι
3239 4787 3418 4840 είκτόν
3437 4803 3451 4817 ·

2103 4880 2191 4943 Ὠς
2229 4878 2485 4948 χθονίοισι
2523 4877 2777 4933 πέλουσιν
2810 4879 3060 4948 όμόγνια,
3090 4878 3206 4942 πῶς
3236 4875 3294 4930 δὲ
3324 4874 3615 4930 καλεῦνται

2085 4969 2360 5040 Πνεύματ’
2385 4969 2687 5040 άπότροπα,
2717 4971 2884 5022 ποίων
2912 4969 2956 5022 δ’
2981 4970 3194 5039 ἄστρων
3223 4967 3549 5038 ἱμείρουσιν,

2086 5056 2195 5110 Καὶ
2225 5055 2439 5125 θέμισιν
2455 5055 2498 5108 δ’
2519 5057 2738 5126 ἤπειτα,
2756 5057 2848 5110 καὶ
2868 5055 3107 5127 ἔργμασι
3129 5073 3142 5089 ·
3175 5056 3290 5119 πῶς
3311 5055 3366 5108 δὲ
3385 5055 3665 5122 φέϐονται,

2087 5145 2210 5207 Πῶς
2237 5144 2294 5198 δέ
2320 5145 2368 5196 τ’
2400 5145 2729 5215 άμειδήεντα
2758 5145 3116 5214 φυλάττουσιν
3144 5145 3306 5214 ζόφον
3332 5145 3492 5206 αὑτὰ,

2095 5233 2386 5306 Πνεύματα
2421 5235 2466 5288 δ’
2490 5230 2578 5289 οἷά
2606 5252 2668 5304 γε
2699 5239 2870 5290 τοῖσιν
2904 5235 3121 5290 ἔναντὶα
3141 5251 3156 5266 ο
3189 5236 3270 5306 ηδ’
3291 5237 3402 5289 ὅσοι
3437 5233 3596 5304 ιέιρχοὶ⁵

3255 5326 3411 5380 Vers.
3455 5325 3526 5380 90

2139 5523 2217 5608 £5)
2254 5525 2383 5577 Earl.
2419 5539 2540 5606 pag.
2567 5524 2854 5608 297κᾶχρι
2891 5527 2989 5594 τῆς
3015 5525 3122 5608 τῶν
3158 5541 3306 5608 γραφ
3321 5524 3396 5578 ὧν
3423 5539 3663 5594 μεταφο-

2096 5596 2194 5666 ρᾶς
2227 5595 2590 5666 μαγγανικῆς,
2625 5595 2720 5650 καὶ
2756 5595 2862 5648 τῶν
2887 5595 3144 5649 τοιούτων
3175 5595 3447 5650 ἁπάντων.
