4048 6378
285 242 3539 315 m

1579 448 1751 495 ANNO
1793 451 2020 497 DOMINI
2063 453 2238 500 CDXC.

727 679 1688 892 AENEAS
1851 685 3094 960 GAZAZUS,

1201 1082 1852 1184 PHILOSOPHUS
1926 1085 2594 1224 CHBISTIANUS.

1624 1523 2185 1616 NOTITIA.

1351 1742 1643 1808 (tinuum,
1677 1745 1792 1795 γει,
1811 1745 2018 1796 Patrum
2041 1741 2293 1810 Bibliotlt.,
2316 1751 2354 1798 t.
2377 1745 2462 1810 X.)

327 2049 367 2105 l.
413 2049 647 2106 Aineam
688 2049 966 2116 Gazaum,
1016 2062 1084 2104 ex
1112 2048 1435 2118 philos0pho
1479 2047 1758 2106 Platonico
1798 2061 1854 2106 et

259 2143 509 2213 sophista
557 2142 876 2198 doctissimo
919 2143 986 2196 ad
1020 2141 1387 2198 Christianam
1425 2141 1581 2197 iidem
1633 2157 1854 2197 conver-

256 2251 401 2297 sum,
434 2234 598 2290 Gaza
635 2241 842 2300 ortum,
882 2248 1005 2304 qua
1040 2241 1124 2290 est
1164 2232 1513 2288 Palaestina]
1557 2234 1852 2304 provincia

255 2327 433 2391 urbs,
479 2327 556 2380 ita
606 2326 1018 2381 denominatum
1078 2325 1358 2380 existimat
1410 2339 1638 2395 magnus
1680 2325 1850 2380 Baro-

254 2420 380 2474 nins
405 2417 485 2491 (1)
519 2435 548 2473 a
585 2419 704 2472 viro
744 2418 928 2473 divino
971 2415 1146 2473 Ainea
1175 2416 1408 2472 Gazensi
1441 2417 1720 2487 episcopo,
1757 2419 1853 2489 qui

253 2521 510 2565 sanctum
560 2509 926 2581 Porphyrium
966 2511 1018 2564 in
1056 2524 1119 2564 ea
1159 2509 1402 2564 Ecclesia
1438 2510 1673 2580 regenda
1714 2525 1850 2580 prae-

257 2612 526 2669 cesserat,
563 2610 703 2657 teste
726 2601 910 2657 Marco
943 2601 1202 2668 Gazensi,
1247 2601 1486 2671 ejusdem
1513 2603 1686 2659 sancti
1717 2601 1851 2657 Por-

252 2695 433 2764 phyrii
482 2695 753 2762 discipulo
777 2695 878 2768 (2),
907 2696 1111 2766 quique
1155 2711 1299 2750 anno
1339 2695 1447 2750 594
1484 2705 1721 2750 exeunte
1755 2703 1850 2750 aut

255 2787 586 2856 insequente
638 2787 744 2842 595
787 2787 1005 2842 ineunte
1040 2802 1354 2857 supremum
1407 2787 1554 2844 diem
1589 2788 1752 2850 obiit,
1788 2795 1848 2840 ut

253 2877 411 2932 docet
476 2877 546 2932 cl.
599 2876 915 2948 Lequienus
953 2877 1056 2949 (ὅ).
1099 2877 1258 2948 Apud
1318 2886 1528 2933 veteres
1572 2878 1664 2948 qui
1712 2877 1851 2932 scri-

249 2981 471 3040 ptorum
517 2970 1016 3025 ecclesiasticorum
1065 2969 1342 3040 catalogos
1394 2979 1636 3034 texuere,
1679 2968 1846 3022 altum

250 3060 316 3116 de
363 3072 595 3116 auctore
640 3071 832 3115 nostro
892 3061 1192 3116 silentium.
1239 3059 1358 3131 ipse
1405 3069 1582 3116 tamen
1633 3061 1688 3115 in
1734 3060 1850 3115 elu-

249 3159 641 3214 cubratissima
698 3158 1065 3228 disputatione
1093 3157 1278 3226 judice
1326 3157 1686 3228 Baronio(4),
1734 3158 1850 3213 sive

250 3249 304 3304 in
353 3249 586 3320 Dialogo
655 3263 815 3318 quem
883 3247 1309 3304 Tusornnasrus
1381 3249 1707 3318 inscripsit,
1769 3248 1848 3303 De

247 3344 559 3398 animarum
599 3341 1004 3396 immortalitate
1038 3351 1088 3396 et
1123 3357 1405 3410 corporum
1442 3343 1848 3400 resurrectione.

255 3435 516 3490 nonnulla
575 3434 771 3489 litteris
804 3435 1120 3504 consignata
1171 3433 1411 3504 reliquit,
1465 3433 1662 3504 quibus
1705 3443 1757 3490 et
1791 3449 1848 3490 se

248 3529 427 3599 ipsum
511 3527 648 3583 satis
715 3527 900 3597 prodit
971 3534 1026 3580 et
1089 3540 1198 3594 quo
1268 3537 1512 3596 tempore
1589 3526 1849 3581 claruerit

248 3619 606 3675 manifestum
661 3616 820 3676 facit.
889 3617 957 3673 Et
1008 3617 1242 3685 primum
1304 3617 1527 3688 quidem
1587 3615 1850 3673 Hieroclis

246 3711 570 3781 philosophi
604 3709 911 3765 auditorem
943 3723 1002 3765 se
1026 3708 1198 3764 fuisse
1227 3708 1514 3777 proﬁtetur
1543 3707 1620 3778 (5)
1649 3724 1664 3761 :
1689 3723 1848 3778 quem

246 3805 422 3875 probe
458 3803 745 3875 distinguit
783 3802 853 3857 ab
901 3800 1153 3858 Hierocle
1190 3799 1478 3872 Bithynia,
1513 3801 1745 3869 primum
1783 3815 1849 3854 ex

245 3897 460 3953 vicario
497 3895 730 3967 praside
764 3905 819 3950 et
848 3902 1036 3965 postea
1071 3893 1415 3948 Alexandria
1445 3892 1724 3962 prafeclo,
1757 3893 1848 3963 qni

242 3991 447 4060 λόγους
491 3988 814 4060 φιλαλήθεις
854 3987 990 4059 πρὸς
1027 3986 1156 4050 τοὺς
1201 3987 1565 4058 Χριστιανοὺς
1608 3987 1846 4056 scripsit,

246 4101 354 4141 non
395 4093 590 4139 contra
636 4082 1002 4147 Christianos,
1058 4079 1235 4150 inquit
1281 4077 1597 4135 Lactantius
1638 4077 1735 4150 (6),
1784 4094 1851 4134 ne

245 4179 466 4232 inimice
502 4175 758 4230 insectari
801 4174 1106 4237 videretur;
1152 4173 1244 4225 sed
1273 4171 1349 4224 ad
1395 4171 1752 4237 Christianos,
1789 4181 1846 4224 ut

244 4270 483 4324 humane
527 4282 589 4320 ac
618 4265 838 4335 benigne
866 4262 1141 4317 consulere
1166 4262 1453 4318 videretur.
1483 4260 1566 4320 De,
1584 4275 1650 4316 eo
1683 4259 1846 4330 igitur

245 4366 327 4420 sic
374 4372 566 4418 noster
596 4359 802 4414 Encas
832 4358 908 4429 (7)
943 4376 956 4412 :
996 4356 1275 4428 Ἱεροκλῆς
1305 4356 1381 4424 δὲ,
1410 4357 1510 4427 οὐχ
1535 4357 1563 4410 6
1591 4355 1849 4410 διδάσκα-

244 4453 361 4518 λος,
396 4452 517 4508 ἀλλ’
549 4453 579 4505 6
622 4449 1068 4524 προϐαλλόμενος
1111 4448 1180 4503 τὰ
1227 4448 1542 4518 θαυμάσια·
1575 4446 1846 4504 Hierocles

244 4555 447 4609 autem,
489 4559 594 4598 non
622 4544 667 4598 is
716 4558 867 4612 quem
897 4542 997 4610 ipsi
1023 4552 1397 4611 praeceptorem
1423 4540 1726 4606 habuimus,
1753 4541 1846 4595 sed

243 4636 485 4705 scriptor
518 4632 614 4687 ille
649 4633 739 4702 qui
775 4629 1042 4685 mirabilia
1073 4629 1316 4698 quadam
1360 4629 1516 4698 refert
1553 4627 1845 4699 (Apollonii

244 4725 601 4800 Tyanensis).
644 4722 799 4778 Illum
847 4732 1029 4776 autem
1080 4719 1384 4775 Hieroclem
1434 4718 1624 4774 IEnea
1665 4717 1844 4774 (ἔειῑωί

244 4820 576 4888 magistrum
604 4815 801 4871 sacqu
838 4829 866 4867 v
919 4811 1186 4878 ﬂoruisse,
1228 4827 1292 4867 ex
1327 4811 1394 4867 iis
1417 4827 1534 4881 qua
1565 4825 1689 4866 mox
1713 4811 1846 4866 sub-

317 4976 402 5046 (l)
446 4975 646 5029 Baron.
690 4972 758 5046 ad
786 4987 918 5026 ann.
957 4967 1281 5046 ιβιδ-91.

460 5047 643 5118 hiare.
686 5042 820 5118 Gaz.
873 5042 1016 5110 apud
1072 5033 1324 5096 ’Bolland.
1387 5047 1518 5094 tom.
1567 5033 1633 5094 Ill
1686 5034 1851 5091 Febr.

240 5115 537 5190 pag.6-1_7,
563 5115 669 5190 cui.
699 5115 751 5169 1.

320 5175 406 5257 (5)
461 5175 726 5254 Lequien.
782 5181 878 5240 0r.
938 5179 1138 5237 Christ.
1205 5187 1336 5234 tom.
1386 5177 1487 5246 lil,
1543 5191 1665 5250 pag.
1717 5175 1852 5242 610,

244 5275 406 5314 Imm.
445 5259 496 5311 5.

323 5329 405 5396 (4)
452 5328 648 5382 Baron.
679 5326 714 5382 Ι.
742 5342 794 5390 c,
828 5321 970 5396 §90.

445 5397 575 5452 En.
609 5391 917 5468 ϐλεῖο-11111³³
948 5407 1073 5468 pag.
1113 5391 1219 5448 6‘29
1249 5392 1376 5468 (col.
1413 5394 1522 5450 874
1547 5395 1637 5468 Α).

325 5465 406 5537 (6)
453 5469 703 5524 Lactant.
734 5466 914 5519 Iustit.
948 5465 1042 5518 lib.
1081 5478 1279 5537 ἣξει).

321 5534 404 5609 (7)
448 5537 578 5609 ρἰι.
613 5537 748 5609 Gaz_.
778 5538 918 5609 ibid;
947 5551 1066 5604 pag.
1107 5535 1206 5609 657
1247 5535 1372 5604 (col.
1403 5534 1626 5609 9019).

323 5602 406 5679 (8)
449 5607 666 5663 Fabric.
701 5607 854 5679 Bibl.
877 5602 970 5658 Cr.
1025 5616 1153 5679 tum».
1189 5605 1225 5679 l,
1257 5602 1417 5679 pagg.
1462 5602 1597 5679 468,:
1618 5605 1758 5679 .170;
1791 5613 1846 5662 et

243 5673 511 5736 De'c'erit.
544 5682 700 5749 retig.
733 5675 924 5731 Christ.
961 5689 1080 5744 cap.
1110 5677 1164 5739 '2,
1198 5673 1227 5745 §
1259 5673 1348 5740 Ξῖ,
1374 5673 1510 5747 ἰκιδ.
1554 5675 1673 5729 107.

1947 2045 2202 2116 jieiemus
2256 2055 2595 2115 compertum
2645 2045 2756 2112 ﬁet,
2805 2061 3043 2118 eumque
3097 2058 3376 2106 auctorem
3421 2066 3544 2108 esse

1955 2139 2336 2196 commentarii
2404 2141 2459 2195 in
2508 2141 2683 2194 Aurea
2739 2142 2981 2194 carmina
3030 2157 3296 2200 censuere
3353 2145 3543 2200 Fabri-

1951 2235 2070 2292 cius
2099 2237 2176 2309 (8)
2205 2246 2260 2292 et
2305 2236 2648 2291 Neeilhamus
2672 2237 2772 2307 (9).
2809 2235 2886 2291 De
2929 2237 3091 2308 hujus
3131 2253 3310 2295 autem
3349 2239 3543 2296 Hiero-

1953 2329 2052 2386 clis
2087 2341 2248 2387 atate
2274 2331 2425 2402 plura
2449 2329 2674 2387 Jonsius
2706 2331 2847 2402 (10).
2881 2330 2988 2388 Sed
3017 2333 3076 2388 in
3107 2333 3300 2402 primis
3343 2351 3543 2391 consu-

1952 2420 2142 2478 lendus
2174 2421 2424 2478 Valesius
2457 2423 2542 2476 vir
2568 2439 2814 2478 summus
2841 2424 2980 2494 (11).

2021 2513 2083 2568 ll.
2128 2513 2200 2569 At
2237 2517 2366 2568 vero
2408 2514 2617 2584 reliqua
2656 2530 3077 2584 prosequamur.
3112 2517 3301 2588 Itaque
3345 2519 3398 2576 in
3429 2521 3543 2575 col-

1951 2601 2185 2658 lectione
2216 2603 2570 2673 epistolarum
2615 2601 2930 2660 Gracorum
2975 2606 3303 2677 scriptorum
3346 2610 3543 2666 Aldina

1951 2701 2006 2748 et
2035 2691 2360 2758 Genevensi,
2405 2703 2462 2748 ut
2505 2695 2688 2751 videre
2732 2705 2817 2750 est
2858 2699 2999 2766 apud
3024 2698 3300 2756 laudatum
3347 2702 3543 2760 Fabri-

1951 2785 2095 2840 cium
2126 2785 2264 2856 (12),
2307 2796 2525 2842 exstant
2563 2790 2801 2844 auctoris
2851 2790 3024 2846 nostri
3063 2791 3304 2860 epistola
3339 2791 3433 2859 25,
3487 2796 3540 2848 in

1953 2894 2187 2948 quarum
2223 2879 2291 2936 19
2331 2896 2441 2935 non
2481 2882 2654 2936 solum
2696 2883 2764 2937 ab
2807 2899 2874 2939 eo
2920 2885 3212 2954 respicitur
3241 2886 3539 2956 Procopius

1950 2969 2194 3033 Gazans,
2226 2972 2268 3024 '6
2310 2972 2446 3042 ἐμὸς
2491 2973 2822 3042 Προκό-πως,
2871 2975 2967 3029 sed
3009 2979 3173 3031 etiam
3201 2977 3254 3032 in
3302 2979 3426 3034 aliis
3471 2983 3539 3032 ait

1951 3065 2166 3119 eosdem
2203 3062 2319 3120 fere
2364 3066 2578 3128 scribit,
2607 3068 2807 3135 quibus
2843 3066 3088 3134 ejusdem
3140 3068 3389 3140 Procopii
3424 3073 3542 3138 epi-

1951 3153 2103 3209 stola
2133 3155 2382 3210 feruntur
2417 3156 2718 3227 inscripta:
2739 3169 2796 3211 ut
2833 3159 2946 3227 ipsa
2970 3160 3198 3229 proinde
3219 3169 3539 3230 tempestas

1953 3245 2156 3300 vixerit
2189 3243 2398 3300 Aineas
2441 3261 2547 3315 qua
2596 3246 2918 3319 Procopius,
2963 3250 3058 3319 qui
3105 3249 3286 3305 clarus
3329 3253 3540 3304 exstitit

1949 3339 2169 3393 ineunte
2191 3337 2392 3393 saculo
2413 3353 2486 3394 v1.
2517 3337 2804 3406 Praeterea,
2834 3351 2895 3394 ut
2913 3340 3148 3396 advertit
3169 3323 3380 3396 (favens
3403 3343 3539 3410 (15),

1948 3430 2195 3484 meminit
2240 3437 2424 3484 noster
2467 3429 2672 3485 Aineas
2698 3432 2809 3499 (1i)
2861 3430 3260 3487 Platonicorum
3299 3433 3540 3500 philos-o-

1943 3521 2196 3590 phorum,
2226 3518 2444 3592 Syriani
2479 3521 2831 3578 Alexandrini
2861 3533 2916 3578 et
2950 3522 3126 3579 Procli
3168 3523 3320 3595 Lycii
3355 3541 3372 3579 :
3402 3541 3540 3594 quo-

1959 3625 2079 3664 rum
2141 3609 2272 3676 ille,
2319 3619 2472 3667 .teste
2533 3611 2699 3668 Suida
2749 3614 2904 3685 (15),
2962 3615 3164 3670 schola
3221 3615 3540 3672 Atheniensi

1955 3700 2204 3770 prafuit;
2243 3702 2330 3756 hic
2362 3716 2491 3756 vero
2513 3702 2630 3770 ejus
2659 3703 2876 3757 auditor
2906 3713 2960 3760 et
2992 3705 3042 3758 in
3073 3705 3316 3774 ejusdem
3341 3705 3545 3760 schola

1955 3792 2220 3862 regimine
2267 3809 2590 3859 successor,
2632 3795 2926 3852 Theodosii
2971 3795 3215 3852 Juuioris
3245 3807 3406 3852 atate
3449 3813 3542 3851 ce-

1954 3883 2140 3949 lebris,
2177 3899 2208 3939 e
2238 3885 2374 3940 vivis
2397 3887 2657 3950 excessit,
2696 3897 2955 3943 narrante
2985 3887 3192 3942 Marino
3225 3887 3340 3958 ejus
3375 3889 3544 3944 disci-

1952 3976 2078 4046 pulo
2119 3975 2257 4048 (16),
2290 3993 2436 4032 anno
2486 3988 2610 4047 post
2645 3977 2848 4033 Juliani
2903 3978 3188 4048 imperium
3242 3979 3541 4035 centesimo

1953 4070 2214 4125 vicesimo
2290 4079 2508 4138 quarto,
2562 4069 2641 4141 τῷ
2684 4067 2726 4122 6'
2770 4069 2867 4124 καὶ
2913 4076 2961 4122 κ’
3016 4069 3111 4125 καὶ
3163 4067 3210 4141 ρ’
3272 4071 3383 4123 ἀπὸ
3440 4071 3542 4140 τῆς

1963 4160 2258 4215 Ἰουλιανοῧ
2309 4161 2604 4231 βασιλείας.
2659 4164 2820 4233 Atqui
2863 4161 3113 4217 Julianus
3191 4163 3352 4232 periit
3395 4179 3541 4218 anno

1950 4255 2078 4322 365,
2121 4257 2363 4326 adeoque
2412 4256 2636 4313 Proetus
2681 4257 2792 4311 fato
2842 4256 3063 4312 functus
3106 4265 3190 4311 est
3235 4271 3381 4311 anno
3408 4256 3538 4320 487,

1951 4356 2008 4401 ut
2055 4357 2342 4418 propterea
2395 4348 2497 4403 sub
2544 4348 2727 4404 saeculi
2777 4362 2808 4400 v
2858 4349 3020 4403 tinem
3063 4346 3310 4401 ﬂoruerit
3355 4357 3541 4402 noster

1948 4440 2177 4499 Encas.

2021 4533 2110 4589 Ill.
2154 4534 2296 4601 Quid
2319 4535 2466 4605 quod
2513 4535 2652 4591 hanc
2689 4536 2858 4606 ipsam
2900 4535 3163 4603 temporis
3202 4535 3538 4591 notationem

1952 4628 2281 4684 luculentius
2313 4629 2494 4685 adhuc
2541 4629 2770 4699 ipsemet
2801 4639 2993 4684 auctor
3023 4629 3349 4685 conﬁrmat?
3388 4628 3539 4682 Alri-

1948 4732 2114 4773 canos
2156 4719 2300 4774 enim
2347 4719 2693 4776 confessores
2744 4721 2941 4789 quibus
2981 4734 3125 4773 anno
3185 4718 3290 4772 484
3339 4717 3538 4787 impius

1950 4811 2256 4868 llunericus
2285 4812 2656 4870 Vandalorum
2704 4828 2800 4868 rex
2833 4813 3042 4892 linguas
3073 4811 3334 4866 radicitus
3373 4824 3536 4865 exse-

2029 4966 2106 5037 (9)
2148 4965 2354 5022 Ncedli.
2399 4967 2452 5021 in
2498 4967 2712 5034 prafat.
2739 4971 2812 5037 ad
2856 4965 3091 5021 Hierocl.
3129 4966 3437 5037 Comment.
3485 4965 3539 5018 in

1951 5044 2085 5094 Aur.
2120 5037 2405 5093 carm.sub
2432 5038 2523 5090 lin.
2557 5041 2686 5092 edit.
2718 5036 2981 5091 Cantabr.
3019 5036 3176 5090 1709.

2026 5105 2142 5232 (1οὲ
2193 5106 2346 5164 Jons.
2408 5108 2483 5160 De
2542 5108 2788 5190 scriptor.
2861 5107 2983 5159 hist.
3023 5104 3233 5191 _phitos.
3292 5102 3389 5157 lib.
3439 5118 3535 5168 nl,

2026 5199 2074 5232 υ.
2149 5218 2164 5232 .
2199 5194 2355 5232 naua.
2389 5178 2485 5232 101
2528 5193 2646 5232 seu.
2672 5180 2808 5232 edit.
2837 5174 2951 5230 len.
2985 5174 3144 5229 1116.

1953 5174 2074 5250 cap.
2095 5174 2355 5250 _8,pagg.
2389 5178 2485 5250 101
2528 5174 2808 5250 seq.’etl_it.
2837 5174 2951 5230 len.
2985 5174 3144 5250 1716_._

2027 5241 2157 5317 (11)?
2182 5241 2360 5303 Vare—8.
2400 5241 2690 5317 Emertdat.
2729 5247 2822 5302 lib.
2868 5262 2910 5310 ι,
2942 5261 3062 5314 cap.
3115 5245 3332 5317 5,1333.
3373 5241 3534 5297 9.13.

2057 5313 2142 5387 12)
2184 5319 2396 5374 Fabric.
2429 5317 2570 5372 Bibl.
2611 5315 2707 5374 Gr.
2736 5317 2944 5387 tome],
2974 5313 3094 5386 pag.
3115 5313 3251 5387 _427.

2058 5385 2142 5456 15)
2183 5390 2313 5443 Cav.
2351 5389 2491 5442 Hist.
2525 5389 2686 5443 titter.
2719 5397 2847 5457 tom.
2879 5386 2921 5453 l,
2950 5385 3072 5454 pag.
3100 5385 3256 5457 660._
3320 5451 3343 5457 Α
3392 5450 3418 5457 __

2178 5457 2308 5540 Ain.
2347 5458 2547 5540 Gaza].
2591 5473 2642 5512 c.
2681 5455 2820 5512 infra
2853 5450 2977 5526 pag.
3011 5450 3114 5510 634
3142 5453 3281 5576 l(cui.
3315 5450 3420 5504 895
3449 5451 3538 5534 β).

2056 5531 2141 5576 15)
2183 5530 2336 5576 Snnl-
2372 5529 2552 5576 Lamia.
2592 5544 2642 5576 ν.
2670 5527 2934 5576 Συοιανὸε
2975 5539 3025 5576 et
3059 5527 3142 5576 Πο
3178 5524 3300 5576 κ).ος
3328 5523 3356 5574 ὁ
3389 5526 3529 5576 Δυκ.

2025 5523 2141 5601 (15)
2183 5530 2336 5584 ὃυὶιΙ.
2369 5529 2552 5601 Leagic.
2583 5544 2642 5601 _v.
2670 5523 2947 5601 Σιρριαὺὸξ
2975 5523 3356 5601 ρειῦρόκλοξηὸ

2053 5592 2138 5670 10)
2183 5601 2376 5670 Mariti.
2435 5592 2764 5670 γξιτγΡτοειί
2801 5611 2924 5667 cap.
2975 5596 3068 5664 36,
3107 5592 3228 5666 pag.
3264 5593 3354 5656 88,
3401 5592 3534 5649 edit.

1955 5666 2172 5727 Fabric.
2206 5669 2404 5726 llamb.
2443 5666 2606 5726 1700.
