4048 6434
523 259 632 326 $1

527 380 736 435 cuerat,
761 384 820 426 se
850 368 1054 424 vidisse
1088 374 1144 421 et
1173 373 1320 419 recte
1346 362 1630 432 loquentes
1655 361 1871 414 audisse
1903 377 1967 414 ac
1996 374 2107 412 rem

530 476 737 522 tantam
780 464 1031 518 miratum
1059 474 1185 515 esse
1224 466 1458 512 testatur
1482 455 1619 527 (17).
1649 450 1818 520 llujns
1860 453 1996 505 adeo
2031 452 2112 503 in-

533 563 709 632 gentis
757 558 1001 613 miraculi
1056 556 1212 611 testis
1243 552 1484 622 locuples
1514 550 1649 603 alter
1695 548 1902 601 accedit
1927 544 2114 599 Victor

537 651 796 714 Vitensis,
821 649 1007 702 eodem
1053 656 1295 712 tempore
1318 643 1497 695 clarus
1530 655 1638 708 quo
1669 648 1856 692 noster
1888 635 2114 700 Encas,

535 743 754 798 Zenone
802 741 1057 794 nimirum
1105 739 1408 804 imperante
1442 734 1571 802 :qni
1623 735 1687 784 de
1739 731 1932 783 iisdem
1983 745 2118 782 eon-

541 834 843 892 fessoribus
889 847 1052 888 verna
1088 827 1316 890 faciens,
1374 827 1488 880 lucc
1533 823 1692 878 habet
1721 821 1831 889 (18)
1864 838 1877 876 :
1910 818 2114 889 Spiritu

541 936 723 981 sancto
771 934 1050 991 prtestante
1087 923 1158 974 ita
1196 920 1356 972 locuti
1400 925 1520 969 sunt
1555 924 1603 968 et
1654 914 1958 981 loquuntur,
1988 928 2118 980 quo-

542 1019 697 1072 modo
735 1027 889 1069 antea
920 1014 1284 1082 loquebantur.
1328 1008 1430 1063 Sed
1467 1005 1670 1075 siquis,
1713 1006 1917 1066 subdit,
1947 1004 2124 1055 incre-

545 1111 701 1164 dulus
751 1125 861 1162 esse
906 1105 1146 1167 voluerit,
1191 1111 1369 1170 pergat
1416 1115 1553 1152 nunc
1592 1093 2115 1160 Constantinopolim.

547 1213 594 1255 et
626 1201 696 1253 ibi
730 1197 944 1266 reperiet
995 1210 1156 1247 unum
1209 1193 1272 1246 de
1313 1191 1444 1252 illis,
1475 1189 1841 1241 subdiaconem
1886 1183 2122 1251 Repara-

549 1305 678 1357 tum,
708 1302 968 1343 sermones
995 1286 1185 1355 politos
1211 1283 1324 1336 sine
1352 1280 1462 1333 ulla
1496 1277 1782 1346 offensione
1803 1273 2118 1341 loquentem.

551 1382 628 1436 0b
663 1397 815 1452 quam
842 1393 1056 1432 causam
1102 1373 1407 1430 venerabilis
1444 1370 1662 1422 nintium
1709 1365 1761 1416 in
1791 1366 1992 1430 palatio
2027 1362 2126 1419 Ze-

554 1473 704 1526 nonis
738 1469 1070 1536 imperatoris
1111 1466 1350 1528 habetur,
1397 1473 1442 1516 et
1475 1460 1734 1528 praecipue
1764 1459 1942 1523 regina
1991 1457 2127 1509 mira

553 1577 670 1616 eum
695 1558 984 1612 reverentia
1024 1564 1318 1610 veneratur.
1369 1550 1488 1603 Alia
1532 1547 1640 1600 duo
1679 1558 1934 1616 prmterea
1967 1547 2031 1598 de
2069 1561 2129 1598 re

558 1660 728 1713 tanta,
775 1646 1022 1716 quamvis
1063 1644 1208 1697 omni
1262 1642 1366 1695 ﬁde
1406 1640 1648 1710 probata,
1701 1639 1878 1705 placet
1925 1637 2125 1691 addere

558 1739 894 1800 testimonia,
934 1734 1143 1789 scilicet
1180 1730 1476 1785 Marcellini
1505 1729 1722 1784 comitis
1761 1740 1810 1782 et
1839 1727 2124 1795 Procopii,

556 1845 786 1902 quorum
817 1838 1048 1896 uterque
1085 1825 1274 1878 iisdem
1299 1819 1707 1876 confessor-ibus
1737 1821 1913 1874 adhuc
1940 1822 2128 1875 viven-

559 1919 702 1972 tibus
725 1917 859 1969 rixit
886 1930 949 1967 ac
982 1914 1081 1967 sub
1111 1911 1414 1965 Justinianu
1447 1910 1775 1978 imperatore
1819 1909 2035 1964 claruit.
2066 1911 2131 1964 Et

558 2007 902 2061 Marcellinus
927 2005 1143 2072 quidem
1171 2002 1223 2054 in
1257 2000 1531 2054 Chronico
1565 2002 1629 2052 ad
1660 2016 1860 2053 annum
1891 1999 2018 2064 484,
2049 2002 2132 2052 in-

559 2103 689 2153 dict.
747 2113 844 2158 \‘ll,
887 2094 1224 2148 Theoderico
1259 2101 1313 2146 et
1354 2092 1619 2146 Venantio
1664 2107 1804 2146 coss.
1835 2092 1992 2164 (l9);
2030 2091 2132 2146 Το-

560 2186 689 2255 tam,
737 2189 928 2258 inquit,
968 2203 1057 2255 per
1093 2187 1327 2256 Africam
1364 2183 1591 2238 crudelis
1635 2183 1892 2237 Ilunerici
1931 2181 2138 2237 Vanda-

565 2286 738 2337 lorum
783 2283 914 2351 regis
947 2283 998 2332 in
1043 2290 1246 2332 nostros
1279 2277 1564 2330 catholicos
1613 2278 1906 2344 persecutio
1944 2277 2138 2345 impor-

569 2387 679 2428 tata
731 2385 824 2427 est.
908 2372 1044 2426 Nam
1112 2369 1365 2422 casulatis
1433 2367 1810 2437 diﬂ‘ugatisque
1863 2367 2140 2436 plusquam

559 2479 827 2520 cccxsxm
853 2462 1266 2515 orthodozorum
1292 2459 1569 2525 episcopis.
1599 2459 1928 2529 ecclesiisque
1960 2475 2141 2512 eorum

562 2557 780 2617 clausis,
805 2555 944 2623 plebs
972 2553 1209 2621 ﬁdelium
1249 2551 1408 2603 variis
1440 2549 1656 2602 subacta
1691 2551 1984 2618 suppliciis,
2019 2549 2142 2605 bea-

565 2661 673 2701 tum
706 2645 1081 2699 consummavit
1107 2657 1346 2711 agonem.
1375 2639 1569 2707 Nempe
1599 2650 1724 2693 tunc
1747 2641 1881 2694 idem
1908 2657 1998 2696 rex
2028 2641 2144 2694 lla-

566 2739 795 2801 nericus,
834 2736 990 2788 unius
1032 2733 1275 2787 catholici
1310 2730 1654 2784 adolescentis
1691 2732 1849 2784 vitam
1881 2749 1912 2785 a
1951 2734 2143 2787 nativi-

567 2839 675 2882 tate
712 2846 805 2881 sua
843 2830 954 2881 sine
991 2825 1096 2878 ullo
1127 2839 1363 2877 sermone
1408 2824 1673 2885 ducentis,
1722 2822 1959 2893 linguam
2007 2839 2145 2890 prte-

566 2921 697 2988 cepit
751 2918 964 2981 excidi;
1017 2915 1256 2983 idemque
1313 2924 1515 2974 mutus,
1565 2913 1703 2982 quod
1757 2915 1868 2967 sine
1917 2915 2146 2967 humano

566 3012 751 3064 auditu
782 3008 994 3062 Christo
1046 3006 1262 3059 credens
1295 3005 1400 3072 ﬁde
1443 3005 1723 3069 didicerat,
1766 3019 1888 3059 mox
1926 3007 2148 3074 prmcisa

566 3105 662 3158 sibi
717 3104 898 3171 lingua
950 3100 1157 3153 locutus
1201 3107 1298 3159 est,
1351 3097 1674 3166 gloriamque
1727 3094 1832 3149 Deo
1883 3097 1934 3148 in
1979 3097 2148 3166 primo

566 3197 704 3250 vocis
749 3211 860 3247 sua:
913 3193 1129 3246 exordio
1177 3191 1338 3244 dedit.
1385 3188 1616 3257 Denique
1661 3203 1726 3240 ex
1769 3187 1866 3240 hoc
1913 3189 2148 3257 fidelium

572 3288 914 3342 contubernio
937 3285 1234 3351 aliquantos
1257 3297 1350 3351 ego
1375 3280 1796 3349 religiosissimos
1823 3282 1981 3346 viros,
2009 3295 2148 3347 pra:-

569 3380 690 3433 cisis
741 3378 959 3446 linguis,
1016 3375 1260 3427 manibus
1313 3372 1594 3436 truncatis,
1641 3371 1780 3436 apud
1830 3370 2148 3440 Byzantinus

570 3476 779 3542 integra
826 3487 945 3526 voce
997 3471 1245 3536 conspexi
1293 3469 1588 3537 loquentes.
1645 3467 1773 3522 lla'c
1826 3469 2149 3522 Arianorum

571 3565 856 3620 crudelitas
897 3563 950 3616 in
994 3563 1269 3631 religiosos
1301 3560 1498 3616 Christi
1541 3562 1767 3614 cultores
1813 3577 1974 3628 supra
2017 3562 2149 3614 scri-

571 3656 672 3726 ptis
704 3671 835 3708 coss.
869 3669 1042 3706 mense
1087 3651 1383 3706 Februario
1428 3652 1578 3719 coepit
1614 3651 1806 3720 in/ligi.
1846 3649 1970 3706 Haec
2013 3649 2152 3704 Mar-

572 3747 820 3802 cellinus.
867 3743 1163 3813 Procopius
1197 3759 1326 3798 vero
1359 3743 1472 3814 (20)
1505 3761 1518 3798 :
1557 3743 1884 3799 Christianos
1932 3744 2148 3812 Africtc,

573 3840 670 3901 ait,
697 3851 802 3890 tam
819 3837 1105 3890 crudeliter
1127 3848 1336 3906 tamque
1361 3836 1554 3904 injuste
1577 3852 1722 3889 nemo
1746 3837 1967 3898 vexavit,
1993 3853 2151 3907 quam

576 3929 896 3983 llunericus.
930 3928 1057 3981 Cum
1082 3928 1221 3981 enim
1253 3926 1372 3980 illos
1403 3927 1471 3980 ad
1498 3936 1693 3980 sectam
1724 3927 1976 3981 Arianam
2008 3943 2152 3980 cum-

571 4021 782 4090 pelleret
810 4061 824 4085 ,
861 4033 1194 4089 quoscunque
1223 4035 1411 4089 parum
1457 4021 1527 4071 ad
1561 4019 1943 4088 obsequendum
1977 4034 2150 4084 promo

571 4128 686 4189 ptos
729 4116 1160 4185 deprehendebat,
1213 4117 1328 4186 igne
1377 4115 1601 4183 aliisque
1649 4113 1923 4183 suppliciis
1963 4128 2150 4168 excru-

573 4213 738 4265 ciatos
767 4209 1002 4262 necabat.
1040 4205 1223 4261 Multis
1265 4207 1498 4275 linguam
1532 4205 1764 4273 faucium
1793 4213 1942 4258 tenus
1977 4204 2152 4257 absci-

572 4303 675 4366 dit,
725 4300 813 4368 qui
855 4309 1035 4353 nostra
1081 4297 1245 4350 etiam
1302 4304 1455 4349 letale
1496 4295 1804 4362 superstites
1868 4293 2146 4363 Byzantii,

573 4393 849 4462 explanate
887 4388 1253 4458 loquebantur,
1296 4383 1496 4438 nullum
1532 4385 1795 4453 capientes
1842 4401 2048 4439 sensum
2089 4386 2153 4439 il-

575 4487 679 4539 lius
707 4499 894 4552 patrue.
937 4480 1209 4534 Ilactenns
1235 4475 1548 4543 Proc0pius,
1591 4490 1752 4544 quem
1797 4477 1962 4530 etiam
1997 4493 2150 4533 asse-

573 4587 756 4632 ctatur
784 4572 1049 4642 Evagrius
1075 4569 1208 4641 (21).

647 4688 734 4742 IV.
777 4688 884 4742 Sed
919 4698 1215 4754 quorsum,
1272 4679 1517 4747 inquies,
1559 4680 1672 4733 hinc
1728 4679 1942 4734 testium
1985 4681 2155 4737 nubes

577 4783 796 4838 inducta
829 4779 895 4834 de
938 4785 1089 4830 tanto
1128 4771 1390 4825 miraculo
1434 4779 1543 4824 toto
1582 4769 1690 4836 jam
1732 4773 1864 4824 orbe
1896 4771 2152 4838 vulgato?

577 4853 866 4935 Nimirum,
912 4883 1018 4936 quo
1069 4866 1416 4932 impotentem
1467 4861 1684 4916 obscuri
1733 4861 1910 4917 critici
1953 4879 2150 4917 cenat-

579 4980 692 5018 ram
723 4961 1087 5023 conlutemus,
1108 4956 1376 5025 simulque
1397 4955 1566 5010 nostri
1598 4954 1783 5010 Ainea:
1805 4953 1984 5010 Gasmi
2011 4955 2149 5009 alio-

649 5146 760 5214 (l7)
796 5141 924 5214 Ain.
959 5139 1088 5214 Gaz.
1123 5139 1158 5192 l.
1187 5153 1384 5214 c._psg.
1416 5136 1521 5191 0363
1557 5133 1685 5214 (col:
1725 5133 1864 5214 11102
1895 5135 1983 5214 Α).

653 5203 762 5286 illi)
823 5209 1155 5286 VlCl.__VIl._-
1189 5203 1360 5286 Hist:
1388 5203 1582 5286 persec.
1643 5203 1874 5286 l’andal.
1934 5203 2027 5260 lib.
2075 5220 2140 5270 v,

577 5297 695 5352 cap.
722 5275 774 5348 ti,
809 5296 928 5348 pag.
954 5280 1042 5352 76,
1072 5279 1200 5352 edit.
1231 5277 1400 5331 Paris.
1434 5275 1679 5352 [inlitam

650 5346 770 5420 (19)
805 5346 1036 5405 Muret-ll.
1067 5348 1262 5403 Chron.
1282 5364 1442 5420 Δρεης.⁸
1459 5346 1585 5420 550.

650 5412 761 5488 ('20)
804 5420 1025 5486 Procop.
1084 5420 1157 5472 De
1212 5412 1344 5472 bello
1379 5412 1634 5470 'Vandal.
1693 5412 1783 5468 lib.
1834 5428 1874 5478 I,
1923 5427 2041 5484 cap.
2087 5413 2140 5477 8,

579 5502 700 5558 pag.
729 5491 826 5546 196
857 5489 985 5542 vdit.
1022 5488 1190 5542 Paris.

655 5552 766 5626 (21)
808 5562 1001 5624 Evagr.
1034 5559 1172 5611 Hist.
1200 5556 1391 5626 eccles.
1425 5555 1516 5608 lib.
1550 5570 1624 5617 tv,
1651 5552 1892 5626 capti.

653 5621 765 5698 (22)
806 5621 1168 5683 Αίιι.Ἐι·ιι‹Ιίῑ.
1197 5625 1458 5696 Lipsiens.
1494 5641 1618 5678 ann.
1670 5624 1824 5687 17H,
1857 5638 1974 5691 pag.
2010 5621 2135 5674 358.

1828 247 2091 307 AENEAS
2128 245 2456 306 GAleUS.

2223 373 2455 426 rumque
2483 356 2809 422 scriptorum
2848 353 2947 421 ipsi
2983 366 3284 406 coaevorum
3325 350 3702 406 auctoritatem
3733 353 3806 406 ab

2220 448 2472 503 insolenti
2527 446 2794 499 calumnia
2843 445 3199 499 vindicemus.
3233 442 3340 497 lste
3390 457 3625 512 namque
3665 458 3806 496 ano-

2221 556 2414 610 nytnns
2465 539 2722 593 Decadem
2768 538 3200 591 dissertationnm
3257 535 3808 604 historico-theologi-

2221 649 2403 686 curum
2469 645 2798 694 recensens,
2865 630 2932 683 ab
2985 627 3194 684 Joanne
3238 628 3456 682 Andrea
3521 625 3808 681 Schmidio

2222 743 2364 780 anno
2395 727 2533 780 1714
2583 723 2900 778 Heltnstadii
2933 723 3265 793 evulgatam,
3301 738 3528 791 quarum
3572 722 3807 790 septima

2225 819 2544 874 inscribitur
2574 831 2590 871 :
2615 816 2692 871 De
2717 817 3000 886 elinguatis
3029 815 3337 885 mysterium
3373 813 3648 868 Trinitatis
3667 830 3810 883 prte-

2222 911 2547 972 dieentibus,
2577 907 2716 960 haud
2754 907 2959 959 veritus
3008 914 3092 959 est
3137 905 3436 958 istiusmodi
3482 905 3645 958 verba
3717 904 3808 957 in-

2227 1003 2530 1054 verecunde
2574 997 2768 1053 litteris
2822 998 3034 1050 tradere
3075 994 3232 1067 (22);
3280 1014 3297 1045 ι
3329 993 3538 1048 Profert
3590 993 3813 1047 Schmi-

2226 1092 2374 1155 dius,
2401 1091 2598 1160 inquit,
2621 1097 2888 1158 quomuot
2915 1096 3276 1141 occurrerunt
3308 1086 3468 1154 hujus
3497 1085 3574 1138 rei
3605 1093 3810 1149 testes;

2229 1184 2475 1248 interque
2527 1195 2622 1235 eos
2678 1181 2978 1248 principem
3028 1177 3203 1232 locum
3259 1177 3447 1231 tribuit
3497 1175 3818 1231 Justiniano

2229 1272 2577 1338 imperatori,
2630 1271 2786 1337 cujus
2830 1271 2943 1323 haec
2991 1280 3124 1324 sunt
3170 1268 3331 1321 verba
3375 1266 3529 1336 (25):
3567 1265 3815 1321 Vidimus

2228 1362 2546 1415 venerabiles
2579 1363 2735 1422 viros,
2773 1362 2861 1428 qui
2901 1361 3150 1413 abscissis
3182 1361 3435 1413 radicitus
3476 1359 3671 1429 linguis
3704 1377 3819 1424 pae-

2233 1468 2326 1504 nas
2375 1468 2498 1505 suas
2545 1451 2914 1504 miserabiliter
2969 1450 3338 1518 loquebantur.
3389 1449 3466 1505 Ne
3512 1452 3636 1518 quis
3680 1466 3817 1505 vero

2235 1545 2373 1598 hanc
2417 1545 2784 1598 narrationem
2831 1544 2883 1596 in
2921 1544 3144 1597 dubium
3182 1553 3356 1609 vocet,
3407 1544 3816 1608 historicorum,

2226 1636 2318 1703 qui
2354 1650 2474 1687 eam
2509 1635 2774 1697 referunt,
2804 1632 2962 1686 ﬁdem
2994 1642 3050 1686 et
3081 1635 3376 1686 candorem
3409 1632 3672 1690 vindicat.
3711 1631 3817 1688 Hic

2231 1735 2408 1778 tamen
2441 1740 2571 1795 pace
2605 1724 2678 1782 cl.
2723 1725 2986 1778 Schmidii
3027 1725 3297 1787 addimus,
3331 1740 3450 1779 esse
3496 1727 3642 1782 viros
3677 1745 3820 1784 nosi-

2232 1816 2408 1870 nullos
2463 1818 2552 1885 qui
2594 1818 2730 1872 hanc
2777 1817 3061 1871 historiam
3113 1817 3163 1868 in
3219 1817 3534 1881 fabellarum
3591 1833 3822 1875 censum

2233 1909 2493 1964 referant.
2548 1911 2625 1964 Ac
2670 1911 2923 1963 videntur
2972 1923 3105 1963 sane
3152 1923 3272 1976 quin
3319 1908 3618 1964 all‘eruntur
3675 1909 3816 1967 hanc

2236 2003 2287 2054 in
2332 2017 2448 2055 rem
2481 2000 2792 2055 testimonia
2839 1997 3158 2054 labefactari
3207 2015 3385 2069 posse,
3431 2001 3476 2056 si
3529 2002 3649 2071 quis
3697 2004 3816 2056 cri-

2239 2093 2378 2147 ticen
2455 2093 2713 2147 adhibere
2787 2092 2934 2146 velit.
3013 2091 3174 2146 Certe
3265 2093 3584 2164 palmarium
3687 2094 3819 2148 illud

2236 2183 2531 2239 Justiniani
2562 2185 2906 2254 imperatoris
2938 2185 3302 2238 testimonium
3343 2199 3402 2240 ut
3436 2187 3670 2240 alienum
3694 2200 3823 2242 esse

2239 2285 2516 2346 appareat,
2550 2277 2809 2330 mediocri
2841 2277 3043 2331 mentis
3074 2278 3371 2334 attentione
3394 2294 3530 2348 opus
3556 2288 3664 2334 e5t.
3699 2279 3824 2333 Sci-

2242 2369 2366 2423 licet
2396 2369 2694 2438 iniperator
2731 2378 2892 2424 acuto
2927 2373 3195 2424 sermonis
3235 2385 3432 2440 genere
3465 2385 3594 2425 usus
3616 2371 3825 2441 signiti-

2241 2471 2351 2526 cat,
2391 2475 2485 2516 eos
2532 2461 2729 2531 linguae
2772 2476 2869 2514 usu
2895 2463 3133 2530 privatos
3177 2463 3473 2518 miserabili
3508 2479 3636 2518 voce
3667 2466 3824 2536 quasi

2242 2554 2455 2609 locutos
2504 2569 2626 2610 esse
2674 2554 2950 2609 miseriam
2983 2569 3161 2612 suam.
3197 2554 3348 2611 Unde
3405 2571 3503 2610 nec
3551 2557 3685 2611 dicit
3728 2573 3826 2612 eos

2246 2647 2311 2700 de
2359 2646 2630 2698 Trinitate
2668 2645 2880 2699 locutos
2927 2659 3070 2711 esse,
3115 2645 3208 2700 sed
3257 2645 3459 2700 locutos
3502 2662 3612 2700 esse
3645 2663 3826 2714 pinnas

2246 2752 2406 2797 suas;
2442 2751 2541 2790 nec
2569 2751 2661 2790 eos
2686 2735 2887 2791 diserte
2919 2736 3174 2807 clareque
3210 2737 3440 2802 locutos,
3473 2739 3564 2792 sed
3601 2739 3826 2791 misera-

2250 2828 2446 2881 biliter.
2470 2827 2590 2881 Pari
2618 2829 2884 2882 sermonis
2909 2827 3074 2898 ﬁgura
3101 2844 3228 2883 usus
3255 2829 3446 2882 Cicero
3470 2830 3646 2898 inquit
3671 2829 3783 2899 (24)
3809 2849 3822 2884 :

2250 2920 2350 2976 Res
2381 2921 2612 2992 loquitur
2639 2922 2773 2989 ipsa.
2801 2920 2942 2975 ldetn
2975 2919 3102 2975 alibi
3131 2920 3244 2991 (25)
3275 2940 3286 2974 :
3314 2920 3423 2974 Cur
3455 2923 3640 2988 nolint,
3666 2923 3827 2976 etiam

2250 3015 2296 3068 si
2327 3023 2556 3075 taceant,
2596 3014 2722 3066 satis
2759 3012 2960 3065 dicunt.
3007 3011 3099 3066 Sic
3149 3021 3202 3066 et
3242 3010 3466 3067 Ovidius
3511 3012 3622 3083 (26)
3666 3031 3681 3068 :
3731 3012 3826 3066 Di-

2249 3107 2371 3176 gitis
2397 3121 2533 3172 serpe
2575 3114 2648 3158 cst
2679 3113 2910 3174 nutuque
2953 3104 3180 3157 locutus.
3218 3105 3440 3159 Scilicet
3487 3107 3738 3160 eumdem
3771 3107 3824 3160 in

2251 3197 2470 3252 modum
2525 3197 2601 3250 illi
2654 3214 2679 3248 a
2735 3194 3044 3252 Justiniano
3089 3199 3374 3252 memorati
3423 3198 3818 3270 loquebantur,

2253 3288 2398 3342 nullo
2442 3287 2731 3353 miraculo,
2782 3288 2875 3341 sed
2929 3290 3097 3358 tigura
3145 3290 3438 3345 rhetorica.
3473 3309 3492 3342 ι
3549 3290 3828 3348 Hactenus

2252 3391 2553 3446 anonymus
2579 3375 2895 3448 Lipsiensis.

2324 3489 2389 3545 γ.
2431 3489 2630 3559 Ecquis
2653 3506 2813 3560 porro
2843 3507 2988 3549 sana:
3027 3495 3222 3550 mentis
3251 3497 3518 3564 patienter
3545 3498 3697 3554 ferat
3734 3501 3825 3558 ιω-

2254 3583 2416 3637 Ininis
2463 3583 2681 3652 ingenio
2737 3583 3011 3640 abutentis
3053 3585 3504 3656 intemperantem
3549 3593 3826 3660 critieest,

2253 3676 2344 3744 qui
2381 3689 2495 3729 rem
2529 3675 2665 3729 adeo
2699 3676 3000 3732 luculenter
3037 3686 3312 3745 testatum,
3350 3683 3550 3736 nedum
3582 3684 3827 3752 dubia,

2253 3765 2347 3820 sed
2381 3765 2543 3819 etiam
2581 3765 2981 3832 incredibilem,
3014 3767 3144 3837 quin
3184 3778 3239 3824 et
3274 3772 3383 3826 risu
3417 3772 3634 3842 dignam
3661 3784 3828 3846 atque

2252 3857 2393 3911 inter
2447 3855 2762 3926 fabellarum
2810 3873 3020 3914 censum
3071 3861 3398 3930 referendam
3447 3863 3661 3920 ell'utit?
3711 3868 3828 3923 Non

2253 3949 2386 4002 vidit
2430 3949 2513 4002 vir
2568 3947 2960 4019 κριτικώτατος
3001 3950 3356 4009 Justinianete
3413 3957 3829 4016 constitutionis

2255 4050 2457 4096 textum
2505 4040 2789 4097 manifeste
2831 4051 3182 4114 corruptum;
3231 4049 3374 4115 quod
3421 4064 3554 4106 sane
3593 4055 3832 4122 pervidit

2255 4132 2599 4188 doctissimus
2620 4131 2997 4190 Tillemontius
3017 4135 3154 4208 (27),
3174 4138 3289 4208 qui,
3318 4139 3406 4195 ubi
3429 4143 3585 4212 vulgo
3615 4147 3832 4202 misera-

2257 4225 2435 4281 biliter
2460 4226 2676 4298 legitur,
2705 4227 3114 4284 rescribendum
3145 4232 3460 4288 mirabiliter
3477 4235 3601 4306 jure
3620 4242 3831 4308 optimo

2258 4317 2554 4372 existimat.
2618 4316 2789 4384 Quam
2845 4318 3060 4388 quidem
3124 4323 3517 4380 restitutionem
3582 4343 3690 4383 non
3749 4342 3831 4386 est

2258 4409 2534 4463 enimvero
2564 4423 2661 4463 cur
2688 4409 2810 4478 quis
2839 4411 3033 4466 merito
3065 4411 3373 4484 improbare
3398 4417 3607 4482 valeat;
3631 4423 3830 4490 quippe

2255 4517 2375 4572 qua:
2409 4499 2774 4558 Iustinianum
2818 4505 3197 4573 imperatorem
3241 4508 3468 4578 reliquis
3505 4514 3830 4583 antiquiori-

2258 4592 2356 4647 bus
2384 4593 2616 4647 Oculatis
2649 4595 2898 4660 testibus,
2923 4603 2979 4649 et
3011 4595 3092 4650 vel
3136 4597 3238 4667 ipsi
3263 4597 3526 4668 Prompio
3564 4618 3662 4658 suo
3697 4621 3829 4659 con-

2256 4697 2448 4735 sonum
2501 4684 2712 4739 reddat.
2769 4685 2922 4754 Quod
2966 4698 3253 4757 propterea
3301 4701 3361 4745 ut
3418 4692 3574 4761 plane
3621 4707 3829 4764 pateat,

2254 4789 2442 4828 eorum
2478 4775 2638 4830 verba
2670 4776 2722 4831 in
2759 4777 2993 4832 medium
3036 4780 3395 4838 adducantur.
3441 4783 3640 4839 Noster
3665 4785 3829 4854 igitur

2254 4862 2456 4919 Encas
2479 4865 2704 4922 Gazzeus
2727 4867 2839 4939 (28)
2870 4885 2883 4922 :
2916 4868 3010 4922 Illi
3043 4887 3161 4925 vero
3188 4872 3604 4944 (confessores),
3629 4877 3827 4946 inquit,

2253 4958 2317 5009 de
2345 4957 2530 5026 quibus
2573 4961 2719 5013 nobis
2759 4970 2836 5014 est
2881 4977 3075 5026 sermo,
3121 4977 3211 5017 nec
3249 4964 3398 5032 peplo
3443 4981 3571 5033 opus
3614 4967 3827 5033 habent,

2329 5135 2441 5207 (25)
2482 5137 2782 5212 Iustiniani).
2808 5138 2937 5195 Cod.
2971 5139 3066 5212 lib.
3097 5157 3145 5212 t,
3169 5140 3251 5194 tit.
3281 5141 3373 5208 27,
3423 5141 3495 5195 De
3529 5142 3663 5212 ollim
3697 5159 3827 5211 prte-

2256 5204 2828 5288 fecQ-prtrtor.nAfric.
2844 5250 2860 5274 ,
2889 5211 3069 5288 νεὶ-ξ]
3087 5211 3153 5263 10
3181 5204 3588 5288 ειὶίιιίέυειιυιίξ

2323 5277 2435 5347 (24)
2474 5277 2776 5348 Εἰρηοναι.
2809 5296 2904 5344 pro
2938 5279 3127 5348 Milon.
3162 5293 3285 5348 cap.
3315 5281 3406 5335 20.

2324 5349 2436 5417 (25)
2479 5348 2557 5417 l_d.
2595 5347 2909 5402 Divinat.in
2956 5347 3189 5403 Verrem.

2321 5415 2434 5484 (26)
2473 5415 2629 5471 Ovid.
2667 5417 2825 5471 Trist.
2854 5433 2911 5481 Il,
2943 5418 3068 5472 453.

2319 5487 2430 5559 (27)
2472 5487 2686 5559 'Ijlleay.
2718 5486 2874 5559 Mem.
2905 5489 3032 5543 eccl.
3070 5498 3200 5542 tom.
3237 5487 3373 5552 XVI,
3411 5505 3530 5559 pag.
3555 5490 3680 5543 579.

2319 5558 2431 5626 (28)
2471 5556 2743 5611 IEn.Gaz.
2771 5556 2879 5626 ch.
2922 5558 3059 5612 infra
3101 5574 3219 5627 part.
3251 5556 3426 5624 6625b,
3449 5556 3576 5627 (col.
3605 5559 3712 5614 999
3740 5558 3824 5628 Β).
