4048 6372
283 238 399 305 869

288 353 384 416 sed
412 350 584 422 ipsius
620 360 833 409 natura
858 354 1184 414 conditorem
1227 360 1538 430 implorant,
1574 363 1663 432 qui
1707 380 1885 419 recen-

289 446 483 497 tiorem
528 444 608 499 eis
655 453 908 501 naturam
961 449 1047 503 die
1085 451 1244 507 tertia
1293 464 1409 521 post
1458 455 1689 525 largitur
1730 472 1749 511 :
1780 473 1883 511 non

287 535 421 588 dato
446 534 660 604 quidem
695 536 913 591 alterius
947 537 1165 610 linguw,
1210 544 1301 597 sed
1328 544 1602 614 facultatis
1636 549 1749 602 sine
1773 549 1883 602 liu-

288 646 399 700 gua
442 630 791 686 articulatius
824 646 989 701 quam
1041 649 1282 705 unquam
1327 648 1490 693 antea
1516 641 1655 711 quod
1698 641 1883 696 vellent

290 720 589 792 eloquendi
640 737 885 795 munere.
912 723 1133 796 —-Ipse
1173 744 1292 797 ego,
1352 730 1556 799 subdit,
1605 732 1701 785 hos
1742 734 1886 787 uiros

293 813 426 879 vidi,
455 823 505 868 et
532 815 802 883 loquentes
830 818 1032 883 audivi,
1064 828 1117 874 et
1151 834 1340 876 vocem
1374 824 1508 878 adeo
1542 825 1883 880 articulatam

294 916 422 958 esse
455 918 615 972 posse
652 906 884 960 miratus
915 923 1034 962 sum
1065 927 1078 963 :
1103 912 1515 968 instrumentum
1537 918 1677 970 vocis
1706 917 1886 987 inqui-

296 995 480 1049 rebant
514 1012 535 1050 :
570 1007 620 1051 et
663 999 885 1053 auribus
939 1017 1043 1056 non
1085 1005 1341 1072 credens,
1388 1006 1557 1063 oculis
1599 1007 1886 1078 judicandi

296 1103 495 1141 munus
528 1090 728 1151 remisi,
766 1101 923 1155 atque
945 1109 1034 1148 ore
1062 1104 1244 1164 aperto
1275 1096 1515 1168 linguam
1552 1108 1715 1154 totam
1744 1104 1889 1155 radi-

297 1179 437 1233 citus
463 1180 697 1234 evulsam
728 1182 862 1249 uidi,
898 1201 961 1238 ac
989 1187 1315 1256 stupefactus
1343 1189 1600 1256 mirabar,
1629 1208 1732 1246 non
1762 1211 1890 1249 sane

296 1287 405 1339 quo
439 1281 591 1339 pacto
625 1290 800 1329 vocem
844 1276 1264 1346 conformarent,
1310 1283 1401 1335 sed
1433 1299 1536 1352 quo
1568 1285 1724 1339 modo
1759 1302 1887 1339 con-

296 1361 493 1413 servati
544 1373 739 1416 essent.
792 1363 922 1421 Hinc
953 1365 1181 1425 Encas.
1223 1369 1344 1425 iam
1391 1388 1520 1427 vero
1560 1375 1722 1443 paulo
1763 1384 1891 1432 ante

300 1449 579 1506 Victorem
625 1453 898 1512 Vitensem
944 1468 1234 1517 testantem
1283 1464 1610 1532 audivimus,
1655 1465 1891 1538 Repara-

297 1553 413 1596 tum
459 1546 835 1602 subdiaconth
871 1548 1342 1623 Constantinopoli
1382 1558 1656 1613 exstitisse
1698 1576 1891 1615 sermo-

298 1648 392 1687 nes
423 1636 617 1702 politos
645 1640 758 1694 sine
795 1640 906 1695 ulla
941 1644 1228 1713 oﬂ'ensione
1261 1645 1574 1718 loquentem.
1601 1648 1740 1716 Quid
1763 1666 1890 1708 vero

298 1721 658 1782 Marcellinus
680 1732 901 1786 comes?
928 1731 1060 1787 Eum
1081 1734 1209 1788 item
1236 1735 1352 1790 haec
1372 1749 1705 1794 asserentem
1731 1744 1891 1796 modo

301 1817 675 1874 intelleximus
705 1822 1055 1886 :Aliquantos
1084 1842 1199 1896 ego,
1234 1827 1431 1898 inquit,
1465 1831 1890 1901 religiosissimos

299 1908 468 1975 viros,
527 1915 761 1977 prtecisis
791 1914 988 1986 linguis
1131 1920 1273 1987 apud
1321 1920 1640 1990 Byzantium
1684 1924 1889 1995 integra

301 2014 439 2054 voce
473 2006 723 2074 conspexi
769 2006 1081 2078 loquentes.
1116 2009 1418 2082 Procopius
1451 2013 1705 2084 denique,
1742 2015 1890 2070 Mul-

302 2091 397 2157 tis,
444 2093 543 2161 ait,
591 2096 828 2169 linguam
893 2101 1132 2168 faucium
1166 2113 1317 2158 tenus
1371 2107 1596 2160 abscidit
1635 2108 1897 2164 llluneri-

302 2184 428 2271 cus)
454 2187 545 2257 qui
570 2201 751 2245 nostra
777 2194 937 2248 etiam
979 2206 1136 2250 aetate
1174 2199 1480 2265 superstites
1506 2197 1772 2270 Byzantii,
1805 2217 1900 2256 ex-

304 2272 528 2341 planate
558 2274 940 2350 loquebantur,
972 2287 1176 2341 nullum
1215 2291 1478 2356 capientes
1506 2278 1719 2348 sensum
1748 2293 1896 2351 illius

302 2379 495 2432 ptente.
544 2367 786 2437 Quorum
821 2373 980 2444 plane
1038 2376 1335 2434 illustrium
1392 2366 1611 2436 testium
1642 2381 1898 2453 loquendi

306 2457 555 2515 rationes
597 2460 876 2534 ﬂagitant,
930 2482 1037 2522 non
1087 2470 1404 2539 postulant,
1449 2473 1501 2527 in
1558 2471 1897 2530 Justinianea

307 2550 712 2610 constitutione
742 2558 1062 2614 mirabiliter
1086 2562 1519 2619 rescribendum.
1548 2565 1723 2620 Abeat
1753 2579 1898 2621 nunc

308 2637 485 2709 igitur
512 2657 817 2717 auouymus
846 2650 1073 2709 criticus
1108 2651 1427 2723 Lipsiensis,
1459 2665 1514 2710 et
1533 2657 1648 2713 suis
1675 2671 1902 2726 persua-

309 2731 441 2787 deat
471 2734 591 2792 illos
622 2742 966 2799 venerabiles
1001 2744 1151 2801 viros
1180 2760 1320 2816 quos
1350 2745 1694 2805 Justinianus
1731 2750 1905 2819 impe-

309 2832 468 2881 rator
504 2841 566 2883 se
592 2828 794 2888 vidisse
825 2842 1078 2905 testatur,
1108 2854 1214 2893 non
1248 2839 1719 2904 diserteclareque
1755 2839 1906 2894 locu-

309 2925 413 2981 tos,
450 2919 546 2973 sed
587 2924 999 2993 miserabiliter;
1033 2929 1163 2998 quin
1211 2938 1266 2985 et
1296 2945 1390 2986 eos
1437 2930 1584 2986 nullo
1619 2931 1903 2998 miraculo,

308 3008 407 3063 sed
436 3010 618 3081 ﬁgura
646 3015 908 3072 rhetorica
944 3017 1109 3088 fuisse
1139 3019 1367 3075 locutos.

386 3121 479 3179 Vl.
525 3144 545 3179 s
576 3126 752 3186 Habes
814 3132 1020 3203 itaque,
1050 3141 1108 3188 ut
1149 3135 1216 3190 de
1254 3133 1378 3191 aliis
1424 3144 1632 3191 taceam
1663 3133 1909 3209 (Baronii

321 3216 428 3270 viri
481 3220 704 3277 maximi
736 3222 853 3295 (29)
904 3226 1086 3282 verbis
1120 3225 1289 3299 utor),
1319 3228 1560 3298 quinque
1601 3229 1692 3301 qui
1719 3229 1907 3285 eadem

310 3323 441 3376 qua:
473 3310 726 3367 viderunt
756 3323 814 3369 et
857 3317 1174 3382 audierunt,
1222 3318 1555 3389 scriptorum
1587 3332 1912 3374 monumen-

314 3401 412 3466 tis,
451 3403 689 3470 posteris
735 3408 1218 3474 commendarunt,
1255 3422 1450 3478 nempe
1479 3409 1756 3466 Victorem
1802 3410 1914 3479 epi-

310 3506 544 3565 scopum
597 3495 907 3554 Uticensem
940 3499 1000 3570 (l.
1036 3498 1367 3571 Vitensem),
1409 3501 1776 3558 .lustiniauum
1810 3502 1912 3557 im-

310 3596 657 3656 peratorem,
678 3589 914 3648 Aiacem
942 3592 1226 3661 Gazasuto,
1258 3592 1632 3663 Marcellinum
1658 3595 1912 3652 comitem

313 3690 490 3748 aulue
542 3681 871 3755 Procopium
916 3688 1168 3757 :quibus
1225 3696 1378 3743 tanta
1436 3688 1683 3760 prodigia
1740 3687 1915 3743 voluit

313 3769 659 3830 Deusreddi
711 3775 864 3832 omni
909 3775 1014 3837 llde
1052 3785 1255 3836 testata
1295 3778 1659 3848 omnibusque
1707 3777 1918 3848 perspi-

314 3878 447 3934 cua,
479 3875 538 3923 ut
561 3871 802 3939 posteris
835 3869 1051 3928 cunctis
1073 3871 1445 3929 innotesceret
1487 3886 1705 3947 curare.
1730 3881 1916 3929 nostra

394 4072 514 4150 (se)
552 4073 755 4150 βποης
790 4077 858 4130 ad
897 4092 1028 4131 ann.
1053 4076 1183 4150 χει,
1212 4076 1273 4150 ss
1297 4076 1595 4150 seetse.

391 4146 510 4215 (30)
552 4147 862 4217 Casaubon.
891 4161 1013 4217 pag.
1043 4148 1106 4200 17
1154 4146 1284 4202 edit.
1318 4146 1500 4201 Woilii
1528 4146 1722 4207 Hamb.
1753 4146 1913 4203 1716.

419 4219 514 4289 3!)
557 4216 778 4289 Fabric.
810 4216 889 4289 De
919 4218 1069 4289 perit.
1112 4219 1268 4289 relig.
1298 4217 1497 4272 Christ.
1533 4234 1654 4288 pag.
1683 4218 1811 4281 107.

419 4224 514 4289 '5!)
557 4224 778 4275 Fabric.
810 4224 889 4270 De
919 4224 1069 4273 verit.
1112 4224 1268 4288 rellg.
1298 4224 1497 4272 Christ.
1533 4234 1654 4288 pag.
1683 4224 1811 4281 107.

392 4224 512 4360 252)
553 4288 777 4343 Auctar.
826 4287 963 4343 Bibl.
998 4286 1105 4345 PP.
1147 4287 1281 4345 Duc.
1332 4296 1464 4343 tom.
1502 4289 1567 4353 Il,
1612 4304 1737 4362 pag.
1786 4288 1917 4355 573,

1754 251 2089 315 NOTITIA.

3458 257 3568 324 870

1991 366 2188 430 Deutn;
2230 379 2352 419 cum
2398 373 2509 419 tam
2554 381 2752 436 magno
2798 366 3082 434 miraculo,
3106 367 3219 437 jam
3269 368 3492 424 subacta
3536 384 3567 425 a

1986 455 2243 511 Vandalis
2296 455 2502 522 Africa,
2550 458 2815 513 catholica
2868 458 3003 514 lides
3051 474 3363 527 presserant
3409 474 3568 528 passa

1986 558 2114 602 tunc
2147 547 2213 602 de
2238 547 2536 604 victoribus
2565 548 2948 617 triumpharet,
2983 549 3070 603 ubi
3110 551 3380 617 exstingui
3413 551 3567 619 peni-

1986 649 2073 694 tus
2119 650 2405 711 putaretur
2439 660 2452 696 :
2485 642 2675 709 sicque
2723 653 2897 710 certa,
2949 643 3052 696 lida
3098 652 3322 711 tutaque
3374 643 3567 696 semita

1987 738 2409 799 monstraretur,
2459 747 2554 800 per
2581 749 2742 801 quam
2792 732 2977 788 ﬁdeles
3006 734 3185 788 cuncti
3226 734 3434 801 absque
3475 748 3568 786 er-

1987 838 2112 877 rore
2142 823 2450 892 periculove
2473 825 2676 887 securi,
2710 840 2816 893 quo
2853 824 3100 885 tendunt,
3133 825 3185 877 in
3216 823 3410 877 etclam
3441 838 3570 891 per-

1990 916 2230 971 veniant.
2261 914 2337 970 Ex
2377 916 2580 986 quibus
2604 932 2707 970 uon
2739 916 2882 971 illius
2910 925 3117 971 tantum
3152 916 3411 985 temporis
3449 929 3571 969 cor-

1991 1008 2087 1077 rigi
2130 1017 2185 1061 et
2238 1008 2518 1067 emendari
2568 1009 2866 1064 valuissent
2920 1008 3184 1072 haeretici,
3242 1008 3336 1061 sed
3383 1020 3570 1060 omnes

1988 1100 2080 1169 qui
2107 1108 2290 1169 postea
2328 1115 2625 1166 emersere,
2657 1101 2821 1169 quive
2873 1102 2977 1156 hoc
3024 1101 3397 1171 perditissimo
3437 1110 3573 1154 tem-

1991 1207 2120 1259 pure
2157 1201 2414 1261 tauquam
2450 1207 2595 1245 ranae
2630 1191 2682 1245 in
2720 1190 2959 1264 :Egypto
2997 1191 3320 1247 ebullientes
3340 1188 3576 1245 catholi-

1991 1299 2110 1336 cam
2155 1284 2441 1338 veritatem
2477 1282 2758 1339 infestant.

2062 1392 2175 1448 Vll.
2223 1412 2242 1445 ι
2279 1392 2492 1448 Etenim
2534 1407 2671 1463 quos
2718 1391 2861 1448 Deus
2911 1400 3058 1447 tanto
3102 1391 3289 1462 signo,
3335 1399 3410 1449 tot
3457 1390 3576 1445 sine

1992 1486 2174 1556 lingua
2205 1487 2528 1541 testantibus
2560 1487 2788 1539 vocibus
2839 1485 3023 1539 docuit
3066 1500 3190 1538 esse
3236 1482 3533 1537 catholicos
3556 1520 3574 1546 ,

1991 1587 2047 1631 et
2074 1576 2237 1637 ﬁdem
2264 1576 2422 1646 cujus
2458 1589 2620 1628 causa
2658 1572 2908 1628 subirent
2948 1573 3295 1643 martyrium,
3334 1586 3457 1626 esse
3486 1585 3579 1622 ve-

1990 1685 2145 1737 ram;
2181 1670 2340 1741 plane
2366 1677 2420 1723 et
2446 1666 2748 1721 Ecclesiam
2786 1665 2839 1719 in
2868 1681 2973 1736 qua
3008 1673 3209 1728 essent,
3236 1663 3343 1718 dici
3374 1663 3572 1716 debere

1993 1761 2334 1823 catholicam,
2370 1759 2657 1830 perspicue
2684 1756 3103 1812 demonstravit.
3133 1754 3204 1808 At
3235 1755 3302 1807 ab
3325 1769 3386 1808 ea
3410 1768 3574 1821 quam

1996 1851 2154 1922 longe
2185 1852 2367 1905 absint
2394 1859 2685 1904 uovatores
2717 1849 2810 1917 qui
2847 1864 2908 1903 se
2938 1847 3099 1902 hodie
3128 1844 3426 1901 catholicos
3452 1859 3577 1913 pro-

1998 1944 2220 2001 ﬁtentur
2271 1943 2544 2008 hzcrntici,
2597 1943 2751 1997 lectis
2796 1956 2915 2010 quae
2970 1941 3087 2009 ipse
3135 1939 3321 1994 Victor
3358 1945 3412 1991 et
3457 1950 3579 1988 mox

2000 2046 2122 2105 post
2156 2035 2331 2101 ipsum
2364 2032 2703 2103 Fulgentius,
2731 2031 2817 2085 vel
2844 2030 2932 2085 alii
2960 2029 3118 2098 hujus
3151 2028 3412 2097 temporis
3436 2024 3583 2078 Afri-

2002 2124 2121 2176 o.mi
2169 2124 2420 2177 doctores
2463 2124 2755 2191 scripsere,
2804 2120 3090 2190 perspicue
3133 2118 3292 2179 satis,
3330 2117 3375 2171 si
3423 2115 3583 2170 modo

2006 2216 2192 2281 velint,
2232 2215 2537 2286 intelligere
2590 2224 2843 2283 possunt.
2894 2213 3094 2268 Contra
3135 2225 3264 2266 vero
3308 2219 3585 2293 cummos

2000 2307 2244 2379 eamdem
2287 2324 2408 2375 cum
2463 2306 2568 2371 illis
2610 2315 2886 2361 sectemur
2925 2304 3106 2370 (idem,
3146 2303 3450 2370 eademque
3483 2299 3584 2353 ha-

2002 2403 2223 2459 beamus
2267 2403 2576 2457 communia
2612 2410 2981 2462 sacramenta,
3019 2414 3116 2469 per
3156 2398 3449 2466 omniaque
3487 2395 3588 2449 do-

1998 2496 2234 2550 ctrinam
2285 2493 2555 2560 similem;
2605 2493 2911 2549 catholicos
2956 2506 3055 2547 nos
3107 2507 3215 2545 non
3266 2502 3408 2557 esse,
3444 2486 3588 2543 haud

1999 2587 2183 2641 dicere
2222 2595 2482 2655 possunt,
2542 2585 2823 2656 redarguti
2867 2583 2936 2638 ab
2983 2584 3050 2638 iis
3094 2582 3189 2653 qui
3231 2582 3441 2652 linguas
3482 2593 3589 2633 non

2008 2678 2310 2742 habentes,
2360 2690 2460 2745 pro
2512 2676 2671 2736 nobis
2727 2674 2992 2735 altissima
3042 2660 3178 2731 voce
3215 2671 3451 2727 clamant
3487 2686 3503 2725 :
3533 2674 3594 2722 ut

2005 2770 2163 2841 plane
2187 2785 2282 2839 per
2303 2781 2623 2825 consecrata
2656 2768 2729 2823 illi
2759 2783 2828 2823 ex
2866 2766 2987 2821 lidei
3016 2764 3358 2821 confessione
3383 2773 3589 2832 organa

2006 2862 2291 2917 benedicta
2325 2861 2442 2930 ipse
2469 2859 2617 2915 Deus
2651 2859 2797 2929 loqui
2822 2857 3183 2928 intelligatur.
3216 2873 3236 2908 ι
3275 2853 3393 2910 Huc
3418 2865 3593 2922 usque

2007 2966 2242 3022 magnus
2274 2951 2567 3006 Annalium
2595 2947 3095 3006 ecclesiasticorum
3125 2958 3345 3017 parens.

2078 3043 2190 3101 Vll.
2232 3043 2384 3110 Quod
2418 3052 2688 3113 superest,
2712 3040 2967 3110 Dialogus
2989 3036 3178 3092 Aineze
3199 3034 3402 3101 Gazmi,
3433 3047 3594 3104 quem

2010 3138 2276 3193 eruditum
2322 3144 2371 3191 et
2428 3135 2715 3206 elegantem
2766 3134 3076 3203 scriptorem
3119 3137 3278 3184 vocat
3322 3126 3597 3182 Casaubo-

2012 3245 2116 3287 uus
2142 3230 2281 3302 (30),
2324 3243 2466 3299 saepe
2508 3227 2652 3300 typis
2702 3226 3055 3295 censignatus
3097 3222 3349 3276 habetur.
3408 3216 3598 3272 Varias

2011 3324 2132 3397 ejus
2185 3323 2457 3380 editiones
2506 3317 3097 3390 interpretationesque
3149 3312 3479 3382 diligenter,
3541 3314 3601 3360 ut

2014 3416 2238 3481 assolet,
2270 3420 2517 3470 recenset
2535 3411 2823 3483 Fabricius
2849 3406 2986 3481 (Si).
3018 3406 3124 3472 Eas
3161 3405 3302 3459 inter
3341 3400 3487 3455 illam
3515 3409 3600 3469 ty-

2014 3507 2100 3578 pis
2146 3506 2465 3561 tradendam
2507 3503 2843 3565 curavimus,
2879 3514 3001 3570 quae
3049 3498 3347 3565 interprete
3392 3490 3602 3547 Joanne

2013 3598 2214 3655 Wolﬁo
2262 3596 2466 3667 prodiit
2520 3596 2576 3650 in
2636 3594 2887 3648 auctsrio
2930 3591 3197 3646 Ducarano
3229 3586 3367 3658 (ὅί),
3431 3582 3603 3638 semel

2017 3692 2323 3758 iterumque
2364 3687 2593 3757 repetita
2641 3685 2695 3739 in
2728 3682 3029 3739 Parisiettsi
3070 3678 3407 3735 Bibliotheca
3450 3683 3604 3728 vete-

2020 3797 2137 3838 rum
2171 3781 2389 3837 Patrum
2433 3777 2750 3834 Morelliana
2772 3775 2910 3849 (53).
2945 3770 3455 3842 lnterpretatienem
3497 3763 3602 3818 ali-
3690 3838 3705 3860 ‘

2019 3871 2141 3929 cubi
2171 3869 2566 3926 recensuimus.

2029 4073 2158 4129 edit.
2191 4087 2320 4126 ann.
2357 4069 2516 4126 16Ξ4.

2037 4125 2055 4129 ⁷
2097 4125 2522 4268 ζόὖέιξίῢΙ.ΡΡ.
2553 4138 2727 4196 Paris.
2761 4152 2891 4194 ann.
2930 4134 3091 4203 lett,
3126 4132 3288 4200 test,
3323 4139 3456 4187 tom.
3487 4125 3607 4196 xu,

2026 4228 2148 4286 pag.
2289 4251 2306 4268 .
