4048 6378
280 344 385 410 913

1602 336 2228 400 THEOPHRASTUS.

3446 343 3551 408 914

279 457 396 511 Οὐκ
425 455 533 526 ἄρα
580 452 879 526 παράδοξον
915 451 1029 522 (66)
1054 452 1116 506 τὸ
1147 454 1434 522 γινόμενον
1458 450 1570 525 (65)
1593 451 1765 505 οὐδέν.
1801 451 1860 505 El

1969 425 2171 522 quippe
2211 451 2302 522 qui
2355 450 2982 511 animmlmmortalitate
3016 462 3071 511 et
3119 455 3331 512 ratione
3376 456 3551 512 solum

281 548 381 619 μὲν
411 546 520 617 γὰρ
561 546 863 617 μονωθεῖσα
895 542 991 597 τοῦ
1032 544 1287 614 σώματος
1321 544 1354 613 ἡ
1380 541 1527 613 ψυχὴ
1574 540 1713 612 πρὸς
1743 541 1866 593 ἑπι-

277 638 483 709 θυμίαν
518 639 612 691 καὶ
646 637 820 708 ὀργὴν
861 635 1110 708 ἐξήγετο,
1153 634 1469 705 θαυμαστὸν
1510 630 1600 703 ἦν.
1643 632 1758 687 Νῦν
1810 632 1868 687 δὲ

282 730 425 801 μετὰ
455 728 708 800 σώματος
735 727 841 780 ἔδει
869 726 980 779 τῶν
1007 726 1136 798 τῇδε
1166 726 1438 797 σωμάτων
1467 725 1865 795 ἐπιμελεῖσθαι,

275 818 308 871 δ
342 817 517 889 τροφὴ
557 816 906 881 διασώζεται.
944 814 1156 868 Οὐκοῦν
1189 813 1524 884 ὲπιθυμείτω
1560 814 1741 878 καλῶς
1774 813 1869 867 καὶ

280 910 539 983 μετρίως,
567 910 735 980 φησὶν
760 911 789 963 6
817 904 1157 979 Δημιουργός
1185 906 1319 978 (66).
1349 907 1419 960 Ἢ
1457 906 1621 959 πόθεν
1645 906 1706 959 τὸ
1736 922 1865 959 παι-

274 1003 387 1057 δίον
412 1003 536 1073 ἄρτι
558 1000 885 1072 γεννόμενον
915 999 1055 1071 (67),
1083 998 1178 1053 τοῦ
1207 998 1479 1068 γάλακτος
1509 998 1742 1066 ἐφίεται,
1772 998 1868 1051 καὶ

276 1095 417 1165 πρὸς
450 1093 513 1147 τὺ
536 1092 744 1147 λυποῦν
771 1091 1084 1163 ὀργίζεται,
1117 1091 1152 1162 ἢ
1197 1091 1286 1144 ἵνα
1319 1090 1384 1144 τὸ
1427 1089 1526 1160 μὲν
1570 1090 1865 1160 προσιέμε-

275 1204 389 1252 νον,
433 1185 494 1240 τὸ
519 1185 577 1239 δὲ
620 1183 933 1255 μονώμενον
963 1182 1075 1255 (68)
1104 1182 1343 1253 σωθείη;
1370 1181 1444 1235 Τδ
1471 1182 1574 1250 μὲν
1602 1181 1696 1235 οὖν
1723 1180 1867 1236 κατά

277 1277 447 1347 φύσιν
479 1275 581 1348 ζῇν
614 1276 802 1338 καλὸν,
831 1274 928 1328 κα)⁸
957 1273 1288 1338 διασώζεται
1312 1290 1327 1306 θ
1361 1274 1423 1328 τὸ
1458 1275 1515 1328 δὲ
1564 1273 1716 1344 παρὰ
1762 1274 1864 1345 φύ-

276 1386 386 1433 σιν,
423 1366 649 1437 αίσχρὸν
699 1367 792 1419 καὶ
825 1365 1146 1432 κολάζεται·
1179 1366 1243 1421 τὸ
1272 1365 1328 1419 δὲ
1359 1366 1501 1437 ὑπὲρ
1544 1365 1642 1438 τὴν
1679 1369 1863 1436 φύσιν,

276 1460 430 1531 μέγα
458 1461 553 1514 καὶ
582 1458 751 1529 τιμῆς
778 1458 949 1521 ἄξιον.

1967 544 2125 599 bruta
2170 544 2470 599 animantia
2533 557 2754 615 superat
2789 565 2803 600 :
2838 548 2970 617 quin
3026 547 3095 602 ob
3143 550 3549 620 corruptionem

1968 636 2211 703 corporis
2246 645 2301 691 et
2330 637 2571 691 alimenti
2596 636 2699 693 sibi
2750 639 3103 694 necessarium
3139 657 3320 707 usum,
3347 644 3413 696 ab
3447 641 3553 697 illis

1968 728 2345 795 Superioribus
2378 737 2435 782 et
2479 727 2797 784 ctelestibus
2829 746 3040 785 summa
3080 732 3292 787 ratione
3313 735 3552 802 prmditis

1970 820 2295 875 substantiis
2337 819 2495 891 longe
2520 830 2828 891 superatur.
2851 821 3215 887 Quamobrem
3252 824 3396 876 illum
3429 841 3553 893 pec-

1972 927 2120 975 care,
2156 927 2262 966 non
2293 921 2376 966 est
2424 920 2712 981 tantopere
2752 913 3082 978 mirandum,
3116 924 3169 968 et
3198 916 3264 969 ab
3309 915 3423 981 ejus
3457 931 3553 968 na-

1973 1016 2091 1057 tura
2122 1001 2380 1057 alienum.
2437 1000 2493 1057 Si
2531 1003 2675 1059 enim
2721 1017 2968 1058 seorsum
3002 1019 3030 1056 a
3068 1019 3299 1074 corpore
3350 1006 3552 1074 degens

1972 1096 2172 1159 anima,
2207 1094 2273 1149 ad
2305 1094 2601 1164 appetitum
2630 1106 2723 1149 aut
2749 1095 2815 1149 ad
2861 1096 2995 1151 iram
3049 1100 3317 1164 rapiatur,
3350 1100 3553 1153 mirari-

1971 1186 2096 1239 dum
2132 1184 2390 1254 quiddam
2415 1186 2674 1240 acciderit
2711 1204 2725 1240 :
2754 1187 2797 1240 si
2846 1202 2969 1240 cum
3020 1203 3249 1257 corpore
3279 1189 3462 1257 aliquo
3483 1189 3555 1243 sit

1970 1278 2260 1347 conjuncta
2292 1290 2356 1331 ac
2377 1277 2715 1344 consociata,
2746 1294 2878 1334 sane
2904 1295 3091 1333 eorum
3129 1296 3248 1348 qure
3296 1279 3348 1334 in
3384 1281 3546 1335 terris

1974 1378 2263 1424 versantur
2292 1380 2344 1422 et
2374 1368 2647 1423 alimentis
2684 1380 3099 1434 cunsuvantnr,
3129 1386 3418 1438 corporum
3452 1386 3551 1424 cu-

1976 1473 2093 1512 ram
2125 1466 2281 1527 gerat
2334 1472 2557 1513 necesse
2599 1466 2702 1511 est.
2739 1457 2902 1527 Ergo,
2948 1460 3012 1513 de
3059 1459 3331 1514 Creatoris
3383 1460 3552 1531 ipsius

269 1551 504 1623 judicio,
535 1552 888 1621 concupiscat
919 1562 1065 1610 recte
1100 1566 1156 1611 et
1185 1557 1484 1612 moderate.
1522 1555 1673 1612 Unde
1718 1553 1862 1610 enim
1904 1553 2084 1609 infans
2145 1567 2337 1609 recens
2392 1562 2551 1607 natus
2585 1554 2664 1607 lac
2694 1552 2935 1622 appetit?
2962 1552 3114 1609 Unde
3142 1555 3207 1608 iis
3232 1555 3323 1625 qui
3354 1566 3553 1609 vexant

275 1655 375 1719 aut
418 1642 727 1698 molestiam
757 1638 987 1710 faciunt,
1044 1645 1337 1702 irascitur?
1374 1644 1577 1716 Nempe
1599 1645 1723 1715 quia
1796 1646 1898 1700 hoc
1972 1645 2182 1709 datum,
2241 1643 2370 1700 illud
2414 1651 2705 1711 remotum,
2755 1645 2914 1699 saluti
2964 1646 3035 1700 sit
3075 1656 3129 1701 et
3167 1647 3432 1702 videatur.
3477 1647 3547 1700 Ex

273 1759 388 1815 quo
411 1748 662 1817 sequitur
692 1763 811 1805 eam
848 1747 972 1803 vitae
1025 1747 1167 1801 viam
1203 1759 1266 1801 ac
1348 1732 1621 1799 rationem'
1663 1757 1783 1813 qum
1844 1741 2142 1797 secundum
2176 1749 2424 1797 naturam
2467 1749 2572 1809 est,
2604 1751 2658 1796 et
2717 1743 2914 1797 bonam
2961 1751 3017 1796 et
3050 1741 3343 1796 salutarem
3386 1758 3545 1798 esse:

272 1851 359 1893 ac
378 1853 568 1894 rursus
594 1853 717 1894 eam
747 1854 868 1909 quae
891 1846 972 1894 est
1001 1846 1211 1893 natura:
1229 1835 1529 1899 contraria,
1556 1843 1612 1888 et
1642 1844 1854 1903 turpem
1894 1840 1950 1887 et
2011 1832 2341 1902 puniendam
2380 1850 2395 1887 :
2427 1832 2572 1887 illam
2614 1834 2810 1890 deinde
2889 1850 3010 1904 qua:
3046 1846 3297 1891 naturam
3330 1846 3554 1906 superat

271 1933 476 2000 ipsam,
525 1946 648 1989 esse
704 1933 975 1988 excelsam
1020 1941 1075 1988 et
1125 1930 1423 1986 honoribus
1482 1929 1713 1985 summis
1757 1925 2118 1982 adiciendam.
3310 1942 3319 1947 λ

226 2034 249 2057 ν
351 2024 414 2078 Εἰ
464 2025 523 2078 δὲ
566 2025 637 2079 τὰ
665 2024 891 2096 ἔσχατα.
928 2026 1011 2079 ὅτι
1048 2024 1123 2097 μὴ
1149 2024 1220 2078 τὰ
1252 2024 1447 2096 πρῶτα
1483 2022 1615 2094 (69),
1642 2022 1860 2093 διαγρά-

2041 2019 2159 2075 Jam
2191 2021 2234 2077 si
2269 2036 2390 2092 qua:
2438 2030 2566 2077 sunt
2607 2021 2819 2088 ultima,
2849 2029 3132 2093 propterea
3181 2024 3324 2092 quod
3378 2023 3549 2091 prima

270 2120 476 2187 ψομεν,
507 2118 608 2172 οὐκ
640 2118 711 2173 ἂν
751 2117 1050 2188 φθάνοιμεν
1096 2119 1280 2173 πᾶσαν
1324 2116 1478 2183 τάξιν
1517 2116 1862 2183 διαλύοντες;

269 2209 416 2281 Φέρε
447 2210 579 2281 γάρ,
612 2211 662 2265 si
689 2211 784 2266 τὸν
813 2212 962 2266 λίθον
983 2212 1235 2266 ἐκϐαλεῖν
1269 2211 1380 2283 (70)
1417 2211 1674 2283 ἐθέλομεν
1725 2211 1860 2283 (71),

268 2301 360 2355 ἃτι
393 2300 470 2372 μὴ
496 2303 744 2374 καρποὺς
767 2298 858 2358 οἷα
889 2303 1003 2375 (72)
1037 2305 1182 2374 φυτά
1228 2304 1414 2359 δίδωσι
1448 2320 1462 2335 ³
1502 2304 1571 2359 τὰ
1618 2304 1676 2358 δὲ
1719 2303 1865 2374 φυτά

268 2392 605 2461 διαϐάλλειν,
632 2395 712 2448 ὅτι
740 2393 815 2467 μὴ
853 2395 952 2467 τὴν
984 2395 1090 2466 γῆν
1120 2390 1208 2449 οἷα
1239 2393 1366 2465 βοῦς
1397 2395 1690 2467 ἐργάζεται
1722 2411 1737 2426 ·
1770 2392 1865 2449 τὸν

268 2482 327 2535 δὲ
361 2480 492 2551 βοῦν
538 2485 808 2549 κακίζειν,
847 2486 911 2538 οὐ
940 2485 1052 2557 γάρ
1079 2485 1159 2557 τῷ
1188 2485 1422 2557 γεωργῷ
1460 2484 1865 2556 παραπλησίως

272 2572 526 2653 βούλεται
586 2573 730 2647 (75)’
770 2578 798 2629 6
848 2576 908 2630 δὲ
934 2576 1183 2647 γεωργὸς
1229 2576 1392 2639 αὐτὸς
1448 2576 1861 2642 ἀπελαυνέσθω,

269 2667 355 2719 ὅτι
394 2666 471 2738 μὴ
508 2669 635 2731 ταῖς
684 2668 797 2722 ἄνω
842 2669 1138 2740 δυνάμεσιν
1170 2669 1231 2735 se
1266 2670 1383 2724 ἴσου
1413 2673 1621 2742 τροφῆς
1657 2670 1864 2741 ἠμέλη-

271 2773 369 2812 σεν
410 2756 526 2829 (74)
551 2775 567 2790 ο
602 2754 706 2812 εἶθ’
735 2760 829 2813 ὑπ’
857 2761 1055 2829 ἀλόγου
1101 2760 1296 2831 σοφίας
1338 2762 1501 2832 μέχρι
1543 2762 1652 2815 τῶν
1703 2761 1864 2816 θείων

230 2920 241 2926 _
268 2849 558 2905 ἀναϐαίνοι
604 2850 717 2920 (75)
749 2868 855 2915 τις,
890 2851 967 2916 ὡς
1018 2852 1127 2906 οὐδ’
1178 2854 1236 2907 αί
1290 2854 1405 2907 ἄνω
1451 2852 1715 2923 δυνάμεις
1763 2852 1862 2922 δη·-

273 2944 568 3013 μιουργετν
628 2942 775 3013 (76)ξ,
828 2943 965 2997 ἀλλὰ
1043 2942 1123 3013 τῷ
1195 2942 1527 3015 Δημιουργῷ
1593 2944 1864 2998 διακονεῖν

267 3035 615 3106 ἐτάχθησαν
666 3037 716 3089 εί
767 3036 940 3090 ταῦτα
998 3039 1267 3108 ποιοῖμεν,
1294 3036 1346 3090 τί
1383 3036 1492 3089 τῶν
1517 3036 1689 3091 ὄντων
1722 3036 1862 3091 κατὰ

268 3127 463 3199 χώραν
515 3128 740 3183 ἑστᾶναι
796 3128 1234 3201 καταλείψομενς
1303 3129 1443 3182 Ἀλλ’
1477 3130 1713 3201 εὐμενὴς
1766 3130 1864 3201 μὲν

266 3223 366 3275 καὶ
396 3224 426 3276 6
458 3223 803 3294 Δημιουργὸς
836 3224 943 3293 εἴη,
982 3223 1164 3278 πάντα
1195 3222 1251 3276 δὲ
1280 3224 1420 3277 κατὰ
1440 3223 1597 3288 τάξιν
1630 3223 1860 3294 μενέτω.

266 3313 518 3385 Σμικρδν
561 3313 675 3383 (77)
724 3312 834 3384 γάρ
875 3313 988 3367 τῶν
1030 3314 1333 3383 γινομένων
1370 3313 1483 3386 (78)
1514 3314 1702 3367 οὐδέν’
1727 3298 1864 3368 άλλά

1972 2131 2077 2171 non
2113 2115 2244 2179 sint,
2277 2114 2442 2169 libeat
2479 2129 2738 2171 accusare
2780 2131 2794 2168 :
2826 2130 2895 2169 an
2922 2130 3026 2170 non
3058 2116 3248 2193 eodem
3285 2116 3400 2186 ipso
3431 2132 3551 2169 mo-

1971 2209 2039 2264 do
2066 2223 2283 2263 omnem
2313 2207 2556 2263 omnium
2616 2223 2797 2263 rerum
2852 2208 3102 2263 ordinem
3148 2208 3555 2266 dissitlvemtts?

1968 2299 2118 2355 Cedo
2142 2299 2314 2366 enim,
2355 2300 2402 2355 si
2451 2298 2681 2369 lapidem
2726 2298 2977 2384 abjicias,
3008 2315 3075 2355 eo
3105 2304 3249 2375 quod
3292 2317 3396 2354 non
3430 2318 3552 2369 per-

1970 2392 2097 2447 inde
2121 2395 2178 2446 u’t
2206 2401 2372 2458 terra,
2403 2391 2616 2462 plantas
2644 2391 2847 2447 aliosve
2894 2388 3101 2448 fruetus
3133 2394 3257 2446 edat
3288 2408 3303 2446 :
3332 2394 3375 2447 si
3403 2394 3554 2460 plan-

1972 2486 2369 2556 tasvituperes,
2399 2486 2524 2557 quia
2575 2494 2778 2540 terram
2808 2485 2938 2555 ipsa:
2974 2502 3079 2540 non
3135 2497 3311 2552 arent,
3371 2498 3427 2539 ut
3453 2486 3552 2541 bo-

1971 2592 2066 2633 ves
2106 2596 2120 2632 :
2159 2579 2204 2633 si
2261 2580 2451 2633 bovem
2496 2585 2722 2645 plcetas,
2770 2577 2913 2647 quod
2979 2592 3087 2631 non
3131 2578 3322 2632 iisdem
3355 2576 3554 2646 quibus

1972 2680 2157 2727 arator
2187 2671 2349 2725 rebus
2380 2668 2645 2724 adiciatur
2677 2688 2690 2725 :
2724 2669 2767 2723 si
2795 2669 3029 2739 denique
3065 2670 3181 2739 ipse
3214 2670 3380 2724 etiam
3419 2670 3555 2740 agri-

1971 2762 2089 2817 cola
2125 2761 2398 2831 abigatur,
2447 2762 2589 2829 quod
2634 2776 2737 2814 non
2796 2759 3020 2829 perinde
3076 2770 3241 2830 atque
3300 2761 3555 2816 coelestes

1971 2851 2075 2905 illa:
2097 2861 2152 2906 et
2172 2866 2381 2920 supera:
2415 2848 2701 2906 facultates
2726 2852 2839 2904 sive
2869 2851 3146 2919 potentiaa,
3180 2852 3426 2905 alimenti
3464 2867 3553 2906 cn-

1971 2957 2089 2997 ram
2121 2956 2336 2996 omnem
2361 2941 2577 3009 abjiciat
2602 2960 2615 2996 :
2643 2959 2708 2996 an
2744 2960 2848 2996 non
2886 2943 2985 2998 hac
3028 2944 3263 2998 absurda
3289 2945 3552 3011 sapientia

1970 3035 2037 3089 ad
2078 3035 2289 3089 divinas
2330 3050 2501 3103 usque
2535 3050 2622 3090 res
2646 3036 2842 3101 evecti,
2875 3036 3091 3104 superis
3120 3052 3333 3104 quinque
3375 3035 3545 3090 facul-

1973 3126 2174 3183 tatibus
2205 3125 2378 3181 ollicia
2407 3141 2502 3181 sua
2535 3125 3025 3196 auteremns;quae
3053 3137 3233 3181 tamen
3260 3127 3312 3179 in
3345 3126 3468 3191 hoc,
3497 3135 3553 3177 ιιι

1972 3236 2229 3290 supremo
2264 3208 2445 3274 rerum
2468 3218 2667 3290 Opifici
2704 3220 2968 3282 serviant,
3011 3228 3136 3273 sunt
3176 3228 3472 3287 procreatae
3499 3223 3555 3270 et

1973 3311 2489 3377 constitutm?Quod
2514 3311 2558 3365 si
2591 3312 2681 3364 liat
2705 3328 2719 3364 :
2742 3309 2892 3377 quid,
2925 3323 3129 3378 quaeso,
3163 3308 3407 3362 omnium
3432 3322 3554 3375 quae

265 3406 454 3459 πάντα
502 3406 644 3459 καλὰ
687 3405 779 3459 καὶ
824 3406 1039 3476 μεγάλα
1071 3406 1182 3477 (79)
1212 3407 1303 3459 καὶ
1334 3405 1666 3478 τεταγμένα.
1697 3407 1807 3460 Καὶ
1833 3410 1860 3462 6

1969 3414 2093 3460 sunt
2145 3419 2322 3459 rerum
2355 3419 2453 3458 suo
2489 3403 2607 3457 loco
2644 3402 3053 3473 relinquemus?
3079 3400 3439 3455 Statuendum
3471 3407 3557 3454 est

256 3492 421 3557 λίθος
456 3493 646 3557 καλὸς,
670 3495 719 3547 εί
751 3493 864 3566 (80)
897 3494 1043 3559 λίθος
1068 3513 1082 3527 ·
1137 3496 1233 3548 καὶ
1261 3496 1322 3549 τὸ
1367 3496 1607 3569 δένδρον,
1650 3499 1699 3551 εί
1742 3498 1863 3552 δέν-

261 3584 420 3655 δρον.
447 3586 560 3639 Καὶ
598 3586 627 3639 6
672 3584 810 3639 λέων
845 3585 1028 3653 καλὸς,
1061 3585 1164 3643 κᾶν
1196 3587 1355 3658 ἐπείη
1394 3589 1537 3642 κατὰ
1574 3588 1730 3658 λόγον
1762 3590 1863 3660 τῆς

342 3737 613 3810 (64)Ὀᾼῠκ
638 3737 753 3806 ἄρα
779 3738 1147 3810 παράδοξον.
1189 3738 1325 3810 Cum
1367 3750 1552 3809 peccat
1599 3740 1853 3794 nimirum

266 3811 440 3863 lzomo
471 3808 564 3862 tali
596 3823 824 3881 corpore
853 3808 1089 3881 vinctus.
1121 3810 1271 3866 Scite
1296 3808 1641 3881 Pythagorici
1677 3810 1854 3881 homi-

263 3893 403 3931 num
431 3880 770 3952 peccantium
794 3879 1041 3952 misereri
1068 3889 1314 3934 statuunt
1331 3878 1495 3933 deum
1519 3879 1653 3952 [into
1684 3878 1854 3952 deos],

261 3959 633 4012 cognatorum
684 3950 956 4018 videlicet,
1005 3964 1250 4018 quosque
1276 3952 1468 4004 norint
1501 3950 1609 4003 tam
1650 3950 1853 4005 misero

259 4018 522 4092 alligatos
542 4032 668 4073 esse
696 4013 963 4092 vinculo";
986 4013 1259 4092 Κήδονται
1289 4021 1399 4092 γὰρ
1418 4019 1584 4092 ,ἡμῶν
1617 4019 1701 4092 ὡςΔ
1727 4036 1858 4088 συγ-

260 4088 473 4160 γενῶν,
505 4089 850 4160 ἐκπεσόντων
868 4108 882 4122 ’
913 4090 1035 4144 ὅθεν
1062 4088 1226 4160 αἰδὼς
1253 4091 1347 4143 καὶ
1368 4088 1594 4160 νέμεσις
1619 4089 1715 4142 κα)⁵
1739 4092 1859 4143 αἰσ-

263 4158 410 4234 χύνη
452 4159 862 4234 άποτρέπορσαι
903 4160 1026 4234 τῶν-
1062 4158 1625 4234 ζακῶνηάνθρῷπους
1666 4161 1859 4228 μόνους

262 4228 703 4301 επιστρέφεσθαι
731 4229 982 4301 λέγονται
1004 4230 1181 4301 ὀρθῶς
1212 4248 1235 4301 ε,
1260 4228 1531 4285 Hierocles
1558 4232 1610 4282 in
1644 4245 1857 4283 versum

263 4300 340 4355 20
368 4299 707 4369 Aureorum,
731 4314 783 4365 p.
816 4300 936 4356 150.
969 4299 1070 4368 Qui
1096 4300 1308 4355 libellus
1337 4317 1544 4356 summa
1581 4301 1861 4369 sapientia:

265 4370 531 4424 humanae
553 4381 657 4424 est.
684 4368 784 4424 ΒΑ.

364 4438 460 4511 65)
483 4438 594 4493 CC.
621 4439 679 4511 Ρ.
715 4439 825 4493 τῶν
853 4440 1175 4511 γενομένων.

365 4508 461 4583 66)
494 4510 757 4583 φησινμό
808 4508 1199 4581 Δημιουργός.
1247 4510 1438 4583 Legem
1469 4511 1526 4583 in
1577 4511 1857 4566 voluntate

266 4591 367 4652 aut
398 4581 650 4651 iussione
672 4581 955 4635 Creatoris
989 4593 1252 4652 perpetuo
1283 4581 1432 4652 ponit
1469 4581 1555 4636 hic
1594 4583 1849 4652 scriptor.

269 4648 503 4721 Summa
536 4659 716 4704 autem
751 4648 1031 4715 virtutum,
1071 4648 1339 4705 moderari
1363 4650 1587 4705 allectus
1614 4667 1629 4716 ;
1658 4648 1856 4721 quibus

268 4719 578 4791 subiugatis
600 4721 842 4791 nascitur
864 4722 1244 4790 temperantia,
1267 4722 1478 4776 doctrix
1509 4719 1856 4791 imperatrixf

267 4805 379 4859 que
398 4789 667 4845 omnium.
702 4790 894 4845 Sermo
914 4789 1094 4845 autem
1134 4802 1219 4845 est
1249 4792 1335 4845 hic
1365 4791 1430 4845 de
1455 4791 1749 4859 cupiditate
1789 4789 1858 4844 ad

265 4861 654 4915 sustinendam
690 4862 856 4915 vitam
883 4863 1044 4915 rebus
1077 4862 1438 4929 praesentibus
1469 4861 1680 4921 utendi,
1716 4876 1861 4927 quae,

268 4932 642 5052 sisecﬂndum
675 4932 921 4986 ordinem
950 4931 1262 5001 stringitur,
1292 4933 1634 5001 obtemperat
1663 4931 1861 4985 divini-

268 5013 394 5052 tan.
476 5017 533 5052 Α.

268 5013 394 5056 tatl.
430 5013 533 5054 UA.

362 5071 460 5143 67)
485 5069 590 5143 CC.
622 5070 682 5143 Ρ.
710 5071 1022 5143 γενόμενον,
1055 5072 1281 5129 Rectum
1318 5069 1477 5132 forte.
1502 5069 1860 5140 γεννώμενον.

363 5140 461 5212 68)
491 5140 854 5212 ᾁμυνόμενον,
888 5142 1003 5212 fere
1030 5158 1219 5198 omnes
1250 5151 1448 5212 praeter
1474 5144 1731 5199 Duceum.

400 5210 460 5280 9)
494 5210 842 5280 Ἕσχὰτα...
875 5211 1099 5280 πρῶτα.
1138 5210 1339 5267 Rerum
1373 5225 1678 5265 creatarum
1716 5211 1852 5266 ordo

264 5291 355 5335 est
387 5299 404 5336 :
439 5280 564 5333 alia:
588 5292 714 5335 sunt
736 5292 968 5348 tantum,
1002 5294 1060 5336 ut
1086 5297 1249 5338 saxa:
1282 5282 1402 5335 aliae
1426 5288 1551 5336 sunt
1572 5292 1625 5336 et
1650 5284 1857 5348 vivunt,

267 5363 326 5404 ut
359 5351 603 5420 plantas;
639 5353 833 5406 tertius
855 5368 1054 5407 census
1079 5361 1184 5416 est,
1212 5353 1342 5405 vivit
1383 5360 1545 5420 atque
1570 5351 1756 5416 sentit,
1792 5362 1850 5406 nt

263 5422 574 5476 animantia
602 5424 760 5475 bruta
788 5439 804 5488 ;
833 5434 1031 5492 quarto
1058 5422 1193 5489 loco,
1233 5422 1393 5476 homo
1420 5422 1569 5475 addit
1606 5422 1689 5475 bis
1732 5435 1853 5492 om,-

261 5492 438 5547 nibus
473 5491 784 5556 rationem;
817 5491 1042 5562 perfecti
1071 5494 1189 5562 loco
1223 5494 1415 5562 quinto
1441 5501 1718 5562 ponuntur
1744 5491 1855 5561 spi-

262 5566 413 5615 ritus
435 5575 733 5629 corporum
761 5560 1029 5618 exsortes.
1064 5561 1200 5618 Vide
1220 5560 1489 5631 l’lminum
1517 5564 1658 5631 apud
1679 5560 1857 5615 Theo-

262 5634 526 5686 itoretum
563 5642 618 5684 et
667 5632 841 5701 ipsum
882 5632 1284 5688 Theodoretum
1320 5630 1565 5701 Tlierap.
1606 5646 1855 5687 sermone

268 5712 451 5764 sexto,
486 5701 578 5765 96,
610 5702 701 5764 97,
757 5718 809 5772 p.
848 5703 973 5766 574,
998 5716 1107 5757 ett'.
1152 5704 1225 5757 De
1257 5703 1475 5756 homine
1528 5711 1709 5772 autem
1748 5702 1853 5758 ista

263 5772 594 5836 excusatio,
651 5771 825 5844 magis
881 5775 1248 5844 philosophica
1289 5782 1373 5828 est
1422 5788 1586 5843 quam
1643 5771 1854 5827 sincere

1969 3506 2171 3559 autem,
2204 3504 2259 3550 et
2288 3496 2575 3567 benignum
2610 3510 2731 3549 esse
2760 3510 2940 3549 rerum
2972 3493 3260 3562 Opiiit‘elll,
3289 3503 3347 3548 et
3389 3507 3546 3546 suu:n

1971 3604 2199 3658 qumque
2248 3587 2425 3642 locum
2488 3588 2754 3644 obtinere.
2790 3584 2989 3641 Eorum
3036 3572 3183 3642 enim
3248 3598 3369 3653 quae
3410 3582 3552 3638 facta

1962 3740 2296 3796 Christiana.
2340 3739 2595 3808 Cogitare
2644 3739 2788 3794 enim
2837 3738 3071 3793 debebat
3118 3736 3318 3792 Encas
3367 3746 3553 3808 noster
3662 3760 3667 3763 η

1965 3820 2165 3890 statum
2196 3807 2640 3890 primiparentis,
2674 3825 2702 3863 a
2733 3824 2842 3889 quo
2868 3808 3152 3890 prolapsus
3177 3807 3549 3890 posteri-tatem

1966 3878 2298 3951 degenerare
2335 3879 2582 3951 claritate
2614 3878 2912 3951 creationis
2941 3880 3162 3951 adegit;
3195 3878 3338 3951 quod
3371 3885 3545 3951 totum

1967 3947 2239 4019 negotium
2275 3949 2362 4003 hic
2383 3950 2504 4003 ideo
2532 3965 2635 4003 non
2666 3949 2985 4010 attenditur,
3012 3949 3135 4019 quia
3168 3962 3290 4019 cum
3324 3947 3546 4019 hpmine

1968 4016 2119 4102 mere
2180 4018 2501 4090 philosopho
2542 4019 2864 4088 disceptatio
2914 4027 3018 4073 cst.
3062 4017 3160 4073 Bs.
3203 4016 3311 4071 CC.
3352 4016 3413 4073 P.
3471 4016 3548 4087 μὴ

1968 4107 2182 4144 ποωτα.

2013 4108 2559 4231 ρᾶθῗ”Εκ6ἁλ.1ειν.
2591 4157 2747 4213 Omni
2797 4173 2895 4211 usu
2949 4158 3292 4231 submovere,
3348 4154 3547 4231 frustra

1967 4228 2170 4285 factum
2199 4231 2399 4283 dicere.
2438 4230 2531 4284 Est
2568 4232 2709 4283 cnim
2767 4245 2944 4282 rerum
2975 4230 3223 4282 onttiiuin'
3244 4228 3542 4287 connexio,

1968 4311 2021 4356 et
2046 4300 2223 4353 omnia
2254 4301 2506 4353 universo
2532 4302 2775 4353 serviunt
2802 4299 2867 4352 ad
2898 4312 3169 4354 momenta
3208 4314 3329 4352 sua.
3369 4297 3465 4349 Ba.

2041 4370 2153 4438 (7|)
2180 4369 2285 4424 CC.
2320 4368 2377 4422 P.
2402 4369 2588 4423 ἑκϐαλ.
2617 4371 2917 4438 ἐθέλοιμεν.

2040 4439 2151 4509 (72)
2183 4438 2287 4496 CC.
2319 4439 2377 4492 P:
2402 4441 2471 4493 τὰ
2501 4440 2664 4509 φυτά.
2958 4476 2963 4481 -

2038 4510 2149 4579 (7'5)
2177 4509 2241 4579 C,
2268 4510 2339 4579 Α.
2371 4512 2591 4577 corrigit
2625 4509 2958 4578 βουλεύεται.

2036 4578 2149 4649 (74)
2178 4579 2283 4635 CC.
2320 4578 2380 4633 P.
2410 4581 2711 4636 ἀναϐαίνει.

2035 4650 2145 4719 (75)
2189 4649 2248 4705 c.
2285 4652 2348 4704 A.
2385 4649 2525 4706 οὐδέ.

2035 4721 2146 4792 (76)
2186 4720 2375 4774 Nonne
2413 4720 2650 4776 inveniet
2674 4725 2836 4779 etiam
2872 4723 2924 4775 in
2951 4721 3201 4789 supernis
3242 4719 3354 4792 illis
3399 4726 3550 4792 pote-

1972 4786 2207 4848 statibus
2236 4792 2381 4860 quml
2418 4794 2780 4857 reprehendat
2806 4810 2822 4857 ;
2851 4786 3096 4848 videlicet
3118 4791 3262 4859 quod
3296 4786 3409 4860 nm
3433 4786 3550 4841 etil-

1965 4864 2111 4918 ciaut
2137 4878 2213 4915 ea:
2246 4859 2342 4930 per,
2384 4877 2442 4913 se
2472 4862 2782 4930 quicquam,
2820 4865 2915 4916 sed
2950 4872 3212 4929 pareant,
3252 4859 3450 4913 saltem
3484 4867 3543 4911 ut

1968 4932 2222 4991 ministri,
2252 4929 2425 4983 ordini
2455 4946 2483 4982 a
2512 4929 2775 4986 Creatore
2807 4931 3042 4986 statuto?
3070 4933 3167 4984 Ba.

2042 5003 2154 5072 (77)
2190 4998 2466 5069 Σμικρόν.
2505 5001 2694 5072 Ollieio
2729 5018 2828 5072 suo
2861 4997 3540 5072 indigrmmAaut_inferius.

1972 5066 2269 5142 Hesychius
2303 5088 2315 5123 :
2352 5071 2617 5142 σμικρόνθ
2660 5071 2876 5142 μικρὸν,
2907 5070 2940 5139 ἢ
2972 5066 3067 5142 *ξορ
3105 5066 3293 5121 ὀϐολοῦ
3327 5067 3544 5142 τίμιον·

1970 5134 2136 5214 ἐλάτῃ
2180 5134 2610 5214 ὅμοιον-[ηιμίίιιιδ
2641 5134 2955 5214 (1119’νει“1111
3002 5139 3176 5192 aliena
3209 5134 3359 5214 sunt]
3384 5134 3544 5214 gExi-

1965 5205 2342 5281 guntn'vocant
2371 5205 2568 5281 Latini,
2592 5210 2732 5277 quod
2758 5225 2917 5281 quam
2937 5224 3237 5281 congruere
3261 5205 3546 5281 videbatur

1965 5228 2127 5281 gillllll
2149 5225 2342 5266 vocant
2372 5225 2568 5276 Lalllll,
2592 5225 2732 5277 quou
2796 5225 2917 5261 llillll
2937 5225 3237 5277 congruere
3261 5225 3538 5259 νιυθυιιιιιῐ

1962 5281 2180 5336 brevius
2212 5280 2574 5349 minutiusque
2598 5291 2735 5334 erat.
2758 5225 3013 5347 ‘iueptum
3040 5279 3128 5332 Itie
3153 5276 3405 5330 verteris.
3441 5274 3538 5328 ΒΑ.

2031 5350 2144 5422 (78)
2185 5348 2292 5405 CC.
2320 5348 2389 5422 _P.
2424 5348 2754 5422 γενομένων.

2027 5417 2139 5493 (79)
2174 5417 2344 5475 Καλὰ
2387 5417 2487 5474 καὶ
2511 5417 2768 5493 μεγάλα.
2808 5417 2963 5486 Saepe
3001 5430 3191 5493 contra
3232 5428 3543 5493 ntagnares

1954 5483 2418 5563 utraquedinglm
2464 5483 2700 5563 ineptam
2739 5483 3091 5563 denotat._At
3134 5490 3231 5563 l_tie_
3270 5496 3329 5538 ιη
3357 5485 3414 5563 in
3445 5483 3540 5537 illo

1954 5551 2170 5616 llumeri
2204 5561 2262 5615 ll.
2297 5551 2346 5613 (Ῑί
2372 5558 2522 5634 [108]
2557 5551 2570 5616 Ξ
2603 5564 2715 5634 Οξιχ
2749 5560 2918 5632 ὁράᾳς
2954 5556 3066 5622 oz'o;
3098 5555 3254 5625 κάγὼ
3282 5551 3448 5616 καλός
3477 5569 3538 5607 τε

1956 5633 2131 5685 μέγας
2157 5649 2235 5684 τε.
2271 5630 2367 5685 ΒΑ.
2802 5638 2827 5653 ‘

2066 5649 2131 5687 ας
2157 5649 2235 5684 τε.
2271 5638 2367 5687 ΒΑ.
2802 5638 2827 5653 ‘

1955 5649 2131 5701 μεγας
2157 5649 2235 5684 τε.
2271 5649 2367 5687 mi.
2813 5649 2827 5653 η

1962 5774 1971 5777 _
2026 5704 2138 5777 (80)
2167 5702 2271 5758 GU.
2307 5701 2364 5756 Ρ.
2467 5703 2620 5757 λιο...
2722 5702 2932 5759 δένδρη
2956 5700 3119 5756 ἐπίοι.
3152 5698 3375 5753 Rectius
3401 5693 3544 5751 forte

1957 5774 2105 5843 ἐπίῃ.
