4048 6424
496 304 598 365 915

1870 304 2110 367 ENE/E
2147 305 2388 367 GAZASI

3662 296 3771 362 916

499 426 649 482 sum,
686 416 890 472 humile
923 424 976 471 et
1011 416 1281 488 alijcctum
1347 427 1430 476 est
1473 419 1607 475 nihil
1660 433 1675 473 :
1715 428 1844 474 sunt
1897 425 2078 473 autent

2213 418 2379 487 ιλόγου
2413 417 2588 487 ζωῆς·
2622 420 2688 472 ού
2729 415 2836 486 γὰρ
2872 411 2940 487 ἦν
2985 415 3043 468 ἐν
3086 412 3199 484 (81)
3230 374 3514 483 αὐτῷδτῆς
3544 409 3773 477 ἀλογίας

501 510 684 563 omnia
712 509 936 579 pulchra
962 517 1017 564 et
1050 524 1266 581 magna,
1301 518 1357 565 et
1395 510 1663 566 concinne
1688 509 1880 566 ordine
1908 508 2079 564 collo-

501 607 644 655 cata.
670 599 881 655 Etenim
917 599 1074 672 lapis,
1106 602 1149 657 si
1190 602 1409 671 quidem
1439 602 1512 659 sit
1544 616 1607 658 ac
1651 611 1868 657 maneat
1906 601 2040 671 lapis
2068 619 2081 655 :

2187 513 2436 583 κρεῖττον
2473 509 2651 574 οὐδὲν,
2694 510 2885 579 διόπερ
2922 507 3235 572 ἀνεύθυνος,
3265 507 3295 561 δ
3337 522 3391 559 τι
3432 503 3502 558 ἂν
3524 501 3774 573 παράλο-

2182 622 2281 677 γον
2306 604 2418 675 (82)
2451 608 2601 677 ποιῇ.
2641 602 3114 674 Ἐσπουδασμένον
3142 600 3202 655 δι
3237 619 3288 655 τι
3314 598 3512 670 χρῆμα
3553 597 3648 671 καὶ
3677 595 3773 665 χά-

505 702 617 745 tum
650 694 836 758 arbor,
869 693 915 748 si
948 694 1110 749 arbor
1142 712 1157 748 :
1194 705 1250 750 et
1283 694 1389 761 leo,
1414 694 1458 750 si
1500 695 1584 751 leo
1619 695 1714 761 sit,
1762 695 1993 750 formam
2021 682 2091 750 ae’

2213 713 2310 749 nev
2348 694 2661 767 ἄνθρωπος,
2694 695 2825 750 ὅταν
2870 693 3165 764 ἅνθρωπος
3192 686 3250 765 ᾖ,
3298 690 3460 759 μέχρι
3501 687 3599 740 τοῦ
3626 687 3773 754 ,ἀγα-

504 782 804 838 bonitatem
843 800 997 840 suam
1036 785 1261 841 habent.
1305 786 1383 841 Ac
1414 785 1498 843 lco
1530 788 1773 858 quidem,
1806 789 1908 843 etsi
1963 787 2086 858 ejus

2213 788 2285 842 toﬁ
2319 789 2413 843 καὶ
2464 788 2566 859 τῆς
2605 787 2701 842 τοῦ
2757 785 2963 856 ἀγαθοῦ
3009 784 3204 853 σοφίας
3238 781 3569 836 ἀναδαίνων.
3615 777 3777 832 Ἀλλά

501 888 622 943 quae
658 876 811 930 bruta
840 877 910 931 sit
943 893 1007 933 ac
1057 880 1267 934 ratione
1300 889 1507 945 careat,
1544 880 1672 934 vita:
1708 882 1850 936 viam
1903 888 2084 935 secat:

2189 880 2287 934 καὶ
2338 880 2547 951 τροφῆς
2586 880 2821 949 totum,
2864 877 2962 934 καὶ
3005 875 3117 931 τῶν
3153 873 3471 929 λυπούντων
3514 870 3770 926 αἰσθάνε-

507 976 690 1022 tamen
721 969 847 1038 quia
877 971 1387 1040 praestantissimum
1438 970 1568 1027 illud
1623 972 1850 1027 rationis
1890 986 2086 1027 munus

2213 988 2279 1026 παι
2301 989 2315 1003 ·
2348 972 2636 1043 ἀμφότερα
2663 974 2773 1044 γὰρ
2807 972 2835 1024 ὁ
2867 970 3176 1042 ἄνθρωπος.

507 1073 613 1111 non
700 1057 883 1122 habet.
939 1059 1197 1128 neglectas
1265 1060 1494 1115 rationis
1550 1061 1780 1117 crimine
1829 1063 2064 1117 vacabit.
2090 1061 2161 1116 At
2197 1062 2381 1129 homo,
2421 1064 2678 1133 quoniam
2733 1071 2823 1119 est
2869 1060 3084 1121 dotibus
3139 1056 3375 1130 egregiis
3431 1056 3698 1111 refertum
3730 1061 3783 1107 et

508 1149 848 1205 elaboratum
889 1152 1159 1222 quoddam
1193 1168 1350 1223 opus,
1388 1162 1516 1208 tunc
1543 1167 1759 1224 quoque
1787 1154 2015 1209 bonitati
2068 1164 2123 1209 et
2199 1155 2589 1225 pulchritudini
2643 1170 2757 1229 sua:
2797 1153 3160 1224 responderit,
3212 1149 3541 1221 quandosit
3564 1161 3629 1201 ac
3672 1161 3785 1199 ma-

508 1254 634 1298 neat
677 1245 858 1299 homo.
916 1244 1079 1316 quue
1132 1256 1260 1302 tunc
1321 1249 1435 1307 fiet,
1495 1248 1711 1316 quando
1763 1251 1830 1303 ad
1892 1249 2091 1305 bonttm
2167 1251 2346 1318 ipsum
2400 1259 2456 1305 et
2487 1249 2554 1303 ad
2593 1248 2720 1305 boni
2766 1245 3133 1316 cognitionem
3187 1242 3393 1311 aspirat
3426 1240 3559 1295 :scd
3599 1249 3653 1293 et
3689 1238 3787 1291 ali-

516 1346 758 1391 mentum
791 1337 959 1411 640
984 1340 1210 1409 appetit,
1248 1347 1304 1395 et
1352 1340 1600 1395 tristibus
1629 1340 1794 1397 rebus
1827 1341 2119 1397 oﬂenditnr
2148 1360 2164 1398 :
2208 1352 2388 1398 utrum
2414 1343 2559 1399 enim
2594 1339 2874 1409 respicias,
2896 1336 3004 1393 erit
3030 1337 3217 1403 homo.

582 1431 733 1487 Mens
788 1434 926 1486 bona
986 1449 1108 1504 qum
1148 1449 1307 1489 secus
1350 1450 1413 1491 ac
1441 1436 1631 1490 suadet
1666 1436 1828 1501 ratio,
1859 1450 2092 1507 corpore

510 1525 699 1587 utitur,
750 1524 840 1579 ubi
879 1524 1047 1580 fuerit
1078 1541 1289 1581 summa
1352 1541 1532 1581 rerum
1586 1530 1777 1600 potita.
1836 1544 1934 1600 pro
1994 1545 2091 1585 sua

516 1622 783 1682 potestate
814 1630 1031 1669 sursum
1058 1631 1276 1670 vorsum
1310 1616 1562 1682 vertitur,
1594 1626 1651 1671 et
1677 1617 1907 1673 alterum
1933 1618 2092 1673 alteri

515 1704 755 1774 praefert.
799 1705 855 1760 Id
897 1708 1041 1761 enim
1097 1721 1159 1761 ea
1197 1721 1315 1776 qua:
1354 1705 1556 1760 homini
1613 1708 1776 1775 inest,
1817 1711 2098 1780 quodlibet

510 1798 743 1867 eligendi
780 1797 1009 1854 facultas
1057 1808 1275 1869 potest:
1312 1812 1373 1851 ea
1428 1797 1697 1866 videlicet,
1734 1816 1858 1871 qua:
1897 1813 1981 1858 est
2006 1817 2098 1856 or-

511 1889 694 1944 dinata
733 1892 957 1947 rationis
992 1891 1242 1956 facultas,
1295 1892 1562 1963 quasique
1618 1895 1970 1965 principium.
2002 1896 2097 1951 Est

514 1992 697 2036 autem
730 1984 1035 2038 inordinata
1080 1990 1247 2043 motio
1282 1988 1482 2056 omnis,
1520 2003 1641 2059 qua:
1684 2004 1789 2043 non
1825 1999 1907 2043 est
1937 1997 2097 2044 recta:

514 2075 712 2129 rationi
744 2088 1133 2145 consentanea,
1194 2082 1392 2137 mentis
1430 2081 1699 2137 industria
1736 2098 1750 2135 :
1783 2096 2094 2153 quanquam

514 2170 725 2225 inutilis
750 2173 822 2227 sit
851 2174 1122 2231 interdum
1151 2185 1206 2231 et
1238 2175 1413 2232 otiosa
1467 2175 1629 2237 ratio,
1684 2173 1766 2230 vel
1802 2174 1871 2230 ob
1911 2183 2096 2247 torpo-

512 2277 628 2318 rem
665 2273 721 2320 et
767 2265 1042 2333 inertiam,
1074 2267 1159 2322 vel
1209 2269 1280 2324 ob
1337 2267 1629 2322 ruditatem
1674 2275 1731 2322 et
1770 2268 2042 2323 inscitiam
2079 2283 2094 2323 :

512 2354 754 2424 itemque
777 2357 847 2410 oh
879 2371 1061 2411 rerum
1091 2356 1395 2411 futurarum
1418 2356 1890 2427 negligentiam,et
1912 2366 2100 2425 praete-

512 2447 743 2502 ritarum
785 2446 1135 2503 oblivionem.
1177 2448 1300 2503 Jam
1359 2449 1631 2519 cupiditas
1690 2458 1743 2503 et
1796 2448 1898 2512 ira,
1952 2448 2097 2519 haud

512 2552 675 2594 secus
724 2552 786 2593 ac
822 2553 920 2607 par
971 2553 1258 2609 equorum,
1299 2537 1486 2607 elapso
1536 2553 1567 2592 e
1602 2536 1850 2593 vehiculo
1880 2538 2094 2609 auriga,

512 2630 925 2700 perturbantur.
981 2630 1111 2696 Quae
1156 2645 1243 2685 res
1270 2629 1502 2685 crimine
1550 2630 1693 2684 haud
1740 2639 1919 2684 vacat.
1960 2628 2096 2684 Nam

513 2723 775 2792 magister
804 2722 1162 2776 certaminum
1205 2722 1478 2792 praedixit,
1529 2737 1651 2794 qua
1676 2721 1971 2793 qualiaque
2016 2720 2100 2778 fo-

510 2823 637 2869 rent
664 2814 990 2878 certamina,
1023 2823 1075 2869 et
1104 2816 1322 2883 quando
1353 2814 1691 2884 potissimum
1712 2822 1964 2885 oporteat
1993 2829 2093 2885 pu-

512 2906 674 2976 gilem
730 2908 813 2962 sui
865 2923 1050 2962 curam
1086 2906 1306 2972 habere,
1357 2908 1762 2977 proclamavit:
1806 2922 1927 2978 quae
1971 2923 2098 2965 cum

510 2997 653 3054 ratio
685 2998 1008 3069 neglexerit,
1044 3015 1147 3053 non
1179 3014 1368 3055 eorum
1403 3015 1525 3070 qua:
1556 3000 1708 3065 fecit,
1759 3000 1855 3057 sed
1908 3015 2098 3063 eorum

2266 1435 2411 1500 Νοῦς
2439 1434 2664 1505 ἀγαθὸς,
2696 1433 2909 1501 ἀλόγων
2936 1430 3154 1502 σώματι
3201 1426 3487 1499 χρώμενος
3512 1425 3651 1494 (85),
3693 1424 3789 1478 αύ-

2199 1528 2489 1601 τοκράτωρ
2515 1528 2574 1581 δὲ
2596 1526 2912 1596 γενόμενος,
2946 1524 3067 1579 κατ’
3095 1519 3352 1589 ἐξουσίαν
3372 1519 3487 1573 ἀνω
3513 1518 3610 1575 καὶ
3637 1516 3789 1570 κάτω

2205 1620 2536 1692 μεταχωρεῖ,
2568 1617 2755 1688 ἅτερον
2784 1613 3111 1687 αἱρούμενος
3143 1610 3414 1683 προτέρου
3452 1608 3591 1681 (8A).
3621 1607 3791 1661 Τοῦτο

2202 1711 2313 1780 γὰρ
2364 1711 2398 1778 ἡ
2458 1705 2751 1779 ἀνθρώπου
2792 1704 3114 1775 προαίρεσις
3141 1701 3402 1763 δύναται·
3459 1700 3553 1754 καὶ
3596 1713 3794 1766 πετο-γ-

2202 1803 2339 1873 μένη
2370 1794 2486 1871 ’μὲν
2531 1801 2565 1872 ἡ
2613 1797 2711 1852 τοῦ
2760 1797 2923 1866 λόγου
2956 1795 3187 1865 δύναμις
3218 1793 3313 1849 καὶ
3343 1792 3516 1864 ἀρχή·
3559 1789 3793 1853 ἄτακτος

2196 1895 2253 1949 δὲ
2286 1895 2427 1966 φορά
2453 1895 2488 1965 ἡ
2516 1892 2609 1947 τοῦ
2632 1891 2795 1960 λόγου
2826 1888 3055 1959 σπουδὴ,
3085 1889 3132 1940 εί
3160 1886 3238 1956 μὴ
3265 1884 3410 1955 λόγῳ
3441 1881 3787 1954 ῥυθμίζοιτο·

2199 1986 2304 2042 κᾶν
2323 1987 2352 2040 ὁ
2374 1985 2531 2054 λόγος
2560 1983 2728 2057 ἀργὸς
2762 1983 2874 2053 (85)
2903 1977 2939 2055 ᾖ
2973 1979 3063 2034 διὰ
3097 1977 3382 2050 ρᾳθυμίαν
3422 1977 3515 2031 καὶ
3543 1976 3725 2036 θκνον,
3761 1972 3797 2044 ἢ

2197 2081 2264 2135 δι’
2297 2077 2680 2143 ἀπαιδευσίαν,
2733 2075 2829 2129 καὶ
2856 2074 2955 2145 τὴν
2991 2071 3144 2128 idem
3176 2068 3393 2141 σχολὴν,
3426 2069 3524 2135 καὶ
3555 2068 3653 2139 τὴν
3686 2066 3798 2120 τῶν

2197 2173 2311 2228 ἄνω
2336 2170 2528 2244 λήθην.
2572 2166 2870 2236 Ἐπιθυμία
2903 2164 2999 2220 καὶ
3032 2163 3226 2236 θυμὸς,
3257 2157 3371 2217 οἷον
3393 2162 3577 2216 τππων
3601 2160 3798 2228 ζεῦγος

2200 2265 2526 2327 ἐκπεσόντος
2588 2260 2681 2314 τοῦ
2733 2258 2974 2333 ἡνιόχου,
3002 2256 3428 2329 συνταράττεται
3451 2270 3465 2283 ο
3512 2253 3631 2319 ἀλλ’
3699 2254 3798 2308 οὑν

2199 2356 2493 2413 ἀνεύθυνον
2537 2355 2599 2408 τὸ
2638 2354 2898 2425 πρᾶγμα.
2940 2351 3002 2404 ’0
3043 2350 3153 2419 γὰρ
3207 2348 3557 2417 ἀγωνοθέτης
3590 2350 3799 2417 προῦπ-

2201 2450 2375 2519 ιδειξε
2427 2449 2498 2502 τὰ
2543 2447 2841 2519 γυμνάσια,
2892 2447 2990 2500 καὶ
3039 2446 3168 2498 ὅταν
3214 2442 3328 2515 (86)
3381 2441 3463 2495 δεῖ
3495 2437 3807 2510 ἀγωνιστὴν

2202 2542 2433 2604 ἀσκεῖν,
2495 2536 2890 2611 προεκήρυξεν.
2930 2529 3033 2591 Ἦν
3078 2533 3363 2605 ἀμελήσας
3407 2534 3438 2586 ό
3486 2531 3664 2600 λόγος,
3728 2528 3801 2584 δί-

2204 2634 2337 2689 δωσι
2362 2632 2519 2695 δίκας
2558 2631 2656 2701 οὐχ
2688 2623 2765 2684 ὧν
2808 2628 3087 2701 ιποίησεν,
3113 2625 3226 2683 ἀλλ’
3256 2619 3333 2680 ὧν
3371 2623 3638 2696 περιεῖδεν
3664 2621 3801 2692 (87).

2212 2727 2273 2781 Ὀ
2320 2725 2432 2798 γὰρ
2469 2721 2564 2778 τοῦ
2592 2722 2788 2791 ἀλόγου
2827 2721 2928 2793 τὴν
2968 2717 3198 2787 ἀταξίαν
3252 2715 3458 2771 παῦσαι
3507 2714 3801 2784 δυνάμενος

2199 2817 2379 2887 λόγος,
2408 2813 2678 2889 περιορῶν
2709 2813 2786 2877 δὲ,
2820 2811 3186 2883 ἀληθέστερον
3214 2809 3348 2863 αὐτὸ
3375 2806 3795 2877 διαπράττεται.

2200 2911 2315 2965 Οὐκ
2372 2908 2480 2980 ἄρα
2531 2907 2631 2978 τὴν
2675 2905 2788 2977 (88)
2842 2906 2898 2959 ὲν
2939 2906 3071 2975 ἡμῖν
3103 2903 3257 2958 παιδὶ
3303 2902 3402 2972 τὴν
3462 2901 3641 2971 ἀρχὴν
3679 2901 3803 2952 ἑπι-

2200 3001 2495 3073 τρεπτέον·
2527 2997 2562 3068 ἢ
2603 2998 2679 3069 μὴ
2709 2995 3032 3067 θαυμάζειν,
3079 2996 3129 3049 εί
3183 2994 3364 3048 πάντα
3389 2992 3504 3047 ἀνω
3554 2990 3651 3046 καὶ
3690 2989 3805 3061 (89)

511 3104 632 3158 qua:
657 3090 896 3160 neglexit
923 3105 1111 3161 pinnas
1136 3091 1252 3146 luit.
1301 3091 1460 3146 Ratio
1511 3091 1657 3146 enim
1689 3106 1753 3148 ea
1792 3107 1912 3164 quae
1960 3093 2097 3151 stul-

2213 3095 2365 3150 κάτω
2395 3092 2595 3163 γένοιτ’
2624 3089 2690 3146 ἄν
2732 3092 2801 3143 τὰ
2845 3090 3111 3161 ἡμέτερα.
3163 3086 3382 3142 Πολλῶν
3432 3087 3541 3156 γὰρ
3586 3088 3617 3139 ὁ
3675 3087 3804 3147 παῖς

512 3183 645 3237 titia:
675 3183 939 3237 incuriam
996 3194 1163 3253 atque
1210 3183 1264 3237 in
1304 3185 1466 3241 rebus
1519 3184 1772 3254 gerendis
1824 3184 2097 3241 inscitiam

512 3285 769 3327 coercere
835 3282 1034 3340 potest,
1102 3274 1237 3329 adeo
1287 3274 1446 3329 facile
1476 3275 1605 3345 quid
1658 3274 1802 3332 facto
1835 3291 1973 3347 opus
2004 3277 2096 3341 sit,

512 3364 753 3434 dispicil,
788 3374 847 3419 ut
878 3367 1052 3434 ipsum
1094 3365 1354 3438 deinceps
1385 3367 1585 3420 rectius
1620 3381 1683 3421 ac
1714 3367 1906 3423 melius
1936 3369 2099 3437 perfl-

462 3467 470 3475 '
519 3457 647 3513 eiat.
676 3457 807 3523 Qum
834 3473 967 3528 ergo
1003 3458 1055 3511 in
1093 3468 1278 3512 nostra
1330 3471 1455 3513 sunt
1486 3468 1774 3529 potestate,
1803 3475 1863 3516 ea
1915 3460 2099 3529 pueris

513 3549 738 3603 minime
779 3560 902 3605 sunt
938 3550 1323 3620 permittenda,
1358 3549 1461 3604 nisi
1495 3550 1725 3605 velimus
1775 3552 2102 3607 mirabiliter

511 3641 693 3695 omnia
736 3651 919 3696 nostra
974 3658 1190 3698 sursum
1233 3658 1451 3697 vorsum
1490 3643 1641 3697 ferri.
1690 3643 1980 3699 Multarum
2017 3659 2102 3699 re-

514 3749 632 3787 rmn
681 3733 955 3790 desiderio
1010 3744 1224 3790 tenetur
1258 3750 1393 3804 puer
1448 3753 1463 3790 :
1511 3736 1606 3792 sed
1661 3752 1815 3792 mens
1868 3738 2097 3807 optima,

511 3835 675 3897 atque
711 3841 868 3897 opem
901 3827 950 3882 ei
985 3827 1166 3883 ferens
1214 3829 1454 3892 animus,
1505 3829 1795 3900 prohibent
1838 3838 1893 3883 et
1927 3830 2097 3903 repri-

585 3981 698 4053 (81)
735 3982 843 4053 ος.
869 3982 936 4053 7P.
968 3982 1053 4034 ἐπ’
1082 3980 1252 4053 αύτῷ.

582 4051 697 4122 (82)
725 4051 831 4107 CC.
864 4052 923 4107 P.
958 4053 1110 4122 παρά
1131 4051 1315 4120 λόγον.

515 4193 888 4257 cemmatiolo,
928 4192 1171 4247 scribere
1202 4194 1445 4262 animum
1479 4195 1807 4262 persuadeas
1842 4211 1856 4247 :
1905 4193 2111 4262 Ἀμφό-

512 4280 647 4363 τερα
683 4262 792 4336 γὰρ
828 4263 1209 4363 eligimus:
1248 4261 1374 4327 νοῦς
1404 4261 1610 4349 ἀγαθὸς
1645 4262 2005 4363 αύτοιερξιξωρ
2030 4277 2111 4347 ’τε

511 4330 833 4456 Ξενόμὲνός,
866 4330 1049 4400 ἀλόγῳ
1089 4330 1304 4400 σώματι
1335 4331 1644 4402 χρώμενος.
1693 4330 1830 4385 atat"
1857 4330 2110 4395 ἐξουσίαν

549 4422 625 4458 νω
655 4405 750 4457 καὶ
796 4404 949 4457 κάτω
996 4404 1315 4471 μεταχωρεζ
1336 4404 1526 4471 ἕτερον
1559 4400 1885 4471 αἱρούμενος
1919 4402 2110 4471 προτέ-

2209 3185 2489 3256 ἑπιθυμεί,
2524 3183 2641 3237 ἀλλ’
2689 3183 2886 3253 ἀρίστη
2932 3181 3143 3235 διάνοια
3190 3181 3287 3237 καὶ
3321 3181 3350 3233 ὁ
3409 3177 3580 3247 θυμὸς
3633 3175 3807 3248 ταύτῃ

2210 3277 2519 3350 συμμαχῶν
2560 3275 2760 3336 κωΑύει
2802 3275 2892 3329 καὶ
2925 3274 3204 3330 συστέλλει
3236 3272 3335 3337 τὰς
3380 3271 3581 3343 μυρίας
3612 3269 3804 3323 ἐπιθυ-

2210 3373 2357 3443 μίας.
2390 3372 2451 3426 El
2482 3369 2540 3423 δὲ
2568 3368 2840 3441 ἀγριαίνει
2881 3370 2914 3440 ἡ
2944 3366 3039 3422 τοῦ
3084 3366 3329 3438 χείρονος
3365 3363 3678 3428 δυναστεία,
3713 3360 3806 3417 τοῦ

2206 3465 2490 3537 ἀμείνονος
2514 3464 2719 3532 γίνεται
2745 3461 2987 3533 ταραχὴ,
3008 3462 3075 3532 ἢν
3106 3458 3435 3529 θεραπεύειν
3456 3456 3594 3512 ὲστί.
3630 3454 3810 3519 Πολλά

2204 3558 2313 3628 γὰρ
2341 3557 2410 3611 τὰ
2439 3556 2725 3626 φάρμακα,
2745 3554 2924 3625 ἀγαθὴ
2949 3552 3145 3624 τροφὴ,
3176 3551 3273 3607 καὶ
3305 3548 3527 3607 παιδεία
3545 3546 3684 3620 (90),
3717 3546 3808 3602 atat

2204 3649 2387 3717 νόμος,
2415 3647 2505 3700 καὶ
2536 3647 2693 3716 λόγος
2719 3646 2853 3716 (9|),
2879 3647 2972 3699 καὶ
3002 3647 3035 3718 η
3065 3644 3175 3719 τῶν
3206 3642 3395 3698 κακῶν
3421 3642 3537 3712 (92)
3575 3640 3800 3711 μελέτη,

2199 3741 2294 3792 καὶ
2330 3739 2588 3809 συνήθεια
2633 3739 2726 3792 καὶ
2756 3738 3061 3810 ἐπιστήμη,
3118 3735 3274 3807 καὶὴ
3317 3731 3414 3789 τοῦ
3464 3733 3673 3797 παντὸς
3710 3730 3803 3788 τά·

2198 3830 2277 3895 ξις
2306 3832 2441 3901 (Ἶῦ).

2284 3984 2398 4047 (87)
2436 3982 2507 4036 Ex
2539 3982 2645 4037 cc.
2670 3983 2730 4039 Ρ.
2765 3982 2845 4035 sic
2876 3981 3249 4047 restituendus
3271 3981 3424 4036 locus
3450 4001 3464 4037 ε
3486 3980 3673 4047 δίδωσι
3696 3956 3804 4038 six.

2210 4069 2261 4108 ο.
2292 4045 2685 4125 ’ὤν’ὲλποίησεν,
2715 4049 2844 4108 ἀλλ’
2864 4045 2940 4111 ὧν
2980 4053 3057 4124 μὴ
3097 4052 3377 4123 ἐποίησεν,
3405 4052 3515 4106 οὐδ’
3540 4046 3620 4107 ὧν
3651 4053 3808 4125 ἑδρα-

584 4046 699 4193 (8Ξ)
725 4051 831 4107 CC.
864 4052 923 4107 P.
958 4053 1110 4122 παρά
1131 4046 1315 4120 λόγον.

584 4125 677 4191 (85
730 4122 921 4197 Melius
954 4122 1182 4197 spirabit
1216 4122 1513 4197 sententia,
1542 4122 1609 4187 si,
1640 4122 1968 4197 transposito
2005 4136 2097 4197 unc

2213 4069 2261 4108 ο.
2292 4046 2389 4110 ὧν(
2408 4053 2685 4122 ἐποίησεν,
2715 4079 2718 4100 ε

2215 4140 2330 4185 σεν.
2354 4122 2481 4197 an;
2508 4120 2718 4197 ᾦνίιτερ.

2285 4195 2397 4265 (88)
2440 4192 2548 4265 cc.
2570 4193 2647 4265 ι».
2666 4191 2776 4265 ’τῷ.

2282 4267 2395 4336 (89)
2423 4264 2531 4336 CC.
2565 4264 2768 4336 9.,an
2790 4265 2962 4336 κάτω.

2282 4332 2397 4405 (90)
2446 4334 2667 4406 Ἀγαθὴ
2694 4334 2885 4404 τροφὴ
2917 4332 3017 4390 καὶ
3055 4333 3314 4393 παιδεία.
3354 4334 3499 4391 Bona
3530 4336 3808 4404 educatio,

2216 4406 2531 4476 disciplina,
2571 4406 2928 4476 conuersatio
2953 4408 3219 4476 honesta,
3251 4405 3429 4460 victus
3465 4409 3809 4474 commodus,
3882 4414 3887 4417 ’

517 4489 645 4546 ρου’
694 4473 854 4527 τοῦτο
1062 4470 1099 4539 ἡ
1142 4468 1816 4546 ἀνθρώπου-προαίρεσις.
1853 4468 2097 4528 δύναται.

2214 4490 2320 4529 ηοιι
2353 4468 2656 4546 abundans,
2690 4490 2795 4546 non
2836 4474 3113 4546 deficiens.
3149 4468 3311 4533 multa
3342 4476 3488 4530 enim
3534 4468 3811 4546 compleo;

512 4537 769 4598 Animum
803 4537 1042 4598 hominis
1073 4537 1421 4607 pra-stantem
1450 4537 1694 4591 bonitate
1720 4548 1774 4592 et
1804 4540 2100 4607 imperato-

516 4628 628 4667 rem
658 4628 880 4666 suarum
923 4624 1105 4664 rerum
1147 4609 1345 4677 suique
1379 4609 1652 4676 carporis,
1687 4611 2100 4676 quomodocun.

513 4698 618 4749 que
642 4696 708 4736 eo
736 4692 942 4742 utatur,
972 4692 1126 4732 suam
1152 4679 1259 4731 vim
1294 4678 1345 4731 in
1372 4677 1423 4731 id
1446 4692 1673 4749 servare
1697 4688 1753 4733 et
1775 4688 2099 4748 potestatem

516 4746 743 4805 liberam
792 4762 1057 4805 exercere
1107 4756 1393 4812 autumat;
1445 4746 1551 4801 hoc
1584 4746 1789 4804 homini
1840 4749 2101 4804 divinitus

513 4823 775 4875 tributum
808 4820 997 4874 dicens
1020 4856 1035 4885 ,
1073 4826 1131 4869 ut
1171 4832 1276 4870 non
1312 4828 1537 4874 coaetus
1566 4820 1767 4874 serviat
1797 4821 1976 4885 vitiis,
2006 4818 2099 4874 sed

522 4891 724 4945 habeat
740 4890 1084 4953 electionem,
1105 4886 1158 4958 in
1178 4896 1350 4942 utram
1370 4896 1599 4958 partem,
1623 4890 1817 4944 bonam
1836 4889 2100 4945 malamve

515 4961 647 5014 velit
671 4960 824 5013 eniti.
858 4957 1216 5013 Commendat
1242 4958 1349 5012 vim
1379 4960 1626 5013 humana:
1654 4958 1935 5015 electionis
1964 4959 2099 5015 libe-

515 5045 661 5100 ram,
692 5030 1020 5100 quambene
1048 5026 1314 5100 theoIOgis
1345 5043 1450 5083 non
1474 5039 1557 5083 est
1584 5045 1719 5100 opus
1750 5029 1839 5085 hic
1873 5031 2097 5094 dicere;

522 5098 900 5169 philosophum
935 5112 1095 5169 suum
1127 5112 1256 5169 sane
1282 5098 1418 5153 bene
1449 5098 1642 5169 sapere
1667 5102 1825 5155 docet
1846 5100 1935 5155 hic
1972 5099 2101 5152 Axi-

522 5113 900 5220 philosophum
935 5113 1095 5152 suum
1127 5113 1256 5153 sane
1282 5113 1418 5153 nene
1449 5113 1642 5169 sapere
1667 5113 1825 5155 uocet
1846 5113 1935 5155 mc
1972 5113 2101 5152 ΑΧΙ-

520 5167 697 5223 thetis.
759 5168 881 5221 )uas
911 5167 1101 5222 statuit
1146 5168 1567 5236 inclinationes,
1608 5179 1666 5225 ut
1706 5170 1924 5225 animus
1958 5171 2101 5225 male

517 5237 732 5306 corpori
764 5237 992 5309 serviat,
1026 5237 1153 5293 licet
1195 5240 1495 5309 imperator
1530 5255 1560 5294 a
1588 5240 1691 5294 deo
1735 5240 2089 5305 constitutus,

517 5317 594 5380 et
642 5317 700 5359 ut
751 5308 1051 5363 secundum
1090 5308 1354 5364 rationem
1391 5311 1442 5365 ei
1502 5311 1763 5380 imperet;
1814 5313 2100 5380 utriusque

518 5376 612 5451 illi
642 5385 965 5451 potestatem
1016 5380 1195 5434 datam
1234 5382 1455 5435 docens.
1504 5376 1630 5436 liaic
1663 5381 1901 5451 explicat
1937 5376 2099 5450 porro

519 5444 705 5499 latius.
751 5444 1064 5523 Impeditior
1094 5463 1273 5503 autem
1307 5466 1503 5523 sensus
1528 5461 1614 5507 est
1634 5444 1788 5523 Luna
1821 5460 1877 5508 et
1902 5444 2095 5523 altera,

518 5523 579 5567 ut
613 5527 762 5582 puto,
792 5519 1053 5583 particula
1088 5520 1357 5575 sermonis
1395 5523 1620 5578 omissa.
1643 5521 1743 5578 ΒΑ.

590 5584 704 5661 t8!)
744 5587 997 5661 suum
1020 5590 1230 5661 ἑτέρου.

865 5654 1169 5732 examen
1198 5660 1355 5714 δια...

591 5725 703 5798 (86)
732 5729 835 5784 CC.
875 5730 930 5785 ί).
961 5725 1015 5785 et
1039 5725 1102 5784 Cl
1128 5725 1191 5789 Ᾰ,
1216 5732 1317 5783 ὅσα
1345 5731 1444 5786 δεῖ.

2211 4546 2346 4599 titur
2387 4544 2570 4618 ἀγαθὴ
2619 4545 2795 4618 τροφή
2827 4562 2841 4578 σ
2874 4544 3098 4600 παιδεία
3155 4561 3373 4602 omnem
3406 4544 3809 4604 institutionem

2208 4627 2263 4669 et
2296 4614 2668 4683 disciplinam.
2701 4614 2799 4670 BAL

2279 4686 2391 4755 (9|)
2426 4685 2637 4755 Λόγος.
2672 4684 2992 4750 Sermones.
3021 4688 3220 4755 quibus
3265 4686 3333 4741 ad
3380 4685 3625 4743 animum
3657 4700 3806 4743 conr-

2243 4755 2517 4827 ouendum
2552 4756 2787 4810 maxima
2822 4766 2907 4827 est
2948 4755 3211 4812 eilicacia.
3246 4755 3521 4821 Horatius,
3550 4758 3726 4827 Epist.
3770 4757 3805 4821 Ι,

2247 4869 2261 4891 ,
2290 4825 2360 4880 53
2402 4842 2416 4879 :
2464 4824 2654 4896 Fervet
2681 4826 2912 4887 auaritia
2964 4829 3260 4896 miseroque
3300 4827 3546 4893 cupidine
3590 4824 3812 4896 pectus!

2205 4896 2340 4952 Sunt
2371 4895 2525 4950 verba
2564 4907 2612 4950 et
2644 4913 2788 4951 uoces
2828 4896 3017 4965 quibus
3043 4895 3184 4962 hunc
3207 4896 3369 4953 lenire
3406 4895 3643 4952 dolorem
3675 4898 3811 4951 Pos-

2204 4968 2277 5022 sis
2307 4975 2356 5021 et
2400 4982 2645 5035 magnam
2698 4970 2871 5020 morbi
2911 4968 3171 5036 deponere
3218 4976 3443 5034 partem.
3482 4966 3552 5021 Et
3584 4981 3814 5036 prover-

2204 5038 2471 5109 binm_est
2499 5046 2666 5109 vetus
2703 5052 2717 5089 :
2752 5037 2947 5109 Ψυχῆς
2984 5035 3252 5109 νοσούσης
3304 5037 3445 5093 εἰσὶν
3490 5035 3674 5109 ἰατροὶ
3718 5036 3811 5090 λόο

2203 5123 2313 5176 γοι.
2344 5105 2445 5161 ΒΑ.
2471 5105 2578 5163 CC.
2609 5104 2674 5161 P.
2706 5109 2801 5161 καὶ
2834 5104 2993 5177 λόγος
3024 5108 3120 5162 καὶ
3149 5104 3334 5176 νόμος.

2278 5178 2389 5247 (92)
2419 5178 2652 5234 Omnino
2670 5179 3019 5234 scribendum
3040 5177 3149 5232 τῶν
3166 5178 3372 5235 καλῶν.
3405 5177 3459 5232 Id
3484 5178 3634 5232 enim
3659 5193 3813 5235 cum-

2200 5248 2396 5319 primis
2422 5261 2558 5317 opus
2586 5257 2692 5309 est.
2726 5259 2786 5302 ut
2830 5248 3002 5319 libens
3035 5250 3179 5311 bona
3212 5250 3531 5319 meditetur,
3577 5250 3813 5319 medita-

2203 5318 2446 5391 tlouique
2477 5332 2792 5391 sermonum
2830 5318 3118 5391 sapientia:
3145 5328 3200 5374 et
3238 5318 3811 5391 probitatisanimum

2204 5388 2367 5444 homo
2398 5388 2757 5457 corrigendus
2783 5400 2879 5445 aut
2906 5388 3347 5459 ‘praservandus
3375 5403 3408 5445 a
3436 5388 3588 5443 vitiis
3613 5389 3807 5445 dedat.

2201 5452 2301 5513 Ba.
2333 5460 2413 5513 sic
2430 5458 2537 5513 CC.
2567 5457 2609 5513 Ρ

2249 5473 2301 5513 Λ.
2333 5473 2413 5515 διο
2430 5473 2537 5513 (δυ.

2275 5528 2385 5601 (93)
2413 5528 2526 5601 Τοῦ
2548 5529 2780 5596 παντὸς
2800 5528 2993 5596 τάξις.
3036 5529 3175 5593 Yitte
3207 5531 3415 5595 omnis,
3442 5530 3628 5585 omnis
3655 5530 3811 5585 inatt-

2203 5598 2302 5656 tuti
2335 5598 2582 5657 ordinem
2606 5608 2661 5655 et
2686 5601 3028 5670 disciplinam
3058 5601 3209 5656 dicit.
3247 5603 3424 5669 Quam
3451 5611 3510 5653 ut
3538 5615 3651 5670 pra:
3686 5615 3807 5654 om-

2203 5672 2363 5726 nibus
2374 5671 2842 5741 commendarent,
2864 5671 3201 5739 sapientibus
3220 5673 3280 5727 in
3311 5670 3608 5741 discipulos
3636 5682 3807 5741 oguno

2212 5738 2499 5798 arbitrium
2526 5739 2694 5812 prisci
2714 5738 2982 5799 dederunt
3004 5756 3216 5798 morum
3243 5738 3612 5799 correctores.
3643 5738 3804 5799 Unde
