4048 6442
421 215 526 279 919

1805 231 2044 292 AENEAS
2082 239 2322 296 GAZdil

3581 231 3691 293 928

423 340 608 392 μιιιειιιι
650 329 870 398 Iamiam
905 323 1014 386 vult
1046 322 1332 401 ejacnlari,
1357 349 1482 391 eum
1508 336 1609 408 qui
1635 339 1843 412 sagitta:
1883 357 1994 399 sese

2107 349 2242 418 πρὸς
2280 347 2339 399 τὸ
2369 346 2488 401 ὅλον
2529 344 2854 398 συντάττων.
2895 345 3058 398 Ὠς-τε
3111 343 3170 398 τὸ
3223 341 3545 412 γιγνόμενον
3581 342 3687 394 ἁδί-

422 421 636 473 ohviatn
683 423 913 487 dederit,
969 425 1218 495 quisquis
1258 426 1347 492 sit,
1382 432 1691 486 necessario
1744 433 1995 488 vulnera.

423 512 495 563 bit
533 529 547 564 :
580 512 772 567 sicille
801 513 1056 582 quoniam
1099 516 1379 586 improbus
1435 530 1540 586 est,
1589 537 1748 592 quem
1800 525 2000 594 poterit

421 618 648 668 quemve
688 606 902 659 obvium
932 608 1202 674 habuerit,
1239 625 1361 664 eum
1399 612 1594 681 tnjuria
1630 614 1844 670 adiciet.
1883 615 1998 685 Ipse

419 696 584 748 etiam
614 711 812 754 avarus
868 714 974 754 non
1023 703 1241 771 quidem
1273 714 1422 761 recto
1469 705 1642 761 fertur
1673 708 1866 763 ordine
1900 723 1912 762 :
1945 718 2001 763 at

421 800 736 853 perversum
798 794 1045 849 avaritia:
1107 796 1353 852 ordinem
1442 797 1585 853 Deus
1647 800 1698 854 in
1753 801 1997 855 ordinem

419 883 666 952 atquein
704 883 846 938 viam
885 897 1088 940 rectam
1137 888 1346 942 reducit
1389 908 1401 942 :
1441 889 1602 960 idque
1655 907 1752 948 ceu
1803 889 1994 946 artifex

2105 452 2280 506 κημα,
2312 435 2390 505 τῷ
2435 436 2532 506 μὲν
2584 437 2868 506 ποιήσαντι
2908 435 3076 487 κακὸν
3116 436 3209 488 καὶ
3256 433 3536 502 ἀδίκημαο
3591 432 3692 484 καὶ

2097 528 2198 580 οὐκ
2249 527 2444 598 ἀφείθη
2490 527 2568 594 (7)
2600 528 2697 598 τῆς
2755 527 2938 589 αἰτίας
2983 529 3010 579 ὁ
3046 525 3273 596 δράσας,
3326 523 3446 577 οὐδὲ
3496 522 3688 576 ἀποδι-

2097 619 2324 690 δράσκει
2353 619 2450 690 τὴν
2476 619 2631 689 δίκην
2662 635 2676 650 ο
2709 618 2786 690 τῷ
2835 618 2894 672 δὲ
2945 617 3172 672 παθόντι
3205 617 3266 670 οὐ
3307 616 3506 679 κακὸν,
3547 612 3694 668 ἀλλὰ,

2099 712 2396 782 χρήσιμον·
2460 710 2576 777 εἴγε
2633 710 2708 781 (8)
2769 709 3087 780 προσθήκην
3136 708 3485 778 εὐδαιμονίας
3533 704 3687 774 αὐτῷ

2096 801 2159 854 τὸ
2192 801 2364 865 πάθος
2392 801 2750 872 προὺξένησε,
2787 802 2881 854 καὶ
2912 803 2992 864 είς
3029 800 3222 869 ὄφελος
3255 798 3334 868 τῷ
3369 795 3535 867 κοινῷ
3563 813 3690 849 συνο

2098 891 2375 945 τάττεται.

417 975 765 1048 optimusqui
830 983 1102 1037 communi
1137 983 1352 1038 utilitati
1423 989 1504 1041 sui
1573 988 1752 1056 operis
1817 986 1954 1044 bene
1986 987 2354 1050 consulturus,
2397 987 2659 1056 quidquid
2710 995 2796 1042 est
2853 985 2970 1054 ejus
3018 984 3161 1055 quod
3214 992 3421 1038 temere
3463 979 3670 1042 elllnat,

417 1069 596 1138 sitque
625 1071 747 1126 aliis
792 1073 1003 1138 inutile,
1057 1085 1230 1130 totum
1270 1090 1556 1148 expurgat,
1597 1090 1651 1135 et
1682 1091 1739 1134 nt
1785 1081 1999 1135 caneris
2071 1080 2143 1134 sit
2170 1077 2638 1133 accommodatum
2689 1078 2858 1149 cogit,
2913 1077 3076 1147 inque
3127 1075 3296 1132 totius
3321 1072 3504 1143 operis
3529 1085 3687 1126 com-

417 1163 750 1230 plementum
791 1167 1027 1222 adducit.
1064 1168 1203 1239 Ergo
1232 1171 1430 1241 injuria
1500 1172 1663 1239 facta,
1709 1173 1758 1228 ei
1814 1173 1902 1243 qni
1950 1171 2160 1234 fecerit,
2192 1185 2291 1226 ceu
2345 1178 2627 1238 peccatum
2688 1169 3012 1239 imputatur,
3071 1177 3265 1237 estque
3326 1165 3494 1219 etiam
3531 1163 3689 1216 dam-

417 1274 522 1323 no;
552 1261 748 1329 quippe
773 1262 860 1330 qui
895 1278 1014 1317 cum
1043 1262 1364 1331 fecerit,nec
1394 1267 1518 1322 facti
1550 1269 1705 1338 culpa
1734 1277 1907 1334 vacet,
1950 1283 2049 1323 nec
2073 1280 2265 1338 plenas
2295 1265 2516 1337 eﬂ'ugiat
2543 1285 2556 1321 :
2592 1267 2640 1321 ei
2672 1281 2804 1323 vero
2858 1265 2950 1336 qui
2981 1279 3173 1337 passus
3205 1261 3366 1336 64],
3411 1260 3513 1315 fuit
3543 1257 3687 1326 inju-

417 1355 575 1416 riam,
606 1355 764 1408 saluti
801 1357 976 1425 potius
999 1369 1076 1414 est
1101 1375 1263 1430 quam
1296 1361 1528 1417 damno:
1590 1363 2022 1432 quandoquidem
2062 1361 2112 1416 ei
2181 1361 2246 1413 ad
2287 1359 2599 1415 felicitatem
2664 1358 2926 1416 momenti
2971 1357 3200 1414 multum
3243 1354 3512 1418 attulerit,
3538 1362 3594 1406 et
3626 1350 3692 1406 in

417 1445 708 1498 utilitatem
738 1449 1007 1515 publicam
1044 1465 1258 1520 quoque
1279 1456 1509 1510 cesserit
1540 1456 1651 1509 haec
1681 1455 1902 1510 alllictio

493 1537 815 1595 Hominibus
853 1541 999 1596 enim
1043 1546 1378 1614 sapientibus
1424 1556 1586 1613 atque
1630 1550 1696 1602 ad
1736 1549 1992 1603 virtutem

2183 1544 2337 1598 Ἐπεὶ
2363 1543 2710 1616 παράκλησις
2736 1542 2894 1614 ἱκανῆ
2921 1545 3034 1606 τοῖς
3057 1541 3121 1596 εὖ
3152 1538 3408 1611 φρονοῦσι
3433 1537 3512 1607 (9)
3543 1535 3690 1606 πρὸς.

418 1630 789 1698 aspirantihns
835 1634 1110 1690 sufficiens
1141 1646 1225 1691 est
1267 1638 1541 1703 solatium,
1580 1640 1684 1694 hoc
1730 1639 1833 1694 sibi
1866 1656 1992 1710 pcr-

2100 1637 2299 1710 ἀρετὴν
2325 1637 2386 1691 es
2439 1636 2514 1707 μὴ
2564 1635 2717 1706 φόϐῳ
2743 1634 2978 1689 Θανάτου
3011 1633 3124 1703 (10)
3183 1632 3277 1685 τὸν
3306 1629 3512 1698 ἀγαθὸν
3544 1626 3685 1695 φεύ-

417 1735 636 1774 suasum
674 1722 898 1788 habere,
935 1735 1079 1779 metu
1106 1727 1296 1783 mortis
1334 1729 1382 1782 ei
1420 1730 1508 1798 qui
1551 1729 1726 1785 bonus
1757 1731 1848 1796 sit,
1889 1732 2000 1785 vir-

421 1824 588 1867 tutem
621 1815 844 1870 minime
872 1833 993 1874 esse
1025 1818 1354 1890 fugiendam.
1386 1821 1650 1878 Virtutem
1684 1824 1827 1878 enim
1855 1824 1997 1880 Deus

420 1916 704 1975 propterea
759 1909 979 1975 divitiis,
1031 1913 1302 1982 potentia,
1352 1916 1718 1985 voluptatibus
1766 1917 1995 1971 omnino

417 2013 644 2053 vacuam
680 2016 802 2056 esse
841 2002 1029 2068 voluit,
1080 2014 1139 2058 ut
1185 2006 1402 2060 athletie
1432 2007 1581 2075 boni,
1635 2025 1743 2064 non
1777 2009 1993 2064 illarum

417 2107 554 2161 quas
594 2092 706 2147 dixi
747 2107 952 2161 rerum,
1000 2094 1094 2151 sed
1147 2096 1290 2153 illius
1343 2097 1443 2167 ipsi
1497 2101 1693 2170 gratia,
1741 2103 1994 2158 virtutem

417 2185 592 2252 ipsam
631 2185 1093 2256 amplecterentur
1119 2207 1132 2244 :
1166 2205 1359 2262 nempe
1381 2203 1437 2247 ut
1461 2207 1528 2247 ne
1559 2209 1682 2247 cum
1708 2192 1994 2251 affectibus

413 2276 669 2332 virtutem
699 2277 1114 2346 confunderent,
1145 2291 1200 2336 et
1221 2283 1583 2339 concederent
1615 2286 1842 2341 adversa
1885 2287 1995 2341 bo-

415 2369 501 2423 nis
543 2371 812 2438 superari.
845 2369 1024 2425 Veluti
1056 2373 1098 2426 si
1131 2374 1253 2443 quis
1283 2383 1558 2430 certamen
1591 2392 1713 2432 cum
1751 2392 1817 2432 eo
1847 2380 1990 2447 quod

415 2459 615 2516 malum
664 2470 767 2525 est,
804 2463 1084 2530 decernat,
1136 2479 1202 2520 ac
1243 2465 1368 2520 velit
1412 2481 1627 2524 omnem
1677 2470 1872 2524 animae
1912 2470 1991 2524 fa-

414 2551 672 2607 cultatem
703 2557 1054 2620 essuscitari,
1085 2571 1194 2625 quo
1220 2572 1320 2626 pro
1349 2557 1578 2628 pulchro
1617 2569 1672 2614 et
1697 2561 1837 2616 bono
1873 2571 1992 2616 tan-

415 2651 527 2696 tum
562 2642 858 2712 periculum
906 2645 1092 2700 subire
1122 2655 1284 2715 queat
1317 2664 1330 2700 :
1364 2661 1495 2701 sane
1536 2655 1591 2702 et
1621 2648 1737 2718 ipsa
1772 2657 1987 2718 pertur-

413 2732 604 2796 batio.
654 2733 1024 2799 fortitudinis,
1083 2752 1188 2791 non
1251 2739 1639 2793 imbecillitatis
1713 2741 1987 2810 specimen

2101 1746 2220 1797 γειν
2245 1729 2450 1799 ἀρετήν
2482 1728 2620 1796 (11).
2653 1727 2753 1780 Διά
2800 1726 2961 1780 τοῦτο
2995 1725 3105 1794 γὰρ
3163 1722 3335 1791 αὐτὴν
3374 1722 3402 1774 ὁ
3426 1719 3561 1782 Θεὸς
3585 1734 3685 1770 πε-

2103 1821 2346 1891 ριουσίας
2404 1821 2496 1874 καὶ
2528 1819 2852 1883 δυναστείας
2896 1817 2993 1872 καὶ
3037 1815 3234 1886 ἡδονῆς
3297 1811 3514 1883 γυμνὴν
3564 1808 3698 1878 (12)

2098 1914 2346 1982 ἔστησεν.
2382 1913 2547 1966 Ὥστε
2600 1913 2726 1976 τοὺς
2763 1912 3001 1979 ἀγαθοὺς
3036 1907 3347 1977 ἀγωνιστὰς
3402 1905 3476 1975 μὴ
3514 1904 3696 1957 ἕνεκαι

2098 2002 2192 2056 τοῦ
2227 2003 2329 2075 τὴν
2375 2003 2581 2075 ἀρετὴν
2635 2003 2934 2074 αἱρεῖσθαι,
2971 2002 3086 2056 ἀλλ’
3127 2000 3300 2070 αὐτῆς
3345 2000 3510 2052 ἕνεκα
3540 1996 3688 2067 (l3).

2095 2092 2170 2150 ὡς
2193 2093 2260 2148 ἂν
2303 2095 2377 2165 μὴ
2422 2095 2798 2166 συνταράξωσι
2845 2094 3007 2148 πάθει
3049 2091 3148 2164 τὴν
3189 2091 3392 2164 ἀρετήν
3419 2106 3433 2119 ·
3480 2089 3577 2143 καὶ
3608 2087 3694 2143 τὼ

2095 2184 2322 2258 ἀλγεινά
2356 2186 2466 2240 τῶν
2502 2186 2730 2254 ἀγαθῶν
2771 2186 2789 2258 (
2801 2186 2884 2256 14)
2915 2187 3167 2257 ἡγεῖσθαι
3218 2183 3496 2252 συγχωρεῖ
3519 2197 3531 2208 ·
3565 2175 3692 2233 οἷον

2093 2275 2472 2345 ἀγωνοθετῶν,
2502 2278 2599 2333 καὶ
2629 2278 2953 2349 βουλόμενος
2979 2277 3108 2347 ὃλην
3138 2277 3242 2346 τῆς
3273 2275 3452 2344 ψυχῆς
3481 2275 3688 2327 ἀνακι-

2101 2369 2265 2440 νῆσαι
2295 2370 2392 2442 τὴν
2434 2370 2666 2442 δύναμιν
2692 2389 2706 2402 ·
2734 2371 2810 2435 ὡς
2842 2369 2984 2439 ὑπὲρ
3026 2369 3120 2422 τοῦ
3151 2367 3318 2422 καλοῦ
3356 2365 3688 2434 τηλικοῦτον-

2097 2462 2342 2515 κίνδυνον
2359 2461 2655 2532 ἀνατλῆναι
2676 2461 2957 2517 δύνασθαι.
2984 2462 3148 2514 Ὥστε
3179 2460 3281 2529 τῆς
3320 2458 3533 2528 ἰσχύος,
3567 2457 3670 2510 οὐκ

2091 2555 2399 2619 ἀσθενείας,
2440 2557 2505 2610 τὸ
2556 2557 2730 2620 πάθος
2785 2555 3049 2620 ἐπίδειξις
3079 2554 3192 2625 (15)
3256 2553 3492 2621 γίνεται.
3563 2550 3690 2604 Καὶ·

2090 2645 2286 2710 ἄλλως,
2318 2648 2366 2699 εί
2408 2647 2614 2716 ἀγαθὸς
2653 2650 2682 2701 ὀ
2715 2645 2928 2710 παθὼν,
2965 2648 3048 2709 εἰς
3103 2645 3310 2715 ἀγαθὸν
3359 2647 3394 2714 ἠ
3445 2643 3676 2713 τελευτὴ

2089 2735 2263 2807 τούτῳ
2298 2738 2604 2808 συμϐαίνει.
2649 2739 2807 2792 Ἐστι
2833 2738 2965 2810 γὰρ,
3003 2738 3120 2792 ἔστι
3153 2737 3250 2792 καὶ
3273 2737 3691 2806 τελευτήσαντα·

413 2823 539 2877 erit.
581 2823 647 2878 Et
685 2833 743 2879 ut
772 2825 877 2880 hoc
912 2825 1106 2880 addam
1136 2828 1322 2891 etiam,
1353 2829 1396 2883 si
1433 2830 1555 2898 quis
1587 2829 1786 2896 bonus,
1812 2830 1986 2886 alicu-

2100 2826 2323 2898 ἷῇνμϐ)
2348 2830 2424 2894 ὡς
2473 2829 2712 2901 ἀληθῶς,
2767 2829 2864 2884 καὶ
2899 2829 3064 2902 μέχρι
3094 2831 3194 2901 τῆς
3242 2827 3470 2901 πρώτης
3499 2827 3683 2900 ἀρχῆς

410 2915 499 2983 jus
543 2914 672 2970 boni
703 2915 899 2984 gratia,
934 2917 1060 2970 mali
1090 2918 1342 2986 quiddam
1378 2920 1634 2988 patiatur,
1664 2935 1728 2977 ac
1771 2923 1985 2978 tandem

2100 2920 2426 2984 ἀναϐαίνειν,
2480 2922 2576 2976 καὶ
2629 2921 2826 2992 μηκέτι
2874 2921 3106 2976 δεδιέναι
3157 2920 3501 2991 μεταδολήνο
3559 2917 3676 2972 ἀλλ’

413 3007 576 3062 obeat
623 3017 886 3074 mortem;
943 3023 1068 3076 spes
1124 3017 1206 3064 est
1259 3010 1588 3076 certissima,
1649 3027 1773 3067 eum
1824 3014 1990 3068 etiam

2100 3011 2367 3064 ἀθάνατον
2394 3012 2542 3082 ἔχειν
2580 3011 2934 3081 εὐδαιμονίαν
2969 3011 3064 3064 καὶ
3101 3011 3317 3082 τρυφὴν
3350 3009 3680 3081 ἐμπρέπου-

415 3107 685 3150 mortuum
719 3097 924 3163 vivere,
949 3105 1003 3151 et
1045 3097 1112 3150 ad
1154 3099 1387 3166 primum
1424 3100 1749 3169 principium
1796 3117 1986 3158 ascen-

414 3193 565 3258 dere,
595 3207 696 3248 ncc
724 3206 846 3248 esse
875 3192 1017 3262 quod
1052 3192 1214 3244 ullam
1266 3191 1426 3245 aliam
1464 3194 1814 3248 mutationem
1847 3211 1982 3264 per-

417 3284 671 3338 timescat
704 3303 717 3339 :
752 3282 848 3338 sed
890 3281 1091 3336 habeat
1125 3281 1440 3338 felicitatem
1477 3283 1884 3353 sempiternam,
1932 3297 1986 3340 ct

486 3419 566 3490 (7)
595 3417 702 3490 (ἐς,
834 3418 933 3490 οὐκ
970 3416 1034 3470 ἂν
1063 3416 1311 3487 ἀφεθείη.

487 3486 562 3551 (8)
590 3487 696 3541 CC.
726 3486 787 3540 P.
817 3486 948 3542 alte.

488 3560 566 3629 (9)
596 3557 702 3629 CQ.
734 3556 794 3610 P.
839 3573 890 3613 τ.
917 3557 1303 3629 εὐρρονοῦσι.

488 3628 603 3702 (10)
639 3627 923 3702 summum
959 3627 1100 3702 quod
1129 3638 1352 3696 putatur
1382 3631 1644 3686 malorum
1680 3646 1786 3700 pro
1817 3633 1994 3685 omni-

412 3695 521 3772 bus
563 3697 734 3772 ponit.
787 3695 938 3772 Mors
977 3695 1142 3752 enim
1175 3713 1486 3772 supremum
1533 3717 1629 3772 pro
1669 3695 1992 3772 quocunque

418 3767 601 3835 malo,
630 3767 773 3820 intra
795 3769 946 3841 qn_od_
969 3775 1166 3841 caetera
1197 3770 1328 3830 sint,
1361 3767 1698 3841 usurpatum
1724 3767 1991 3841 Maliinius

414 3841 615 3895 etenim
646 3846 821 3891 metus
862 3837 1040 3903 hujus.
1078 3836 1328 3892 Lucanus
1372 3839 1465 3895 lih.
1493 3836 1543 3903 ἰ,
1595 3842 1701 3896 459
1739 3860 1751 3894 :
1789 3838 1992 3894 Felices

415 3926 592 3964 errore
620 3923 716 3961 suo
738 3922 907 3980 ,_quos
944 3907 1031 3960 ille
1056 3909 1305 3980 timorum
1339 3907 1608 3965 Maximus
1632 3953 1647 3976 ,
1677 3913 1819 3963 haud
1846 3921 1993 3980 urget

415 3981 506 4034 leti
538 3977 980 4058 metus._Mortem
1008 3977 1446 4058 qui‘contemn‘et
1467 3983 1646 4058 omnia
1681 3980 1836 4058 facile
1867 3977 1997 4058 con-

418 4058 620 4104 teninet
646 4048 805 4110 mala,
840 4055 890 4101 et
915 4045 1072 4101 bonis
1093 4045 1321 4102 fruetur.
1353 4049 1545 4104 Cicero
1585 4051 1677 4107 lib.
1712 4067 1748 4104 ιι
1780 4050 1994 4104 Tuscul.

418 4119 642 4184 θηται,
677 4132 729 4171 c.
769 4130 784 4168 t
822 4135 836 4171 :
878 4115 982 4181 Qui
1009 4128 1222 4171 mortem
1255 4135 1358 4172 non
1392 4122 1536 4174 timet
1564 4123 1775 4175 unicum
1801 4121 1901 4173 sibi
1925 4124 1994 4174 ad

417 4195 623 4244 beatam
646 4188 807 4241 vitam
832 4187 1134 4253 prwsidinm
1158 4191 1499 4256 comparavit.
1526 4191 1756 4255 Seneca,
1787 4191 1881 4243 lib.
1918 4205 1991 4253 vr,

421 4258 771 4313 Naturalium
816 4255 1052 4328 [eum]:
1119 4255 1371 4328 Omnibus
1419 4262 1625 4314 omissis
1681 4261 1777 4313 hoc
1827 4275 1990 4312 unum

2097 3119 2195 3156 σαν
2250 3103 2396 3173 ψυχῇ
2457 3103 2675 3175 καθαρᾷ
2721 3103 2856 3174 (17).
2889 3100 3079 3155 Ταῦτα
3113 3103 3225 3172 γὰρ
3263 3101 3467 3173 ἀρετῆς
3534 3094 3674 3153 ἆθλα

2093 3194 2396 3265 νομίζεται,
2432 3195 2493 3248 οὐ
2524 3195 2800 3267 τυραννὶς,
2841 3195 2962 3249 οὐδὲ
3009 3194 3244 3247 πλούτου
3279 3192 3567 3265 περιουσία
3589 3208 3606 3223 ·
3643 3191 3682 3246 ἃ

2097 3287 2327 3352 πολλοὺς
2366 3287 2628 3350 πολλάκις
2662 3287 3034 3360 μεταϐέϐληκε
3083 3289 3196 3358 (18)
3233 3287 3523 3350 δεσπότας.
3564 3283 3680 3338 Καὶ

2091 3423 2346 3478 νοεῖσθαι.
2376 3425 2471 3479 ΒΑ.

2164 3494 2276 3559 (ll)
2309 3494 2502 3550 Mortis
2547 3501 2690 3548 metu
2730 3493 2863 3548 nihil
2903 3491 3330 3562 delinquendum
3357 3488 3487 3562 viro
3519 3490 3692 3544 bono.

2100 3564 2296 3620 docent
2367 3580 2556 3619 omnes
2608 3564 2746 3618 bene
2797 3560 3163 3616 animatoritm
3225 3560 3679 3628 philosOphorum

2093 3634 2298 3687 schola:
2363 3634 2577 3688 lnlinita
2628 3634 2743 3688 loca
2782 3647 3086 3700 aggereres,
3132 3631 3175 3684 si
3207 3644 3395 3700 ageres
3430 3629 3678 3700 philoso-

2105 3703 2297 3773 phum.
2330 3700 2410 3756 Tu
2443 3705 2509 3757 de
2539 3704 2729 3758 mortis
2763 3698 3012 3773 universa
3041 3701 3256 3773 ratione
3287 3699 3403 3773 lege
3431 3698 3692 3773 Marcum

2103 3768 2436 3827 Antoninum
2468 3774 2563 3828 lib.
2612 3789 2674 3834 tt,
2718 3787 2792 3836 tv,
2819 3781 2872 3827 et
2905 3769 3012 3827 ﬁne
3039 3770 3159 3826 libri
3205 3784 3306 3824 sit.
3340 3768 3444 3824 Vix
3486 3768 3592 3823 erit
3623 3780 3682 3823 ut

2103 3843 2324 3913 meliora
2339 3844 2631 3913 requiras.
2662 3843 2757 3897 BA.

2176 3911 2288 3981 (l2)
2335 3907 2463 3966 "me
2491 3914 2638 3967 enim
2686 3912 2866 3966 omnia
2909 3910 3126 3965 virtutis
3167 3925 3324 3964 amor
3370 3922 3470 3976 pro
3504 3907 3693 3981 nihilo

2102 3978 2288 4044 habet,
2313 3983 2519 4050 abjicit,
2543 3981 2860 4046 contemnit,
2886 3991 3176 4037 contentus
3193 3981 3353 4034 vitam
3380 3979 3682 4034 secundum
3720 4044 3724 4047 ,

2101 4061 2348 4104 naturam
2383 4054 2666 4107 deducere.
2697 4050 2792 4104 Ba.

2171 4122 2288 4182 (15)
2338 4121 2455 4189 lpsa
2491 4122 2633 4175 enim
2665 4121 2880 4174 sibimet
2911 4121 3142 4189 pretium
3179 4119 3395 4189 sniest.
3441 4117 3579 4171 Vide
3608 4120 3680 4172 ad

2100 4188 2426 4258 principium
2457 4190 2736 4246 Clandiani
2773 4192 2822 4244 in
2857 4188 3200 4244 cOnsnlatum
3243 4188 3407 4242 Mallii
3447 4189 3498 4242 in
3528 4203 3687 4241 com-

2093 4261 2360 4331 mentario
2395 4261 2664 4316 recensita
2709 4261 2820 4314 v.l
2864 4259 3037 4328 :lpsa
3079 4259 3285 4331 quidem
3334 4259 3500 4312 virtus
3561 4274 3686 4326 pre-

416 4331 671 4383 meditare
695 4367 708 4390 ,
741 4342 802 4379 ne
818 4327 1009 4397 intortis
1063 4341 1252 4397 nomen
1283 4327 1588 4394 reformides
1623 4330 1815 4397 :efﬁce
1843 4328 1988 4381 illam
2030 4393 2055 4397 Δ
2091 4329 2224 4382 tium
2246 4330 2362 4385 sibi.
2400 4331 2495 4384 ΒΑ.

418 4402 513 4452 tibi
557 4397 856 4469 cognitione
882 4396 1052 4469 multa

420 4463 638 4532 tulerit;
659 4467 828 4535 possis
854 4466 932 4518 illi
963 4466 1172 4535 obvtant
1201 4465 1296 4517 ire.
1330 4463 1435 4517 Sed
1471 4478 1661 4519 contra
1699 4466 1996 4520 animatum

419 4549 504 4592 est
540 4533 968 4608 vulgtis,_om_n_ia
1012 4533 1228 4608 mortis,
1271 4543 1329 4608 ιιι
1361 4535 1590 4608 dictum,
1639 4535 1819 4608 timori
1855 4547 2001 4608 post-

417 4600 662 4680 ponens:
682 4605 847 4680 Silius
873 4604 967 4680 lib:
1000 4617 1140 4680 xt_tt_:
1171 4600 1316 4680 Proh
1347 4610 1544 4680 quanto
1571 4604 1732 4657 levius
1760 4607 2004 4680 mortali-

423 4670 517 4735 lms
548 4692 690 4746 aegra
713 4675 892 4746 subire
920 4671 1167 4746 Servitia,
1192 4679 1348 4746 atque
1377 4670 1569 4724 hiemes
1598 4684 1877 4739 iustusque,
1908 4675 1998 4742 fu-

420 4740 665 4815 gamque,
695 4744 1010 4815 fretumque,
1045 4740 1212 4809 Atque
1233 4741 1448 4815 fantem,
1479 4758 1819 4815 quam__posse
1837 4740 1993 4815 mori.

422 4809 594 4884 Quem
629 4809 721 4884 qui
751 4809 941 4884 vincit,
967 4823 1094 4884 vere
1125 4825 1218 4884 rex
1245 4820 1297 4884 et
1329 4809 1463 4884 liber
1487 4823 1595 4868 est.
1617 4812 2000 4884 ,SenecaAAga-

423 4876 714 4940 memnone
745 4901 760 4938 :
790 4881 894 4946 Qui
949 4878 1120 4954 uultus
1159 4876 1467 4954 Acherontis
1501 4883 1646 4954 fatri,
1692 4884 1795 4948 Qui
1834 4876 1998 4954 Sty'gn

423 4959 623 5010 tristem
651 4954 832 5008 'tristis
861 4966 964 5005 non
996 4948 1153 5010 videt,
1177 4948 1444 5022 Audetque
1465 4953 1580 5022 uitae
1607 4969 1797 5020 ponere
1818 4948 1996 5022 ﬁnem,

423 5027 540 5078 Par
580 5023 668 5078 ille
719 5023 860 5090 regi,
923 5033 1029 5090 par
1073 5018 1273 5090 superis
1303 5020 1424 5072 erit.
1481 5021 1548 5090 Et
1581 5018 1792 5077 ratione
1818 5018 2000 5075 'ntilur

424 5097 589 5148 etiam
648 5087 897 5160 respectu
944 5087 1146 5142 doloris
1200 5096 1476 5158 tantOpcre
1528 5089 1824 5146 formidati.
1877 5091 1998 5160 Ipse

425 5171 563 5218 enim
608 5164 774 5215 animi
805 5161 1063 5212 discessus
1099 5173 1130 5210 α
1159 5172 1374 5226 corpore
1411 5160 1470 5220 ﬁt
1503 5163 1614 5215 sine
1643 5163 1822 5215 dolore
1848 5173 1894 5214 et
1935 5161 1996 5228 [it

426 5236 727 5301 plerumque
765 5231 878 5284 sine
903 5299 908 5301 _
933 5245 1084 5301 sensu
1111 5267 1126 5292 ,
1160 5244 1529 5296 nonnunquam
1570 5232 1730 5284 etiam
1761 5248 1877 5284 cum
1911 5248 1998 5284 vo-

426 5297 652 5375 luptate:
687 5310 852 5354 totum
892 5299 988 5351 hac
1015 5297 1122 5375 leve
1145 5307 1240 5375 est,
1266 5301 1624 5375 qualecunque
1643 5301 1709 5353 sit
1738 5317 1759 5355 :
1773 5304 1838 5375 _Ii_t
1859 5303 1996 5375 enim

428 5368 500 5427 ad
534 5383 784 5440 punctum
832 5368 1078 5436 temporis
1104 5384 1124 5422 :
1153 5368 1342 5422 Cicero
1382 5369 1478 5436 ait,
1512 5371 1668 5424 Tusc.
1705 5386 1741 5436 ι,
1772 5371 1862 5425 54.
1897 5372 1994 5424 Sa-

427 5445 585 5511 piens
617 5454 750 5509 ergo
789 5455 894 5493 non
925 5447 1122 5511 metuet
1161 5448 1409 5506 mortem,
1448 5443 1541 5495 sed
1580 5442 1650 5494 ita
1685 5442 1866 5494 omnia
1898 5456 1991 5495 sua

431 5507 720 5581 disponet,
766 5515 827 5564 ιιι
862 5507 1100 5581 quolibet
1133 5521 1565 5581 eam_mo_mento
1596 5512 1748 5580 sequi
1798 5513 1988 5578 possit.

433 5578 1004 5652 hlarcuskimperatpor,
1041 5578 1132 5633 lib.
1154 5593 1230 5652 ᾼιι,
1261 5578 1288 5648 §
1325 5578 1393 5652 __ll
1439 5595 1452 5629 :
1497 5581 1586 5643 Ὠς
1627 5578 1726 5651 ἤδη
1765 5581 1991 5634 δυνατοῦ

428 5651 587 5716 ουτος
611 5648 808 5719 ἐξιέναι
832 5650 924 5704 τοῦ
955 5649 1090 5718 βίου,
1119 5648 1291 5711 οὕτως
1325 5649 1530 5703 ’ἐκαστα
1558 5648 1726 5704 ποιεῖν
1760 5652 1851 5705 καὶ
1879 5652 1992 5702 δια-

1103 4393 1457 4469 [ιιιιι-ἰιιανξηιν,
1491 4408 1546 4448 ιιι
1582 4397 1663 4451 vel
1686 4393 1782 4469 ,"si‘
1810 4400 1883 4449 ita
1915 4414 1992 4451 res
2027 4393 2070 4449 D
2172 4400 2284 4469 (M)
2315 4401 2537 4454 Dircaeus
2563 4401 2673 4454 τῶν
2703 4399 2903 4454 καλῶν.

2177 4470 2286 4541 (15)
2314 4469 2390 4523 Ex
2423 4469 2529 4524 CC.
2555 4470 2620 4541 Ρ.
2655 4472 2869 4541 addit_u_r
2907 4470 3256 4541 qioupcpopdt.

2177 4539 2288 4606 (16)
2311 4540 2763 4607 Τελευτήσαντα
2787 4539 2912 4607 ζῇν.
2931 4538 3042 4603 Ὀιιὶ
3055 4538 3148 4608 per
3164 4538 3403 4593 uirtutem
3424 4538 3688 4604 ρει-ωιτη..

2104 4625 2209 4662 non
2248 4610 2424 4663 interit
2457 4608 2652 4680 [PlauL
2685 4611 2840 4678 Capt.
2872 4609 2928 4672 4,
2963 4609 3018 4671 5,
3061 4608 3174 4732 32'].
3212 4607 3528 4663 Consolatio
3559 4625 3678 4661 ma-

2104 4677 2276 4731 lorum
2308 4681 2654 4732 nrtesentium
2684 4696 2712 4732 a
2742 4678 2920 4732 futura
2942 4679 3052 4732 illic
3074 4681 3123 4732 l'e
3150 4680 3332 4732 rcitatc
3365 4689 3554 4732 reanat
3576 4694 3676 4732 per

2104 4677 2276 4731 lorum
2308 4677 2654 4746 praesentium
2684 4696 2712 4734 a
2733 4677 2920 4746 futura
2942 4679 3052 4734 illic
3074 4677 3332 4734 l'ehcitatc
3365 4689 3554 4746 regnat
3576 4694 3676 4746 per

2102 4763 2292 4818 omnes
2327 4747 2726 4802 Platonicorum
2775 4757 2833 4803 ct
2861 4747 3294 4815 Christianorum
3325 4748 3512 4802 libros.
3547 4747 3678 4818 Epi-

2103 4817 2248 4870 curei
2287 4826 2407 4882 post
2437 4818 2738 4873 discessum
2779 4833 2810 4872 e
2837 4819 2950 4872 vita
2982 4818 3118 4873 nihil
3147 4833 3374 4887 usquam
3399 4818 3466 4870 ad
3500 4817 3682 4870 horni-

2103 4901 2224 4938 nem
2258 4888 2528 4954 pertinere
2554 4889 2809 4955 deinceps
2838 4902 2998 4956 posse
3039 4888 3344 4942 delirarunt
3368 4904 3384 4952 ;
3408 4902 3518 4956 quo
3555 4889 3680 4941 diro

2101 4956 2238 5008 scito
2279 4957 2436 5010 simul
2483 4971 2669 5012 verum
2699 4957 2920 5012 virtutis
2967 4967 3022 5012 ct
3072 4957 3375 5011 divinitatis
3434 4972 3686 5012 amorem

2103 5023 2414 5081 hominibus
2459 5035 2908 5094 expectorarunt.
2937 5028 3070 5082 Vide
3103 5026 3414 5081 Lucretium
3462 5027 3559 5079 lib.
3595 5041 3685 5093 tu,

2100 5095 2191 5163 qui
2221 5110 2502 5151 cmnosum
2531 5097 2703 5151 solum
2737 5098 2991 5152 eburneis
3021 5098 3210 5152 rastris
3237 5106 3438 5151 versat.
3471 5095 3570 5149 Bs.

2173 5164 2288 5236 (l7)
2349 5165 2540 5221 Procul
2580 5167 2810 5236 terrenis
2843 5175 2939 5221 aut
2967 5182 3255 5236 corporum
3293 5205 3310 5228 ,
3343 5167 3680 5236 voluptatem

2101 5232 2238 5306 [an]
2270 5232 2579 5303 corporibus
2606 5275 2621 5299 ,
2658 5235 2741 5291 vel
2772 5232 3362 5306 corporum—voluptate
3384 5275 3402 5302 ,
3426 5232 3686 5306 uolupta—

2099 5303 2225 5377 iem]
2253 5314 2308 5377 et
2334 5306 2557 5360 delicias
2579 5321 2726 5376 purae
2753 5303 2950 5377 animm
2980 5308 3389 5377 convenientes.
3421 5304 3684 5377 Nec_quis

2097 5375 2233 5428 alias
2283 5375 2632 5444 imaginetur,
2664 5385 2886 5432 secutus
2930 5375 3164 5430 futilium
3202 5377 3484 5430 hominum
3531 5375 3686 5430 luro-

2097 5459 2234 5516 rem,
2271 5445 2362 5514 qui
2395 5455 2596 5509 tamen,
2623 5461 2718 5516 spe
2753 5461 3140 5515 corporearum
3188 5455 3308 5513 post
3339 5447 3480 5499 hanc
3501 5446 3688 5516 vitam

2096 5513 2432 5583 voluptatum
2463 5554 2478 5580 ,
2517 5513 2862 5581 maximam,
2895 5517 3089 5571 bonam
3122 5527 3294 5582 certe,
3329 5530 3468 5571 nunc
3501 5513 3684 5570 homi-

2096 5600 2220 5637 num
2253 5594 2462 5654 partem
2497 5601 2624 5642 vero
2656 5600 2821 5640 sensu
2855 5587 3071 5642 avertit.
3107 5584 3202 5639 ΒΑ.

2143 5657 2275 5727 ,(18ι
2304 5655 2408 5711 CC.
2445 5654 2503 5710 P.
2540 5655 2900 5727 μεταϐέϐηκε.
