4048 6396
343 282 446 348 921

1648 286 2276 348 THEOPHRASTUS.

3500 291 3606 353 922

341 393 468 445 οὔτε
499 388 683 459 ἀγαθά
709 387 821 459 (19)
849 386 1021 442 ταῦτα
1049 387 1209 460 εἴπερ
1241 390 1336 444 καὶ
1375 390 1562 445 κακῶν
1591 391 1742 446 αἴτια
1760 408 1773 423 ’
1798 392 1921 446 οὔτε

2038 393 2357 463 voluptatem
2386 393 2565 448 anima
2588 407 2726 464 pura
2759 394 3000 466 dignam.
3031 394 3162 463 Quae
3199 405 3346 451 certe
3385 413 3509 452 sunt
3547 412 3600 457 ct

345 480 625 542 ἀθάνατα,
655 477 788 532 ἀλλὰ
827 478 1068 548 σκιοειδῆ
1119 479 1483 550 φαντάσματα
1511 479 1622 552 (20)
1656 481 1753 534 καὶ
1814 483 1915 550 ἐφ-

348 569 684 642 ἡμεραβί).

2025 485 2282 538 videntur
2324 498 2446 540 esse
2481 483 2628 554 justa
2676 486 2893 540 virtutis
2949 487 3168 556 praemia
3215 503 3364 542 :non
3419 502 3600 544 autem

2025 574 2344 641 dominatio,
2378 591 2483 631 non
2523 591 2684 646 opum
2704 574 3014 639 aﬂluentia;
3056 594 3178 648 quae
3217 579 3402 634 multis
3437 581 3600 636 etiam

348 683 585 735 ipsorum
643 665 874 722 dominis
927 667 1181 720 damnum
1238 681 1609 738 saepenumere
1660 669 1858 725 dedere
1902 688 1914 722 :
1960 671 2235 742 multoque
2303 674 2482 727 minus
2541 687 2604 727 ea
2638 673 2779 727 bona
2817 687 2881 727 ex
2917 673 3113 742 quibus
3146 673 3287 729 mala
3317 676 3608 746 provenire

343 773 700 822 consuevere,
729 773 957 828 quaeque
999 773 1106 812 non
1141 767 1342 814 aeterna
1391 770 1538 829 sunt,
1568 761 1662 816 sed
1706 771 1918 830 spectra
1963 767 2283 820 umbrarum
2312 765 2536 830 similia,
2570 774 2627 820 et
2658 774 3028 819 monumenta.

431 849 632 901 Ἐνίοτε
663 848 719 902 δὲ
760 849 980 902 σπεύδει
1011 850 1110 919 μὲν
1141 851 1278 920 πρὸς
1309 851 1510 922 ἀρετὴν
1541 853 1569 904 ὁ
1614 851 1924 926 ἄνθρωπος,

347 939 543 992 ὤλισθε
587 939 667 1002 δὲ,
711 940 810 992 καί
859 958 913 993 τι
963 941 1284 1011 παράνομον
1322 941 1354 1011 ἢ
1387 941 1735 1013 διεπράξατο,
1779 943 1924 1012 ἣδι-

348 1030 568 1102 ενοὴθη.
599 1032 705 1084 Καὶ
739 1033 873 1101 ἡμῖν
917 1033 1014 1102 μὲν
1045 1029 1103 1087 εὖ
1139 1032 1284 1102 ἔχειν
1338 1033 1520 1085 δοκεῖ’
1554 1033 1623 1086 τὰ
1657 1033 1766 1104 γὰρ
1790 1036 1922 1104 ἡμέ-

347 1141 485 1195 τερα
517 1123 988 1194 προκαλύμματα.
1031 1127 1125 1178 καὶ
1154 1123 1432 1188 τάκείνου,
1462 1123 1714 1194 ἐμποδὼν
1742 1125 1926 1194 γίγνε-

347 1232 438 1268 ται
471 1214 584 1286 (22)
620 1215 806 1283 σαφῶς
843 1214 912 1268 τά
963 1213 1111 1268 ἔνδον
1146 1215 1371 1286 θεωρεῖν
1393 1229 1407 1244 ⁸
1441 1215 1538 1267 καὶ
1568 1214 1925 1285 θαυμάζομεν

349 1307 414 1360 ἄν
439 1323 493 1359 τι
520 1306 672 1378 πάθῃ
699 1305 810 1378 (23)
833 1309 898 1378 τῇ
921 1307 1020 1378 τῆς
1050 1306 1231 1370 αἰτίας
1262 1306 1473 1378 ἀγνοίᾳ.
1503 1307 1592 1378 Τῷ
1619 1309 1677 1361 δὲ
1697 1309 1928 1379 δικαστῇ

348 1399 533 1470 γυμνά
581 1400 784 1453 πάντα.
836 1400 955 1467 Kal;
989 1399 1221 1452 κατιδὼν
1247 1401 1336 1453 τὸν
1371 1400 1690 1472 ἄνθρωπον,
1724 1400 1793 1454 τά
1827 1401 1931 1470 μὲν

348 1491 488 1545 ἄλλα
527 1491 841 1562 πράττοντα
887 1491 1088 1555 καλῶς,
1142 1491 1336 1562 μικρὸν
1364 1491 1422 1544 δέ
1465 1509 1518 1544 τι
1557 1492 1722 1545 αὑτοῦ
1759 1491 1928 1544 λελω-

346 1581 612 1653 ϐημένον,
661 1581 876 1652 ίάσιμον
908 1581 966 1634 δὲ
1000 1582 1277 1652 φαρμάκῳ
1301 1597 1315 1610 ⁶
1363 1582 1599 1636 ἐνταῦθα
1653 1583 1932 1652 συγχωρεῖ

2101 856 2375 910 Interdum
2421 866 2602 910 autem
2645 855 2714 909 ad
2768 856 3021 910 virtutem
3068 856 3348 910 contendit
3403 858 3600 922 homo,

2027 945 2082 1000 in
2124 961 2296 1017 eoque
2321 949 2598 1016 proposito
2626 957 2987 1016 susceptoque
3017 948 3247 1002 consilio
3281 949 3444 1015 perit.
3481 949 3605 1016 llic,

2029 1039 2072 1093 si
2105 1036 2233 1108 quid
2270 1037 2556 1092 adversum
2588 1037 2796 1108 legibus
2834 1038 3084 1106 patrarit,
3115 1046 3209 1090 aut
3239 1037 3430 1092 saltem
3458 1040 3606 1108 cogi-

2033 1130 2195 1194 tarit;
2230 1127 2390 1182 nobis
2414 1128 2631 1197 quidem
2661 1127 2873 1182 videtur
2897 1129 3102 1196 optime
3123 1128 3240 1196 ejus
3269 1143 3356 1184 res
3384 1129 3607 1198 habere,

2031 1221 2230 1292 quippe
2269 1221 2465 1290 quibus
2511 1221 2704 1285 nostri,
2754 1236 2848 1275 seu
2894 1220 3074 1291 potius
3129 1219 3276 1276 illius
3315 1229 3611 1290 prattextus

2033 1311 2275 1376 obstant,
2331 1311 2618 1380 quominus
2640 1311 2768 1380 quid
2813 1311 2955 1364 intus
2990 1310 3157 1365 lateat
3194 1311 3497 1366 videamus.
3531 1311 3611 1366 Ex

2034 1417 2142 1470 quo
2169 1400 2307 1456 solet
2345 1399 2660 1467 usuvenire,
2688 1408 2749 1454 ut
2791 1401 3135 1470 ignoratione
3165 1415 3346 1457 causa:
3373 1402 3608 1470 decepti,

2037 1492 2386 1563 quamobrem
2423 1493 2636 1548 adversi
2671 1493 2799 1562 quid
2829 1492 3133 1562 pertulerit,
3155 1493 3516 1548 admiremur.
3539 1492 3622 1546 Δι’

2036 1585 2087 1640 in
2116 1594 2408 1654 conspectu
2439 1584 2673 1655 supremi
2707 1582 2917 1638 Judicis
2954 1585 3092 1637 nuda
3124 1583 3444 1652 delectaque
3485 1593 3613 1638 sunt

347 1673 542 1727 παθῶν
570 1673 683 1744 (24)
707 1689 760 1725 τι
792 1672 956 1726 αὑτὸν
988 1674 1082 1726 καὶ
1111 1673 1376 1737 ἀποτίσας
1409 1675 1544 1745 (25),
1587 1673 1730 1726 ὥστε
1759 1674 1929 1728 καθα-

2038 1679 2238 1732 omnia.
2271 1676 2372 1744 Qui
2418 1677 2463 1732 si
2492 1677 2673 1730 videat
2713 1675 2987 1730 hominem
3034 1676 3306 1744 aliquibus
3347 1677 3400 1729 in
3451 1678 3612 1729 rebus

347 1766 444 1834 ρὸν
474 1765 770 1835 γενόμενον
799 1763 907 1818 τῶν
933 1766 1053 1818 ἐκεῖ
1100 1763 1284 1818 καλῶν
1321 1765 1576 1836 καθαρῶς
1607 1765 1924 1820 ἀπολαύειν.

347 1856 411 1908 Εἰ
427 1855 485 1908 δέ
500 1872 582 1918 τις
596 1853 795 1908 ἀδικῶν
812 1854 1096 1926 ἄνθρωπον
1116 1855 1226 1926 (26)
1239 1855 1420 1922 ἄλλον,
1441 1857 1571 1927 παρ’
1589 1855 1752 1909 ἄλλου
1768 1855 1932 1910 πάθοι

345 1949 554 2012 κακῶς,
580 1948 744 2012 αὐτὸς
767 1948 866 2018 μὲν
887 1948 1121 2001 πέπονθε
1147 1948 1402 2010 δικαίως·
1431 1951 1460 2000 ὁ
1479 1949 1535 2002 δὲ
1562 1948 1786 2019 δράσας,
1811 1949 1930 2002 ἀδί-

345 2045 468 2100 κως·
489 2035 736 2100 ἐπέθετο,
759 2036 854 2088 καὶ
875 2036 935 2089 οὐ
968 2037 1176 2107 μήποτε
1207 2035 1438 2106 ἐκφύγοι
1462 2054 1474 2067 ⁸
1505 2038 1638 2102 Θεὸς
1663 2037 1720 2090 δὲ
1745 2039 1930 2108 ἀμφό-

343 2145 481 2199 τερα
511 2128 625 2200 (27)
658 2127 944 2195 συνέταξε·
993 2131 1088 2182 καὶ
1132 2129 1223 2182 τὸν
1258 2130 1583 2199 πεισόμενον
1611 2129 1690 2200 τῷ
1741 2130 1934 2200 ἐπιτη-

343 2221 477 2292 δείῳ
500 2221 726 2292 ποιῆσαι
749 2219 970 2286 τοῦτο,δ
988 2219 1178 2275 παθεῖν
1199 2222 1366 2292 ἐχρῆν
1383 2224 1612 2282 ἐκεῖνον,
1635 2223 1715 2286 είς
1737 2223 1934 2276 ταυτὸν

345 2312 630 2382 συνήγαγε
653 2327 668 2342 ο
697 2311 791 2365 καὶ
821 2311 1052 2364 ἑκάστου
1080 2305 1191 2364 οἷον
1218 2311 1459 2380 φθόγγου
1489 2313 1584 2381 ἀφ’
1609 2313 1805 2367 ἑαυτοῦ
1835 2315 1934 2384 τὴν

346 2403 539 2474 φωνὴν
571 2403 849 2474 ἀφιέντος,
878 2403 979 2471 τὴν
1012 2404 1110 2475 μὲν
1152 2403 1372 2474 βελτίω,
1397 2404 1568 2474 τὴνδὲ
1605 2405 1802 2476 χείρω⁶
1840 2405 1936 2458 καὶ

344 2494 445 2548 τοῦ
491 2493 594 2564 μὲν
657 2493 962 2558 ποιοῦντος,
1027 2493 1120 2546 τοῦ
1179 2493 1236 2546 δὲ
1268 2493 1604 2564 πάσχοντος,
1657 2493 1788 2562 μίαν
1847 2493 1936 2548 ἐπ’

345 2591 540 2651 αὐτοῖς
579 2588 733 2658 ὅμως
757 2590 858 2658 τὴν
888 2587 1158 2659 ἁρμονίαν
1193 2587 1582 2658 συνεστήσατο.
1612 2587 1722 2642 Καὶ
1755 2586 1816 2640 οὐ
1848 2586 1937 2640 διὰ

343 2678 508 2732 τοῦτο
537 2679 708 2732 κακὸν
729 2678 946 2746 ἐγένετο
979 2679 1055 2742 ὡς
1088 2677 1154 2731 ἂν
1197 2678 1549 2749 συνταχθείη,
1583 2677 1697 2731 ἀλλ’
1741 2678 1935 2750 ἐπειδὴ

345 2771 572 2838 ἐγένετο
604 2769 733 2842 παρ’
762 2769 943 2840 ἡμῶν,
981 2769 1091 2824 ἀπὸ
1133 2771 1231 2839 τῆς
1263 2770 1522 2840 προνοίας
1555 2769 1933 2825 συνετάττετο.

345 2859 593 2928 Δύναμις
618 2859 676 2911 δὲ
706 2859 800 2912 καὶ
825 2859 982 2912 τοῦτο
1008 2858 1241 2929 μεγάλη,
1265 2857 1447 2920 καλῶς
1474 2857 1568 2911 καὶ
1596 2861 1712 2921 τοῖς
1741 2861 1936 2922 κακοῖς

2003 1767 2263 1828 cilicium
2295 1782 2450 1822 suum
2495 1766 2754 1836 praeclare
2783 1766 2986 1830 facere,
3035 1767 3086 1819 in
3121 1767 3395 1835 aliquibus
3423 1781 3614 1820 rursus

2033 1869 2314 1929 utcunque
2350 1860 2600 1914 vitiatum
2638 1859 2855 1928 quidem
2905 1873 3046 1922 esse,
3081 1868 3454 1912 verumtamen
3501 1858 3611 1910 ali-

2033 1962 2140 2017 quo
2173 1948 2351 2002 adhuc
2389 1948 2633 2003 remedio
2680 1949 2863 2002 curari
2901 1962 3062 2017 posse
3089 1967 3107 2002 °.
3136 1957 3264 2002 tunc
3312 1963 3448 2004 sane
3492 1962 3618 2016 per-

2035 2037 2203 2092 mittit
2236 2047 2294 2094 ut
2335 2039 2543 2094 leniore
2593 2039 2775 2107 aliquo
2830 2038 2972 2092 malo
3006 2037 3290 2104 adiciatur,
3332 2053 3522 2106 nempe
3559 2047 3618 2090 ut

2033 2129 2211 2200 pwnis
2256 2144 2392 2201 quas
2425 2130 2656 2195 dederit,
2711 2129 2885 2185 factus
2930 2131 3137 2200 purior,
3188 2131 3254 2184 iis
3297 2145 3414 2198 qua:
3455 2129 3618 2184 isthic

2035 2223 2234 2278 adsunt
2276 2222 2436 2278 bonis
2477 2230 2630 2277 caste
2677 2219 3013 2291 perlruatur.
3039 2221 3332 2286 Cteterum,
3381 2220 3426 2274 si
3471 2221 3616 2288 quis,

2035 2315 2127 2370 ubi
2159 2314 2211 2368 in
2246 2313 2408 2368 alium
2442 2311 2609 2367 fuerit
2643 2311 2896 2380 injurias,
2945 2313 3013 2366 ab
3045 2311 3154 2366 alio
3186 2327 3375 2366 rursus
3415 2312 3616 2365 malum

2037 2403 2270 2473 accipiat
2297 2415 2314 2455 :
2340 2401 2463 2470 jure
2503 2403 2721 2472 quidem
2768 2403 2886 2470 ipse
2924 2401 3128 2456 malum
3180 2402 3386 2456 illatum
3434 2401 3563 2456 feret
3599 2416 3616 2455 :

2036 2496 2133 2550 sed
2170 2494 2261 2564 qui
2297 2496 2553 2549 damnum
2591 2495 2640 2548 ei
2673 2494 2842 2560 dedit,
2868 2493 3069 2563 injuste
3091 2494 3260 2558 dedit,
3290 2495 3622 2562 minimeque

2037 2599 2230 2657 poenas
2258 2585 2501 2656 ell'ugict.
2540 2584 2684 2640 Deus
2713 2593 2893 2640 autem
2927 2595 3238 2655 utrumque,
3267 2584 3623 2653 quemadmo-

2039 2678 2167 2732 dum
2200 2675 2402 2732 factum
2449 2685 2555 2740 cst,
2606 2675 2937 2731 constituit:
2966 2676 3166 2746 quippe
3205 2677 3294 2745 qui
3347 2675 3622 2730 hominem

2039 2768 2190 2822 illum
2236 2767 2436 2838 injuria
2467 2767 2554 2822 vel
2603 2767 2745 2823 malo
2801 2767 3169 2833 afﬁciendum,
3218 2767 3423 2822 homini
3467 2766 3532 2820 ad
3572 2765 3624 2820 id

2039 2858 2182 2926 quod
2209 2857 2442 2912 debebat
2481 2857 2616 2926 pati,
2648 2856 2850 2912 malum
2888 2857 3253 2921 inferendum,
3300 2865 3426 2926 apto
3460 2864 3624 2923 atque

345 2952 588 3022 χρῆσθαι
607 2951 742 3021 (28)°
764 2953 995 3014 καὶτοῖς
1029 2951 1087 3018 ἐξ
1113 2955 1144 3021 ἡ
1155 2951 1272 3021 μῶν
1305 2951 1578 3022 ἀμόρφοις
1595 2950 1932 3020 γενομένοις,

2042 2948 2237 3002 idoneo
2287 2949 2512 3002 adduxit
2554 2964 2569 3002 :
2617 2948 2883 3017 quasique
2935 2949 3217 3017 utriusque
3261 2962 3328 3000 ex
3396 2954 3626 3015 utroque

345 3046 428 3108 είς
449 3043 565 3114 (29)
605 3044 819 3115 μορφὰς
838 3044 1032 3116 ἐτέρας
1062 3043 1332 3098 συντελεῖν
1362 3043 1643 3098 δύνασθαι.

2035 3054 2220 3094 vocem
2247 3039 2504 3094 entittens
2531 3038 2666 3109 ipse,
2699 3039 2841 3094 hanc
2870 3039 3088 3108 quidem
3130 3038 3432 3103 meliorem,
3474 3037 3624 3093 illam

347 3151 482 3191 vero
537 3139 859 3192 deteriorem
910 3137 1130 3192 :altero
1179 3138 1398 3205 quidem
1441 3147 1657 3207 agente,
1703 3136 1799 3191 sed
1843 3135 2091 3204 patiente
2160 3131 2336 3187 altero
2369 3150 2383 3187 :
2415 3147 2580 3186 unum
2644 3131 2938 3202 quemdam
3014 3130 3069 3184 in
3109 3131 3174 3185 iis
3202 3131 3467 3184 ambobus
3491 3143 3625 3184 con-

347 3239 573 3283 centum
620 3231 793 3286 dedit.
829 3229 1016 3299 Neque
1059 3245 1188 3286 vero
1229 3231 1332 3286 hoc
1358 3231 1532 3300 ipsum
1572 3228 1954 3284 constituendo
1993 3236 2273 3297 peccatum
2299 3225 2649 3280 commissum
2674 3233 2799 3278 est:
2859 3223 3078 3293 quando
3120 3220 3319 3276 factum
3352 3221 3527 3290 ipsum
3558 3219 3626 3273 ab

353 3322 681 3378 hominibus
739 3331 1013 3391 patratum
1064 3333 1170 3390 est,
1221 3337 1250 3376 a
1335 3320 1688 3378 Providentia
1737 3317 2094 3374 c0ttstitutum
2156 3327 2213 3372 et
2295 3315 2692 3372 coordinatum.
2743 3312 2948 3382 Magnae
3032 3326 3160 3366 vero
3225 3311 3502 3365 facultatis
3544 3317 3630 3363 est

349 3415 520 3470 etiam
543 3428 608 3468 ea
633 3427 752 3483 quae
780 3411 1084 3467 malefacta
1121 3423 1269 3480 sunt,
1303 3411 1355 3466 in
1383 3427 1540 3468 usum
1610 3409 1848 3478 aliquem
1915 3409 2114 3463 bonum
2163 3414 2508 3466 convertere.
2545 3414 2599 3458 et
2661 3418 2780 3473 quae
2816 3417 2916 3458 nos
2981 3401 3234 3457 informia
3277 3401 3528 3470 fecimus,
3562 3415 3627 3455 ea

351 3510 406 3564 in
460 3508 692 3563 formam
742 3505 1028 3575 pulchram
1081 3519 1240 3575 posse
1295 3505 1539 3575 redigere
1601 3514 1658 3560 et
1711 3500 1950 3573 perfecta
1986 3501 2265 3556 exhibere.

423 3601 585 3657 Οὕτω
617 3599 682 3671 δὴ
725 3601 844 3663 ταῖς
881 3598 1081 3670 ψυχαῖς
1122 3598 1184 3651 τὸ
1234 3599 1354 3651 κατ’
1384 3598 1544 3663 ἀξίαν
1591 3597 1938 3666 συλλέγεται,

351 3694 452 3748 καὶ
476 3694 540 3746 τὸ
574 3691 881 3763 πεπονηκὸς
929 3689 1317 3762 θεραπεύεται,
1366 3690 1462 3744 καὶ
1509 3691 1571 3743 τὸ
1615 3690 1794 3744 κοινὸν
1819 3690 1938 3743 δια-

354 3785 616 3851 σώζεται.
651 3783 1033 3837 Ηλουτείτω-δὲ
1064 3782 1160 3837 καὶ
1211 3783 1506 3852 ύγιαινέτω
1542 3783 1681 3845 τέως
1711 3784 1739 3836 ὁ
1767 3799 1936 3853 πονη-

356 3877 474 3947 ρὸς,
503 3875 669 3946 φησὶν
701 3877 738 3946 ἡ
775 3875 874 3945 τῆς
923 3874 1178 3946 προνοίας
1206 3873 1607 3944 φιλανθρωπία.
1640 3875 1714 3926 Ἦ
1737 3873 1845 3944 γάρ
1871 3875 1938 3944 τῇ

354 3968 628 4040 θεραπείᾳ
667 3967 866 4036 γένοιτ’
901 3966 968 4020 ἂν
1031 3965 1279 4036 βελτίων,
1337 3965 1594 4036 καθάπερ
1643 3966 1692 4017 οί
1749 3965 1940 4029 παῖδες

354 4061 523 4131 ἡδονῇ
564 4077 668 4114 τινι
727 4059 864 4140 πρδς
906 4059 1104 4129 τέχνην
1189 4055 1704 4129 παρακαλούμενοι·
1764 4057 1798 4126 ἢ
1847 4056 1938 4120 ἑξ-

353 4152 639 4223 ελεγχθεὶς
658 4193 673 4217 ,
705 4151 798 4205 καὶ
830 4151 938 4204 πᾶν
970 4151 998 4203 ὅ
1026 4167 1078 4203 τι
1118 4149 1217 4219 τῆς
1245 4149 1424 4219 ψυχῆς
1454 4147 1687 4201 ὕπουλον
1718 4146 1940 4218 γυμνὼ-

356 4262 496 4307 σας.
549 4246 644 4297 καὶ
693 4243 813 4299 ὅλον
857 4245 1049 4296 ἑαυτὸν
1085 4241 1517 4310 ἐπιδειξάμενος,
1568 4240 1732 4302 αὐτὸς
1761 4239 1942 4309 ἑαυτῷ

353 4335 784 4407 προευτρεπίζει
815 4336 910 4408 τὴν
937 4334 1111 4404 φλόγα
1134 4333 1268 4407 (50),
1291 4331 1497 4404 πολλὴν
1531 4330 1666 4402 ὕλην
1691 4332 1942 4403 ἐπηρμέ-

2115 3593 2294 3661 Atque
2335 3591 2415 3646 sic
2447 3589 2664 3661 quidem
2702 3589 2989 3642 animabus
3017 3601 3114 3642 sua
3157 3587 3396 3656 dignitas
3437 3585 3625 3654 acqui-

2045 3683 2224 3748 ritur;
2272 3690 2329 3736 et
2370 3682 2515 3750 quod
2559 3680 2764 3749 aliquid
2797 3687 2881 3734 est
2927 3679 3052 3732 mali
3095 3693 3336 3747 passum,
3384 3687 3629 3740 curatur,

2041 3789 2096 3834 ει
2141 3773 2414 3845 publicum
2466 3772 2664 3826 bonum
2711 3779 3089 3826 conservatur.
3133 3769 3240 3824 Sed
3282 3769 3326 3824 si
3368 3768 3630 3824 scelestus

2041 3871 2242 3942 aliquis
2279 3871 2508 3924 ditescat
2532 3883 2594 3922 ac
2621 3866 2816 3930 valeat,
2851 3863 2906 3918 id
2935 3861 3152 3933 quidem
3172 3871 3527 3915 constatesse
3559 3875 3628 3914 ex

2043 3961 2399 4033 providenthe
2435 3961 2634 4014 divinae
2663 3973 2791 4026 erga
2822 3971 2922 4010 nos
2966 3968 3233 4024 propensa
3265 3953 3547 4008 voluntate
3571 3960 3628 4005 et

2047 4053 2240 4124 gratia.
2266 4050 2392 4106 Sive
2421 4051 2563 4105 enim
2589 4049 2690 4102 hoc
2716 4046 2953 4101 remedio
2977 4046 3069 4098 fiat
3111 4043 3322 4107 melior,
3350 4045 3620 4112 quemad-

2051 4146 2265 4200 modum
2288 4141 2452 4214 642
2481 4141 2634 4211 pueri
2653 4138 2970 4209 quihusdam
2991 4136 3260 4191 illecebris
3283 4136 3348 4189 ad
3369 4136 3629 4189 bonarum

2053 4237 2250 4292 artium
2274 4235 2451 4289 studia
2482 4232 2698 4286 invitari
2733 4230 2912 4284 solent
2937 4247 2950 4282 :
2980 4229 3094 4283 sive
3125 4227 3408 4282 convictus
3443 4226 3630 4292 despe-

2056 4339 2186 4385 rata:
2213 4326 2452 4394 malitiae,
2481 4333 2649 4393 atque
2679 4324 2881 4378 nudato
2907 4336 2974 4377 eo
2999 4321 3142 4392 quod
3176 4319 3399 4386 latebat,
3441 4318 3634 4371 anima:

431 4488 546 4558 (19)
593 4489 743 4542 Οῠτε
792 4489 1002 4557 ἀγαθά.
1039 4488 1214 4544 Cebes
1265 4488 1372 4543 ﬁne
1419 4486 1637 4540 Tabula:
1687 4484 1760 4557 [ο.
1803 4484 1931 4557 39];

2112 4481 2225 4558 (22)
2256 4476 2565 4558 Ἐμποδῲν
2584 4476 2871 4558 γίῃιεται.
2897 4473 3056 4529 Solus
3082 4473 3226 4527 enim
3257 4471 3399 4527 Deus
3417 4471 3630 4526 intcrna

355 4559 556 4615 Boeth.
594 4559 670 4612 De
701 4561 898 4614 comat.
933 4575 997 4624 ll,
1047 4576 1100 4629 ν.
1135 4559 1236 4624 37;
1283 4568 1340 4614 et
1388 4558 1564 4612 omnis
1607 4562 1806 4611 chorus
1849 4572 1937 4608 Su-

356 4634 625 4682 Diettltttn.
664 4629 760 4682 ΒΑ.

399 4640 625 4684 tetttutn.
667 4640 760 4685 UA.

356 4647 865 4769 p'iiiiii'l'éxigéwﬁ
892 4697 1308 4768 φαντάσματα.
1349 4698 1574 4767 Spectra
1598 4695 1930 4769 umbratilis,

357 4785 598 4838 quorum
635 4771 906 4835 possessio
941 4770 1050 4822 sola
1081 4778 1294 4823 constet
1327 4768 1622 4838 opinione;
1663 4781 1766 4838 non
1793 4768 1938 4838 e_uiut

355 4833 580 4892 stabilis
612 4833 799 4892 eorum
835 4855 962 4892 usus
997 4849 1101 4893 est.
1134 4833 1372 4891 Pulchre
1397 4836 1670 4890 Hierocles
1717 4837 1768 4887 in
1805 4833 1943 4888 Car-

360 4925 490 4982 men
527 4912 764 4982 Aureum
803 4907 881 4982 [p.
1027 4923 1042 4960 :
1080 4907 1406 4982 :();t_olw;_63-:
1435 4907 1529 4982 καὶ
1559 4905 1657 4982 τῂν
1679 4904 1943 4982 τῶνχρῃς

355 4978 558 5048 μάτων
587 4978 747 5044 φύσιν
785 4969 886 5030 of»):
915 4969 1100 5045 ἀγνοεῖ
1127 4969 1252 5040 [ὅτι
1296 4977 1389 5030 νῦν
1417 4977 1514 5047 μὲν
1550 4969 1689 5048 ᾖλθε
1718 5013 1732 5036 ,
1763 4969 1859 5048 νύν
1884 4969 1942 5024 δὲ

351 5040 608 5168 axillis,-
623 5049 766 5102 κατά
781 5065 932 5110 τινας
955 5040 1266 5118 ὡρισμένας
1284 5040 1485 5110 αἰτίας,
1516 5040 1601 5107 αἷς
1624 5043 1940 5096 ἀντιτείνειν

353 5116 464 5168 ἀϐἑ
501 5135 659 5168 τεοον
679 5133 691 5146 ·
723 5118 832 5168 τῶν
861 5118 969 5168 γὰο
998 5119 1097 5168 οὐκ
1124 5118 1208 5168 ἐφ’
1229 5119 1362 5168 ἡμῖν
1384 5117 1483 5168 τῆς
1505 5116 1748 5168 κτήσεως
1779 5115 1939 5168 ἡμεῖς

353 5115 659 5189 ἀβέλτερον
679 5133 691 5146 ·
723 5118 832 5170 τῶν
861 5118 969 5188 γὰρ
998 5115 1362 5189 οὐκίὲφίήμῖν
1384 5117 1483 5186 τῆς
1505 5116 1758 5189 κτήσεως
1779 5115 1939 5182 ἡμεῖς

355 5187 426 5239 οὐ
463 5183 675 5257 κύρίοι⁸
705 5189 805 5241 ούκ
829 5183 913 5258 ἐφ’
940 5183 1075 5258 μίν
1098 5188 1150 5240 δὲ
1169 5183 1234 5240 τὸ
1248 5183 1633 5258 σῶμαάᾳὶτὰ
1664 5183 1939 5258 χρήματα,

360 5259 462 5310 καὶ
507 5253 697 5320 ἁπλῶς
732 5260 833 5312 ὅσα
866 5253 1218 5328 τῆς”>.ογικῆς
1247 5253 1404 5326 ἡμῶν
1443 5256 1632 5316 οὐσίας
1680 5253 1786 5328 ἔξω
1824 5255 1942 5303 κεῖ-

358 5343 482 5392 ται,
521 5342 626 5383 etc.
653 5328 781 5382 Haac
807 5325 935 5380 vero
959 5325 1136 5382 omnia
1171 5325 1368 5394 possis,
1394 5340 1645 5378 verorum
1679 5325 1942 5394 bonorum

359 5390 800 5464 (Olllparallone,
836 5399 958 5453 talia
999 5390 1311 5463 nuncupare
1343 5390 1869 5464 phantasutata._Ba.

437 5461 553 5542 ('2'!)
579 5461 881 5542 Hesychius
898 5485 920 5542 _:
951 5469 1126 5542 ὲφῄμε
1137 5461 1228 5542 ρας
1248 5461 1605 5542 εὐμετάϐολα,
1643 5461 1943 5530 εὔφθαρτα.

361 5534 978 5607 Ῑιιὶυισρτθε.ἸΙεΙιὊιίιιε
1017 5534 1229 5608 [κνοω]
1278 5534 1383 5588 non
1437 5535 1596 5586 vertit
1655 5543 1702 5584 et
1757 5547 1946 5608 monu-

2040 4561 2097 4609 et
2119 4545 2279 4606 'videt
2305 4545 2358 4602 et
2392 4545 2629 4618 judicat.
2667 4545 2760 4618 Bct

2135 4622 2227 4690 23)
2495 4617 2560 4690 ἀν
2580 4615 2849 4690 τιᾱπάθοι.

2133 4681 2228 4755 24)
2258 4689 2363 4743 CC.
2395 4686 2458 4741 P.
2492 4684 2727 4756 ἐνταῦθα
2753 4685 2948 4756 μικρὸν
2998 4681 3262 4752 ἀναμένει
3291 4681 3422 4738 παθ.

2139 4760 2232 4830 25)
2267 4758 2442 4830 Eque
2481 4755 2754 4830 ἀποτίσοι.

2141 4823 2232 4896 26)
2268 4827 2374 4882 CC.
2409 4826 2470 4878 Ρ.
2498 4827 2617 4896 sine
2643 4823 2957 4895 ἄνθρωπον.

2120 4895 2235 4970 (27)
2410 4895 2622 4970 ἀμφότε
2631 4911 2744 4970 ρονέ

2142 4961 2236 5038 28)
2271 4965 2376 5038 9(3-
2401 4961 2467 5038 Pl
2500 4961 2831 5038 χρήάασθει·

2142 5034 2233 5101 29)
2259 5035 2364 5090 CC.
2398 5034 2457 5086 P.
2490 5034 2584 5086 καὶ
2609 5034 2842 5101 μορφάς.

2147 5100 2236 5175 50)
2269 5100 2709 5175 Προευτρεπίζει
2746 5101 2864 5167 τὴν
2890 5101 3109 5170 φλόγα.
3161 5101 3540 5175 ῐρςεοᾶευεει
3569 5111 3626 5175 et

2052 5171 2321 5235 suillando
2363 5174 2508 5227 velut
2537 5186 2643 5240 sua
2669 5185 2770 5240 per,
2803 5181 3072 5224 tormenta
3103 5171 3471 5226 valentiorem
3501 5173 3634 5226 facit

2053 5251 2232 5318 ignem
2269 5242 2555 5318 pmnaletn.
2609 5239 2892 5318 Felicitate
2925 5240 3401 5318 maloruttt_eorunt
3441 5256 3634 5310 pmnas

2048 5309 2300 5373 crescere
2327 5312 2512 5365 multis
2553 5321 2802 5364 notamus
2827 5310 2892 5361 ad
2923 5309 3204 5364 Claudiani
3253 5309 3530 5374 Rufinum,
3565 5325 3632 5374 If,

2045 5389 2118 5442 22
2161 5404 2176 5441 :
2242 5382 2501 5439 tolluntur
2545 5382 2600 5433 in
2641 5380 2808 5433 altum
2859 5376 2925 5432 Ut
2978 5395 3106 5434 casu
3159 5382 3399 5449 graviore
3443 5388 3625 5432 ruant.

2054 5457 2199 5527 Ignis
2241 5465 2420 5527 autem
2447 5453 2505 5527 _in
2544 5449 2824 5527 Scriptura
2862 5465 3079 5527 omnem
3099 5453 3633 5527 cruciatungmne

2052 5517 2412 5580 iiifortttniutn
2429 5517 2682 5575 denotat.
2700 5520 2765 5573 Et
2786 5520 2858 5572 ita
2882 5519 3077 5574 Grzeci.
3097 5519 3392 5587 Sophocles
3417 5517 3640 5588 (Edipt)

2121 4974 2142 5180 ἓ

364 5588 568 5675 ξιινιιιᾶ,
613 5611 704 5661 sed
738 5611 956 5675 scripsit
986 5588 1346 5659 hiemem;th
1367 5621 1393 5668 ,'.
1437 5621 1537 5674 qua
1569 5619 1698 5656 vucc
1746 5601 1934 5670 optitnt

2053 5598 2349 5675 Tyranno‘:
2391 5591 2460 5643 Ei.’
2483 5607 2612 5675 ποτε
2658 5588 3213 5675 καις-εροτξραςάτας
3252 5589 3395 5675 ύιπερ
3435 5591 3635 5675 Ὀρνυ-

364 5697 563 5738 sensus
594 5680 932 5747 exprhnttur.
967 5676 1060 5728 ΒΑ.

2059 5659 2223 5738 μένας
2254 5663 2425 5729 πόλει,
2465 5659 2716 5714 Ἦνύσατ⁹
2747 5659 3006 5715 ὲκτοπίαν
3029 5660 3200 5730 φλόγα
3231 5662 3498 5731 πήματος.
3535 5660 3642 5713 Bm.
