4048 6434
384 335 487 399 92⁸1

1773 333 2013 395 ΕΝΕᾸΞ
2048 328 2285 395 ϐΑΖΑΞΙ

3552 319 3654 383 928

386 449 539 505 multi
566 445 824 512 infantes,
857 444 1156 503 imbecilles
1183 454 1241 502 et
1269 446 1495 503 monstri
1530 446 1736 503 similes
1765 455 1821 502 et
1845 463 1963 502 mu-

2067 447 2304 503 κατόπιν
2324 445 2436 518 (50)
2468 442 2686 514 ἐγένετο
2709 458 2723 472 ⁶
2761 441 2856 496 καὶ
2882 441 2912 494 6
2941 440 3060 511 μὲν,
3094 439 3158 492 ἐκ
3205 435 3400 505 γένους
3422 451 3476 487 τι
3497 434 3653 503 φθιν-

388 542 466 594 tili
504 551 815 595 nascantur.
846 537 1002 595 Unde
1030 541 1197 594 etlam
1246 539 1385 595 alius
1431 540 1605 610 digito
1635 554 1744 594 uno
1789 539 1967 595 abun-

385 632 500 694 dat,
545 629 684 684 alius
729 642 838 683 uno
884 638 1080 685 caret:
1112 638 1167 684 et
1214 628 1354 684 alius
1391 629 1609 699 quidem
1663 628 1964 684 secundum

386 731 661 784 naturam,
695 720 831 775 alius
860 722 1089 777 obverso
1118 729 1268 790 tergo
1298 721 1351 775 in
1391 721 1564 775 lucem
1597 721 1778 791 prodit
1806 738 1823 778 :
1854 731 1965 776 tum

386 812 526 868 alius
570 812 654 867 veI
683 827 747 867 ex
784 822 1072 883 parentum
1107 814 1191 869 vel
1226 824 1580 883 cognatorum
1610 814 1796 885 aliquo
1827 815 1968 869 tabi-

383 905 511 958 dum
550 904 753 974 aliquid
785 903 891 959 sibi
945 904 1237 960 contraxit.
1274 904 1353 959 Ac
1403 919 1589 961 rursus
1643 906 1833 961 oculos
1878 904 1967 960 alii

385 995 742 1066 imperfectus
774 995 997 1061 mansit,
1043 995 1134 1050 alii
1171 996 1417 1050 detortus
1446 994 1549 1049 fuit
1576 1013 1591 1050 :
1618 1010 1717 1050 nec
1745 995 1970 1051 defuere

384 1086 584 1156 quibus
610 1086 818 1141 dextra
848 1094 1146 1142 contractae
1190 1094 1393 1141 essent.
1427 1084 1669 1151 Quorum
1704 1085 1870 1155 aliqui
1899 1086 1966 1141 ad

384 1193 656 1235 summum
697 1179 980 1250 sapientia:
1020 1179 1233 1235 culmen
1267 1179 1628 1234 ascenderunt
1660 1195 1674 1232 :
1704 1193 1804 1234 nec
1843 1193 1964 1233 cor-

383 1271 535 1340 poris
571 1270 704 1326 vltio
748 1270 1039 1340 quominus
1083 1272 1262 1327 istbuc
1298 1271 1666 1340 pervenirent,
1715 1269 1963 1341 impediri

382 1360 546 1432 643
582 1370 853 1431 potuere:
887 1361 1054 1432 aliqui
1098 1376 1233 1418 vero
1275 1363 1328 1415 in
1366 1360 1626 1416 malitiam
1653 1360 1809 1431 lapsi,
1855 1374 1963 1415 non

383 1463 649 1523 quantum
701 1454 926 1519 vellent,
958 1466 1183 1523 peccare
1206 1462 1430 1523 possunt
1461 1470 1478 1507 :
1506 1461 1699 1522 estque
1723 1452 1830 1508 illis
1861 1451 1965 1508 hoc

381 1544 633 1613 corporis
670 1544 1100 1611 incommodum,
1120 1544 1278 1614 quasi
1293 1543 1538 1614 qua-dam
1557 1543 1753 1598 animae
1775 1558 1963 1599 eorum

2074 536 2214 601 ῶδες
2270 535 2596 606 έπισύρεται
2616 546 2631 562 ⁸
2668 532 2763 585 τοῦ
2791 531 2848 585 δὲ
2881 527 3076 600 ἀτελὴς
3106 529 3135 580 6
3154 524 3432 594 ὀφθαλμὸς
3459 522 3657 592 διέμει-

2071 646 2162 683 νεν
2182 644 2195 659 °
2221 629 2250 683 6
2280 627 2381 699 μὲν
2408 628 2536 689 τοὺς
2562 624 2730 687 πόδας
2759 622 3089 693 διέστραπτε
3114 618 3247 690 (51)·
3266 616 3370 670 όδὲ
3395 628 3656 669 συνεσταο

2075 714 2245 790 μένην
2266 718 2379 790 (52)
2410 709 2538 788 εὗρε
2572 717 2673 788 τὴν
2721 714 2924 779 δεξιάν.
2966 711 3081 766 Καὶ
3114 709 3322 763 τούτων
3352 708 3400 762 οἱ
3446 706 3545 778 μὲν
3577 706 3657 769 είς

2070 812 2243 883 ἄκρον
2300 811 2623 881 φιλοσοφίας
2682 807 2992 878 ἀνέϐησαν·
3056 804 3153 858 καὶ
3198 800 3352 855 οὐδὲν
3401 796 3658 870 ὲμποδὼν

2071 904 2289 974 ἐγένετο
2321 900 2825 983 παρακεκομμένω
2846 899 2909 953 τὸ
2943 896 3136 968 σῶμαο
3168 896 3219 948 οῖ
3345 893 3426 956 είς
3453 888 3657 983 κακίαν

2071 990 2516 1055 ἐκπεπτωκότες,
2553 977 2637 1043 οῠ’
2670 989 3007 1061 πράττουσιν
3051 986 3179 1039 ὅσον
3212 980 3512 1036 ἐθέλουσιν.
3545 977 3657 1032 Καὶ

2069 1086 2320 1154 γίγνεται
2340 1084 2524 1155 ψυχῆς
2551 1083 2738 1147 αὐτοῖς
2759 1079 2974 1152 φυλακὴ
2999 1079 3034 1150 ἡ
3065 1074 3158 1131 τοῦ
3183 1074 3437 1145 σώματος
3456 1070 3651 1143 βλάϐη,

2069 1177 2164 1231 καὶ
2199 1175 2445 1247 σωτηρία
2477 1174 2680 1246 μᾶλλον
2705 1173 2740 1245 ἢ
2764 1171 3011 1244 τιμωρία
3026 1169 3087 1222 τὸ
3116 1165 3287 1229 πάθος
3307 1166 3424 1227 τοῖς
3452 1161 3655 1233 ὁρῶσιν

2069 1268 2268 1340 ἐφάνη.
2295 1269 2362 1323 Ol
2391 1268 2449 1322 δὲ
2484 1262 2598 1321 οἷον
2632 1269 2690 1320 ὲν
2740 1264 2926 1319 σκότει
2984 1258 3379 1330 πλανηθέντες,
3416 1254 3515 1308 καὶ
3554 1255 3656 1322 τῆς

2070 1362 2252 1418 αὐτῶν
2298 1361 2481 1433 ψυχῆς
2516 1363 2579 1415 τὸ
2631 1362 2789 1433 ὃμμα
2844 1354 3249 1429 πεπηρωμένον
3306 1353 3405 1406 καὶ
3462 1347 3656 1410 ἀτελὲς

2072 1454 2499 1520 καταλείποντες
2526 1455 2663 1527 (55),
2711 1452 2809 1508 τοῦ
2838 1449 3045 1521 τυφλοῦ
3078 1448 3176 1521 τὴν
3230 1443 3436 1517 ψυχὴν,
3464 1441 3656 1511 ὥσπερ

2071 1545 2130 1599 ὲν
2154 1543 2283 1617 ᾅδου
2317 1543 2741 1617 τιμωρουμένην
2774 1541 2877 1615 ἧδη
2907 1539 3247 1604 κακίζουσιν.

381 1634 641 1692 divinitus
680 1636 945 1693 attributa
987 1637 1278 1693 custodia:
1343 1636 1665 1705 videturque
1695 1650 1808 1690 rem
1852 1647 1999 1692 recte
2036 1636 2416 1708 reputantibus
2460 1638 2625 1694 saluti
2690 1637 2874 1708 potius
2906 1648 3032 1690 esse
3058 1645 3224 1702 quam
3278 1627 3500 1684 damno.
3547 1620 3656 1689 Qui

381 1740 514 1785 vero
556 1730 614 1788 in
657 1729 897 1787 tenebris
930 1732 1209 1797 oberrant,
1242 1738 1296 1786 et
1336 1744 1450 1787 suae
1524 1726 1765 1799 ipsorum
1811 1728 2010 1787 anima
2075 1716 2293 1789 oculum
2343 1746 2597 1790 mancum
2644 1742 2810 1804 atque
2856 1723 3236 1801 imperfectum
3288 1716 3432 1775 baud
3472 1712 3657 1783 respi—

382 1819 560 1887 ciunt,
596 1822 669 1876 illi
719 1821 898 1879 solent
946 1824 1075 1879 caeci
1107 1822 1253 1879 illius
1297 1822 1558 1892 animam,
1597 1825 1754 1895 quasi
1798 1824 1975 1893 panis
2012 1824 2314 1883 inferorum
2374 1825 2565 1883 aﬂ‘ecta
2627 1827 2740 1898 jam
2777 1833 2944 1890 esset,
2976 1822 3057 1879 sic
3086 1825 3453 1890 contemptam
3487 1822 3656 1882 atque

380 1912 649 1982 abjecmm
673 1910 940 1986 judicare.

457 2031 658 2088 Verum
703 2033 866 2088 aliam
902 2035 1068 2090 etiam
1110 2036 1379 2093 occultam
1428 2039 1694 2096 rationem
1739 2053 1960 2111 possum
1993 2047 2037 2103 Β

384 2121 482 2178 tibi
515 2123 722 2181 referre
755 2142 771 2181 :
803 2123 921 2180 Non
954 2126 1006 2181 in
1033 2141 1126 2183 eas
1154 2128 1329 2185 solum
1359 2144 1481 2201 quae
1517 2129 1678 2188 modo
1705 2141 1836 2188 ante
1864 2146 1963 2202 pe-

382 2216 479 2272 des
506 2227 634 2272 sunt
668 2232 776 2286 res,
811 2218 1172 2276 Providentia:
1205 2221 1292 2277 lex
1321 2223 1704 2279 animadvertit
1731 2243 1745 2280 :
1775 2237 1962 2279 verum

382 2308 545 2361 etiam
576 2308 631 2363 in
661 2322 755 2363 eas
774 2324 894 2381 qua!
919 2309 1078 2379 longo
1105 2320 1225 2381 post
1255 2321 1496 2383 tempore
1530 2313 1805 2382 evenient,
1834 2328 1962 2385 pro-

381 2398 545 2468 spicit
571 2416 588 2455 :
622 2408 734 2455 tum
761 2415 882 2472 qua:
910 2401 1217 2472 quibusque
1238 2404 1618 2460 convenientia
1647 2413 1776 2461 sunt
1800 2414 1967 2476 atque

381 2488 571 2560 digna,
601 2503 665 2545 ea
695 2499 756 2547 ut
782 2494 1061 2560 eveniant,
1091 2493 1357 2551 decernit.
1394 2493 1550 2552 Hunc
1581 2496 1800 2567 quidem
1828 2512 1965 2567 quo-

384 2582 532 2635 niam
560 2580 731 2637 durus
775 2582 831 2638 In
872 2596 1062 2639 servos
1119 2583 1288 2640 herus
1326 2584 1544 2642 futurus
1587 2600 1710 2643 esse
1741 2587 1961 2644 videba-

384 2679 498 2737 tur,
546 2686 765 2727 servum
813 2672 929 2728 ﬁeri
979 2675 1226 2743 permisit
1257 2693 1271 2730 :
1299 2675 1448 2731 illum
1477 2692 1606 2733 vero
1643 2680 1786 2748 quod
1826 2680 1967 2737 male

383 2765 533 2813 esset
560 2772 758 2815 usurus
797 2760 1012 2830 opibus,
1045 2776 1339 2833 pauperem
1385 2765 1608 2837 reliquit
1634 2776 1799 2839 atque
1840 2784 1966 2840 ege-

385 2862 539 2904 num.
570 2848 664 2905 Ille
694 2850 821 2920 quia
856 2851 1185 2922 decepturus
1225 2863 1281 2909 et
1316 2855 1658 2925 adulaturus,
1705 2874 1769 2915 ac
1798 2859 1966 2916 falsos

382 2937 568 2991 statim
609 2938 808 2995 damno
836 2940 1136 2999 atl'ecturus
1168 2953 1288 2999 erat
1323 2945 1501 3015 capite
1542 2946 1598 3001 in
1628 2962 1737 3018 quo
1771 2952 1966 3006 anima:

382 3028 539 3084 sedes
565 3043 629 3085 ac
669 3030 752 3087 vis
781 3040 891 3098 est,
923 3032 1082 3090 laesus
1113 3043 1278 3105 atque
1312 3036 1453 3093 ictus
1492 3046 1575 3094 est
1607 3056 1623 3094 :
1660 3041 1803 3114 unde
1839 3056 1964 3096 eum

386 3118 563 3189 ipsum
602 3122 742 3177 ratio
783 3122 1004 3192 defecit,
1040 3127 1264 3196 ipseque
1299 3128 1530 3184 stolidus
1560 3142 1722 3202 atque
1755 3132 1959 3202 impru-

384 3214 520 3269 dens
576 3216 768 3272 evasit.
820 3217 927 3273 Alii
979 3234 1169 3276 rursus
1211 3222 1437 3292 proclivi
1489 3222 1556 3277 ad
1589 3224 1792 3280 eadem
1818 3225 1965 3281 facto

385 3304 575 3361 dextra
611 3308 895 3365 contabuit
923 3328 938 3366 :
972 3325 1145 3381 eoque
1174 3312 1379 3368 factum
1410 3323 1494 3370 est
1526 3314 1631 3371 sibi
1672 3317 1963 3387 tranquille

2140 2026 2291 2105 Ἐχω
2318 2031 2377 2088 δέ
2413 2049 2499 2087 σοι
2528 2030 2625 2085 καὶ
2648 2030 2837 2100 ἕτερον
2871 2025 2985 2100 (54)
3026 2024 3346 2098 ἀπόρρητον
3374 2021 3652 2089 διεξιέναιο

2070 2127 2145 2181 Οὐ
2176 2126 2238 2181 τὸ
2268 2124 2444 2199 παρόν
2503 2123 2664 2196 μόνον
2707 2120 2896 2194 βλέπει
2925 2120 3030 2190 τῆς
3082 2117 3350 2190 Προνοίας
3382 2116 3413 2170 6
3461 2114 3651 2184 νόμος,

2069 2220 2206 2274 ἀλλὰ
2224 2219 2319 2273 καὶ
2344 2218 2406 2272 τὺ
2430 2216 2626 2288 μέλλον
2643 2211 2926 2284 γίγνεσθαι
2952 2212 3089 2282 (55),
3120 2211 3215 2264 καὶ
3242 2203 3327 2272 οἷς
3353 2207 3652 2279 προσήκει,

2069 2312 2168 2368 καὶ
2203 2312 2308 2383 τὴν
2352 2309 2510 2376 ἀξίαν
2543 2305 2756 2361 ἐκεῖθεν
2803 2304 3024 2358 τάττειο
3072 2300 3166 2354 τὸν
3224 2300 3346 2370 μὲν,
3393 2294 3656 2365 γενέσθαι

2069 2403 2257 2459 δοῦλον
2302 2401 2518 2472 ἀφῆκε·
2556 2396 2794 2471 χαλεπὸς
2841 2394 2952 2467 γὰρ
3003 2392 3072 2448 ἂν
3126 2389 3396 2459 δεσπότης
3429 2386 3612 2457 ἐφάνη
3634 2399 3650 2413 '

2068 2495 2163 2551 τδν
2205 2494 2285 2559 δὲ,
2325 2493 2535 2562 πένητα
2568 2488 2962 2545 καταλέλοιπ’
3021 2484 3211 2548 κακῶς
3235 2481 3348 2553 γὰρ
3382 2479 3449 2534 ἂν
3478 2478 3653 2549 ἐχρή-

2071 2604 2204 2643 σατο
2229 2584 2310 2658 τῷ
2343 2583 2564 2655 πλούτῳ
2595 2581 2730 2654 (56).
2772 2580 2831 2635 '0
2880 2577 2939 2633 δὲ
2966 2576 3184 2650 (ἔμελλε
3223 2574 3340 2646 (57)
3393 2572 3505 2644 γὰρ
3562 2570 3654 2636 ὲξ-

2070 2680 2288 2751 απατᾷν
2315 2677 2414 2732 καὶ
2440 2672 2783 2740 κολακεύειν,
2819 2670 2915 2727 καὶ
2940 2671 3109 2738 ὀξέως
3158 2667 3295 2737 πρὸς
3319 2664 3538 2726 ἀπάτας
3564 2661 3655 2727 ἆξ-

2071 2772 2226 2842 άγειν
2237 2769 2328 2825 τδν
2345 2767 2579 2823 πεσόντα
2594 2764 2755 2840 [58]),
2771 2763 3106 2831 συνεθλάσθη
3124 2761 3223 2831 τὴν
3241 2756 3504 2828 κεφαλὴν,
3524 2755 3657 2809 ἔνθα

2074 2865 2313 2935 μάλιστα
2339 2862 2441 2934 τῆς
2465 2861 2644 2933 ψυχῆς
2674 2862 2708 2930 ἡ
2742 2858 3013 2926 ἐνέργεια,
3046 2854 3140 2909 καὶ
3160 2854 3189 2906 6
3222 2852 3381 2921 λόγος
3414 2850 3653 2922 ηργησε,

2070 2958 2169 3012 καὶ
2193 2956 2423 3028 ἀνόητος
2467 2954 2761 3025 διέμεινεν.
2794 2944 2962 3014 Οὗτος
2992 2950 3020 3003 6
3048 2946 3335 3019 ἄνθρωπος
3364 2942 3531 2997 οἱονεί
3566 2958 3655 3004 τις

2072 3046 2209 3118 πρὸς
2242 3045 2403 3116 φόνον
2444 3044 2661 3114 ἕτοιμος
2705 3038 3024 3110 γενόμενος,
3075 3033 3444 3104 ἀναινομένης
3502 3028 3655 3093 αὐτῷ

2068 3139 2170 3208 τῆς
2193 3136 2394 3204 δεξιᾶς,
2420 3133 2651 3207 ἡσυχίαν
2675 3134 2830 3201 ἄγειν
2853 3130 3162 3202 ἠγάπησεν.
3203 3128 3417 3182 Ἦκέτω
3436 3125 3495 3180 δὲ
3520 3127 3655 3196 ἡμῖν

2070 3230 2151 3293 εἰς
2182 3229 2346 3300 μέσον
2375 3229 2405 3281 6
2424 3225 2624 3296 τυφλὸς
2645 3226 2798 3291 παῖς,
2843 3222 2974 3294 περ).
3005 3215 3067 3275 οὗ
3094 3222 3124 3274 6
3158 3218 3336 3288 λόγος.
3361 3219 3651 3288 Χειραγωο

2072 3320 2337 3393 γούμενος
2364 3318 2441 3390 τῷ
2458 3318 2601 3386 λόγῳ
2622 3308 2800 3379 οὗτος,
2829 3313 3153 3376 ἀκολάστοις
3183 3310 3491 3381 ὀφθαλμοῖς
3511 3309 3651 3379 χρή-

385 3395 565 3465 potius
594 3404 894 3468 pacateque
919 3400 1205 3456 vivendum
1230 3412 1287 3457 ut
1309 3411 1482 3473 putet.
1519 3403 1626 3458 Sed
1656 3406 1886 3473 prodeat
1908 3408 1961 3462 in

2070 3429 2244 3478 σεται,
2274 3413 2324 3465 εί
2362 3411 2648 3482 χρήσεται.
2682 3408 2774 3461 Διὸ
2804 3405 3222 3475 συγκεκλεῖσθαι
3248 3400 3651 3473 συνεχώρησεν·

387 3485 622 3541 medium
653 3503 831 3545 caecus
860 3489 953 3546 ille
998 3507 1151 3563 puer,
1186 3494 1278 3563 qui
1310 3495 1698 3551 ratione’duce
1730 3496 1865 3552 alias
1894 3499 1970 3554 uti

381 3576 566 3635 solet:
598 3594 706 3650 quo
752 3581 820 3638 de
867 3583 1022 3640 nobis
1054 3594 1216 3640 antea
1257 3600 1476 3656 quoque
1521 3600 1724 3643 sermo.
1780 3586 1877 3645 llic
1923 3590 1969 3647 si

382 3684 604 3727 suorum
637 3674 866 3731 haberet
900 3678 1181 3734 oculorum
1214 3694 1399 3743 usum,
1444 3678 1596 3734 illum
1623 3689 1772 3735 certe
1806 3682 1971 3738 liabe-
2008 3734 2019 3739 -

386 3771 471 3817 ret
499 3762 761 3819 lascivum
793 3776 959 3838 atque
987 3769 1343 3839 impudicum.
1372 3769 1553 3836 Quare
1585 3772 1635 3828 ei
1669 3770 1968 3829 Providen-

384 3854 459 3910 tia
504 3855 693 3914 oculos
735 3857 956 3927 clausit,
1013 3861 1224 3933 hacque
1270 3862 1428 3935 plaga
1475 3862 1653 3935 ipsum
1704 3862 1956 3923 allectum

457 4060 865 4134 (50)_Kardmr
890 4062 1149 4125 ἐγένετο.
1184 4064 1388 4122 Sensus
1414 4081 1536 4125 esse
1586 4068 1750 4123 debet
1795 4068 1969 4124 inter-

384 4132 671 4208 pretationi
702 4146 720 4186 :
756 4143 810 4187 et
841 4134 943 4208 (τος
975 4136 1201 4208 quidem
1254 4142 1515 4208 praeterit,
1563 4138 1778 4193 exredit
1808 4151 1970 4208 natu-

385 4216 537 4277 rjim;
570 4202 797 4277 alterum
828 4202 1033 4272 deﬁcit,
1069 4207 1187 4277 ejus
1220 4202 1323 4274 ope
1359 4202 1675 4263 destitutum
1705 4207 1966 4275 legitima.

384 4271 631 4361 ἓίέτέτῑιζέ
677 4272 915 4361 ii“???
960 4271 1342 4361 “meum
1388 4278 1628 4361 οεεείεειν
1650 4295 1683 4361 ς.
1718 4271 1968 4361 παρῆλθε

384 4342 485 4415 τὴν
509 4341 692 4411 φύσιν,
719 4344 1013 4415 legitimum
1042 4341 1252 4414 tempus
1276 4347 1509 4399 excellit.
1539 4341 1781 4399 Κατόπιν
1802 4341 1966 4402 etiam

384 4412 453 4465 de
488 4412 791 4484 praeteritis
818 4423 873 4467 et
914 4412 1346 4484 anticipa'ntilms
1385 4415 1490 4467 dici
1538 4425 1725 4468 notant
1766 4417 1966 4471 Iesiro-

386 4482 596 4552 graplii.
625 4484 695 4537 At
720 4500 818 4540 nos
846 4497 1062 4539 sensum
1088 4482 1184 4538 ‘Iiic
1214 4483 1394 4536 Suidae
1415 4485 1582 4535 secuti
1612 4498 1816 4537 sumus.
1844 4487 1963 4539 Κα-

386 4552 566 4607 τόπιν.
609 4553 805 4607 lnuuit.
843 4554 979 4607 μετὰ
1013 4553 1205 4607 ταῦτα.
1253 4551 1363 4603 ἀπὸ
1387 4550 1482 4602 τοῦ
1521 4552 1745 4605 ὄπισθεν
1776 4548 1915 4607 εἶναι
1944 4569 1959 4585 ·

453 4568 566 4613 πιν,
610 4568 805 4613 11101111..
842 4570 979 4613 μετα
1013 4569 1205 4613 ταυτα.
1253 4568 1363 4603 απο
1387 4568 1482 4602 του
1521 4568 1745 4605 οπισυεν
1776 4568 1915 4609 ειναι
1944 4569 1959 4585 ⁸

386 4569 566 4617 τοπιν,
610 4569 805 4622 inquit,
842 4570 979 4621 μετα
1013 4569 1205 4613 ταυτα,
1253 4569 1363 4603 απο
1387 4569 1482 4602 του
1521 4569 1745 4605 οπισυεν
1776 4569 1915 4609 ειναι

386 4619 778 4699 ἀλλα-κατόπιν
806 4623 912 4699 ἧκε
942 4623 1036 4676 τοῦ
1077 4619 1295 4693 καιροῦ,
1333 4630 1440 4675 etc.
1476 4620 1573 4677 ΒΑ.

459 4690 571 4762 (51)
601 4692 705 4747 CC.
744 4694 802 4747 P.
831 4690 1215 4762 διέστραπται.

460 4761 572 4830 (ὄῖ)
602 4763 709 4819 CC.
743 4762 802 4816 P.
838 4761 1296 4830 συνεσταλμένην.

484 4830 575 4893 55)
607 4834 711 4886 CC.
736 4832 796 4887 P.
830 4831 1241 4893 καταλιπόντες.

602 4902 742 4972 ᾼάά.
777 4903 955 4972 λόγον.

484 4971 575 5042 55)
612 4971 744 5027 Inde
772 4969 922 5047 dicta
949 4969 1326 5047 Providentia,
1369 4971 1517 5047 velut
1564 4974 1723 5045 longe
1763 4979 1971 5047 prospi-

390 5040 573 5117 ciens,_
595 5057 699 5117 non
725 5040 1395 5117 praevidentia.__Boetliius
1425 5043 1520 5099 lib.
1553 5060 1618 5109 v,
1649 5040 1826 5117 capiti
1855 5065 1869 5101 :
1895 5040 1968 5102 ἐἰ

387 5111 771 5185 ρι-ωεείιιιιὶαηι
794 5126 1012 5185 pensare
1043 5111 1187 5185 velis,
1219 5127 1324 5185 qua
1341 5124 1530 5185 cuncta
1559 5111 1839 5185 dignoscit,
1863 5132 1966 5170 non

387 5195 499 5233 esse
522 5180 903 5249 prcesciemiam
932 5182 1087 5249 quasi
1139 5182 1332 5250 futuri,
1367 5183 1457 5236 aed
1501 5180 1778 5240 scientiam
1828 5180 1967 5240 nun-

387 5265 547 5318 quant
586 5250 877 5317 deﬁcientis
907 5250 1195 5313 instantiae,
1229 5253 1422 5305 rectius
1460 5255 1746 5309 mstimabis
1771 5270 1790 5309 :
1827 5256 1966 5309 unde

390 5333 494 5372 non
522 5321 890 5396 praesidentia,
921 5321 1348 5396 sedprovidentia
1369 5329 1542 5388 potius
1563 5327 1784 5396 dicitur,
1796 5324 1961 5396 quod,

388 5402 547 5454 porro
574 5391 639 5441 ab
682 5391 833 5465 rebus
863 5390 1055 5458 inﬁnitis
1094 5392 1412 5465 constituta,
1446 5395 1602 5465 quasi
1647 5396 1713 5449 ab
1760 5390 1966 5452 eicelso

389 5473 565 5531 rerum
591 5462 863 5531 cacumine
887 5473 1071 5516 cuncta
1108 5462 1414 5531 prospiciat.
1442 5462 1536 5531 ΒΑ.

461 5527 573 5602 (59)
602 5526 710 5602 (ἔρα
734 5528 794 5602 Ρ·
826 5526 1341 5602 ἐχρήσατο’πλούτῳ
1512 5529 1515 5533 ’

460 5597 574 5675 (ξεῖ)
600 5597 708 5675 99-
734 5598 789 5675 I2-
819 5597 1038 5675 illis?le

597 5670 703 5723 CC.
743 5670 803 5748 Ρ.
832 5668 926 5727 καὶ
945 5673 1111 5748 όξέως
1142 5674 1233 5728 τὸν
1279 5676 1656 5748 προσπεσόντα
1685 5676 1960 5748 θηρεύειν.

460 5737 574 5813 (59)
608 5741 884 5811 Λυγκέως
912 5737 1463 5816 εὐδαιμονέστερος.
1486 5746 1602 5805 Non
1624 5737 1965 5805 dicii'ocula-

2066 3503 2226 3558 τοῦτο
2251 3499 2331 3571 τῷ
2358 3496 2655 3553 πεπονθότι
2681 3497 2987 3567 συνήνεγκε
3005 3511 3020 3525 ο
3052 3494 3146 3547 καὶ
3173 3494 3201 3547 6
3224 3490 3423 3561 τυφλὸς
3444 3491 3652 3553 ἐκεῖνος

2065 3594 2161 3650 τοῦ
2204 3592 2450 3662 λυγκέως
2492 3591 2971 3661 εὐδαιμονέστερος
3014 3585 3155 3659 (59),
3203 3587 3253 3639 εἰ
3311 3582 3653 3653 δικαιότερος

2066 3688 2299 3757 γένοιτο.
2331 3684 2406 3738 Οὐ
2435 3683 2652 3746 πολλοῖς
2675 3681 2733 3735 δέ
2764 3679 2925 3733 τοῦτο
2950 3677 3270 3749 συμϐαίνειο
3296 3676 3360 3730 ού
3402 3674 3512 3746 γὰρ
3542 3673 3653 3727 ἔδει

2066 3774 2237 3829 πολλὰ
2264 3771 2418 3844 παρὰ
2462 3770 2624 3841 φύσιν
2660 3771 2964 3841 συγχωρεῖν
3012 3766 3296 3837 γίγνεσθαι
3323 3781 3338 3796 θ
3367 3765 3444 3829 ὡς
3476 3764 3543 3818 ἂν
3575 3763 3651 3834 μὴ

2067 3862 2468 3935 συνταραχθείη
2492 3861 2604 3934 (60)
2647 3861 2830 3932 φύσιν,
2866 3860 2933 3930 ἣν
2978 3859 3142 3922 αὐτὸς
3176 3854 3387 3923 ἔταξεν.
3418 3857 3569 3910 Ἔδει
3592 3855 3652 3910 δὲ

2071 4069 2195 4127 tior.
2229 4069 2322 4122 sed
2358 4066 2582 4121 felicior.
2615 4067 2678 4120 Et
2710 4066 2787 4120 sic
2817 4066 2979 4119 modo
3022 4064 3539 4135 χειραγωγούμενος
3558 4057 3651 4118 οὗ·

2068 4156 2157 4203 τος
2185 4140 2261 4210 τῷ
2297 4138 2458 4210 λόγῳ·
2494 4139 2595 4191 lioc
2617 4149 2721 4200 est,
2753 4135 2797 4189 si
2834 4136 2938 4190 iste
2970 4136 3106 4210 bene
3147 4135 3647 4210 rationeuteretur,

2068 4204 2245 4277 ηιιιιιιί
2265 4204 2438 4262 oculis
2470 4216 2562 4260 aut
2599 4222 2860 4261 sensuum
2908 4205 3153 4277 principe
3183 4204 3300 4257 visu
3334 4204 3649 4277 ilicei-etle-

2068 4274 2293 4332 buisset.
2332 4279 2581 4333 Felicitas
2609 4278 2752 4330 enim
2777 4275 3174 4344 quodammodo
3203 4283 3287 4327 est
3334 4274 3385 4325 in
3422 4274 3651 4344 nobilis-

2067 4349 2206 4403 simo
2258 4350 2358 4403 lioc
2401 4363 2586 4402 sensu.
2635 4343 2867 4411 Quintus
2907 4343 3148 4399 Serenus
3174 4360 3225 4406 ν,
3259 4344 3359 4399 192
3387 4361 3400 4395 :
3429 4343 3650 4399 Summa

2073 4416 2195 4471 boni
2217 4427 2292 4471 est
2321 4416 2523 4471 alacres
2561 4417 2758 4469 homini
2783 4417 3083 4482 contingere
3115 4416 3251 4469 visus
3278 4431 3297 4476 ;
3326 4415 3471 4478 Quos
3497 4416 3649 4482 quasi

2069 4489 2310 4541 custodes
2364 4488 2765 4554 defensoresque
2816 4487 2998 4550 pericli
3054 4483 3386 4553 Prospiciens
3442 4499 3651 4536 summa

2070 4568 2263 4611 natura
2300 4558 2485 4610 locari:
2514 4558 2569 4609 in
2589 4572 2728 4610 arce.
2760 4556 2838 4609 Ad
2873 4570 3031 4623 quem
3053 4555 3298 4623 pluribus
3329 4554 3480 4608 alibi.
3506 4553 3650 4607 Sane

2071 4626 2324 4683 fenestra:
2364 4626 2530 4679 animi
2574 4635 2702 4680 sunt
2749 4626 2925 4688 oculi,
2973 4628 3271 4679 secundum
3331 4624 3647 4678 Salvianuin

2071 4695 2165 4753 lib.
2196 4711 2276 4759 tit,
2305 4695 2380 4748 De
2416 4695 2726 4765 gubernat.;
2756 4697 2952 4763 quibus
2992 4696 3286 4749 secundum
3317 4696 3482 4765 vitam
3516 4694 3647 4747 nihil

1998 4783 2045 4840 Ῑ)
2072 4767 2297 4840 citarius
2317 4763 2647 4840 horninibus,
2686 4775 2742 4818 ul
2771 4765 2847 4840 ait
2888 4766 3129 4840 Aponius
3170 4766 3324 4817 itiitiu
3359 4763 3649 4840 Commen-

2072 4836 2194 4890 tarii
2222 4835 2256 4889 6
2285 4836 2336 4889 in
2365 4835 2647 4889 Canticum
2687 4832 3044 4889 canticorum.
3092 4832 3279 4903 Itaque
3321 4834 3524 4903 meritn_
3552 4834 3648 4886 liu-

2065 4920 2239 4960 manaa
2271 4905 2545 4960 felicitatis
2569 4906 2704 4958 bona
2740 4918 2866 4972 pars
2887 4906 2991 4959 huc
3020 4900 3480 4972 sensu'censetur.
3508 4900 3646 4972 Lyn-

2063 4989 2197 5029 ceus
2223 4985 2400 5029 autem
2434 4971 2823 5029 celeberrimus
2864 4974 3116 5027 acumine
3146 4974 3314 5026 visus.
3352 4971 3647 5025 Notissima

2064 5044 2268 5109 fabula,
2302 5047 2388 5100 cui
2421 5053 2599 5099 tamen
2633 5059 2807 5114 neque
2852 5045 2951 5113 ipsi
2999 5046 3219 5114 lictores
3268 5042 3644 5114 crediderunt.

2065 5116 2383 5185 Apollonius
2411 5109 2757 5185 Argonautié.
2788 5131 2801 5168 I
2834 5129 2847 5164 :
2873 5109 3137 5185 ’Λυγκεὺς
3146 5112 3219 5185 δέ
3247 5109 3649 5185 atat‘t65usdtsoc;

2063 5181 2332 5239 ἐκέκαστο
2363 5181 2667 5255 Ὂμμασιν,
2693 5184 2743 5236 εί
2784 5184 2945 5255 ἐτεόν
2963 5181 3028 5251 γε
3072 5183 3224 5255 πέλει
3271 5181 3648 5255 κλλέσςμάνέρα

2070 5257 2249 5326 κεῖνον
2286 5251 2534 5326 Ῥηῖδίως
2567 5257 2662 5307 καὶ
2690 5255 2883 5326 νέρθεν
2927 5254 3032 5307 ὑπὸ
3058 5253 3247 5326 χθονὸς
3287 5251 3642 5326 αὐγάζεσθαι.

2072 5324 2454 5379 Penelrabilem
2486 5327 2533 5379 ei
2566 5328 2753 5387 aciem,
2798 5325 2941 5379 velut
2985 5329 3132 5378 nullo
3176 5325 3297 5378 loco
3341 5325 3643 5386 exclusam,

2069 5394 2161 5450 dat
2192 5396 2465 5451 Arnobius
2502 5395 2594 5450 lib.
2634 5410 2706 5449 tv.
2736 5395 3069 5450 Felicitatem
3097 5405 3275 5446 tamen
3300 5393 3531 5461 justitim
3565 5392 3646 5444 di-

2063 5465 2139 5518 cit
2166 5464 2370 5521 Eneas
2417 5474 2621 5520 noster.
2666 5463 2737 5519 Et
2788 5468 2980 5518 melior
3032 5466 3417 5531 interpretatio
3459 5474 3645 5516 nostra

2065 5534 2166 5589 hac
2196 5537 2471 5589 nutatione
2499 5552 2618 5603 quae
2641 5538 2818 5591 omitti
2848 5535 3004 5588 facile
3035 5543 3265 5604 poterat.
3290 5532 3388 5588 BA.

2133 5607 2246 5674 (60)
2274 5606 2378 5661 Ct).
2416 5605 2476 5660 Ρ.
2506 5601 2927 5674 συνταράττοιτο
2955 5601 3117 5676 φύσις
3137 5605 3204 5676 ἣν
3244 5605 3406 5669 αὐτὸς
3437 5601 3642 5675 ἔταξεν,

2062 5677 2149 5730 ἀεὶ
2172 5678 2227 5731 δὲ
2259 5679 2531 5747 συγχωρεῖ
2557 5677 2862 5749 γίγνεσθαι.
