4048 6388
357 320 462 382 ιοὲιι

1659 319 2282 384 THEOPHRASTUS.

3512 345 3616 407 930

358 427 685 500 συγχωρεῖν,
715 425 790 490 ὥς
831 427 896 481 ἂν
931 425 1198 498 μάθοιμεν
1232 431 1298 499 τῇ
1337 427 1431 482 τοῦ
1461 427 1712 498 ἀμόρφου
1751 447 1923 500 παρα-

2037 433 2319 488 coercuit:
2352 444 2544 506 estque
2574 451 2749 493 caecus
2781 440 2867 496 hic
2905 441 3079 500 factus
3109 445 3327 516 Lynceo
3363 449 3477 518 ipso
3501 452 3617 506 feli-

357 519 525 584 θὲσει,
566 513 679 572 οἷον
724 517 785 572 τὺ
819 519 1036 582 κάλλος,
1097 519 1192 571 καὶ
1243 519 1365 572 ὅθεν
1395 521 1624 587 ἀφῖκται
1670 522 1736 591 τῇ
1771 521 1933 588 φύσει

353 610 447 664 τοῦ
478 609 763 680 κάλλουζή
795 609 1049 680 χορηγία.
1083 608 1478 680 Ἀκριϐεστέρα
1505 610 1612 680 γὰρ
1639 611 1733 664 τοῦ
1765 611 1932 665 καλοῦ

353 699 588 769 γνῶσις,
629 702 662 770 ἠ
697 699 791 753 τοῦ
828 699 997 753 κοικοῦ
1045 700 1294 769 γίγνεται
1337 704 1521 772 πεῖρα.
1554 703 1626 755 Το
1659 704 1714 756 δὲ
1746 703 1932 775 χαριέ-

353 810 569 856 στατον,
626 793 724 864 οὐχ
775 787 856 856 εἷς
902 793 1000 863 τῆς
1031 791 1328 862 θεραπείας
1370 794 1398 846 6
1443 796 1660 865 τρόπος.
1710 795 1785 847 Οὔ
1825 795 1931 866 γὰρ

350 883 432 935 ἐνὶ
464 883 746 953 φαρμάκῳ
790 885 824 953 ή
851 884 950 954 τῆς
989 883 1251 953 Προνοίας
1279 883 1498 954 ἰατρικὴ
1551 885 1805 955 χρήσαιτ’
1831 886 1895 938 ἄν
1915 901 1931 918 ⁸

348 970 464 1024 ἀλλ’
509 971 638 1025 ἄλλο
693 970 839 1042 ἄλλῳ
889 972 1224 1043 προσφέρει’
1275 973 1448 1026 ἅπασι
1480 973 1536 1026 δὲ
1586 974 1929 1045 προσφέρει·

347 1063 572 1135 ποικίλη
627 1064 800 1135 γὰρὴ
849 1065 1035 1136 τέχνη,
1064 1067 1189 1120 ἐπεὶ
1235 1065 1304 1118 τὰ
1368 1065 1516 1136 πάθη
1571 1067 1928 1121 ποικίλλεται.

355 1153 416 1205 '0
448 1154 568 1222 μὲν,
593 1153 671 1223 τῷ
698 1153 774 1223 μὴ
802 1155 956 1225 ὀρᾷν,
983 1154 1078 1209 τοῦ
1104 1155 1288 1218 κακῶς
1310 1156 1441 1226 ὲρᾷν
1465 1155 1755 1226 ἀπηλλάγη
1789 1157 1924 1228 (61)·

344 1244 374 1294 6
410 1244 470 1296 δὲ
488 1245 581 1296 καὶ
612 1245 803 1296 τούτου
854 1249 1278 1317 καταφρονήσας
1301 1288 1316 1312 ,
1367 1247 1460 1298 τοῦ
1499 1247 1665 1311 ὀξέως
1695 1248 1930 1320 ὁρῶντος

344 1334 603 1405 ὀξύτερος
650 1335 786 1405 πρὸς
827 1335 1022 1406 ἡδονὰς
1078 1336 1252 1407 ἐφάνη
1293 1335 1427 1406 (6‘2),
1479 1337 1576 1390 καὶ
1638 1339 1930 1409 φάρμακον

345 1425 540 1497 ἕτερον
587 1427 856 1497 ἐπιζητεῖ.
919 1428 1119 1481 Ἐνίοτε
1161 1429 1218 1482 δὲ
1253 1429 1345 1482 καὶ
1399 1428 1511 1499 πῦρ
1545 1431 1803 1501 ἀναμένει
1836 1433 1930 1485 καὶ

346 1519 590 1590 σίδηρον.
643 1520 735 1591 Τῷ
790 1521 868 1585 δὲ,
909 1521 1046 1592 πρὸς
1097 1520 1451 1592 σωφροσύνην
1495 1524 1730 1594 ’ἤρκεσεν
1758 1527 1790 1595 ἡ
1822 1525 1927 1578 τῶν

343 1612 650 1682 χρημάτων
689 1613 931 1684 ἀπορίαο
973 1615 1070 1667 καὶ
1111 1615 1222 1685 (65)
1269 1616 1412 1688 ἄλλῳ
1442 1616 1569 1669 ἄλλο
1611 1619 1923 1688 συμφέρει·

341 1704 441 1757 καὶ
462 1705 522 1757 οὐ
555 1705 746 1758 ταυτὸν
767 1705 961 1760 ἅπασι.
996 1707 1106 1760 Καὶ
1140 1709 1372 1762 ἑκάστου
1414 1709 1620 1773 πάθους
1663 1709 1832 1782 συχνὰ
1859 1710 1926 1764 τὰ

343 1795 638 1865 φάρμακα.
674 1795 837 1849 Ὅθεν
868 1799 900 1869 ἡ
931 1797 1095 1868 τέχνη
1127 1799 1550 1866 καλλωπίζεται.

2037 523 2174 588 cior,
2205 526 2422 593 quando
2453 527 2615 581 simul
2641 530 2802 583 etiam
2823 531 3020 600 justior
3041 539 3235 592 evasit.
3268 538 3454 607 Neque
3486 557 3616 594 vero

2037 613 2220 668 multis
2245 614 2298 668 id
2330 618 2579 671 usuvenit
2607 636 2620 671 :
2653 610 2868 688 quando
2900 623 3122 680 minime
3151 629 3390 696 oportuit
3417 640 3618 698 praeter

2037 716 2288 760 naturam
2330 718 2386 762 ut
2424 711 2708 766 evenirent
2741 714 2991 782 plurima,
3029 717 3158 773 dare
3187 737 3200 775 :
3229 723 3323 776 sed
3367 722 3614 792 pulchri-

2038 796 2240 850 tudinis
2272 813 2385 852 sua:
2421 815 2634 864 munus,
2671 815 2879 859 natura!
2903 821 3062 875 quam
3096 809 3234 864 Deus
3267 813 3379 881 ipse
3413 814 3616 868 consti-

2037 888 2160 954 tuit,
2193 899 2252 943 ut
2285 905 2351 944 ne
2377 900 2484 946 tota
2517 895 2728 948 turbata
2767 899 2980 953 tandem
3011 911 3372 968 everteretur,
3401 906 3610 961 salvum

2035 989 2194 1049 atque
2223 981 2492 1051 integrum
2532 987 2783 1058 relinqui.
2826 990 2904 1043 Ac
2938 1009 3130 1048 rursus
3178 993 3293 1050 haec
3338 1008 3394 1051 ut
3423 1002 3614 1056 eveni-

2035 1081 2175 1139 rent,
2202 1077 2440 1143 oportuit
2470 1082 2716 1145 concedi,
2749 1092 2804 1136 ut
2841 1084 2888 1138 ei
2921 1087 3062 1154 quod
3091 1088 3378 1156 pulchrum
3409 1102 3514 1158 est,
3549 1110 3615 1152 eo

2032 1168 2174 1232 quod
2209 1167 2450 1223 deforme
2474 1182 2554 1225 est
2584 1177 2850 1242 opposito,
2883 1189 3215 1247 quantopere
3247 1182 3464 1238 excellit
3495 1187 3613 1252 pul-

2032 1257 2304 1319 chritudo,
2349 1261 2488 1314 unde
2520 1275 2662 1316 esset
2688 1280 2818 1320 suus
2846 1277 3054 1323 natum
3096 1269 3282 1335 decor,
3318 1286 3614 1340 cognosce-

2034 1362 2237 1403 remus.
2268 1349 2538 1407 Perfectio
2564 1356 2706 1408 enim
2738 1373 2902 1426 penes
2927 1374 3019 1414 eos
3047 1370 3131 1416 est
3158 1371 3212 1416 et
3245 1364 3452 1432 plenior
3484 1366 3610 1422 boni

2032 1441 2294 1510 COguitio,
2347 1445 2435 1512 qui
2490 1447 2754 1500 malorum
2819 1449 3021 1518 aliquid
3084 1456 3290 1524 experti
3339 1467 3486 1512 sunt.
3532 1460 3613 1514 Ac

2031 1533 2172 1600 quod
2203 1533 2568 1602 gratissimum
2605 1548 2710 1602 est,
2752 1554 2854 1592 non
2881 1557 2983 1594 una
3016 1545 3313 1615 eademque
3339 1558 3422 1603 est
3451 1549 3611 1619 hujus

1981 1655 1984 1659 ι
2029 1620 2314 1676 medicinre
2363 1625 2521 1679 ratio.
2575 1624 2700 1681 llurc
2743 1627 2885 1683 enim
2929 1628 3291 1690 Providentia:
3341 1636 3607 1690 medicina

2029 1715 2212 1769 omnia
2258 1718 2474 1786 quidem
2527 1729 2702 1784 curat,
2757 1739 2862 1777 non
2913 1735 3091 1779 autem
3145 1741 3312 1782 unum
3358 1727 3612 1798 idemque

1950 1790 1994 1845 Β
2025 1808 2476 1864 medicamentum
2515 1813 2769 1870 omnibus
2819 1814 2995 1881 aﬂ‘ert,
3038 1817 3131 1872 sed
3169 1819 3234 1870 ad
3279 1818 3416 1874 alios
3463 1836 3611 1873 mor-

344 1886 444 1941 bos
472 1889 759 1957 pharmaca
789 1891 892 1944 alia
923 1890 1173 1962 profert:
1207 1895 1420 1961 quando
1449 1910 1570 1950 cum
1613 1895 1789 1950 morbi
1820 1897 1930 1952 sint
1997 1899 2148 1953 multi
2202 1910 2255 1954 et
2298 1904 2454 1968 varii,
2528 1919 2618 1959 ars
2663 1921 2878 1976 quoque
2924 1908 3040 1978 ipsa
3087 1910 3368 1979 multiplex
3398 1912 3470 1966 sit
3519 1929 3614 1969 tte-

341 1994 501 2034 cesse
526 1991 630 2035 est.
666 1979 765 2036 llic
792 1983 1010 2052 quidem
1050 1999 1114 2036 eo
1141 1984 1256 2052 ipso
1285 1987 1427 2054 quod
1465 1986 1537 2039 nil
1573 1985 1739 2050 videt,
1775 1987 1930 2042 malis
1963 1990 2127 2042 etiam
2161 1994 2438 2047 amoribus
2501 1995 2808 2064 prohibitus
2848 2006 3010 2066 atque
3062 1999 3318 2055 exclusus
3351 2011 3476 2057 est:
3512 2001 3601 2054 ille

341 2075 509 2128 etiam
544 2073 644 2127 hoc
669 2086 994 2143 aspernatus
1030 2077 1348 2142 remedium,
1377 2077 1558 2145 aliquo
1584 2079 1690 2133 alio
1759 2079 2085 2134 acutissimis
2147 2083 2319 2137 oculis
2350 2086 2578 2154 praedito
2642 2086 2800 2155 longe
2826 2091 3202 2144 vehementius
3253 2091 3320 2144 ad
3353 2091 3609 2148 libidines
3705 2121 3710 2128 ι

344 2169 543 2232 fertur,
574 2182 638 2221 ac
673 2177 960 2237 propterea
986 2170 1092 2224 alio
1131 2184 1345 2238 quoque
1374 2171 1614 2226 remedio
1652 2187 1786 2242 opus
1815 2171 1998 2226 habet.
2032 2172 2187 2230 Unde
2245 2185 2301 2231 et
2359 2177 2633 2232 interdum
2705 2178 2922 2234 flamma
2985 2190 3078 2236 aut
3126 2182 3274 2238 ferro
3299 2195 3602 2240 coercetur.

339 2259 479 2313 Aliis
504 2260 568 2312 ad
606 2261 1018 2328 temperantiam
1049 2265 1400 2332 pecuniarum
1439 2263 1618 2334 inopia
1681 2264 1952 2320 suﬁiciens
1991 2269 2311 2333 remedium,
2368 2270 2490 2324 aliis
2543 2271 2688 2326 aliud
2766 2273 2984 2328 salubre
3039 2274 3160 2330 fuit.
3227 2274 3412 2345 Neque
3465 2277 3604 2331 idem

342 2356 698 2426 pharmucum
745 2353 997 2409 omnibus
1030 2354 1358 2408 adhibitum.
1397 2355 1643 2422 Suntque
1671 2355 1836 2412 etiam
1887 2357 2153 2429 cujusque
2185 2360 2357 2416 morbi
2421 2363 2658 2418 remedia
2699 2363 2866 2419 multa
2895 2373 2949 2419 et
2997 2367 3168 2420 varia.
3198 2365 3313 2434 Qua
3350 2367 3418 2422 de
3441 2383 3607 2424 causa

339 2461 434 2500 ars
465 2459 680 2514 quoque
715 2444 830 2514 ipsa
857 2454 941 2500 est
975 2454 1030 2499 et
1063 2446 1290 2500 habetur
1321 2445 1604 2502 illustrior.

425 2533 568 2588 Ἀλλ’
601 2535 630 2586 6
653 2535 750 2604 τῆς
765 2535 1016 2606 ἰατρικῆς
1045 2535 1292 2606 ἄπειρος,
1329 2539 1377 2590 εί
1399 2537 1606 2590 κατίδοι
1638 2537 1928 2607 φάρμακον

337 2629 480 2698 ὅπερ
530 2629 790 2699 ἠγνόησε,
837 2628 929 2683 τὸν
968 2629 1149 2700 ἰατρὸν
1204 2629 1567 2701 ἐλοιδόρησεν.
1615 2629 1675 2683 'O
1713 2631 1758 2682 δ’
1793 2629 1924 2683 ἄνευ

335 2721 498 2789 λόγου
523 2721 949 2791 καὶέπιστήμης
973 2722 1070 2773 ἐπε
1079 2721 1322 2792 μϐαίνων
1346 2725 1414 2793 τῇ
1446 2722 1630 2794 τέχνῃ,
1654 2721 1710 2774 ἓν
1737 2719 1929 2790 μαθὼν

336 2815 656 2885 φάρμακον,
693 2813 853 2867 τοῦτο
883 2813 995 2884 (64)
1031 2815 1198 2868 πᾶσιν
1230 2814 1424 2880 ἐπάγει
1450 2817 1562 2876 τοῖς
1585 2815 1922 2884 κάμνουσινο

334 2908 495 2960 οὐδὲν
530 2905 806 2978 διορίζων,
843 2906 904 2958 οὐ
953 2905 1117 2975 φύσιν
1163 2907 1224 2958 οὐ
1271 2907 1472 2978 κρᾶσιν
1501 2907 1562 2958 οὐ
1592 2905 1796 2976 χώραν,
1825 2906 1923 2976 οὐχ

334 2996 580 3068 ἡλικίαν,
605 2996 665 3048 οὐ
697 2994 871 3058 πάθος
895 3011 912 3027 ·
934 2989 1012 3050 ὧν
1061 2994 1215 3048 οὐδὲν
1236 2994 1327 3047 τὸν
1354 2992 1749 3063 τεχνικώτατον
1782 2986 1925 3061 παρ-

2100 2533 2302 2590 Verum
2336 2536 2424 2605 qui
2471 2538 2695 2593 medicae
2743 2537 3018 2595 facultatis
3052 2539 3212 2608 hujus
3246 2551 3333 2597 est
3362 2543 3605 2614 ignarus.

2029 2629 2096 2696 is,
2132 2628 2176 2682 si
2211 2628 2352 2698 quod
2403 2637 2562 2683 antea
2602 2629 2704 2684 sibi
2761 2646 2859 2685 nec
2890 2631 3068 2686 visum
3119 2649 3219 2688 nec
3267 2636 3604 2706 exploratum

2027 2719 2482 2775 medicamentum
2511 2721 2678 2784 videt,
2704 2723 2975 2776 medicum
3009 2723 3184 2792 ipsum
3212 2728 3473 2784 conviciis
3494 2740 3606 2784 sta-

2029 2811 2123 2864 tim
2158 2811 2310 2879 petit.
2347 2809 2538 2866 Solent
2571 2813 2718 2866 enim
2754 2814 2842 2882 qui
2875 2814 2994 2869 sine
3019 2816 3228 2872 ratione
3266 2827 3322 2873 et
3355 2819 3605 2876 doctrina

2029 2905 2296 2959 medicam
2328 2917 2500 2959 artem
2530 2907 2940 2975 aggrediuntur,
2975 2925 3096 2964 cum
3131 2927 3294 2966 unttm
3333 2917 3602 2983 quoddam

2031 2996 2488 3050 medicamentum
2557 2999 2878 3067 cognorint,
2933 3001 3059 3055 illud
3125 3002 3298 3070 ipsmn
3354 3007 3605 3062 omnibus

340 3089 605 3159 έδραμεν.
647 3085 826 3149 Ὂλως
855 3085 911 3138 δὲ
942 3085 1103 3138 πενία
1133 3085 1228 3138 καὶ
1247 3083 1402 3149 νόσος
1442 3085 1537 3138 καὶ
1565 3083 1632 3137 τὰ
1656 3083 1923 3153 λεγόμενα

2028 3100 2169 3154 argre
2198 3083 2408 3140 ali‘ectis
2444 3099 2662 3156 semper
2686 3087 2973 3156 adhibere,
3017 3091 3159 3146 nulla
3206 3102 3433 3158 natum,
3463 3106 3602 3151 tem-

335 3180 514 3241 κακὰ,
545 3180 658 3242 τοῖς
692 3177 791 3248 μὲν
821 3176 1048 3246 ἀγαθοῖς
1078 3176 1226 3229 οὐδέν
1249 3193 1262 3207 ·
1293 3175 1354 3228 οὺ
1381 3175 1490 3246 γὰρ
1519 3175 1599 3238 είς
1630 3173 1917 3246 πλοῦτονῆ

337 3271 594 3342 σώματος
628 3268 842 3340 ῥώμην,
873 3268 906 3340 ἦ
936 3268 1132 3330 κάλλος
1161 3267 1399 3338 αὐτοῖςή
1432 3267 1772 3336 παρασκευή·
1807 3267 1921 3331 τοῖς

333 3364 394 3417 δὲ
441 3363 804 3432 φαυλοτάτοις
845 3359 1099 3431 συμφορὰ
1129 3358 1448 3430 νομίζεται·
1484 3356 1603 3410 ἀλλ’
1639 3358 1790 3428 ὅμως
1822 3358 1922 3412 κά-

334 3457 542 3520 κείνοις
573 3456 654 3510 ἔτι
688 3455 889 3526 μᾶλλον
933 3453 1256 3524 συνήνεγκε.
1289 3452 1480 3506 Πᾶσαν
1509 3450 1618 3523 γὰρ
1638 3451 1702 3522 δὴ
1721 3450 1923 3505 κακίαν

335 3549 505 3618 ἡδονὴ
548 3547 646 3618 μὲν
679 3546 868 3616 ὥσπερ
913 3543 1092 3596 ἔλαιον
1143 3542 1318 3611 φλόγα
1369 3541 1654 3610 διεγείρειο
1687 3539 1830 3610 λύπη
1863 3539 1920 3592 δὲ

334 3640 595 3708 καθάπερ
632 3638 660 3690 6
694 3635 1076 3706 μανδραγόρας
1105 3633 1216 3705 (65)
1257 3629 1476 3698 κομίζει
1522 3630 1655 3703 (66).
1707 3633 1782 3683 Οὐ
1810 3631 1920 3700 γὰρ

339 3731 503 3802 μόνον
533 3731 591 3782 ἐν
629 3731 743 3792 τοῖς
787 3727 1052 3797 σώμασιν,
1115 3724 1251 3779 ἀλλὰ
1287 3724 1383 3778 καὶ
1424 3725 1544 3787 ταῖς
1598 3722 1799 3792 ψυχαῖς
1849 3721 1918 3775 τὰ

337 3821 561 3876 ἐναντία
588 3819 698 3873 τῶν
715 3819 972 3872 ἐναντίων
1002 3817 1112 3888 (67)
1142 3816 1347 3887 ἰάματα
1377 3816 1645 3885 γίγνεται.
1690 3815 1804 3868 Οὐκ
1834 3813 1920 3867 ἀεὶ⁵

337 3916 395 3970 δὲ
442 3915 719 3987 μέλλουσα
754 3915 922 3968 κακία
964 3912 1104 3982 νόσῳ
1146 3909 1662 3982 προαναστέλλεται.
1705 3908 1780 3961 Οὐ
1811 3907 1921 3980 γὰρ

335 4007 451 4063 ἔδει
491 4006 591 4078 τὴν
617 4004 880 4078 Πρόνοιαν
899 4002 1072 4065 οὕτως
1090 3989 1267 4068 εῖναι,
1286 3999 1362 4064 ὡς
1386 3999 1553 4071 μηδὲν
1575 3999 1726 4070 ἡμᾶς
1757 3991 1918 4052 εἶναι·

335 4102 522 4156 πάντα
571 4101 682 4168 γὰρ
710 4096 878 4166 οὔσης
923 4094 1206 4164 Προνοίας,
1235 4094 1344 4148 οὐδ’
1381 4091 1494 4165 (68)
1525 4091 1592 4146 ἂν
1617 4092 1723 4163 εῐη.
1765 4091 1922 4155 Τίνος

334 4194 445 4264 γὰρ
477 4191 546 4246 ἂν
583 4192 700 4261 εἴη,
741 4190 790 4242 εἰ
819 4187 880 4240 τὸ
904 4187 1090 4253 Θεῖον;

2027 3177 2358 3247 peramenti,
2423 3176 2563 3244 loci,
2623 3179 2820 3244 aetatis,
2871 3181 3050 3236 morbi
3107 3183 3289 3239 habita
3344 3187 3600 3243 ratione:

2027 3283 2253 3337 quarum
2297 3283 2479 3323 rerum
2514 3283 2638 3323 eum
2681 3270 2773 3340 qui
2817 3274 3024 3340 peritus
3071 3275 3141 3329 sit
3178 3275 3315 3331 artis
3358 3277 3600 3342 medicm,

2030 3359 2164 3414 nihil
2199 3360 2419 3414 omnino
2448 3362 2798 3430 prseterisset.
2841 3362 3273 3420 Existimandum
3317 3375 3400 3421 est
3423 3377 3602 3422 autem

2029 3451 2272 3513 omnino,
2318 3466 2416 3505 nec
2452 3453 2786 3522 pauperiem,
2833 3469 2934 3509 nec
2983 3457 3254 3523 morbum,
3309 3465 3428 3512 nec'
3456 3473 3606 3528 qua:-

2019 3559 2231 3612 cunque
2269 3543 2373 3596 alia
2409 3557 2529 3611 quae
2567 3543 2727 3612 vulgo
2758 3543 3015 3599 videntur
3051 3557 3105 3600 et
3140 3547 3396 3602 dicuntur
3433 3549 3604 3612 mala,

2018 3633 2086 3687 iis
2116 3633 2206 3702 qui
2231 3632 2354 3686 boni
2379 3640 2523 3698 sunt,
2559 3647 2678 3687 esse
2704 3633 2842 3687 mala
2870 3652 2883 3688 :
2914 3637 3130 3704 quando
3171 3637 3271 3705 ipsi
3320 3653 3497 3708 neque
3522 3639 3606 3693 di-
3651 3675 3653 3677 ι

2017 3723 2186 3788 vitiis,
2209 3721 2374 3794 644.
2399 3738 2575 3792 neque
2602 3723 2848 3793 corporis
2863 3725 3047 3780 robori
3067 3733 3228 3796 atque
3241 3725 3429 3782 forma:
3452 3743 3604 3784 com-

2022 3817 2276 3888 parandis
2311 3814 2536 3889 multum
2577 3816 2813 3870 student.
2842 3815 2994 3872 Malis
3025 3826 3202 3872 autem
3249 3819 3365 3872 has‘c
3415 3821 3603 3874 existi-

2025 3918 2246 3962 mantur
2281 3906 2444 3974 mala,
2478 3921 2597 3976 qua:
2627 3908 2790 3961 etiam
2824 3909 2981 3964 bonis
3011 3909 3287 3980 potuerint
3323 3909 3447 3965 boni
3481 3911 3603 3981 plus

2024 3998 2239 4053 afferre.
2289 3995 2483 4053 Omnis
2543 4001 2691 4052 enim
2745 4007 2956 4053 natura:
3006 4000 3273 4056 vitiositas
3324 4001 3606 4070 voluptate

2027 4091 2170 4145 haud
2205 4104 2362 4145 secus
2391 4098 2552 4157 atque
2575 4090 2696 4145 oleo
2727 4088 2941 4145 ﬂamma
2977 4091 3344 4148 exsuscitatur
3374 4111 3388 4146 :
3419 4093 3605 4151 dolore

2027 4198 2158 4238 vero
2189 4197 2289 4237 ceu
2325 4181 2684 4248 mandragora
2710 4181 2941 4252 sopitur.
2976 4181 3164 4252 Neque
3201 4185 3346 4240 enim
3392 4186 3444 4239 in
3489 4200 3607 4240 cor-

335 4245 565 4356 poribus
606 4245 787 4346 modo,
851 4293 1038 4334 verum
1088 4275 1254 4333 etiam
1309 4277 1365 4333 in
1418 4274 1642 4341 animis,
1712 4272 1988 4330 contraria
2026 4272 2317 4331 contrariis
2383 4271 2628 4328 adhibita
2694 4272 2934 4328 remedio
2976 4273 3154 4329 solent
3217 4288 3359 4330 esse.
3415 4274 3605 4346 Neque

334 4379 506 4436 etiam
541 4375 724 4432 futura
753 4371 986 4436 malitia,
1020 4368 1334 4439 priusquam
1375 4369 1426 4424 in
1498 4377 1745 4439 apertum
1813 4377 2083 4436 erumpat,
2115 4379 2330 4435 semper
2389 4364 2573 4435 aliquo
2601 4365 2794 4420 morbo
2825 4363 3175 4435 reprimitur:
3210 4367 3426 4436 quando
3453 4366 3588 4424 Pro-
3618 4436 3624 4449 Ι

403 4555 524 4626 (61)
553 4552 672 4609 Νοη
709 4559 793 4606 εει
825 4552 940 4606 haec
967 4548 1160 4626 Latine
1184 4549 1264 4604 sic
1291 4547 1497 4626 dicere.
1535 4546 1669 4626 Huic
1700 4560 1806 4599 non
1841 4545 1918 4598 vi-

2026 4543 2200 4626 λιμέν’
2231 4543 2601 4626 12536-6669“
2629 4543 2852 4626 βρῶσις·
2881 4543 3183 4626 τούτιρεᾶρα
3210 4545 3384 4626 ἐκεῖνο
3403 4544 3602 4626 ἰητέον.

335 4615 468 4683 ἀεῖ-ε
499 4615 722 4694 pra-stat
748 4638 854 4676 non
898 4621 1114 4694 ardere,
1147 4633 1333 4694 amore
1381 4617 1609 4694 scilicet.
1644 4615 1915 4694 immensa

335 4685 735 4754 commentaria
782 4691 1132 4760 sequentibus
1181 4687 1491 4758 digerendis
1529 4685 1754 4760 implere
1795 4700 1920 4760 pos-

336 4771 434 4825 sis.
472 4765 581 4819 Sed
616 4779 712 4818 nos
738 4755 984 4831 jamdum
1014 4760 1202 4813 harum
1241 4755 1494 4814 ilotarum
1536 4757 1769 4825 spatium
1798 4755 1918 4810 odi-

333 4853 483 4895 ntus.
516 4835 614 4890 ΒΑ.

409 4907 524 4980 (δε)
553 4905 658 4980 QC.-
693 4901 752 4980 Β·
791 4899 1052 4980 ἀνεφᾴνῖιο

409 4915 504 4980 (62
553 4915 658 4961 UU.
694 4915 752 4956 Ρ.
791 4915 1052 4969 ανεφανη.

407 4915 527 5048 (65)
561 4975 667 5048 ος.
695 4975 753 5048 ιζ.
789 4987 894 5026 non
933 4971 1138 5048 habent
1170 4967 1281 5025 καί.

410 5040 528 5116 (64)
560 5044 668 5116 ΩΟ.
705 5044 766 5096 Ρ.
791 5040 1205 5116 ταυτὸνᾼπὲισιν.

409 5105 526 5204 (βε)
562 5110 1040 5204 "eaeaeae
1059 5105 1650 5204 ,⁵1ῗὲἓέίὶ-.ΞῗΡθὶίῖῗξίλ
1661 5105 1923 5204 .ῗὲ¹²ἷῗῐ.ςξέἑ

334 5177 538 5263 quibus
561 5193 751 5263 ,ιιρτιεε
777 5177 1023 5263 σξρτρίξςὲε
1058 5180 1411 5263 ³¹³⁵θ⁰³¹ίξῖί²ἒι
1443 5177 1920 5263 ⁵⁰Ρ⁵Ἒ¹ίί¹ζη¹ἷ¹ἷί¹ἓ³

335 5244 526 5318 succo.
560 5244 904 5310 Dioscorides
933 5250 1027 5303 lib.
1069 5265 1143 5314 IV,
1173 5248 1648 5322 c._76._Venenum
1679 5244 1920 5322 ejusdem

335 5313 486 5388 succi
534 5323 805 5398 quomodo
838 5327 1056 5398 curetur
1086 5313 1524 5398 nieminidegere
1571 5313 1918 5398 apud‘me‘diﬂ-

334 5382 686 5457 2691mm...“
713 5389 919 5462 (Egin.
943 5404 997 5462 v_,
1030 5403 1079 5444 c.
1100 5389 1211 5456 44),
1239 5382 1600 5450 Valerianum,
1625 5393 1678 5437 et
1701 5382 1916 5435 Aetium

335 5474 427 5543 (Τ.
447 5468 550 5543 iV,
572 5468 646 5543 HS.
677 5457 1062 5543 “40.15)th

408 5525 766 5612 (66)'CC._P.
797 5525 1056 5612 κοιμίζει.
1088 5600 1100 5612 _
1270 5598 1281 5612 '
1406 5594 1535 5612 mu
1558 5603 1758 5612 “ﬂ.”
1780 5592 1810 5612 ._

414 5591 528 5684 iis?)
552 5591 640 5684 ira
664 5591 906 5684 éverﬁd
931 5596 1384 5684 τ.ᾦν.έτῖανῖίω⁷”.·
1406 5591 1918 5684 ¹ὶῖθί³99ἱ³ἓθ⁵ξίἓῖῗ

342 5665 594 5752 De‘ﬂu’tib
610 5695 666 5729 us
691 5692 714 5752 ί
737 5675 805 5725 ’⁷0
835 5671 1018 5752 τιγὰξ
1038 5671 1104 5752 ἂν
1125 5671 1298 5750 λυπέῃ
1324 5667 1414 5752 τὸν
1432 5665 1738 5752 ἄνθρωπον,

339 5738 598 5821 καλέεται
627 5744 832 5808 νοῦσος.
862 5743 926 5796 Τί
955 5739 1047 5800 οὖν
1080 5739 1239 5803 λιμοῦ
1273 5738 1595 5810 φάρμακον;
1629 5738 1711 5788 ὅτι
1755 5738 1917 5786 παύει

2025 4610 2194 4679 Αὖθις
2226 4611 2292 4668 αὖ
2320 4615 2481 4685 δίψην
2513 4610 2719 4687 ἔπαυσε
2755 4615 2912 4687 πόσις
2936 4631 2951 4645 ·
2980 4610 3142 4687 πάλιν
3177 4610 3263 4687 αὖΔ
3283 4610 3604 4687 πλησμονὴν

2028 4690 2172 4810 liga-au.
2207 4684 2458 4748 κένωσις,
2491 4685 2719 4738 κένωσιν
2753 4685 2809 4738 δὲ
2848 4685 3154 4754 πλησμονὴ,
3197 4684 3358 4738 πόνον
3386 4684 3442 4736 δὲ
3470 4684 3605 4738 ἀπο-

2028 4774 2054 4810 ν
2082 4777 2136 4810 τι.
2163 4756 2392 4810 ἁπονίην
2413 4755 2470 4808 δὲ
2501 4753 2681 4810 πόνος.
2714 4753 2825 4808 'Evl.
2857 4755 2913 4806 δὲ
2939 4755 3189 4810 συντόμω
3211 4755 3352 4810 λόγῳ
3375 4755 3440 4807 τὰ
3459 4756 3605 4808 ἐναν-

2024 4753 2136 4828 νίη,
2163 4756 2392 4828 άπονίην
2413 4755 2478 4828 δὲ,
2501 4753 2681 4828 πόνος.
2698 4753 2913 4828 ΔἘν)..δέ
2939 4753 3189 4828 συντόμῳ
3211 4755 3352 4828 λόγῳ
3375 4755 3440 4828 τά
3459 4756 3606 4828 ἐναν-
3678 4769 3681 4774 ·

2025 4823 2255 4912 τία1τ¹ῷν
2299 4823 2558 4912 ἐναντίων
2589 4823 2751 4912 ’ἐστὶν
2804 4825 3010 4912 ἱζήματα
3031 4842 3044 4856 ·
3085 4823 3460 4912 ίητρικὴέγάρ
3487 4825 3604 4878 ἐστι

2027 4894 2322 4968 πρόσθεσις
2351 4895 2442 4946 καὶ
2465 4893 2775 4962 ἀφαίρεσις,
2807 4893 3098 4974 ἀφαίρεσις
3145 4894 3244 4961 μὲν
3277 4893 3388 4944 τῶν
3431 4893 3604 4962 ὑπερ-

2028 4965 2353 5028 ϐαλλόντων,
2383 4962 2678 5032 πρόσθεσις
2707 4961 2906 5032 δέγτων
2938 4964 3316 5016 ἐλλειπόντων.
3348 4963 3488 5032 Ideni
3530 4966 3605 5016 De

2029 5036 2164 5092 locis
2201 5036 2252 5086 in
2289 5031 2546 5086 homine:
2590 5031 2888 5101 Ἐκατὲρου
2936 5033 3053 5085 ἐστὶ
3085 5032 3376 5101 φάρμακον
3403 5031 3469 5101 τὰ
3500 5033 3604 5086 ὑπ-

2031 5103 2252 5159 εναντία
2274 5103 2382 5155 τῶν
2423 5099 2777 5154 ὑπεναντίων.
2798 5099 2997 5154 Caleni
3029 5099 3140 5153 loca
3166 5099 3382 5168 longum
3416 5100 3484 5153 sit
3515 5117 3606 5154 no-

2032 5177 2259 5230 minare.
2295 5172 2482 5225 Aetius
2505 5172 2596 5222 lib.
2631 5185 2668 5232 ι,
2701 5180 2739 5222 ι.
2777 5169 2835 5232 ΙΙ,
2863 5184 2912 5223 c.
2943 5171 3011 5225 94
3040 5186 3051 5220 :
3084 5168 3377 5222 Sanitatem
3416 5184 3592 5236 corpo‘

2029 5243 2175 5298 ribus
2229 5243 2552 5296 disseruimus
2605 5240 2875 5292 contraria
2928 5238 3251 5293 adhibentes.
3325 5238 3604 5301 Quomodo

2029 5313 2346 5382 capiendum
2381 5313 2447 5366 sit
2487 5313 2588 5364 hoc
2631 5310 2850 5382 scitum,
2896 5322 3087 5382 n_c_t|tpe
3133 5308 3417 5382 contrariis
3469 5321 3610 5380 con-1

2026 5376 2193 5437 traria
2223 5383 2424 5446 curari,
2461 5390 2713 5446 tanquam
2757 5381 2823 5432 ad
2854 5376 3156 5448 subjetitum
3185 5377 3284 5431 sibi
3319 5376 3446 5448 ipsis
3481 5391 3604 5429 cor-

2027 5469 2124 5522 pus
2173 5453 2342 5507 relata
2380 5452 2536 5504 docet
2569 5448 2896 5522 _Stephanus
2932 5447 3283 5522 atheniensis
3301 5447 3606 5522 Homolen-

2026 5514 2162 5578 iurio
2203 5524 2254 5575 in
2301 5525 2533 5590 primum
2569 5514 2906 5590 Therapeut.
2945 5516 3138 5572 Galeni
3166 5531 3213 5572 c.
3263 5514 3468 5585 100(c.
3509 5514 3601 5582 99.

2065 5632 2079 5648 .
2103 5593 2214 5648 79).
2250 5591 2346 5644 ΒΑ.

2025 5593 2214 5662 p.79).
2250 5593 2346 5644 BA.

2099 5663 2210 5734 (68)
2244 5660 2350 5719 cc.
2388 5657 2450 5715 P.
2477 5657 2651 5714 οὐδέν.
