4052 6390
379 429 481 495 θ-ζἸ

1771 435 2010 498 IENE/E
2049 437 2293 508 GAZzEI

3562 435 3675 502 948

381 551 559 606 adhuc
593 559 765 615 creat,
803 548 1052 610 videlicet
1093 549 1350 606 indicium
1395 549 1564 621 ipsius
1604 555 1881 624 potentiae,
1921 564 1975 610 et

2091 551 2460 627 ὒπηργμέναις
2487 550 2699 614 οὐσίαις
2722 549 2923 621 ὁμοίως
2951 549 3088 622 ὑπὲρ
3120 548 3211 602 τὸν
3252 545 3485 619 οὐρανὸν
3509 522 3671 618 βαδί-

380 650 762 700 documentum
784 644 896 714 jam
923 643 1050 697 olim
1077 652 1488 714 procreatarum
1513 643 1831 700 facultatum
1857 647 1969 703 ori-

376 737 518 809 ginis
553 754 567 790 :
603 750 766 806 quam
804 735 886 790 hie
923 750 1018 790 seu
1062 735 1291 798 ratione,
1326 750 1421 789 seu
1463 746 1645 794 mente
1681 747 1733 792 et
1773 738 1969 793 intelli-

375 827 559 898 gentia
598 827 837 895 praedita:
878 826 1167 882 facultates
1203 837 1257 880 et
1293 827 1639 906 substantiae,
1669 843 1735 883 ex
1775 831 1967 885 eodem

375 936 566 976 omnes
593 919 819 991 opilice,
847 930 1010 989 atque
1034 934 1098 972 ex
1128 919 1316 973 eodem
1347 934 1536 973 omnes
1564 920 1830 989 principio
1858 930 1969 976 tra-

375 1012 529 1065 hant.
564 1011 640 1063 Ac
671 1009 810 1077 quod
845 1009 972 1064 hinc
1006 1008 1108 1064 illze
1140 1023 1363 1078 quoque.
1390 1011 1772 1078 provenerint,
1809 1010 1968 1070 facile

373 1101 632 1166 credetis,
661 1101 704 1155 si
741 1102 792 1154 in
828 1115 920 1154 vos
951 1099 1097 1167 ipsos
1129 1114 1318 1152 recens
1349 1109 1562 1158 creatos
1597 1101 1808 1158 animos
1835 1119 1967 1166 con-

374 1191 652 1246 verteritis
677 1209 692 1245 ε
717 1190 914 1260 quippe
937 1190 1027 1259 qui
1056 1189 1279 1258 perinde
1309 1199 1365 1243 ut
1396 1190 1496 1254 illa:
1519 1191 1629 1258 jam
1658 1192 1784 1246 olim
1814 1193 1968 1248 facta:

375 1282 714 1347 substantia,
741 1297 904 1352 supra
934 1281 1242 1336 mortalium
1277 1297 1456 1336 rerum
1487 1298 1672 1336 curam
1701 1285 1755 1338 in
1785 1287 1960 1354 ipsum

376 1372 572 1432 coelum
609 1373 962 1435 contenditis,
998 1383 1161 1442 atque
1189 1373 1353 1426 etiam
1385 1373 1451 1428 ad
1486 1376 1809 1446 principium
1845 1380 1957 1447 pri-

377 1480 527 1520 mum
575 1481 747 1534 usque
795 1466 1113 1521 ascenditis.
1159 1464 1312 1530 Quod
1361 1474 1511 1522 certe
1555 1467 1608 1521 in
1659 1467 1973 1524 cmlestibus

377 1557 699 1627 corporibus
734 1557 921 1614 itidem
963 1557 1106 1612 fecit.
1143 1557 1326 1615 Solam
1362 1561 1504 1615 enim
1539 1577 1604 1624 ex
1642 1561 1787 1616 omni
1823 1561 1971 1618 side-

379 1665 497 1706 rum
538 1664 766 1714 numero
802 1649 1008 1714 lunam,
1047 1650 1215 1705 voluit
1258 1651 1429 1710 lucem
1471 1668 1625 1708 suam
1669 1654 1834 1709 modo
1869 1653 1972 1709 mi-

379 1757 546 1797 nuere
588 1752 642 1802 et
683 1742 982 1807 remittere,
1026 1744 1184 1798 modo
1226 1755 1558 1811 restaurare,
1601 1746 1867 1816 quasique
1905 1747 1974 1801 ad

2075 644 2220 710 ζετε,
2255 645 2350 697 καὶ
2386 645 2552 715 μέχρι
2581 645 2678 716 τῆς
2709 642 2936 715 πρώτης
2966 640 3145 713 ἀρχῆς
3180 639 3532 694 ἀναϐαίνετε·
3556 633 3678 698 οἷον,

2073 737 2270 807 ἀμέλει
2323 738 2424 790 κάν
2470 739 2582 800 τοῖς
2632 736 2905 806 οὐρανίοις
2944 733 3160 804 σώμασι
3210 730 3503 800 πεποίηκε.
3555 730 3678 800 Τὴν,

2076 827 2309 897 σελήνην
2350 828 2518 897 μόνην
2543 827 2788 896 ἀστέρων
2818 825 3035 895 παρῆκε
3080 822 3286 890 φθίνειν
3320 821 3416 875 καὶ
3445 820 3680 890 ἀφιέναι-

2072 920 2133 972 τὸ
2159 919 2296 988 φῶς,
2321 920 2416 971 καὶ
2442 918 2603 971 πάλιν
2630 918 2916 989 ἄρχεσθαι,
2946 917 3040 969 καί
3066 915 3336 984 νεωτέραν
3359 911 3665 982 γίγνεσθαι·

2073 1019 2147 1081 ὠς
2180 1019 2246 1072 ἂν
2306 1019 2472 1088 μηδὲν
2505 1017 2613 1076 τῶν
2646 1017 2759 1071 άνω
2797 1015 3068 1086 σωμάτων
3097 1013 3395 1081 ἀγέννητον
3432 1011 3668 1079 ὑπονοή-

2077 1128 2288 1175 σαντες,
2331 1112 2423 1164 ὑπ’
2450 1111 2676 1178 ἀλογίας
2709 1127 2761 1162 τι
2790 1109 3063 1177 πάθοιμεν
3086 1123 3100 1137 ·
3139 1106 3329 1173 ὧσπερ
3352 1099 3445 1157 οὖν
3479 1104 3543 1156 ἐκ
3569 1101 3680 1166 τοῦ,

2073 1201 2304 1270 ἐσχάτου
2336 1201 2442 1254 τῶν
2482 1202 2610 1254 ἀστέ
2623 1217 2730 1271 ρων
2760 1200 2886 1269 ἀρτι
2921 1198 3178 1267 φανέντος
3208 1197 3301 1248 καὶ
3335 1191 3678 1263 ἀφανιζομέον

2071 1311 2186 1360 νου,
2243 1294 2338 1347 καὶ
2380 1294 2442 1347 τὸ
2492 1293 2754 1364 ἀνωτέρω
2794 1292 2911 1362 (60)
2961 1289 3220 1358 γενέσθαι.
3272 1284 3666 1356 παιδευόμεθα,

2069 1383 2244 1448 οὕτως
2282 1385 2347 1438 ἐκ
2377 1387 2476 1456 τῆς
2504 1368 2819 1446 τελευταίας
2849 1382 3076 1451 λογικῆς
3113 1378 3302 1442 οὐσίας
3333 1377 3431 1448 τῆς
3457 1375 3678 1447 ἀνθρωτ

2072 1474 2238 1538 πείας
2287 1474 2467 1544 ψυχῆς
2518 1475 2716 1526 νεωστὶ
2765 1469 3233 1543 προϐαλλομένης,
3285 1468 3378 1520 καὶ
3418 1466 3517 1528 τὰς
3563 1464 3669 1534 προ

2072 1567 2246 1636 αὐτῆς
2275 1567 2499 1636 λογικὰς
2537 1567 2798 1636 δυνάμεις
2831 1567 2892 1617 ἐκ
2923 1563 3018 1617 τοῦ
3050 1559 3397 1634 Δημιουργοῦ
3424 1557 3522 1629 τὴν
3563 1557 3668 1626 ἀρα

2073 1658 2175 1730 χὴν
2199 1659 2484 1730 εἰληφέναι
2518 1659 2701 1722 καλῶς
2729 1662 2756 1712 ό
2785 1657 2944 1727 λόγος
2982 1655 3331 1726 κατείληφεν.
3366 1652 3531 1706 Οὐδὲν
3559 1650 3671 1722 γάρ

2072 1754 2270 1824 ἀργὸν,
2308 1754 2432 1809 οὐδὲ
2462 1753 2742 1826 περιττὸν,
2773 1752 2894 1811 οὐδὲ
2919 1753 3096 1823 μάτην
3128 1749 3443 1822 ἐργάζεται.

374 1833 655 1902 juventam
697 1833 876 1887 denuo
919 1833 1137 1888 reverti.
1211 1833 1413 1903 Nempe
1452 1845 1511 1890 ut
1549 1836 1854 1906 cogitarent
1895 1839 2142 1898 homines
2167 1845 2513 1914 superiorum
2581 1843 2797 1900 illorum
2861 1857 3147 1911 corporum
3217 1839 3422 1893 nullum
3449 1846 3674 1906 prorsus

380 1941 504 1986 esse
533 1927 674 1996 quod
706 1942 812 1980 non
843 1925 914 1979 sit
947 1936 1151 1995 natum,
1183 1927 1395 1997 quodve
1426 1938 1615 2000 suapte
1644 1940 1838 2000 sponte
1903 1934 2134 1991 exsistat
2161 1954 2175 1991 :
2239 1938 2449 2007 hocque
2505 1937 2742 2002 absurdo
2802 1950 2990 1994 errore
3018 1934 3450 1998 abstineremus;
3482 1945 3545 1984 ac
3577 1943 3673 1998 po?

381 2021 487 2074 tius
514 2039 578 2078 ex
608 2025 790 2083 intimo
817 2029 907 2085 illo
933 2033 1128 2096 sidere,
1155 2034 1296 2102 quod
1325 2035 1624 2088 etiamnum
1656 2036 1815 2089 modo
1880 2038 2074 2105 magis,
2102 2039 2263 2093 modo
2294 2038 2473 2093 minus
2541 2038 2723 2094 lucere
2785 2036 3079 2098 cernimus.
3142 2031 3426 2102 superiora
3455 2041 3671 2097 quoque

383 2113 468 2168 illa
497 2114 638 2173 facta
667 2135 787 2178 esse
813 2123 1213 2193 colligeremus.
1247 2125 1447 2180 Eodem
1476 2125 1658 2188 modo,
1687 2140 1755 2180 ex
1819 2126 2001 2182 anima
2079 2129 2346 2194 humana,
2391 2129 2482 2183 illa
2521 2129 2774 2184 videlicet
2815 2126 3002 2182 ultima
3047 2140 3111 2182 ac
3150 2137 3323 2193 nuper
3358 2129 3680 2196 procreata,

379 2225 498 2276 qua:
538 2213 764 2268 rationis
799 2225 884 2271 est
929 2218 1229 2288 particeps,
1272 2220 1436 2275 etiam
1470 2219 1586 2289 ipsa
1632 2218 1962 2286 substantia,
2004 2235 2099 2277 eas
2125 2224 2287 2278 etiam
2351 2237 2474 2293 quae
2499 2230 2626 2277 sunt
2684 2229 2812 2276 ante
2836 2220 3010 2288 ipsam
3035 2225 3266 2283 creat-.c,
3297 2213 3504 2268 ratione
3530 2223 3688 2280 praet

381 2307 523 2362 ditas
557 2305 865 2375 facultates,
905 2327 970 2366 ex
1009 2313 1199 2367 eodem
1240 2315 1435 2383 opilice
1475 2322 1700 2369 exortas
1738 2328 1882 2382 esse,
1918 2323 1976 2370 ut
2015 2316 2366 2386 colligamus,
2403 2316 2518 2386 ipsa
2588 2315 2728 2369 ratio
2763 2313 2974 2369 suadet.
3009 2310 3155 2366 Nihil
3224 2309 3368 2363 cnim
3404 2305 3493 2361 ille
3523 2304 3676 2360 otio-

380 2413 522 2465 smn,
553 2400 689 2455 nihil
720 2401 1076 2471 superﬂuum,
1111 2404 1245 2459 nihil
1276 2406 1479 2460 frustra
1512 2406 1662 2461 facit.

452 2492 548 2547 Sin
583 2495 800 2560 demus,
831 2511 952 2550 eum
991 2513 1130 2552 unus
1163 2498 1323 2554 homo
1362 2498 1576 2567 fuisset,
1611 2515 1774 2555 unam
1808 2501 1973 2556 etiam

2151 2497 2214 2550 Ei
2243 2496 2299 2550 δὲ
2328 2496 2446 2560 ἑνὸς
2479 2495 2589 2566 (61)
2615 2496 2769 2558 ὄντος
2806 2495 2901 2548 τοῦ
2933 2491 3226 2564 ἀνθρώπου
3266 2481 3365 2562 τῆν
3414 2491 3542 2563 μίαν
3566 2488 3678 2559 ψυ-

381 2583 620 2637 animam
659 2584 772 2651 jam
820 2596 946 2640 ante
987 2587 1298 2654 exstitisse,
1343 2604 1545 2659 corpus
1590 2602 1770 2646 autem
1816 2591 1978 2663 longo

383 2684 504 2745 post
541 2685 789 2747 tempore
825 2678 1060 2733 eﬂictum
1098 2696 1111 2734 :
1145 2681 1320 2736 otiosa
1357 2680 1602 2751 profecto
1636 2683 1738 2737 fuit
1769 2685 1976 2750 anima,

385 2768 537 2838 prius
573 2784 737 2838 quam
776 2771 829 2826 in
867 2785 1068 2840 corpus
1104 2772 1486 2839 descenderet;
1523 2783 1580 2829 et
1617 2785 1724 2829 tam
1761 2775 1849 2830 ditt
1885 2790 1980 2830 su-

385 2859 622 2931 perﬂua,
657 2876 754 2918 seu
795 2861 998 2917 frustra
1038 2864 1254 2919 condita
1277 2907 1290 2930 ,
1328 2880 1428 2920 nec
1467 2868 1640 2934 potuit
1677 2867 1817 2922 vires
1853 2882 1980 2923 suas

387 2968 666 3021 exserere,
698 2969 874 3024 neque
899 2956 1029 3025 quid
1059 2964 1390 3026 quantumve
1415 2967 1614 3026 posset,
1649 2960 1760 3028 ipsa
1793 2959 1933 3015 seire
1962 2977 1976 3014 :

383 3061 508 3116 qua:
546 3046 760 3112 omnia,
803 3056 1092 3118 postquam
1136 3049 1496 3114 descenderit,
1537 3051 1751 3104 demmn
1793 3051 1981 3119 acqui-

385 3138 481 3192 rit.
515 3139 590 3192 Ea
623 3153 784 3202 vero,
815 3153 978 3208 quam
1011 3153 1108 3194 vos
1139 3139 1506 3209 incorruptam
1537 3154 1604 3196 ac
1633 3155 1822 3196 recens
1851 3141 1982 3197 ell‘e-

389 3239 534 3284 ctam
585 3228 902 3300 appellatis,
955 3229 1130 3287 otiosa
1180 3231 1357 3300 potius
1403 3231 1506 3285 erit
1553 3247 1715 3301 quam
1770 3233 1909 3287 bona
1963 3249 1976 3286 :

389 3321 608 3393 quando
649 3323 899 3392 corporis
936 3338 1090 3379 usum
1134 3323 1284 3392 prius
1324 3337 1427 3378 non
1467 3333 1551 3379 est
1587 3333 1843 3394 experta,
1887 3325 1982 3380 sed

386 3413 500 3483 jam
547 3412 783 3483 primum
833 3423 956 3467 nata
999 3413 1131 3468 vivit
1174 3430 1186 3466 :
1229 3411 1531 3482 cuiusmodi
1576 3413 1778 3471 Bacchi
1821 3424 1982 3485 atque

397 3504 648 3562 llerculis
675 3504 877 3561 Thebis
913 3506 1080 3561 fuisse
1115 3504 1312 3561 ferunt.
1347 3506 1460 3562 Sed.
1485 3507 1529 3563 si
1561 3523 1681 3578 qua:
1713 3508 1852 3578 apud
1885 3524 1982 3564 su-

395 3610 557 3666 peros
588 3606 743 3650 antea
771 3606 1008 3660 versata,
1037 3595 1236 3665 aliquid
1269 3598 1430 3654 isthic
1459 3598 1590 3669 egit,
1616 3608 1739 3668 post
1769 3599 1856 3653 tibi
1886 3599 1982 3653 de-

395 3688 696 3750 scenderit,
724 3704 973 3753 vacuam,
1005 3688 1272 3744 desertam
1303 3699 1358 3744 et
1389 3690 1440 3743 iu
1471 3690 1586 3744 otio
1615 3690 1799 3745 sedem
1829 3706 1980 3746 suam

2081 2589 2184 2663 χὴν
2211 2591 2610 2661 προῦπάρχειν,
2637 2587 2819 2658 πολλῷ
2840 2587 2883 2640 δ’
2911 2587 3036 2640 ὖστε
3047 2603 3136 2657 ρον
3179 2585 3240 2638 τὸ
3274 2584 3435 2654 σῶμα
3465 2599 3680 2653 συμπε-

2083 2683 2323 2737 πλᾶσθαι
2358 2682 2792 2753 φήσομεν,ἀργῆ
2825 2699 2910 2744 τις
2945 2680 3055 2749 (62)
3096 2675 3164 2748 ἦν
3199 2681 3329 2749 πρὶν
3371 2677 3679 2746 καταϐῆναι

2089 2777 2184 2832 καὶ
2217 2775 2448 2846 περιττὴ
2472 2777 2662 2845 χρόνον
2691 2773 2995 2842 τοσοῦτονὴ
3023 2771 3190 2842 ψυχὴ,
3217 2770 3308 2824 καὶ
3340 2771 3439 2826 οὐκ
3475 2768 3678 2833 ἔδειξεν

2084 2867 2341 2938 ἐνεργείᾳ
2388 2867 2490 2937 τὴν
2533 2865 2786 2937 δύναμιν,
2815 2864 2936 2918 οὺδὶ
2975 2866 3118 2932 ἐγνω
3148 2863 3284 2933 ὅπερ
3323 2856 3467 2931 εἶχε·
3503 2858 3680 2912 ταῦτα

2091 2961 2199 3031 γάρ
2247 2959 2514 3013 κατιοῦσα
2565 2958 2862 3029 κερδαίνει.
2931 2956 3232 3028 Ἀργοτέρα
3285 2955 3341 3008 δὲ
3394 2953 3596 3022 μᾶλλον
3644 2955 3678 3023 ἡ

2094 3052 2326 3124 ἀρίστη,
2372 3052 2440 3123 ἣν
2473 3052 2632 3122 ὑμεῖς
2666 3049 2994 3120 ἀδιάφθορον
3022 3047 3134 3120 (65)
3183 3047 3280 3100 καὶ
3325 3045 3544 3116 νεοτελῆ
3575 3062 3677 3098 κα-

2086 3143 2253 3208 λεῖτε,
2296 3144 2329 3215 ἢ
2364 3145 2441 3214 μὴ
2478 3143 2746 3214 πρότερον
2787 3139 3056 3212 ἐπειράθη
3089 3136 3344 3209 σώματος
3376 3135 3510 3207 (64),
3541 3133 3680 3188 ἀλλά

2089 3236 2314 3309 πρώτην
2366 3236 2579 3305 γένεσιν
2613 3235 2742 3307 τῇδε
2793 3233 3057 3304 βιοτεύει·
3119 3228 3319 3305 οἷάπερ
3350 3229 3528 3300 (65)ή
3581 3227 3679 3282 τοῦ

2089 3330 2350 3384 Διονύσου
2398 3329 2492 3382 καὶ
2548 3327 2883 3398 Ἡρακλέους
2916 3328 2973 3378 ἐν
3013 3324 3220 3396 Θήϐαις
3258 3322 3473 3390 λέγεται
3516 3320 3680 3389 γενέ-

2092 3422 2239 3475 σθαι.
2276 3422 2340 3474 El
2369 3421 2415 3474 δ’
2461 3421 2576 3475 ἄνω
2620 3437 2705 3483 τις
2751 3418 3086 3490 διωρισμένη
3133 3416 3274 3487 αὑτὴ
3301 3415 3412 3487 (66)
3454 3430 3682 3484 προειρ-

2089 3509 2322 3578 γάζετο,
2367 3511 2607 3580 ὕστερον,
2656 3507 2842 3580 ἐπειδὴ
2877 3508 3114 3578 κατέϐη,
3155 3506 3318 3577 κενὴν
3349 3506 3442 3560 καὶ
3472 3504 3695 3576 ἔρημον,

2092 3602 2186 3654 καὶ
2217 3603 2275 3654 ὲν
2318 3601 2520 3672 ἀργεία
2554 3600 2668 3670 (67)
2694 3601 2793 3670 τὴν
2820 3601 3020 3672 ἑαυτῆς
3045 3597 3230 3670 χώραν
3264 3597 3678 3652 καταλέλοιπεν.

2090 3694 2157 3746 Δί
2187 3693 2285 3763 μὲν
2333 3693 2442 3760 γὰρ
2490 3692 2648 3746 ἄλλαι
2687 3692 2968 3763 δυνάμεις,
3014 3693 3130 3763 ἅμα
3178 3709 3237 3745 τε
3283 3689 3555 3762 προῆλθον
3587 3689 3684 3742 καὶ

400 3771 712 3851 reliq‘uerit,
747 3795 968 3836 necesse
997 3792 1099 3837 est.
1129 3780 1374 3851 Reliquae
1402 3781 1548 3835 enim
1580 3779 1894 3850 facultates,
1928 3792 1986 3836 ut

2091 3783 2402 3855 ἐτάχθησαν
2425 3778 2486 3838 οὗ
2519 3783 2600 3836 δεῖ
2644 3782 2916 3852 ἐκάστηνο
2949 3783 3045 3836 καὶ
3087 3783 3167 3836 ὅτι
3198 3783 3304 3852 χρὴ
3343 3781 3683 3851 λειτουργεῖν

398 3872 634 3942 primum
682 3871 952 3941 prodiere,
993 3883 1047 3929 et
1091 3888 1198 3944 quo
1246 3872 1364 3928 loco
1407 3872 1670 3942 Oportuit,
1710 3873 1986 3928 collocata:

2094 3877 2188 3929 καὶ
2226 3875 2496 3929 διακονεῖν
2533 3875 2629 3930 καὶ
2657 3875 2975 3945 ὑπηρετεῖν,
3004 3875 3098 3928 καὶ
3132 3873 3453 3944 φυλάττειν·
3487 3871 3588 3941 τὴν
3625 3870 3685 3922 δὲ

399 3974 550 4031 sunt,
591 3974 643 4018 et
687 3979 846 4020 suum
888 3979 1117 4037 quaeque
1157 3980 1350 4020 munus
1388 3965 1542 4021 obire
1578 3974 1633 4020 et
1673 3965 1988 4022 ministrare

400 4066 455 4113 ct
481 4057 792 4116 subservire
815 4066 871 4120 et
897 4071 1089 4115 curare
1116 4057 1302 4127 iussae.
1331 4057 1632 4120 Humanam
1659 4067 1838 4114 autem
1867 4059 1989 4113 ani-

484 4195 599 4267 (60)
629 4195 735 4251 CC.
767 4197 827 4250 Ρ.
865 4197 1004 4260 Τοὺς
1037 4198 1316 4267 ἀνωτέρω.

475 4269 588 4334 (ιιι)
619 4268 722 4322 cc.
759 4267 819 4321 ι’.
847 4268 909 4322 Ei
933 4269 977 4322 δ’
1004 4269 1148 4331 ἐνός.

476 4337 592 4410 (62)
886 4339 1056 4410 ’Λργή
1093 4355 1204 4402 τις.

477 4407 590 4478 (63)
618 4408 724 4463 CC.
755 4407 816 4462 P.
865 4407 1210 4478 ’Λδιάφορον.

483 4481 594 4552 (64)
631 4480 946 4552 Ἐπειράθη
973 4478 1452 4552 σώματος-,ίριιοιὶ
1484 4491 1742 4552 nonesse
1774 4478 2005 4552 creden-

409 4549 538 4608 (lunt
567 4549 730 4620 Supra
763 4550 1033 4620 probavit,
1064 4560 1117 4604 et
1157 4551 1290 4604 nihil
1334 4555 1437 4602 huc
1480 4549 1714 4616 pertinet
1736 4549 1999 4620 {etiamsi

410 4623 479 4678 de
500 4623 606 4676 alio
641 4617 803 4688 quam
857 4628 1122 4688 praesente
1171 4633 1401 4688 corpore
1450 4620 1683 4687 ceperis.
1740 4617 1875 4673 Nam
1928 4624 1994 4676 de

413 4694 590 4761 primo
621 4691 864 4745 omnium
892 4705 1072 4761 sermo
1094 4699 1198 4757 est,
1238 4698 1365 4743 ante
1395 4691 1535 4757 quod
1563 4690 1803 4745 animam
1831 4691 1998 4761 ipsam

413 4759 694 4817 exstitisse
730 4762 986 4815 dixerint.
1016 4759 1111 4814 ΒΑ.

490 4833 603 4904 (65)
654 4831 1090 4900 lncorruptibilis
1132 4828 1339 4904 scilicet
1393 4838 1775 4904 atqueirecens
1837 4832 1997 4903 facta.

415 4899 534 4958 Non
571 4899 724 4958 video
787 4899 964 4955 tamen
1024 4916 1178 4955 usum
1227 4899 1518 4954 verborum
1571 4903 1762 4956 horum
1811 4905 1920 4966 hic,
1952 4901 2006 4958 et

420 4973 579 5027 facile
646 4972 980 5041 persuadear
1038 4970 1256 5041 aliunde
1292 4974 1678 5041 esseiiutrusa.
1726 4973 2004 5038 Dicasita,

422 5040 767 5113 transpositis
812 5042 1015 5113 verbis,
1070 5040 1353 5109 scripsisse
1403 5040 1634 5097 Eneam
1672 5044 1764 5113 :t-:_l
1799 5045 1843 5097 δ’
1892 5043 2006 5098 ἀνω

421 5131 509 5178 τις
577 5100 952 5184 ’διωρισμένης
993 5100 1130 5184 αύτῇ
1184 5100 1632 5184 ’προειργάζετο,
1697 5109 1896 5184 οἷάπερ
1959 5113 1996 5168 α
2038 5100 2080 5156 1)

417 5185 512 5238 τοῦ
567 5184 823 5253 Διονύσου
874 5183 969 5234 καὶ
1033 5182 1372 5253 Ἡρακλέους
1408 5187 1464 5235 ἐν
1517 5184 1724 5252 Θήϐαις
1777 5182 1996 5253 λέγεται

419 5253 680 5323 γενέσθαι
705 5269 721 5283 ο
756 5251 984 5320 ὕστερον
1013 5251 1271 5323 ἐπειδὴ...
1319 5251 1524 5308 Tamen
1553 5251 1654 5309 nec
1688 5251 1860 5309 isthic
1877 5255 1998 5310 ido-

423 5321 557 5380 nens
625 5338 818 5380 sensus
851 5323 1077 5378 suberit.
1129 5321 1278 5378 Jovis
1329 5340 1460 5379 sane
1493 5325 1708 5379 soboles
1743 5325 1825 5379 ha:
1881 5329 1998 5382 dum

423 5395 620 5466 animae
671 5392 946 5466 Thebanis
994 5393 1375 5466 censebantur,
1423 5395 1556 5450 solis
1598 5410 1718 5450 eam
1769 5395 1996 5466 gloriam

425 5464 657 5533 adeptis,
698 5473 760 5517 ut
792 5464 846 5517 iu
886 5478 948 5518 ea
977 5466 1194 5520 civitate
1242 5464 1369 5520 deos
1417 5466 1724 5534 pepererint
1785 5465 2000 5523 femina:

426 5535 701 5605 mortales.
733 5534 1029 5605 Sophocles
1057 5537 1195 5605 apud
1225 5537 1593 5605 Dicaearchum
1619 5537 1671 5590 in
1706 5535 1820 5590 Vita
1846 5535 1997 5605 Grae:

425 5605 524 5678 cia:
564 5604 790 5678 :_Bﬂ6a;
813 5601 1003 5674 λέγεις
1031 5601 1120 5678 μοι
1154 5608 1254 5670 τὰς
1295 5603 1899 5678 πύλας-ἑπταστόμους.
1925 5601 2001 5661 Οὗ

425 5674 492 5745 δὴ
529 5673 690 5746 μόνον
729 5673 1004 5730 τίκτουσιν
1033 5673 1093 5730 αἱ
1128 5676 1324 5746 θνηταὶ
1372 5675 1550 5738 θεούς.
1583 5677 1711 5732 Mihi
1747 5673 2003 5732 videntur

428 5748 644 5801 aliunde
677 5750 838 5801 verba
867 5750 1076 5803 intrusa
1110 5764 1254 5812 esse,
1281 5757 1333 5800 et
1365 5749 1706 5800 connnodum
1758 5747 2002 5804 locandis

430 5818 604 5874 locum
640 5820 1009 5889 quaerendum.
1048 5815 1193 5872 Infra
1228 5817 1476 5871 meminit
1509 5832 1717 5880 eorum,
1749 5818 1842 5887 qui
1891 5819 1999 5875 vivi

435 5899 696 5960 terrarum
724 5891 909 5948 orbem
946 5896 1327 5970 peragrarunt,
1365 5898 1484 5956 post
1538 5897 1766 5943 mortem
1811 5899 2000 5966 μοιρη-

2095 3966 2444 4038 ἀνθρωπίνην
2491 3966 2671 4039 ψυχὴν
2723 3968 2932 4039 μακρόν
2981 3983 3104 4020 τινα
3172 3967 3361 4038 χρόνον
3407 3965 3466 4019 ἐν
3511 3964 3684 4034 ἀργία

2097 4057 2445 4122 καθίσαντες,
2468 4058 2565 4128 ὀψέ
2587 4076 2715 4112 ποτε
2735 4057 3006 4130 δεσμῶτιν
3023 4059 3103 4121 είς
3130 4059 3281 4130 σῆμα
3303 4057 3364 4110 τὸ
3383 4057 3540 4127 σῶμα
3566 4055 3683 4118 ί68)

2102 4197 2239 4252 tiore
2294 4199 2614 4268 corporibus
2668 4198 2722 4253 vi
2785 4199 3028 4268 prmditi;
3069 4200 3164 4253 sed
3217 4197 3344 4252 illuc
3394 4213 3500 4251 non
3549 4196 3688 4268 satis

2102 4270 2265 4322 etiam
2303 4266 2574 4339 congruit.
2608 4266 2798 4334 Quam
2818 4285 2947 4324 vero
2991 4269 3401 4339 trajectionihus
3435 4266 3686 4339 macula-

2105 4349 2188 4391 tus
2223 4339 2293 4393 sit
2333 4336 2586 4393 aureolus
2621 4339 2708 4394 hic
2758 4339 2912 4405 liber,
2957 4340 3038 4394 vel
3072 4337 3346 4393 Ambrosii
3397 4336 3686 4391 translatio

2101 4412 2300 4473 docet;
2336 4419 2390 4463 ιιι
2424 4419 2477 4463 et
2510 4411 2563 4463 in
2607 4419 2758 4466 textu
2793 4410 2897 4463 isto
2929 4425 3032 4462 una
3067 4424 3152 4464 res
3191 4409 3463 4462 frustatim
3514 4406 3698 4472 variis

2103 4480 2239 4534 locis
2279 4481 2509 4533 intrusa.
2549 4479 2795 4534 Bacchus
2846 4492 3024 4534 autem
3057 4489 3112 4539 et
3157 4477 3434 4542 Hercules,
3477 4492 3585 4532 non
3612 4475 3698 4547 οι)¹

2103 4550 2339 4633 patriam
2370 4560 2576 4633 tantum
2609 4565 2977 4633 communem,
3009 4551 3103 4633 sed
3126 4559 3180 4604 et
3211 4550 3430 4633 virtutis
3449 4547 3696 4633 paritata

2096 4619 2251 4690 iungi
2313 4629 2556 4687 possunt.
2618 4620 2902 4676 Herculem
2954 4631 3137 4675 notum
3195 4621 3389 4674 multas
3433 4619 3698 4690 regiones

2101 4689 2546 4760 circumvectum,
2579 4702 2638 4746 ut
2666 4701 2938 4760 terrarum
2962 4690 3149 4760 orbem
3189 4690 3346 4743 malis
3375 4689 3689 4760 hominibus

2102 4770 2454 4815 exoneraret.
2511 4759 2653 4816 Idem
2711 4762 2779 4816 de
2831 4759 3053 4814 Baccho
3095 4761 3374 4816 scribitur.
3421 4759 3698 4824 Diodorus,

2105 4830 2322 4901 Siculus
2356 4829 2490 4901 libro
2539 4847 2688 4892 Iv.c.
2737 4833 2773 4885 2
2829 4851 2841 4886 :
2903 4831 3272 4901 ΙΙεριάγεσθαι
3313 4830 3356 4882 δ’
3401 4829 3564 4882 αὑτὸν
3592 4829 3692 4901 καὶ

2108 4900 2476 4973 στρατόπεδον
2498 4903 2558 4956 οὐ
2597 4903 2757 4973 μόνον
2801 4899 3035 4973 ἀνδρῶν,
3072 4901 3209 4956 ἀλλά
3247 4901 3346 4973 και
3385 4899 3701 4973 γυναικῷν,

2102 4965 2300 5040 ᾧτοὺς
2334 4971 2557 5036 ἀδίκους
2593 4965 2689 5026 καὶ
2735 4965 2957 5036 ἀσεϐεῖς
3005 4975 3116 5025 τῶν
3169 4965 3480 5040 ἀνθρώπων
3522 4968 3692 5024 κολά-

2109 5037 2241 5108 ζειν.
2279 5041 2374 5095 ΒΑ.
2409 5041 2516 5096 Sed
2542 5045 2721 5111 minus
2748 5053 2914 5096 recte.
2946 5043 3100 5096 Εοιτ.
3134 5043 3240 5097 CC.
3271 5037 3331 5095 Ι).
3357 5037 3446 5094 οἷα
3480 5041 3610 5111 περὶ
3635 5057 3690 5095 τ.

2126 5113 2293 5240 δ
2557 5115 2635 5238 ἀεὶ
2661 5109 2706 5235 δ’
2749 5114 2863 5187 ἄνω
2888 5130 2940 5166 τι
2960 5111 3322 5186 διωρισμένον
3339 5111 3502 5182 αὐτῇ.

2410 5222 2423 5236 .
2509 5223 2521 5237 .
2598 5201 2666 5240 ογ
2691 5201 2744 5240 α.

2461 5188 2744 5336 ξῆιῗιῗγξῗ
2762 5252 3141 5336 apparitio
3165 5253 3218 5308 in
3249 5252 3489 5336 Gratylo,
3525 5250 3558 5336 ,ξ
3585 5251 3692 5305 57ι

2106 5323 2245 5380 ΙΙείι.
2273 5323 2414 5396 ἀλλά
2448 5325 2510 5378 τὸ
2549 5323 2698 5396 μετά
2728 5325 2886 5396 τοῦτο
2914 5324 3030 5396 πῷς
3065 5323 3259 5396 φῶμεν
3295 5323 3478 5394 ἐχειν;
3524 5323 3693 5396 ξορα,

2101 5396 2348 5468 τοίσῶμα
2365 5392 2742 5468 λέγειςξΗειι.
2767 5395 2904 5468 γΝαί.
2942 5392 3106 5468 Socii.
3139 5392 3392 5465 Πολλαχῆ
3421 5411 3509 5468 μοι
3542 5393 3694 5468 δοκεῖ

2102 5463 2390 5534 τοῦτόγε,
2425 5463 2490 5520 ἂν
2539 5467 2636 5537 μὲν
2692 5467 2788 5520 καὶ
2821 5466 3079 5537 σμικρόν
3116 5483 3204 5537 τις
3240 5463 3554 5537 παρακλίνῃ
3596 5467 3696 5537 καὶ

2107 5531 2393 5622 navo-“iit
2412 5537 2522 5622 7.519
2539 5531 2696 5622 σῆμά
2717 5536 2862 5620 τινές
2880 5531 3052 5622 ξρασίν,
3066 5535 3200 5590 αὐτὸ
3221 5531 3362 5622 εἶναι
3389 5536 3489 5622 τῆς
3514 5531 3701 5622 φυχῆς

2105 5608 2180 5671 ὡς
2211 5607 2497 5678 τεθαμμέν
2535 5625 2562 5670 ς
2599 5607 2657 5660 ἐν
2686 5608 2764 5678 τῷ
2792 5607 2887 5660 νῦν
2912 5607 3164 5708 παρόντι,
3198 5609 3295 5661 καὶ
3325 5607 3460 5660 διότι
3477 5607 3544 5659 αὖ
3575 5607 3701 5658 τού-

2105 5695 2184 5731 τω
2217 5625 2538 5731 σηααίνειὲ.
2567 5677 2632 5730 ἂν
2669 5678 2888 5731 σημήνῃ
2927 5679 2952 5731 .‘1
2977 5677 3146 5731 υυνὴ.
3179 5677 3276 5731 καὶ
3322 5677 3494 5731 ταύτῃ
3517 5674 3700 5731 ὀρθῶς

2105 5695 2184 5748 τῳ
2217 5674 2474 5749 σημαίνει
2567 5677 2632 5730 ἂν
2669 5674 2890 5750 σημήνῃ
2926 5674 3150 5750 ἡψυχὴ,
3179 5677 3276 5731 καὶ
3322 5677 3494 5748 ταύτῃ
3517 5674 3708 5750 ὀρθῶς

2108 5743 2600 5821 σῆμαᾶαλεῖσθαι.
2651 5743 3240 5821 υθίίξιίιίὶρ-Ι-ιιιίἰόιιῖὺυβ
3285 5743 3532 5818 corporis
3560 5743 3710 5821 huc?

2107 5817 2432 5876 facientibus
2461 5817 2660 5874 multas
2688 5819 2813 5873 alibi
2843 5817 3178 5891 Collegimus.
3209 5819 3300 5891 BA.
