4052 6384
364 284 483 355 865

1657 277 2280 339 THEOPHRASTUS.

3531 280 3636 345 966

376 409 514 476 κίνῳ
543 403 636 458 τοῦ
668 400 874 472 κόσμου
901 397 998 469 τὴν
1023 397 1208 468 ὥραν,
1234 394 1369 448 ἀλλά
1395 395 1488 448 καὶ
1508 392 1802 446 ,Ἁπόλλων
1825 392 1955 444 ποτὲ

2067 406 2158 446 cur
2191 405 2298 448 non
2326 389 2568 447 rideatur
2603 390 2690 445 ille
2704 424 2726 455 -,
2751 391 2840 461 qui
2869 405 2966 447 nec
2991 389 3370 462 Egyptiorum
3414 396 3630 452 vatibus

377 493 720 566 χρησμῳδῶν
746 490 999 560 γενέσθαι
1031 488 1126 542 καὶ
1153 489 1273 551 τοὺς
1307 486 1563 557 δαίμονας
1590 485 1706 556 ᾄδει
1731 483 1826 537 καὶ
1848 482 1955 553 πρὸ

376 587 469 640 τοῦ
523 583 820 654 ἀνθρώπου
871 580 1143 651 γενέσθαι,
1184 579 1278 631 καὶ
1325 577 1431 648 πρὸ
1469 577 1568 647 τῆς
1601 576 1694 628 τοῦ
1743 574 1953 635 κόσμου

377 673 761 742 κατασκευῆς,
811 671 904 725 καὶ
961 662 1099 742 πρὸς
1153 668 1339 739 χρείαν
1388 665 1678 738 ἀνθρώπου
1722 663 1800 734 τῷ
1849 666 1955 732 Δη-

379 763 626 835 μιουργῷ
668 763 954 816 διακονεῖν.
998 763 1056 814 Ὀ
1083 761 1140 814 δὲ
1177 760 1442 831 χρησμός·
1482 777 1500 809 ι
1555 757 1808 826 Ἐκτίσθη
1849 756 1956 826 πρὸ

382 855 532 926 ἡμῶν
581 854 692 925 (72)
729 854 878 918 θείας
908 853 1002 906 τοῦ
1038 853 1242 923 κόσμου
1281 851 1447 920 γονῆς
1499 850 1752 920 ἄφθαρτα
1795 847 1958 902 πνεύ-

367 964 527 1017 ματα
572 948 652 1009 είς
703 946 974 1016 ἡμετέρας
1007 943 1217 1015 χρείας.
1261 962 1279 994 ι
1318 933 1442 1006 Πῶς
1475 937 1566 995 οὖν
1600 943 1650 994 οἰ
1681 941 1774 994 τοῦ
1817 939 1959 992 Πλά-

373 1046 546 1100 ’τωνος
574 1037 928 1109 μυσταγωγοὶ
957 1036 1026 1090 τά
1050 1053 1109 1088 τε
1145 1033 1315 1104 νοητὰ
1351 1035 1447 1087 καὶ
1476 1033 1544 1086 τὰ
1575 1032 1809 1104 αἰσθητὰ
1844 1033 1960 1101 ἅμα

380 1131 564 1185 πάντα
616 1129 1053 1200 παραγαγόντες,
1111 1127 1210 1179 οὐκ
1261 1125 1481 1179 ἐναντία
1532 1113 1958 1192 σοφίζονται

377 1214 690 1273 ’Ἀπόλλωνι
741 1220 837 1271 καὶ
885 1217 964 1289 τῷ
1011 1216 1290 1280 Πλάτωνιῖ
1346 1215 1418 1269 Οὖ
1471 1214 1578 1284 γὰρ
1634 1213 1698 1283 δὴ
1732 1211 1847 1281 ἅμα
1893 1211 1959 1283 δὴ

381 1308 580 1363 πάντα.
627 1307 744 1360 Νῦν
789 1306 884 1358 τοῦ
939 1305 1130 1375 Θέρους
1178 1303 1382 1375 ήῶρα,
1424 1303 1518 1354 καὶ
1561 1302 1630 1355 τὰ
1671 1300 1816 1369 φυτὰ
1851 1303 1960 1363 τοῖς

365 1402 617 1471 -καρποϊς
647 1397 1140 1467 ὲγκαλλωπίζεται,
1170 1395 1326 1448 οὔπω
1353 1394 1410 1447 δὲ
1438 1394 1644 1465 χειμὼν
1675 1395 1958 1467 καταρρή-

374 1507 614 1560 γνυται;
656 1484 782 1562 ⁷Δρ’
809 1488 904 1542 οὖν
937 1488 1032 1541 τοῦ
1065 1488 1165 1559 μὲν
1200 1487 1395 1558 θέρους
1421 1487 1538 1540 ἐστὶ
1575 1486 1826 1556 ποιητὴς,
1863 1485 1956 1539 τοῦ

378 1584 438 1636 δὲ
476 1581 751 1653 χειμῶνος
795 1580 1012 1647 οὐκέτι-;
1049 1580 1172 1633 Οὐδ’
1224 1573 1380 1642 οὗτος
1419 1578 1534 1642 bat;
1567 1577 1678 1631 οὐδ’
1720 1579 1802 1640 εἰς
1833 1594 1960 1650 καρ-

381 1673 646 1744 πογονίαν
693 1671 1115 1745 προευτρεπίζει
1158 1670 1258 1742 τὴν
1286 1671 1423 1741 γῆνς
1455 1672 1538 1724 ὅτι
1581 1670 1656 1741 μὴ
1695 1669 1757 1722 τὸ
1799 1669 1956 1740 θέρος

2059 497 2340 536 assensum
2374 484 2646 551 praebeat,
2682 483 2774 552 qui
2813 497 2935 537 cum
2977 483 3164 537 mundi
3211 483 3422 538 initium
3454 501 3626 556 gene-

2057 573 2436 640 rationemque
2463 581 2776 642 exponunt,
2815 588 3015 628 cancro
3056 584 3267 645 tempus
3306 577 3483 634 aetatis
3511 584 3630 647 ejus

2057 663 2378 718 ascribunt?
2427 661 2532 719 Sed
2594 672 2650 718 et
2699 663 2893 734 Apollo
2945 667 3178 734 quodam
3222 668 3446 724 oraculo
3478 671 3632 724 edito

2057 753 2372 824 respondit:
2411 755 2554 810 Ante
2586 755 2866 810 hominum
2928 756 3224 827 mundique
3276 761 3630 828 creationem,

2058 845 2328 902 daemones
2364 846 2536 903 factos
2566 863 2708 915 esse,
2739 849 2830 919 qui
2871 848 3150 905 Conditori
3197 851 3430 910 salutem
3460 855 3635 908 homi-

2060 937 2145 992 nis
2197 939 2411 994 curanti
2453 939 2842 996 subservirent.
2874 939 3171 997 Oraculum
3225 951 3404 998 autem
3454 944 3629 1014 ipsum

2061 1021 2326 1085 sic'habet
2351 1050 2363 1086 :
2396 1031 2615 1086 Condi-ti
2637 1041 2766 1088 sunt
2798 1041 2922 1089 ante
2951 1048 3051 1089 nos
3079 1033 3422 1104 divinamque
3445 1036 3633 1091 mundi

2061 1123 2468 1190 generationem
2496 1164 2511 1186 ,
2542 1123 2876 1180 immortales
2906 1125 3129 1194 spiritus
3171 1125 3226 1180 in
3253 1135 3494 1180 nostram
3531 1125 3640 1182 uti-

2061 1213 2293 1269 litatem.
2337 1213 2436 1282 Qui
2466 1213 2522 1270 fit
2566 1211 2738 1286 igitur
2787 1226 2845 1270 ut
2883 1211 3133 1272 Platonis
3178 1219 3528 1287 interpretes,
3581 1225 3639 1273 et

2063 1312 2300 1360 mentem
2339 1315 2394 1361 et
2423 1321 2638 1362 sensum
2677 1308 2930 1364 habentia
2971 1308 3132 1364 simul
3161 1309 3346 1364 omnia
3392 1309 3635 1364 introdu-

2050 1397 2229 1452 cant?
2258 1411 2430 1454 annon
2467 1399 2800 1453 contrariam
2835 1398 3112 1468 Apollini,
3144 1401 3247 1470 ipsi
3294 1401 3460 1456 etiam
3495 1401 3634 1456 “Pla-

2062 1491 2172 1546 toni
2222 1489 2617 1560 philosophiam
2657 1492 2757 1545 hoc
2798 1491 2914 1559 ipso
2945 1490 3223 1546 efficiunt?
3263 1490 3451 1563 Neque
3486 1495 3632 1549 enim

2056 1579 2246 1636 omnia
2277 1577 2438 1633 simul
2472 1579 2765 1636 exsistunt.
2796 1577 2914 1632 Jam
2951 1581 3155 1635 aestatis
3179 1589 3389 1650 tempus
3415 1591 3533 1648 est,
3583 1593 3638 1638 et

2063 1671 2260 1741 plantae
2295 1669 2563 1725 fructibus
2597 1678 2803 1724 ornata:
2838 1670 3064 1726 mirifice
3093 1672 3195 1726 sibi
3227 1672 3440 1741 placent
3469 1691 3482 1728 :
3515 1689 3639 1730 nec-

380 1767 500 1838 ἅμα
535 1765 616 1837 τῷ
657 1765 889 1837 χειμῶνι
921 1763 1312 1835 συμφύ·ρεται;
1359 1762 1498 1816 Ἀλλ’
1543 1763 1642 1816 οὐκ
1673 1762 1960 1828 ἀσθενείας

2067 1763 2187 1818 dum
2209 1763 2388 1818 hiems
2419 1777 2516 1818 nos
2537 1762 2740 1818 obruit.
2767 1762 2904 1818 Num
2938 1778 3067 1833 ergo
3093 1763 3184 1819 ille
3207 1765 3379 1818 solum
3407 1767 3636 1829 aestatis,

358 1861 489 1914 ὀὐδ’
521 1859 779 1925 ἀταξίας,
831 1857 967 1911 ἀλλὰ
1012 1856 1219 1922 τάξεως
1257 1857 1354 1910 καὶ
1395 1855 1678 1927 δυνάμεως
1708 1854 1822 1926 (75)
1856 1873 1956 1928 ση-

383 1952 559 2019 μεῖον.
613 1950 678 2002 Ἦ
734 1949 912 2019 σιωπὴ
956 1948 1052 2001 τοῦ
1102 1947 1419 2018 Πυθαγόρου
1478 1949 1541 2001 τὸ
1583 1948 1800 2019 δόγμα·
1839 1947 1956 2002 ἀλλ’

375 2042 528 2112 ὅμως
561 2041 776 2110 λογικὸς
817 2041 929 2112 (74)
957 2036 1044 2112 ἦν,
1087 2041 1135 2093 εἰ
1178 2041 1272 2094 καὶ
1310 2041 1430 2094 τότε
1462 2043 1672 2112 σιωπᾷν
1704 2038 1952 2110 ἐγνώκει.

390 2133 459 2186 Ἦ
489 2134 545 2187 δὲ
583 2133 1046 2204 ἀγαλματοποιία,
1079 2131 1174 2186 τοῦ
1205 2132 1412 2186 Φειδίου
1439 2133 1600 2204 τέχνη
1619 2173 1634 2196 ,
1666 2131 1779 2186 ἀλλ’
1807 2134 1956 2204 ὅμως

374 2227 712 2299 δημιουργὸς
737 2222 808 2298 ἦν
830 2243 846 2259 ·
877 2228 927 2280 εί
964 2227 1060 2280 καὶ
1089 2226 1165 2298 μὴ
1195 2226 1312 2296 ἃμα
1333 2226 1394 2278 τὸ
1423 2228 1482 2279 ὲν
1515 2225 1810 2296 ἀκροπόλει
1841 2224 1954 2296 (75)

378 2322 476 2373 καὶ
505 2324 562 2374 ὲν
609 2321 882 2392 Ὀλυμπίᾳ
915 2320 1218 2391 πεποίηκεν
1235 2320 1478 2390 ἄγαλμα.

2063 1872 2126 1909 ac
2181 1870 2282 1909 non
2319 1855 2483 1909 etiam
2542 1854 2737 1910 hiemis
2789 1863 2873 1910 est
2909 1855 3169 1909 creator?
3210 1870 3339 1910 num
3392 1856 3480 1910 ille
3529 1871 3637 1911 non
3694 1915 3696 1917 _

2063 1947 2232 2019 pluit?
2264 1963 2332 2002 an
2376 1961 2504 2002 vero
2547 1947 2792 2002 tellurem
2844 1957 3127 2018 propterea
3185 1963 3292 2004 non
3331 1949 3424 2004 hic
3474 1950 3637 2005 etiam

2063 2039 2417 2109 procreandis
2455 2038 2703 2110 frugibus
2753 2048 2935 2108 aptam
2979 2050 3145 2110 atque
3197 2040 3448 2096 idoneam
3483 2040 3634 2104 facit,

2052 2131 2188 2201 quia
2240 2145 2363 2186 cum
2414 2131 2593 2185 hieme
2648 2145 2753 2185 non
2792 2130 3073 2188 confundit
3106 2132 3385 2188 aestatem?
3418 2133 3490 2187 At
3536 2134 3639 2188 hoc

2063 2237 2239 2292 neque
2279 2221 2669 2279 imbecillitatis
2708 2237 2884 2294 neque
2931 2223 3161 2293 neglecti
3193 2223 3436 2289 ordinis,
3465 2225 3558 2280 sed
3585 2235 3641 2278 et

2063 2317 2267 2372 servati
2301 2317 2507 2372 ordinis
2532 2325 2584 2371 et
2625 2331 2852 2372 summa:
2889 2316 3142 2385 potentiae
3185 2316 3637 2386 significationem

2063 2410 2243 2466 habet.
2282 2409 2570 2464 Silentium
2599 2408 2817 2479 quidem
2855 2407 3174 2478 Pythagorae
3203 2407 3480 2462 decretum
3517 2407 3636 2472 fuit,

383 2518 439 2564 et
471 2516 647 2561 tamen
673 2505 1024 2562 nihilominus
1048 2506 1275 2562 rationis
1305 2519 1526 2574 compos
1555 2515 1696 2570 erat,
1723 2514 1779 2557 ut
1805 2504 1854 2558 ei
1897 2513 2025 2558 tunc
2059 2503 2348 2558 tacendum
2385 2501 2678 2556 videretur.
2718 2500 3056 2554 Statuariam
3089 2509 3263 2553 artem
3293 2498 3514 2555 Phidias
3539 2517 3641 2554 no-

369 2606 554 2659 -verat,
574 2603 738 2666 atque
764 2593 928 2649 etiam
963 2593 1138 2649 bonus
1171 2601 1290 2649 erat
1321 2593 1512 2648 artifex
1540 2611 1554 2647 :
1593 2594 1694 2648 etsi
1735 2609 1838 2646 non
1870 2593 1923 2647 in
1956 2608 2082 2648 arce
2115 2593 2529 2647 Atheniensium
2555 2592 2717 2647 simul
2742 2593 2796 2646 in
2827 2590 3079 2662 Olympia
3103 2600 3315 2647 statuas
3337 2593 3603 2662 exigeret.

451 2684 647 2739 ΘΕΟΦ.
679 2675 1034 2736 Πότεοονόὗν
1055 2683 1250 2737 ¹κακῶς
1289 2683 1407 2737 τόδε
1441 2683 1504 2738 τὸ
1533 2684 1642 2736 πᾶν
1672 2681 1958 2754 συνεδέθη;

451 2865 627 2919 ΛΞΙΘ.
660 2863 942 2934 Οὐμενοῦν
958 2859 1026 2935 ἦν
1054 2863 1276 2934 ἄμεινον
1305 2862 1442 2934 (76).

450 2959 647 3012 ΘΕΟΦ.
675 2957 799 3021 Πῶς
828 2952 922 3010 οὖν
950 2957 1274 3026 λυθήσεται;

2131 2681 2429 2737 THEOPII.
2452 2683 2534 2736 An
2560 2697 2688 2753 ergo
2721 2683 3032 2738 universam
3059 2683 3201 2737 hanc
3227 2684 3411 2738 mundi
3445 2683 3646 2738 machi-

2065 2790 2186 2828 nam
2213 2775 2352 2829 male
2383 2786 2722 2845 compactam
2755 2775 2982 2830 censes?

2129 2863 2370 2920 AXlTil.
2396 2865 2512 2921 Non
2544 2874 2630 2922 est
2657 2865 2801 2920 aliud
2828 2867 2930 2920 hoc
2963 2865 3182 2934 opificio
3231 2865 3424 2920 melius
3451 2865 3639 2920 ullum.

1988 2982 2030 3039 Ο
2134 2955 2432 3010 THEOPH.
2455 2956 2580 3023 Quo
2608 2966 2764 3026 pacto
2796 2957 2958 3026 igitur
2991 2957 3191 3026 poterit
3227 2955 3498 3010 dissolvi?

452 3048 630 3105 ΑΞΙΘ.
666 3050 790 3102 Ὀτι
830 3049 892 3102 τὸ
920 3049 1194 3113 συντεθὲν,
1247 3048 1346 3119 οὐχ
1405 3047 1627 3102 ἁπλοῦν.
1664 3048 1827 3100 Ἄλλο
1851 3047 1960 3117 γὰρ

2139 3047 2371 3102 AXITII.
2414 3048 2548 3114 Quia
2578 3051 2678 3103 hoc
2709 3066 2842 3118 Opus
2862 3065 2966 3103 non
2993 3048 3220 3115 simplex
3252 3057 3354 3110 est,
3380 3047 3472 3100 sed
3495 3061 3645 3100 com-

363 3142 530 3213 -ἆλλῳ
563 3141 935 3212 συμπλέκεται
966 3141 1100 3213 (77).
1149 3140 1225 3194 Τὸ
1265 3140 1322 3194 δὲ
1368 3141 1432 3192 ὲκ
1477 3138 1687 3192 πολλῶν
1713 3138 1809 3192 καὶ
1839 3139 1961 3190 ἀνο-

2069 3143 2341 3210 positum:
2377 3143 2573 3210 quippe
2607 3141 2660 3194 in
2690 3155 2798 3211 quo
2837 3141 3067 3194 alterum
3112 3154 3233 3194 cum
3295 3139 3467 3192 altero
3507 3152 3644 3191 con-

366 3235 556 3306 ..μοίων
584 3235 681 3288 καὶ
709 3235 968 3288 ἐναντίων
999 3232 1276 3296 συντεθὲν,
1335 3229 1395 3286 εὖ
1440 3231 1715 3286 διαλύεται
1739 3247 1752 3261 ο
1793 3230 1853 3283 τὸ
1906 3229 1962 3282 δὲ

2067 3230 2346 3300 iungatur.
2383 3233 2453 3284 At
2481 3233 2741 3302 quidquid
2766 3241 2936 3286 estex
2970 3231 3152 3285 multis
3177 3240 3229 3284 et
3258 3229 3640 3291 dissimilibus,

379 3324 612 3395 δύναμιν
631 3324 742 3396 (78)
761 3324 1149 3396 πρὸςδιὰλυσιν
1167 3322 1289 3392 ἕχον
1311 3321 1641 3394 ἐπιτηδείαν,
1677 3322 1963 3391 ἐνεργήσει

2067 3322 2250 3394 iisque
2283 3325 2446 3378 etiam
2481 3325 2621 3377 inter
2657 3338 2716 3378 se
2758 3323 3050 3376 contrariis
3083 3325 3243 3377 rebus
3275 3330 3642 3390 compactum,

382 3415 518 3468 ποτὲ
545 3415 703 3468 τοῦτο
723 3415 859 3484 ὅπερ
895 3416 930 3486 ἡ
951 3413 1180 3481 δύναμις
1207 3411 1383 3466 ὣδινε.

2009 3419 2014 3422 ’
2073 3415 2128 3470 id
2157 3428 2286 3470 vero
2337 3413 2498 3470 facile
2537 3414 2754 3469 dissolvi
2787 3423 2980 3482 potest.
3014 3412 3285 3482 Quidquid
3317 3419 3497 3466 autem
3535 3410 3641 3462 vim

369 3514 442 3562 et
470 3515 722 3559 naturam
752 3513 932 3574 aptam
958 3503 1024 3558 ad
1055 3501 1138 3557 sui
1205 3501 1614 3558 dissolutionem
1654 3511 1814 3571 atque
1848 3503 2128 3561 interitum
2189 3506 2374 3573 habet,
2404 3507 2458 3561 id
2520 3506 2811 3575 aliquando
2870 3506 2973 3561 hoc
3013 3507 3188 3576 ipsum
3212 3514 3352 3578 aget,
3379 3509 3446 3560 ad
3476 3504 3640 3574 quod.

383 3597 456 3652 ab
484 3611 582 3652 sua
612 3606 806 3650 natura
836 3603 1085 3650 vocatur.

457 3685 650 3740 ΘΕΟΦ.
668 3684 734 3738 Τί
757 3684 814 3739 δὲ
832 3683 893 3737 τὸ
908 3682 1090 3748 καλῶς
1111 3683 1362 3740 συντεθὲν
1383 3683 1476 3738 καὶ
1490 3683 1764 3754 ἀρμοσθὲν
1788 3682 1958 3751 λύειν,

389 3777 582 3847 σοφίας
607 3774 746 3834 εἷναί
781 3793 863 3830 σοι
890 3775 1060 3840 δοκεῖ;

463 3952 634 4014 ΑΞΙΘ.
689 3959 752 4012 Εἰ
806 3958 877 4013 τὰ
931 3957 1080 4029 μέρη
1138 3957 1310 4028 θνητὰ
1353 3956 1732 4019 καταλέλοιπε,
1765 3955 1861 4009 xui.
1904 3956 1967 4009 τὸ

386 4053 509 4105 ὅλον
539 4051 772 4105 διαλύειν
821 4049 1200 4122 πρώιιῦρισεν.
1247 4049 1339 4114 Ἐξ
1380 4049 1605 4102 ἐκείνων
1632 4048 1740 4119 γὰρ
1775 4046 1966 4101 τοῦτο’

469 4206 579 4281 ('72)
619 4207 770 4281 B_asl.
817 4205 1005 4281 dudm.
1040 4203 1299 4281 Homines
1339 4205 1526 4273 utique
1575 4205 1844 4281 allocutus
1885 4214 1972 4260 est

388 4274 838 4350 Apollo._ltaqtte
859 4274 1019 4350 nihil
1052 4274 1254 4350 certius
1284 4283 1550 4350 estquam
1593 4276 1962 4350 scribendum,

531 4347 708 4436 ppgw,
739 4343 798 4436 et
819 4360 942 4426 mgx
964 4343 1350 4436 gigans-sepe;
1375 4346 1585 4436 χρείας.
1624 4345 1728 4398 Alii
1761 4347 1964 4410 legunt,

2076 4348 2250 4436 Ξργων
2289 4349 2383 4429 του
2412 4343 2666 4436 ⁷ξυειδίου⁸
2710 4343 2835 4436 θέας

390 4412 804 4491 ﬂammma
831 4415 942 4491 τῆς
961 4413 1018 4466 δέ
1045 4412 1137 4485 [η.
1175 4412 1540 4482 optimam.

466 4483 582 4558 (73)
618 4486 725 4558 CC.
851 4483 1011 4558 τοῦτο
1041 4483 1196 4558 su’pp.

467 4551 580 4629 (74-)
625 4557 704 4610 Ad
727 4551 1216 4629 eloquiummaluit
1247 4551 1589 4629 interpretari
1626 4552 1964 4629 Ambrosius.

395 4621 716 4684 Sa‘ne’vero
742 4635 796 4678 et
832 4621 1030 4677 rationi
1078 4621 1361 4676 videbatur
1389 4621 1666 4677 adversari
1701 4632 1810 4676 tam
1854 4625 1970 4677 diu-

399 4709 617 4756 turnum
647 4693 942 4750 silentium.
974 4691 1062 4745 Ille
1089 4699 1265 4760 autem
1296 4691 1425 4760 legit
1447 4691 1646 4760 λόγιος.
1682 4691 1779 4746 ΒΑ.

471 4767 586 4840 (75)
627 4766 800 4818 Ambo
831 4764 947 4840 haec
980 4761 1106 4840 fecit
1137 4759 1387 4840 Phidias;
1437 4759 1543 4840 nan
1578 4766 1754 4840 minus
1789 4772 1970 4815 tamen

401 4830 596 4895 fuisset
647 4833 964 4896 statuarius,
1001 4832 1045 4885 si
1070 4845 1174 4884 non
1211 4830 1441 4900 fecisset.
1476 4830 1674 4885 Neuter
1708 4833 1972 4900 interpres

389 4911 541 4988 ιεειιίε
583 4919 801 4961 sensum
835 4910 1117 4988 35.5.2992?
1148 4898 1795 4988 εξξριξξιιιξὲηεωηιξη)-
1820 4898 1972 4988 περὶ·

401 4990 490 5036 ter
522 4989 789 5031 summum
828 4971 1117 5026 artificium
1148 4970 1506 5024 humanarum
1549 4986 1824 5024 manuum.
1867 4970 1972 5023 Va-

403 5050 573 5105 lerius
622 5044 886 5097 Maximus
940 5042 1077 5094 libro
1108 5053 1190 5103 tn,
1240 5037 1376 5109 c.77,
1406 5040 1550 5109 (ext.
1597 5039 1709 5106 4):
1753 5039 1972 5109 Phidias

440 5131 607 5188 Itaque
646 5108 1354 5188 (lemniscis-ibusegregio
1387 5108 1525 5162 dicto
1554 5109 1755 5188 allusit.
1789 5108 1972 5163 Sintu-

426 5177 550 5242 απὸ
593 5184 731 5238 enim
755 5181 902 5235 lovis
943 5177 1174 5248 Olympii
1201 5177 1454 5248 perfecto,
1489 5192 1590 5248 quo
1619 5178 1821 5231 nullum
1843 5193 1974 5245 prte-

402 5257 631 5312 stantius
656 5261 746 5306 aut
773 5247 1136 5305 admirabilius
1162 5249 1405 5300 humana:
1427 5247 1698 5316 fabricatae
1719 5257 1840 5301 sunt
1864 5264 1976 5302 ma-

407 5344 532 5391 nus,
562 5334 668 5380 etc.
701 5320 988 5391 Acropolis
1007 5319 1148 5391 acta
1182 5316 1372 5387 ἐξοχὴν
1406 5317 1811 5391 A_tlienie_ns_iut_n
1851 5333 1970 5376 arx.

406 5397 465 5451 in
502 5386 564 5450 ea
609 5386 877 5461 Apollinis
899 5405 936 5461 a_
964 5389 1148 5461 Phidia
1193 5386 1454 5461 elaborati
1485 5386 1732 5461 meminit
1766 5386 1972 5461 Pausa-

406 5467 531 5521 nias
563 5467 614 5520 in
661 5457 856 5514 Atticis
886 5459 1012 5530 (24,
1035 5458 1165 5530 κε),
1187 5469 1242 5511 et
1278 5458 1496 5530 quidem
1519 5457 1695 5530 noxia
1752 5459 1974 5530 regione
2069 5489 2073 5492 -

411 5538 617 5590 insecta
645 5525 983 5600 expellendis.
1019 5525 1124 5583 Sed
1146 5525 1489 5600 hauddubic
1516 5525 1766 5600 Minervae
1803 5527 1974 5581 simu-

408 5607 614 5660 lacrum
671 5594 848 5654 innuit
894 5598 1099 5652 Aineas
1145 5597 1290 5650 inter
1330 5596 1510 5649 omnia
1565 5594 1767 5650 Phidiae
1810 5611 1973 5665 opera

409 5673 920 5745 praeclarissinnnn.
949 5669 1088 5738 quod
1126 5665 1331 5724 Lemnii
1361 5666 1694 5734 dedicarunt,
1735 5676 1788 5721 ut
1830 5667 1971 5722 idem

2136 3680 2433 3737 'f‘llEOPli.
2467 3681 2548 3735 An
2605 3698 2731 3736 vero
2771 3691 2822 3734 tu
2862 3681 3124 3750 sapientis
3167 3695 3285 3735 esse
3340 3691 3529 3752 putas,
3591 3685 3642 3739 id
3736 3659 3742 3667 Ι

2067 3773 2209 3841 quod
2253 3772 2391 3824 bene
2419 3782 2754 3839 compactum
2786 3782 2870 3825 est
2908 3783 2962 3825 et
3011 3770 3280 3824 concinne
3307 3785 3647 3841 coagmenta-

2072 3872 2207 3926 tum,
2239 3863 2579 3918 dissolvere?

2143 3953 2382 4010 AXITH.
2442 3955 2499 4010 Si
2549 3955 2769 4024 quidem
2823 3965 2878 4010 et
2930 3967 3112 4026 partes
3157 3957 3274 4027 ejus
3333 3960 3644 4016 interituras

2079 4047 2248 4104 fecit:
2278 4057 2335 4104 et
2361 4057 2418 4103 ut
2442 4058 2616 4104 totum
2647 4049 2820 4119 ipsum
2851 4049 3203 4115 dissolvatur,
3223 4048 3336 4119 jam
3366 4062 3521 4107 antea
3553 4054 3646 4108 de-

2070 4202 2368 4262 Pausanias
2401 4219 2680 4263 memorat.
2709 4208 2813 4262 Δύο
2841 4210 2919 4273 δὲ,
2947 4209 3120 4276 inquit
3153 4209 3228 4272 (I,
3265 4209 3356 4271 28,
3384 4209 3474 4277 2).
3502 4208 3645 4262 ἄλλα

2076 4278 2222 4350 ἐστὶν
2251 4278 2596 4350 ἀναθήματα,
2645 4279 2915 4350 Περικλῆς
2947 4281 2974 4332 ό
3021 4280 3364 4350 Ξανθίππου,
3395 4279 3494 4350 καὶ,
3537 4280 3645 4330 τῶν

2887 4351 3120 4419 μάλιστα
3171 4349 3341 4415 ἄξιον,
3410 4349 3643 4417 Ἀθηνᾶς

2073 4417 2319 4490 ἄγαλμα,
2355 4418 2464 4470 ἀπὸ
2494 4417 2951 4490 τῶν-ἀναθέντων
2992 4420 3331 4490 καλουμένης
3372 4419 3644 4488 Λημνίας.

2073 4489 2353 4555 Olympius
2402 4502 2530 4540 vero
2583 4487 2824 4555 ejusdem
2877 4492 3103 4545 artificis
3158 4487 3369 4556 Jupiter
3431 4487 3642 4541 tantum

2077 4557 2446 4610 testimonium
2502 4558 2710 4623 habuit,
2765 4559 2949 4626 utipsi
3001 4562 3165 4614 etiam
3217 4561 3328 4614 Deo
3387 4558 3648 4626 probatus

2075 4627 2448 4692 perhibeatur,
2499 4628 2575 4680 uti
2628 4639 2892 4683 memorat
2942 4631 3082 4684 idem
3139 4629 3376 4694 scriptor
3429 4628 3522 4679 lib.
3590 4643 3642 4680 v.

2077 4695 2348 4762 Tradunt,
2407 4697 2606 4764 inquit,
2679 4700 2844 4765 ipsius
2902 4700 2987 4754 dei
3065 4700 3382 4754 auctoritate
3439 4695 3651 4750 Phidiw

2075 4777 2240 4818 artem
2313 4769 2702 4832 comprobatam
2753 4783 2770 4820 :
2837 4786 2957 4821 nam
3023 4786 3182 4833 cum,
3247 4766 3478 4831 expolita
3529 4768 3649 4835 jam

2075 4852 2246 4902 apere,
2273 4837 2452 4889 Jovem
2482 4847 2711 4906 rogasset
2737 4838 3177 4906 signiﬁcationem
3207 4849 3262 4891 ut
3291 4839 3389 4892 sibi
3417 4836 3650 4905 aliquant

2075 4905 2247 4974 daret,
2266 4903 2500 4973 nunquid
2541 4906 2672 4956 illud
2721 4903 2822 4974 ipsi
2858 4903 3125 4972 acceptum
3172 4917 3302 4962 esset
3345 4917 3393 4960 et
3447 4903 3653 4974 gratum

2075 4969 2692 5036 apttsfeam'pavimemi
2716 4969 2921 5037 partem
2966 4969 3031 5030 de
3069 4977 3194 5030 caelo
3230 4987 3426 5029 tactam
3447 4969 3652 5027 'ntemo-

2075 5050 2218 5113 rant,
2251 5059 2352 5112 quo
2383 5043 2498 5096 loco
2533 5059 2669 5096 urna
2708 5054 2863 5098 (atate
2883 5061 2995 5098 mea
3025 5061 3091 5098 ea:
3116 5062 3240 5108 rere,
3267 5046 3404 5113 quod
3431 5043 3534 5095 laci
3567 5059 3651 5095 es-

2074 5122 2151 5183 set
2191 5112 2426 5183 insigne,
2453 5115 2627 5180 posita
2663 5125 2759 5168 est.
2797 5115 3100 5183 AcrOpclis,
3128 5116 3230 5168 etsi
3267 5112 3454 5183 notum
3485 5115 3655 5183 Athe-

2077 5182 2344 5237 niensium
2379 5185 2521 5237 arcis
2572 5184 2913 5248 vocabulum,
2938 5181 3072 5238 duas
3103 5193 3281 5237 tamen
3325 5181 3495 5248 etiam,
3517 5181 3654 5232 civi-

2077 5259 2217 5323 tates
2271 5251 2472 5323 indicat
2520 5253 2794 5319 diversas,
2851 5247 3079 5307 alteram
3151 5252 3371 5323 Libyae,
3428 5247 3654 5323 _}E_toli:e

2077 5320 2323 5393 alteram.
2374 5322 2632 5393 Stephani
2675 5317 2960 5392 curt'eptor
3002 5339 3016 5375 :
3065 5317 3384 5393 Ἀκρότξολις
3412 5317 3645 5388 Λιϐύης·

2077 5390 2195 5444 ἔστι
2223 5390 2280 5444 δὲ
2309 5392 2403 5444 καὶ
2429 5393 2718 5454 Αἰτωλίας.
2747 5393 2838 5447 ΒΑ.

2151 5461 2262 5534 (ξιξ)
2295 5462 2397 5534 (ξιξ.
2532 5461 2794 5534 οὖμενουν
2820 5459 2886 5534 ἦν
2919 5463 3018 5533 ἄμ.
3051 5461 3150 5517 Hic
3175 5471 3329 5516 certa
3364 5459 3582 5514 lacuna.

2150 5531 2263 5602 (77)
2305 5531 2410 5602 CC.
2446 5531 2508 5602 VP.
2545 5531 2982 5602 συμπέπλεκται.

2149 5599 2264 5671 (78)
2303 5601 2407 5658 CC.
2441 5601 2500 5660 Ρ.
2530 5599 2837 5658 εὐδιάλυτον
2867 5607 2932 5675 τῇ
2960 5602 3208 5673 δυνάμει,
3236 5601 3296 5654 τὸ
3319 5600 3375 5655 δὲ
3397 5599 3448 5655 δ.
