4052 6384
431 347 540 410 975

1826 336 2064 397 XENEAE
2103 334 2348 397 GAZ/EI

3627 341 3732 407 976

498 454 738 511 AXl'l'll.
765 455 839 508 Ac
865 468 1024 510 omne
1046 466 1242 523 corpus
1281 452 1356 506 ait
1374 452 1783 522 Theophrastus
1829 453 2024 506 anima:

2199 450 2378 506 ΛΞΙΘ.
2425 451 2584 505 Ἀλλά
2613 451 2720 506 πᾶν
2757 450 2916 522 σῶμα
2967 450 3134 522 φησὶν
3175 453 3204 507 δ
3245 451 3594 524 Θεόφραστος
3631 457 3732 528 ἀρ-

430 549 656 619 perinde
689 560 753 602 a'c
788 556 992 602 vestem
1025 547 1318 603 convenire
1357 565 1370 600 :
1413 561 1744 616 quamquam
1782 561 1902 600 eam
1939 546 2026 600 vel

436 642 656 712 tt'iplam
704 641 785 695 vel
826 639 1188 710 quadruplum
1222 653 1364 703 esse,
1407 654 1505 693 nos
1547 640 1811 693 hactenus
1844 637 2025 692 latuit.

497 732 665 804 656
722 730 1022 787 TIIEOPH.
1095 730 1264 787 Rides
1327 741 1381 786 tu
1444 731 1692 801 quidem,
1750 731 2023 796 Axithee,

429 826 606 895 prisca
644 827 926 896 mysteria.

498 916 734 972 AXlTll.
756 916 838 972 Tu
869 931 1018 982 vero,
1048 917 1457 987 Theophraste,
1490 916 1636 972 serio
1663 916 1832 972 doces
1861 916 1976 972 hac
2009 935 2024 972 :

429 1005 763 1076 minimeque
787 1006 1072 1062 ridiculum
1091 1008 1305 1064 videtur
1320 1007 1419 1062 tibi
1447 1006 1834 1078 incorporeum
1857 1007 2021 1077 quid-

427 1099 550 1153 dam
579 1114 704 1154 cum
736 1113 1066 1170 quocunque
1093 1115 1322 1170 corpore
1351 1100 1630 1170 conjungi,
1667 1100 1924 1170 aliudque
1953 1099 2024 1154 aii

426 1203 482 1246 et
523 1191 836 1247 coalescere
877 1201 931 1245 et
977 1193 1190 1258 eonsui,
1235 1191 1514 1263 multaque
1557 1208 1787 1263 corpora
1836 1193 2024 1248 eodem

431 1283 756 1337 vestimento
796 1283 928 1353 tegi.
971 1283 1068 1339 Sin
1111 1292 1293 1338 autem
1336 1284 1576 1338 animata
1619 1286 1729 1338 sint
1768 1297 2024 1354 corpora,

429 1383 483 1426 tu
530 1373 698 1428 multa
741 1374 999 1430 animalia
1043 1391 1208 1430 unam
1251 1375 1494 1430 animam
1538 1376 1691 1446 quasi
1735 1376 2024 1447 quemdam

428 1475 781 1535 cognatorum
815 1481 1074 1537 pecorum
1103 1481 1320 1538 gregem
1354 1467 1491 1523 dicis
1523 1467 1820 1538 impellere,
1852 1477 1908 1522 et
1935 1483 2026 1523 or-

427 1558 612 1613 dinem
653 1559 706 1614 in
745 1575 868 1616 sese
903 1560 1312 1615 ascendentium
1351 1560 1670 1617 animalium
1709 1560 1872 1616 simul
1913 1570 2026 1616 tra-

429 1649 494 1704 he
503 1665 580 1705 re.
1661 1699 1670 1708 .

499 1738 801 1798 THEOPII.
849 1741 1097 1797 Absurda
1143 1744 1362 1812 quidem
1409 1745 1657 1801 videntur
1698 1746 1815 1801 haec
1859 1759 2020 1810 esse,

431 1835 678 1904 nihilque
707 1835 823 1906 ipse
849 1850 956 1890 non
985 1835 1322 1891 confutatum
1352 1837 1642 1909 reliquisti.
1697 1836 1806 1894 Sed
1835 1853 2015 1894 annon
2051 1827 2092 1881 Β

427 1927 584 1982 audis
606 1925 773 1981 etiam
798 1927 943 1981 circa
967 1926 1215 1997 sepulcra
1241 1928 1409 1983 videri
1439 1928 1660 1984 umbras
1685 1943 1749 1983 ac
1775 1936 2016 1999 spectra,

427 2035 548 2088 qua:
573 2021 816 2090 profecto
841 2029 967 2076 sunt
993 2021 1082 2076 illa
1110 2021 1256 2076 aeria
1285 2021 1590 2077 animarum
1618 2037 1873 2093 corpora,
1900 2036 2021 2092 qua:

427 2113 718 2168 simulacra
754 2115 992 2169 vocant?

494 2206 734 2263 AXl'l‘ll.
758 2206 1034 2278 Numquid
1069 2211 1171 2264 hoc
1203 2208 1450 2278 ignoras,
1479 2208 1571 2278 qui
1601 2208 1823 2280 cognita
1855 2207 2022 2263 habes

427 2301 631 2364 omnia,
671 2299 787 2356 haec
828 2309 1044 2371 speetra
1086 2315 1210 2356 esse
1248 2301 1386 2354 mala
1427 2301 1716 2367 daemonia,
1755 2301 2022 2356 humanas

425 2393 639 2448 animas
683 2393 1171 2463 repraesentanda;
1207 2393 1461 2463 quodque
1497 2393 1532 2448 ii
1565 2393 1659 2463 qui
1694 2393 2021 2448 incantatio-

426 2487 582 2539 nibus
613 2500 832 2554 operam
867 2494 1099 2549 navant,
1131 2498 1300 2554 seque
1335 2499 1496 2555 posse
1529 2485 1876 2556 prollteutur,
1907 2485 2018 2554 iam

426 2577 551 2631 olim
585 2576 900 2632 defunctum
928 2592 1160 2633 evocare
1188 2594 1202 2631 :
1237 2593 1343 2632 non
1378 2579 1652 2632 hominem
1685 2579 2021 2636 carminibus

427 2673 542 2725 suis
567 2671 872 2734 attrahunt,
899 2670 991 2724 sed
1019 2669 1345 2724 dienmnium
1378 2670 1596 2739 aliquod
1627 2672 1848 2739 malum,
1875 2673 2018 2743 quod

427 2761 777 2816 simulacrum
807 2762 1048 2817 hominis
1074 2761 1311 2833 ellingat,
1341 2773 1504 2832 atque
1531 2772 1593 2818 ut
1619 2765 1883 2835 imponat,
1916 2766 2016 2820 mi-

431 2853 608 2908 racula
640 2853 800 2908 simul
831 2868 896 2906 ac
927 2853 1218 2907 humanam
1249 2870 1436 2908 vocem
1463 2855 1622 2909 edat?
1650 2854 1801 2922 Quod
1835 2865 2016 2911 tamen

426 2957 704 3016 spcctrum
748 2954 872 3001 orto
915 2947 1030 3002 sole
1069 2949 1253 3002 statim
1293 2948 1571 3002 evanescit
1609 2966 1624 3002 :
1662 2963 1786 3003 cum
1828 2950 2021 3004 verisi-

427 3043 552 3098 mile
581 3044 652 3096 sit
682 3043 879 3112 ipsum,
910 3041 954 3096 si
983 3051 1132 3096 esset
1163 3041 1397 3096 hominis
1425 3041 1627 3108 anima,
1659 3042 1824 3096 etiam
1854 3042 2022 3096 inter-

2140 544 2320 614 μόδιον
2361 541 2500 598 εἶναι
2531 545 2705 616 ψυχῇ,
2743 543 3002 616 καθάπερ
3033 545 3288 615 ἱμάτιονο
3329 547 3426 599 καὶ
3464 548 3735 618 τριπλοῦς

2135 653 2221 700 τις
2252 634 2328 688 ὢν
2363 636 2458 689 καὶ
2486 633 2826 706 τετραπλοῢς
2851 636 2997 705 ἡμᾶς
3021 633 3302 689 ἐλάνθανε.

2202 727 2397 780 ΘΕΟΦ.
2457 725 2704 795 Παίζεις,
2767 728 2832 781 σὺ
2909 727 3139 793 ’Δξῐθεε,
3186 727 3254 780 τὲ
3308 727 3418 783 τῶν
3472 729 3726 784 παλαιῶν

2129 815 2444 888 ἀπόρρητα.

2199 910 2378 965 ΔΞΙθ.
2430 911 2500 965 Σὺ
2549 911 2608 964 δὲ
2659 911 3004 976 σπουδάζεις,
3067 905 3113 966 ὦ
3147 910 3488 984 Θεόφραστε,
3536 915 3634 970 καὶ
3667 915 3731 969 οὐ

2129 1004 2337 1072 γελοῖον
2387 1001 2527 1059 εἷναί
2556 1023 2636 1059 σοι
2667 1006 2897 1060 δοκεῖτὸ
2927 1005 3224 1077 ἀσώματον
3253 1009 3436 1064 ὁτιοῦν
3461 1011 3576 1083 (ιι)
3619 1013 3726 1064 σώ-

2133 1113 2264 1166 ματι
2306 1097 2506 1168 ῥᾳδίως
2556 1097 2992 1167 συμπλέκεσθαι,
3041 1098 3137 1151 καὶ
3189 1098 3584 1152 ἐπισυνάπτειν
3629 1100 3730 1153 καὶ

2130 1188 2468 1259 συρράπτειν
2522 1189 2652 1242 ἄλλο
2705 1188 2869 1259 ἄλλῳ,
2933 1190 3027 1242 καὶ
3079 1189 3251 1243 πολλά
3317 1190 3433 1260 ἅμα
3497 1189 3730 1255 σώματα

2129 1281 2524 1349 ἐπενδύεσθαι;
2559 1283 2622 1336 El
2677 1281 2734 1335 δὲ
2780 1283 2876 1335 καὶ
2935 1283 3155 1354 ἔμψυχα
3195 1283 3266 1336 si
3322 1282 3551 1354 σώματα
3591 1285 3728 1356 (l5),

2130 1373 2302 1427 πολλὰ
2343 1373 2458 1439 ζῶα
2500 1375 2598 1447 τὴν
2632 1374 2762 1446 μίαν
2797 1375 2999 1446 ψυχὴν,
3043 1376 3236 1448 ὥσπερ
3269 1378 3474 1448 ἀγέλην
3516 1358 3731 1448 συμπε-

2129 1466 2380 1534 φυκότων
2409 1468 2776 1538 βοσκημάτων
2801 1470 2905 1540 φὴς
2937 1469 3208 1535 ἐλαύνειν,
3228 1470 3324 1524 καὶ
3353 1471 3598 1543 ὁρμαθόν
3629 1472 3730 1526 ἀ).-

2127 1555 2314 1629 λήλοις
2341 1560 2734 1631 ὲμόεόηκότων
2761 1560 2918 1625 ζώων
2946 1561 3246 1633 συναίρειν.

2199 1740 2397 1797 ΘΕΟΦ.
2435 1743 2620 1796 Ἕοικε
2667 1745 2770 1815 μὲν
2817 1743 2996 1798 ἄτοπα
3025 1744 3200 1798 ταῦτα
3240 1739 3403 1807 εἶναι,
3445 1746 3541 1797 καὶ
3573 1745 3728 1798 οὐδὲν

2124 1835 2220 1907 ea;
2251 1835 2600 1904 ἀνέλεγκτον.
2659 1836 2802 1889 Ἀλλ’
2845 1835 3067 1900 ἀκούεις
3115 1831 3201 1890 οἷα
3226 1837 3296 1890 τά
3323 1838 3452 1907 περὶ
3483 1839 3552 1892 τὰ
3585 1841 3728 1909 μνή-

2129 1945 2278 1998 ματα
2316 1929 2558 2000 σκιοειδῆ
2601 1929 3006 1999 φαντάσματας
3049 1929 3225 1983 ταῦτά
3249 1931 3366 1982 ἐστι
3405 1931 3473 1984 τά
3509 1931 3726 2004 ἀερώδη

2123 2023 2233 2077 τῶν
2255 2022 2444 2094 ψυχῶν
2474 2021 2727 2093 σώματα,
2759 2023 2794 2078 ἃ
2823 2021 2888 2095 δὴ
2919 2023 3114 2077 εἴδωλα
3152 2022 3412 2078 καλοῦσιν
3444 2025 3593 2095 (ili);

2193 2203 2371 2259 ΔΞΙΘ.
2427 2202 2596 2256 Οὔπω
2644 2201 2976 2274 μεμάθηκας
3021 2205 3050 2256 6
3109 2203 3292 2260 πάντα
3346 2203 3536 2275 μαθὼν
3583 2205 3724 2276 (l7),

2123 2298 2207 2350 ὅτι
2240 2294 2350 2366 (l8)
2394 2293 2648 2363 δαιμόνια
2675 2294 2958 2366 κακόεργα
2990 2294 3085 2348 καὶ
3111 2295 3274 2348 ενυλα
3306 2295 3404 2358 τὰς
3441 2295 3723 2368 ἀνθρωπὶ-

2122 2403 2221 2451 νας
2253 2385 2432 2456 ψυχὰς
2475 2385 2872 2455 ὑποκρίνεταιο
2929 2385 3023 2438 καὶ
3072 2387 3121 2438 οἱ
3175 2386 3461 2458 γοητεύειν
3514 2389 3726 2459 σοφιζὸ-

2128 2497 2303 2552 μενοι,
2332 2479 2430 2532 καὶ
2472 2477 2566 2532 τὸν
2613 2479 2781 2533 πάλαι
2824 2479 3132 2549 τεθνηκότα
3164 2481 3350 2534 καλεῖν
3389 2483 3726 2551 ἐπαγγελλό-

2126 2590 2302 2644 μενοι,
2331 2572 2433 2626 οὐκ
2459 2572 2749 2642 ἄνθρωπον
2772 2575 2892 2635 ταῖς
2913 2573 3175 2644 ὲπῳδὶαις
3201 2573 3472 2638 ἕλκουσιν,
3507 2574 3645 2628 ἀλλά
3669 2593 3723 2628 τι

2121 2664 2420 2732 δαιμόνιον,
2463 2663 2493 2716 δ
2539 2663 2634 2716 τοῦ
2683 2662 2974 2735 ἀνθρώπου
3020 2663 3121 2734 τὴν
3159 2665 3345 2720 εἰκόνα
3389 2667 3453 2719 τὸ
3503 2665 3724 2720 εἴδωλον

2123 2753 2549 2826 σχηματίζεται,
2583 2753 2679 2807 καί
2725 2771 2779 2807 τι
2823 2753 2962 2826 πρὸς
2987 2754 3208 2825 ἀπάτην
3234 2756 3589 2826 τερατεύεται
3629 2760 3724 2811 καὶ

2124 2848 2420 2916 φθέγγεται
2447 2865 2458 2914 ;
2510 2847 2651 2900 Ἀλλ’
2676 2847 2704 2900 ὁ
2727 2847 2881 2917 ἥλιος
2913 2847 3124 2918 ἀνίσχει
3143 2848 3288 2920 (19),
3319 2849 3415 2902 καὶ
3444 2849 3506 2904 τὸ
3529 2851 3723 2921 φάσμα

2120 2939 2464 2994 διαλέλυται·
2489 2943 2540 2994 εἰ
2568 2940 2626 2993 δὲ
2655 2924 2724 3012 ἧν
2746 2941 3064 3012 ἀνθρωπίνη
3099 2940 3263 3012 ψυχὴ,
3291 2943 3388 2996 καὶ
3431 2944 3490 2996 ὲν
3534 2945 3722 3016 ἡμέρᾳ.

2122 3038 2233 3098 τοῖς
2261 3033 2539 3102 φιλτάτοις
2585 3031 2696 3106 (20)
2750 3033 2896 3104 μάλα
2945 3033 3117 3105 ἡδέως
3163 3035 3595 3106 προσδιελέγετο,
3625 3037 3724 3092 καὶ

427 3137 547 3202 diu,
578 3149 715 3205 quos
743 3134 1102 3189 charissimos
1131 3133 1319 3201 habet,
1349 3135 1591 3190 suaviter
1616 3135 1978 3190 aliocuturum
1997 3173 2013 3200 ,

2140 3127 2383 3196 τυνδιῆγε
2406 3127 2539 3198 (2|).

427 3241 644 3296 unaque
673 3225 787 3280 fatu
797 3240 940 3281 rum.

497 3317 802 3374 TllEOPll.
835 3319 1006 3387 Quem
1045 3320 1211 3390 igitur
1242 3320 1422 3375 anima
1453 3321 1512 3375 in
1545 3321 1762 3376 modum
1797 3321 2016 3377 crucia-

429 3422 516 3468 tus
543 3413 679 3468 ullos
708 3412 905 3468 sentiet
933 3420 1098 3483 atque
1126 3411 1287 3482 feret,
1311 3414 1358 3468 si
1388 3428 1584 3484 corpus
1611 3413 1816 3470 aerium
1846 3429 1878 3469 e
1903 3429 2017 3470 me-

428 3506 520 3561 dio
562 3504 852 3560 tollamus?
895 3503 1083 3575 Neque
1129 3507 1276 3562 enim
1319 3506 1599 3562 cruciatus
1641 3505 1782 3561 ullos
1824 3506 2021 3562 sentiet

430 3613 664 3668 corpore
691 3599 975 3654 destituta.

501 3691 735 3749 ΔΧΙΤΗ.
777 3692 944 3751 Recte
973 3694 1195 3766 quidem
1233 3700 1347 3750 haec
1379 3695 1536 3759 dicis,
1570 3696 1713 3751 illam
1746 3697 1863 3752 sine
1894 3712 2021 3752 cor-

429 3803 559 3856 pore
589 3789 792 3843 sentire
824 3789 1040 3844 dolores
1071 3787 1248 3844 nullos
1280 3803 1462 3858 posse.
1499 3787 1606 3845 Sed
1636 3805 1834 3859 corpus
1864 3805 2019 3844 suum

431 3880 603 3948 ipsius
637 3891 859 3952 repetet,
894 3897 1002 3952 quo
1025 3882 1140 3952 jam
1173 3891 1336 3938 antea
1369 3881 1583 3952 publice
1615 3895 1778 3953 atque
1809 3883 1860 3936 in
1890 3897 2022 3938 con-

432 3982 620 4042 spectu
654 3975 933 4030 hominum
962 3983 1046 4030 est
1075 3990 1170 4032 usa
1199 3992 1214 4032 :
1243 3975 1407 4047 idque
1437 3983 1566 4032 tunc
1598 3974 1710 4042 fiet,
1739 3991 1863 4031 cum
1893 3975 2024 4032 dell-

431 4067 603 4122 nitum
633 4067 819 4136 judicii
855 4077 1068 4137 tempus
1097 4068 1405 4140 postularit.
1431 4066 1622 4140 Neque
1650 4069 1795 4124 enim
1827 4067 1941 4133 ﬁet,
1966 4077 2024 4122 ut

431 4173 554 4214 cum
586 4161 691 4215 alio
719 4160 1046 4232 voluptatem
1079 4163 1306 4232 ceperit,
1336 4177 1458 4218 cum
1492 4161 1598 4216 alio
1624 4176 1755 4217 vero
1785 4160 2023 4216 dolorem

431 4267 777 4310 communem
808 4256 986 4324 capiat
1016 4273 1030 4310 :
1062 4271 1237 4326 neque
1265 4271 1463 4325 corpus
1493 4254 1638 4308 aliud
1670 4254 1866 4309 animm
1895 4253 2026 4309 sub-

431 4349 700 4413 servicrit,
735 4350 878 4402 aliud
917 4364 1106 4403 rursus
1137 4357 1364 4405 vocetur
1393 4348 1444 4401 in
1473 4345 1761 4414 judicium.

507 4441 807 4496 TllliOl’ll.
845 4443 924 4495 Au
957 4455 1086 4511 ergo
1120 4450 1398 4495 terrenum
1427 4437 1530 4492 hoc
1561 4452 1760 4506 corpus
1791 4438 2026 4493 resusci-

2193 3323 2388 3379 ΘΕΟΦ.
2435 3324 2560 3388 Πῶς
2617 3320 2712 3379 οὖν
2779 3326 3007 3396 ἀλγήσει
3070 3325 3220 3398 ψυχὴ
3296 3329 3716 3402 τιμωρουμένη,

2121 3418 2170 3470 εἰ
2195 3418 2256 3470 τὸ
2281 3417 2468 3488 ἀέριον
2501 3417 2792 3488 ἀνέλοιμεν
2816 3421 3010 3490 cibust;
3057 3421 3118 3474 οὐ
3165 3421 3274 3494 γὰρ
3303 3421 3432 3476 ἄνευ
3461 3421 3717 3492 σώματος

2121 3509 2372 3584 ἀλγήσει.

2196 3709 2374 3768 ΛΞῙΘ.
2436 3709 2514 3767 Ἶῐ
2582 3712 2764 3780 καλῶς
2831 3715 3034 3784 λέγεις,
3094 3717 3195 3770 οὐκ
3243 3717 3376 3772 ἀνευ
3438 3717 3710 3788 σώματος.

2136 3804 2297 3858 Ἀλλά
2334 3805 2396 3857 τὸ
2429 3807 2629 3861 οἰκεῖον
2677 3808 3037 3880 ἀναλήψεται,
3068 3812 3161 3863 καὶ
3193 3801 3238 3878 ᾧ
3269 3809 3516 3882 φανερῶς
3551 3811 3717 3882 ἐχρή-

2128 3913 2276 3962 σατο,
2308 3901 2438 3954 ὅταν
2481 3901 2510 3953 ὁ
2559 3901 2896 3973 τεταγμένος
2931 3901 3029 3974 τῆς
3082 3902 3316 3973 κρίσεως
3365 3904 3556 3973 χρόνος
3611 3921 3720 3958 κα-

2125 3989 2358 4061 λοίη.οὐ
2391 3991 2501 4062 γὰρ
2528 3992 2659 4047 ἄλλο
2698 3994 2800 4064 μὲν
2835 3993 3000 4065 ἥσθη,
3046 3993 3174 4049 ἄλλο
3218 3995 3274 4048 δὲ
3317 3996 3573 4068 ἀλγήσει·
3608 3995 3716 4049 οὐδ’

2128 4083 2256 4136 ἄλλο
2317 4083 2416 4154 μὲν
2463 4084 2725 4159 διηκόνει,
2787 4087 2913 4142 ἄλλο
2959 4087 3016 4141 δὲ
3084 4087 3220 4160 πρὸς
3271 4090 3454 4160 κρίσιν
3511 4090 3721 4160 ύπάγε-

2127 4189 2217 4228 ται
2255 4174 2390 4248 (22).

2199 4438 2396 4494 ΘΕΟΦ.
2418 4438 2490 4492 Τὸ
2513 4439 2701 4510 γήϊνον
2742 4439 2956 4509 λέγεις;
2995 4443 3138 4512 μέγα
3178 4441 3366 4514 θαῦμα
3403 4459 3416 4473 ·
3469 4443 3566 4496 καὶ
3617 4442 3726 4514 μὴν

435 4542 600 4587 tutum
636 4535 699 4587 iri
733 4534 932 4604 puzas?
960 4543 1016 4587 at
1047 4533 1100 4588 id
1130 4530 1377 4586 miraculi
1407 4529 1585 4583 simile
1618 4527 1781 4584 fuerit
1809 4545 1824 4584 :
1854 4544 2024 4600 quan-

2140 4531 2440 4585 Βιαλέλυται
2475 4531 2568 4585 καὶ
2593 4531 3001 4588 διεσκέδασται·
3041 4535 3136 4589 καὶ⁸
3182 4533 3245 4589 τὸ
3297 4535 3420 4606 μὲν,
3469 4535 3578 4588 ὑπὸ
3618 4535 3727 4590 τῶν

505 4735 616 4804 (Ην)
659 4732 764 4804 Cl}.
792 4732 864 4804 ηιξ
901 4731 1128 4804 ὀςωοῦν.

672 4803 743 4876 Ιὴι
777 4800 883 4854 CC.
918 4800 976 4853 Ρ.
1011 4801 1188 4876 suppl.
1233 4799 1450 4862 πάντως
1475 4798 1534 4851 δὲ
1579 4796 1800 4869 ἔμψυχα
1839 4799 2026 4872 ψυχῆς

434 4871 544 4946 γὰρ
573 4871 639 4927 τὰ
664 4871 922 4946 στέψει-ια,
947 4888 1015 4946 ετ.
1045 4871 1160 4934 ζῶσι
1192 4879 1298 4946 εις.

505 4940 619 5017 (16)
658 4940 910 5017 Εῐόῳλα.
940 4941 1191 5017 _S_pe_ctra_.
1250 4941 1322 5017 [ite
1363 4940 1666 5017 daemonum
1700 4957 1866 5017 censu
1909 4943 2026 5017 lege

435 5011 888 5071 (-ot'tnuentarium
938 5011 1219 5082 Michaelis
1270 5011 1457 5076 Psclli,
1511 5028 1538 5064 a
1588 5014 1896 5082 pra-stantis
1928 5016 2025 5067 do-

438 5089 626 5142 ριιὶιιίυ
661 5085 778 5137 viro
811 5082 1054 5136 Gilberto
1087 5081 1374 5136 Gaulmino
1400 5081 2024 5151 nuperrpromulgatutu.

439 5155 648 5210 Εῖόωλα
685 5155 864 5207 larvas
895 5153 1108 5220 proprie
1129 5151 1318 5206 Latine
1351 5154 1728 5222 interpretere,
1763 5155 1906 5207 sicut
1930 5169 2028 5205 uo-

439 5229 520 5282 ltis
571 5223 996 5294 notatCyrillus
1031 5224 1545 5294 glossograpltorum
1601 5225 1883 5293 magister.
1928 5222 2030 5277 ΒΑ.

437 5300 545 5352 CC.
583 5297 636 5349 ι».
675 5293 857 5346 καλεῐτ
870 5311 949 5350 αι..

509 5367 620 5437 (Π)
667 5367 728 5418 '0
762 5365 955 5418 πάντα
978 5364 1204 5434 μαθὼν.
1244 5364 1442 5432 lronia,
1475 5381 1640 5435 quam
1672 5380 1776 5418 non
1809 5365 2024 5437 tllihen-

441 5436 525 5493 ter
557 5448 762 5500 tamen,
794 5439 956 5489 etiam
989 5440 1253 5500 sentiens,
1291 5438 1341 5490 in
1383 5452 1534 5490 suam
1564 5438 1874 5505 arrogantis
1909 5436 2023 5488 lau-

438 5512 561 5564 dem
591 5509 816 5561 traxerit
840 5507 1245 5576 Theophrastus
1273 5507 1472 5578 aliquis
1497 5507 1826 5574 huiusmodi.
1851 5506 1950 5559 ΒΑ.

541 5578 623 5644 18)
672 5579 780 5641 Ὡς.

665 5584 916 5707 νὲἷυλα.
976 5647 1091 5704 Non
1125 5665 1256 5720 pura
1279 5647 1428 5720 ,sed
1462 5655 1780 5720 concretum
1822 5646 2025 5720 aliquid

440 5717 772 5780 alexiirntare
804 5721 1096 5776 trahentia.
1128 5717 1263 5774 Vide
1295 5717 1561 5780 Psellum.
1587 5718 1813 5772 Animas
1846 5719 2025 5771 homi-

440 5807 568 5850 num
611 5797 796 5848 colem
839 5795 997 5848 modo
1051 5791 1198 5846 vitiis
1241 5791 1450 5846 deditas
1499 5787 1773 5857 inquinari
1832 5790 2024 5844 docent

2126 4729 2412 4806 Platonici.
2461 4729 3073 4806 Ἔνυλονήιαιενὶαιεηι
3123 4737 3514 4806 interpretatur
3567 4737 3729 4794 Οιιιι-

2129 4803 2394 4878 masticon
2439 4803 3004 4878 priscttm._'i}v-Ji.ou;
3039 4803 3492 4878 angelo‘s'saepins
3548 4813 3730 4878 appel-

2131 4873 2206 4925 lat
2251 4870 2492 4926 Joannes
2533 4874 2731 4942 priesnl
2773 4870 3171 4930 Ettcltatitetisis.
3225 4876 3321 4934 Ba.
3368 4870 3446 4932 Ex
3505 4870 3633 4933 Cl).
3673 4883 3728 4932 i’.

2136 4943 2226 5020 hic
2261 4944 2523 5020 locossic
2563 4947 2868 5020 restituitur
2912 4965 2938 5020 :_
2975 4947 3094 5020 ἀλλ’
3123 4949 3152 5000 ὁ
3186 4949 3339 5019 ἥλιος
3370 4951 3482 5004 ἄνω
3529 4968 3731 5020 προπ-

2131 5013 2478 5087 λαύνων-ςεὴν
2515 5015 2666 5068 κάτω
2697 5015 2888 5087 στενὴν
2920 5017 3151 5072 διαλύει.

2205 5085 2318 5155 (20)
2348 5084 2517 5138 Noctu
2559 5089 2753 5140 adesse
2782 5084 2992 5141 animas
3027 5093 3318 5144 charorum
3343 5101 3397 5144 et
3437 5092 3618 5145 visere
3637 5110 3729 5145 co-

2133 5167 2325 5224 gnatos
2367 5158 2665 5230 credebant
2699 5169 2933 5230 veteres.
2978 5160 3052 5230 De
3083 5173 3264 5216 statua
3303 5163 3599 5216 Domitiani
3655 5168 3730 5230 ip-

2135 5243 2250 5280 sms
2285 5229 2477 5304 vicem,
2508 5226 2762 5304 Papinius
2791 5228 2944 5304 μίμεο
2970 5229 3062 5290 Μ..
3103 5230 3238 5286 Silv.
3279 5236 3330 5299 1,
3371 5235 3420 5295 l,
3445 5233 3514 5286 9i
3548 5226 3733 5304 :[Huc

2134 5309 2181 5350 et
2213 5300 2306 5350 sub
2367 5308 2513 5350 nocte
2536 5299 2754 5372 “silenti,
2789 5298 2946 5371 [Cum
2979 5304 3184 5372 superis
3234 5314 3441 5356 terrena
3480 5298 3692 5372 pluEem
3718 5345 3732 5363 ,

2137 5379 2226 5420 tua
2285 5372 2440 5441 tnrlut
2470 5369 2651 5420 relicto
2685 5368 2939 5440 [Lubetnr
2977 5371 3128 5435 caelo,
3171 5368 3512 5441 miscebitque
3551 5391 3729 5426 ostrum

2127 5441 2324 5513 justo;
2377 5438 2504 5512 [Ibit
2547 5442 2598 5492 in
2643 5438 2916 5507 amplexus
2971 5452 3126 5496 nutus
3169 5438 3438 5513 fraterque
3481 5457 3732 5512 paterque

2135 5508 2228 5579 μςι
2293 5508 2476 5575 soror;
2518 5525 2622 5562 ttua
2685 5513 2857 5564 locum
2923 5513 3099 5564 cervix
3149 5508 3596 5579 dabit_bnmibus
3639 5508 3730 5568 ἰη-

2135 5577 2250 5633 it't's.
2287 5581 2382 5634 ΒΑ.
2957 5641 2962 5649 _
3314 5577 3324 5585 ’

2208 5653 2318 5721 (il)
2359 5652 2432 5705 Ex
2466 5653 2571 5708 CC.
2609 5654 2670 5706 P.
2717 5655 2804 5707 hic
2839 5652 3212 5712 inserendum.

2209 5723 2320 5793 (ἐξ)
2351 5725 2456 5777 CC.
2493 5724 2551 5777 Ρ.
2591 5724 2882 5792 ἀπάγεται.
