4052 6410
356 263 460 330 981

1672 283 2296 348 THEOPHRASTUS.

3538 291 3648 359 932

357 378 633 448 λυθείσης,
669 377 809 433 ὥστε
838 380 930 434 τοῦ
964 386 1353 456 γεγραμμένου
1382 390 1617 461 ὀνεκρὸς
1648 393 1954 463 ἅνθρωπος,

2081 397 2292 452 liscedit
2316 397 2519 467 anima,
2556 400 2656 455 nisi
2686 404 3080 474 compositione
3106 405 3282 461 soluta
3306 422 3320 470 ;
3351 422 3460 476 quo
3489 406 3549 460 fit
3578 417 3643 462 ut

362 470 518 525 οὐδὲν
549 470 771 542 ἄμεινον
807 471 941 542 (45),
975 476 1023 527 εἰ
1055 475 1131 547 μὴ
1163 477 1256 545 καὶ
1291 477 1700 554 ἀσθενέστερος.
1764 484 1820 537 '0
1858 487 1955 554 μὲν

358 560 469 631 γὰρ
496 558 725 631 εὖχρους
747 578 805 615 τε
836 563 933 620 καὶ
968 567 1028 617 ἐν
1052 565 1224 638 ὥραις
1253 569 1363 641 (44)
1382 571 1438 624 δὲ
1460 572 1793 643 ἀπηνθηκὼς
1822 575 1957 647 (45),

359 651 458 711 καὶ
500 650 621 715 ὅλος
650 650 873 725 ἔξωρος.
935 656 1006 709 Ἦ
1054 658 1237 715 τοίνυν
1277 660 1344 714 τὰ
1387 660 1655 733 χρώματα
1692 666 1783 717 καὶ
1832 667 1960 729 τοὺς

364 745 767 817 εἰργασμένους
800 746 985 814 λίθους
1014 751 1093 815 είς
1119 751 1387 826 ὑποδοχὴν
1409 755 1590 826 ψυχῆς
1623 757 1817 828 νεκροῦ
1851 757 1959 811 σώ-

373 854 545 906 ματος
582 839 690 910 χρὴ
740 842 1103 912 προτιμᾷν,ἢ
1154 844 1306 899 οὐδὲν
1348 847 1628 919 διαφέρειν
1675 849 1958 923 ὁμολογεῖν

367 932 447 994 είς
477 931 769 986 κοινωνίαν
790 932 973 1005 ψυχῆς
993 935 1053 988 τὸ
1087 939 1415 1010 συνεστηκὸς
1449 940 1609 1012 σῶμα
1635 940 1725 995 τοῦ
1751 941 1959 998 διεσκε-

360 1019 658 1092 δασμένου.
694 1024 848 1078 Ἐπεὶ
871 1025 967 1080 καὶ
997 1027 1092 1080 νῦν
1120 1030 1529 1104 ἀφικνουμένης
1551 1032 1661 1104 (46)
1686 1034 1747 1088 οὐ
1776 1034 1958 1089 τέλεον

363 1114 614 1187 εὑρίσκει
650 1116 714 1171 τὸ
749 1116 934 1190 σῶμα,
970 1119 1085 1174 ἀλλ’
1126 1122 1376 1195 ἄμορφον
1413 1124 1475 1177 τὸ
1509 1126 1754 1199 σπέρμα.
1816 1128 1958 1181 Ἀλλ’

362 1204 491 1260 οὔτε
532 1206 647 1281 (47)
678 1210 1008 1283 φαινόμενον
1056 1212 1300 1285 ἰσχυρὸν,
1354 1215 1469 1270 ἀλλ’
1502 1220 1534 1288 ὴ
1572 1217 1720 1273 ἔνδον
1762 1219 1960 1277 λανθά-

368 1313 535 1352 νουσα
566 1299 821 1372 δύναμις.

2062 488 2280 543 homine
2314 489 2458 556 picto
2504 490 2676 547 nihilo
2718 503 2964 565 praestet,
3005 496 3189 567 sitque
3238 496 3420 569 potius
3477 497 3645 553 imbe-

2059 578 2258 634 cillior.
2284 577 2377 635 Ille
2407 581 2553 637 enim
2578 583 2807 655 pulchro
2829 585 3011 655 colore
3053 598 3311 647 venustus
3332 630 3346 655 ,
3381 597 3435 642 et
3476 589 3646 641 insno

2063 673 2218 740 quasi
2271 669 2404 728 flore
2447 682 2534 729 est
2565 690 2579 727 :
2611 674 2702 730 hic
2752 686 2932 733 autem
2962 674 3163 732 ﬂorere
3194 679 3420 734 omnino
3453 679 3637 738 desiit,

2058 771 2253 831 estque
2279 773 2427 820 totus
2457 762 2727 822 exoletus.
2750 764 2918 845 [gitur
2952 777 3047 822 aut
3074 768 3285 823 colores
3314 780 3371 824 et
3400 769 3647 824 elabora-

2070 863 2154 909 tos
2202 855 2410 926 lapides
2433 856 2499 912 ad
2527 857 2939 930 suscipiendum
2970 861 3208 927 animam
3230 862 3471 933 aptiores
3501 877 3644 929 esse,

2066 947 2324 1017 quanisit
2351 948 2587 1004 hominis
2612 948 2860 1006 defuncti
2918 965 3121 1020 corpus
3179 952 3643 1008 existimandum:

2059 1050 2152 1091 aut
2196 1039 2563 1107 conﬁtendum
2603 1051 2710 1110 est,
2769 1044 3109 1099 consortium
3177 1043 3409 1111 animae,
3457 1046 3547 1116 .sit
3581 1061 3648 1099 ne

2060 1140 2401 1199 compactum
2453 1145 2522 1186 an
2586 1131 2843 1207 diﬂ'usum
2901 1148 3149 1207 corpus,
3210 1133 3343 1188 nihil
3404 1134 3645 1189 afferre:

2060 1222 2277 1291 quando
2335 1221 2514 1276 anima
2564 1238 2633 1278 ne
2697 1238 2846 1279 nunc
2901 1224 3121 1294 quidem
3183 1223 3237 1278 in
3291 1238 3490 1293 corpus
3545 1224 3646 1276 tui-

2060 1328 2226 1391 graus
2254 1312 2422 1389 658
2453 1315 2627 1384 ipsum
2651 1358 2665 1382 ,
2702 1315 3003 1383 perfectum
3053 1325 3217 1385 atque
3248 1316 3503 1372 omnibus
3531 1318 3645 1369 suis

367 1394 620 1463 partibus
657 1397 969 1455 absolutum
1006 1416 1206 1472 corpus
1237 1443 1251 1467 ,
1295 1403 1389 1460 sed
1442 1404 1676 1463 informe
1718 1422 1906 1467 semen
1945 1408 2175 1467 invenit.
2230 1408 2373 1477 Quin
2433 1409 2561 1466 illud
2611 1411 2784 1483 ipsum
2832 1411 2995 1467 etiam
3045 1408 3162 1477 ejus
3219 1409 3384 1465 robur
3413 1409 3649 1485 nonduin

370 1484 650 1554 cernitur,
714 1491 998 1561 magisque
1050 1492 1196 1548 intus
1256 1494 1432 1553 latens
1486 1499 1568 1553 vis
1624 1510 1709 1556 est
1782 1501 1958 1570 ipsum
1998 1502 2235 1573 erigens.

441 1576 638 1633 ΘΕΟΦ.
692 1580 881 1647 Ὅπως
930 1582 1041 1656 (48)
1079 1579 1172 1639 οὖν
1220 1586 1425 1660 ἑκάστη
1464 1589 1608 1662 ψυχὴ
1660 1592 1719 1645 τὸ
1764 1594 1962 1664 ἑαυτῆς

370 1669 710 1743 ἀναλήψεται
741 1673 900 1745 σῶμα
920 1693 936 1742 ;

445 1761 625 1818 ΛΞΙΘ.
669 1763 763 1831 Ἐξ
790 1764 924 1838 ὕλης
955 1767 1049 1823 καὶ
1082 1769 1255 1836 είδους
1285 1771 1348 1825 τὸ
1394 1773 1574 1844 σῶμα.
1630 1774 1693 1829 Ἠ
1728 1775 1830 1848 μὲν
1869 1775 1962 1833 οὖν

372 1853 475 1923 ὕλη
510 1854 793 1928 φθείρεται
838 1859 933 1912 καὶ
960 1860 1271 1917 διαλύεται·
1312 1864 1466 1935 μένει
1505 1866 1561 1920 δὲ
1592 1869 1620 1920 ὀ
1653 1869 1840 1935 ἄνισος
1867 1869 1960 1927 τοῦ

372 1947 552 2012 εἴδους
578 1950 605 2002 ὁ
636 1948 793 2018 λόγος
816 1950 952 2024 (49).
992 1952 1062 2006 Ἣ
1090 1955 1189 2025 οὐχ
1214 1956 1347 2028 ὁρᾷς
1377 1957 1459 2011 ὅτι
1490 1958 1585 2013 xdi.
1609 1958 1639 2013 6
1681 1961 1824 2026 σῖτος
1849 1960 1963 2033 (50)

373 2038 508 2092 ὅταν
530 2039 694 2094 αὑτὸν
718 2042 769 2094 oi
787 2041 1065 2114 ἄνθρωποι
1086 2046 1403 2119 σπείροντες
1428 2049 1539 2121 (5i)
1565 2052 1635 2122 γῇ
1658 2050 1961 2123 κρύψωσιν,

372 2130 541 2195 αὐτὸς
573 2134 673 2203 μὲν
715 2132 929 2207 ἐφθάρη
974 2138 1069 2190 καὶ
1107 2137 1336 2211 ἐξεχύθη
1372 2141 1467 2194 καὶ
1513 2138 1808 2215 τέθνηκεν’
1842 2145 1871 2198 6
1908 2146 1966 2200 δὲ

302 2273 311 2283 _
374 2219 708 2292 δημιουργὸς
739 2222 852 2294 (52)
891 2223 1056 2278 αὐτοῦ
1100 2227 1291 2297 λόγος,
1337 2229 1666 2303 ἀδιάφθορος
1711 2233 1826 2306 (55)
1873 2236 1966 2288 καὶ

380 2315 917 2389 συγκεκροτημένος,
937 2319 1031 2372 καὶ
1058 2313 1169 2373 οἷον
1194 2320 1493 2388 ἀθάνατοςς
1534 2324 1631 2388 Ὃς
1656 2326 1968 2398 ἐρρωμένος

374 2404 653 2477 διαμένων
685 2407 823 2480 (54),
853 2411 947 2464 καὶ
972 2409 1072 2482 τὴν
1101 2412 1159 2465 ἐν
1189 2411 1376 2486 κύκλῳ
1404 2414 1493 2468 τοῦ
1522 2415 1832 2488 σπέρματος
1862 2417 1969 2490 γῆν

378 2492 678 2564 συλλέγων,
704 2497 801 2551 καὶ
828 2498 889 2552 τὸ
920 2502 1350 2573 περικεχυμένον
1378 2503 1545 2577 ὑγρὸν
1572 2506 1838 2573 ἐφέλκων,
1874 2511 1970 2564 καὶ

375 2587 445 2656 τῇ
464 2584 642 2659 θέρμῃ
665 2588 1019 2657 περιθάλπων
1041 2592 1410 2666 ἀναζωπυρεῖ,
1425 2594 1518 2649 καὶ
1539 2594 1836 2653 σϐεσθέντα
1852 2600 1968 2673 (55)

375 2675 470 2730 τὸν
510 2678 689 2744 σῖτον,
735 2680 831 2733 καὶ
872 2681 1027 2752 ῥίζαν
1058 2682 1171 2754 (56)
1217 2686 1590 2760 ἐγκατέπηξε,
1629 2692 1725 2745 καὶ
1771 2692 1972 2761 φύλλον

377 2764 611 2838 ἐξέφυγε
644 2769 780 2843 (57),
820 2774 914 2827 καὶ
956 2772 1055 2845 τὴν
1088 2774 1345 2847 καλάμην
1386 2777 1652 2851 διήγειρε,
1701 2782 1797 2836 καὶ
1843 2785 1970 2849 τοὺς

381 2861 588 2931 στάχυς
622 2862 737 2934 (58)
761 2860 1043 2936 ἐξέθρεψε,
1071 2865 1375 2933 meum;
1400 2868 1514 2924 ἄνω
1535 2870 1624 2924 τὸν
1651 2874 1803 2927 κάτω
1823 2876 1971 2928 σῖτον

379 2947 543 3017 αὖθις
577 2956 878 3011 ἀναϐιῶναι
912 2958 1237 3030 πεποίηκεν.
1283 2963 1393 3016 Καὶ
1423 2964 1452 3017 6
1491 2964 1602 3020 τῶν
1640 2965 1852 3039 όλύρων
1884 2966 1971 3021 λό-

378 3061 476 3113 γος
510 3045 711 3119 ὀλύρας
730 3048 979 3117 διέσωσε,
1008 3052 1102 3105 καὶ
1127 3054 1156 3106 6
1187 3051 1295 3106 τῶν
1319 3053 1546 3125 κυάμων
1576 3057 1843 3129 κυάμους·
1872 3060 1969 3113 καὶ

376 3138 612 3193 ἄπιστον
641 3138 848 3195 τούτων
873 3142 1048 3198 οὐδέν.
1082 3144 1144 3197 El
1169 3143 1226 3198 δὲ
1253 3145 1362 3200 δέοι
1398 3145 1490 3201 τὸν
1514 3147 1803 3220 ἄνθρωπον
1833 3152 1970 3206 ἀνα-

382 3228 850 3300 σωθῆναι,φθόνος
864 3234 1140 3307 δαιμόνων
1159 3236 1363 3303 καὶζάνθ
1370 3236 1572 3308 ρώπων
1587 3238 1816 3296 ἀπιστία
1833 3241 1967 3315 (59).

382 3318 449 3371 Ei
470 3320 651 3376 τοίνυν
674 3325 732 3377 ὲν
754 3326 868 3389 τοῖς
895 3325 1110 3399 θνητοῖς
1130 3328 1159 3381 6
1179 3327 1275 3382 τοῦ
1299 3329 1474 3392 εἴδους
1498 3330 1655 3401 λόγος
1682 3332 1972 3403 ἀθάνατος,

380 3404 528 3479 ἦπού
553 3430 617 3480 γε
648 3414 751 3485 τῆς
789 3416 1062 3472 ἀθανάτου
1093 3419 1274 3492 ψυχῆς
1297 3419 1565 3487 ἀθάνατος
1592 3423 1622 3477 6
1659 3423 1839 3494 λόγος,
1877 3429 1972 3482 καὶ

379 3501 580 3557 οῠποτε
617 3507 796 3580 χρόνῳ
828 3509 1137 3577 διόλλυται,
1182 3512 1298 3566 ἀλλ’
1327 3514 1386 3568 ὲν
1431 3514 1583 3586 αὐτῷ
1620 3514 1733 3589 (60)
1767 3517 1967 3588 μένων,

380 3594 577 3666 ὅτανὴ
630 3598 909 3670 προθυμία
956 3601 1067 3672 (61)
1116 3606 1262 3675 παρῇ
1314 3601 1526 3676 [Πάντα
1572 3607 1682 3677 γὰρ
1722 3604 1784 3669 εὖ
1822 3610 1970 3682 μάλα

383 3689 712 3759 προείρηται
733 3730 747 3755 ,
776 3693 872 3751 καὶ
914 3693 1197 3748 τέτακται.
1227 3693 1247 3767 ]
1288 3695 1548 3769 διεγείρει
1572 3699 1671 3769 τὴν
1716 3700 1849 3772 ὕλην
1880 3704 1976 3758 καὶ

384 3780 584 3847 κοσμεῖ
604 3781 747 3833 κατὰ
768 3780 866 3853 τὴν
894 3783 1092 3839 ἑαυτοῦ
1118 3782 1349 3855 δύναμιν
1377 3786 1466 3840 τὸν
1496 3788 1725 3858 ἀρχαῖον
1749 3791 1979 3863 τρόπον’(

385 3866 528 3922 ὥστε
557 3872 622 3943 τῇ
651 3871 796 3944 ψυχῇ
833 3874 1262 3946 γνωριμώτατον
1293 3873 1435 3931 εἶναι
1472 3878 1535 3933 τὸ
1560 3875 1722 3944 εἶδος.

383 3964 594 4030 Optimo
627 3965 821 4020 ordine
856 3966 1464 4039 collocata)'materiam
1495 3979 1662 4025 totam
1699 3975 2038 4046 exsuscitat;

2142 1591 2443 1649 TIIEOPII.
2458 1597 2539 1649 An
2566 1597 2730 1666 igitur
2749 1610 2903 1655 suum
2928 1610 3155 1666 qumque
3175 1595 3354 1651 anima
3373 1595 3648 1663 proprium

1994 1670 2036 1725 Β
2062 1698 2258 1756 corpus
2286 1686 2556 1755 recipiet?

2136 1775 2374 1832 AXITII.
2424 1777 2634 1847 Corpus
2679 1776 2916 1834 hominis
2956 1776 3188 1834 materia
3218 1786 3273 1833 et
3298 1776 3468 1832 forma
3515 1792 3650 1833 con-

2066 1875 2194 1920 stat.
2222 1865 2341 1922 Jam
2377 1867 2600 1924 materia
2633 1867 2849 1938 quidem
2874 1869 3244 1939 corrumpitur
3268 1876 3432 1938 atque
3460 1866 3652 1923 dissol-

2070 1958 2211 2013 ιὶιιιι·
2243 1978 2256 2014 :
2290 1960 2547 2017 immunis
2594 1969 2773 2016 autem
2840 1962 2906 2018 ab
2956 1961 3185 2029 interitu
3240 1958 3430 2015 forma:
3488 1974 3651 2015 causa

2067 2060 2163 2106 aut
2189 2053 2328 2107 ratio
2365 2054 2545 2109 omnis
2578 2064 2780 2109 manet.
2815 2055 2895 2109 An
2932 2060 3065 2110 vero
3104 2069 3211 2110 non
3250 2054 3420 2119 vides,
3458 2062 3517 2107 ιιι
3551 2052 3653 2107 tri—

2072 2143 2236 2199 ticum
2265 2145 2408 2214 qnod
2456 2147 2547 2217 qui
2601 2154 2903 2202 sementem
2947 2145 3154 2201 faciunt
3197 2144 3468 2209 homines,
3501 2142 3652 2197 humi

2069 2234 2315 2290 condunt
2351 2254 2365 2290 :
2404 2237 2582 2306 ipsum
2613 2236 2831 2306 quidem
2860 2245 3033 2293 totum
3064 2235 3249 2307 periit,
3278 2234 3532 2292 diffusum
3563 2243 3653 2289 est

2070 2335 2126 2383 et
2154 2337 2423 2383 mortuum
2464 2340 2563 2384 :at
2609 2330 2852 2386 alliciens
2900 2329 3018 2399 ejus
3078 2344 3240 2385 causa
3292 2329 3608 2398 incorrupta
3637 2367 3653 2390 ,

2072 2419 2438 2487 inconcussa,
2496 2421 2762 2492 quasique
2818 2421 3142 2478 immortalis
3199 2420 3472 2476 exsistit?
3525 2420 3655 2487 Quae

2071 2511 2237 2567 etiam
2285 2512 2434 2567 salva
2491 2528 2821 2583 permanens
2873 2522 2929 2569 et
2959 2528 3176 2570 omnem
3212 2513 3417 2568 circum
3462 2527 3521 2567 se
3554 2514 3656 2566 hu-

2074 2619 2221 2659 ntum
2247 2604 2532 2675 colligens,
2566 2606 2962 2678 humoremque
2990 2607 3337 2677 undiquaque
3361 2603 3659 2660 circumfu-

2070 2709 2191 2751 sum
2210 2697 2495 2754 attraltens
2521 2707 2577 2754 et
2607 2698 2791 2755 calore
2823 2699 3035 2766 fovens,
3057 2698 3391 2761 exstinctum
3411 2695 3529 2766 jam
3561 2696 3661 2749 tri-

2074 2789 2239 2843 ticum
2276 2790 2571 2851 resuscitat
2596 2832 2612 2857 ,
2640 2801 2695 2846 et
2728 2791 2947 2859 radices
2987 2791 3154 2857 altius
3203 2791 3347 2861 figit,
3385 2799 3440 2845 et
3472 2788 3657 2842 florem

2074 2880 2276 2934 emittit
2304 2921 2318 2943 ,
2345 2891 2400 2935 et
2431 2881 2649 2949 culmen
2680 2883 2877 2952 erigit,
2906 2893 2962 2937 et
3002 2883 3201 2937 aristas
3234 2882 3445 2948 nutrit,
3477 2881 3660 2935 omni-

2076 2986 2254 3042 noque
2305 2973 2625 3028 defunctunt
2689 2975 2933 3029 triticum
2999 2984 3062 3030 ut
3112 2972 3440 3038 reviviscat,
3502 2970 3654 3026 facit.

2080 3063 2393 3134 Eodemque
2441 3065 2601 3119 modo
2644 3065 2878 3136 siliginis
2929 3079 3092 3119 causa
3138 3063 3410 3132 siliginem
3438 3104 3452 3128 ,
3492 3062 3659 3116 falae-

2078 3169 2185 3225 que
2217 3154 2369 3211 fabas
2400 3158 2506 3213 huc
2542 3173 2715 3228 usque
2758 3166 3155 3213 conservarunt
3190 3176 3203 3211 :
3234 3171 3334 3213 nec
3365 3166 3448 3212 est
3470 3170 3660 3210 eorum

2082 3247 2402 3304 incredibile
2447 3250 2763 3320 quidquam.
2816 3250 2913 3306 Sin
2970 3267 3057 3308 res
3106 3251 3344 3321 postulet
3380 3249 3673 3305 hominem

2081 3339 2291 3395 salvum
2338 3342 2693 3409 conservari,
2724 3346 3029 3399 ilaetttonum
3082 3343 3280 3399 invidia
3339 3342 3574 3408 accidit,
3607 3350 3665 3394 ut

2081 3433 2148 3487 ab
2181 3448 2246 3489 eo
2307 3449 2591 3490 assensum
2648 3435 3024 3499 cohibeamus.
3063 3434 3118 3490 Si
3154 3435 3315 3503 igitur
3366 3434 3418 3488 in
3446 3433 3664 3488 caducis

2078 3524 2509 3598 mortalibusque
2529 3528 2691 3583 rebus
2712 3526 2900 3585 formae
2918 3528 3291 3605 conservatrix
3319 3541 3479 3581 causa
3505 3524 3665 3581 fuerit

2084 3614 2444 3688 immortalis,
2484 3620 2655 3675 multo
2683 3620 2854 3690 magis
2905 3620 3232 3687 immortalis
3264 3608 3461 3685 animae
3498 3635 3663 3675 causa

2083 3706 2247 3762 fuerit
2276 3711 2629 3778 immortalis,
2662 3728 2761 3768 nec
2792 3711 2898 3767 ullo
2929 3719 3174 3782 tempore
3192 3700 3518 3766 (dissolvitur
3538 3731 3551 3765 :
3572 3713 3663 3766 sed

2083 3799 2136 3853 in
2169 3816 2228 3857 se
2254 3803 2367 3872 ipsa
2400 3821 2662 3872 manens,
2692 3821 2813 3861 cum
2845 3806 3141 3861 libueritet
3172 3812 3538 3876 opportunum
3585 3806 3665 3858 vi—

2083 3908 2201 3987 sum
2227 3896 2352 3961 erit,
2386 3896 2535 3966 (sunt
2560 3898 2704 3953 enim
2732 3898 2913 3953 omnia
2935 3898 3173 3969 perbene
3189 3899 3482 3953 constituta
3503 3907 3668 3966 atque

2081 3989 2141 4036 ut
2168 3985 2265 4039 'sua
2302 3985 2353 4040 in
2372 3986 2658 4056 pristinum
2695 3994 2895 4043 statum
2929 3988 3169 4043 restituit
3208 3998 3372 4057 atque
3410 3996 3640 4041 exornat

387 4056 507 4120 Quo
547 4054 625 4117 fit,
693 4063 754 4109 ut
780 4070 878 4110 sua
902 4057 1094 4113 animae
1117 4059 1382 4131 cujusque
1423 4059 1599 4116 forma
1651 4064 1721 4117 sit
1751 4065 1965 4134 cognitu
2015 4069 2293 4130 facillima.
2326 4090 2331 4093 '

463 4143 574 4198 Καὶ
601 4142 765 4207 αὐτὸς
795 4146 824 4198 6
854 4146 1141 4215 συγκαλῶν
1170 4148 1304 4212 Θεὸς
1345 4149 1584 4222 εκάστην
1623 4150 1804 4224 ψυχὴν
1840 4155 1977 4227 πρὸς

2161 4165 2266 4221 Sed
2296 4175 2349 4223 et
2379 4167 2519 4224 Deus
2543 4169 2660 4240 ipse
2682 4169 2773 4240 qui
2813 4170 2869 4224 in
2909 4185 3074 4224 unum
3114 4168 3324 4226 animas
3352 4185 3542 4228 omnes
3572 4189 3666 4229 v0-

388 4236 451 4289 τδ
480 4236 681 4289 οίκεῖον
725 4237 1002 4308 ἐκπέμπει
1036 4240 1130 4293 καὶ
1173 4240 1487 4314 διαχωρίζει
1509 4281 1526 4305 ,
1560 4244 1654 4297 καὶ
1697 4244 1969 4318 διανέμει·

2087 4265 2195 4321 cat,
2229 4259 2297 4312 ad
2321 4273 2475 4314 suam
2506 4236 2783 4330 propriam
2829 4260 3061 4317 formam
3094 4261 3260 4317 etiam
3298 4277 3665 4334 unamquam-

388 4329 646 4400 καθάπερ
684 4331 816 4400 παρ’
863 4332 997 4402 ἡμῖν
1040 4335 1090 4386 οἱ
1144 4334 1345 4401 ἀγαθοὶ
1390 4339 1606 4407 νομεῖς,
1665 4339 1713 4391 οἳ
1765 4340 1977 4412 μυρίων

393 4419 569 4474 ὄντων
600 4420 969 4493 βοσκημάτων
1004 4424 1137 4498 (62),
1170 4425 1510 4499 διακρίνουσι
1551 4428 1751 4501 ῥαδίως
1780 4433 1828 4485 εί
1863 4433 1975 4506 (65)

392 4513 502 4585 χρὴ
525 4513 758 4583 ἕκαστα,
789 4515 885 4571 καὶ
908 4517 968 4573 οὐ
996 4517 1116 4582 δέος
1146 4520 1221 4591 μή
1252 4536 1384 4575 ποτε
1413 4522 1836 4595 συνταραχθείη.
1864 4524 1974 4577 Καὶ

824 4633 1064 4721 ἀμείνων
1091 4635 1179 4695 ὅτε
1209 4638 1283 4710 μὴ
1312 4638 1405 4692 καὶ
1433 4637 1556 4693 ἁσο.

470 4702 583 4777 ιιι)
615 4701 724 4777 99.
753 4702 816 4777 ιι.
850 4701 990 4777 sims-

470 4772 584 4848 (45)
753 4773 814 4848 ξ.
845 4772 959 4848 ό-δὲ
991 4774 1326 4848 ἀπηνθηκὼς
1355 4777 1449 4835 καὶ
1475 4778 1630 4844 ὅλως.

850 4844 914 4920 C.
947 4847 1015 4920 A_.
1047 4834 1448 4920 ἀφικνουμένη.

492 4912 583 4986 4:!)
611 4912 719 4986 ορ.
761 4911 825 4986 ξ.
855 4916 930 4986 οὐ,
955 4915 1024 4971 τὰ
1053 4911 1203 4986 φαιν.

490 4981 583 5050 48)
618 4982 724 5040 CC.
763 4983 824 5044 P.
853 4985 994 5050 πῶς.

855 4916 933 4998 οὐ.
955 4915 1024 4971 τὰ
1053 4914 1203 4986 em.
1288 4914 1302 4919 ⁷
1412 4914 1424 4920 ⁷

709 5025 724 5040 .
807 5027 824 5044 .
853 5002 994 5050 πως.

470 5053 564 5124 (49
615 5052 722 5115 CC.
760 5052 824 5112 P.
862 5073 926 5128 μ.
974 5056 1032 5111 δὲ
1082 5057 1223 5123 σῶος
1263 5059 1360 5114 καὶ
1399 5058 1562 5127 αὐτὸς
1601 5059 1696 5116 τοῦ
1732 5060 1906 5128 είδονς
1955 5064 1985 5117 ό

612 5192 812 5276 Σῒτρς.
857 5193 1042 5252 Utitur
1076 5197 1437 5258 similitudine
1472 5199 1765 5272 Scriptura:
1793 5205 1990 5276 exqui—

394 5264 503 5316 site
536 5273 681 5332 apta.
714 5264 813 5321 BA.

611 5332 908 5410 (Σο-νεα.
946 5339 1009 5392 Α.
1045 5339 1389 5410 σπείραντες.

496 5335 556 5389 51
611 5335 716 5395 CC.
755 5335 813 5390 Ρ.
843 5335 908 5392 C.
946 5339 1009 5392 A.
1045 5339 1389 5410 σπείραντες.

496 5335 588 5546 52)
614 5403 674 5460 C.
713 5402 776 5462 P.
804 5406 1217 5479 δημιουργικδς,
1250 5406 1320 5465 (ἐξ
1344 5411 1412 5466 A.
1442 5409 1856 5485 δημιουργηκός

497 5473 566 5546 55
618 5473 723 5546 CC.
855 5477 1140 5546 πεπηγώς.
1806 5494 1821 5501 ‘

497 5473 588 5547 55)
618 5473 723 5547 CC-
756 5475 817 5547 Ρ-
855 5473 1140 5547 sema;
1495 5473 1529 5481 ··
1806 5494 1821 5501 ,

473 5523 588 5681 (si)
613 5523 723 5599 (:61
749 5523 817 5599 βξ
845 5523 1189 5604 ιὲᾶἵᾶῖόζῖο.
1224 5550 1317 5605 καὶ
1344 5551 1655 5622 ἐρρωμένος
1685 5553 1837 5626 διαμ.

473 5615 565 5677 (55
617 5615 722 5670 (ΖΟ.
749 5615 811 5670 l’.
843 5617 905 5673 Ο.
944 5619 1010 5674 Α.
1044 5620 1501 5676 κατασϐεσθέντα.

472 5684 586 5756 (56)
613 5684 719 5741 CC.
756 5686 817 5743 Ρ.
852 5687 914 5742 C.
947 5690 1009 5741 A.
1048 5690 1223 5758 ῥίζας.

2085 4361 2191 4417 que
2227 4350 2464 4406 animam
2523 4353 2739 4409 mittit:
2786 4363 2843 4409 et
2889 4363 3106 4423 separat
3150 4353 3285 4410 alias
3333 4355 3401 4409 ab
3439 4354 3583 4423 aliis,
3613 4369 3668 4410 et

2086 4440 2368 4499 distribuit
2390 4449 2612 4515 praemia
2645 4462 2711 4503 ac
2734 4463 2945 4517 poenas.
2972 4446 3140 4519 quue
3168 4448 3309 4504 haud
3330 4462 3492 4505 secus
3512 4447 3683 4515 facit,

2081 4546 2146 4588 ac
2181 4533 2275 4604 qui
2320 4537 2463 4607 apud
2509 4553 2607 4595 uos
2650 4550 2781 4596 sunt
2833 4539 2962 4597 boni
3007 4549 3295 4606 pastores,
3340 4538 3517 4596 solent
3568 4555 3682 4595 sua.

2444 4652 2510 4727 Ρ.
2539 4655 2601 4727 ρ.
2630 4657 2696 4711 A.
2728 4656 2976 4727 ἐξέφυσε.

2310 4722 2501 4799 Ρ.
2536 4723 2597 4799 C_.
2624 4727 2692 4781 A.
2722 4722 2982 4799 στάχυας.

2162 4792 2274 4881 (ἑθ)
2301 4792 2859 4881 Φθξίνρςβαιμέκωὲ
2893 4797 3002 4881 καὶ
3027 4796 3358 4881 deﬁciam
3396 4799 3683 4881 ἀξιστίριτ

2092 4859 2328 4920 Verbum
2374 4859 2925 4925 excidisse'videtur.
2971 4859 3292 4927 Ambrosius
3345 4870 3553 4924 vertit:
3604 4871 3669 4925 Si

2088 4948 2207 4988 vero
2235 4937 2434 5006 seruari
2462 4934 2737 5006 (hominem
2761 4938 3080 5006 persuadeat
3111 4937 3248 4992 ratio
3274 4976 3291 5002 ,
3319 4938 3520 4995 invidia
3557 4943 3670 4995 da:-

2091 5004 2565 5077 (ttpnumjwmines
2590 5016 2645 5077 ιιι
2665 5004 2883 5077 credant
2903 5007 3084 5063 induci
3102 5008 3190 5061 vix
3208 5015 3448 5077 possunt.
3473 5005 3631 5076 Legit
3655 5027 3667 5063 :

2088 5073 2294 5147 Φῄθρνος
2308 5074 2578 5146 δαιμόνων
2606 5074 2910 5147 ἀνθρώπων
2938 5073 3458 5147 ἀπιστίανίείσάγει.
3492 5073 3671 5133 υιίψ

2092 5144 2232 5200 vidia
2263 5144 2568 5216 demortum
2610 5144 2858 5205 homines
2888 5148 3073 5216 adigat
3103 5148 3169 5199 ad
3206 5146 3668 5216 incredulitatem,

2088 5223 2323 5285 quaeest
2348 5215 2463 5285 ipsa
2488 5216 2689 5271 veritas
2711 5215 3010 5274 sentemiac.
3050 5222 3109 5271 lil
3142 5221 3220 5271 sic
3246 5218 3440 5285 sumius
3460 5215 3666 5270 Aine-as

2089 5284 2372 5354 loquitnra
2388 5284 2482 5339 ΒΑ.

2182 5354 2273 5424 60)
2301 5353 2409 5410 CC.
2445 5354 2505 5424 Ρ.
2536 5352 2734 5424 ἑαυτῷ.

2185 5423 2274 5491 61)
2311 5425 2415 5495 CC_.
2549 5423 2879 5495 προθεσμία.

2169 5493 2278 5565 (62)
2325 5493 2430 5551 CC.
2471 5493 2531 5550 P.
2562 5493 2612 5548 οἱ
2647 5510 2707 5547 π.
2842 5494 3055 5567 ἀγαθοί.
3101 5494 3268 5546 ὄντων
3315 5493 3423 5546 τῶν
3466 5494 3667 5564 guunt;

2096 5581 2281 5635 ματων
2290 5606 2303 5620 .

2166 5636 2278 5709 (6:5)
2306 5640 2413 5696 CC.
2443 5639 2504 5697 P.
2531 5633 2565 5717 ᾖ
2589 5643 2715 5715 χρή.
