4052 6390
288 316 402 380 989

1605 312 2236 376 THEOPHRASTUS.

3458 318 3564 380 990

287 424 594 487 νικὼτατος
620 422 716 477 ὢν.
753 423 826 476 Τὸ
845 421 903 475 δὲ
932 421 1425 492 ἀληθέστεροννείς
1454 420 1718 474 ἀθάνατον
1746 424 1875 476 ἀνα-

1980 431 2129 477 esset
2152 422 2508 480 redeundum.
2539 421 2729 480 luanes
2751 434 2931 481 autem
2952 433 3004 482 et
3023 425 3329 482 fabularum
3353 428 3561 484 similes

287 517 552 571 ϐιώσεται
591 515 705 586 βίον
723 556 738 582 ,
767 515 881 577 τοῖς
911 513 1010 584 μὲν
1047 513 1274 582 ἀγαθοῖς
1302 512 1470 568 πάλαι
1496 511 1830 582 ποθούμενον
1856 552 1870 576 ,

287 607 523 679 φοϐερὸν
548 607 606 661 δέ
626 607 739 669 τοῖς
761 605 913 659 οὐδὲν
943 605 1300 675 φοϐουμένοις
1330 604 1426 658 τὸν
1457 603 1569 674 βίον
1597 604 1731 674 (92).

1979 529 2100 569 εεεε
2145 515 2388 571 rationes
2427 515 2581 584 istas,
2623 517 2736 588 jam
2770 525 2929 574 antea
2973 520 3106 572 satis
3143 520 3312 590 660
3347 527 3431 573 est
3465 521 3557 570 de-

1984 613 2364 662 monstralum.
2399 603 2586 676 Neque
2615 607 2761 661 enim
2791 607 3039 662 oblivisci
3075 609 3286 662 illarum
3315 611 3556 676 potuisti,

285 701 382 769 qui
428 699 694 756 memoria
741 699 914 769 polles
964 700 1222 753 maxima.
1294 697 1429 753 lllud
1475 701 1657 770 potius
1735 710 1819 754 est
1849 713 2070 765 verum,
2119 700 2172 753 in
2229 700 2395 754 vitam
2452 701 2810 757 immortalem
2875 718 2973 758 nos
3044 704 3347 756 revicturos
3397 719 3554 757 esse:

285 802 520 859 eamque
549 787 708 844 bonis
747 788 965 857 quidem
999 788 1110 857 jam
1167 789 1370 843 dudum
1418 798 1681 858 optatam,
1723 789 1880 844 malis
1917 798 2095 844 autem
2166 801 2222 845 et
2264 792 2331 848 iis
2360 793 2450 862 qui
2494 793 2620 848 dum
2693 796 2745 849 in
2777 795 2912 850 vivis
2944 803 3132 850 essent
3171 796 3436 849 nullarum
3475 813 3558 849 re-

287 896 412 936 rum
450 890 597 936 metu
631 880 874 934 coerceri
907 888 1181 949 poterant,
1218 880 1440 934 omnino
1468 880 1764 934 terribilem
1801 893 1864 933 ac
1905 881 2272 935 metuendam.
3375 885 3383 892 '

357 976 598 1032 ΘΕΟΦΡ.
630 977 748 1030 Οὐκ
777 976 1020 1045 ἀγεννῶς
1051 977 1324 1048 ἐπεξέρχῃ
1355 976 1432 1047 τῷ
1456 975 1618 1046 λόγῳ.
1663 976 1802 1030 Ἀλλ’
1828 977 1877 1028 εί

280 1069 354 1122 τά
385 1066 619 1139 σώματα
648 1067 738 1120 διά
771 1067 869 1137 τὴν
890 1069 988 1137 τῆς
1017 1067 1196 1138 ψυχῆς
1223 1066 1509 1120 κοινωνίαν
1541 1064 1879 1119 ἀπαθανατί-

281 1161 464 1226 ζεται,
499 1159 593 1213 καὶ
625 1159 740 1230 (95)
771 1159 882 1213 τῶν
913 1157 1123 1226 ἀλόγων
1157 1157 1334 1222 ζώων,
1382 1158 1458 1222 ὼς
1489 1156 1686 1220 ἔοικεν,
1722 1155 1875 1209 ἔσται

279 1252 512 1306 τοιαῦτα
535 1268 546 1282 ·
585 1251 818 1322 μετέσχε
847 1249 958 1322 γάρ
989 1252 1216 1305 κάκεῖνα
1245 1250 1425 1320 ψυχῆς
1453 1248 1586 1320 (94).

357 1436 537 1492 ΑΞῙΘ.
580 1437 744 1490 Ἀλλά
765 1436 964 1504 ἀλόγου
991 1438 1083 1490 καὶ
1110 1436 1312 1506 θνητῆς
1340 1433 1385 1488 ὧ
1409 1435 1712 1502 σοφώτατε,
1735 1437 1768 1506 ἢ
1795 1435 1874 1506 τῷ

283 1526 502 1598 σώματι
551 1527 922 1582 συνεδιελύετο
966 1527 1102 1598 (95).
1155 1529 1218 1581 Et
1267 1528 1448 1580 τοίνυν
1485 1526 1798 1581 ἐκλέλοιπεν
1839 1529 1872 1598 ἡ

281 1621 456 1694 ψυχὴ,
489 1621 784 1693 περίεργον
813 1621 1105 1692 διεγείρειν
1134 1623 1194 1676 τὺ
1223 1621 1406 1692 σῶμω
1440 1619 1503 1674 οὐ
1533 1620 1642 1690 γὰρ
1669 1619 1879 1673 ἐαυτῶν

2055 975 2306 1034 ΤΗΕΟΡ.
2346 978 2574 1051 Egregie
2620 989 2676 1035 tu
2705 981 2924 1050 quidem
2956 981 3072 1036 haec
3099 984 3346 1036 oratione
3391 982 3563 1050 expla—

1985 1069 2142 1124 casti.
2177 1069 2282 1124 Sed
2320 1071 2364 1125 si
2401 1085 2658 1141 corporea
2693 1073 2758 1126 ad
2795 1073 3049 1128 tuendum
3101 1087 3254 1128 suam
3285 1089 3406 1125 cum
3444 1075 3558 1124 aui-

1985 1161 2178 1215 mabus
2223 1163 2535 1218 societatem
2579 1172 2780 1220 aeterna
2810 1165 2982 1232 ﬁunt;
3039 1167 3254 1221 videtur
3288 1167 3557 1234 profecto.

1984 1251 2263 1306 brntoruin
2311 1255 2667 1310 animantium
2701 1270 2949 1326 corpora,
3001 1262 3116 1326 ipsa
3150 1271 3363 1326 qucque
3417 1273 3555 1310 sem-

1984 1344 2196 1412 piterna
2228 1345 2343 1400 fore
2371 1364 2384 1401 ε
2416 1348 2611 1417 quippe
2636 1363 2757 1419 qua:
2783 1357 2838 1404 et
2868 1349 2982 1418 ipsa
3017 1365 3144 1404 suas
3193 1351 3401 1404 animas
3435 1351 3560 1402 adc-

1982 1446 2072 1504 pta
2100 1438 2232 1491 sint.

2052 1524 2286 1581 AXITH.
2341 1527 2567 1584 Animas
2615 1530 2877 1598 quidem,
2930 1531 3024 1587 sed
3081 1531 3306 1585 rationis
3363 1545 3557 1599 exper-

1989 1628 2069 1672 tes
2110 1628 2167 1673 et
2203 1619 2478 1685 mortales,
2521 1629 2576 1675 et
2606 1635 2726 1690 qiue
2774 1622 2931 1676 simul
2966 1637 3089 1676 cum
3125 1621 3444 1690 corporibus
3473 1621 3559 1674 iu-

283 1713 476 1776 ἐνεκα.
505 1713 644 1768 ἀλλά
678 1714 816 1782 πρὸς
847 1714 1008 1785 χάριν
1041 1717 1141 1784 τῆς
1173 1713 1353 1784 ψυχῆς
1374 1713 1446 1766 τὰ
1470 1711 1700 1782 σώματα
1733 1712 1875 1765 δισιν⁴

1989 1718 2219 1764 tereant.
2257 1708 2377 1766 Jam
2431 1711 2474 1766 si
2530 1712 2794 1768 defecerit
2847 1714 3052 1780 anima,
3102 1727 3558 1780 supervacaneum

287 1808 531 1862 ίσταται.
558 1807 684 1869 Τοῖς
721 1807 816 1876 μὲν
839 1803 933 1858 οὖν
972 1805 1190 1872 ἀλόγοις
1214 1805 1368 1859 οὐδὲν
1390 1803 1660 1858 ἀθάνατον
1680 1804 1878 1870 ἐγκατ-

282 1899 590 1972 έσπαρταιο
635 1899 758 1951 ἐπεὶ
787 1897 881 1951 καὶ
920 1901 1021 1969 τῆς
1062 1898 1287 1951 ἐκείνων
1319 1897 1498 1968 ψυχῆς
1539 1895 1808 1967 κρείττων
1848 1897 1876 1949 ὁ

284 1991 540 2054 θάνατος.
557 1991 620 2043 Ἡ
651 1990 706 2043 δὲ
737 1989 979 2060 ἡμετέρα
1011 1988 1157 2060 ψυχὴ
1193 1989 1483 2060 (ἀθάνατος
1519 1988 1674 2059 γὰρ),
1706 1989 1787 2050 είς
1817 1986 1876 2040 ἒν

281 2081 520 2146 ἐλθοῦσα
539 2080 618 2152 τῷ
657 2081 869 2152 σώματι
894 2123 906 2141 ,
933 2081 1236 2145 ἀθανασίας
1269 2082 1419 2152 αύτῷ
1447 2081 1669 2151 σπέρμα
1697 2097 1875 2132 κατα-

280 2170 512 2226 λέλοιιτε.
547 2173 659 2225 Καὶ
700 2171 761 2225 τὸ
809 2172 1103 2242 μέγιστον,
1149 2171 1317 2226 αὐτοῦ
1350 2171 1445 2224 τοῦ
1475 2168 1808 2240 δημιουργοῦ
1847 2171 1876 2222 ό

281 2263 576 2332 ἄνθρωπος
598 2256 710 2315 οἷον
745 2263 994 2332 γέννημα
1026 2263 1120 2316 καὶ
1164 2262 1376 2333 ποίημα
1397 2279 1410 2292 ·
1458 2261 1612 2315 οὐδὲν
1642 2259 1735 2314 οὖν
1779 2261 1876 2314 ἀν-

282 2353 567 2423 θρωπίνης
621 2352 812 2416 οὐσίας
865 2353 977 2422 (96)
1032 2355 1318 2417 παντελῶς
1356 2353 1554 2425 θνητὸν
1601 2353 1875 2424 διαμένειν

281 2444 539 2513 ἠδύνατο.
567 2443 690 2498 Τῶν
715 2445 771 2498 δέ
801 2445 1013 2513 ἀλόγων
1037 2445 1192 2510 ζώων
1219 2447 1319 2515 τὴν
1349 2447 1563 2514 γένεσιν
1590 2446 1703 2508 τοῖς
1733 2461 1876 2497 στοι-

282 2535 454 2606 χείοις
478 2533 697 2602 ἐξάγειν
728 2535 1012 2601 ὲξέταττεν
1031 2552 1045 2566 ·
1093 2537 1189 2590 καὶ
1217 2537 1278 2589 τὸ
1320 2535 1674 2606 πρόσταγμα,
1711 2532 1876 2602 φύσις

280 2621 350 2696 ἦν
381 2626 480 2678 καὶ
507 2625 735 2696 δύναμις
758 2639 773 2654 ·
802 2618 893 2679 οἶα
921 2624 988 2696 δὴ
1015 2625 1080 2677 ἐκ
1107 2624 1365 2680 τοιούτων
1397 2621 1648 2693 πατέρων
1683 2621 1876 2692 προελ-

283 2711 449 2765 θόντα
497 2711 608 2783 (98)
645 2711 926 2775 παντελῶς
969 2709 1263 2765 διαλύεται.
1314 2711 1389 2764 Οὐ
1437 2710 1546 2779 γάρ
1594 2726 1723 2764 ποτε
1775 2708 1876 2778 τῆς

282 2803 587 2867 ἀθανασίας
626 2802 920 2872 ἐγεύσατο·
953 2801 1015 2856 τὺ
1046 2801 1102 2855 δὲ
1147 2799 1488 2872 ἀνθρώπειον
1524 2799 1685 2870 σῶμα
1728 2799 1872 2870 ψυχῇ

285 2893 758 2966 συνεργαζόμενον
781 2892 1036 2963 ἀθανάτῳ
1065 2892 1462 2964 παρετρέφετο,
1487 2891 1581 2946 καὶ
1608 2890 1744 2963 πρὸς
1769 2891 1874 2943 πᾶ-

283 3002 385 3040 σαν
406 2985 604 3058 τέχνην
624 2985 944 3055 ἐπιτηδείως
973 2986 1069 3040 καὶ
1099 2985 1243 3056 μάλα
1265 2983 1564 3056 χαριέντως
1590 2982 1876 3052 συγκινού-

1978 1800 2141 1855 fuerit
2169 1815 2366 1871 corpus
2411 1802 2696 1865 suscitare,
2747 1802 2964 1868 quando
3009 1816 3115 1857 non
3161 1816 3258 1855 sna
3293 1801 3557 1870 ipsorum,

1979 1904 2168 1943 verum
2235 1891 2432 1944 animae
2485 1891 2659 1960 gratia
2715 1905 2948 1960 corpora
3003 1891 3362 1947 suscitantur.
3422 1889 3564 1958 Ergo

1977 1984 2150 2039 brutis
2182 1985 2550 2040 animantibus
2588 1985 2726 2040 nihil
2754 1986 2978 2040 insitum
3013 1994 3119 2051 est,
3165 1987 3308 2055 quod
3357 1985 3430 2039 sit
3460 1983 3564 2036 im-

1978 2075 2225 2132 mortale.
2273 2075 2407 2130 Nam
2451 2086 2504 2132 et
2559 2077 2773 2132 illorum
2823 2078 3062 2132 animam
3109 2093 3256 2132 mors
3293 2086 3556 2146 superat:

1979 2178 2164 2224 nostra
2233 2183 2363 2224 vero
2432 2169 2612 2223 anima
2683 2183 2804 2238 quin
2857 2178 2944 2225 est
2999 2169 3324 2224 immortalis
3401 2169 3559 2236 ipsa,

1979 2262 2069 2316 ubi
2126 2261 2178 2314 in
2231 2276 2392 2315 unam
2453 2276 2576 2315 cum
2627 2275 2860 2329 corpore
2917 2260 3236 2316 societatem
3285 2260 3556 2321 coiverit,

1979 2352 2410 2407 immortalitatis
2430 2353 2479 2407 ei
2510 2367 2698 2408 semen
2729 2353 2886 2424 quasi
2915 2353 3314 2423 quodammodo
3342 2351 3556 2406 inludit.

1977 2445 2053 2500 Ac
2074 2444 2327 2514 quoniam
2355 2445 2520 2500 homo
2543 2445 2784 2514 supremi
2836 2444 2981 2500 illius
3018 2443 3240 2514 Opillcis
3264 2443 3558 2496 maximum

1977 2534 2127 2604 quasi
2153 2549 2372 2604 germen
2398 2543 2559 2604 atque
2584 2550 2720 2602 opus
2771 2535 2878 2590 sit:
2907 2549 3006 2590 nec
3049 2535 3425 2595 conveniebat,
3459 2547 3561 2586 nec

1977 2635 2188 2696 poterat
2219 2624 2356 2691 ﬁeri,
2377 2636 2437 2681 ut
2466 2628 2715 2681 humana:
2739 2626 3059 2682 substantia:
3089 2625 3386 2696 quidquam
3412 2637 3567 2693 pror-

1977 2732 2072 2771 sus
2128 2715 2357 2771 mortale
2405 2725 2769 2786 permaneret.
2820 2715 2927 2771 Sed
2961 2716 3218 2786 quoniam
3274 2715 3562 2769 brutorum

1977 2807 2335 2861 animantium
2373 2816 2557 2862 ortum
2583 2823 2650 2862 ex
2677 2807 2968 2862 elementis
2996 2806 3149 2862 educi
3180 2804 3365 2875 jussit,
3401 2806 3562 2874 idque

1977 2914 2098 2968 ejus
2143 2900 2382 2954 edictum
2419 2899 2489 2954 sit
2528 2900 2639 2969 jam
2672 2899 2786 2968 ipsa
2827 2906 3034 2954 natura:
3078 2898 3159 2953 vis
3191 2906 3245 2953 et
3275 2897 3512 2966 patentia
3547 2915 3560 2950 :

1977 3001 2039 3042 ea
2090 2986 2290 3042 talibus
2333 2997 2556 3056 tamque
2613 2985 2776 3042 ﬂuxis
2820 2985 2982 3041 rebus
3026 2986 3183 3055 quasi
3235 2984 3557 3052 parentibus

285 3093 473 3148 μενον,
503 3075 806 3141 ἀθανασίας
837 3093 891 3128 τι
919 3077 1344 3146 παρεσπάσατο,
1373 3076 1467 3128 καὶ⁸
1494 3073 1589 3128 τοῦ
1615 3074 1873 3145 νέκταρος

1979 3088 2094 3133 orta
2119 3119 2134 3144 ,
2168 3079 2281 3149 ipsa
2311 3093 2530 3149 quoque
2558 3079 2931 3134 dissolvantur
2963 3085 3127 3148 atque
3158 3077 3429 3130 intereant
3461 3090 3558 3129 ne-

281 3171 343 3225 ού
377 3169 659 3232 παντελῶς
699 3169 1000 3238 ἄγευστον·
1051 3169 1154 3222 οὐκ
1198 3169 1308 3240 ἀρα
1353 3168 1518 3221 πεσὸν
1555 3166 1668 3239 (99)
1702 3167 1875 3221 εἰσαεὶ

281 3262 552 3318 κείσεται.
583 3262 648 3316 Εἰ
681 3261 787 3333 γὰρ
814 3260 966 3330 ἡλίου
999 3259 1435 3332 προσπίπτοντος
1472 3259 1625 3315 ὕδατι
1657 3259 1871 3330 ψυχρῷ,

281 3350 464 3422 θέρμη
486 3367 549 3403 τε
565 3349 877 3418 ἐπεγένετο,
902 3349 997 3402 καὶ
1020 3347 1236 3402 ἀπὸτοῦ
1259 3347 1454 3414 ὓδατος
1475 3349 1586 3420 πῦρ
1605 3350 1771 3420 ἀνῆκε
1797 3350 1873 3420 (Ι)

279 3442 379 3494 καὶ
414 3441 625 3511 φλόγα,
669 3443 754 3504 τίς
784 3439 852 3494 ἂν
881 3441 1234 3511 ἀπιστήσειεν
1264 3441 1312 3493 εί
1345 3439 1440 3492 τοῦ
1490 3440 1781 3512 ἀνθρώπου
1816 3441 1875 3495 τὸ

284 3535 450 3604 σῶμα
491 3532 671 3604 ψυχὴν
711 3532 842 3603 ὃλην
888 3532 1161 3586 ἀθάνατον
1205 3531 1614 3604 εἰσδεξάμενον,
1648 3533 1876 3604 δύναμιν

282 3625 382 3680 καὶ
405 3625 600 3678 ἀκτῖνα
628 3624 728 3694 τῆς
763 3623 1062 3687 ἀθανασίας
1093 3624 1360 3694 ἐκτήσατο
1380 3666 1395 3690 ,
1427 3617 1553 3677 Οἴον
1584 3625 1654 3694 γῆ
1688 3641 1876 3693 πυρω-

285 3716 445 3769 θεῖσα
471 3715 532 3768 τὸ
579 3715 742 3769 θεῖονο
780 3715 813 3786 ἥ
845 3714 981 3777 τέως
1015 3715 1116 3774 μέν
1168 3716 1346 3766 κεῖται
1382 3713 1566 3783 ψυχρά
1597 3713 1675 3782 τῷ
1709 3714 1876 3766 ἀπτο-

289 3805 438 3877 μένῳ
458 3806 550 3860 καὶ
574 3805 798 3876 ἄτυφος*
821 3805 1045 3860 ἐπειδὰν
1061 3805 1117 3859 δὲ
1151 3803 1323 3875 πυρὸς
1342 3804 1510 3880 ἐγγὺς
1529 3804 1755 3873 γένηται
1772 3804 1871 3876 (οὶ),

283 3897 448 3952 τοῦτο
480 3882 1021 3970 ῥᾳδίως-ἀνήρπασε,
1051 3895 1188 3968 πρὸς
1215 3896 1244 3948 ὃ
1278 3895 1338 3949 τὸ
1369 3881 1582 3965 πρῶτον
1613 3895 1688 3965 (5)
1719 3894 1875 3950 ἐλάν-

285 3990 450 4043 θανεν
477 3988 697 4060 ἔχουσα,
732 3988 829 4042 καὶ
858 3987 1068 4058 ταχέως
1099 3983 1328 4057 ἐξήφθη,
1363 3985 1456 4038 καὶ
1494 3985 1745 4056 ἐνεργείᾳ
1776 3985 1875 4056 τὴν

285 4083 516 4150 δύναμιν
539 4081 727 4148 ἔδειξε,
750 4081 845 4133 καὶ
868 4081 946 4143 είς
969 4079 1066 4148 τὴν
1089 4078 1181 4131 τοῦ
1206 4076 1376 4146 πυρὸς
1391 4076 1544 4143 τάξιν
1570 4076 1870 4144 ἐπείγεται·

285 4173 431 4228 οὕτω
469 4173 534 4245 δὴ
567 4172 679 4226 τῶν
712 4171 1014 4241 ἀνθρώπων
1051 4170 1119 4226 τὰ
1171 4169 1398 4240 σώματα
1444 4172 1509 4240 τῇ
1554 4169 1654 4238 τῆς
1698 4167 1876 4240 ψυχῆς

284 4265 560 4337 ἀθανασίᾳ
594 4264 959 4336 συμμίξαντα,
993 4263 1083 4318 τὸν
1113 4264 1208 4334 μὲν
1249 4262 1408 4316 ἄλλον
1454 4261 1644 4332 χρόνον
1689 4262 1876 4334 ψυχρά

287 4361 380 4412 καὶ
420 4359 655 4429 ἀκίνητα
689 4357 966 4421 παντελῶς
996 4358 1358 4428 ἀπέρριπται·
1396 4356 1542 4426 ψυχῇ
1578 4354 1634 4407 δὲ
1679 4373 1874 4410 κοινω-

286 4455 396 4505 νεῖν
426 4451 730 4523 ὲπιτήδεια,
759 4449 861 4505 κᾶν
887 4466 1018 4502 ποτε
1046 4444 1204 4511 αὖθις
1233 4447 1496 4518 σύμμιξις
1523 4445 1618 4516 (4),
1642 4447 1875 4517 ἑτοίμως

286 4543 684 4615 περιθάλπεται
715 4542 810 4596 καὶ
837 4540 1197 4604 διανίσταται,
1232 4540 1324 4592 καὶ
1360 4539 1530 4608 ἡδέως
1558 4538 1872 4605 συνέπεται,

285 4639 384 4688 καὶ
414 4633 550 4706 πρὸς
575 4632 876 4687 ἀθανασίαν
904 4631 1200 4703 ἀνέδραμε.

1977 3185 2130 3226 cesse
2157 3179 2262 3225 est.
2289 3168 2477 3241 Neque
2508 3171 2652 3226 enim
2684 3169 3010 3226 aeternitatis
3042 3169 3156 3224 sive
3179 3176 3420 3238 gustum,
3452 3166 3565 3220 sive

1977 3263 2216 3320 fructum
2259 3263 2430 3319 ullum
2470 3272 2767 3331 ceperunt:
2800 3263 3105 3317 humanum
3131 3272 3313 3314 autem
3335 3273 3555 3326 corpus.

1976 3356 2235 3425 quoniam
2265 3371 2392 3411 cum
2425 3355 2604 3411 anima
2637 3353 2800 3409 simul
2829 3355 2982 3425 egit,
3012 3351 3310 3407 immortali
3350 3364 3568 3419 quoque

1979 3450 2242 3506 alimento
2281 3449 2441 3520 quasi
2484 3449 2684 3505 nutriri
2718 3448 2906 3518 coepit,
2935 3453 2990 3502 ct
3033 3445 3100 3501 ad
3134 3459 3351 3501 onmem
3385 3451 3563 3498 artem

1977 3549 2104 3608 apte
2128 3549 2182 3594 et
2215 3542 2455 3595 suaviter
2489 3541 2777 3595 incitatum
2799 3547 2906 3605 est,
2943 3538 3158 3607 hocque
3181 3537 3298 3606 ipso
3329 3535 3432 3591 sibi
3466 3536 3568 3590 im-

1977 3632 2324 3687 mortalitatis
2353 3631 2554 3702 aliquid
2585 3633 2695 3701 jam
2740 3632 3004 3697 attraxit,
3037 3645 3137 3685 nec
3187 3644 3376 3699 parum
3424 3627 3570 3682 illius

1978 3721 2214 3775 nectaris
2244 3722 2513 3791 gustavit:
2549 3738 2656 3791 qua
2683 3727 2750 3776 de
2779 3737 2944 3778 causa
2967 3720 3271 3790 collapsum
3298 3735 3405 3773 non
3440 3733 3566 3787 per-

1977 3826 2142 3880 petuo
2171 3811 2396 3881 jacebit.
2429 3812 2644 3867 Etenim
2673 3813 2720 3868 si
2749 3813 2864 3867 sole
2886 3812 2934 3866 vi
2967 3810 3168 3866 caloris
3196 3798 3280 3864 sui
3316 3809 3370 3861 in
3406 3807 3566 3878 frigi-

1978 3905 2098 3958 dam
2117 3919 2315 3972 aquam
2351 3911 2564 3974 agente,
2595 3919 2736 3974 aqua
2770 3904 2889 3973 ipsa
2919 3902 3182 3966 calescit,
3216 3911 3380 3968 atque
3411 3913 3475 3953 ex
3509 3915 3569 3953 sc

1977 3995 2132 4064 quasi
2163 3997 2340 4066 ignem
2362 3993 2748 4064 ﬂammamque
2782 3995 2984 4048 emittit
3020 4011 3033 4047 :
3069 3993 3315 4063 quisnon
3350 3990 3566 4050 credat.

1978 4089 2274 4142 humanum
2297 4104 2495 4159 corpus
2519 4129 2534 4151 ,
2571 4096 2825 4156 suscepta
2873 4087 3054 4142 anima
3100 4096 3209 4138 tata
3242 4081 3566 4145 immortali,

1978 4179 2088 4232 vim
2137 4179 2386 4248 ignemve
2431 4177 2754 4233 aeternitatis
2807 4177 2911 4231 sibi
2964 4190 3185 4245 quoque
3235 4171 3572 4227 vindicasse?

1979 4267 2155 4323 Veluti
2185 4269 2410 4338 sulphur
2438 4268 2567 4338 quid
2599 4275 2682 4322 est
2711 4267 2856 4320 aliud
2889 4279 3054 4336 quam
3087 4273 3230 4316 terra
3255 4261 3412 4330 quasi
3443 4258 3570 4327 igne

1979 4375 2273 4425 succensa;
2307 4375 2370 4416 ea
2404 4371 2585 4414 tamen
2630 4358 2778 4429 jacet
2825 4364 3017 4426 estque
3045 4364 3101 4409 et
3132 4352 3344 4407 videtur
3376 4349 3425 4404 ei
3477 4349 3572 4418 qui

1982 4451 2186 4520 tangit,
2223 4450 2415 4521 frigida
2449 4459 2504 4505 et
2531 4449 2742 4518 ahjecta
2773 4467 2784 4501 :
2836 4457 2893 4502 at
2925 4448 3102 4516 ignem
3131 4458 3291 4514 quem
3326 4441 3570 4496 occulta-

1978 4549 2091 4595 tum
2126 4541 2270 4595 intra
2319 4555 2378 4596 se
2410 4541 2596 4607 habet,
2646 4539 2950 4594 adhibitum
3000 4537 3158 4592 facile
3201 4543 3256 4590 ct
3299 4531 3572 4602 extemplo

1976 4634 2188 4704 arripit,
2238 4633 2602 4703 celeriterque
2654 4631 2975 4695 succendit,
3033 4630 3255 4700 vimque
3309 4641 3464 4682 suam
3518 4638 3575 4676 re

287 4731 407 4799 ipsa
440 4738 730 4794 monstrat,
759 4740 925 4798 atque
954 4728 1008 4782 in
1037 4726 1283 4781 ordinem
1311 4740 1407 4780 seu
1442 4734 1693 4779 naturam
1726 4725 1864 4795 ignis
1904 4742 2135 4798 propere
2169 4728 2383 4784 transit.
2457 4727 2570 4782 lloc
2611 4727 2775 4786 modo
2834 4742 2968 4783 sane
2997 4727 3282 4782 hominum
3317 4739 3566 4794 corpora,

283 4832 579 4895 postquam
607 4839 732 4880 eum
777 4824 972 4880 animae
1003 4820 1294 4880 immortali
1333 4831 1524 4875 natura
1568 4821 1863 4892 conjuncta
1903 4822 2108 4879 fuerint
2159 4833 2343 4894 atque
2367 4824 2674 4889 commista,
2709 4823 2845 4878 alias
2907 4825 3126 4895 quidem
3159 4823 3354 4894 frigida
3386 4831 3438 4876 et
3467 4823 3570 4875 im-

348 5010 476 5098 .(92)
510 5009 710 5098 CC.'P.
739 5007 969 5080 φοϐερὸν
1001 5007 1059 5062 δὲ
1105 5007 1216 5069 τοῖς
1249 5005 1311 5058 ού
1339 5003 1605 5075 πρότερον
1631 5003 1878 5074 πεφοϐη-

285 5080 480 5153 μένοις
505 5080 730 5167 κακίαν.
1012 5145 1038 5158 η

362 5152 476 5219 (95)
498 5149 606 5217 CC.
647 5149 711 5205 P.
743 5147 840 5202 καὶ
872 5146 941 5200 τά
971 5163 1081 5219 των
1116 5146 1206 5200 ἀλ.

2055 5004 2167 5075 (99)
2201 5004 2416 5058 ﬂeo-(5r.
2451 5000 2846 5075 Procumbens,
2873 5002 3171 5075 cadens_,_id
3200 5012 3284 5075 est
3306 5002 3569 5075 moriens.

1982 5070 2192 5140 Callere
2225 5076 2369 5126 enim
2407 5072 2542 5138 niori
2563 5113 2578 5136 ,
2602 5073 2748 5128 unde
2771 5070 3284 5140 cadavera.‘Notavi
3321 5071 3568 5140 plurimis

1984 5139 2140 5207 alibi,
2160 5145 2387 5196 Advers.
2415 5143 2467 5206 7,
2498 5142 2591 5209 l9;
2615 5141 2704 5206 Η,
2735 5140 2826 5207 29,
2859 5155 2922 5196 ex
2961 5139 3334 5205 Tertulliano,
3369 5139 3446 5196 De
3484 5157 3570 5194 re-

363 5209 476 5291 (94)
512 5213 1143 5291 Ψυχῆβᾘενειεῃᾴεᾳι
1172 5228 1355 5291 vocem
1385 5215 1884 5291 postremamarbi-
1985 5229 2128 5291 surr.
2159 5209 2734 5291 91.18,_aliisqtte‘._Ba.

291 5279 413 5363 tror
436 5279 882 5363 inres'poiisione
898 5287 1113 5363 Axithei
1142 5305 1155 5339 :
1181 5279 1648 5363 ψυχῆς.ἈΧιΤῌ.
1667 5282 1879 5363 Ψυχῆς·

286 5361 430 5418 ἀλλά
458 5360 678 5428 ἀλόγου.
710 5361 787 5415 Ita
807 5359 1035 5426 erigitur
1065 5363 1273 5428 oratio;
1317 5365 1370 5408 et
1397 5359 1610 5407 servavi
1659 5367 1758 5422 ego
1803 5359 1886 5409 in-

390 5496 480 5570 95)
505 5500 609 5555 CC.
739 5496 1098 5570 συνδιελύετο.

388 5564 478 5637 96)
509 5571 612 5624 CC.
637 5569 698 5624 P.
725 5569 874 5622 οὐδὲν
902 5567 994 5620 οὖν
1026 5567 1123 5637 τῆς
1153 5565 1273 5620 ἀνθ.
1304 5564 1422 5618 ούσ.

392 5640 484 5700 97)
514 5639 620 5694 CC.
650 5639 709 5692 Ρ.
747 5639 1104 5708 προσέταττε.

293 5427 688 5488 teroretatione
721 5431 1094 5484 iusertionem.
1133 5427 1227 5482 Ba.

364 5447 382 5484 Γ
423 5447 688 5485 relatione
721 5447 1094 5484 tuseruonem.
1133 5447 1227 5482 ω.

390 5501 480 5570 95)
505 5500 609 5555 CC.
643 5498 704 5554 P.
739 5496 1098 5552 συνδεελύετο.

388 5570 478 5637 96)
509 5571 612 5624 CC.
637 5569 698 5624 P.
725 5569 874 5622 οὐδὲν
902 5567 994 5620 οὖν
1026 5567 1123 5637 τῆς
1153 5565 1273 5620 ἀνθ.
1304 5564 1422 5618 ούσ.

392 5640 484 5700 97)
514 5639 620 5694 CC.
650 5639 709 5692 Ρ.
747 5639 1104 5708 προσέταττε.

393 5710 482 5781 98)
521 5711 593 5764 Ex
629 5708 732 5764 CC.
769 5708 826 5762 ι».
865 5711 949 5761 hic
983 5706 1322 5762 inserendum
1358 5705 1539 5761 ἐκεῖνα
1576 5701 1700 5776 μέν.

2060 5282 2136 5355 (l)
2163 5283 2287 5352 Hf'p
2314 5277 2526 5350 ἀνῆκέ.
2561 5277 2646 5335 Fit
2676 5283 2778 5355 hoc
2809 5279 3058 5355 plurimis
3089 5279 3280 5355 modis.
3319 5279 3568 5355 Et_suin-

1992 5348 2138 5433 muni
2181 5348 2428 5406 calorem
2457 5362 2633 5420 potest
2668 5348 2948 5404 ﬂairimant
2997 5351 3111 5404 sive
3161 5352 3339 5419 ignem
3394 5348 3568 5418 ipsum

1997 5438 2299 5479 nominare.

2067 5493 2143 5562 (2)
2175 5492 2282 5546 CC.
2317 5491 2377 5546 P.
2413 5491 2644 5562 γένοιτο.

2064 5557 2141 5632 (ὅ)
2175 5562 2249 5632 lt};
2276 5562 2380 5619 CC.
2413 5557 2474 5617 Ρ.
2504 5560 2845 5632 inserendum
2874 5557 3219 5630 ἐπιτηδείως.

2065 5630 2138 5704 (tl)
2168 5630 2274 5686 CC.
2299 5635 2356 5687 P.
2385 5630 2651 5704 συμμίξῃ.
