4052 6384
315 326 419 394 ῦἬ

1633 317 2266 379 THEOPHRASTUS.

3497 323 3600 386 998

317 431 541 506 φορτίον
574 429 936 502 ἀποθέμενος,
974 430 1066 483 καὶ
1099 423 1208 482 οἷον
1241 426 1420 480 εἰώθει
1447 424 1782 497 προσειπὼν,
1818 427 1911 478 καὶ

2017 427 2197 483 facere
2224 434 2279 482 et
2307 428 2558 495 discere;
2592 428 2828 499 illucque
2857 444 3080 488 suarum
3114 447 3333 505 quoque
3382 436 3597 509 frugum

316 524 595 596 πεπηγόσι
641 526 753 588 τοῖς
803 522 1105 593 ὀφθαλμοῖς
1150 521 1458 592 καθήμενος
1501 518 1673 590 μικρὰ
1714 516 1908 582 εἰπὼν,

317 620 412 672 καὶ
453 616 713 677 ἀκούσας,
751 614 908 679 αὖθις
941 614 1187 684 ἀπῆλθε,
1220 613 1282 666 τὸ
1319 611 1535 666 παιδίον
1561 611 1638 674 ὡς
1666 604 1780 681 εἶχε
1812 627 1911 663 κα-

315 706 584 771 ταλιπὼν,
610 708 685 770 ὡς
705 708 812 759 τῶν
836 706 1080 777 βοτρύων
1097 705 1196 770 τὰς
1221 705 1498 776 ἀπαρχάς.
1539 702 1596 755 '0
1618 704 1767 771 ἥλιος
1798 701 1908 772 (58)

315 802 432 862 ἔδυ,
474 802 568 854 καὶ
601 800 629 850 ὁ
662 798 979 870 πρεσϐύτης
1022 796 1498 868 προσευξάμενος,
1549 795 1755 865 ἤμελλε
1802 792 1910 845 τῶν

319 892 550 963 καρπῶν
578 889 847 945 ἅπτεσθαι
871 907 885 921 ο
918 890 1015 944 καὶ
1043 888 1114 942 τὰ
1160 888 1334 959 φύλλα
1364 887 1692 955 μετακινῶν,
1724 885 1783 937 οὐ
1821 884 1911 954 βό-

315 1003 449 1057 τρυς
479 984 617 1039 ἀλλὰ
648 984 842 1058 νεκρὸν
876 982 1123 1055 septem
1158 982 1251 1036 τὸν
1281 981 1466 1035 παῖδα.
1512 979 1856 1048 Ἐθαύμασεν
1883 980 1911 1030 ὁ

314 1078 495 1149 γέρων
521 1074 706 1147 ἡλίκον
732 1077 760 1129 6
779 1073 969 1147 Πατὴρ
997 1066 1334 1145 ἢλπισε.Καὶ
1357 1072 1497 1145 πρὸς
1516 1073 1577 1126 τὸ
1593 1073 1747 1125 Θεῖον
1778 1087 1909 1142 μετ-

314 1169 554 1239 εωρίσας
627 1167 719 1221 τὸν
765 1164 891 1220 νοῦν
942 1166 1033 1220 ἐπὶ
1083 1165 1173 1218 τὸν
1236 1166 1402 1218 παῖδα
1450 1164 1798 1223 καταπεσὼν,
1849 1164 1909 1216 οὐ

315 1262 584 1331 πρότερον
618 1259 749 1330 ἔστη
784 1261 832 1312 εἰ
868 1257 944 1330 μὴ
974 1258 1034 1311 τὸ
1077 1258 1370 1328 παιδάριον
1411 1258 1633 1329 ἀνέστη·
1670 1257 1810 1310 οὕτω
1847 1256 1909 1325 δὴ

314 1356 407 1405 τὸν
462 1353 560 1422 μὲν
605 1351 930 1405 ἀποστέλλει
982 1351 1133 1422 παρὰ
1183 1349 1275 1403 τὸν
1320 1348 1590 1419 φύσαντα.
1637 1349 1808 1411 Αὐτὸς
1856 1348 1909 1400 δὲ

314 1445 497 1515 φυγὰς
532 1446 960 1508 ἀπαλλάττεται,
989 1444 1064 1507 ὡς
1095 1444 1162 1497 ἂν
1199 1443 1275 1514 μὴ
1307 1442 1575 1513 ἐνοχλοῖεν
1604 1441 1908 1509 θαυμάζον-

312 1556 405 1602 τες
436 1537 735 1609 ἄνθρωποι.
771 1537 943 1589 Τοῦτο
973 1536 1084 1608 (59)
1113 1537 1174 1589 τὸ
1203 1535 1363 1606 ἔργον
1391 1534 1612 1604 συνᾴδει
1636 1532 1713 1601 τῷ
1744 1533 1905 1602 λόγῳ.

313 1632 427 1684 Καὶ
466 1631 564 1683 οὐκ
611 1632 675 1684 ἂν
726 1630 980 1683 τοσοῦτον
1030 1630 1236 1691 ἐκεῖνος
1282 1626 1613 1697 εἰργάσατο,
1660 1626 1708 1677 εἰ
1753 1624 1908 1689 δέξαν

925 1721 1003 1742 11‘.

308 1721 487 1792 ψευδῆ
517 1721 874 1791 παρεδέξατο.
925 1721 1088 1773 Ἀλλὰ
1122 1720 1272 1791 παρὰ
1305 1718 1443 1773 Θεοῦ
1473 1719 1566 1771 τὸν
1606 1718 1761 1785 λόγον
1801 1735 1905 1788 μα·
1945 1778 1979 1806 Ι)

311 1812 447 1877 θὼν,
489 1816 567 1877 εἰς
601 1813 761 1886 ἔργον
813 1812 954 1884 μετὰ
1004 1811 1099 1865 τοῦ
1135 1811 1271 1865 Θεοῦ
1303 1811 1568 1883 προφέρει
1611 1813 1701 1864 τὸν
1728 1811 1904 1879 λύγον.

2016 519 2309 586 primitias,
2363 529 2619 588 tanquam
2664 522 2733 576 ad
2773 521 2957 577 fanum
2997 524 3272 595 quoddam
3309 527 3598 584 aﬂerehat.

2013 609 2226 665 Accidit
2257 612 2397 665 haud
2435 614 2507 666 ita
2554 614 2725 668 multo
2756 625 2902 682 post,
2935 625 2992 668 tit
3035 631 3167 684 puer
3200 620 3352 688 gravi
3410 622 3605 675 morbo

2014 710 2321 771 correptus,
2357 703 2703 757 vitam-cum
2766 717 2948 759 morte
3008 720 3394 766 commutat-et.
3463 711 3598 766 Etttn

2009 792 2123 860 jam
2171 792 2485 848 defunctum
2529 805 2703 865 paler,
2752 812 2857 851 non
2903 799 2977 851 uti
3018 799 3100 853 lex
3147 803 3460 869 mandabat,
3509 822 3604 860 se-

2017 884 2204 951 pulcro
2241 883 2452 948 condit,
2500 886 2595 939 sed
2641 898 2842 957 sporta:
2893 891 3233 960 impositum,
3270 893 3413 950 foliis
3441 894 3597 951 ohle-

2014 985 2184 1039 ctum,
2213 986 2377 1044 atque
2407 978 2459 1030 in
2494 980 2754 1033 humeros
2801 981 3099 1049 sublatum,
3143 993 3369 1055 portans
3407 988 3479 1042 ad
3509 1004 3599 1043 sev

2015 1080 2138 1118 nem
2169 1066 2341 1135 ipsum
2380 1067 2549 1121 intrat
2580 1086 2594 1122 :
2627 1071 2884 1138 deinceps
2909 1078 3091 1127 autem
3124 1076 3376 1145 deposito
3408 1092 3599 1145 onere,

2015 1172 2221 1221 senem,
2255 1159 2330 1211 uti
2364 1171 2749 1224 consuererat,
2803 1162 3047 1219 affatus:
3101 1180 3225 1220 cum
3279 1168 3334 1222 ei
3376 1169 3602 1225 intentis

2016 1250 2068 1300 in
2109 1251 2284 1317 ipsutn
2321 1250 2498 1306 oculis
2527 1254 2842 1321 assedisset,
2883 1270 3162 1327 paucaque
3195 1268 3248 1313 et
3278 1261 3508 1315 dixisset
3543 1277 3598 1316 et

2014 1345 2289 1408 audisset;
2317 1357 2510 1412 puero,
2542 1355 2601 1399 ut
2645 1346 2903 1411 habebat,
2941 1364 3039 1404 ceu
3076 1366 3304 1406 uvarum
3339 1355 3597 1424 primitiis

2017 1434 2124 1485 iliie
2160 1434 2374 1498 relicto,
2418 1437 2693 1492 discessit.
2732 1437 2802 1492 At
2855 1440 2944 1493 ubi
2991 1441 3071 1494 sol
3114 1441 3228 1510 jam
3276 1445 3595 1512 occidisset,

2016 1529 2156 1581 facta
2190 1530 2349 1584 solita
2395 1533 2712 1599 precatione
2754 1549 2943 1602 senex,
2998 1535 3211 1592 fructus
3259 1539 3381 1593 illos
3427 1550 3601 1594 attra-

2014 1633 2226 1686 cturus,
2280 1622 2425 1677 foliis
2472 1626 2716 1690 remotis,
2757 1642 2863 1683 nou
2896 1640 3028 1683 uvas
3075 1630 3168 1683 sed
3206 1639 3482 1685 mortuum
3518 1632 3601 1685 in-

2014 1717 2198 1779 venit,
2235 1730 2297 1769 ac
2332 1726 2590 1783 quautam
2619 1730 2773 1786 pater
2815 1734 2966 1787 spem
2999 1720 3271 1790 fidemque
3300 1723 3598 1783 itabttisst't,

2016 1815 2101 1859 est
2140 1808 2462 1862 admiratus.
2502 1808 2641 1875 Ergo
2671 1824 2794 1864 cum
2836 1814 3022 1867 animo
3067 1813 3119 1867 in
3174 1814 3338 1868 Deum
3392 1815 3601 1868 intentu

310 1906 510 1958 Ἰὀυτοὶ
539 1905 651 1975 (40)
686 1906 743 1958 δὲ
778 1905 1035 1976 μέγιστον
1064 1899 1201 1967 εἶδος
1232 1903 1489 1974 ἐλέγχου,
1526 1904 1701 1955 ποιεῖν
1730 1904 1906 1955 ἐκεῖνο

2017 1914 2180 1965 super
2230 1910 2458 1968 puerum
2520 1901 2882 1966 incubuisset,
2950 1905 3102 1972 prius
3177 1920 3281 1959 non
3338 1906 3600 1969 surrexit,

307 1999 452 2066 ὅπερ
487 1998 725 2067 ὑπισχνῇ
757 1994 983 2049 δυνατὸν
1018 1990 1156 2047 εἶναι
1188 1992 1466 2061 γενέσθαι.

2017 2004 2175 2057 quam
2212 2005 2437 2059 puerum
2475 1995 2882 2048 resuscitasset.
2923 1996 3102 2064 Atque
3145 1996 3225 2052 sic
3257 2014 3381 2052 eum
3419 2000 3598 2052 susci-

312 2104 488 2149 tatutu
523 2096 589 2146 ad
638 2103 848 2163 patrem
883 2092 1027 2145 misit
1060 2108 1074 2145 :
1111 2093 1223 2159 ipse
1259 2105 1385 2144 vero
1413 2088 1465 2142 in
1505 2087 1758 2143 exsilium
1790 2086 1906 2148 ivit,
1943 2101 2008 2139 ne
2050 2087 2412 2140 admiratione
2463 2088 2578 2157 ejus
2614 2091 2865 2147 homines
2935 2095 3127 2162 perciti
3168 2095 3331 2151 nimis
3382 2096 3599 2151 molesti

308 2192 574 2259 deinceps
629 2199 834 2243 essent.
904 2186 1083 2256 Atque
1136 2188 1238 2242 hoc
1272 2201 1410 2255 opus
1437 2200 1559 2241 cum
1594 2199 1850 2239 sermone
1873 2185 2155 2248 convenit,
2192 2198 2314 2237 eum
2349 2183 2400 2236 id
2458 2185 2546 2239 ille
2598 2202 2703 2240 non
2754 2189 3028 2256 potuisset
3074 2204 3314 2260 unquam
3362 2192 3598 2255 efﬁcere,

313 2286 365 2339 si
437 2285 630 2339 falsam
699 2285 884 2338 animo
956 2283 1272 2353 opinionem
1332 2281 1590 2351 cepisset.
1636 2280 1743 2335 Sed
1802 2291 1860 2335 ttt
1894 2280 2314 2335 wrbumhoca
2348 2280 2458 2336 Deo
2504 2284 2736 2352 accepit,
2802 2283 3028 2340 verbum
3108 2287 3160 2340 in
3203 2302 3341 2355 opus
3402 2290 3606 2344 auxilio

313 2381 410 2434 Dei
463 2381 732 2451 producit.
811 2379 902 2435 Est
964 2391 1147 2432 autem
1204 2377 1410 2448 Optima
1499 2369 2042 2445 argmneuti‘forma
2102 2392 2163 2433 re
2220 2391 2350 2433 vera
2402 2388 2687 2448 praestare,
2745 2383 2892 2452 quod
2941 2381 3098 2437 facile
3171 2387 3419 2455 praestitit
3483 2388 3603 2458 pol-

312 2475 542 2528 liceare.

386 2558 585 2620 ΘΕΟΦ.
629 2554 938 2634 Παράδοξον
976 2558 1100 2630 μὲν,
1149 2561 1343 2634 ἀληθεῖ
1380 2559 1437 2614 δὲ
1486 2560 1652 2632 θεατῇ
1703 2559 1902 2633 ῥαδίως

312 2661 570 2713 ἀπιστεῖν
597 2658 658 2710 οὐ
691 2656 870 2726 θέμις.

2086 2565 2387 2625 THEOPH.
2432 2572 2772 2642 anpinatum
2798 2576 2853 2623 et
2888 2584 3075 2624 rarum
3105 2570 3209 2625 hoc
3240 2579 3324 2626 est
3356 2571 3605 2641 quidem,

2015 2659 2110 2714 sed
2138 2663 2186 2716 ei
2220 2663 2311 2733 qui
2360 2664 2566 2719 faclttm
2610 2664 2829 2730 viderit,
2875 2662 3036 2719 [idem
3087 2679 3196 2719 non
3233 2663 3456 2731 habere,
3491 2678 3594 2720 nec

2020 2752 2185 2809 facile
2218 2769 2319 2810 nec
2351 2755 2435 2810 fas
2467 2766 2572 2811 est.

387 2838 567 2892 ΑΞΙΘ.
632 2824 782 2903 “lixa:
836 2835 891 2889 δέ
939 2852 1024 2889 σοι
1068 2836 1161 2889 καὶ
1206 2833 1399 2905 ἕτερόν
1438 2850 1492 2887 τι
1541 2833 1742 2901 λέγειν,
1793 2832 1910 2886 ἀλλ’

2091 2845 2336 2902 ΔΧΙΊἮ.
2383 2848 2478 2901 Est
2529 2847 2693 2902 etiam
2738 2845 2887 2901 aliud
2942 2847 3093 2915 quod
3119 2846 3215 2900 tibi
3262 2857 3607 2901 commemo-

311 2932 507 2996 ἄκουε,
530 2932 670 2999 ὅπερ
698 2925 810 2996 ἐγὼ
837 2928 1127 2999 τεθέαμαι.
1168 2926 1389 2996 Ἀνδρος
1417 2924 1626 2995 ἀγαθοῦ
1662 2925 1911 2997 μαθητὴς

2020 2952 2133 2993 rem
2165 2955 2180 2994 :
2215 2938 2382 3009 idque
2413 2938 2590 3007 ipsum
2622 2938 2882 3008 quoniam
2927 2937 3012 2993 his
3040 2937 3217 2992 oculis
3248 2938 3381 3006 Vidi,
3417 2949 3475 2993 ut
3504 2953 3607 2992 au-

311 3027 376 3078 οὐ
407 3022 609 3094 φαῦλος
636 3020 903 3094 ὑπῆρχεν,
936 3020 1071 3074 ἀλλὰ
1098 3020 1160 3072 τὸ
1185 3019 1287 3089 τῆς
1311 3018 1492 3090 ψυχῆς
1519 3016 1717 3081 κάλλος
1747 3017 1908 3088 ἔχων,

2017 3030 2134 3084 dias
2175 3044 2436 3101 perquam
2483 3030 2667 3087 velim.
2710 3024 2838 3084 Fuit
2882 3028 3009 3084 boni
3059 3029 3341 3098 cujusdam
3375 3033 3479 3088 viri
3523 3034 3603 3089 di-

312 3115 427 3169 τῶν
479 3111 778 3183 ὀρθαλμῶν
825 3111 1091 3182 ἐστέρητο
1150 3111 1288 3182 (41)·
1333 3110 1521 3182 ὲπειδὴ
1567 3109 1625 3163 δὲ
1655 3111 1748 3164 τὸν
1795 3109 1911 3179 βίον

2017 3121 2256 3190 seipulus
2282 3121 2506 3178 minime
2541 3121 2741 3176 malus.
2774 3120 2827 3175 ls
2861 3121 3032 3175 animi
3062 3131 3350 3177 venustate
3375 3118 3605 3193 piaestaa

316 3204 712 3277 μεταλλάττειν
759 3201 989 3273 ἔμελλεν
1014 3202 1126 3273 (42)
1161 3203 1190 3255 6
1229 3201 1583 3266 διδάσκαλος,
1623 3199 1910 3272 παρεστὼς

2017 3213 2369 3282 batquidem,
2408 3215 2502 3268 sed
2528 3214 2812 3270 oculei-um
2858 3222 3022 3269 sensu
3072 3214 3314 3269 carebat.
3354 3214 3606 3286 lgiturut

310 3303 341 3353 ὁ
376 3297 611 3367 τυφλὸς,
646 3290 818 3351 ἐδεῖτο
857 3294 1075 3367 βοηθεῖν
1121 3292 1272 3364 αὐτῷ
1299 3295 1328 3348 ὅ
1348 3312 1403 3348 τι
1436 3292 1571 3366 ἔχοι.
1613 3294 1671 3347 Ὁ
1697 3293 1755 3348 δὲ
1782 3293 1909 3366 ἔφη·

2017 3305 2278 3375 tuagister
2304 3307 2418 3376 jam
2452 3307 2616 3361 vitam
2648 3321 2773 3361 cum
2808 3314 2985 3361 morte
3028 3316 3469 3365 eommutaturus
3509 3324 3602 3366 es-

312 3392 381 3447 Εἰ
408 3391 617 3462 ἀληθὴς
641 3389 767 3461 ἐμοὶ
793 3388 920 3455 δόξα
945 3386 1059 3461 (45)
1080 3429 1095 3451 ,
1127 3387 1241 3442 εἴθε
1267 3387 1506 3460 εὐμενὴς
1540 3385 1675 3459 (44),
1710 3386 1913 3459 ἑϐδόμῃ

314 3483 505 3555 ἡμέρα
528 3483 629 3553 τῆς
646 3481 846 3553 ἀχλύος
869 3478 1239 3553 διαλυθείσης,
1261 3479 1476 3534 τουτονὶ
1501 3478 1800 3550 θεωρήσεις
1820 3477 1912 3532 τὸν

314 3576 495 3640 ἥλιον.
523 3574 792 3628 Τοσοῦτον
824 3573 996 3626 εἰπὼν
1030 3574 1057 3626 6
1087 3571 1264 3644 γέρων
1306 3570 1646 3625 ἀπέπνευσε.
1677 3571 1785 3624 Καὶ
1810 3570 1912 3622 οὐκ

318 3669 500 3741 ἀπέϐη
531 3668 707 3732 ἄλλως
740 3667 888 3739 αὐτῷ
914 3683 929 3697 ⁸
961 3665 1077 3720 ἀλλ’
1113 3666 1320 3739 ἡμέραι
1352 3664 1465 3736 (45)
1494 3665 1655 3718 ἑπτά*
1679 3665 1708 3716 6
1737 3665 1795 3718 δὲ
1817 3680 1912 3716 τυ-

321 3761 452 3829 φλὸς
477 3761 686 3823 ἐκεῖνος
710 3759 847 3822 τέως
873 3757 1392 3831 χειραγωγούμενος
1411 3795 1425 3821 ,
1460 3756 1724 3826 ἐξαίφνης
1748 3753 1908 3809 ἐθαύ-

323 3869 466 3925 μασε
511 3852 605 3906 τοῦ
634 3851 787 3923 ἡλίου
819 3850 918 3923 τὴν
955 3853 1167 3906 ἀκτῖνα·
1214 3852 1311 3904 καὶ
1358 3849 1424 3903 ἂν
1473 3848 1655 3903 λαϐὼν
1686 3847 1799 3919 (46)
1841 3845 1912 3900 τὰ

318 3945 508 4013 λόγια,
555 3945 649 3998 καὶ
676 3944 946 4012 ἀναγνοὺς
990 3942 1229 4015 δημοσία
1278 3943 1603 4014 κατεπλήγη
1655 3940 1768 4010 (47)
1818 3939 1910 3993 τὸν

319 4036 546 4107 θεατὴν,
575 4038 670 4090 καὶ
698 4034 876 4090 πείθει
898 4036 1203 4105 φιλόνεικον
1229 4035 1531 4108 ἀκροατὴν,
1564 4036 1657 4088 καὶ
1679 4035 1756 4098 ὡς
1784 4033 1913 4087 ἀθά-

318 4146 480 4195 νατος
513 4132 545 4201 ἡ
576 4128 727 4201 ψυχὴ
752 4171 767 4196 ,
806 4128 1005 4184 καὶ³δτι
1040 4130 1177 4202 μετὰ
1205 4129 1378 4200 καλῆς
1407 4129 1619 4201 τροφῆς
1660 4129 1752 4182 καὶ
1787 4145 1912 4181 παι-

317 4223 469 4282 δείας
497 4221 847 4287 ἀπελθοῦσα,
896 4223 958 4277 τὸ
987 4221 1254 4295 τεθνηκὸς
1305 4222 1402 4276 τοῦ
1475 4220 1728 4293 σώματος
1758 4221 1909 4275 διαν-

330 4315 455 4388 iam
464 4335 568 4372 σιν.
1000 4326 1003 4327 ⁷

391 4597 588 4651 ΘΕΟΦ.
629 4597 916 4669 Εὐδαίμων
954 4594 1040 4664 εἶ,
1074 4598 1169 4652 και
1219 4615 1303 4652 σοι
1328 4600 1443 4671 (48)
1478 4599 1573 4653 τοῦ
1625 4598 1783 4668 λόγου
1816 4600 1911 4653 καὶ

318 4687 423 4759 τῆς
462 4686 592 4752 θέας
620 4688 944 4760 συνήδομαι.

401 4933 516 5007 (εδδ)
555 4934 630 5007 βξ
661 4933 771 5007 (ΞΩ.
813 4933 1158 5007 inserendum
1190 4934 1265 4998 ὡς
1294 4927 1407 4987 οὖν.

399 5003 513 5073 (39)
544 5003 651 5059 CC.
696 5005 753 5061 P.
787 5003 930 5058 οὕτω
956 5005 1018 5056 τὸ
1049 5003 1230 5074 ἔργον.

399 5074 515 5145 (40)
549 5075 657 5129 CC.
690 5074 752 5130 P.
796 5075 943 5129 τουτὶ
974 5074 1054 5130 δέ.

405 5143 516 5218 (41)
551 5146 830 5218 Summam
860 5145 1107 5218 corporis
1139 5143 1535 5218 deformitatem
1556 5145 1808 5218 collocat
1856 5144 1908 5198 in

326 5214 610 5271 oculorum
642 5214 971 5285 privatione.
1012 5214 1175 5268 Multa
1209 5219 1314 5269 huc
1348 5214 1602 5270 facientia
1659 5214 1787 5267 alibi
1822 5232 1913 5269 no-

329 5288 584 5342 tavimus.
625 5285 731 5355 ipsi
765 5287 924 5341 morti
958 5286 1256 5340 caecitatem
1287 5296 1569 5353 comparat
1603 5285 1907 5354 Sophocles

325 5356 538 5426 (Edipo
573 5358 842 5426 Colonteo,
883 5356 971 5411 ubi
1007 5357 1082 5410 ait
1106 5355 1383 5426 OEdipus,
1413 5359 1901 5426 catcitatemrsuam

326 5420 809 5501 deploransjlilll
833 5446 846 5481 :
874 5426 1184 5501 Qixpsipa‘r’
1212 5420 1405 5501 ανδρδς
1429 5423 1656 5501 Οιὶδίπου
1681 5424 1787 5501 1:66’
1801 5424 1908 5501 eo.

325 5497 443 5568 λιον
478 5494 733 5551 Εἴδωλον
759 5494 820 5549 6'5
840 5498 949 5566 γὰρ
972 5495 1038 5568 δὴ
1069 5494 1178 5550 τόδ’
1209 5494 1438 5567 ἀρχαῖον
1466 5494 1660 5567 δέμας.
1693 5495 1909 5568 Amisso

330 5566 474 5631 visu,
510 5582 618 5622 non
650 5583 710 5624 se
732 5569 845 5636 jam
872 5566 1033 5621 suum
1074 5566 1278 5622 habere
1313 5582 1509 5636 corpus
1536 5566 1790 5636 autumat
1814 5566 1909 5619 mi—

330 5637 597 5691 serrimus
618 5676 634 5699 .
665 5634 760 5693 sed
790 5651 911 5691 esse
946 5637 1195 5692 umbram
1224 5634 1640 5703 soiam‘pristini
1674 5649 1733 5690 se
1769 5636 1913 5689 illius

327 5705 548 5777 (Edipi.
579 5706 648 5762 Et
682 5709 764 5765 sic
793 5706 1059 5775 (Edipum
1084 5708 1356 5777 eumdem
1389 5706 1589 5764 ablatis
1621 5720 1742 5761 sese
1775 5720 1909 5762 oeu-

331 5776 398 5833 lis
424 5775 692 5835 oécidisse
719 5778 853 5833 dicit
875 5792 995 5847 cap.
1029 5776 1138 5831 242
1192 5775 1458 5848 Hyginus.
1492 5777 1603 5834 Non
1637 5777 1783 5833 enim
1819 5791 1911 5829 vc-

2012 3404 2118 3464 δεῖ,
2147 3411 2328 3453 caecus
2358 3398 2628 3452 assistens
2654 3396 2753 3462 illi,
2793 3396 3045 3467 rogabat,
3092 3397 3173 3453 uti
3218 3398 3321 3454 sibi
3359 3400 3427 3455 ad
3460 3402 3605 3456 reei-

2012 3487 2269 3558 piendum
2300 3488 2477 3543 visum
2504 3500 2662 3560 opem
2691 3487 2881 3545 ferret.
2916 3486 3009 3545 Ille
3032 3502 3186 3558 vero,
3208 3490 3253 3545 si
3279 3502 3469 3547 verum
3495 3502 3600 3558 eet,

2014 3579 2214 3648 inquit,
2250 3579 2394 3648 quod
2426 3595 2527 3650 ego
2582 3579 2714 3635 mihi
2754 3582 3083 3653 persuadeo,
3114 3584 3302 3653 sicque
3331 3583 3473 3640 Deus
3500 3584 3607 3640 erit

2013 3672 2287 3741 propitius
2322 3689 2337 3726 :
2369 3672 2602 3743 septimo
2648 3672 2853 3729 abhinc
2911 3674 3020 3742 die,
3066 3674 3243 3729 soluta
3286 3677 3387 3731 bac
3418 3676 3606 3749 caligi-

2013 3778 2101 3827 ne,
2139 3773 2290 3818 certe
2354 3764 2528 3820 solem
2584 3765 2818 3822 videbis.
2873 3765 3108 3822 Tantum
3160 3766 3358 3823 effatus
3408 3784 3600 3831 senex,

2013 3854 2249 3908 animam
2283 3855 2577 3910 exhalavit.
2606 3854 2720 3911 Nec
2749 3872 2908 3914 secus
2931 3872 3021 3915 res
3044 3858 3247 3923 evenit,
3271 3873 3433 3928 quam
3458 3862 3603 3928 quod

2013 3945 2101 4000 die
2131 3946 2362 4015 septima
2393 3960 2571 4002 creetis
2603 3948 2692 4001 ille
2727 3950 2818 4019 qui
2846 3949 3113 4005 hactenus
3143 3964 3304 4003 manu
3338 3952 3606 4005 ductaba-

2015 4047 2124 4106 tur,
2164 4048 2387 4108 repente
2428 4040 2560 4095 solis
2584 4041 2806 4107 radios,
2849 4041 2997 4097 dictu
3034 4042 3255 4109 mirum,
3281 4042 3512 4113 aspexit,
3550 4052 3605 4097 et

2012 4128 2213 4189 librum
2244 4141 2518 4203 sumptum
2554 4133 2769 4203 publice
2808 4135 2940 4206 legit
2970 4153 2985 4189 :
3019 4149 3195 4205 eoque
3236 4135 3291 4191 in
3322 4144 3604 4206 stuporem

2011 4227 2254 4281 Omnium
2285 4227 2501 4281 animos
2531 4227 2842 4295 convertit;
2870 4237 2925 4283 et
2955 4228 3187 4283 auditori
3236 4230 3603 4294 contentiosa,

2013 4317 2158 4388 quod
2192 4317 2373 4372 anima
2415 4318 2487 4373 sit
2525 4320 2875 4385 immortalis,
2912 4321 3165 4391 quodque
3199 4321 3338 4376 bene
3368 4321 3457 4377 hic
3505 4337 3607 4375 nu-

1944 4383 1991 4439 n
2020 4383 2146 4465 trita
2176 4419 2341 4481 atque
2368 4411 2616 4479 educata,
2649 4426 2712 4467 ac
2743 4383 3003 4482 deinceps
3027 4383 3156 4467 hinc
3185 4414 3453 4484 digressa,
3479 4428 3608 4469 cor-

2019 4514 2121 4574 pus
2155 4512 2402 4563 mutuum
2435 4502 2509 4558 sit
2536 4504 2892 4572 suscitatura,
2941 4504 3104 4561 facile
3130 4506 3422 4575 persuasit.

2092 4594 2394 4651 THEOPB.
2430 4598 2693 4669 Equidem
2744 4607 2799 4655 te
2828 4599 3040 4656 felicem
3072 4599 3278 4670 judico,
3323 4598 3525 4668 tibique
3553 4605 3613 4654 et

2024 4689 2088 4744 de
2113 4704 2177 4744 ea
2210 4701 2298 4744 tua
2349 4690 2706 4761 persuasione
2744 4704 2798 4749 et
2831 4694 2896 4749 de
2938 4708 3004 4749 eo
3035 4695 3179 4764 quod
3233 4693 3337 4748 hoc
3367 4692 3611 4759 videris,

2020 4777 2282 4850 gratulor.

2019 4949 2138 4988 rum
2168 4944 2396 4988 esteum
2427 4936 2528 4988 sibi
2567 4953 2758 4992 manus
2793 4940 3059 4996 intuiisse.
3102 4940 3195 4995 Ba.

2088 5003 2202 5142 (Διὶ)
2235 5005 2338 5060 CC.
2374 5004 2434 5059 P.
2467 5006 2723 5076 ἤμελλεν.

2112 5076 2202 5142 45)
2245 5077 2311 5129 El
2342 5075 2583 5142 ἀληθὴς
2618 5078 2723 5142 ἑμο

2112 5076 2202 5147 45)
2245 5075 2583 5155 Εὶιάληθὴς
2618 5078 2750 5146 ἐμοὶ
2781 5081 2954 5144 δόξα.
2988 5082 3233 5155 Gloriam
3283 5095 3435 5155 suam
3473 5083 3606 5139 dicit

2017 5151 2492 5224 conversationem
2528 5160 2766 5224 amorte
2814 5168 2937 5205 cum
2987 5154 3165 5224 beatis
3192 5193 3204 5213 ,
3240 5151 3394 5224 cujus
3427 5155 3607 5224 gratia

2017 5216 2199 5269 omnia
2234 5219 2420 5270 vivens
2457 5217 2618 5270 isthic
2648 5231 2946 5286 spreverat.
2994 5218 3163 5286 Δόξαν
3199 5216 3360 5275 etiam
3398 5216 3606 5277 doctri-

2019 5298 2168 5360 pam_
2190 5286 2512 5360 simpliciter
2539 5300 2734 5356 capere
2762 5293 2959 5359 possis,
3000 5303 3058 5347 ut
3088 5294 3215 5360 δόξα
3241 5291 3608 5346 Arrianorum

2020 5355 2089 5425 in
2136 5354 2396 5425 Procopii,
2445 5370 2567 5410 mox
2605 5354 3003 5417 ascribendis.
3061 5364 3127 5415 Αἱ
3159 5354 3298 5416 ⁷τῶν
3358 5361 3610 5418 παλαιιῖιν

2014 5423 2185 5495 δόξαι
2204 5423 2364 5495 supra
2390 5423 2405 5491 ,
2431 5437 2537 5480 etc.
2575 5427 2672 5484 ΒΑ.

2460 5496 2513 5571 ei
2529 5496 2650 5562 θεὸς
2680 5500 2938 5571 εὐμενής.

2082 5567 2195 5642 (65)
2227 5566 2315 5642 litt
2338 5567 2441 5642 (312.
2481 5567 2540 5642 Ρ.
2576 5566 2925 5642 inserendum
2963 5571 3084 5642 μέν.

2090 5637 2203 5706 (46)
2231 5638 2338 5692 CC.
2378 5637 2435 5692 P.
2482 5638 2791 5693 ἀναλαϐών.

2096 5707 2206 5782 (ᾧῖ)
2356 5707 2430 5782 ξ).
2448 5710 2839 5782 γατανπλήττει.

2091 5777 2201 5848 (48)
2239 5778 2313 5831 Ex
2348 5777 2451 5834 CC.
2489 5777 2548 5834 Ρ.
2583 5777 2925 5838 inserendum
2967 5783 3065 5854 τῆς
3086 5783 3239 5848 θέας.
