4052 6436
301 422 433 491 1J0!

1601 417 2227 481 THEOPHRASTUS.

3434 411 3569 478 1002

297 539 372 603 ὡς
400 535 661 591 ἀδύνατον
694 533 936 605 αὐλητὴν
966 534 1023 586 ὲν
1054 534 1259 605 artoqu
1289 533 1398 587 τῶν
1425 533 1624 599 αύλῶν,
1660 532 1881 603 αὐλητι-

2009 545 2237 588 taturam
2269 533 2356 587 die
2389 532 2545 587 tertia
2584 545 2699 603 post
2731 525 2959 605 largitur
2987 550 3000 586 :
3040 547 3144 585 non
3185 529 3314 586 dato
3344 530 3569 598 quidem

299 630 398 701 κὴν
424 625 851 681 ἐπιδείκνυσθαι·
881 625 1144 679 ἀδύνατον
1172 625 1231 678 δὲ
1263 624 1565 697 κιθαρῳδὸν
1596 627 1653 678 ὲν
1681 623 1885 694 ἀπορίᾳ

297 722 394 792 τῆς
431 720 695 790 κιθάρας,
738 718 1007 789 μουσικὴν
1048 716 1411 788 ἐργάζεσθαι·
1445 716 1540 771 νῦν
1572 716 1630 769 δέ
1670 733 1737 786 με
1772 715 1883 787 (54)

297 814 448 867 τουτὶ
498 811 558 863 τὸ
604 810 790 864 καινὸν
843 808 1025 879 θέαμα
1071 807 1379 877 ἀναγκάζει
1438 809 1742 878 μετανοεῖν,
1794 808 1889 860 καὶ

302 904 467 974 μηδὲν
494 901 603 956 τῶν
652 901 949 972 ὁρωμένων
1000 900 1312 970 πεπηγέναι
1347 899 1611 970 νομίζειν,
1653 902 1704 952 εἰ
1754 898 1888 962 Θεὸς

300 996 474 1049 ἐθέλει
517 996 846 1065 μετακινεῖν.
900 988 1053 1045 Εἶδον
1105 992 1281 1061 ἔγωγε
1331 993 1460 1055 τοὺς
1507 990 1747 1061 ἄνδρας,
1793 989 1888 1043 καὶ

299 1081 607 1136 λαλούντων
630 1082 840 1152 ἥκουσα
862 1120 877 1145 ,
911 1080 1008 1133 καὶ
1039 1080 1140 1147 τῆς
1175 1080 1362 1150 φωνῆς
1384 1080 1446 1132 τὸ
1474 1079 1738 1150 ἔναρθρον
1765 1079 1894 1132 θαυ-

306 1175 514 1247 μὰζων,
541 1174 604 1226 τὸ
626 1175 726 1242 τῆς
756 1176 939 1241 φωνῆς
966 1172 1197 1243 ὄργανον
1220 1172 1465 1243 ἐζήτουν·
1495 1176 1588 1226 καὶ
1615 1175 1731 1236 τοῖς
1757 1171 1892 1225 ὠσὶν

304 1265 573 1329 ἀπιστῶν,
607 1267 720 1329 τοῖς
748 1266 1049 1337 ὀφθαλμοῖς
1087 1265 1387 1336 ἐπέτρεπον
1422 1265 1522 1336 τὴν
1564 1264 1768 1336 κρίσιν,
1801 1267 1894 1318 καὶ

305 1358 365 1412 τὸ
383 1357 559 1428 στόμα
594 1359 883 1427 διανοίγων
908 1358 1045 1428 (55).
1070 1358 1198 1428 ὃλην
1234 1360 1297 1411 ἐκ
1329 1358 1497 1428 ῥιζῶν
1519 1358 1631 1429 (56)
1652 1360 1894 1411 ἀνασπα-

307 1449 529 1505 σθεῖσαν
549 1451 815 1521 ἐθεώρουν
831 1452 928 1523 τὴν
944 1452 1206 1521 γλῶτταν·
1224 1453 1320 1505 καὶ
1344 1452 1638 1520 ἐκπλαγεὶς
1653 1451 1897 1518 ἐθαύμα-

306 1540 421 1609 ζον,
468 1543 568 1612 οὐχ
618 1532 766 1606 ὅπως
812 1543 906 1595 τὸν
950 1541 1110 1611 λόγον
1161 1543 1533 1614 συνήρμοσαν.
1583 1543 1701 1597 ἀλλ’
1748 1544 1898 1607 ὅπως

305 1631 608 1704 ἐσώθησαν.
635 1633 804 1686 Τοῦτο
837 1635 929 1687 καὶ
952 1633 1046 1686 τοῦ
1076 1633 1390 1703 ἀγνώμονος
1423 1633 1598 1688 λυέτω
1625 1636 1726 1706 τὴν
1753 1636 1891 1689 ἀπι-

1990 627 2215 681 altct‘ius
2242 627 2461 697 linguai,
2492 629 2584 681 sed
2642 626 2919 681 facultatis
2950 625 3067 678 sine
3097 624 3277 694 lingua
3311 620 3571 675 articula-

1992 719 2099 774 tius
2129 734 2291 788 quam
2341 733 2580 788 unquam
2619 730 2781 772 antea
2826 715 2969 787 quod
3019 715 3222 769 vellent
3270 710 3568 784 eloquendi

1992 824 2238 865 munere.
2278 807 2393 881 Ego
2428 825 2557 865 vero
2590 810 2849 880 putabam
2889 807 3010 864 ﬁeri
3041 823 3145 861 non
3175 822 3355 876 posse,
3393 816 3451 859 ut
3500 805 3568 859 tio

1992 901 2149 956 bicen
2181 916 2378 956 carens
2403 902 2548 956 tibiis
2570 902 2706 956 artis
2733 916 2843 957 sum
2867 900 3144 971 specimen
3177 898 3343 953 ullum
3371 901 3569 954 daret:

1994 992 2230 1061 itemque
2249 992 2581 1057 citharmdus
2607 993 2902 1048 destitutus
2929 992 3160 1054 cithara,
3188 985 3448 1044 mimicam
3480 1003 3575 1043 ar-

1993 1092 2102 1138 tem
2131 1092 2434 1139 exerceret.
2463 1085 2535 1137 At
2556 1099 2753 1138 novum
2788 1085 2890 1139 hoc
2918 1081 3284 1151 spectaculum
3317 1083 3464 1151 c0git
3488 1094 3576 1136 me

1996 1176 2325 1229 sententiam
2357 1176 2506 1229 illam
2558 1188 2789 1242 mutare,
2835 1174 3075 1243 nihilque
3110 1188 3298 1228 earmn
3343 1186 3465 1242 qua:
3494 1172 3578 1226 vi-

1997 1268 2198 1320 dentur
2234 1282 2439 1331 rerum,
2473 1267 2635 1320 lixam
2670 1281 2734 1320 ac
2772 1264 2984 1319 ﬁrmum
3016 1263 3355 1328 existimare,
3384 1263 3427 1317 si
3451 1263 3580 1332 qui-

1998 1362 2117 1417 dem
2150 1362 2202 1415 id
2235 1361 2375 1416 Deus
2413 1361 2532 1414 loco
2577 1375 2676 1415 suo
2725 1374 2943 1414 movere
2990 1357 3139 1412 velit.
3185 1358 3304 1426 Ipse
3337 1342 3435 1427 ego
3481 1357 3582 1412 hos

1998 1452 2145 1507 viros
2169 1452 2299 1517 vidi,
2332 1462 2387 1507 et
2430 1451 2715 1520 loquentes
2745 1449 2952 1514 audivi,
2975 1460 3027 1503 et
3055 1464 3241 1504 vocem
3274 1449 3410 1505 adeo
3438 1449 3578 1503 arti-

1999 1543 2232 1598 cnlatam
2274 1558 2396 1598 esse
2442 1558 2601 1611 posse
2639 1542 2872 1597 miratus
2920 1556 3040 1595 sum
3079 1559 3095 1597 :
3147 1543 3579 1597 instrumentum

2001 1637 2150 1691 vocis
2182 1634 2521 1703 inquirebant
2562 1657 2573 1689 ;
2608 1642 2663 1689 et
2712 1633 2940 1688 auribus
2972 1648 3078 1689 non
3108 1638 3335 1691 credens
3360 1672 3378 1700 ,
3406 1633 3582 1689 oculis

309 1725 466 1778 στίαν
499 1740 512 1754 ·
557 1726 607 1778 εἰ
659 1724 889 1795 σώματα
933 1725 1167 1779 πεσόντα
1216 1725 1578 1781 διανίσταται.
1620 1728 1768 1781 Ἐκεῖ
1801 1728 1899 1799 μὲν

2009 1727 2273 1796 iudicandi
2307 1742 2505 1781 munus
2536 1725 2743 1791 remisi,
2771 1735 2936 1795 atque
2982 1739 3079 1780 ore
3127 1735 3315 1795 aperto
3342 1724 3583 1796 linguam

304 1815 417 1887 γὰρ
441 1817 507 1868 ὲκ
534 1816 644 1869 τῶν
683 1816 852 1871 ὄντων
880 1819 914 1885 ἠ
963 1817 1075 1871 τῶν
1116 1818 1383 1888 σωμάτων
1429 1819 1767 1883 ἀνάστασις·
1809 1822 1894 1873 ἐν·

2009 1828 2172 1875 lotam
2202 1818 2462 1874 radicitus
2485 1818 2728 1873 evulsam
2778 1817 2917 1881 vidi,
2947 1834 3011 1873 ac
3047 1818 3382 1887 stupefactus
3415 1818 3585 1872 mira-

306 1883 483 1960 ταύθα
525 1908 584 1960 δὲ
621 1907 680 1974 ἐξ
713 1909 813 1961 οὐκ
863 1883 1100 1981 ὄντωνή
1151 1883 1252 1979 si};
1295 1910 1482 1981 φωνῆς
1519 1912 1790 1983 ἁρμονία,
1842 1915 1890 1966 εί

2009 1913 2121 1977 bar,
2157 1926 2260 1965 non
2293 1924 2425 1964 sane
2460 1926 2568 1980 quo
2599 1920 2758 1980 pacto
2790 1924 2974 1965 vocem
3006 1912 3414 1966 conformarent
3440 1949 3457 1974 ,
3491 1909 3585 1966 sed

306 1998 484 2052 ταῦτα
512 1998 702 2071 δρῶσι.
750 2000 848 2065 Τίς
877 2001 1053 2066 οὕτως
1080 2000 1286 2072 ἠλίθιος
1314 2001 1454 2055 ὥστε
1487 2002 1561 2074 μὴ
1588 1998 1669 2068 οἷς
1696 2006 1893 2058 ἐκεῖνοι

2009 2003 2271 2071 quomodo
2299 2004 2607 2056 conservati
2634 2012 2839 2057 essent.
2865 2003 3044 2074 Atque
3068 2004 3169 2059 hoc
3208 2004 3382 2074 ipsum
3412 2003 3580 2059 etiam

308 2091 697 2160 γινώσκουσιν,
729 2093 1073 2161 ἀκολουθεῖν;

2009 2092 2247 2161 Ῑιιιριιΐῖιί
2285 2092 2550 2162 cujusque
2577 2092 2643 2146 ad
2684 2093 3018 2149 credendum
3054 2094 3316 2148 duritiem
3358 2092 3578 2148 emolli-

310 2192 437 2238 ret:
469 2200 530 2237 ac
562 2183 803 2250 doceret,
834 2199 1019 2238 verum
1063 2198 1131 2238 ne
1163 2184 1406 2255 sitquod
1465 2184 1739 2250 dicimus,
1799 2199 2026 2254 corpora
2092 2184 2328 2253 collapsa
2386 2199 2689 2256 resurgere.
2763 2182 2879 2240 Illic
2929 2185 3076 2241 enim
3129 2200 3194 2241 ex
3239 2187 3306 2242 iis
3337 2200 3456 2255 quae
3490 2198 3587 2238 ex-

310 2276 512 2330 sistunt
560 2276 745 2342 rebus,
794 2291 1079 2345 corporum
1117 2280 1446 2334 resurrectio
1480 2279 1700 2333 exsistit
1737 2295 1751 2332 :
1789 2279 1878 2333 hic
1919 2293 2047 2333 vero
2108 2292 2176 2332 cx
2204 2278 2273 2331 iis
2296 2292 2416 2347 quae
2473 2291 2743 2347 nusquam
2808 2287 2936 2333 sum
2966 2278 3149 2346 rebus,
3182 2278 3463 2333 harmonia
3497 2266 3592 2330 ve-

311 2365 392 2418 cis
420 2367 669 2419 etlit-itur.
718 2365 797 2420 Ac
830 2376 978 2421 certe
1012 2367 1077 2421 iis
1108 2383 1227 2437 qua:
1276 2367 1478 2436 lerunt,
1523 2384 1755 2439 quasque
1798 2378 1999 2424 norunt
2069 2368 2165 2433 illi,
2195 2368 2320 2439 quis
2362 2368 2465 2422 nisi
2537 2368 2696 2438 plane
2763 2368 3014 2438 stupidus
3082 2384 3188 2424 non
3238 2372 3462 2424 accedat
3510 2375 3595 2420 at-

314 2476 419 2531 que
450 2461 803 2531 acquiescat?

386 2578 579 2632 θεοψ.
622 2564 749 2643 Πῶς
802 2582 912 2654 γὰρ
942 2582 1189 2653 ἔμελλεν,
1216 2577 1262 2638 ὦ
1309 2583 1574 2655 enim;
1622 2585 1739 2637 ἀλλ’
1779 2581 1903 2637 ειπι

320 2687 431 2742 μοι,
455 2671 619 2725 πόθεν
646 2674 694 2726 οἱ
718 2675 874 2741 σοφοὶ
904 2676 1168 2744 μαθόντες
1195 2676 1550 2730 ἀναπείθουσι
1581 2679 1695 2740 τοῖς
1719 2676 1904 2749 ἔργοις

325 2767 357 2817 α
394 2765 504 2825 τοῖς
544 2763 720 2831 λόγοις
753 2765 1172 2833 προδιδάσκουσι
1201 2767 1351 2837 (57);

391 2955 567 3007 ΔΞῐΘ.
609 2954 762 3022 Θεὸς,
796 2950 842 3010 ὦ
872 2960 1110 3026 γενναῖε,
1138 2959 1272 3023 Θεὸς
1315 2960 1507 3030 μείνας
1532 2962 1669 3033 ὅπερ
1695 2958 1785 3034 ἦν,
1818 2965 1908 3018 διὰ

323 3045 738 3116 φιλανθρωπίαν
786 3049 1073 3119 ἄνθρωπος
1112 3050 1423 3121 γενόμενος,
1472 3053 1573 3123 τὴν
1608 3053 1705 3106 τοῦ
1751 3055 1910 3124 λόγου

322 3138 539 3208 σοφίαν,
594 3139 820 3194 καὶτοῦ
882 3141 1049 3212 ἔργον
1103 3143 1201 3212 τὴν
1264 3143 1494 3214 δύναμιν
1548 3149 1661 3209 τοῖς
1717 3148 1911 3219 ἐπιτη-

319 3229 484 3292 δείοις
504 3229 618 3301 (58)
636 3232 947 3286 ἐνέπνευσε.
973 3233 1083 3287 Καὶ
1096 3233 1257 3298 αὐτὸς
1282 3235 1498 3305 πρῶτος
1525 3233 1612 3291 οἷα
1633 3239 1765 3303 Θεὸς
1780 3242 1912 3293 ἀνα-

321 3409 532 3481 δωρεὲιν
566 3410 772 3465 ἅπασιν
801 3413 1222 3481 ἐπαγγέλλεται.
1257 3416 1626 3485 Ψευδολογίας
1670 3418 1727 3471 δὲ
1770 3419 1910 3472 ἁλώο

324 3520 435 3569 ναι,
466 3504 590 3557 οὐδὲ
620 3504 789 3576 ἄνδρα
822 3506 984 3574 σοφὸν
1011 3505 1189 3576 θέμις,
1233 3509 1363 3579 μήτι
1401 3525 1464 3576 γε
1499 3509 1656 3565 Θεόν.
1690 3510 1802 3581 (59)
1851 3511 1909 3564 Ὀ

324 3600 436 3660 τοῖς
475 3596 683 3650 ἐκείνου
717 3597 904 3668 νόμοις
947 3597 1293 3670 πειθόμενος,
1329 3601 1462 3667 Θεὸς
1492 3601 1767 3673 ἄμϐροτος
1796 3602 1909 3668 (60)

324 3689 427 3743 οὐκ
455 3688 534 3743 ἔτι
582 3689 799 3759 θνητός.
837 3690 1000 3743 Ὥστε
1034 3691 1129 3762 τῆς
1158 3692 1460 3757 ἀθανασίας
1493 3695 1868 3766 μεταλαχόντα
1892 3736 1908 3762 ,

325 3782 448 3844 ταῖς
480 3783 694 3851 νοεραῖς
724 3779 1165 3843 ούσίαις.ταύτὸν
1193 3783 1546 3854 ἐργάζεσθαι·
1573 3787 1667 3839 καὶ
1698 3786 1911 3857 σεμνῶς

326 3872 428 3941 ἤδη
474 3871 552 3941 τῷ
596 3871 818 3942 μεγάλῳ
870 3871 1083 3941 βασιλεῖ
1129 3875 1496 3946 παρεστάναι,
1538 3877 1632 3931 καὶ
1678 3876 1913 3948 βεϐαίως

324 3966 607 4035 πανταχοῦ
643 3964 997 4017 συνέπεσθαι.

2083 2571 2381 2629 THEOPH.
2424 2571 2562 2639 Quid
2594 2573 2737 2628 enim
2773 2572 2999 2636 laceret,
3043 2588 3077 2628 ο
3107 2573 3468 2631 charissime?
3497 2590 3593 2631 ve-

2016 2683 2135 2721 rum
2169 2665 2258 2720 dic
2295 2665 2452 2729 mihi,
2491 2665 2633 2720 unde
2667 2667 2780 2719 haec
2802 2665 2904 2720 illis
2932 2665 3268 2734 sapientibus
3294 2677 3379 2722 est
3408 2668 3619 2740 τομή-τ

2012 2755 2088 2810 ιῑο
2115 2765 2278 2825 atque
2304 2754 2557 2818 facultas,
2610 2765 2671 2810 ut
2706 2755 2866 2811 factis
2914 2765 3232 2812 asseverent
3257 2772 3383 2827 qua:
3410 2760 3595 2816 verbis

2009 2846 2208 2902 docent
2227 2845 2251 2898 Υ

2086 2956 2323 3014 AXlTII.
2364 2958 2526 3021 Datis,
2558 2972 2590 3011 ο
2624 2959 2848 3028 optime,
2873 2960 2923 3013 id
2957 2960 3133 3029 ipsum
3162 2960 3305 3029 quod
3343 2970 3447 3026 est,
3478 2977 3592 3018 ma-

2016 3067 2170 3119 nens,
2207 3066 2396 3104 amore
2434 3050 2607 3105 nostri
2646 3051 2867 3120 generis
2898 3052 3061 3106 homo
3098 3051 3273 3108 lactus
3308 3063 3412 3117 est,
3440 3055 3593 3112 verbi

2014 3145 2338 3214 sapientiam
2401 3152 2457 3199 et
2508 3144 2694 3212 operis
2745 3144 3043 3213 potentiam
3098 3144 3166 3200 iis
3211 3145 3303 3216 qui
3356 3156 3484 3202 sunt
3526 3149 3594 3202 ad

393 3236 484 3292 ῐοις
504 3236 618 3301 (58)
636 3236 947 3286 ἐνέπνευσε.
973 3236 1083 3287 Καὶ
1096 3236 1257 3298 αὐτὸς
1282 3236 1498 3305 πρῶτος
1525 3236 1612 3291 οἷα
1633 3239 1765 3303 Θεὸς
1780 3242 1901 3293 ἀνα-

393 3322 532 3393 ήσας
561 3324 621 3375 τὸ
651 3324 845 3378 ἑαυτοῦ
881 3323 1041 3393 σῶμα
1086 3326 1222 3393 πρὸς
1252 3326 1573 3391 ἀθανασίαν,
1603 3330 1786 3393 κοινὴν
1812 3333 1901 3393 τὴν

2017 3240 2422 3309 percipiendum
2467 3236 2948 3306 aptirinspiravit.
2985 3237 3160 3307 Atque
3210 3237 3300 3294 hic
3330 3238 3448 3310 ipse
3478 3241 3594 3311 pri-

2019 3346 2158 3392 Inus.
2191 3340 2244 3384 nt
2269 3329 2362 3393 qui
2399 3329 2543 3384 Deus
2569 3337 2674 3393 est,
2709 3341 2867 3383 suum
2917 3329 3086 3393 ipsius
3132 3344 3332 3393 corpus
3376 3329 3443 3385 ad
3494 3331 3594 3385 im-

323 3327 532 3393 στήσας
561 3327 621 3375 τὸ
651 3327 845 3378 ἑαυτοῦ
881 3327 1041 3393 σῶμα
1086 3327 1222 3397 πρὸς
1252 3327 1573 3391 ἀθανασίαν,
1603 3330 1786 3402 κοινὴν
1812 3333 1911 3402 τὴν

2019 3346 2158 3392 ιιιιιε.
2191 3340 2244 3384 ιιι
2269 3329 2362 3399 qui
2399 3329 2543 3384 Deus
2569 3337 2674 3395 est,
2709 3341 2867 3383 suum
2917 3329 3086 3399 ipsius
3132 3344 3332 3400 corpus
3376 3329 3443 3385 ad
3494 3331 3599 3385 im-

2016 3418 2299 3474 mortalem
2333 3419 2497 3472 vitam
2556 3418 2945 3484 resuscitavit,
2992 3419 3160 3489 idque
3205 3434 3400 3475 munus
3441 3420 3598 3476 dein-

2013 3526 2141 3579 ceps
2175 3508 2428 3563 omnibus
2475 3520 2765 3562 commune
2810 3505 3116 3576 pollicetur.
3154 3504 3416 3562 Mendacii
3464 3522 3598 3563 vero

2015 3609 2244 3671 arguere
2282 3598 2582 3667 sapientem
2609 3597 2810 3659 virum,
2856 3599 3051 3651 nedum
3089 3597 3263 3666 ipsum
3303 3597 3492 3665 Deum,
3515 3599 3597 3655 l’as

2016 3700 2252 3747 nonest.
2294 3690 2434 3757 Quin
2469 3688 2633 3743 etiam
2661 3687 2817 3758 quasi
2847 3687 2986 3742 Deus
3028 3688 3349 3743 immortalis
3395 3690 3596 3756 evadit,

2023 3798 2122 3838 nec
2157 3781 2403 3836 mortalis
2430 3790 2513 3836 est
2552 3780 2806 3849 amplius,
2835 3779 3087 3849 quisquis
3116 3777 3208 3834 Dei
3254 3779 3461 3852 legibus
3494 3781 3598 3838 ob-

2021 3883 2309 3945 temperat.
2353 3872 2447 3928 Est
2497 3873 2643 3928 enim
2687 3871 3121 3929 immortalitatis
3170 3888 3388 3937 mimus,
3443 3883 3500 3930 et
3540 3882 3600 3928 ut

2021 3969 2162 4023 idem
2198 3967 2342 4034 quod
2394 3975 2574 4020 mente
2612 3965 2853 4035 praedita:
2891 3963 3211 4019 substantiae
3235 3964 3432 4024 solent,
3486 3966 3603 4035 agit

330 4059 438 4131 iam
467 4062 736 4128 adeptus;
791 4077 985 4131 nempe
1010 4073 1067 4117 ut
1095 4065 1381 4132 magniﬁce
1441 4066 1551 4134 regi
1598 4068 1837 4120 maximo
1911 4075 2053 4120 astet
2085 4105 2101 4132 ,
2148 4078 2383 4132 eumque
2467 4070 2789 4117 constanter
2839 4069 2892 4115 et
2921 4050 3271 4131 ‘quocunqne
3317 4068 3596 4128 sequatur.

402 4171 598 4224 ΘΕΟΦ.
642 4172 927 4243 Πείθομαι.
964 4174 1104 4244 Ἤδη
1136 4175 1245 4247 γὰρ
1272 4176 1368 4246 τῆς
1396 4175 1684 4245 εὐμενείας
1720 4176 1912 4230 αἰσθά-

328 4279 494 4333 νομαι
531 4262 626 4315 τοῦ
650 4262 806 4317 Θεοῦ.
850 4263 1012 4318 Ἀλλὰ
1038 4268 1276 4337 χαιρέτω
1310 4267 1409 4337 μὲν
1438 4267 1717 4338 ἀκαδημίοι
1736 4283 1751 4297 ·
1780 4268 1916 4338 πρὸς

329 4355 538 4408 ἐκεῖνον
565 4352 621 4406 δὲ
651 4354 841 4422 ἴωμεν.
871 4354 1044 4419 Αὐτὸς
1074 4356 1182 4424 γὰρ
1211 4358 1240 4409 ὁ
1273 4358 1498 4411 Πλάτων
1530 4358 1696 4428 μέχρι
1724 4358 1914 4411 τούτου

329 4442 545 4498 κελεύει
572 4444 855 4498 πείθεσθαι
884 4445 1160 4512 Πλάτωνι,
1181 4447 1286 4511 ἕως
1313 4448 1380 4502 ἂν
1410 4448 1577 4502 αὐτοῦ
1612 4448 1916 4519 σοφώτερος

329 4536 581 4608 ἀναφανῇ
614 4535 749 4608 (6i).
786 4537 920 4590 Θεοῦ
953 4537 1010 4590 δὲ
1040 4539 1349 4611 σοφώτερον
1379 4541 1550 4594 οὐδέν.

428 4795 517 4865 54)
556 4795 663 4851 CC.
689 4794 749 4849 Ρ.
780 4793 961 4865 νῦνίδὲ
992 4793 1165 4848 τουτί.

428 4862 516 4931 55)
558 4865 634 4920 Τὸ
654 4865 849 4933 στόμα
869 4864 1222 4934 διανοίγων.
1252 4862 1546 4934 Gregorius
1569 4865 1634 4919 de
1657 4864 1762 4919 illis
1792 4866 1906 4920 suis

330 4933 571 5004 ejusdem
610 4938 855 5004 martyrii
895 4935 1146 5007 personis
1184 4933 1415 5007 (Dialog.
1447 4935 1484 5007 ὅ
1506 4974 1521 4998 ,
1556 4951 1607 4989 c.
1649 4935 1754 5007 32)
1784 4954 1808 5007 :_
1836 4934 1906 4988 lli

327 5002 391 5060 eo
426 5020 656 5060 tenmore
686 5002 904 5073 prolugi
937 5005 1004 5056 ad
1045 5002 1690 5071 Constantinopolitanam
1724 5002 1905 5073 urbem

330 5085 603 5128 venerunt.
646 5072 723 5127 Eo
759 5068 958 5141 quoque
988 5084 1217 5141 tempore
1239 5090 1343 5143 quo
1382 5068 1477 5142 pro
1510 5075 1778 5143 explendi:
1822 5068 1905 5125 re-

329 5147 535 5211 sponsis
568 5145 813 5197 Ecclesia:
840 5147 904 5197 ad
933 5145 1216 5208 principem
1258 5145 1369 5211 ipse
1400 5146 1739 5197 trtmsmissus
1766 5160 1905 5204 sum,

328 5217 587 5267 seniorem
633 5213 909 5283 quemdam
942 5213 1232 5279 episcomtm
1280 5216 1482 5282 reperi,
1517 5215 1607 5282 qui
1650 5230 1704 5266 se
1732 5216 1902 5266 adhuc

331 5300 511 5336 eorum
547 5300 639 5338 ora
680 5284 792 5335 sine
839 5283 1033 5349 linguis
1070 5286 1335 5349 loquentia
1366 5285 1553 5335 vidisse
1583 5288 1896 5348 testabatur,

334 5354 409 5406 ita
453 5366 507 5406 ut
550 5354 746 5421 apertis
801 5354 978 5405 oribus
1022 5354 1308 5422 clamarent
1343 5350 1526 5422 :_Ec:e
1571 5354 1735 5406 videte
1773 5356 1896 5422 quia

334 5423 541 5493 linguas
573 5420 677 5476 non
698 5424 945 5493 habemus
973 5421 1335 5493 alloquimur.
1382 5420 1664 5475 Videbatur
1689 5420 1825 5493 enim
1863 5442 1894 5476 ιι

333 5490 727 5557 respicientibus
758 5532 774 5556 ,
823 5504 877 5544 ut
915 5490 1136 5561 ferebat,
1198 5494 1321 5559 quia
1352 5493 1595 5545 absrissis
1638 5492 1892 5546 radicitus

330 5564 523 5629 linguis
545 5565 698 5631 quasi
718 5562 980 5632 quoddam
1000 5561 1319 5632 barathrum
1350 5563 1561 5629 patebat
1582 5565 1633 5632 in
1660 5573 1902 5632 gutture;

329 5646 377 5685 et
411 5644 584 5685 tamen
616 5631 913 5685 ore/vacuo
951 5631 1105 5700 plena
1147 5631 1216 5683 ad
1240 5632 1499 5700 integrum
1526 5631 1676 5684 verba
1706 5631 1908 5701 [orma-

336 5704 549 5755 bantur.
592 5702 687 5755 BA.

402 5772 517 5838 (56)
552 5773 747 5836 Ὅλην
768 5770 834 5823 ἐκ
849 5767 1045 5836 ῥιζῶν.
1080 5769 1279 5823 Eadem
1305 5770 1545 5825 medicus
1577 5772 1908 5838 Aselepiadm

334 5838 390 5895 in
427 5842 668 5896 Romano
700 5841 976 5894 l’rudentii
1012 5838 1333 5908 (Peristeph.
1370 5841 1458 5910 10,
1483 5841 1679 5913 981...)
1707 5843 1801 5898 ΒΑ.

654 5934 928 5993 ΡΑἰιιιοι.
973 5932 1088 5991 Gn.
1153 5932 1443 5995 LXXXV.

2090 4171 2391 4229 TlllSOPll.
2448 4170 2646 4226 Credo.
2691 4168 2814 4225 Jam
2866 4170 3009 4224 enim
3061 4169 3348 4239 quemdam
3402 4168 3600 4225 divinae

2024 4248 2211 4336 gratiae
2262 4278 2480 4319 sensum
2530 4262 2790 4330 percipio.
2836 4260 3023 4330 Itaque
3061 4261 3238 4313 valeat
3282 4259 3597 4321 Academia.

2024 4352 2312 4421 potiusque
2366 4351 2432 4404 ad
2485 4351 2659 4420 ipsum
2712 4364 2956 4404 cannis:
3004 4350 3222 4420 quando
3274 4350 3389 4419 ipse
3431 4351 3599 4405 etiam

2024 4442 2177 4497 l'lato
2225 4457 2292 4497 eo
2340 4456 2512 4511 usque
2553 4441 2657 4495 sibi
2708 4440 3040 4495 credendum
3093 4441 3244 4505 dicit,
3285 4441 3412 4497 dum
3470 4441 3599 4511 quis

2026 4533 2143 4599 ipso
2206 4532 2506 4602 sapientior
2559 4532 2836 4587 adveniat.
2897 4530 2966 4585 At
3018 4529 3128 4587 Deo
3171 4532 3470 4603 sapientior
3514 4543 3601 4588 est

1946 4610 1989 4663 Β
2022 4639 2201 4677 1101Ιὶ0.

2077 4796 2190 4872 (ετ)
2208 4794 2290 4872 _Et_t
2323 4796 2518 4872 CCaP.
2552 4800 2640 4872 hic
2670 4800 3041 4872 inserendum.
3063 4800 3271 4872 Mq8s};
3305 4800 3434 4872 περὶ
3453 4800 3598 4872 ,Θεοῦ

1944 4916 1957 4929 κ
2003 4864 2360 4941 διαλεγέσθω,
2391 4868 2467 4941 μὴ
2500 4868 2655 4939 παρὰ
2670 4868 2764 4941 τοῦ
2783 4868 2920 4941 Θεοῦ
2936 4870 3094 4924 τοῦτο
3122 4864 3599 4941 μαθών.ίτούτους

2005 4935 2140 5008 γοῦν
2164 4937 2356 5008 ᾁμέλει
2377 4935 2504 5008 τούς
2526 4935 2729 5008 σοφοὺς
2760 4938 2937 4994 ταῦτα
2966 4935 3140 4993 ποιεῖν
3174 4941 3268 4993 καὶ
3291 4939 3471 5008 λέγειν
3495 4935 3599 4995 οὐκ

2018 5005 2223 5081 Ἰταλὸς
2239 5005 2378 5081 ἀνὴρ
2400 5005 2734 5071 ἐκδιδάσκει,
2760 5009 2872 5062 οὐδ’
2896 5010 3119 5081 Ἕλλην,
3144 5010 3266 5062 οὐδὲ
3290 5005 3592 5075 Χαλδαῖος,

2003 5076 2131 5129 οὐδὲ
2160 5075 2481 5144 Αἰγύπτιος.

2082 5145 2195 5215 (58)
2251 5145 2378 5211 Τοῖς
2428 5146 2807 5212 ἐπιτηδείοις.
2841 5146 2941 5212 Qui
2986 5149 3203 5202 student
3248 5147 3595 5203 sanctilicare

2013 5215 2178 5287 _v_itam
2212 5231 2364 5287 suain
2399 5216 2709 5287 universam
2730 5229 2784 5270 et
2814 5218 3257 5287 vanitatisopcra
3297 5228 3592 5285 seponunt.

2014 5284 2145 5339 Vide
2176 5286 2409 5350 priorem
2438 5284 2583 5339 Petri
2623 5287 2802 5352 capite
2837 5287 3030 5353 primo.
3068 5284 3162 5342 ΒΑ.

2077 5356 2189 5423 (o9)
2222 5356 2295 5407 Ex
2328 5355 2431 5409 CG.
2469 5356 2524 5408 P.
2585 5356 2952 5420 inserendum,
2983 5357 3097 5410 καί.

2034 5424 2045 5497 Ῐ
2077 5424 2189 5497 (60)
2230 5424 2914 5497 Θεὸς-ἄμϐροτος...Εεᾷι
2948 5443 3013 5480 ex
3052 5426 3232 5481 Aureo
3256 5425 3596 5497 Pythagora:

2007 5495 2265 5575 Carmine
2294 5493 2430 5616 [79.
2465 5496 2536 5550 De
2565 5496 2842 5551 miraculis
2874 5495 2912 5550 S
2931 5509 3199 5551 uictorum
3226 5493 3380 5566 plena
3406 5493 3591 5552 omnis

2007 5574 2331 5616 anttuuttas.
2408 5582 2464 5616 Δ.

2006 5574 2331 5626 ιιιιιιαιιιιιὶε.
2360 5574 2464 5618 ΒΔ.

2078 5632 2405 5707 (til)_Pla_to
2437 5634 2461 5707 ι
2491 5632 2685 5707 Tintteo
2707 5673 2731 5707 ,_
2764 5628 2767 5631 ’
2797 5649 2918 5707 pag.
2949 5636 3056 5707 ‘72
3108 5652 3122 5690 :
3185 5635 3266 5690 Τὰ
3335 5636 3448 5707 μὲν
3502 5632 3596 5691 οὖν

2008 5704 2272 5776 περιττῆς
2321 5704 2499 5776 ψυχῆς
2527 5705 2664 5776 κύσον
2711 5704 2903 5776 θνητὸν
2954 5705 3068 5776 ἔχει
3116 5708 3209 5760 καὶ
3258 5704 3383 5761 ὅσον
3430 5705 3594 5769 θεῖον.

2009 5769 2111 5863 κεῖ
2140 5769 2683 5863 δτξῂελεάΐέιςεθῖἐλν,
2704 5769 2808 5863 ξεῖ
2836 5775 2902 5863 διε
2952 5769 3013 5856 δὲ·
3037 5779 3226 5863 χωρὶς,
3256 5776 3488 5848 ᾠκίσοηι
3529 5780 3598 5863 ξι

2015 5795 2105 5828 και
2140 5795 2249 5844 οπη
2292 5795 2389 5827 και
2447 5795 2547 5863 μευ
2597 5795 2671 5861 ων
2710 5795 2804 5829 και
2836 5795 2885 5829 οι
2952 5795 2988 5856 α
3073 5795 3209 5848 ωρις
3256 5795 3488 5848 ῳκισυη,
3535 5795 3596 5829 το

2015 5845 2113 5916 μὲν
2176 5842 2398 5915 ἀληθὲς,
2433 5857 2510 5910 ως
2569 5861 2809 5916 ειρηται,
2855 5846 2991 5902 Θεου
3037 5795 3452 5919 ³ἓυμςρήσαντος,
3484 5847 3596 5902 τότ’
