4052 6426
1583 644 1767 686 CIBCA
1819 643 1967 684 ANN.
2019 642 2167 683 CH“.
2217 641 2424 682 DXSX.

1237 833 2770 1169 ZACHABIAS

1103 1421 1884 1541 EPISGOPUS
2017 1418 2894 1532 MITYLENES.

1732 1924 2276 2015 NOTITIA.

1183 2192 1475 2255 (GALLAKD.,
1513 2192 1750 2240 Veterum
1813 2190 2019 2238 Patrum
2079 2185 2328 2247 Biblioth.,
2365 2192 2399 2236 t.
2439 2185 2517 2248 XI,
2554 2185 2635 2236 Pr.
2674 2201 2722 2249 p.
2759 2185 2842 2248 Χ.)

467 2614 822 2690 Zacharias,
860 2611 1257 2677 Alexandriae
1298 2612 1574 2693 primum
1617 2611 1838 2674 litteris
1874 2609 2357 2673 humanioribus
2398 2607 2701 2683 imbutus,
2743 2606 3152 2688 postmodum
3199 2621 3278 2668 ex
3333 2606 3654 2670 rhetorum

381 2719 626 2784 scholis
679 2733 968 2796 egressus
1030 2714 1592 2796 jurisprudentiam
1657 2715 1984 2789 excoluit;
2030 2721 2221 2795 atque
2267 2713 2346 2775 ad
2395 2712 2605 2775 forum
2660 2727 2728 2773 se
2782 2710 3140 2786 conferens,
3203 2709 3655 2773 causidicinam

386 2819 599 2898 Beryti
638 2816 963 2897 professus
995 2824 1088 2876 est
1122 2813 1230 2893 (1),
1263 2813 1630 2876 Scholastici
1683 2822 2020 2894 pr0pterea
2057 2820 2552 2893 cognomentum
2587 2818 2966 2877 consecutus
2999 2833 3012 2874 :
3061 2829 3138 2875 eo
3177 2813 3348 2876 enim
3391 2812 3655 2896 nomine

381 2921 805 2984 censebantur
842 2916 953 2996 qui
1004 2933 1226 2978 causas
1266 2915 1333 2976 in
1357 2915 1498 2977 foro
1528 2915 1887 2990 actitabant,
1933 2924 2000 2978 ut
2019 2918 2150 2996 jam
2183 2917 2425 2996 pridem
2458 2923 2602 2996 post
2629 2916 2786 2978 alios
2829 2917 3222 2978 observatum
3281 2916 3527 2978 Valesio
3563 2912 3645 2995 (2)

381 3017 812 3094 intelligimus.
841 3014 1154 3092 Deinceps
1176 3029 1327 3075 vero
1357 3014 1491 3092 ejus
1513 3013 1814 3075 doctrinae
1836 3014 2000 3076 fama
2029 3016 2212 3078 latius
2241 3021 2598 3095 pervagata,
2621 3013 2917 3078 Ecclesiae
2937 3016 3335 3095 Mitylenensi
3363 3017 3659 3097 regenda)

382 3120 750 3204 praeficitur.
791 3115 1022 3178 Claruit
1051 3116 1216 3178 circa
1255 3132 1493 3177 annum
1527 3115 1750 3177 Christi
1785 3115 1919 3177 530.
1960 3119 2141 3179 Anno
2171 3133 2445 3196 namque
2492 3115 2603 3178 536
2643 3116 2914 3180 concilio
2966 3118 3660 3199 Constantinopolitano

381 3219 697 3292 interfuit,
736 3217 1037 3279 adversus
1078 3213 1463 3289 Authimum,
1505 3216 1804 3276 Severum
1853 3215 2138 3296 aliosque
2186 3215 2651 3295 Acephalorum
2693 3217 3038 3297 principes,
3078 3219 3195 3280 sub
3222 3221 3450 3281 Menna
3485 3219 3660 3283 cele-

387 3322 604 3391 brato;
635 3317 701 3377 in
737 3316 917 3396 cujus
943 3313 1109 3377 Actis
1152 3313 1287 3393 ejus
1329 3313 1566 3375 mentio
1610 3313 1877 3376 subinde
1924 3313 2197 3376 occurrit
2227 3312 2337 3395 (3),
2378 3320 2568 3394 atque
2597 3314 2838 3394 ubique
2872 3317 3292 3396 metmpolitae
3325 3319 3512 3382 titulo
3549 3320 3656 3380 in-

385 3419 620 3499 signiti,
660 3423 932 3494 Ζαχαρίου
963 3422 1060 3492 τῆς
1097 3419 1480 3490 Μιτυληναίων
1497 3422 1902 3493 μητροπόλεως.
1952 3416 1985 3474 Ι

2059 3414 2134 3475 de
2173 3414 2370 3476 miror
2411 3413 2732 3494 equidem,
2785 3413 2867 3477 cl.
2922 3417 3266 3496 Lequienio
3306 3427 3659 3500 suspectam

391 3537 531 3583 esse
562 3533 785 3580 vocem
834 3520 1222 3594 μητροπόλεως
1258 3511 1338 3593 (4)
1379 3512 1444 3573 in
1485 3513 1706 3575 iisdem
1743 3515 1909 3576 Actis
1946 3514 2179 3594 saepius
2233 3515 2609 3595 repetitam;
2643 3532 2785 3576 cum
2832 3517 3176 3595 praesertim
3221 3519 3518 3598 Mitylene
3565 3521 3664 3583 in-

387 3625 540 3686 sulae
574 3618 937 3684 clarissimas
969 3615 1150 3677 Lesbi
1177 3619 1448 3678 maxima
1477 3616 1798 3679 civitatum
1828 3615 2158 3679 habeatur.
2192 3616 2348 3689 Quid
2383 3617 2552 3697 quod
2583 3618 2650 3678 in
2682 3617 3102 3680 vetustissima
3133 3619 3380 3681 Notitia
3410 3621 3662 3684 Graeco-

385 3740 530 3784 rum
568 3718 1035 3796 episcopatuum
1069 3734 1108 3773 a
1145 3715 1341 3777 Leone
1379 3715 1674 3794 Sapiente
1727 3715 1810 3776 ad
1850 3715 2279 3778 Andronicum
2315 3716 2757 3796 Palaeologum,
2807 3718 3079 3795 Georgio
3109 3719 3347 3782 Codino
3392 3738 3428 3782 a
3456 3723 3663 3783 Goaro

389 3822 666 3901 subjecta
701 3815 809 3896 (5),
839 3814 905 3874 in
936 3814 1261 3893 provincia
1287 3814 1510 3876 insulm
1560 3815 1744 3876 Lesbi
1796 3815 2127 3894 Mitylenes
2161 3817 2382 3896 prmsul
2418 3818 2819 3898 metrOpolita
2848 3819 3077 3881 dicitur
3099 3818 3168 3879 47
3199 3837 3215 3882 :
3246 3828 3512 3898 ἐπαρχίας
3569 3831 3664 3900 νή-

392 3945 486 3981 σου
538 3927 793 3982 Λέσὸουὸ
820 3924 1133 3994 Μιτυλήνης
1178 3923 1287 3993 μζκ
1321 3913 1437 3986 Qui
1467 3918 1527 3976 et
1563 3913 1725 3976 infra
1758 3913 1864 3994 (6),
1895 3915 1963 3975 in

2065 3915 2239 3976 rdine
2263 3916 2682 3995 prwsidentiw
2737 3916 3298 3997 metropolitarum,
3331 3919 3444 3981 ubi
3481 3921 3665 3982 sedes

390 4017 845 4096 Mitylenensis
911 4018 1316 4075 enumeratur
1368 4011 1634 4073 thronus
1691 4011 2208 4091 quadragesimus
2261 4031 2492 4087 nonus,
2556 4013 2763 4076 eidem
2821 4015 2958 4077 sedi
3004 4015 3491 4094 metropoliticae
3549 4035 3665 4081 sex

391 4119 799 4198 episcOpatus
830 4115 1268 4194 subjiciuntur.
1305 4115 1380 4174 At
1425 4111 1714 4174 vero-his
1749 4112 1977 4188 missis,
2041 4130 2168 4192 quo
2226 4113 2480 4176 demum
2526 4132 2694 4178 anno
2751 4133 2787 4179 e
2842 4116 2996 4180 vivis
3054 4118 3395 4180 excesserit
3440 4128 3668 4183 noster

389 4219 721 4298 Mitylenes
768 4216 1048 4288 antistes,
1076 4215 1240 4278 haud
1270 4214 1459 4295 plane
1479 4220 1876 4294 compertum
1906 4214 2237 4278 habemus.
2271 4217 2446 4278 Diem
2477 4225 2648 4280 certe
2679 4237 3045 4300 supremum
3084 4221 3310 4282 obierit
3331 4220 3495 4284 circa
3527 4241 3664 4285 me-

393 4323 570 4383 dium
601 4319 818 4382 saeculi
855 4335 942 4378 γι.
1006 4317 1161 4377 Nam
1189 4315 1464 4377 concilio
1493 4332 1537 4374 v
1567 4313 1960 4376 mcumenico
1989 4315 2681 4394 Constantinopolitano
2705 4336 2769 4394 ιι,
2803 4336 2970 4381 anno
3021 4319 3132 4380 553
3189 4325 3432 4393 coacto,
3465 4321 3663 4386 inter-

391 4424 590 4486 fuisse
639 4421 931 4484 novimus
974 4421 1283 4481 Joannem
1322 4419 1704 4479 Cucusorum
1741 4417 2141 4496 episcopum,
2174 4418 2376 4480 vicem
2421 4427 2713 4496 agentem
2769 4421 3031 4484 Palladii
3092 4423 3513 4502 metrOpolitm
3559 4427 3669 4486 Mi—

389 4525 742 4607 tylenensis
780 4525 862 4604 (7)
899 4540 912 4584 :
947 4523 1055 4602 qui
1077 4539 1228 4584 sane
1257 4521 1423 4584 inter
1453 4518 1754 4582 Ecclesiae
1789 4520 2122 4600 Mitylenes
2164 4521 2469 4600 praesules
2507 4521 2674 4585 haud
2706 4523 3278 4604 praetermittendus
3309 4534 3438 4587 erat
3467 4543 3502 4588 a
3549 4528 3666 4588 Le-

393 4627 654 4708 quienio
695 4625 806 4706 (8),
843 4624 952 4686 sed
1002 4621 1476 4704 praeponendus
1523 4622 1825 4700 Gregorio
1852 4623 1902 4695 Ι,
1935 4638 2126 4700 quem
2164 4622 2328 4684 inter
2363 4623 2578 4686 Patres
2600 4625 2849 4687 concilii
2870 4625 3544 4706 Constantinopolitani
3574 4645 3665 4700 In,

395 4727 707 4806 generalis
737 4741 822 4798 v1,
853 4740 1020 4785 anno
1050 4722 1164 4785 680
1215 4722 1538 4796 celebrati,
1592 4724 1829 4785 sedisse
1869 4723 2158 4785 novimus
2191 4723 2305 4804 (9).
2343 4727 2536 4788 Porro
2581 4744 2660 4788 ex
2701 4727 2778 4788 iis
2816 4742 2960 4807 qum
3007 4727 3200 4788 modo
3256 4725 3334 4788 de
3385 4727 3667 4791 Palladio

394 4827 699 4898 diximus,
738 4822 1098 4902 corrigendi
1149 4832 1296 4884 sunt
1349 4824 1599 4885 Mirmus
1629 4823 1775 4903 (10),
1821 4823 2104 4886 Oudinus
2161 4824 2311 4906 (11),
2341 4826 2783 4890 Tillemontius
2833 4827 2953 4910 (12)
3006 4829 3264 4908 aliique,
3308 4835 3376 4890 ut
3428 4829 3670 4891 dudum

395 4927 642 4989 monuit
671 4925 989 4987 Fabricius
1023 4923 1144 5002 (13)
1173 4941 1188 4998 ;
1222 4925 1331 5002 qui
1361 4941 1531 4985 anno
1564 4923 1676 4984 553
1705 4925 1912 4986 eidem
1931 4926 2202 4989 concilio
2230 4929 2928 5007 Constantinopolitano
2961 4948 3031 5007 ιι,
3064 4928 3344 5009 generali
3372 4946 3439 5006 v,
3467 4929 3667 4991 inter-

396 5027 597 5090 fuisse
627 5025 986 5088 Zachariam
1023 5023 1236 5103 quode
1265 5023 1532 5102 agimus,
1565 5024 1842 5086 tradunt.

469 5252 1221 5325 (l)Zachar.p_Dial.inilia._
1261 5322 1271 5325 _
1327 5321 1338 5325 _
1456 5322 1470 5325 _
1518 5321 1530 5325 _
1577 5321 1590 5325 _
1809 5247 1812 5249 ’

1077 5252 1221 5325 itio._
1261 5322 1271 5325 _
1327 5321 1338 5325 _
1456 5322 1470 5325 _
1518 5321 1530 5325 _
1577 5321 1590 5325 _
1809 5247 1812 5249 ’
2163 5253 2239 5324 (8)
2270 5253 2533 5325 Lequien.
2559 5251 2594 5306 1.
2629 5267 2677 5325 ρ.

470 5320 549 5395 (2)
584 5325 762 5380 Vales.
807 5323 910 5378 Vit.
947 5323 1156 5395 Sgcrat.
1183 5321 1356 5395 Schol.
1389 5322 1491 5377 sub
1515 5321 1637 5395 init.
1829 5391 1843 5395 Α
1863 5390 1960 5395 _A__
2163 5320 2239 5394 (9)
2270 5320 2475 5395 GoﬁciL
2501 5333 2632 5377 tom.
2668 5320 2773 5385 VII,
2802 5336 2921 5395 pag.
2959 5322 3098 5378 1070
3128 5323 3182 5395 b.

472 5390 550 5463 (5)
586 5395 792 5449 Concit.
822 5405 930 5448 tom
990 5392 1056 5457 V,
1085 5409 1205 5463 pag.
1247 5392 1372 5460 965,
1403 5409 1454 5446 a.
1508 5392 1666 5444 1021.
1715 5405 1766 5444 a.
1822 5390 1983 5458 1025,
2166 5390 2280 5463 (10)
2313 5393 2430 5463 Μὶν.
2454 5396 2678 5463 Auctar.
2719 5395 2784 5444 de
2817 5394 3006 5460 script.
3039 5394 3174 5447 eccl.
3209 5407 3332 5463 pag.
3362 5391 3454 5446 28.

399 5479 452 5519 a.
482 5460 645 5530 1057,
676 5481 724 5517 c.
750 5465 882 5517 edit.
909 5463 961 5533 Vl.
999 5460 1317 5516 Ven-Latii).
1402 5531 1421 5533 _
1621 5531 1662 5533 υ
1697 5531 1711 5533 _

2164 5460 2279 5533 (11)
2309 5462 2509 5533 Oudin.
2540 5461 2617 5533 De
2640 5463 2827 5530 script.
2859 5466 2995 5533 ccc].
3035 5473 3166 5518 tom.
3196 5460 3237 5525 1,
3269 5460 3393 5532 pag.
3436 5460 3592 5518 1M9.

581 5532 1203 5610 Ιέριι1ιίθιι..ον.’ς;1ινὶει.
1237 5531 1442 5610 tom_._i‘,
1469 5545 1590 5610 pag.
1612 5531 1741 5610 9516.
1765 5602 1777 5610 _
2303 5532 2516 5610 Intern.
2750 5541 2877 5610 tom.
2920 5531 3008 5599 IV,
3031 5547 3156 5610 pag.
3187 5533 3312 5587 408.

476 5600 554 5671 (‘3)
591 5600 760 5656 Nam.
787 5600 1149 5674 episgﬁrwc.
1187 5617 1308 5673 pag.
1333 5602 1460 5666 559,
1488 5602 1622 5655 edit.
1661 5601 1830 5656 Paris.
2094 5671 2133 5674 Α
2161 5600 2275 5674 (15)
2311 5601 2535 5674 Fabric.
2577 5602 2710 5674 Bibl.
2749 5602 2845 5656 Gr.
2890 5600 3146 5674 tcinJIX,
3188 5618 3309 5674 pag.
3335 5604 3460 5671 356,
3507 5612 3559 5658 et
3603 5601 3671 5658 dc

471 5676 549 5743 (6)
585 5675 716 5727 Ibid.
751 5687 872 5740 pag.
905 5671 1043 5743 59'].
1188 5671 1196 5673 ’
2094 5671 2264 5729 Verit.
2295 5672 2448 5742 relig.
2479 5671 2682 5726 Christ.
2726 5687 2881 5743 pagg.
2925 5673 3018 5727 l08
3065 5689 3179 5742 seq.

471 5740 550 5819 (7)
577 5744 778 5800 (ἔοικα.
817 5752 947 5797 tom.
982 5740 1069 5807 Vl,
1091 5757 1245 5812 pagg.
1281 5743 1362 5812 16,
1395 5761 1442 5798 c.
1470 5753 1523 5799 et
1554 5743 1659 5798 218
1681 5760 1732 5799 c.
