4052 6384
472 380 610 446 ’1007

1504 383 1905 442 ZAClIAiil.E
1948 379 2380 440 MITYLENES
2419 380 2755 440 EPISCOP]

3621 377 3756 440 1068

543 497 817 551 tilllt‘lST.
854 494 1150 566 Respondi,
1181 495 1447 561 Quoniam
1491 495 1557 548 ad
1589 495 1926 563 operantium
1983 510 2062 546 ra-

2234 491 2671 545 ΧΡΙΣΤΙΑΝΟΣ.
2708 493 2793 553 Ὠς
2822 492 2984 562 ἔχων,
3008 487 3074 562 ἦν
3098 492 3140 544 δ’
3171 491 3282 559 ἐγὼ
3301 535 3315 560 ,
3344 492 3469 555 τοὺς
3492 492 3754 564 δημιουρ·

476 591 648 643 tiones
685 590 822 641 intra
877 602 937 642 se
977 597 1235 657 perpetuo
1288 587 1450 640 habet
1504 585 1665 648 Dens,
1715 601 1931 653 semper
1971 594 2053 638 est

472 679 672 745 opifex.
710 676 1174 742 Quemadmodum
1211 687 1265 729 et
1291 675 1531 729 medicus
1570 675 1710 744 apud
1742 690 1800 729 se
1849 676 2054 730 habens

476 769 723 824 medendi
772 770 1032 831 rationes,
1059 768 1302 821 medicus
1335 775 1419 820 est
1449 775 1504 820 et
1527 767 1744 820 dicitur.
1783 766 1935 831 Quod
1963 781 2056 820 eo-

471 865 593 914 dem
661 862 820 916 modo
876 859 1217 915 sentiendum
1263 859 1329 913 de
1381 857 1533 913 fabro
1585 860 1932 924 materiario,
1990 861 2057 913 de

473 951 666 1004 a‘dium
692 959 987 1008 strnetore,
1015 947 1082 1000 de
1131 948 1370 1001 rhetore.
1408 946 1544 1000 Num
1572 948 1620 1000 id
1663 948 1758 1001 tibi
1808 948 2054 1002 videtur?

547 1039 850 1096 MEDICUS
884 1039 1179 1097 DOCTOR.
1216 1039 1468 1104 Maxime,
1511 1041 1604 1094 sed
1659 1054 1725 1093 an
1789 1041 2055 1094 medicum

473 1134 865 1202 appellabimus
898 1133 1368 1188 nominabimusve
1403 1147 1526 1186 eum
1561 1135 1652 1200 qui
1719 1148 1824 1186 non
1859 1131 2058 1186 sanat?

473 1225 840 1278 Materiarium
878 1222 1094 1277 fabrum
1141 1231 1235 1275 aut
1293 1223 1489 1277 adium
1530 1222 1912 1276 fabricatore-tn
1963 1238 2059 1278 eos

474 1320 564 1386 qui
593 1326 766 1371 artem
793 1314 1094 1369 fabricandi
1131 1324 1252 1368 actu
1299 1330 1404 1369 non
1437 1313 1734 1368 exercent?
1767 1314 1856 1370 Uti
1887 1330 2060 1383 neque

473 1410 744 1463 musicum
765 1422 888 1462 eum
907 1408 998 1478 qui
1021 1408 1204 1462 fidium
1225 1405 1376 1476 pulsu
1393 1409 1652 1461 musicam
1673 1422 1778 1460 non
1801 1407 2057 1472 Ostendit,

473 1499 635 1571 273
673 1514 848 1568 neque
882 1507 1243 1552 concentuum
1293 1499 1570 1551 harmonia
1604 1498 1802 1551 mulcet
1840 1498 2062 1550 audien-

476 1593 608 1643 tium
632 1590 866 1652 animos,
910 1602 1086 1657 neque
1134 1587 1347 1641 illorum
1380 1601 1537 1641 aures
1574 1587 1774 1640 titillat.
1814 1586 1918 1641 Sed
1962 1603 2060 1641 nec

477 1683 748 1736 rhetorem
789 1678 1041 1745 dicimus,
1094 1678 1185 1747 qui
1224 1690 1398 1746 neque
1449 1687 1591 1742 orat,
1632 1692 1808 1746 nemie
1853 1677 1905 1731 in
1945 1677 2062 1732 foro

470 1774 764 1840 judicibus,
801 1771 883 1825 vel
939 1771 991 1825 in
1024 1780 1212 1825 senatu
1262 1770 1626 1832 senatoribus,
1680 1771 1763 1822 vel
1806 1770 1857 1824 iu
1917 1786 2062 1824 cou-

2157 585 2345 652 γικοὺς
2385 583 2575 651 λόγους
2602 585 2661 636 ἐν
2712 583 2929 654 ἐαυτῷ,
2981 584 3070 636 ἀεὶ
3118 584 3452 654 δημιουργὸς
3513 586 3541 636 ό
3590 583 3747 646 Θεός.

2161 676 2376 747 Ὥσπερ
2404 678 2498 729 καὶ
2533 679 2560 730 ό
2601 677 2783 747 ἰατρὸς
2817 677 2954 747 έχων
2985 678 3112 739 τοὺς
3148 677 3426 747 ίατρικοὺς
3465 676 3658 744 λόγους
3695 677 3754 728 ἐν

2159 768 2360 838 ἐαυτῷ,
2401 768 2585 838 ἰατρὸς
2630 769 2747 822 ἐστί
2781 786 2840 821 τε
2876 772 2970 821 καὶ
2999 769 3239 836 λέγεται.
3288 769 3410 822 Ἔτι
3454 768 3498 821 δ’
3538 764 3605 821 αὖ
3656 769 3754 822 καὶ

2158 859 2187 911 ό
2213 859 2552 921 τεκτονικὸς,
2588 859 2682 911 καὶ
2718 861 2747 912 ὁ
2792 857 3172 927 οίκοδομικδς,
3205 859 3302 912 καὶ
3348 859 3376 910 ό
3417 856 3710 928 ῥητορικός
3737 872 3750 884 ·

2160 951 2194 1021 ἦ
2221 967 2302 1002 σοι
2326 951 2388 1002 ού
2421 950 2704 1018 φαίνονται
2725 967 2741 1016 ;

2231 1041 2693 1094 ΙΑΤΡΟΣΟΦΙΣΤ.
2738 1041 2886 1094 Πάνυ
2917 1057 3002 1108 γε.
3031 1039 3167 1093 Ἀλλ’
3191 1040 3291 1094 οὐκ
3319 1041 3405 1108 ἂν,
3439 1038 3474 1113 ἦ
3511 1042 3557 1096 δ’
3581 1043 3657 1107 ὃς,
3686 1045 3764 1096 ία-

2159 1129 2288 1201 τρὸν
2316 1131 2708 1201 καλέσαιμενῆ
2759 1131 3133 1200 ὀνομάσαιμεν
3176 1132 3268 1185 τὸν
3311 1135 3384 1203 μὴ
3422 1135 3755 1203 ὑγιάζοντας

2163 1221 2285 1275 Οὐδ’
2307 1219 2373 1275 αὖ
2387 1222 2742 1293 τεκτονικδνῆ
2761 1223 3098 1291 οἰκοδομικὸν
3121 1222 3210 1276 τὸν
3231 1225 3304 1296 μὴ
3321 1227 3419 1295 τὴν
3441 1227 3758 1295 τεκτονικὴν

2162 1311 2195 1382 ἢ
2227 1310 2586 1382 οἰκοδομικὴν
2618 1313 2682 1380 τῇ
2723 1313 2973 1382 ἐνεργείᾳ
3015 1311 3360 1382 προάγοντα;
3397 1313 3606 1384 Ὠσπερ
3634 1315 3756 1367 οὐδὲ

2164 1402 2424 1471 μουσικὸν
2449 1401 2537 1454 τὸν
2571 1401 2646 1472 μὴ
2675 1405 2786 1465 τοῖς
2814 1403 3088 1472 κρούμασι
3116 1403 3400 1457 δεικνύντα
3432 1406 3530 1476 τὴν
3560 1422 3756 1475 μουσι-

2161 1495 2287 1566 κὴν,
2317 1496 2411 1549 καὶ
2450 1498 2515 1565 τῇ
2551 1495 2660 1547 τῶν
2702 1495 3034 1566 κρουμάτων
3074 1497 3316 1568 ἁρμονίᾳ
3359 1497 3618 1565 Θέλγοντα
3657 1500 3759 1562 τὰς

2162 1586 2272 1638 τῶν
2302 1586 2601 1639 ἐπαϊόντων
2625 1585 2824 1656 ψυχὰς,
2854 1586 2948 1638 καὶ
2976 1585 3394 1654 κατακηλούντα
3425 1587 3630 1640 τούτων
3658 1591 3757 1652 τὰς

2163 1679 2352 1743 ἀκοάς.
2394 1679 2552 1732 Ἀλλὰ
2591 1678 2698 1750 μὴν
2732 1677 2855 1731 οὕτε
2890 1679 3181 1750 ῥητορικὸν
3213 1679 3446 1750 λέγομεν
3488 1681 3580 1734 τὸν
3617 1683 3755 1752 μήτε

2165 1768 2616 1840 πανηγυρίζοντα
2649 1769 2798 1840 (60),
2851 1770 2990 1839 μήτε
3039 1771 3151 1832 τοῖς
3183 1769 3364 1838 λόγοις
3399 1771 3657 1824 πείθοντα
3698 1775 3756 1824 ἐν

475 1865 632 1918 eione
663 1861 1145 1917 coneionatoribns
1182 1859 1340 1913 (idem
1360 1859 1540 1913 verbis
1568 1858 1716 1912 facit.
1749 1857 1864 1911 Non
1898 1859 2061 1927 igitur

2176 1862 2503 1932 5ικαστηρίῳ
2522 1860 2805 1923 δικαστὰς,
2831 1860 2925 1912 καὶ
2953 1861 3009 1911 ἐν
3039 1859 3412 1932 βουλευτηρίῳ
3434 1862 3754 1932 βουλευτὰς,

475 1957 656 2027 opifex
697 1959 821 2021 erit,
871 1955 963 2025 qui
1024 1961 1148 2008 actu
1197 1952 1334 2006 nihil
1390 1962 1668 2020 aperatur,
1720 1962 1776 2006 et
1827 1953 2065 2008 rationes

475 2050 734 2119 operandi
774 2061 910 2117 quas
959 2046 1142 2109 habet,
1172 2045 1226 2098 in
1277 2055 1526 2114 apertum
1584 2060 1714 2118 non,
1741 2045 1969 2114 profert,
2012 2056 2067 2100 et

477 2141 762 2194 informem
809 2137 1096 2193 materiam
1130 2137 1182 2191 in
1212 2136 1442 2191 formam
1473 2143 1528 2190 et
1556 2137 1793 2206 speciem
1835 2151 1940 2190 non
1972 2135 2065 2188 ad-

477 2232 624 2287 ducit
648 2239 702 2286 et
732 2240 905 2301 aptat.

547 2415 821 2472 CIIRIST.
865 2414 1053 2470 Recte.
1087 2412 1194 2469 Sed
1234 2412 1382 2477 andi,
1422 2411 1492 2464 mi
1529 2409 1872 2479 philosOphe,
1901 2421 2065 2477 quam

478 2515 602 2572 apte
633 2503 700 2556 de
728 2502 839 2556 Deo
871 2502 1202 2556 disseramus
1226 2509 1281 2553 et
1309 2499 1622 2568 opinemur.
1655 2498 1895 2552 Dicimus
1921 2496 2064 2549 enim

481 2595 646 2647 Uctllli
667 2608 883 2662 semper
905 2592 1072 2647 fuisse
1097 2592 1372 2661 Opiﬁcem,
1396 2600 1584 2660 utpote
1609 2591 1897 2644 habentem
1936 2590 1986 2642 in
2011 2603 2068 2643 se

477 2683 743 2738 etIieiendi
775 2682 1033 2744 rationes,
1061 2693 1114 2736 et
1144 2684 1578 2752 quandocunque
1608 2680 1737 2734 velit
1765 2680 2068 2749 pI'Otlllt'Cfl-

467 2785 610 2832 ‘ti-m.
650 2772 840 2843 Neque
870 2775 1018 2828 enim
1055 2773 1267 2828 inertiis
1306 2773 1472 2827 Deum
1502 2772 1609 2826 ullo
1652 2773 1811 2825 modo
1842 2785 2068 2824 accusa-

468 2880 621 2931 -||‘.ll$,
654 2878 832 2931 neque
865 2879 987 2918 cum
1039 2865 1172 2919 nihil
1205 2863 1392 2926 eﬂieit,
1424 2863 1636 2932 apiiicis
1663 2878 1857 2916 nomen
1886 2863 1933 2913 ei
1968 2861 2066 2914 de-

2166 1957 2262 2009 καὶ
2308 1957 2368 2009 ἐν
2416 1954 2691 2025 ἐκκλησίᾳ
2741 1951 3169 2022 ἐκκλησιαστὰς.
3221 1954 3431 2008 Οὐκοῦν
3481 1953 3607 2008 οὔτε
3658 1957 3757 2027 δη-

2168 2047 2428 2117 μιουργὸς
2459 2047 2523 2100 ἂν
2552 2047 2636 2116 εῐη
2680 2048 2708 2099 ὁ
2744 2044 2819 2116 μὴ
2856 2047 2924 2115 τῇ
2957 2044 3210 2116 ἐνεργείᾳ
3237 2045 3620 2118 δημιουργῶν,
3661 2049 3759 2101 καὶ

2164 2139 2292 2201 τοὺς
2325 2138 2517 2206 λόγους
2549 2136 2644 2201 οὓς
2677 2136 2790 2207 ἔχει
2816 2138 2895 2200 εἰς
2937 2136 3250 2205 τούμφανὲς
3279 2139 3573 2210 προφέρων
3597 2155 3610 2168 ·
3654 2143 3749 2194 καὶ

2164 2228 2263 2299 τὴν
2284 2229 2522 2282 ἀνείδεον
2544 2228 2677 2300 ὓλην
2714 2229 2793 2292 είς
2816 2223 2955 2292 εἶδος
2988 2228 3080 2282 καὶ
3104 2227 3291 2299 σχῆμα
3329 2231 3758 2300 μετασκευάζων

2166 2338 2225 2374 τε
2253 2321 2349 2374 καὶ
2374 2321 2790 2392 μεθαρμόττων.

2239 2413 2466 2466 ΧΡΙΣΤ.
2489 2412 2708 2477 Καλῶς,
2732 2408 2799 2483 ἦν
2816 2411 2861 2465 δ’
2887 2410 3017 2480 ἐγώ.
3054 2411 3196 2466 Ἀλλ’
3220 2412 3404 2477 ἄκουε,
3426 2406 3471 2468 ὦ
3497 2414 3758 2486 μακάριε,

2167 2504 2317 2566 ὅπως
2367 2503 2636 2575 ὀρθότατα
2688 2503 2783 2556 τοῦ
2817 2503 2956 2557 Θεοῦ
3013 2504 3140 2576 πέρι
3187 2504 3633 2576 διαλαμϐάνομεν
3664 2507 3761 2558 καὶ

2166 2595 2484 2666 δοξάζομεν.
2519 2597 2704 2666 Φαμὲν
2735 2595 2846 2665 γὰρ
2876 2596 2970 2650 τὸν
3022 2597 3154 2651 Θεὸν
3183 2598 3272 2652 ἀεὶ
3296 2597 3651 2668 δημιουργὸν,
3687 2597 3764 2660 ὡς

2169 2687 2362 2757 ἔχοντα
2413 2688 2540 2750 τοὺς
2571 2687 3003 2758 δημιουργικοὺς
3048 2688 3240 2756 λόγους
3288 2689 3346 2741 ἐν
3400 2689 3601 2758 ἐαυτῷ,
3665 2691 3763 2741 καὶ

2169 2777 2299 2829 ὅταν
2336 2775 2494 2847 ἐθέλῃ
2537 2776 2871 2846 προάγοντα.
2910 2778 2984 2830 Ub
3021 2777 3130 2848 γὰρ
3161 2778 3361 2848 ἀργίαν
3400 2779 3632 2832 καθόλου
3666 2778 3761 2830 τοῦ

2169 2867 2304 2921 Θεοῦ
2333 2867 2774 2939 κατηγοροῦμεν,
2813 2867 2926 2921 οὔτ’
2978 2869 3166 2942 ἐπειδή
3197 2887 3328 2924 ποτε
3374 2870 3452 2942 μὴ
3493 2869 3760 2942 δημιουρ-

481 2955 779 3021 trahimus;
828 2956 923 3010 sed
981 2970 1046 3009 ex
1098 2954 1164 3008 iis
1215 2969 1334 3023 qua:
1384 2954 1576 3008 eﬂecta
1621 2964 1766 3018 sunt,
1819 2953 2066 3020 Opificetu

2176 2964 2276 3026 γεῖ,
2305 2960 2640 3030 δημιουργὸν
2665 2955 2808 3014 εἶναι
2831 2959 3018 3014 τοῦτον
3040 2961 3357 3032 ἀρνούμεθα
3376 2978 3390 2993 ·
3419 2961 3535 3015 ἀλλ’
3567 2963 3632 3014 ἐκ
3651 2962 3763 3014 τῶν

479 3057 864 3118 agnoscentes,
893 3046 961 3100 ab
987 3048 1135 3101 omni
1170 3046 1512 3113 habitudine,
1547 3055 1602 3100 et
1629 3046 1977 3107 necessitate,
2015 3051 2067 3096 et

2176 3053 2471 3118 γεγονότων
2499 3052 2834 3123 δημιουργὸν
2877 3053 3252 3123 ἐπιστάμενοι,
3306 3055 3488 3118 πάσης
3527 3054 3766 3124 σχέσεως

480 3137 792 3210 tyrannide,
842 3137 1042 3208 quippe
1075 3138 1166 3207 qui
1203 3137 1368 3204 Deus,
1398 3145 1452 3190 et
1495 3150 1662 3189 unum
1699 3135 1791 3196 sit,
1835 3134 2065 3188 liberum

2176 3139 2338 3192 αὑτὸν
2377 3140 2473 3192 καὶ
2516 3139 2766 3208 ἀνάγκης
2801 3140 2896 3193 καὶ
2942 3141 3281 3211 τυραννίδος,
3312 3142 3388 3206 ὠς
3430 3137 3565 3198 Θεὸν
3609 3141 3761 3206 ὄντα,

483 3244 608 3284 esse
645 3231 1000 3282 arbitramur.
1037 3227 1202 3283 Beata
1236 3229 1378 3282 enim
1417 3238 1470 3282 et
1521 3228 1696 3282 soluta
1727 3239 1918 3281 natura
1961 3243 2066 3280 non

2176 3233 2267 3286 καὶ
2285 3230 2364 3296 ἐν,
2382 3230 2668 3302 ἐλεύθερον
2685 3227 2825 3285 εἶναι
2847 3232 3288 3304 ὑποτοπαζομεν.
3313 3233 3388 3287 Οὐ
3408 3236 3522 3304 γὰρ
3546 3234 3766 3306 ἀνάγκῃ

483 3324 596 3393 agit
629 3322 990 3386 necessitate,
1031 3335 1206 3390 neque
1238 3323 1457 3391 quando
1481 3337 1587 3374 non
1615 3321 1747 3390 agit,
1785 3321 1898 3373 sive
1921 3319 2072 3372 inor-

484 3419 692 3481 dinate,
727 3417 845 3470 sive
876 3416 1039 3471 simul
1070 3417 1273 3480 omnia,
1298 3416 1412 3485 jam
1454 3417 1617 3469 etiam
1651 3425 1884 3484 ponetur
1918 3427 2071 3469 extra

485 3509 696 3576 Opiﬂcis
741 3519 1011 3562 naturam.
1060 3507 1248 3562 Nonne
1286 3508 1381 3562 tibi
1432 3508 1586 3562 valde
1632 3507 1954 3572 absurdum,
2000 3508 2074 3561 mi

479 3599 830 3670 philosophe,
886 3599 1118 3664 videtur,
1169 3601 1560 3667 confitendum,
1607 3616 1729 3655 esse
1779 3601 2074 3665 medicum,

485 3693 576 3762 qui
611 3691 910 3747 instructus
932 3701 1017 3746 est
1041 3701 1158 3747 arte
1187 3693 1417 3757 medica,
1445 3708 1563 3745 eam
1587 3692 1778 3746 habitu
1811 3693 2075 3762 possidet,

485 3793 541 3837 et
575 3783 628 3838 in
680 3799 738 3838 se
775 3786 891 3852 ipso
920 3784 1260 3848 circumfert,
1298 3800 1462 3838 unum
1499 3794 1681 3839 autem
1717 3794 1810 3838 aut
1845 3785 2074 3839 alterum

485 3889 716 3945 corpore
749 3875 1083 3930 laborantem
1131 3885 1185 3931 et
1215 3875 1638 3946 periclitantem,
1676 3891 1743 3930 ne
1775 3875 2080 3932 elemento-

489 3982 608 4020 rum
654 3979 915 4036 compage
967 3965 1315 4033 dissolvatur,
1371 3967 1595 4023 medica:
1628 3967 1763 4022 artis
1810 3967 2075 4022 beneﬂcio

489 4187 710 4240 nemque
749 4175 1042 4241 majorum,
1087 4169 1200 4238 ejus
1256 4169 1672 4223 communionem
1719 4163 2076 4220 indissolubili

485 4244 730 4295 societate
788 4244 856 4294 ad
902 4241 1011 4293 ha'c
1059 4255 1220 4306 usque
1265 4250 1501 4306 tempora
1547 4253 1839 4298 servemus,
1892 4245 2066 4306 tamen

487 4313 542 4364 id
580 4309 934 4364 obsecramus.
967 4309 1107 4362 lnter
1135 4305 1254 4376 ejus
1286 4305 1595 4377 singulares
1625 4308 1803 4359 (‘ttlltls
1835 4305 2066 4377 habeba-

493 4392 578 4434 tnr
609 4381 908 4450 frequentia
943 4375 1432 4450 consecrandaruin
1461 4376 1571 4450 ρει)
1601 4377 1863 4450 virginum
1894 4375 2069 4440 copia,

489 4466 609 4519 quin
643 4444 788 4503 tanta
821 4448 1114 4518 quotannis
1153 4456 1291 4511 erat,
1335 4455 1395 4519 ut
1426 4444 1664 4519 aliorum
1687 4447 1928 4519 locorum
1969 4459 2069 4496 nu-

490 4514 698 4590 merum
745 4514 903 4590 Ion—ge
946 4526 1319 4590 essitperaret.
1357 4514 1760 4590 Auctor'trinm
1809 4514 2068 4590 libroruin

488 4588 566 4643 De
587 4582 895 4657 virginibus,
925 4582 1100 4640 cidem
1124 4584 1814 4657 Ainbrosro‘aseriptoruin.
1844 4582 1936 4657 lib.
1970 4597 2063 4637 Ill:

490 4659 550 4713 Si
591 4652 708 4728 quis
745 4666 897 4727 putat
947 4655 1340 4728 conservatione
1386 4652 1645 4728 uirginum
1691 4654 1857 4728 minui
1906 4670 2068 4728 genus

489 4722 802 4790 hurrianurn,
852 4727 1143 4779 consideret
1174 4723 1322 4790 quia,
1366 4722 1453 4775 ubi
1485 4737 1667 4788 pauca?
1707 4725 1929 4790 virgines
1953 4765 1967 4786 ,
1996 4725 2069 4775 ibi

488 4801 646 4851 etiam
673 4798 948 4866 pauciores
971 4794 1246 4853 homines;
1287 4792 1372 4866 ubi
1405 4794 1715 4861 virginitatis
1751 4794 1928 4866 studia
1961 4809 2072 4844 cre-

490 4863 700 4932 briora,
730 4869 799 4919 ibi
823 4879 1095 4920 numerum
1121 4877 1323 4931 quoque
1348 4865 1618 4915 hominum
1654 4881 1763 4917 esse
1794 4863 2066 4930 majorem.

490 4937 688 4990 Discite

489 5005 756 5076 Africana
788 5005 1027 5076 Ecclesia
1060 5017 1292 5076 sacrare
1319 5005 1620 5076 quotannis
1650 5006 2009 5076 consueverint
2054 5015 2072 5054 :

489 5072 763 5142 pauciores
811 5076 893 5127 hic
927 5073 1160 5126 homines
1195 5075 1471 5136 prodeunt,
1513 5090 1667 5142 quam
1708 5074 1818 5126 illic
1846 5072 2071 5139 virgines

477 5155 883 5199 consecrantur.
912 5142 1169 5196 Ro-uanre
1187 5142 1403 5212 quidem
1433 5145 1686 5198 Ecclesia:
1706 5143 2072 5197 Alexandrina

493 5233 664 5284 usque
682 5217 744 5269 ad
777 5214 1156 5284 gloriatioan
1188 5213 1640 5284 conjungebatur.
1660 5213 1856 5268 Beatus
1878 5214 2072 5264 Hiero-

495 5282 720 5356 ttyinus,
740 5282 898 5356 epist.
929 5283 997 5336 68
1024 5303 1036 5336 :
1062 5282 1138 5336 Tu
1169 5283 1300 5338 scito
1327 5282 1472 5336 nobis
1507 5284 1635 5336 nihil
1665 5299 1774 5336 esse
1807 5284 2074 5356 antiquius

491 5353 649 5424 quam
682 5353 876 5408 Christi
893 5356 1022 5423 jura
1043 5370 1274 5417 servare,
1301 5369 1391 5424 nec
1413 5365 1622 5419 patrum
1655 5353 1947 5424 transferre
1968 5365 2074 5404 ter-

493 5423 682 5487 minus,
708 5426 795 5477 sed
815 5440 1014 5490 semper
1036 5425 1327 5477 meminisse
1354 5423 1642 5477 Romanam
1665 5423 1825 5489 ﬁdem
1859 5425 2076 5486 Aposto-

495 5497 596 5549 tico
629 5511 716 5549 ore
757 5495 1052 5557 laudatam,
1081 5494 1232 5562 cujus
1259 5509 1314 5562 se
1357 5509 1468 5546 esse
1495 5494 1805 5560 participem
1844 5493 2076 5546 Alexan-

493 5567 651 5618 drina
688 5566 924 5617 Ecclesia
965 5560 1246 5631 gloriatur.
1284 5560 1593 5617 l‘eenliares
1621 5565 1864 5629 ejusdem
1900 5563 2077 5615 Eccle-

494 5640 588 5688 size
623 5637 1042 5690 consuetudines
1064 5674 1078 5696 ,
1109 5643 1166 5687 ut
1199 5633 1478 5687 sedentem
1521 5635 1832 5700 episcopum
1863 5637 2078 5686 audisse

494 5707 594 5775 trgi
629 5705 914 5776 Evangelia
937 5719 1174 5776 eumque
1199 5705 1377 5776 solum
1396 5705 1709 5776 concionari
1731 5706 2078 5776 consum-isse

493 5773 648 5831 notat
697 5773 1032 5845 Nicephorus
1073 5773 1363 5838 Callistus,
1396 5774 1488 5829 lib.
1528 5789 1625 5839 sit,
1654 5789 1703 5828 c.
1747 5773 1838 5828 54.
1887 5773 1935 5828 ls
1967 5774 2079 5842 epi-

737 4945 990 5013 qu_antas_
1020 4933 1380 4985 Alexandrina
1433 4935 1690 5013 totiusque
1746 4934 1976 5013 Orientis
2021 4940 2070 4985 ct

2179 3323 2511 3393 δημιουργεῖ
2571 3324 2604 3394 ή
2654 3322 2916 3396 ἐλευθέρα
2964 3325 3058 3378 καὶ
3113 3324 3360 3396 μακαρία
3414 3325 3612 3394 φύσις,
3653 3323 3766 3378 οὔτ’

2176 3414 2364 3484 ἐπειδή
2401 3431 2530 3467 ποτε
2562 3416 2636 3485 μὴ
2685 3415 3048 3486 δημιουργεῖ,
3101 3416 3236 3486 μηδὲ
3287 3417 3564 3483 ἀτάκτως,
3621 3417 3757 3488 μηδὲ

2177 3506 2293 3577 ἅμα
2322 3508 2520 3572 πάντα,
2566 3507 2667 3579 ήδη
2709 3508 2806 3561 καὶ
2828 3508 2922 3562 τοῦ
2970 3506 3110 3563 εἶναι
3141 3509 3478 3580 δημιουργὸς
3513 3511 3620 3577 ἐξω
3650 3511 3769 3564 κείο

2184 3613 2356 3649 σεται.
2390 3598 2458 3649 Ἦ
2486 3598 2587 3650 οὐκ
2625 3597 2889 3662 ἐπιεικῶς
2918 3598 3121 3652 ἄτοπόν
3167 3616 3270 3665 σοι,
3302 3592 3348 3652 ὦ
3382 3600 3556 3668 φίλος,
3592 3617 3767 3652 κατα-

2177 3687 2450 3756 φαίνεται,
2490 3688 2676 3754 ίατρδν
2710 3689 2920 3742 ἐκεῖνον
2957 3689 3158 3743 ειδέναι
3205 3691 3302 3743 καὶ
3351 3690 3639 3761 ὁμολογεῖν
3676 3691 3769 3743 τὸν

2182 3783 2282 3849 τῆς
2316 3780 2565 3851 ἰατρικῆς
2587 3779 2996 3852 ἐπειλημμένον
3033 3781 3253 3854 τέχνης,
3280 3784 3374 3836 καὶ
3402 3785 3462 3836 ἐν
3495 3782 3605 3849 ἕξει
3637 3779 3771 3834 ταύ-

2158 3888 2278 3942 -της
2314 3873 2606 3940 γεγονότα,
2646 3872 2740 3926 καὶ
2780 3871 2990 3943 ταύτην
3043 3873 3101 3926 ἐν
3130 3873 3310 3944 ἐαυτῷ
3359 3875 3768 3946 περιφέροντα·

2179 3964 2276 4017 ἐνα
2310 3963 2368 4016 δέ
2403 3981 2507 4016 που
2544 3963 2578 4038 ἢ
2605 3963 2858 4036 δεύτερον
2891 3965 2952 4018 τὸ
2999 3963 3161 4038 σῶμα
3189 3966 3437 4038 καμόντα
3460 3967 3556 4021 καλ⁸
3587 3965 3772 4018 κινδυ-

2184 4179 2374 4234 eopus,
2406 4175 2527 4234 post
2562 4166 2780 4221 tertium
2827 4166 3157 4237 Ephesinum
3205 4168 3529 4232 consilium,
3574 4179 3626 4222 et
3661 4169 3766 4222 mi-

2180 4244 2319 4288 tram
2354 4238 2557 4310 recepit
2589 4247 2646 4310 et
2672 4238 2834 4310 Papa:
2861 4238 2962 4310 sibi
3001 4239 3415 4310 appellationem
3437 4239 3761 4310 vindicavit,

2178 4317 2231 4358 et
2280 4307 2519 4360 universi
2568 4307 2716 4361 orbis
2741 4308 2907 4368 judex
2943 4307 3162 4362 habitus
3201 4319 3303 4368 est,
3345 4310 3389 4363 si
3425 4308 3560 4362 ﬁdes
3596 4311 3766 4362 tradi-

2183 4376 2419 4448 tionibus
2444 4376 2688 4444 ejusdem
2719 4376 3009 4446 Nicephori
3043 4377 3135 4431 lib.
3169 4391 3281 4444 xtv,
3327 4393 3378 4432 c.
3432 4379 3520 4441 54,
3552 4395 3604 4448 p.
3643 4379 3763 4432 180.

2105 4458 2150 4514 ι)
2182 4445 2279 4498 ΒΑ.

2247 4516 2359 4586 (60)
2387 4514 2551 4587 Μήζε
2581 4516 3077 4584 πανηγυρίζοντα.
3135 4515 3190 4569 lu
3243 4516 3474 4572 cmtibns
3506 4535 3607 4572 non
3643 4535 3766 4587 per-

2174 4585 2444 4639 orantem.
2498 4585 2554 4638 ln
2589 4589 2945 4640 conventibus
2997 4588 3314 4655 populorum
3375 4603 3471 4656 per
3519 4585 3768 4644 civitates

2174 4664 2347 4708 artem
2404 4670 2557 4707 suam
2610 4659 2939 4710 exercebant
2981 4661 3244 4718 rhetores,
3291 4661 3455 4713 variis
3515 4661 3676 4712 motis
3733 4677 3760 4711 ιι

2174 4725 2412 4792 quolibet
2461 4725 2874 4792 quaestionibus.
2933 4726 3024 4780 Sic
3062 4728 3398 4781 somniorum
3454 4729 3760 4781 doctrinam

2177 4805 2230 4866 et
2257 4794 2456 4866 judicia
2491 4809 2588 4862 per
2624 4809 2928 4864 panegyres
2963 4795 3188 4850 Grtccize
3221 4811 3340 4849 sese
3370 4800 3680 4866 explorasse
3712 4809 3767 4851 et

2177 4863 2330 4917 libris
2362 4871 2547 4931 postea
2596 4863 2882 4919 Inandasse
2927 4868 3119 4919 scribit
3152 4863 3530 4922 Artemidorus
3577 4868 3763 4921 Prote-

2180 4935 2288 5006 t‘nio
2321 4932 2537 5006 {T0510
2583 4934 2640 4987 δέ
2674 4935 2770 5006 καὶ
2808 4935 3015 5006 σφόδρα
3061 4935 3506 5005 διαϐεόλημένων
3554 4937 3664 4988 τῶν
3708 4939 3764 4988 ἐν

2179 5002 2356 5077 ᾁγορᾷ
2385 5006 2665 5077 μάντεων,
2689 5002 2782 5077 οὓς
2807 5002 2882 5077 δὴ
2917 5002 3184 5077 προΐκτας
3217 5023 3277 5058 τε
3309 5002 3410 5077 καὶ
3439 5006 3642 5075 γόητας
3675 5009 3766 5061 καὶ

2180 5073 2525 5146 βωμολόχους
2552 5073 2811 5146 καλοῦσιν
2842 5073 2890 5128 σι
2920 5073 3508 5146 σεμνοπροσωποῦντες
3531 5073 3636 5129 και
3669 5084 3766 5136 τας

2177 5139 2348 5233 ξξβῦς
2398 5139 2810 5233 aemine-
2863 5139 3440 5233 mansuescit;
3485 5147 3762 5233 δξσειιῆςν

2177 5213 2322 5285 ἔτεσι
2363 5214 2577 5285 πολλοῖς
2607 5215 2886 5285 ὡμίλησα,
2924 5213 3108 5269 καὶέν
3164 5213 3375 5269 Ἐλλάδι
3402 5213 3556 5285 κατὰ,
3582 5215 3765 5276 πόλεις

2180 5284 2270 5356 καὶ
2308 5283 2686 5356 πανηγύρεις,
2722 5283 2827 5356 καί
2866 5287 2924 5336 ἐν
2975 5287 3151 5356 Ἀσίᾳ,
3188 5288 3282 5356 καὶ
3318 5286 3378 5356 ἐν
3438 5284 3638 5355 Ἰταλίᾳ
3673 5286 3767 5336 καί⁸

2178 5353 2285 5405 τῶν
2318 5353 2498 5424 νήσων
2532 5353 2662 5417 ’ταῖς
2703 5354 2987 5424 μεγίσταις
3022 5353 3115 5407 καί
3151 5353 3765 5424 πολυανθρωποτᾰταις,

2180 5423 2470 5492 ὑπομένων
2499 5423 2721 5476 ἀκούειν
2751 5423 3014 5488 παλαιοὺς
3038 5424 3280 5492 ὀνείρους
3311 5423 3406 5476 καῖ
3435 5423 3640 5476 τούτων
3666 5426 3767 5487 τας

2181 5494 2504 5558 ἀποῦἀσεις.
2531 5494 2697 5548 Multa
2725 5494 2840 5546 loca
2871 5495 2976 5548 huc
3003 5493 3301 5563 pertinent,
3331 5495 3563 5563 hincque
3590 5496 3764 5546 lucem

2182 5566 2421 5631 capiunt,
2448 5575 2728 5619 oratorum
2759 5563 3074 5634 (ira-corum
3107 5566 3207 5617 sub
3237 5564 3482 5618 Romano
3515 5565 3764 5634 imperio,

2182 5630 2453 5702 principue
2500 5634 2747 5688 Lttciani.
2793 5630 2953 5686 Varia
2994 5644 3174 5688 autem
3222 5634 3547 5703 signiﬁcatio
3584 5630 3765 5698 verbi;

2182 5719 2305 5756 nam
2344 5715 2489 5759 recte
2535 5711 2591 5757 et
2637 5705 2770 5758 festa
2823 5713 2879 5758 et
2917 5703 3224 5772 spectacula
3280 5716 3346 5772 et
3387 5705 3569 5756 laudes
3622 5705 3766 5772 ipsas

2183 5775 2480 5845 pauegyrin
2501 5773 2786 5844 complecti
2802 5771 3316 5832 natat’doctissimus
3330 5771 3655 5845 Hesychius.
3669 5775 3771 5826 BA.
