4052 6388
401 407 537 470 1069

1411 401 1868 464 DISPUTATIO
1909 401 2005 460 DE
2048 400 2300 459 MUNDI
2339 399 2689 458 OPIFICIO.

3525 395 3659 459 1070

392 517 662 574 νεύσαντα
692 515 792 586 τῆς
829 515 937 571 τῶν
983 514 1264 586 στοιχείων
1321 515 1586 586 ἁρμονίας
1629 513 1968 579 διαλυθῆναι,

2081 521 2252 575 curat,
2289 527 2466 580 neque
2498 510 2708 562 interea
2740 507 2885 561 circa
2920 506 3245 560 medicinam
3272 515 3534 576 perpetuo
3567 524 3659 560 oc-

393 609 481 663 διά
515 608 614 679 τῆς
672 608 922 680 ἰατρικῆς
981 607 1422 677 εὐεργετήσαντα
1477 605 1694 675 τέχνης,
1751 604 1851 656 κᾶν
1903 603 1977 684 μὴ

400 699 532 771 περ)¹
562 699 662 770 τὴν
689 698 936 770 ἰατρικὴν
965 700 1024 762 ὲς
1067 699 1155 751 ἀεὶ
1193 698 1394 768 ἐνεργῇ
1419 713 1434 729 ·
1488 695 1579 749 τὸν
1621 696 1679 748 δὲ
1727 695 1860 748 Θεὸν
1899 696 1974 764 μὴ

397 791 732 862 δημιουργὸν
798 789 1186 856 ύποτοπάζειν,
1255 791 1384 842 ὅταν
1468 788 1650 860 ἐθέλῃ,
1718 789 1978 859 δημιουρ.

397 879 629 950 γοῦντα;

466 973 597 1025 ΙΑΤ.
635 971 784 1025 Πάνυ
817 989 905 1042 γε.

462 1063 694 1118 ΧΡΙΣΤ.
751 1063 938 1135 Αὐτὰρ
969 1063 1063 1116 καὶ
1095 1063 1188 1116 τὸν
1226 1063 1537 1118 τεκτονικὸν
1575 1064 1671 1116 καὶ
1704 1063 1976 1133 οἰκοδομι-

393 1153 488 1205 κὸν
509 1193 524 1218 ,
565 1152 828 1222 μουσικόν
855 1171 915 1206 τε
955 1149 1026 1206 αὖ
1064 1153 1160 1206 κα)⁵
1191 1153 1506 1224 ῥητορικὸν,
1528 1152 1681 1208 οὐδὲν
1713 1153 1778 1206 ἂν
1800 1152 1977 1222 λωϐή-

395 1257 548 1292 σαιτο
581 1241 612 1311 ἡ
660 1239 718 1294 ἐν
753 1257 861 1295 τινι
892 1241 1071 1313 χρόνῳ
1105 1242 1236 1313 περὶ
1274 1242 1341 1296 τὰ
1389 1241 1748 1313 πραττόμενα
1791 1243 1976 1303 αὐτοῖς

387 1328 580 1401 ἀργία.

463 1421 598 1474 mn
631 1422 706 1475 Οὐ
745 1425 876 1492 γάρ.

463 1514 691 1568 ΧΡΙΣΤ.
712 1510 859 1580 Εἶεν,
875 1510 941 1587 ἦν
962 1515 1008 1568 δ’
1031 1515 1166 1584 ἐγὼ,
1184 1516 1407 1580 τούτους
1429 1516 1526 1586 μὲν
1543 1515 1811 1579 ἅπαντας,
1829 1515 1978 1568 ὲλευ-

395 1603 554 1676 θερίᾳ
590 1623 652 1658 τε
705 1607 1058 1678 γεραίρομεν,
1093 1608 1331 1678 ἀφετυύς
1363 1625 1424 1661 τε
1472 1609 1569 1660 καὶ
1617 1607 1974 1674 αὐτονόμους,

395 1697 490 1749 καὶ
519 1697 699 1767 πάσης
729 1699 975 1770 ἀνάγκης
1019 1701 1178 1764 ἐκτὸς
1229 1697 1371 1755 εἶναι
1403 1700 1649 1770 τίθεμεν,
1708 1700 1838 1769 περὶ
1877 1700 1975 1770 τὴν

392 1789 503 1841 τῶν
524 1789 740 1844 οἰκείων
770 1792 978 1863 τεχνῶν
1009 1792 1294 1865 ἐνέργειαν
1313 1809 1327 1823 ’
1361 1792 1454 1846 τὸν
1482 1793 1540 1846 δὲ
1575 1793 1798 1846 πάντων
1823 1792 1976 1862 βασι-

392 1878 488 1932 λέα
516 1881 605 1933 τὸν
633 1882 794 1951 μόνον
826 1883 1136 1956 ἐλεύθερον,
1165 1885 1261 1939 καὶ
1297 1885 1400 1955 τῆς
1437 1884 1604 1947 ὅντως
1643 1883 1813 1955 οὔσης
1832 1885 1980 1937 ὲλευ-
2012 1889 2055 1942 Β

393 1972 583 2043 θερίας
605 1977 717 2036 τοῖς
741 1974 920 2039 ἄλλοις
954 1976 1211 2048 χορηγὸν,
1234 1977 1329 2032 καὶ
1349 1977 1631 2047 διανομέα,
1657 1979 1725 2047 τῇ
1761 1978 1976 2030 πάντων

391 2064 505 2116 τῶν
549 2066 606 2118 ὲν
661 2064 878 2134 γενέσει
918 2067 1013 2119 καὶ
1056 2068 1236 2139 φθορᾷ
1285 2067 1566 2138 κρατούσῃ
1607 2066 1978 2136 ὐποζεύξομεν

393 2154 631 2228 ἀνάγκῃ,
677 2157 771 2210 καὶ
795 2157 964 2228 ταύτῃ
993 2157 1272 2212 δουλεύειν
1305 2160 1404 2213 καὶ
1443 2158 1609 2214 αὑτὸν
1635 2158 1980 2228 ὑποτοπήσο-

396 2263 524 2316 μεν·
563 2247 694 2319 ἵν’ἱ)
757 2249 832 2320 μή
886 2249 1220 2320 δημιουργὸς
1262 2250 1579 2322 όμολογοῐτο
1636 2250 1775 2322 πρὸς
1805 2249 1964 2321 ήμῶν

397 2337 682 2410 ἐλευθερίᾳ
705 2341 1096 2411 τετιμημένος,
1143 2341 1344 2412 καὶμὴ
1389 2343 1844 2413 ἀναγκαζόμενος
1887 2330 1981 2411 δη-

395 2429 714 2497 μιουργεῖν;
739 2429 896 2500 Μήτε
929 2429 1022 2499 ὑφ’
1066 2429 1290 2483 ἑαυτοῦ.
1338 2429 1478 2484 οὔτε
1518 2431 1628 2502 γὰρ
1662 2432 1851 2496 στάσις
1885 2430 1980 2484 καὶ

397 2517 546 2588 μάχη
581 2521 711 2590 περ).
739 2520 838 2592 τήν
876 2521 1249 2576 ἀστασίαστον
1278 2523 1373 2576 καὶ
1407 2522 1692 2594 ἀμάχητον
1723 2524 1816 2578 καὶ
1844 2524 1982 2594 ἡρε-

397 2605 605 2675 μοῦσαν
654 2610 749 2662 καὶ
780 2610 1090 2682 είρηναίαν,
1146 2611 1353 2681 μᾶλλον
1387 2610 1445 2664 δὲ
1475 2612 1834 2683 αὑτοειρήνην
1867 2613 1980 2683 (Gl)

391 2701 768 2769 τυγχάνουσαν
790 2700 942 2756 θείαν
976 2705 1162 2772 φύσιν.
1193 2703 1412 2773 Ἐπειδὴ
1439 2705 1589 2760 πᾶσα
1608 2704 1846 2772 ἁπλότης
1868 2704 1980 2775 (69.)

393 2789 491 2842 καὶ
535 2790 669 2843 αὐτὸ
709 2791 771 2843 τὸ
818 2791 898 2855 ἒν,
945 2791 1041 2844 καὶ
1091 2791 1343 2854 σύνθεσις
1397 2791 1658 2860 οὐδαμοῦ,
1704 2794 1840 2861 μήτε
1875 2793 1983 2846 ὑπό

394 2897 508 2933 του.
553 2882 628 2936 Οὐ
675 2882 786 2952 γὰρ
828 2883 924 2936 τοῦ
968 2882 1190 2936 πάντων
1226 2882 1490 2952 βασιλέως
1519 2883 1636 2935 ὲστί
1680 2901 1732 2936 τι
1777 2885 1982 2938 ἐπανα-

394 2967 657 3039 6ε6ηκός’
704 2970 737 3042 ἢ
789 2973 836 3025 εί
899 2971 1234 3042 δημιουργὸς
1290 2969 1709 3037 ὑποτοπάζοιτο,
1763 2972 1981 3041 δεσμοῖς

395 3059 643 3132 ἀνάγκης
700 3061 890 3116 τοῦτον
944 3063 1298 3134 δημιουργεῖν
1331 3062 1443 3134 (65)
1500 3063 1800 3134 νομίσομεν
1831 3063 1971 3134 (64).

471 3240 602 3296 ῙΔΤ.
633 3237 831 3304 Καλῶς
860 3241 1060 3310 λέγεις.

469 3331 693 3383 ΧΡΙΣΤ.
727 3327 802 3384 Ἦ
830 3333 930 3385 οὐκ
980 3329 1155 3395 οἶσθα,
1206 3325 1252 3386 ὧ
1309 3331 1438 3404 φίλη
1493 3333 1726 3403 κεφαλὴ,
1777 3331 1852 3396 ὡς
1883 3331 1984 3386 οὐκ

396 3422 614 3492 ἀνάγκη
641 3463 657 3488 ,
688 3421 826 3476 ἀλλά
857 3423 994 3494 μόνη
1045 3422 1340 3494 ἀγαθότης,
1371 3424 1469 3494 τῆς
1497 3423 1857 3495 δημιουργίας
1890 3423 1984 3476 καί

402 3515 674 3584 ποιήσεως
696 3514 851 3568 τοῦδε
881 3514 978 3568 τοῦ
1024 3515 1229 3580 παντὸς
1277 3515 1659 3586 καθηγήσατο,
1691 3517 1786 3569 καὶ
1812 3533 1983 3587 προσ-

393 3605 582 3657 τάττει
627 3605 721 3657 καὶ
766 3605 1125 3676 ήγεμονεύει;
1159 3606 1269 3660 Καὶ
1316 3607 1364 3658 εί
1399 3606 1578 3676 βούλει
1611 3645 1625 3669 ,
1672 3607 1836 3660 ἄκουε
1889 3608 1985 3658 καὶ

394 3694 492 3747 τοῦ
517 3697 786 3768 ὑμετέρου
831 3697 1118 3761 Πλάτωνος
1147 3697 1355 3768 ταύτην
1389 3698 1484 3750 καὶ
1511 3697 1680 3767 μόνην
1703 3697 1883 3750 αἰτίαν
1911 3693 1978 3749 εἴ·

396 3804 487 3840 ναι
517 3788 768 3858 λέγοντος
798 3793 897 3858 τῆς
927 3789 1036 3842 τῶν
1064 3789 1201 3843 ὅλων
1245 3789 1595 3853 συστάσεωςο
1644 3789 1720 3853 ὡς
1765 3789 1857 3842 τὸν
1888 3789 1976 3842 Tl-

390 3894 575 3947 μαιον
615 3879 903 3943 συντιθεὶς,
934 3873 1036 3934 ὧδέ
1071 3895 1224 3950 φησιο
1272 3880 1532 3950 Λέγωμεν
1569 3880 1669 3948 τὴν
1698 3879 1878 3933 αἰτίαν
1909 3879 1977 3932 δι’

395 3969 465 4038 ἦν
497 3975 526 4023 ό
573 3971 828 4035 συνιστὰς
869 3972 988 4025 τόδε
1035 3971 1096 4025 τὸ
1126 3973 1236 4025 πᾶν
1297 3972 1668 4042 συνεστήσατο
1693 3989 1707 4002 ο
1773 3966 1978 4039 ἀγαθὸς

396 4055 468 4130 ἦν
497 4076 512 4092 ’
547 4062 740 4132 ἀγαθῷ
775 4061 831 4115 δὲ
869 4062 1044 4125 οὐδεὶς
1081 4062 1335 4115 οὐδέποτε
1371 4061 1504 4131 περὶ
1546 4061 1758 4125 οὐδενὸς
1793 4061 1861 4115 ἂν
1888 4061 1980 4130 γέ-

399 4167 545 4204 νοιτο
568 4151 761 4218 φθόνος
787 4167 801 4182 ο
831 4150 967 4222 πρὸς
1005 4151 1082 4218 δὲ,
1114 4149 1213 4203 καὶ
1240 4147 1396 4202 τοῦτο
1430 4149 1606 4220 ἄθρει.

470 4244 604 4296 ΙΑΤ.
631 4242 702 4296 Τὸ
725 4245 875 4296 ποῖον
902 4241 965 4312 δή
991 4259 1006 4307 ;

471 4396 584 4465 (61)
611 4393 1033 4462 Αὑτοειρήνην.
1063 4394 1156 4450 Dei
1185 4395 1470 4465 imperium
1495 4404 1546 4449 et
1572 4394 1830 4462 maiestas
1856 4394 1970 4463 ipsa

398 4478 499 4538 pax
526 4472 630 4528 est,
659 4481 818 4538 quam
856 4480 960 4538 non
997 4475 1222 4538 tangunt.
1254 4465 1516 4519 tumultus
1545 4471 1968 4538 qualescunque.

2084 601 2554 670 cupatur:Deum
2609 609 2789 653 autem
2848 596 3096 667 opiﬁcem
3149 612 3270 653 esse
3320 597 3657 668 negandum.

2081 696 2225 762 quod
2282 694 2498 748 nonnisi
2531 707 2652 747 cum
2692 690 2824 746 velit
2856 689 3151 760 operetur?

2152 955 2318 1010 MED.
2360 951 2612 1010 Maxime.

2151 1041 2423 1099 CllRlST.
2465 1041 2533 1096 Et
2569 1055 2696 1096 vero
2730 1040 2946 1095 labrum
2995 1045 3052 1094 et
3108 1036 3485 1100 architectum,
3530 1048 3662 1088 cau-

2080 1134 2422 1203 sidicumque
2457 1141 2514 1187 et
2548 1133 2824 1186 rhetorem
2877 1129 3012 1184 nihil
3044 1128 3246 1184 laeserit
3276 1168 3292 1192 ,
3320 1127 3366 1182 si
3410 1125 3663 1194 aliquan-

2079 1225 2170 1279 diu
2199 1225 2267 1279 ab
2303 1224 2390 1290 iis,
2426 1225 2572 1280 circa
2599 1239 2720 1294 quae
2755 1232 3006 1279 versatur
3044 1236 3235 1277 eorum
3271 1234 3384 1286 ars,
3415 1219 3658 1272 desistet.

2153 1399 2316 1453 MED.
2357 1397 2594 1452 Minime.

2149 1488 2422 1546 CHRIST.
2464 1487 2727 1559 Agedum,
2776 1489 2876 1543 hos
2920 1488 3141 1558 quidem
3187 1500 3376 1542 omnes
3407 1484 3663 1540 libertate

2077 1583 2402 1636 decoramus
2445 1580 2675 1647 solutos,
2730 1590 2786 1633 et
2829 1579 2910 1634 sui
2945 1578 3103 1648 juris,
3149 1592 3214 1633 ac
3249 1588 3403 1632 extra
3442 1591 3659 1630 onmem

2080 1672 2466 1726 necessitatem
2499 1670 2771 1741 ponimus,
2801 1670 2946 1740 quod
2987 1669 3184 1723 attinet
3213 1669 3280 1722 ad
3316 1669 3660 1737 propriarum

2077 1763 2277 1817 artium
2304 1762 2650 1817 ellicientiam
2683 1779 2696 1816 :
2731 1761 2973 1816 omnium
3002 1771 3182 1815 autem
3222 1775 3406 1829 regem
3440 1761 3530 1829 qui
3564 1776 3660 1814 so-

2080 1853 2162 1907 lus
2194 1861 2278 1918 est
2308 1853 2464 1918 liber,
2501 1870 2566 1908 ac
2597 1867 2779 1906 veram
2829 1852 3136 1906 libertatem
3171 1851 3425 1906 omnibus
3477 1866 3667 1918 suppe-

2081 1946 2220 1999 ditat
2261 1916 2323 1999 let
2373 1916 2674 2013 dispensat,
2725 1944 3040 1998 necessitati
3086 1957 3204 2009 quae
3251 1916 3660 1996 dominatur—in

2079 2038 2330 2094 omnibus
2358 2038 2459 2092 sub
2483 2050 2663 2091 ortum
2694 2046 2748 2090 et
2782 2036 3066 2090 interitum
3111 2034 3448 2097 cadentibus,
3497 2032 3666 2102 subji-

2079 2131 2312 2196 ciemus,
2361 2144 2426 2184 ac
2457 2130 2506 2184 ei
2552 2127 2848 2198 mancipari
2899 2127 3067 2181 etiam
3099 2126 3276 2195 ipsum
3325 2125 3662 2179 existimabi-

2081 2237 2232 2289 mus;
2282 2232 2344 2277 ut
2393 2237 2501 2276 non
2548 2221 2734 2290 opifex
2784 2219 3083 2274 allirmetur
3124 2233 3156 2271 a
3213 2217 3368 2272 nobis
3410 2217 3665 2272 libertate

2080 2322 2328 2378 ornatus,
2361 2321 2416 2368 et
2446 2327 2553 2367 non
2588 2312 2920 2368 necessitate
2951 2319 3178 2367 coactus
3204 2310 3271 2364 ad
3298 2324 3386 2391 res
3413 2311 3659 2365 conden-

2081 2406 2216 2462 das?
2239 2404 2427 2475 Neque
2477 2421 2506 2458 a
2537 2419 2598 2459 se
2629 2405 2765 2473 ipso.
2811 2403 2997 2474 Neque
3043 2404 3188 2458 enim
3230 2413 3316 2458 est
3347 2402 3544 2457 seditio
3578 2401 3664 2454 vel

2082 2512 2258 2566 pugna
2293 2497 2443 2551 circa
2489 2497 2725 2568 divinam
2755 2506 3032 2560 naturam,
3079 2494 3259 2549 omnis
3300 2495 3666 2564 repugnantia:

2081 2597 2138 2642 et
2178 2586 2538 2643 dissensionis
2585 2595 2884 2655 expertem,
2930 2597 2984 2641 et
3015 2587 3255 2655 quietam
3305 2593 3360 2638 et
3393 2593 3664 2652 pacatam,

2083 2678 2192 2734 imo
2219 2694 2346 2734 vero
2377 2677 2708 2748 ipsissimam
2740 2691 2954 2747 pacem.
3005 2678 3454 2747 Quandoquidem
3489 2679 3666 2732 omnis

2081 2768 2402 2836 simplicitas
2459 2766 2624 2821 etiam
2681 2765 2862 2834 ipsum
2911 2782 3076 2820 unum
3122 2777 3229 2830 est,
3259 2765 3665 2833 etcompositio

2089 2873 2384 2927 nusquam,
2419 2871 2594 2926 neque
2624 2857 2694 2912 ab
2722 2857 2907 2926 aliquo
2942 2857 2992 2911 ei
3029 2857 3270 2911 advenit.
3306 2855 3491 2925 Neque
3519 2857 3664 2910 enini

2084 2949 2461 3004 universorum
2495 2947 2604 3018 regi
2652 2948 2943 3016 quidquam
2991 2949 3229 3011 accidit;
3267 2956 3361 3000 aut
3403 2948 3446 3000 si
3481 2947 3664 3016 opifex

2083 3040 2452 3102 existimetur,
2478 3040 2706 3094 vinculis
2730 3041 3071 3094 necessitatis
3101 3042 3457 3094 constrictum
3487 3042 3662 3110 ipsum

2083 3133 2320 3188 condere
2348 3131 2759 3185 arbitrabimur.

2007 3239 2050 3296 ο
2153 3223 2319 3278 MED.
2361 3221 2595 3277 Pulchre
2621 3224 2782 3277 dicis.

2151 3314 2426 3372 CHRIST.
2475 3317 2557 3370 An
2606 3317 2829 3381 nescis,
2873 3316 3260 3370 charissimum
3310 3327 3508 3385 caput,
3556 3332 3663 3371 non

2083 3411 2483 3475 necessitatem,
2519 3411 2613 3463 sed
2638 3409 2808 3463 solam
2847 3409 3146 3463 bonitatem
3192 3409 3393 3478 opilicii
3434 3419 3489 3464 et
3531 3409 3663 3464 ell'e-

2081 3501 2277 3556 Ctionis
2317 3499 2472 3567 hujus
2510 3499 2890 3554 universitatis
2922 3499 3114 3554 ducem
3159 3498 3352 3564 fuisse,
3385 3509 3438 3555 et
3472 3501 3663 3568 ρι’ωεὶ-

2082 3592 2225 3656 dem,
2261 3599 2316 3644 et
2344 3590 2804 3660 gubernatorem?
2829 3590 2884 3644 Si
2918 3590 3018 3654 vis,
3056 3590 3180 3642 audi
3209 3601 3447 3643 vestrum
3476 3589 3662 3644 Plato—

2085 3698 2230 3746 nem,
2256 3684 2396 3736 hanc
2421 3683 2593 3738 solam
2616 3697 2735 3737 esse
2759 3697 2980 3737 causam
3011 3665 3662 3752 pronuntiantem’mundi

2084 3775 2470 3830 constituendi.
2502 3773 2596 3830 Ille
2639 3773 2895 3828 Timteum
2933 3774 3303 3837 conscribens,
3336 3773 3416 3826 sic
3447 3774 3660 3842 inquit:

2085 3865 2324 3922 Edamus
2351 3882 2598 3934 causam,
2635 3874 2855 3936 prapter
2877 3881 3039 3935 quam
3069 3866 3335 3920 Conditor
3373 3866 3513 3920 hanc
3543 3866 3660 3918 nni-

2087 3961 2401 4014 versitatem
2453 3961 2738 4016 condidit:
2770 3959 2954 4014 Bonus
3000 3967 3140 4025 erat,
3189 3959 3332 4012 bono
3385 3973 3659 4026 nunquam

2086 4052 2192 4107 ulla
2227 4053 2293 4108 de
2329 4068 2387 4107 re
2435 4053 2576 4108 inest
2622 4051 2850 4107 invidia.
2889 4051 3160 4108 Praeterea
3205 4051 3369 4105 etiam
3399 4050 3540 4105 istud
3577 4052 3658 4105 in-

2085 4144 2250 4214 spice.
2459 4127 2462 4134 ’

2159 4237 2318 4292 MED.
2361 4236 2666 4302 Quidnam?

2079 4405 2184 4448 cat.
2215 4393 2484 4456 Lucanus,
2515 4395 2604 4448 lih.
2637 4409 2670 4447 ιι
2704 4411 2715 4446 :
2745 4390 2976 4463 [Pacem
3007 4403 3424 4446 summatenent.
3455 4393 3658 4447 Seneca

2082 4467 2220 4530 apud
2252 4465 2589 4517 Lactantium
2620 4464 2712 4518 ιιι).
2750 4478 2822 4528 Vl,
2845 4479 2895 4514 c.
2927 4463 2998 4515 25
3031 4480 3044 4514 :
3077 4463 3301 4515 vultisne
3322 4480 3427 4521 eos,
3462 4464 3658 4529 inquit,

398 4524 565 4588 Docet
589 4524 781 4588 natura
805 4524 1132 4588 beatissima:
1154 4545 1380 4598 naturae,
1405 4524 1580 4603 neque
1604 4537 1781 4587 minus
1803 4524 1976 4588 sacris
2009 4524 2051 4576 Ι)
2084 4524 2249 4585 Deum
2272 4537 2503 4600 cogitare
2535 4549 2778 4602 magnum
2808 4524 2861 4585 et
2889 4533 3156 4599 placidum
3182 4544 3228 4584 et
3259 4524 3658 4603 majestate'leui

397 4605 758 4671 scriptoribus
785 4613 1118 4672 agnoverunt
1147 4606 1425 4672 gentilium
1463 4605 1724 4657 nonnulli.
1762 4603 1978 4658 Cassio-

396 4674 586 4737 dorus,
637 4673 710 4726 De
761 4678 960 4737 anima,
996 4688 1044 4725 c.
1095 4672 1162 4725 16
1204 4689 1218 4724 :
1263 4675 1490 4726 Serenus
1536 4683 1812 4736 coruscat;
1857 4673 1977 4739 pius

397 4743 683 4810 fallitinat;
724 4744 831 4794 ima
863 4758 1168 4809 summaque
1219 4743 1492 4809 sapientiae
1525 4758 1635 4795 sua:
1665 4744 1774 4808 lege
1802 4742 1979 4794 mode-

397 4825 597 4864 ratur:
637 4813 832 4866 scilicet
870 4817 993 4879 quia
1034 4815 1086 4862 in
1125 4812 1497 4878 gubernatione
1527 4812 1639 4878 ejus
1685 4814 1974 4869 consismnt

399 4883 601 4943 onuiia,
632 4898 734 4934 non
769 4885 823 4935 in
855 4898 950 4932 suo
981 4896 1130 4947 posse
1161 4880 1345 4932 relicta
1371 4894 1388 4939 ;
1418 4880 1672 4932 irascitur
1706 4880 1976 4943 blandus;

334 4951 348 4990 κ
389 4951 602 5022 judicat
641 4951 993 5022 tranquillus;
1020 4959 1066 5022 et
1107 4950 1220 5001 sine
1265 4949 1755 5022 mutabilitateejus
1790 4965 1974 5022 prove-

357 5067 365 5075 .
391 5019 509 5071 ’uiet
539 5020 679 5088 quod
710 5021 1126 5086 delinquentium
1159 5028 1333 5088 reatus
1354 5021 1594 5085 excipiet.
1623 5019 1976 5088 [’liiloSOplios

401 5086 563 5143 nemo
602 5091 792 5143 nescit.
823 5089 1078 5157 Papinius
1117 5089 1184 5141 de
1213 5086 1344 5157 Jove
1375 5103 1587 5140 summo
1615 5099 1668 5141 et
1699 5087 1974 5140 Platonico

401 5159 682 5211 numinum
725 5156 976 5221 numine,
1009 5158 1102 5210 lib.
1148 5173 1204 5209 ιιι
1243 5156 1424 5220 'l‘lieb.,
1457 5160 1546 5223 qui
1582 5158 1802 5211 Martem
1837 5158 1973 5210 allo.

403 5228 589 5298 quitur
624 5247 637 5281 :
669 5227 688 5298 Ῐ
732 5227 1229 5298 Rapecunclantes,
1277 5237 1322 5278 et
1356 5227 1552 5298 [rudera
1599 5228 1750 5298 turba
1795 5225 1974 5298 [Qum

402 5295 682 5358 dedimus;
728 5299 820 5350 tibi
855 5296 1121 5366 fasiipsos
1170 5299 1444 5348 incendere
1486 5296 1618 5366 bello
1651 5297 1668 5366 Ι
1701 5297 1971 5349 (Saticulus

403 5381 686 5432 pacemque
730 5382 920 5419 nteam.
959 5365 1103 5419 Idem
1136 5368 1241 5420 line
1272 5366 1363 5418 lib.
1392 5381 1423 5417 χ
1453 5382 1468 5432 ι
1504 5365 1800 5432 [Junbnem
1837 5369 1972 5417 taci-

403 5444 515 5504 tant
546 5431 832 5501 furibunda
879 5436 1086 5504 silentia
1132 5446 1405 5504 torquent;
1447 5431 1615 5504 [Non
1650 5446 1824 5488 tamen
1861 5439 1974 5487 Iitec

406 5501 621 5556 turbant
659 5521 837 5573 pacem
864 5501 1419 5575 rJuvis.‘Cluudiai_ius.
1449 5501 1606 5575 [Pax
1639 5504 1842 5572 majora
1883 5505 1973 5556 de-

405 5582 578 5627 cet....
611 5572 697 5628 sed
735 5585 788 5627 ut
819 5574 958 5626 altus
989 5573 1197 5643 Olympi
1229 5573 1242 5637 Ι
1282 5572 1495 5638 Vertei,
1531 5577 1620 5643 qui
1646 5577 1816 5640 spatio
1851 5591 1971 5626 ven-

404 5653 498 5715 tos
513 5643 803 5713 hiemesque
831 5643 1096 5715 relinquit,
1124 5645 1139 5715 |
1167 5644 1658 5715 Perpetuumnulla
1687 5654 1972 5696 temeratus

407 5710 542 5764 nube
583 5710 845 5782 serenum,
884 5710 1139 5782 [Celsior
1170 5710 1401 5782 exsurgit
1446 5714 1667 5782 pluuiis,
1723 5716 1972 5780 auditque

408 5790 612 5836 ruentes
639 5781 786 5854 [Sub
809 5780 1026 5848 pedibus
1056 5783 1276 5849 nimbos,
1312 5780 1357 5835 et
1385 5780 1547 5839 rauca
1579 5783 1810 5837 tonitrua
1843 5782 1969 5835 cal-

2085 4604 2382 4666 uerentlunt,
2437 4604 2665 4656 anticum
2703 4611 2748 4655 et
2792 4618 2990 4667 semper
3039 4603 3094 4652 in
3141 4602 3425 4664 proximo?
3457 4605 3509 4655 in
3565 4621 3658 4656 suo

2081 4677 2266 4742 cuique
2287 4674 2675 4726 consecrandus
2699 4682 2773 4725 est
2796 4685 3020 4738 pectore.
3051 4670 3185 4722 Vide
3213 4688 3333 4726 eum
3360 4674 3658 4740 sapientein

2082 4743 2235 4795 libris
2293 4743 2562 4810 plerisque
2618 4745 2889 4803 omnibus,
2928 4742 3210 4810 iprwcipne
3257 4757 3322 4796 eo
3369 4759 3528 4810 quem
3587 4747 3658 4798 De

2085 4809 2489 4876 tranquillitate
2514 4812 2677 4864 animi
2711 4813 2880 4864 dedit.
2922 4809 3018 4863 BA.

2151 4881 2262 4946 (δί)
2299 4879 2472 4934 Πᾶσα
2497 4882 2790 4946 ἁπλότης.
2823 4883 2962 4932 licus
2987 4880 3444 4946 simplicissimus.
3477 4879 3657 4946 Plato,

2153 4965 2188 5002 ιι
2227 4951 2300 5021 De
2326 4967 2431 5018 rep.
2458 4966 2478 5003 :
2510 4949 2718 5021 Κομιδῇ
2751 4950 2858 5020 ἄρα
2884 4949 3061 5021 biiab;
3096 4948 3302 5021 ἁπλοῦν
3336 4952 3429 5021 καὶ
3458 4949 3656 5021 ἀληθὲς

2078 5019 2137 5090 ἐν
2171 5036 2230 5070 τε
2257 5016 2413 5090 ,ἔργῳ
2442 5021 2536 5090 καξι
2565 5016 2623 5071 ὲν
2651 5016 2813 5088 λόγῳ,
2845 5019 2939 5090 κα).
2968 5016 3094 5090 οὔτε
3115 5019 3278 5080 αὐτὸς
3310 5016 3652 5090 μεθίσταται.

2077 5089 2201 5141 οὗτε
2234 5087 2427 5151 ἄλλους
2473 5087 2771 5158 ἐξαπατᾷ,
2798 5087 2919 5140 οὔτε
2947 5087 3109 5158 ,κατᾶ
3156 5090 3500 5158 φαντασίας,
3531 5089 3654 5142 οὔτε

2078 5160 2220 5211 κατὰ
2243 5159 2454 5226 λόγους,
2479 5157 2601 5210 οὕτε
2625 5155 2764 5212 κατὰ
2788 5157 3031 5226 σημείων
3062 5157 3306 5226 πομπὰς,
3340 5155 3454 5208 οὔθ’
3479 5157 3650 5228 ὕπαρ,

2076 5229 2185 5280 οὐδ’
2215 5231 2366 5294 ὄναρ.
2399 5228 2495 5280 ΒΑ.

2147 5299 2258 5366 (65)
2288 5294 2692 5366 Δημιοιεργεῖν,
2722 5311 2918 5360 creare,
2955 5295 3196 5349 condere.
3229 5295 3305 5350 De
3339 5297 3442 5350 hoc
3481 5297 3648 5359 enim,

2079 5382 2180 5420 non
2221 5370 2289 5422 de
2336 5372 2527 5436 quavis
2582 5369 3027 5436 aetioueﬂsermo
3081 5366 3167 5418 hic
3215 5374 3315 5420 est.
3382 5367 3651 5435 Ἀνάγκην

2077 5453 2221 5506 saepe
2249 5433 2379 5492 Jove
2401 5438 2759 5506 omnibusque
2783 5435 2884 5488 diis
2915 5433 3173 5506 majorem
3203 5437 3408 5506 iaciunt
3434 5433 3648 5504 trugiri.

2077 5503 2170 5560 De
2203 5508 2318 5574 ejus
2367 5508 2562 5560 throno
2605 5503 2757 5558 Plato
2809 5513 3057 5558 extremo
3086 5542 3102 5568 ,
3163 5505 3258 5557 lib.
3318 5522 3346 5559 χ
3413 5506 3486 5560 De
3526 5503 3628 5573 rep

2077 5579 2308 5631 tircandi
2337 5586 2391 5631 et
2420 5574 2936 5645 condendi‘verhnm
2962 5574 3126 5630 etiam
3157 5577 3513 5645 sequentibus
3537 5577 3649 5629 elli-

2076 5649 2248 5700 ciendi
2280 5663 2408 5700 voce
2439 5647 2646 5700 malim.
2680 5643 2776 5700 ΒΑ.

2147 5717 2258 5788 (64)
2290 5719 2346 5772 C.
2379 5717 2434 5770 Ρ.
2463 5717 2801 5787 νομίσοιμεν.
