4052 6384
449 371 574 435 1077

1467 369 1924 433 DISPUTATIO
1965 374 2066 433 DE
2105 374 2358 435 MUNDI
2397 375 2729 438 OPIFICIO

3572 380 3707 444 1078

441 489 578 556 ὕλην
607 483 721 556 (85)
768 486 1269 554 συναπογεννήσας.
1310 485 1522 538 Οὑσιῶν
1581 487 1688 555 γὰρ
1750 485 1841 538 τὸν
1889 486 2012 538 Θεδι

2129 502 2224 557 per
2281 491 2688 559 generationem
2749 491 2990 548 adhibet.
3061 492 3500 550 Substantiarum
3562 496 3706 549 enim

450 579 676 650 ποιητὴν
707 573 848 631 εἶναι
890 595 1094 648 φαμεν,
1139 580 1201 630 οὐ
1242 577 1352 649 γὰρ
1379 578 1444 648 δὴ
1500 578 1664 647 μόνον
1697 580 2022 648 σχημάτων,

446 671 586 725 κατά
621 671 679 724 δὲ
701 670 794 723 τὸν
839 652 1105 741 ὑμέτερον
1139 670 1297 739 λόγον
1328 669 1663 740 δημιουργός
1693 672 1840 722 ἐστιν
1867 669 1894 722 6
1921 667 2021 738 τὴν

443 764 851 835 ἀσχημάτιστον
876 763 970 816 κα).
1015 763 1254 816 ἀνείδεον
1282 762 1415 833 ὓλην
1441 765 1516 825 εἰς
1541 757 1681 825 εἶδος
1713 761 1809 813 καὶ
1838 761 2022 830 σχῆμα

447 855 842 926 μεταπλάττων
871 871 886 888 ⁶
913 855 1008 908 καὶ
1032 855 1132 924 τῆς
1155 853 1425 926 προτέρας
1461 852 1822 906 ἀπαλλάττων
1845 853 2020 922 ἀμορ-

443 949 571 1016 φίας
625 949 719 1002 καὶ
753 947 1034 1020 ταραχῆς,
1076 945 1290 1000 καὶτοῦ
1332 947 1543 1008 ἐνόντος
1577 943 1817 1016 φυρμοῦ.
1852 937 2022 1006 Οὗτος

446 1039 543 1106 μὲν
575 1037 602 1088 6
646 1036 740 1090 τοῦ
793 1035 1129 1108 δημιουργοῦ
1179 1036 1302 1088 κατ’
1331 1033 1499 1105 ἄμφω
1554 1035 1654 1098 τὰς
1692 1034 1850 1098 δόξας
1896 1035 2022 1104 ὅρος

444 1130 537 1181 καὶ
565 1129 746 1196 λόγος.
769 1129 845 1181 Τὸ
876 1129 932 1180 δὲ
959 1128 1202 1197 συνέχειν
1232 1127 1327 1180 καὶ
1350 1125 1717 1196 προνοεῖσθαι,
1741 1126 1929 1196 ἕτερόν
1967 1142 2022 1177 τι

443 1221 596 1290 παρά
628 1221 690 1274 τὸ
730 1221 1085 1290 δημιουργεῖν
1120 1220 1186 1272 ἂν
1217 1219 1325 1288 εἴη.
1357 1217 1609 1287 Συνέχειν
1651 1218 1760 1288 γάρ
1789 1217 1930 1280 ἐστι,
1963 1215 2022 1269 τδ

443 1312 513 1367 τά
535 1313 664 1373 ὄντα
688 1311 783 1365 καὶ
815 1311 1160 1380 γεγενημένα
1187 1309 1576 1380 περισφίγγειν
1601 1326 1662 1361 τε
1694 1311 1791 1362 καὶ
1821 1309 2024 1378 φυλάτ-

442 1422 559 1458 τειν
585 1422 598 1435 ·
643 1402 994 1474 προνοεῖσθαι
1026 1401 1104 1463 δὲ,
1149 1401 1213 1454 τὸ
1257 1404 1369 1464 τοῖς
1417 1396 1538 1454 οὖσί
1579 1417 1639 1453 τε
1671 1402 1770 1455 καὶ
1796 1417 2024 1472 γεγενη-

445 1496 630 1566 μένοις
662 1494 922 1564 φροντίδα
955 1493 1077 1546 τινὰ
1104 1494 1314 1564 νέμειν.
1811 1565 1816 1569 ι

513 1586 645 1640 ΙΑΤ.
684 1582 756 1640 Εὖ
783 1586 999 1653 λέγεις·
1039 1584 1092 1638 τί
1121 1585 1179 1637 δέ
1227 1601 1309 1637 σοι
1346 1585 1662 1652 συνάγεται,
1769 1583 1819 1636 δ’
1844 1583 1926 1648 ὃς,
1954 1587 2017 1638 ὲκ

439 1677 537 1728 τοῦ
568 1676 664 1730 νῦν
695 1676 1054 1748 δημιουργεῖν
1091 1675 1181 1729 τὸν
1216 1675 1372 1742 Θεὸν,
1401 1675 1574 1746 ἡδέως
1606 1675 1670 1729 ἂν
1711 1692 1804 1728 σου
1840 1675 2024 1728 πυθοί-

444 1785 571 1838 μηνο

511 1857 739 1910 xmzr.
771 1858 923 1929 Φημὶ
949 1857 1027 1913 δέ.

515 1948 627 2000 ΙΑΤ
668 1948 824 2003 Φάθι.

510 2041 736 2095 ΧΡιΣΤ.
757 2042 820 2095 El
845 2041 920 2112 μὴ
941 2041 1036 2096 νῦν
1064 2042 1414 2113 δημιουργεῖ,
1429 2037 1497 2113 ἦν
1512 2041 1556 2096 δ’
1578 2043 1716 2112 ἐγώ·
1753 2044 2019 2115 δημιουρ-

438 2132 534 2199 γὸν
559 2133 616 2186 δὲ
647 2128 786 2188 εἶναι
818 2135 924 2204 φὴς
949 2174 964 2198 ,
996 2135 1086 2189 διά
1114 2135 1176 2187 τὸ
1217 2135 1316 2208 ήδη
1344 2135 1881 2206 δεδημιουργηκέναι
1903 2153 1915 2167 ο
1951 2137 2015 2189 οὐ

439 2225 549 2295 γὰρ
572 2225 809 2298 ἀνάγκη,
841 2226 1033 2280 τοῦτον
1061 2228 1148 2280 ἀεὶ
1168 2227 1522 2297 δημιουργεῖν
1553 2242 1567 2256 ο
1596 2227 1674 2298 τῷ
1703 2227 1852 2298 αὐτῷ
1873 2227 2019 2298 λόγῳ

439 2315 591 2369 ἔσται
619 2317 952 2388 δημιουργὸς
1004 2317 1063 2383 ἐξ
1109 2317 1328 2382 ἑαυτοῦ,
1381 2320 1476 2372 καὶ
1513 2318 1836 2389 μηδέπωτά
1887 2318 2020 2373 ὄντα

435 2405 849 2478 δημιουργήσας
911 2409 1044 2480 (86),
1097 2410 1173 2474 ὡς
1231 2409 1459 2480 μηδενὸς
1506 2409 1784 2480 δεόμενος.
1855 2407 2019 2463 Ἀλλά

437 2500 548 2571 γὰρ
578 2501 716 2571 ἔχων
749 2503 874 2565 τοὺς
913 2502 1342 2573 δημιουργικοὺς
1367 2501 1561 2570 λόγους
1581 2501 1641 2554 ὲν
1683 2499 1882 2571 ἑαυτῷ,
1919 2502 2018 2554 καὶ

437 2592 650 2661 μέλλων
674 2593 768 2646 καὶ
821 2594 1072 2665 ἐνεργείᾳ
1122 2594 1501 2666 δημιουργεῖν.
1535 2593 1610 2646 Οὐ
1664 2593 1771 2666 γὰρ
1799 2594 2016 2665 ἀνάγκη

432 2682 527 2734 τὸν
559 2682 1022 2752 δημιουργδνάε).
1081 2685 1460 2754 δημιουργεῖν,
1520 2684 1597 2746 ὡς
1634 2685 1662 2736 6
1691 2682 1852 2752 λόγος
1911 2687 2019 2740 ἀπ-

434 2774 629 2840 έδειξε.
662 2775 808 2843 Πρὸς
839 2775 918 2838 δὲ,
952 2775 1173 2827 κάκεῖνο
1199 2772 1374 2845 ἄθρει.

508 2865 641 2919 ῙΑΤ.
681 2866 754 2917 Τὸ
788 2867 940 2917 ποῖον
972 2863 1034 2933 δή
1053 2863 1189 2934 (87);

505 2955 732 3010 ΧΡΙΣΤ.
774 2954 838 3008 Εἰ
900 2954 1171 3008 συναῖδιον
1215 2952 1297 3024 τῷ
1329 2952 1446 3024 Θεῷ
1483 2953 1575 3008 τὸν
1626 2957 1833 3026 κόσμον
1874 2951 2014 3009 εἶναι

435 3048 708 3118 φήσομεν,
761 3048 915 3100 ἔσται
981 3065 1086 3100 που
1141 3049 1362 3111 πάντως
1417 3047 1560 3101 κατά
1609 3064 1672 3116 γε
1708 3047 1866 3101 τοῦτο
1920 3048 2015 3102 καὶ

2127 581 2292 635 Deum
2337 582 2649 640 effectorem
2707 600 2830 640 esse
2882 585 3138 653 dicimus,
3182 601 3283 643 nec
3331 601 3459 641 vero
3501 596 3707 642 tantmn

2123 674 2446 730 formarum.
2474 677 2546 733 Ut
2570 694 2665 734 vos
2696 688 2876 734 autem
2905 681 3165 745 censetis,
3189 679 3368 750 opifex
3402 692 3485 734 cSt
3512 681 3605 749 qui
3636 680 3712 732 in-

2123 763 2350 819 formem
2365 766 2590 837 275οι
2605 767 2799 837 speciei
2820 777 3095 838 expertem
3114 769 3390 824 materiam
3406 770 3456 822 in
3473 770 3704 837 speciem

2122 864 2172 909 et
2207 856 2434 910 formam
2483 859 2714 928 refingit,
2749 869 2800 914 et
2838 875 2868 914 a
2900 860 3083 929 priore
3113 860 3454 916 deformitate
3485 873 3538 916 et
3578 877 3707 915 con-

2124 947 2430 1002 turhalione
2461 958 2515 1003 et
2563 949 2721 1008 insita
2759 952 3111 1022 permistione
3162 953 3424 1010 vindicat.
3466 951 3574 1008 Ista
3609 954 3708 1020 igi-
3791 937 3793 940 1

2123 1046 2212 1090 tur
2235 1049 2315 1093 est
2339 1039 2546 1108 opificis
2569 1041 2723 1111 juxta
2749 1051 3106 1112 utrorumque
3135 1044 3447 1099 sententias.
3465 1042 3707 1098 definitio

2122 1136 2286 1199 atque
2337 1131 2499 1185 ratio.
2545 1132 2836 1188 Continere
2889 1143 3074 1188 autem
3129 1143 3182 1189 et
3221 1135 3510 1204 providere
3560 1133 3706 1187 aliud

2123 1229 2272 1276 certe
2311 1231 2413 1286 est,
2461 1237 2623 1290 quam
2665 1224 2898 1280 efficere.
2953 1225 3089 1280 Nam
3136 1226 3442 1290 continere,
3494 1235 3579 1280 est
3619 1241 3706 1279 res

2122 1327 2241 1380 quae
2263 1313 2533 1367 exsistunt
2567 1328 2792 1386 quaeque
2826 1313 2986 1370 factae
3017 1323 3175 1384 sunt,
3203 1317 3339 1371 tueri
3374 1326 3538 1386 atque
3573 1330 3705 1370 eone

2123 1418 2340 1460 servare
2378 1424 2391 1460 :
2423 1407 2706 1475 providere
2749 1420 2954 1473 autem,
3005 1409 3071 1464 de
3113 1409 3276 1465 rebus
3321 1425 3440 1479 qua:
3486 1415 3707 1464 exstant

2123 1511 2347 1565 quaeque
2368 1496 2522 1554 facta;
2552 1508 2698 1568 sunt,
2732 1513 2918 1556 curam
2953 1501 3178 1557 habere.

2195 1587 2355 1643 MED.
2397 1589 2566 1646 Recte
2611 1593 2785 1648 sentis
2819 1610 2832 1648 :
2867 1593 2962 1649 sed
3010 1593 3139 1663 quid
3187 1609 3252 1649 ex
3303 1607 3370 1649 eo
3411 1592 3702 1662 colligitur,

2124 1683 2265 1750 quod
2291 1683 2432 1738 Deus
2462 1699 2605 1739 nunc
2648 1685 2851 1754 aliquid
2875 1684 3098 1751 efliciat,
3132 1697 3225 1741 aut
3255 1701 3360 1741 non
3397 1684 3614 1750 efIiciat,
3645 1684 3705 1737 li-

2125 1776 2338 1831 hentius
2364 1791 2429 1831 ex
2459 1787 2512 1832 te
2539 1779 2868 1848 quaesierim.
3523 1777 3530 1790 ⁸

2054 1841 2096 1895 Β
2191 1867 2464 1923 cumsr.
2505 1841 2689 1925 Dicam

2195 1960 2356 2016 MED.
2397 1961 2531 2031 Age.

2190 2053 2467 2108 CllRlST.
2523 2053 2580 2109 Si
2625 2054 2728 2109 hoc
2768 2055 3024 2125 temporis
3079 2053 3306 2109 articulo
3352 2067 3462 2107 non
3511 2051 3696 2116 cflicil,

2119 2143 2426 2201 effectorem
2463 2156 2644 2201 autem
2677 2161 2796 2200 esse
2831 2146 2933 2212 ais,
2971 2149 3115 2216 quod
3139 2144 3256 2215 jam
3278 2143 3540 2208 effecerit,
3576 2143 3699 2210 (ne-

2119 2249 2226 2304 que
2253 2234 2395 2290 enim
2436 2251 2661 2292 necesse
2701 2245 2784 2292 est
2810 2237 2961 2291 illum
2992 2249 3206 2305 semper
3236 2233 3693 2302 eﬂicere),eadem

2120 2323 2331 2378 ratione
2368 2325 2473 2380 erit
2503 2324 2726 2382 effector
2783 2341 2850 2380 ex
2891 2337 3035 2390 sese,
3083 2325 3296 2380 etiamsi
3338 2323 3575 2378 nOndum
3608 2337 3696 2377 res

2121 2427 2239 2482 quae
2260 2424 2410 2480 sunt,
2443 2414 2703 2483 effecerit,
2747 2423 2806 2470 ut
2833 2414 3031 2469 nullius
3057 2429 3241 2485 egens.
3282 2413 3497 2468 Etenim
3534 2410 3698 2466 habet

2118 2503 2382 2561 efficiendi
2412 2507 2652 2562 rationes
2701 2506 2752 2560 in
2791 2507 3106 2576 semetipso,
3139 2514 3193 2560 et
3220 2519 3344 2561 actu
3378 2505 3692 2560 effecturus.

2119 2594 2253 2650 Nam
2293 2611 2396 2651 non
2427 2611 2648 2651 necesse
2669 2605 2752 2651 est
2777 2594 3086 2652 effectorem
3121 2610 3339 2664 semper
3372 2593 3609 2660 efﬁcere,
3638 2601 3704 2654 ut

2119 2701 2300 2743 sermo
2325 2688 2530 2743 docuit.
2565 2687 2838 2746 Praeterea
2875 2689 3016 2745 istud
3051 2687 3288 2758 inSpice.

2194 2867 2358 2921 MED.
2400 2866 2670 2933 Quidnam
2689 2869 2714 2921 ἲ

2188 2956 2461 3014 CHRIST.
2509 2957 2765 3025 Mundus,
2800 2958 2844 3014 si
2875 2972 2996 3014 eum
3028 2973 3270 3017 coaevum
3309 2957 3418 3012 Deo
3458 2971 3580 3013 esse
3613 2956 3697 3011 di-

2115 3064 2324 3116 camus,
2366 3048 2466 3118 ipsi
2505 3049 2613 3103 erit
2645 3050 2849 3104 honore
2889 3064 3006 3120 par.
3038 3048 3156 3116 Quo
3198 3048 3327 3118 quid
3376 3063 3496 3102 esse
3524 3048 3698 3118 possit

430 3141 697 3211 ὁμότιμος
720 3138 830 3210 (88)
858 3139 1028 3208 αὐτῷ.
1064 3131 1139 3193 Οὖ
1163 3139 1215 3192 τί
1253 3139 1319 3193 ἂν
1348 3140 1562 3208 γένοιτο
1590 3138 1728 3210 πρὸς
1758 3138 2012 3192 ἀσέϐειαν

2120 3141 2290 3211 magis
2321 3141 2568 3210 impium,
2593 3140 2640 3197 si
2673 3140 3164 3210 circumscriptum,
3192 3150 3248 3195 et
3285 3139 3694 3210 aspectabilem,

435 3230 644 3302 μεῖζον,
670 3230 718 3282 εί
743 3229 834 3282 τὸν
851 3228 1369 3300 περιγεγραμμένον
1397 3229 1493 3282 καὶ
1519 3228 1716 3298 ὁρατὸν
1733 3229 1794 3282 τὸ
1817 3230 2010 3297 ἁπτὸν,

431 3321 530 3375 καὶ
565 3321 724 3392 σῶμα
757 3321 949 3391 ἔχοντα
979 3320 1182 3384 ὑλικὸν,
1221 3323 1278 3384 ὲς
1303 3322 1500 3376 ταύτὸν
1531 3321 1690 3393 δόξης
1717 3325 1812 3376 καὶ
1846 3325 2013 3395 τιμῆς

427 3415 498 3484 τῇ
535 3411 893 3484 ἀπεριλήπτῳ
925 3411 1022 3465 καὶ
1079 3411 1343 3479 ἀνωτάτω
1399 3411 1592 3466 πασῶν
1647 3414 2012 3484 ἀναγάγωμεν

429 3504 626 3574 φύσει;

505 3597 639 3651 ΙΔΤ.
676 3597 752 3650 Οὐ
789 3595 942 3651 ταῦθ’
975 3595 1151 3659 οὕτως
1175 3595 1312 3666 ἔχει,
1342 3593 1446 3668 ἧδ’
1482 3597 1562 3662 ὃς,
1596 3598 1691 3652 καὶ
1727 3598 1776 3650 εί
1807 3597 2010 3668 βούλει,

429 3689 840 3760 παραδείγματι
873 3689 932 3741 σέ
958 3705 1065 3742 τινι
1096 3688 1203 3740 τῶν
1239 3689 1533 3761 γνωρίμων
1577 3688 1858 3759 ξεναγήσω
1899 3689 2010 3760 (89)

427 3780 567 3849 πρὸς
585 3780 644 3832 τὸ
666 3779 830 3851 ζητού
841 3797 1020 3848 μενον.
1044 3779 1182 3831 Φασὶ
1210 3777 1316 3849 γὰρ
1339 3779 1443 3844 ὅτι,
1475 3777 1731 3848 καθάπερ
1752 3778 1924 3838 αἴτιον
1950 3779 2016 3831 τὸ

431 3871 591 3942 σῶμα
620 3872 718 3943 τῆς
745 3873 976 3926 ἑκάστου
1005 3872 1165 3932 σκιᾶς
1190 3871 1300 3940 (90)
1321 3871 1552 3939 γίνεται,
1576 3870 1874 3942 ὀμόχρονος
1899 3870 2010 3942 (9|)

423 3960 485 4014 δὲ
529 3961 608 4031 τῷ
660 3963 942 4032 σώματιὴ
987 3961 1116 4014 σκιά
1162 3961 1259 4015 καὶ
1289 3961 1388 4031 οὐχ
1444 3961 1742 4031 ὁμότιμος·
1781 3961 1926 4016 οὕτω
1955 3961 2010 4015 δὲ

423 4053 524 4107 καὶ
558 4052 644 4106 ὅδε
669 4053 698 4106 6
726 4054 931 4124 κόσμος
956 4051 1426 4124 παρακολούθημά
1454 4053 1572 4106 ἐστι
1601 4052 1696 4106 τοῦ
1733 4052 1891 4117 Θεοῦ,
1932 4055 2012 4106 αξ-

423 4143 546 4196 τίου
596 4142 748 4208 ὄντος
799 4142 948 4214 αὒτῷ
978 4143 1072 4196 τοῦ
1103 4139 1242 4196 εἶναι
1270 4159 1283 4172 ο
1323 4143 1421 4196 καὶ
1466 4141 1735 4205 συναῒδιός
1785 4144 1901 4196 ἐστι
1930 4142 2010 4213 τῷ

423 4233 578 4302 Θεῷ,
614 4235 801 4288 οὐκέτι
830 4233 886 4286 δὲ
916 4234 1012 4287 καὶ
1036 4233 1320 4304 ὁμότιμος.

496 4324 719 4380 ΧΡΙΣΤ.
754 4321 888 4378 Εἶτα
919 4325 980 4378 οὐ
1013 4325 1245 4395 συνορᾷς
1273 4325 1410 4388 ὅλως
1450 4341 1536 4392 γε,
1567 4319 1634 4395 ἦν
1662 4323 1708 4377 δ’
1740 4322 1872 4392 ἐγὼ,
1903 4324 2007 4391 τὴν

421 4417 655 4473 ἀτοπίαν
675 4415 785 4470 τῶν
813 4414 1141 4487 λεγομένων.
1177 4414 1404 4485 Πρῶτον
1434 4416 1532 4485 μὲν
1552 4415 1616 4488 δὴ
1644 4414 2010 4486 ἀπροαίρετον

2121 3241 2175 3286 et
2214 3231 2578 3297 tractabilem,
2621 3239 2677 3286 et
2715 3245 2944 3302 corpore
2987 3231 3282 3286 materiato.
3303 3231 3586 3301 praeditum
3627 3231 3692 3282 ad

2114 3323 2358 3378 eamdem
2393 3321 2620 3391 gloriam
2664 3330 2719 3376 et
2753 3321 3015 3378 honorem
3059 3337 3182 3376 eum
3219 3321 3694 3387 incircumscripto

2113 3425 2166 3469 et
2210 3413 2602 3482 inaspectabili,
2639 3423 2693 3470 et
2721 3413 2977 3469 omnibus
3012 3413 3217 3468 naturis
3247 3412 3531 3482 superiore
3562 3427 3694 3466 eve-

2116 3506 2350 3560 hamus?

2185 3595 2347 3653 MED.
2384 3595 2501 3651 Non
2539 3597 2654 3652 haec
2689 3596 2771 3652 sic
2799 3611 2858 3652 se
2900 3597 3120 3653 habent.
3153 3598 3232 3653 Ae
3259 3597 3304 3651 si
3331 3595 3417 3651 vis
3445 3591 3695 3662 exemplo

2113 3688 2295 3757 aliquo
2327 3687 2580 3742 familiari
2615 3699 2667 3743 te
2697 3704 2861 3743 manu
2897 3689 3093 3745 ducam
3134 3689 3200 3743 ad
3244 3689 3296 3743 id
3321 3689 3463 3757 quod
3490 3686 3691 3756 quaeri-

2116 3788 2218 3833 tur.
2252 3779 2418 3833 Aiunt
2447 3779 2589 3834 enim
2613 3781 2755 3849 quod
2776 3781 3226 3849 quemadmodum
3251 3793 3446 3846 corpus
3470 3778 3690 3848 quidem

2113 3883 2276 3923 causa
2309 3869 2523 3924 exsistit
2552 3870 2981 3939 uniuscujusque
3009 3872 3237 3937 umbrae,
3271 3879 3326 3924 et
3354 3879 3534 3924 tamen
3568 3885 3688 3922 um-

2114 3961 2206 4013 bra
2245 3975 2343 4028 par
2381 3973 2466 4016 εει
2498 3971 2743 4030 tempore
2789 3962 3028 4030 corpori,
3067 3976 3171 4016 non
3217 3971 3398 4015 autem
3444 3956 3688 4025 honor'e;

2110 4051 2190 4106 sic
2212 4066 2343 4106 sane
2370 4051 2457 4106 hi'c
2485 4052 2717 4108 mundus
2745 4053 3145 4108 consectarium
3177 4052 3432 4121 quiddam
3459 4062 3542 4107 est
3565 4051 3684 4118 Dei,

2110 4143 2311 4214 quippe
2350 4143 2441 4212 qui
2476 4143 2574 4213 ipsi
2623 4159 2868 4209 causam,
2917 4153 2976 4198 ut
3022 4144 3117 4210 sit,
3151 4145 3410 4214 prabeat.
3459 4143 3526 4198 Et
3559 4158 3694 4199 vero

2115 4249 2327 4288 comvus
2357 4242 2440 4288 est
2465 4233 2596 4300 Deo,
2628 4250 2732 4290 non
2768 4245 2945 4291 tamen
2979 4235 3183 4290 honore
3213 4235 3460 4303 aequalis.

2184 4323 2460 4385 CIIBIST.
2498 4325 2659 4394 Atqui
2699 4341 2806 4381 non
2846 4327 3025 4382 cernis
3062 4326 3452 4381 absurditatent
3500 4341 3693 4382 eorum

2117 4431 2235 4484 quae
2272 4416 2547 4472 dicuntur.
2578 4417 2818 4473 Primum
2851 4418 3066 4489 quidem
3105 4417 3385 4475 eloctionis
3409 4426 3688 4487 expertem

499 4582 612 4666 (85)
659 4589 1479 4666 Ἁρμότῑςουσαν-ὒληιίηριιεε
1508 4604 1742 4666 congrua
1763 4589 1851 4666 ,εἰμι
1900 4590 2000 4645 for-

2115 4591 2356 4666 Ιοεοᾲῃᾳῐιί.Δ
2378 4589 2473 4666 BA.

425 4669 534 4720 mis
560 4657 681 4714 t-itm
711 4657 931 4715 hiateria
960 4661 1119 4714 simul
1151 4661 1402 4715 conditis.
1436 4657 1661 4726 Seponit
1689 4659 1998 4726 opinionem

423 4734 664 4803 plurium
721 4730 1013 4803 insignium
1071 4729 1520 4803 philosOphor-um
1579 4731 1646 4781 de
1699 4730 2002 4803 teternitate

429 4797 691 4864 inaterite,
741 4797 1044 4862 seu'silvaa,
1075 4797 1181 4853 icui
1216 4797 1420 4850 formas
1469 4807 1674 4852 tantum
1729 4797 2020 4853 indnxerit'

424 4875 676 4928 conditor
707 4870 947 4925 universi
979 4870 1130 4922 deus.
1164 4867 1338 4921 Etiam
1368 4865 1592 4920 Ovidius
1622 4883 1744 4921 cum
1773 4883 1879 4920 uno
1904 4885 2001 4922 suo

427 4941 658 5000 Natura:
694 4939 842 4994 vultu
887 4953 1006 4993 eam
1038 4935 1444 5006 persuasionem
1481 4945 1698 4990 secutus
1729 4945 1832 4990 est.
1869 4935 2002 4991 Vide

424 5013 597 5066 libros
633 5009 781 5080 nepti
810 5007 1156 5080 ἀρεσκόντων
1219 5006 1511 5080 Plutarcho
1558 5007 1853 5080 ascriptos,
1909 5007 1999 5080 qui

425 5097 530 5137 nec
591 5075 982 5148 integri,‘nec
1037 5077 1341 5148 diligentes
1375 5075 1606 5141 collecti,
1665 5090 1764 5148 nec
1822 5077 2001 5148 magni

425 5150 649 5204 omnino
679 5143 935 5215 ponderis
963 5156 1111 5201 sunt.
1141 5143 1390 5215 Ποιητὴς
1431 5161 1556 5200 mox
1588 5145 1778 5199 melius
1811 5143 1999 5214 factor,

427 5235 589 5288 quam
618 5217 838 5288 effector
865 5216 1189 5288 traducitur.
1229 5215 1323 5288 BA_.

502 5287 615 5360 (86)
647 5283 935 5360 ΜηδέπωΔ
964 5284 1230 5360 ’τὰ-ὅντα
1277 5283 1749 5360 δημιουργήσας.
1805 5285 1997 5340 Eadem

427 5355 634 5415 Encas
661 5368 864 5419 noster,
894 5355 938 5410 si
969 5355 1099 5409 satis
1131 5356 1372 5409 memini.

503 5427 617 5496 (87)
649 5426 892 5480 Sustinet
921 5425 1215 5496 artificiose
1245 5425 1550 5496 audientem
1591 5424 1910 5496 sophistam,
1942 5431 2000 5476 ut

427 5493 784 5552 attentionem
832 5499 1053 5559 reddat,
1111 5495 1446 5563 interrogare
1468 5493 1740 5547 hominem
1775 5493 1996 5557 faciens,

429 5581 692 5634 suspenso
717 5565 931 5634 paulum
955 5577 1226 5634 sermone.
1254 5565 1418 5633 quue
1438 5563 2002 5634 smpiusiChristianus

431 5632 535 5701 per
566 5632 841 5701 Dialogum
885 5635 1029 5687 hunc
1079 5633 1227 5696 facit,
1281 5632 1503 5687 notabili
1551 5632 1804 5686 artificio.
1839 5633 2003 5686 latro-

429 5707 702 5775 50pttista,
727 5703 1341 5775 medicuspphilosophus
1373 5701 1564 5757 Latine
1592 5702 1694 5775 erit
1725 5705 2002 5775 traducen:

435 5773 556 5831 duis.
588 5775 854 5844 SOphistte
885 5773 1027 5827 enini
1071 5787 1136 5827 eo
1180 5783 1420 5844 tempore
1450 5777 1537 5843 qui
1572 5773 1853 5842 prioribus
1878 5773 1998 5844 phi-

2182 4658 2296 4731 (88)
2343 4661 2657 4732 Ὀμότιμος
2706 4661 2966 4730 collegam
3019 4661 3419 4732 interpretatur.
3453 4658 3689 4730 Cyrinus

2438 4730 2652 4787 Atticus
2702 4733 2962 4786 irridebat
2993 4730 3363 4792 Aristotelem,
3399 4732 3488 4798 qui
3525 4745 3687 4796 quem

2109 4816 2307 4870 corpus
2337 4815 2458 4853 esse
2494 4804 2728 4865 videbat,
2775 4801 3030 4855 mundum
3063 4802 3268 4855 diceret
3312 4811 3492 4852 tamen
3527 4809 3688 4870 teter—

2103 4866 2268 4994 Ἇῗώ,
2327 4879 2609 4990 ethztrem
2663 4873 2981 4940 incorporeo
3044 4870 3331 4929 conditori.
3375 4871 3498 4922 deo.
3559 4866 3690 4923 Vide

2149 4957 2353 4992 ‘lN‘alll.
2435 4954 2486 4994 Δ.

2149 4957 2353 4994 οιιριιιη.
2393 4954 2486 4997 ΙΞΑ.

2177 5007 2287 5079 (89)
2320 5009 2668 5079 Ξεναγήσω.
2683 5078 2689 5079 ί
2705 5009 2984 5079 Tanquam
3003 5077 3013 5079 _
3040 5007 3304 5079 hospitem
3347 5006 3690 5079 ducatn._Es-

2102 5075 2304 5146 ναγῶν,
2353 5075 2564 5146 ὁδηγῶν
2611 5078 2706 5131 κα)¹
2755 5075 2906 5145 ἄγων
2938 5077 3066 5139 τοὺς
3107 5076 3291 5141 ξένους
3361 5075 3684 5143 Hesychius.

2103 5147 2446 5217 Magnificum
2493 5164 2550 5203 se
2593 5148 2724 5202 facit
2759 5148 2848 5200 illa
2899 5162 2997 5202 sua
3029 5147 3383 5200 similitudine
3417 5147 3680 5215 sophista.

2101 5218 2198 5271 ΒΑ.

2197 5286 2284 5354 90)
2319 5286 2395 5339 De
2425 5285 2615 5339 umbra
2653 5285 2858 5354 pariter
2887 5284 3069 5338 multis
3102 5285 3304 5340 Encas
3347 5293 3549 5339 noster.
3585 5284 3682 5338 ΒΑ.

2195 5354 2285 5425 91)
2348 5356 2730 5425 Ὃμόχρονος.
2788 5355 3192 5424 lneptissimum
3249 5354 3488 5409 effatum.
3550 5354 3685 5425 Cum

2100 5424 2334 5484 enim'in
2368 5424 2609 5480 tenebris
2644 5440 2863 5494 corpus,
2900 5425 2989 5478 ubi
3019 5425 3247 5479 umbra?
3280 5425 3344 5478 Et
3382 5434 3550 5478 totum
3584 5424 3688 5478 hoc

2102 5498 2167 5552 de
2193 5499 2380 5552 umbra
2405 5495 2686 5566 plusquam
2711 5497 3070 5566 utnhraticum
3093 5505 3196 5560 est,
3218 5504 3272 5549 et
3296 5495 3490 5566 merito
3527 5495 3687 5566 paulo

2102 5578 2223 5635 post
2258 5563 2586 5636 exagitatui‘.
2618 5563 2774 5636 jide
2803 5565 3260 5636 eruditissitnum_
3295 5565 3466 5618 lusum
3521 5565 3683 5636 amici

2102 5633 2229 5692 olim
2262 5633 2430 5691 nostri
2489 5635 2573 5693 Jo.
2618 5633 2860 5708 Woweri
2891 5635 3000 5708 _qui
3051 5636 3134 5690 vel
3175 5634 3298 5708 solo
3348 5637 3451 5689 hoc
3474 5634 3684 5708 ingenii

2104 5710 2185 5764 sui
2216 5707 2608 5764 sublimitatem
2635 5702 3074 5766 eteruditioncm
3099 5704 3267 5761 animi
3295 5702 3562 5761 ostendit.
3585 5702 3680 5761 BA.

2111 4734 2386 4800 magister.
