4052 6402
384 404 520 471 1085

1407 384 1867 471 DISPUTATIO
1906 408 2003 471 DE
2041 408 2295 468 MUNDI
2335 407 2693 473 OPlFICIO.

3504 387 3640 451 1086

452 521 680 576 ΧΡΙΣΤ.
754 520 915 585 Ἀλλά
967 538 1058 592 μοι
1111 521 1313 593 χαρίσῃ
1333 522 1444 594 (28)
1490 523 1650 577 τοῦτο
1690 522 1879 585 ποιῶν,
1908 517 1954 575 ὧ

2126 517 2398 574 CIIRIST.
2426 520 2559 572 Mihi
2588 518 2629 572 si
2667 512 2720 570 id
2744 524 2991 586 praestes,
3019 508 3388 582 gratissimum
3421 504 3642 594 feceris,

383 613 647 685 μακάριε.
687 612 778 676 Ὠς
815 607 874 666 εὖ
923 612 1054 679 ῐσθι,
1117 612 1191 684 μὴ
1219 614 1347 667 ἄλλο
1374 614 1429 667 τί
1461 632 1551 685 μοι
1595 613 1959 686 χαριούμενος

382 705 644 770 τοιοῦτον,
687 704 826 776 φίλῳ
867 720 931 773 γε
972 703 1110 770 ὄντι,
1138 705 1170 776 ἢ
1200 705 1413 775 πλάνης
1460 706 1559 774 τὴν
1594 706 1733 777 ἐμὴν
1779 707 1960 777 ψυχὴν

383 793 743 848 ἀπαλλάττων
777 795 872 846 καὶ
907 793 1262 864 δοξασμάτων
1313 796 1413 848 οὐκ
1444 795 1686 867 ἀληθῶν.
1738 797 1962 851 Ὁπότε-

387 902 480 955 ρος
532 883 577 936 δ’
612 883 678 937 ἂν
726 883 883 954 ήμῶν
918 882 1076 936 τοῦτο
1105 884 1288 937 Ῑποιῶν
1332 883 1566 954 θατέρῳ,
1604 884 1672 937 τὰ
1724 885 1960 954 μέγιστα

383 978 679 1045 χαριεῖται,
713 976 744 1046 ἢ
779 975 840 1028 οὗ
884 976 965 1028 σοὶ
990 975 1177 1042 δοκεῖ;

456 1066 588 1119 ΙΑΤ.
630 1065 784 1118 Πάνυ·
811 1082 895 1132 γε.

455 1157 684 1210 ΧΡΙΣΤ.
718 1156 853 1211 Φάθι
881 1158 1061 1212 τοίνυν
1088 1157 1116 1210 ὃ
1152 1175 1205 1210 τι
1241 1158 1333 1210 κα¹ι
1365 1156 1564 1228 βούλει.

457 1250 592 1303 ῙΑΤ.
629 1248 897 1320 Καθάπερ
929 1249 957 1301 ὁ
998 1248 1303 1319 στρατηγὸς
1331 1290 1344 1313 ,
1380 1245 1415 1319 ἦ
1453 1248 1496 1300 δ’
1547 1248 1630 1311 ὃς.
1680 1247 1819 1318 ἔχων
1870 1248 1962 1317 ὑφ’

387 1340 582 1393 ἑαυτὸν
628 1339 923 1410 τριάκοντα
981 1338 1014 1411 ἢ
1073 1340 1270 1391 ἑκατὸν
1322 1339 1663 1412 στρατιώτας
1709 1337 1961 1410 (29-50),

386 1448 453 1498 γυ
464 1428 657 1498 μνάζοι
688 1428 914 1492 τούτους
944 1428 1080 1497 πρὸς
1103 1428 1361 1498 πόλεμον,
1390 1428 1484 1480 καὶ
1508 1427 1636 1480 παιδ
1654 1424 1964 1482 εύοιτὰτα-

389 1517 556 1572 κτικά
577 1534 592 1548 ⁶
624 1519 675 1571 εί
704 1516 760 1569 δέ
793 1515 895 1569 πού
925 1533 1011 1578 τις
1038 1516 1246 1569 τούτων
1272 1515 1556 1576 ἀποθάνοι,
1576 1513 1764 1585 ἕτερον
1795 1530 1966 1584 προσ-

386 1609 569 1679 τίθησι
598 1608 678 1678 τῷ
711 1607 1033 1675 καταλόγῳ,
1070 1606 1167 1659 καὶ
1209 1604 1382 1670 οὕτως
1411 1605 1666 1676 οὐδεμίαν
1700 1604 1760 1657 τὸ
1805 1603 1966 1677 ἔργον

388 1700 496 1755 τῶν
531 1700 829 1771 τριάκοντα
854 1698 965 1770 (51)
996 1699 1030 1770 ἢ
1056 1697 1165 1751 τῶν
1192 1697 1388 1752 ἑκατὸν
1417 1698 1511 1751 καὶ
1554 1697 1588 1768 ὴ
1618 1698 1771 1749 πᾶσα
1798 1698 1966 1766 ὲργα-

392 1788 483 1844 σία
514 1788 628 1859 (52)
656 1787 839 1857 λώϐην
871 1787 903 1859 ἢ
938 1788 1139 1858 ἀργίαν
1169 1786 1430 1856 ὑπομένει
1456 1802 1471 1817 ο
1505 1784 1966 1855 ἀντεισαγομὲνου

387 1879 481 1934 τοῦ
512 1878 762 1943 λιπόντος
784 1877 894 1948 (35)
925 1880 991 1949 τῇ
1021 1876 1236 1946 ἐπινοίᾳ
1263 1875 1359 1930 τοῦ
1390 1874 1721 1946 στρατηγοῦ,
1750 1877 1844 1929 καὶ
1871 1874 1965 1928 τοῦ
1999 1859 2039 1913 Β

389 1968 625 2041 ἀριθμοῦ
656 1970 844 2041 ἀρτίου
872 1968 1127 2040 μένοντος
1146 1983 1160 1997 ·
1202 1966 1344 2021 οὕτω
1376 1967 1439 2036 δὴ
1468 1967 1562 2019 καὶ
1593 1968 1620 2020 ὁ
1645 1966 1776 2029 Θεὸς
1799 2006 1815 2030 ,
1843 1965 1966 2018 ἀντὶ

388 2062 501 2116 τῶν
527 2061 667 2116 κατὰ
699 2061 865 2132 μέρος
896 2061 1277 2114 τελευτώντων
1321 2058 1543 2128 ἑτέρους
1586 2057 1962 2130 δημιουργῶν,

389 2152 651 2222 οὐδεμίαν
695 2153 832 2221 πρὸς
863 2152 964 2221 τὴν
1000 2153 1183 2204 πᾶσαν
1210 2149 1305 2203 τοῦ
1335 2149 1538 2213 παντὸς
1573 2149 1843 2221 ἁρμονίαν
1874 2152 1969 2203 καὶ

394 2245 655 2297 σύστασιν
683 2242 890 2314 βλάϐην
918 2241 1201 2311 ὑπομένει·
1223 2240 1366 2294 οὕτω
1392 2258 1451 2293 τε
1481 2240 1726 2311 διαμένει
1750 2243 1807 2294 ὲν
1833 2243 1970 2309 ἀγα-

393 2333 579 2403 θότητι
604 2372 618 2395 ,
653 2332 748 2385 καὶ
798 2332 905 2385 τῶν
951 2331 1094 2384 κατὰ
1148 2330 1314 2401 μέρος
1347 2331 1405 2382 ὲν
1435 2330 1618 2400 χρόνῳ
1665 2331 1970 2401 γινομένων

390 2424 769 2478 τελευτώντων
799 2441 860 2477 τε
900 2424 992 2477 καὶ
1019 2422 1416 2492 φθειρομένων.

461 2515 691 2569 ΧΡΙΣΤ.
744 2513 940 2578 Βαϐαῖ,
970 2509 1039 2584 ἦν
1067 2512 1113 2564 δ’
1158 2510 1294 2580 ἐγὼ,
1331 2511 1431 2580 τῆς
1459 2513 1558 2567 τοῦ
1588 2508 1968 2580 παραδείγμα-

389 2623 482 2670 τος
508 2606 789 2675 ἀγχινοίας
814 2606 908 2658 καὶ
935 2606 1033 2672 τῆς
1060 2604 1323 2675 περιττῆς
1339 2602 1541 2671 ταύτης
1571 2601 1663 2654 καὶ
1685 2601 1973 2670 δαιμονίας

393 2698 612 2767 σοφίας.
665 2696 741 2748 Οὐ
797 2697 907 2766 γὰρ
950 2695 1014 2765 δὴ
1077 2693 1186 2748 ὑπὸ
1234 2692 1569 2763 ἀϐελτηρίας
1618 2693 1714 2745 καὶ
1770 2692 1974 2761 βαναυ-

393 2787 515 2849 σίας
547 2787 659 2856 (34)
703 2785 1025 2839 αἰσθάνεσθε
1076 2784 1188 2836 τῶν
1214 2783 1549 2853 λεγομένων,
1581 2783 1701 2835 οὐδὲ
1727 2783 1827 2853 τὴν
1854 2782 1974 2853 τρί-

392 2895 463 2948 χα
491 2876 603 2948 (55)
644 2875 755 2930 τῶν
792 2874 1047 2946 πονηρῶν
1096 2875 1190 2928 καὶ
1225 2873 1402 2927 ἀθέων
1448 2872 1825 2941 δοξασμάτων,
1879 2872 1974 2925 καὶ

390 2969 495 3039 τῆς
530 2967 833 3038 συντρόφου
867 2966 1079 3036 πλάνης
1104 3005 1119 3030 ,
1161 2966 1227 3035 ἣν
1257 2963 1399 3016 κατά
1441 2964 1541 3033 τὴν
1583 2963 1763 3032 ψυχὴν
1812 2980 1974 3035 περι-

394 3060 590 3129 φέρετε
616 3097 634 3123 ,
661 3058 843 3129 λήμην
881 3057 990 3128 (56)
1039 3055 1230 3126 ὥσπερ
1275 3054 1400 3109 τινὰ
1433 3054 1541 3107 τῶν
1588 3054 1690 3123 τῆς
1734 3054 1972 3117 διανοίας

2058 626 2092 665 o
2119 612 2276 665 bone.
2295 610 2457 680 277
2472 608 2602 663 Nam
2633 618 2715 662 sat
2745 607 2850 663 scis
2875 603 3008 658 nihil
3025 599 3252 673 perinde
3293 597 3425 651 mihi
3467 593 3666 648 amicos

2062 711 2151 754 tuo
2180 712 2389 769 gratum
2417 715 2560 766 esse,
2591 712 2751 768 quam
2804 694 2852 750 si
2899 708 3083 748 errore
3129 700 3223 745 aut
3254 688 3402 742 falsis
3437 683 3649 753 opinio-

2061 794 2218 847 nibus
2253 809 2429 846 meum
2475 792 2714 846 animum
2758 789 2979 843 liberes.
3012 783 3145 839 Uter
3179 792 3358 834 autem
3396 784 3643 830 nostrum

2062 880 2202 933 istud
2248 880 2403 932 alteri
2457 878 2671 942 fecerit,
2713 890 2894 930 nonne
2942 872 3176 927 maxime
3222 860 3649 939 gratiﬁcabitur?

2061 972 2197 1037 Quid
2228 973 2323 1024 lilii
2359 970 2612 1025 videtur?

2136 1061 2301 1116 MED.
2332 1060 2580 1114 Maxime.

2135 1149 2412 1207 ClllilST.
2441 1149 2615 1204 Narra
2649 1150 2813 1218 igitur
2839 1147 2980 1217 quod
3013 1147 3115 1198 vis.

2136 1244 2302 1300 MED.
2334 1244 2790 1311 Quemadmodum
2819 1242 2928 1294 dux
2978 1238 3072 1307 qui
3109 1249 3210 1290 suo
3242 1249 3303 1289 se
3333 1233 3497 1286 habet
3540 1229 3641 1282 tri-

2066 1339 2211 1410 ginta
2259 1346 2353 1390 aut
2383 1344 2598 1389 centum
2638 1333 2856 1397 milites,
2883 1337 3102 1385 exercet
3129 1343 3223 1383 eos
3263 1327 3329 1380 ad
3366 1325 3567 1378 bellum
3593 1331 3649 1375 et

2066 1431 2132 1485 ad
2164 1429 2308 1484 acies
2343 1426 2709 1482 ordinandas:
2736 1423 2879 1493 quod
2919 1422 2963 1476 si
3002 1435 3192 1474 eorum
3229 1416 3426 1485 aliquis
3475 1414 3646 1467 inter-

2066 1529 2188 1585 eat,
2249 1521 2479 1573 alterum
2528 1515 2828 1570 conscribit
2873 1511 3159 1579 catalogo,
3194 1518 3359 1576 atque
3394 1507 3469 1559 ita
3511 1517 3649 1571 Opus

2069 1611 2291 1680 triginta
2333 1607 2566 1663 militum
2602 1615 2697 1659 aut
2729 1613 2975 1667 centum,
3008 1611 3066 1655 ut
3109 1609 3165 1656 et
3209 1601 3461 1653 universa
3506 1596 3650 1650 actio

2068 1701 2271 1756 nullum
2335 1700 2723 1754 detrimentum
2786 1705 2880 1749 aut
2935 1694 3274 1748 vacationem
3362 1690 3647 1745 sustinet:

2068 1794 2211 1864 quod
2243 1791 2529 1862 prudentia
2571 1790 2723 1845 ducis
2776 1787 3144 1844 substituatur
3191 1783 3415 1838 aliusin
3463 1781 3645 1835 locum

2069 1885 2389 1956 pereuntis,
2460 1895 2824 1950 numerusque
2879 1879 3155 1950 perfectus
3214 1884 3433 1931 maneat
3494 1891 3509 1927 :
3568 1872 3651 1927 sic

2067 1987 2238 2043 certe,
2270 1975 2414 2030 Deus
2442 1974 2562 2030 loco
2597 1987 2787 2026 eorum
2826 1971 2917 2040 qui
2949 1969 3228 2040 sigillatim
3257 1966 3501 2037 quotidie
3532 1980 3650 2019 mo-

2069 2071 2306 2134 riuntur,
2337 2067 2476 2121 alios
2515 2067 2641 2119 dum
2675 2070 2959 2135 procreat,
2989 2061 3191 2115 nullam
3229 2061 3494 2114 adversus
3526 2057 3650 2110 uni-

2073 2176 2285 2217 versam
2319 2158 2698 2215 universitatis
2725 2155 3062 2210 harmoniam
3095 2163 3150 2209 et
3180 2153 3649 2216 constitutionem,

2072 2267 2272 2307 noxam
2311 2251 2540 2305 sustinet
2569 2264 2668 2303 nec
2690 2247 2923 2317 patitur;
2953 2247 3144 2314 sicque
3168 2252 3447 2313 permanet
3472 2244 3524 2295 in
3555 2241 3650 2296 bo-

2070 2342 2264 2407 nitate,
2295 2341 2459 2393 etiam
2505 2340 2551 2393 si
2584 2347 2810 2407 pereant
2848 2347 2900 2390 et
2935 2343 3359 2403 corrumpantur
3386 2342 3652 2403 quotquot

2070 2433 2348 2503 sigillatim
2387 2433 2720 2499 iuxtempore
2755 2437 3132 2499 procreantur.

2141 2519 2423 2576 CHRIST.
2458 2520 2615 2588 Papae
2638 2558 2654 2582 ,
2683 2527 2884 2587 quanta
2917 2526 3004 2571 est
3054 2511 3283 2582 exempli
3336 2512 3607 2567 subtilitas
3632 2549 3648 2574 ,

2072 2628 2231 2684 quam
2257 2612 2455 2668 eximia
2485 2620 2541 2665 et
2575 2604 2845 2664 mirabilis
2872 2609 2989 2663 hree
3017 2605 3317 2675 sapientia!
3351 2604 3470 2659 Non
3504 2604 3650 2657 enim

2072 2718 2183 2772 pra:
2220 2705 2457 2755 amentia
2481 2710 2538 2755 et
2570 2700 2869 2754 stoliditate
2900 2697 3114 2751 sentitis
3142 2711 3204 2750 ea
3233 2711 3354 2765 quae
3379 2696 3655 2760 dicuntur,

2074 2810 2248 2862 neque
2281 2794 2448 2862 pilum
2481 2807 2771 2862 pravarum
2817 2800 2873 2845 et
2906 2791 3192 2859 impiarum
3232 2788 3569 2856 Opinionum,
3600 2796 3655 2840 et

2073 2884 2357 2939 domestici
2396 2884 2608 2938 erroris
2642 2897 2804 2952 quem
2848 2881 3031 2935 animo
3081 2877 3470 2943 circuntt‘ertis,
3511 2875 3656 2930 velut

2074 2975 2360 3043 quamdam
2401 2974 2683 3028 oculorum
2714 2972 2910 3025 mentis
2939 2969 3314 3039 lippitudinem
3343 2980 3654 3034 expurgare

2076 3066 2258 3123 vultis.
2294 3065 2506 3119 Etenim
2534 3046 2768 3118 duxoille
2804 3072 2948 3125 tuus,
2978 3062 3050 3116 mi
3078 3060 3312 3125 medice,
3347 3060 3505 3113 vellet
3534 3060 3656 3129 qui-

393 3150 660 3221 ὀμμάτων
696 3148 830 3221 (57),
861 3149 1160 3220 ἀποκεῖραι
1188 3145 1468 3217 βούλεσθε.
1505 3145 1564 3200 ’0
1588 3138 1702 3214 γὰρ
1735 3162 1972 3216 στρατη-

2080 3158 2201 3211 dem
2233 3156 2354 3212 illos
2402 3156 2607 3226 primos
2631 3155 2828 3210 milites
2871 3168 2981 3208 non
3013 3153 3272 3219 interire,
3319 3151 3414 3206 sed
3458 3157 3658 3220 praeter

393 3241 491 3310 γὸς
521 3242 550 3294 ό
579 3240 670 3303 σὸς
698 3280 713 3303 ,
766 3233 812 3293 ὦ
864 3239 1104 3310 μακάριε
1127 3279 1141 3303 ,
1174 3237 1426 3291 ἐϐούλετο
1472 3237 1538 3291 ἂν
1573 3240 1649 3307 μὴ
1683 3237 1972 3292 ἀποθανεῖν

396 3330 641 3392 ἐκείνους
675 3329 803 3392 τοὺς
829 3329 1080 3399 πρώτους
1123 3327 1464 3400 στρατιώτας
1486 3342 1501 3357 ·
1556 3326 1871 3398 ἀϐουλήτως
1915 3328 1975 3382 δὲ

399 3421 624 3485 τούτους
666 3421 764 3476 καὶ
812 3420 1085 3483 ἀκουσίως
1119 3419 1392 3484 ἀπολέσας
1445 3418 1525 3489 (οὐ
1558 3417 1668 3490 γὰρ
1705 3419 1770 3488 δὴ
1830 3418 1971 3472 ἀθα-

394 3513 590 3576 νάτους
617 3515 791 3565 ποιεῖν
827 3510 1101 3581 ἠδύνατο),
1145 3509 1399 3581 δεύτερον
1441 3508 1611 3563 πλοῦν
1645 3510 1759 3581 (58)
1801 3513 1975 3563 ποιεῖ-

393 3621 509 3667 ται,
540 3603 601 3656 τὸ
628 3602 694 3674 δὴ
729 3602 1021 3672 λεγόμενον
1044 3615 1059 3631 ·
1093 3601 1312 3671 ἐτέρους
1348 3602 1690 3669 ἀντεισάγων
1715 3601 1836 3653 ἀντὶ
1863 3601 1974 3653 τῶν

395 3695 887 3766 τετελευτηκότων,
940 3695 1035 3746 καὶ
1062 3693 1130 3752 δι’
1166 3691 1341 3745 ἄλλων
1370 3691 1702 3763 ἀναπληρῶν
1744 3692 1852 3745 τῶν
1881 3708 1975 3745 κε-

391 3783 678 3840 νωθέντων
720 3786 812 3838 τὸν
849 3782 1105 3853 ἀριθμὸν,
1143 3780 1288 3835 οὕτω
1317 3799 1377 3834 τε
1412 3781 1603 3835 τοῦτον
1640 3782 1829 3852 ἄρτιον
1858 3783 1976 3835 δια-

397 3876 703 3944 φυλάττων,
731 3873 824 3927 καὶ
852 3876 919 3944 τῇ
952 3873 1244 3945 προσθήκῃ
1282 3870 1392 3924 τῶν
1423 3870 1827 3938 ὑπεξελθόντων
1860 3871 1977 3925 δια-

399 3967 589 4032 σώζων
623 3967 723 4038 τὴν
768 3966 981 4037 χρείαν.
1012 3963 1186 4018 Τοῦτο
1227 3963 1284 4019 δὲ
1315 3964 1408 4017 ἐπὶ
1436 3963 1571 4016 Θεοῦ
1605 3962 1697 4017 τοῦ
1727 3964 1976 4019 ἀθάνατα

394 4060 753 4131 δημιουργεῖν
785 4056 1084 4129 δυναμένου
1119 4055 1300 4124 λέγειν
1322 4094 1336 4119 ,
1374 4055 1449 4125 μὴ
1488 4053 1581 4107 καὶ
1620 4051 1848 4130 λῆροςῇ
1882 4058 1975 4110 καὶ

470 4200 582 4272 (28)
625 4196 808 4272 34.2.14
820 4193 1176 4272 μοι-χαρίζῃ.
1209 4194 1583 4272 Demereberis
1616 4205 1971 4272 me:_g_ratam

399 4263 530 4325 mihi
564 4263 674 4322 'rem
709 4263 894 4320 facies.
929 4263 1068 4318 Male
1103 4265 1242 4318 idem
1290 4263 1522 4318 Tarinus
1563 4282 1577 4317 :
1619 4263 1821 4318 amabis
1869 4282 1972 4322 me.

401 4341 508 4397 Sed
536 4338 597 4392 τὸ
619 4336 783 4391 ἀλλὰ
810 4335 941 4406 nihil
968 4336 1071 4389 huc
1089 4335 1249 4406 _faei_t.
1279 4332 1489 4399 Scribe,
1526 4333 1671 4405 μάλα
1702 4350 1793 4403 μοι
1818 4352 1974 4406 χαρ.,

396 4410 554 4467 νειιιιε
583 4408 711 4460 mihi
745 4403 1152 4473 gratiﬁcaberis.
1174 4402 1284 4473 ΒΑ.

472 4475 683 4550 (Ξθ-ὃθ)
719 4464 1038 4550 Τριάκοντα
1074 4471 1114 4541 ἣ
1155 4472 1373 4536 ἑκατὸν
1415 4473 1802 4550 στρατιώτας.
1824 4473 1978 4550 _Mira
2010 4464 2059 4523 D

399 4544 623 4602 oniissio
653 4544 791 4599 inter
834 4546 932 4598 hos
968 4557 1341 4603 numerorum,
1379 4558 1477 4595 nec
1512 4544 1647 4597 satis
1684 4544 1972 4599 concinna.

401 4619 623 4673 Seribas
664 4614 891 4675 fortasse
925 4610 1251 4681 ἐνενήκοντα
1284 4611 1318 4681 ἢ
1353 4612 1570 4671 ἑκατόν.
1603 4612 1707 4667 Sed
1756 4614 1980 4683 subjnn-

401 4690 546 4757 gitur
599 4699 722 4739 mox
757 4683 953 4757 eadem
983 4685 1296 4757 scriptura,
1330 4691 1389 4734 ut
1439 4684 1574 4737 tales
1602 4683 1866 4753 manipuli
1896 4685 1977 4739 vel

401 4750 571 4813 scum
605 4764 717 4807 tum
753 4752 950 4804 fuerint
982 4752 1032 4803 in
1065 4766 1185 4804 usu.
1221 4750 1315 4803 Ba.

495 4826 587 4895 3|)
616 4824 719 4895 Td_
738 4820 917 4890 ἔργον
935 4817 1086 4895 τῶν
1136 4818 1473 4895 τριάκοντα.
1497 4817 1971 4895 Genehrardiver-

401 4898 485 4951 sio
520 4887 722 4963 aliquid
766 4887 832 4945 de
877 4889 1115 4943 millibus
1149 4891 1373 4963 gannit._
1404 4887 1526 4963 Sed
1562 4889 1615 4941 in
1657 4905 1717 4942 ea
1750 4890 1979 4963 militum

405 4982 506 5019 vox
536 4957 791 5030 corrupta
815 4970 899 5015 est
926 4971 980 5013 et
1004 4973 1107 5013 vox
1131 4957 1233 5030 una
1259 4959 1478 5015 excidit.
1506 4957 1657 5030 Lege
1689 4975 1702 5012 :
1738 4959 1891 5030 Quod
1932 4961 1979 5013 εί

403 5051 583 5090 eorum
615 5028 809 5100 aliquis
836 5030 1056 5100 intereat
1084 5069 1100 5092 ,
1132 5028 1376 5083 ‘alterum
1405 5029 1683 5100 conscribit
1715 5028 1977 5100 catalogo,

405 5116 562 5174 atque
596 5105 674 5158 ita
704 5096 1105 5174 ‘opusutriginta
1127 5105 1423 5174 __centum_ve
1460 5096 1689 5174 militum
1730 5096 1850 5168 [est
1877 5096 1981 5151 mi-

406 5165 584 5239 litum,
607 5188 711 5227 non
747 5165 973 5223 millium
1002 5168 1052 5221 in
1075 5166 1313 5222 editione
1345 5166 1603 5239 Ducteana
1629 5165 1671 5238 ],
1703 5165 1759 5220 ui
1784 5177 1832 5221 et
1860 5172 1980 5239 Auni-

407 5237 576 5298 versu
607 5242 771 5303 actio,
824 5241 1192 5291 detrimentum
1243 5244 1339 5303 aut
1401 5237 1723 5291 vacationem
1779 5237 1982 5290 nullam

405 5314 654 5369 sustinet.
678 5302 849 5376 Quam
874 5309 1009 5363 bene
1025 5314 1211 5376 autem
1239 5302 1431 5360 Latine
1452 5307 1701 5376 loquatur
1728 5306 1774 5363 is
1798 5309 1981 5372 homo,

407 5386 591 5438 dicere
626 5375 731 5434 non
767 5379 975 5431 attinet.
1014 5375 1110 5431 BA.

480 5451 593 5525 (32)
637 5447 938 5525 'Ep_ra¢_7[t_1_,
971 5443 1405 5525 expeditionem,
1454 5443 1654 5525 bellum
1695 5445 1838 5515 quod
1872 5459 1984 5525 prae

409 5512 665 5575 manibus
689 5512 788 5585 sit,
821 5512 1057 5587 indicati
1085 5512 1319 5587 ἀργίαν,
1353 5512 1844 5585 pt‘olongatioiiem,
1874 5512 1983 5568 iui-

407 5585 922 5663 pedimetuuntiBa.

481 5661 597 5727 (55)
634 5657 741 5714 CC.
785 5657 859 5727 Ρ.
880 5653 1128 5727 λιπόντος
1149 5662 1205 5707 et
1226 5651 1526 5727 λείποντος.

633 5726 933 5801 Hesychius
969 5741 983 5779 :
1018 5723 1311 5801 βαναυσίας
1334 5724 1632 5801 ςΠίδιωτίεις
1671 5721 1703 5793 ἢ
1740 5723 1981 5801 ἀλογίας.

407 5793 759 5863 υἱὸεε’ίιυηιῖ
783 5798 957 5851 locum
1006 5795 1309 5864 reSpexisse
1355 5795 1700 5865 llcsyt-hium.
1744 5793 1878 5850 Nam
1930 5797 1983 5849 in

2081 3248 2414 3302 voluntatem
2442 3256 2497 3302 et
2522 3246 2810 3301 consilium
2844 3259 2939 3299 eos
2969 3244 3203 3313 perdidit
3231 3261 3245 3298 :
3280 3257 3513 3311 cumque
3544 3257 3651 3296 non

2080 3350 2263 3409 posset
2291 3356 2385 3395 eos
2429 3339 2611 3395 facere
2673 3338 3032 3405 immortales,
3065 3336 3293 3393 alteram
3343 3336 3658 3407 navigatio~

2081 3447 2204 3487 nem
2239 3432 2511 3501 instituit,
2545 3440 2604 3486 ut
2647 3431 2939 3502 proverbio
2979 3431 3203 3486 dicitur.
3233 3428 3372 3484 Nam
3412 3428 3550 3484 alios
3601 3429 3654 3483 in

2083 3532 2430 3577 mortuorum
2485 3523 2656 3577 vicem
2693 3522 2940 3587 inducit,
2975 3530 3033 3575 et
3066 3536 3165 3591 per
3192 3520 3341 3575 alios
3366 3534 3654 3575 numerum

2080 3628 2269 3668 eorum
2298 3615 2387 3683 qui
2417 3613 3160 3686 desiderabantur,.supplet;
3197 3613 3382 3680 sicque
3416 3611 3505 3679 ille
3531 3625 3657 3682 per-

2082 3703 2284 3758 fectum
2310 3714 2516 3772 servat,
2544 3715 2602 3760 et
2634 3705 3014 3775 supplemento
3043 3720 3231 3759 eorum
3259 3704 3349 3772 qui
3382 3702 3655 3758 demortui

2085 3803 2232 3857 sunt,
2267 3809 2422 3847 usum
2462 3783 2664 3848 tuetur.
2696 3792 2751 3847 Id
2793 3807 2925 3848 vero
2955 3793 3021 3848 de
3054 3792 3162 3847 Deo
3191 3793 3282 3861 qni
3327 3790 3657 3846 immortalia
3754 3844 3757 3849 ,

2081 3880 2292 3935 ellicere
2326 3889 2544 3950 potest,
2578 3880 2783 3936 sentire
2823 3893 3006 3933 nonne
3062 3890 3448 3947 nugamentum
3490 3884 3572 3929 est
3603 3884 3659 3928 et

2083 3971 2313 4040 insignis
2352 3969 2932 4041 blasphemia?ltaque
2967 3969 3274 4039 exemplum
3308 3978 3456 4022 tuum
3499 3966 3657 4037 plane

2081 4062 2321 4131 ineptum
2354 4071 2439 4117 est
2481 4074 2537 4117 et
2567 4062 2993 4117 dissentaneum.
3020 4065 3097 4115 Ac
3127 4075 3259 4114 sane
3287 4072 3387 4127 ego
3417 4057 3570 4111 vobis
3600 4056 3659 4111 il-

2081 4214 2148 4254 eo
2171 4215 2273 4253 non
2311 4215 2480 4268 pauca
2513 4209 2666 4262 sunt,
2701 4215 2821 4269 quae
2851 4201 2916 4254 ad
2947 4199 3063 4253 loca
3092 4198 3258 4269 etiam
3289 4197 3653 4269 recentiorum

2083 4265 2366 4323 auctorum
2395 4265 2734 4340 respiciant.
2772 4269 3119 4340 Etymologus
3161 4266 3256 4320 τὸν
3279 4265 3658 4340 ,ἀπάνθρωπον

2083 4340 2181 4393 καὶ
2230 4339 2589 4409 ὑπερήφανον
2641 4336 2904 4408 exponit;
2958 4336 3189 4410 Gyrillus
3241 4336 3662 4407 glossographus

2086 4411 2469 4476 arrogantium.
2508 4410 2602 4463 ΒΛ.

2155 4473 2269 4548 (’55)
2300 4477 2453 4531 Οὐδὲ
2475 4478 2808 4548 τὴνᾳτρίκα.
2832 4475 3185 4548 Notissimum
3209 4476 3277 4530 de
3297 4473 3658 4548 minutissima

2087 4563 2144 4601 re
2165 4542 2547 4616 proverbium.
2579 4542 2825 4601 catullus
2868 4565 2883 4598 :
2919 4564 3021 4600 non
3048 4546 3221 4616 facere
3257 4545 3389 4616 pili,
3425 4553 3530 4599 etc.
3565 4542 3660 4598 Ci-

2084 4613 2213 4672 cero
2243 4618 2307 4671 ad
2341 4617 2575 4671 Atticum
2594 4618 2694 4685 lib.
2725 4631 2779 4680 v,
2813 4632 2901 4685 ep.
2925 4617 3016 4672 20.
3049 4613 3114 4670 Et
3154 4615 3304 4670 alibi.
3338 4613 3435 4668 BA.

2157 4687 2268 4756 (36)
2321 4685 2536 4754 Λήμην
2565 4684 2769 4755 ὥσπερ
2798 4682 2954 4742 τινά.
3010 4685 3332 4756 Lippitudo,
3383 4682 3661 4756 oculorum

2084 4752 2301 4811 vitium.
2337 4752 2559 4811 Latinos
2602 4752 2839 4826 glumam
2885 4752 3087 4826 dixisse
3115 4752 3420 4826 docetjam
3470 4753 3659 4826 lauda-

2088 4837 2197 4881 ttnn
2222 4826 2408 4896 Cyrilli
2435 4822 2796 4896 Glossarium.
2824 4827 2988 4896 Λήμη
3017 4825 3237 4896 λέγεται
3258 4823 3319 4896 τὸ
3343 4822 3666 4896 συνιστάμε-

2085 4913 2176 4949 νον
2208 4892 2282 4949 ἐν’
2312 4895 2392 4964 τῷ
2422 4894 2686 4964 ὀφθαλμῷ
2714 4892 2921 4948 λευκὸν
2949 4892 3011 4963 ύγ
3025 4892 3116 4963 ρδν
3146 4894 3242 4947 καὶ
3287 4892 3666 4964 ἀμϐλυώττειν

2089 4960 2528 5036 παρασκευάζον.
2595 4960 2954 5036 Ἡρακλείδης
2998 4960 3072 5036 δέ
3126 4965 3164 5036 6_
3213 4960 3462 5036 Σωρανδς
3516 4960 3666 5036 λέγει

2086 5028 2266 5105 λημᾷν
2308 5031 2571 5105 λέγεσθαι
2594 5028 3114 5105 τὸξάπολαυστικῷς
3142 5028 3383 5105 βλέπειν,
3422 5029 3574 5105 παρὰ
3605 5028 3666 5105 τὸ

2087 5100 2238 5157 mea
2264 5141 2280 5168 ,
2318 5104 2346 5156 ὅ
2371 5105 2521 5155 ἐστιν
2552 5103 2867 5156 ἀπολαύειν.
2915 5100 3248 5155 ScholiaStes
3286 5100 3666 5167 Aristophanis

2089 5173 2246 5227 Pluto
2284 5191 2298 5224 :
2332 5173 2496 5241 Λήμη
2526 5171 2644 5224 ἐστὶ
2671 5170 2732 5222 τὸ
2762 5170 3009 5241 πεπηγὸς
3033 5170 3268 5241 δάκρυον
3286 5168 3438 5241 ζὸπερ
3467 5169 3667 5241 ἐπικα-

2090 5236 2657 5314 θεζόμενονςβλάπτει
2697 5241 2830 5314 τοὺς
2854 5236 3209 5314 ὀφθαλμούς·
3249 5239 3300 5314 οἱ
3346 5236 3444 5314 τάς
3485 5236 3664 5314 λήμας

2087 5306 2304 5383 ἔχοντες
2330 5306 2442 5383 τῷν
2478 5308 2775 5383 ὀφθαλμῶν
2810 5306 3198 5383 ἐμποδίζονται
3230 5308 3331 5383 τάς
3362 5306 3533 5383 δψεις.
3566 5306 3665 5356 ΒΑ.

2159 5382 2272 5452 ('57)
2310 5379 2434 5434 Τῶν
2474 5377 2587 5447 τῆς
2624 5377 2887 5452 διανοίας
2914 5377 3216 5452 ρμμάτῳν.
3256 5379 3329 5432 De
3363 5377 3665 5452 his-singu-

2092 5442 2189 5506 lari
2219 5442 2544 5505 tractatione
2560 5442 2610 5504 in
2636 5442 3087 5504 Adversariorum
3103 5445 3541 5502 Commentariis.
3563 5442 3661 5497 ΒΑ.

2167 5521 2279 5593 (58)
2319 5519 2607 5593 Δεύτερον
2638 5518 2871 5593 augur.
2914 5518 3218 5573 Secundam
3267 5514 3665 5593 navigationem

2092 5583 2295 5657 facere,
2329 5583 2671 5656 proverbium
2701 5587 2906 5644 Graecis
2935 5603 3038 5642 non
3070 5583 3438 5657 rarumtVid'e
3466 5583 3668 5657 doctis:

2093 5650 2292 5716 simuni
2329 5650 2475 5714 'olim
2512 5660 2746 5713 amicum
2787 5667 3035 5713 nostrum
3064 5657 3235 5712 Andr.
3276 5654 3567 5712 Schottum
3599 5650 3669 5709 ad

2097 5729 2382 5789 Proverbia
2414 5727 2595 5787 Suida
2627 5737 2773 5787 cent.
2797 5727 2855 5796 5,
2882 5728 3041 5799 adag.
3073 5726 3160 5782 5i.
3192 5726 3287 5781 ΒΑ.
