4052 6412
348 381 482 452 1093

415 486 552 557 ΙΑΤ.
582 490 713 556 Ναί»

412 592 642 648 ΧΡΙΣΤ.
661 592 721 646 ’0
749 591 807 645 δὲ
837 591 1043 663 κόσμος
1069 590 1330 665 αἰσθητὸς
1352 591 1532 662 ὲφάνη
1560 589 1657 644 καὶ
1684 587 1937 660 γενητὸς,

344 681 600 746 σύνθετός
636 699 697 736 τε
727 677 816 737 οἷα
853 682 916 748 ἐξ
949 681 1083 754 ὕλης
1127 685 1225 737 καὶ
1269 683 1446 746 εἴδους
1477 681 1709 737 καὶτῶν
1739 680 1939 736 τεσσά-

344 792 457 845 ρων
485 776 766 845 στοιχείων
801 774 1185 847 συγκείμενος,
1218 774 1363 829 κατὰ
1390 773 1658 829 Πλάτωνα
1677 815 1693 840 ,
1729 774 1825 827 καὶ
1848 770 1937 826 διὰ

342 863 502 917 τοῦτο
534 863 855 918 διαλύεσθαι
883 863 1152 930 πεφυκώς
1188 864 1328 938 (64).

416 955 550 1010 ΙΑΤ.
600 955 828 1027 Ἐφάνη.

412 1046 643 1100 ΧΡΙΣΤ.
680 1046 743 1100 Εἰ
772 1045 889 1113 οὖν,
921 1041 966 1101 ὧ
1000 1047 1263 1119 μακάριε,
1291 1049 1319 1101 ὁ
1350 1046 1446 1118 μὲν
1466 1044 1597 1110 Θεὸς
1617 1045 1714 1117 οὐχ
1739 1043 1932 1109 οὕτως,

340 1136 370 1187 ὁ
410 1136 467 1189 δὲ
503 1136 711 1210 κόσμος
739 1138 914 1202 οὕτως
939 1155 954 1169 ·
990 1139 1090 1192 οὐκ
1110 1138 1220 1209 ἄρα
1248 1137 1382 1202 Θεὸς
1413 1137 1498 1191 ὅδε
1535 1137 1759 1207 κόσμος.
1789 1137 1851 1191 Εἰ
1877 1135 1934 1189 δὲ

343 1228 421 1300 μὴ
451 1228 584 1293 Θεὸς
611 1223 763 1294 οὗτος
785 1272 800 1296 ,
832 1229 957 1286 οὔτε
994 1250 1048 1285 τι
1073 1230 1181 1284 τῶν
1229 1229 1422 1284 τούτου
1472 1227 1655 1300 μερῶν
1681 1245 1694 1258 ο
1738 1225 1935 1280 οὔκουν

341 1320 450 1391 ἄρα
481 1321 612 1383 Θεὸς
641 1323 669 1375 ὁ
704 1321 880 1391 ἥλιος,
919 1322 1042 1377 οὔτε
1082 1324 1116 1394 ἡ
1154 1322 1385 1392 σελήνη,
1422 1320 1546 1374 οὔτε
1579 1337 1633 1373 τι
1662 1318 1771 1372 τῶν
1809 1318 1933 1373 κατ’
1966 1346 1969 1347 ν

339 1409 573 1481 οὐρανὸν
614 1411 961 1482 κινουμένων
989 1428 1005 1444 ο
1041 1412 1185 1483 μέρη
1229 1408 1340 1486 γὰρ
1369 1407 1542 1462 ταῦτα
1588 1404 1686 1460 τοῦ
1733 1404 1934 1469 παντὸς

340 1503 439 1556 καὶ
472 1502 941 1574 δημιουργήματα
966 1501 1061 1556 τοῦ
1098 1499 1235 1555 Θεοῦ
1270 1498 1404 1567 (65).

312 1584 321 1591 ’
412 1583 546 1647 ΙΑΤ.
586 1588 658 1647 Εὖ
679 1593 893 1663 -λέγεις.

410 1684 641 1737 ΧΡΙΣΤ.
675 1685 740 1738 Et
770 1684 956 1738 τοίνυν
995 1684 1136 1755 μέρη
1168 1681 1346 1738 ταῦτα
1389 1678 1484 1732 τοῦ
1543 1677 1746 1741 παντὸς
1768 1717 1782 1740 ,
1821 1677 1931 1730 άπ-

342 1772 564 1845 εδείχθη
591 1774 648 1827 δὲ
678 1775 741 1828 τὸ
781 1775 892 1828 πᾶν
924 1774 1161 1845 γενητὸν.
1181 1774 1277 1827 καὶ
1303 1768 1619 1825 διαλύεσθαι
1643 1766 1887 1837 πεφυκὸς
1912 1807 1929 1833 ,

1374 385 1834 448 DISPUTATIO
1865 380 1966 443 DE
2006 377 2259 444 MUNDI
2297 378 2654 443 OPIFICIO.

1957 504 2001 558 Α
2103 496 2268 551 MED.
2298 496 2513 551 Fateor.

3491 372 3630 439 1094

2109 586 2385 643 CllltlST.
2412 585 2514 640 Hic
2540 592 2721 639 autem
2752 582 2985 638 mundus
3008 581 3289 639 sensibilis
3314 580 3549 645 videtur.
3575 591 3631 636 et

2042 680 2238 743 lactus,
2265 686 2664 747 concretusque
2688 691 2720 732 e
2746 676 2997 741 materia,
3023 690 3087 731 ac
3115 673 3292 730 forma
3317 682 3371 729 et
3397 683 3630 743 quatuor

2037 770 2323 826 elementis
2363 767 2718 838 compositus,
2762 764 3007 821 Platonis
3048 764 3283 835 judicio.
3326 774 3381 821 ct
3424 765 3629 821 idcirco

2038 857 2102 914 ad
2135 859 2550 914 dissolutionem
2583 865 2777 912 natura
2805 865 3182 928 cumparatus.

2112 948 2276 1001 MED.
2308 947 2556 1005 Videtur.
3132 956 3135 960 ⁴

2106 1036 2380 1092 CllRlST.
2412 1038 2471 1093 Si
2504 1041 2688 1111 igitur,
2719 1039 2792 1095 mi
2824 1039 3057 1107 medice,
3086 1040 3231 1096 Deus
3257 1039 3417 1095 aliter
3439 1050 3523 1095 est
3549 1039 3631 1094 ef-

2039 1127 2249 1195 fectus,
2296 1128 2456 1183 aliter
2500 1132 2735 1186 mundus
2780 1148 2795 1185 :
2842 1146 2951 1186 non
2999 1132 3165 1202 igitur
3203 1130 3347 1187 Deus
3392 1141 3477 1186 est
3523 1132 3626 1187 iste

2037 1220 2291 1275 mundus.
2330 1219 2485 1287 Quod
2527 1223 2572 1277 si
2612 1239 2717 1278 non
2753 1232 2837 1278 est
2873 1221 3050 1290 Deus,
3090 1238 3267 1293 neque
3301 1223 3481 1294 aliqua
3520 1223 3626 1278 ulla

2036 1313 2152 1383 ejus
2180 1329 2308 1381 pars
2336 1331 2350 1367 :
2381 1329 2554 1384 neque
2581 1329 2709 1385 ergo
2736 1315 2818 1370 sol
2849 1314 2989 1371 Deus
3018 1324 3124 1380 est,
3155 1330 3330 1385 neque
3356 1316 3504 1380 luna,
3531 1331 3629 1370 ne-

2035 1418 2139 1472 que
2172 1404 2466 1473 quidquam
2502 1420 2690 1459 eorum
2726 1422 2846 1475 quae
2882 1407 2934 1461 in
2972 1407 3110 1462 coelo
3145 1419 3430 1462 moventur
3464 1426 3476 1461 :
3515 1409 3632 1463 haec

2033 1499 2176 1552 enin:
2206 1507 2335 1552 sunt
2364 1498 2598 1554 universi
2629 1500 2834 1566 partes,
2868 1500 2982 1555 haec
3011 1499 3105 1555 Dei
3134 1500 3375 1570 opiﬁcia.

2107 1587 2276 1644 MED.
2311 1590 2499 1644 Recte.

2111 1679 2387 1735 CHRIST.
2424 1680 2482 1735 Si
2516 1680 2680 1751 igitur
2708 1683 2822 1737 haec
2852 1691 2982 1736 sunt
3016 1690 3197 1752 partes
3229 1682 3505 1749 universi,
3540 1697 3632 1739 re-

2033 1780 2229 1840 cteque
2243 1773 2669 1828 demonstratum
2687 1774 2999 1829 universum
3016 1773 3217 1830 factum
3231 1790 3352 1830 esse
3364 1786 3419 1831 et
3442 1787 3632 1832 natum

337 1866 416 1930 ὡς
445 1866 701 1920 σύνθετον
741 1865 801 1919 ὸν
838 1866 933 1920 καὶ
962 1865 1212 1935 γενητὸν,
1254 1863 1314 1918 τὸ
1359 1861 1418 1916 δὲ
1448 1860 1625 1924 οὓτως
1667 1859 1792 1930 ἔχον
1825 1858 1931 1925 ἔξω

2056 1863 2099 1916 ιι]
2124 1862 2560 1931 dissolutionem,
2584 1874 2767 1934 utpote
2809 1877 3121 1921 concretqu
3144 1877 3200 1921 et
3221 1866 3421 1922 factum
3448 1885 3462 1920 :
3487 1868 3632 1939 quod

288 1946 291 1947 ν
340 1975 445 2012 που
480 1957 695 2012 κεῖσθαι
726 1958 826 2029 τῆς
859 1957 1138 2028 μακαρίας
1168 1955 1263 2010 τοῦ
1300 1954 1438 2008 Θεοῦ
1468 1954 1686 2024 φύσεως
1717 1951 1927 2006 δίκαιον

2056 1969 2161 2010 ’81⁵0
2179 1955 2260 2009 sic.
2279 1970 2338 2010 se
2361 1956 2540 2024 habet,
2561 1965 2619 2011 ut
2639 1956 2933 2013 collocetur
2948 1968 3103 2013 extra
3127 1958 3340 2015 beatam
3362 1958 3455 2015 Dei
3480 1970 3635 2016 natu-

339 2051 518 2122 ἐφάνη
543 2067 558 2083 ⁸
607 2050 709 2103 οὐκ
747 2049 858 2121 ἄρα
905 2047 1258 2118 θεολογητέον
1300 2046 1426 2100 οὗτε
1458 2045 1551 2100 τὸν
1580 2045 1731 2116 ἥλιον
1753 2082 1769 2109 ,
1804 2041 1928 2096 οὔτε

2056 2062 2167 2108 am,
2186 2047 2559 2118 279justmn
2574 2049 2785 2104 videtur
2807 2050 2915 2104 :sol
2928 2049 3092 2119 igitur
3110 2065 3215 2105 non
3234 2060 3317 2106 est
3337 2051 3390 2105 iu
3406 2050 3535 2106 deos
3554 2066 3635 2107 re-

339 2146 438 2217 τὴν
472 2144 725 2216 σελήνην,
757 2143 882 2197 οὐτε
911 2143 1023 2198 τῶν
1044 2142 1223 2198 ἄλλων
1251 2141 1544 2215 πλανητῶν
1569 2140 1782 2195 οὐδένα.

412 2237 550 2291 ιΑτ.
583 2237 661 2290 Οὐ
696 2237 828 2307 γάρ.
1578 2244 1579 2247 γ

411 2330 640 2385 ΧΡΙΣΤ.
677 2327 1088 2400 Συναπεδείχθη
1137 2323 1232 2383 οῦν
1284 2328 1397 2400 ἄρα
1442 2327 1503 2381 τὸ
1546 2325 1623 2398 μὴ
1653 2325 1745 2378 τὸν
1778 2322 1932 2394 ἥλιόν

339 2437 486 2483 τινος
523 2410 663 2475 εῖναι
686 2420 1048 2491 δημιουργὸν,
1078 2417 1243 2490 εἴπερ
1275 2418 1352 2491 μὴ
1374 2417 1509 2481 Θεὸς
1538 2415 1887 2487 ὁμολογεῖται
1913 2429 1933 2445 ο

340 2509 736 2581 δημιούργημα
761 2510 819 2564 δὲ
845 2508 1004 2564 Θεοῦ.
1034 2508 1215 2572 Μόνος
1234 2507 1345 2579 γὰρ
1366 2510 1396 2561 ό
1416 2506 1549 2571 Θεὸς
1575 2504 1934 2578 δημιουργὸς,

341 2602 419 2665 ὡς
444 2602 507 2655 ού
535 2601 672 2673 πρὸς
702 2601 894 2672 ἑτέρου
922 2598 1377 2672 δημιουργηθείς.

416 2694 555 2747 IAT.
607 2692 809 2757 Καλῶς
847 2691 1031 2762 λέγεις
1053 2706 1070 2726 ο
1122 2691 1262 2746 ἀλλὰ
1315 2689 1476 2745 τοῦτό
1529 2707 1623 2762 μοι
1670 2690 1735 2745 τὸ
1787 2688 1930 2744 ἀπό-

350 2801 502 2855 ρημα
538 2782 649 2852 (66)
687 2781 870 2837 λῦσον.

416 2874 642 2928 ΧΡΙΣΤ.
673 2874 747 2927 Τὸ
781 2876 935 2928 ποῖον
966 2873 1069 2946 δή;

413 2963 550 3017 lAT.
587 2963 650 3016 Et
674 2963 776 3018 οὐκ
805 2959 872 3036 ἦν
901 2965 931 3019 ό
968 2963 1177 3035 κόσμος
1222 2962 1353 3017 ποτὲ
1374 3001 1390 3027 ,
1419 2961 1538 3025 πῶς
1557 2957 1627 3035 ἧν
1658 2964 1688 3016 ό
1712 2962 1845 3026 Θεὸς
1877 2963 1937 3016 ἓν

342 3055 423 3128 τῷ
443 3055 642 3110 ἑαυτοῦ
666 3056 813 3110 κατὰ
843 3055 1046 3128 τρόπον
1078 3055 1200 3127 ῆθει
1229 3054 1379 3126 (67);
1417 3053 1535 3118 πῶς
1563 3054 1620 3108 δὲ
1648 3055 1819 3126 χωρὶς
1843 3052 1938 3107 τοῦ

2030 2135 2214 2193 Ierend
2224 2155 2304 2202 us,
2323 2153 2495 2208 neque
2509 2137 2656 2204 luna,
2670 2154 2845 2209 neque
2872 2138 3101 2194 aliorum
3117 2139 3454 2210 planetarum
3469 2139 3630 2197 ullus.

2101 2227 2266 2284 MED.
2304 2228 2548 2285 Minime.

2105 2318 2381 2374 CHRIST.
2426 2320 2614 2391 Itaque
2648 2319 2816 2377 simul
2858 2322 3285 2380 demonstratum
3330 2332 3417 2378 est
3457 2323 3630 2379 solem
3679 2330 3699 2345 ⁸

2036 2410 2264 2491 alicujus
2310 2412 2388 2468 rei
2435 2428 2541 2468 non
2589 2428 2711 2470 esse
2756 2414 3095 2480 eﬂ‘eclorem,
3134 2417 3178 2472 si
3223 2416 3442 2486 quidem
3490 2415 3635 2471 Deus

2036 2518 2142 2557 non
2190 2504 2543 2571 concedatur,
2586 2509 2682 2560 sed
2730 2506 2825 2561 Dei
2871 2507 3171 2577 opiﬁcium.
3215 2507 3381 2564 Solus
3427 2509 3631 2579 quippe

2037 2594 2183 2650 Deus
2214 2594 2401 2665 opifex
2430 2606 2534 2663 est,
2566 2607 2625 2652 ut
2656 2613 2762 2653 non
2796 2600 3090 2667 productus
3119 2599 3190 2654 ab
3219 2599 3348 2657 alio.

2113 2683 2276 2741 MED.
2314 2684 2588 2743 Praeclare
2620 2687 2882 2759 loqueris,
2913 2691 3010 2747 sed
3042 2690 3179 2747 mihi
3215 2691 3378 2748 istam
3413 2690 3634 2748 dubita-

2043 2776 2245 2832 tionem
2277 2777 2448 2834 solve.

2110 2867 2389 2924 CHRIST.
2424 2871 2767 2936 Quamnam?

2109 2957 2275 3013 MED.
2322 2961 2380 3015 Si
2419 2961 2605 3031 aliquo
2650 2973 2894 3034 tempore
2937 2979 3046 3022 non
3086 2965 3191 3021 fuit
3228 2968 3485 3033 mundus,
3525 2983 3635 3039 quo

2041 3061 2202 3121 pacto
2241 3061 2361 3107 erat
2408 3052 2549 3108 Deus
2590 3055 2642 3109 in
2689 3070 2789 3111 suo
2831 3072 2929 3126 pro
2966 3071 3123 3113 more
3162 3059 3480 3114 domicilio?
3514 3060 3634 3129 Quo

345 3144 549 3211 παντὸς
579 3142 720 3200 εἶναι
743 3144 1008 3212 δύναται;
1051 3145 1169 3208 πῶς
1193 3145 1238 3199 δ’
1269 3146 1337 3200 ἂν
1379 3146 1464 3217 ετη
1495 3145 1821 3216 εὐεργέτης,
1858 3146 1935 3218 μὴ

2056 3153 2203 3213 pacto
2236 3158 2487 3199 seorsum
2523 3145 2591 3199 ab
2626 3147 2881 3202 universo
2917 3162 3039 3203 esse
3075 3150 3292 3219 potest?
3330 3166 3438 3219 quo
3477 3162 3635 3221 pacto

344 3208 661 3295 όντων-τῶν
689 3208 1203 3309 εὐεργετουμένωνς
1236 3236 1383 3300 τινος
1411 3208 1471 3290 δὲ
1503 3208 1710 3309 καὶ-εἴη

2056 3235 2154 3290 erit
2180 3236 2479 3303 beneficus,
2503 3239 2592 3293 ubi
2618 3254 2724 3293 non
2751 3249 2911 3295 erunt
2938 3255 3002 3296 ea
3029 3208 3155 3312 erga
3183 3257 3303 3312 qua:
3327 3208 3636 3299 beneiicenc

346 3329 482 3393 Θεός
500 3348 516 3396 ;

416 3423 646 3477 ΧΡΙΣΤ.
683 3420 914 3486 Ἔοικάς
947 3438 1039 3493 μοι
1068 3461 1084 3486 ,
1134 3415 1180 3475 ὦ
1215 3422 1479 3494 μακάριε,
1504 3417 1573 3493 ἦν
1598 3421 1642 3475 δ’
1667 3421 1801 3491 ἐγὼ,
1831 3419 1939 3477 ὦσ-

346 3529 456 3585 περ
506 3512 567 3580 ἐξ
614 3511 786 3567 ὕπνου
845 3513 1141 3575 διαναστάς
1176 3512 1288 3585 (68)
1334 3513 1688 3584 ἐπιλελῆσθαι
1729 3514 1829 3584 μὲν
1858 3508 1936 3567 ὧν

347 3603 542 3676 πρώην
579 3605 841 3676 ἐλέγομεν
877 3603 1024 3675 (69)?
1064 3603 1156 3656 τὸν
1185 3603 1244 3657 δὲ
1273 3603 1557 3673 κολοφῶνα
1595 3605 1708 3675 (70)
1741 3603 1933 3676 ὥσπερ

343 3698 453 3751 οἴει
492 3696 602 3751 τῶν
629 3696 965 3768 ζητημάτων
991 3696 1089 3749 σὺν
1113 3696 1247 3767 ἡμῖν
1271 3695 1645 3767 διαφερόντως
1676 3700 1937 3767 προϊσχεο

349 3789 475 3844 σθαι
494 3804 508 3819 °
546 3791 642 3843 καὶ
668 3789 729 3844 οὐ
754 3789 948 3863 λογίζῃ
972 3789 1055 3843 ὅτι
1082 3787 1213 3851 Θεὸς
1238 3787 1567 3859 εὐεργετῶν,
1596 3788 1698 3840 οὐκ
1726 3787 1941 3860 ἀνάγκῃ

346 3882 634 3952 εὐεργετεῖ
658 3922 673 3946 ,
706 3880 965 3953 καθάπερ
1010 3879 1137 3935 οὕτε
1170 3880 1525 3952 δημιουργεῖν
1551 3879 1664 3948 (7|)
1695 3878 1943 3948 ἀναγκά-

347 3974 525 4038 ζεται,
556 3970 746 4042 ὥσπερ
773 3971 1037 4042 ἐλέγομεν
1057 3970 1190 4043 (72).
1218 3971 1374 4041 Μόνη
1426 3969 1592 4040 γὰρὴ
1625 3968 1747 4022 θεία
1778 3970 1943 4039 φύσις

347 4062 597 4134 ἀνάγκης
630 4062 782 4116 ἐστὶν
806 4061 1095 4134 ἐλευθέρα.
1135 4061 1325 4133 Ὑμεῖς
1351 4059 1409 4114 δέ
1435 4076 1529 4131 μοι
1551 4059 1642 4113 τὸν
1679 4058 1812 4112 Θεὸν
1843 4059 1945 4113 οὐκ

422 4196 532 4267 (64)
561 4197 920 4267 Διαλύεσθαι
949 4194 1251 4266 πεφυκώς,
1281 4194 1534 4267 conditus
1576 4200 1637 4248 ut
1673 4193 1938 4267 dissolve-

354 4263 528 4321 retur.
556 4266 689 4321 Eam
723 4263 1054 4322 sententiam
1080 4266 1276 4321 melius
1306 4263 1516 4319 Tariuo
1539 4266 1812 4332 expressit
1834 4264 1943 4320 Ge-

353 4338 682 4392 nebrardus.
729 4335 968 4393 Tarinus
1016 4336 1248 4392 debebat
1282 4335 1601 4391 meminisse
1636 4335 1753 4397 ejus
1795 4337 1943 4402 quod

352 4407 518 4475 paulo
576 4416 701 4461 ante
742 4417 890 4463 recte
921 4406 1156 4462 reddidit
1187 4420 1202 4459 :
1251 4406 1369 4460 Πᾶν
1412 4405 1523 4475 γάρ
1562 4402 1816 4458 σύνθετον
1851 4404 1946 4475 ne.

2046 3327 2178 3381 tiam
2212 3329 2506 3383 exerceat?
2537 3338 2799 3398 praaterea
2829 3333 3111 3400 cujusnam
3144 3335 3252 3388 erit
3282 3333 3463 3390 Deus!

2114 3414 2388 3472 CHRIST.
2416 3416 2630 3473 Videris
2659 3418 2823 3486 mihi,
2854 3421 2922 3474 mi
2957 3422 3194 3488 medice,
3218 3422 3366 3478 velut
3389 3439 3419 3478 e
3444 3438 3635 3479 somno

2041 3507 2474 3578 expergefactus,
2518 3502 2954 3566 oblitus'eorum
3004 3528 3124 3569 esse
3170 3528 3292 3584 qua:
3344 3516 3503 3571 modo
3551 3516 3632 3571 di-

2041 3602 2328 3666 cebamus,
2383 3601 2845 3671 colophonemque
2897 3606 3257 3673 quaestionum
3314 3608 3631 3673 nobiscum,

2042 3690 2207 3745 veluti
2241 3701 2430 3762 putas,
2463 3702 2516 3747 te
2547 3695 2766 3764 egregie
2798 3711 3128 3766 proponere;
3164 3711 3263 3753 nec
3293 3700 3503 3768 cogitas
3534 3699 3632 3756 beo

2038 3784 2271 3866 neticum
2308 3799 2509 3840 numen
2552 3802 2658 3841 non
2698 3790 3012 3843 necessario
3048 3790 3185 3844 bene
3221 3789 3422 3858 facere,
3444 3806 3632 3861 quem-

2043 3876 2337 3932 admodum
2377 3892 2554 3948 neque
2590 3877 2808 3935 efﬁcere
2846 3882 3078 3951 cogitur,
3125 3881 3283 3936 sicuti
3324 3883 3627 3938 docuimus.

2043 3969 2169 4024 Sola
2203 3971 2348 4025 enim
2382 3970 2560 4026 divina
2597 3982 2788 4026 natura
2823 3973 2997 4027 soluta
3032 3983 3117 4028 est
3147 3975 3494 4030 necessitate.
3518 3972 3630 4031 Vos

2051 4073 2230 4115 autem
2266 4062 2434 4118 Deum
2469 4064 2570 4119 sibi
2606 4064 2706 4134 ipsi
2740 4064 3118 4130 sollicitantem,
3153 4066 3355 4121 nullius
3388 4069 3627 4139 indigmn

2044 4194 2192 4272 κίας.
2225 4196 2446 4272 ξΓρόττον
2474 4215 2487 4228 ·
2523 4198 2664 4272 forte
2694 4201 2858 4254 τόπον
2880 4219 2893 4255 :
2916 4201 3039 4272 ἐπεὶ
3070 4200 3231 4265 αὐτὸς
3257 4200 3437 4272 ἑαυτῷ
3466 4203 3631 4266 τόπος

2054 4265 2151 4343 κα)
2179 4265 2342 4343 αὐτὸς
2372 4268 2581 4343 ἑαυτοῦΔ
2606 4269 2822 4343 πλήρης
2853 4271 2945 4323 καὶ
2964 4342 2969 4343 ν
2990 4272 3174 4343 ἱκανὸς
3199 4272 3360 4343 αὐτὸς
3385 4265 3562 4343 ἑαυτῷ
3601 4265 3631 4326 ό

2055 4333 2210 4409 θεός·
2265 4337 2405 4409 idem
2455 4339 2530 4392 De
2562 4333 3018 4409 legifallegoriis.
3079 4333 3216 4395 Tan.
3270 4333 3629 4396 Doetissimus

2057 4403 2291 4479 Tarinus
2320 4407 2505 4479 _161IOV
2540 4403 2793 4464 maluerit
2822 4403 3021 4479 l'egere.
3084 4413 3196 4479 Ego
3228 4412 3363 4465 duas
3411 4415 3631 4466 voculas

352 4474 496 4545 φυκε
529 4476 849 4550 διαλύε-σθαι
886 4494 900 4532 :
940 4476 1108 4550 Omne
1151 4476 1290 4550 enim
1334 4475 1686 4550 compositum
1725 4474 1939 4550 dissolvi

2056 4475 2199 4550 κατὰ
2231 4476 2435 4550 τρόπον
2471 4494 2537 4550 ex
2565 4480 2742 4550 glussa
2776 4474 3038 4548 marginis
3068 4474 3162 4534 aut
3204 4483 3536 4535 iuterlmeari
3574 4483 3630 4537 in

352 4543 539 4600 nutum
565 4556 663 4601 est.
703 4545 905 4602 Peccat
932 4548 1012 4602 sic
1049 4556 1104 4602 et
1136 4546 1298 4613 paulo
1391 4556 1494 4599 ost.
1524 4543 1631 4599 ΒΜ
1657 4544 1738 4598 Ad
1773 4545 1948 4598 dissoo

357 4618 620 4671 Iutiouem
652 4632 683 4671 a
713 4622 907 4671 natura
938 4625 1310 4671 comparatus.
1339 4560 1544 4671 Esses.
1587 4613 1939 4670 Dissolutioni

357 4618 620 4671 Iutiouem
652 4632 683 4671 a
713 4622 907 4687 natura
938 4625 1310 4687 comparatus.
1339 4613 1544 4671 Grasse.
1587 4613 1939 4670 Dissolutioni

354 4688 672 4741 obnoxium.
700 4686 837 4742 Tan.

427 4756 550 4828 (65)
575 4755 693 4828 Non
723 4754 1001 4828 concludit
1061 4755 1168 4828 hoc
1216 4755 1359 4824 quod
1391 4763 1583 4810 auctor
1612 4754 1813 4828 dictum
1844 4770 1943 4811 vo-

357 4824 480 4881 luit.
511 4824 627 4882 Etsi
654 4830 799 4882 enim
821 4825 1036 4895 opiﬁcis
1064 4825 1181 4888 Dei,
1218 4835 1402 4895 tamen
1445 4833 1690 4895 poterant
1715 4824 1942 4879 immor-

357 4896 486 4950 talia
535 4911 677 4961 esse,
706 4907 766 4950 ut
819 4894 947 4951 sunt
1002 4896 1220 4959 animae,
1268 4894 1603 4964 spiritusque
1638 4894 1858 4948 humani
1887 4905 1942 4950 et

356 4966 590 5035 angelici
662 4965 770 5022 Sed
809 4965 934 5021 ideo
967 4965 1101 5019 dicit
1130 4964 1388 5035 mortalia
1410 4977 1553 5029 esse,
1588 4965 1714 5035 quia
1746 4974 1932 5035 pa_rtes

357 5031 487 5090 sunt
518 5036 677 5106 hujus
700 5051 730 5090 a
764 5036 871 5091 Deo
908 5036 1144 5106 conditae
1177 5033 1423 5106 mortalis
1462 5031 1759 5087 machina.
1795 5031 1943 5106 Red-

358 5103 783 5161 diderisveram
836 5105 1043 5160 homini
1093 5104 1421 5160 sententiam
1475 5106 1809 5174 reponendo,
1840 5103 1938 5174 δη-

362 5175 800 5248 μιουργήματος,
833 5190 996 5248 quam
1046 5188 1183 5230 sane
1237 5188 1571 5248 ve_ram_esse
1613 5172 1942 5242 scripturam

360 5241 639 5315 existimo.
674 5241 1040 5301 Consentium
1067 5244 1371 5315 sequentia.
1404 5241 1501 5300 ΒΑ.

437 5314 553 5385 (66)
619 5316 968 5386 Ἆπόρημαη
1001 5313 1435 5386 dubitationem,
1490 5313 1940 5370 incertitudinem.

359 5381 579 5456 Estuin
618 5381 924 5456 elegantius
948 5383 1124 5456 Latini
1158 5386 1367 5456 dicunt.
1402 5381 1502 5456 ΒΑ.

434 5455 549 5527 (67)
614 5452 731 5510 Ἐνῖ
756 5454 839 5521 τῷ
878 5455 1111 5527 ’ἑαυτοῦ
1143 5454 1560 5527 κατὰ-τρόπον
1611 5453 1761 5527 ἤθει.
1782 5452 1944 5527 Scri-

359 5523 513 5595 ptum
529 5523 665 5580 erat
691 5527 871 5597 ἑαυτῴ
893 5523 973 5595 [id
1007 5524 1482 5608 nullibiscriptum
1528 5523 1749 5646 repet-ii];
1780 5524 1944 5606 ῐςατὰ

362 5596 587 5646 τρόπον’
625 5593 763 5646 Dem
816 5597 957 5646 anud
988 5606 1045 5646 se
1080 5593 1386 5646 habitabat.
1428 5594 1569 5646 apud
1599 5609 1652 5646 se
1737 5595 1942 5646 abitat:

362 5593 587 5666 τρόπον’
625 5593 763 5651 Deus
816 5593 957 5664 a‘paa
988 5606 1045 5649 se
1080 5593 1386 5659 habitabat,
1428 5594 1569 5661 apud
1599 5609 1652 5647 se
1697 5593 1942 5666 habitat;

363 5665 504 5731 apud
528 5680 585 5720 se
609 5677 753 5730 erat;
771 5666 912 5732 apud
931 5681 986 5718 se
1005 5674 1083 5719 est
1106 5684 1124 5719 :
1146 5665 1480 5730 Augustinus
1511 5666 1563 5717 in
1595 5665 1733 5732 psal.
1768 5678 1940 5722 cxxlt.

370 5735 637 5808 Καθάπερ
666 5735 999 5808 γὰρὰινδρὸς
1032 5736 1208 5800 ἑστία,
1241 5733 1465 5808 καὶῗνῦν
1488 5733 1646 5802 λόγος
1675 5733 1945 5808 ἐνδιαίτη-

371 5822 469 5876 μα.
499 5805 666 5862 υωιιι
698 5805 757 5862 in
784 5806 929 5876 λόγῳ
960 5807 1209 5861 habitare
1237 5806 1411 5863 credit
1449 5805 1606 5860 l‘hilo
1637 5806 1766 5875 περὶ
1788 5805 1947 5859 ﬁmo:-

2054 4546 2251 4622 seriem
2283 4549 2546 4622 orationis
2570 4546 2922 4622 'correpsisse
2951 4553 3225 4605 existimo.
3279 4550 3366 4604 Ἐν
3401 4551 3478 4622 τῷ
3506 4553 3632 4606 ἑαυο

2042 4613 2140 4690 τοῦ
2167 4615 2338 4690 ήθειη
2361 4618 2442 4690 iu_
2469 4620 2705 4673 naturali
2742 4613 2838 4674 sua
2876 4623 3270 4674 consuetudine
3299 4632 3389 4673 aut
3433 4613 3631 4690 perpe-

2026 4685 2243 4757 rmitate
2293 4687 2535 4756 ejusdem
2595 4691 2764 4744 moris
2826 4702 2881 4746 et
2950 4692 3296 4752 consmnliae,
3355 4685 3629 4757 designat.

2045 4753 2229 4807 Τόπον
2270 4753 2450 4827 tamen
2487 4758 2638 4827 legit,
2674 4769 2729 4812 et
2760 4760 3096 4814 domicilium
3132 4766 3296 4814 vertit
3326 4753 3499 4814 eliuui
3520 4762 3631 4817 Ge—

2045 4826 2346 4897 nehrardus
2369 4840 2384 4892 ;
2408 4843 2507 4880 nec
2523 4826 2609 4882 est
2630 4829 2851 4884 homine
2873 4830 3157 4884 idololatra
3183 4831 3398 4897 indigna
3424 4849 3486 4884 ra
3506 4847 3630 4887 vox.

2045 4891 2166 4966 Meo
2185 4891 2580 4966 tamenanimo
2613 4909 2841 4966 utraque
2871 4914 2975 4952 vox
3004 4899 3194 4952 melius
3221 4891 3416 4953 aberit.
3453 4899 3549 4954 ΒΑ.

2116 4962 2230 5034 (68)
2272 4962 2369 5028 Ἐξ
2388 4965 2588 5019 ὕπνου
2625 4962 2979 5034 διαίαστάς.
3012 4967 3302 5022 Parmmia.
3337 4969 3430 5021 BA.

2117 5033 2230 5104 (69)
2260 5035 2390 5105 Qua:
2424 5050 2624 5105 (nuper
2675 5039 2818 5091 dicta
2860 5051 2987 5091 sunt
3018 5039 3261 5089 olunium
3303 5039 3630 5093 oblivionem

2045 5102 2273 5159 habere.
2309 5102 2640 5159 Ebrietatem
2702 5108 2992 5176 quamdam
3041 5105 3278 5176 homini,
3312 5116 3367 5160 et
3396 5123 3516 5161 eam
3548 5123 3634 5163 se-

2045 5182 2231 5227 cutum
2259 5188 2505 5228 crassum
2535 5174 2789 5230 somnum
2833 5175 3112 5228 insimulat
3144 5176 3213 5228 ei.
3250 5174 3349 5229 BA.

2112 5241 2234 5322 (70)
2265 5242 2935 5322 lgodoyéraaﬁummam
2959 5279 2973 5305 ,
3006 5242 3089 5322 τὸ,
3119 5244 3271 5308 τέλος
3318 5246 3438 5322 κοί).Δ
3452 5245 3634 5322 πέρας

2046 5312 2145 5437 ξιξ)ῖῖ
2204 5312 2559 5438 ῗὲἀέιὲατοςο
2614 5314 2944 5386 Hesychius.
3002 5312 3147 5368 Infra
3223 5330 3281 5385 p.
3336 5315 3462 5381 126,
3522 5312 3631 5387 26;

2143 5421 2658 5527 ξύᾌῃυιῖίουργετν,
2691 5455 2931 5527 operari.
2967 5455 3069 5511 BA.

2145 5523 2498 5597 72)_'00’usp'
2524 5523 2834 5597 ἐλέγομεν.
2869 5525 2962 5582 Sic
2984 5525 3258 5597 ut‘statim
3296 5525 3633 5589 dicebamus.

2051 5592 2190 5673 Tati.
2220 5593 2286 5649 Ut
2312 5592 2580 5652 diximus.
2605 5592 2736 5673 Eon
2754 5600 2892 5653 bene
2908 5595 3099 5673 vo_cuia
3121 5598 3298 5673 statim
3323 5599 3390 5652 de
3422 5616 3478 5673 re
3501 5618 3637 5673 prag-

2052 5665 2209 5737 terita
2247 5680 2406 5721 usum
2442 5677 2572 5737 puto
2604 5666 2893 5724 Tarinum.
2950 5665 3065 5737 Etsi
3096 5668 3242 5722 enim
3267 5665 3636 5731 concedamus

2051 5734 2292 5817 aliquem
2335 5750 2401 5791 ex
2435 5734 2715 5795 veteribus
2761 5739 2843 5817 sic
2871 5752 2947 5817 ea
2998 5735 3298 5808 aliquando
3354 5755 3540 5812 usum,
3575 5754 3636 5801 ut

2053 5806 2295 5862 insolens
2321 5817 2500 5863 tamen
2529 5826 2688 5866 aures
2721 5809 2884 5866 radit.
2913 5810 3005 5866 ΒΑ.
