4052 6448
500 366 634 430 1097

1519 361 1974 424 DISPUTATIO
2014 361 2111 421 DE
2151 362 2405 422 MUNDI
2449 362 2800 424 OPIFICIO.

3626 363 3762 428 1093

498 496 617 549 γειν
646 478 786 549 πρὸς
811 480 1046 549 γένεσιν.
1086 479 1429 549 Συνάναρχον
1452 480 1559 551 γὰρ
1590 482 1685 535 καὶ
1713 480 1985 535 συναῒδιον
2011 479 2074 547 τῇ

2184 485 2346 544 atque
2380 475 2567 531 effecta
2603 477 2732 541 sint,
2771 476 3154 531 existimantur
3187 489 3202 528 :
3236 486 3289 532 et
3325 477 3467 546 quod
3503 477 3673 546 possit
3707 478 3761 530 iu

502 569 755 640 μακαρίᾳ
788 568 969 638 φύσει,
995 566 1096 639 τὴν
1120 567 1248 637 περὶ
1271 567 1381 621 τῶν
1408 565 1924 638 εὐεργετησομένων
1966 563 2077 636 (84)

500 659 595 711 καὶ
636 658 1091 730 δημιουργεῖσθαι
1143 658 1446 730 μελλόντων
1481 659 1747 727 ἐκέκτητο
1798 657 2077 729 βούλησιν.

502 751 806 822 Παρήγαγε
837 751 915 817 δὲ,
955 752 1341 804 δτεσυνοεσειν
1372 732 1567 822 ἔμελλε
1597 752 1711 814 τοῖς
1737 749 2076 820 γενομένοις,

500 843 592 894 καὶ
622 842 651 894 6
687 842 844 910 λόγος
878 842 973 897 καὶ
1004 843 1037 914 ὴ
1069 842 1221 908 τάξις
1254 842 1535 914 ἠϐούλετο.
1592 841 1749 895 Οὕτω
1780 859 1837 894 τε
1877 842 1910 912 ἡ
1950 838 2080 911 περ).

503 935 607 988 τῶν
642 935 813 990 ὄντων
850 937 947 990 τοῦ
986 937 1121 993 Θεοῦ
1159 937 1413 1009 βούλησις
1445 938 1538 991 καὶ
1574 936 1859 1009 εὐεργεσία
1884 936 1987 990 οὐκ
2022 938 2079 989 ἐν

500 1029 708 1100 χρόνῳ,
744 1028 937 1102 ὥσπερ
976 1030 1069 1083 καὶ
1102 1031 1134 1100 ἠ
1179 1029 1342 1100 φύσις
1375 1028 1577 1083 αὐτῶν.
1621 1030 1732 1082 Καὶ
1775 1028 1928 1081 οὐδὲν
1971 1026 2080 1080 τῶν

501 1119 801 1187 γεγονότων
828 1121 1237 1191 ἀναφανήσεταί
1257 1136 1387 1175 ποτε
1417 1121 1739 1192 ὑφαρπάζειν
1770 1119 1950 1191 ἑαυτῷ
1985 1120 2081 1175 καὶ

498 1212 783 1267 ὕποσυλῶν
825 1213 887 1267 τὸ
923 1214 1085 1285 μόνου
1117 1212 1212 1267 τοῦ
1252 1214 1598 1286 Δημιουργοῦ
1647 1216 1741 1268 καὶ
1775 1215 2076 1285 ἐξαίρετον.

497 1305 670 1360 Τοῦτο
696 1305 740 1360 δ’
766 1305 835 1361 ἂν
873 1307 956 1379 ετη
988 1306 1046 1360 τὸ
1077 1306 1167 1361 ἀεὶ
1209 1303 1370 1360 εῖναι.
1409 1307 1480 1360 Ἢ
1510 1308 1627 1371 πῶς
1656 1306 1722 1361 ἂν
1755 1308 1840 1378 εἴη
1876 1309 2080 1377 ἀμφοῖν

498 1400 594 1452 καὶ
622 1399 741 1469 ἅμα
785 1400 955 1453 ὄντων
994 1399 1090 1452 καὶ
1133 1400 1220 1453 ἀεὶ
1246 1439 1261 1465 ,
1292 1398 1411 1470 Θεῷ
1445 1399 1505 1452 τέ
1542 1416 1684 1470 φημι
1729 1400 1826 1452 καὶ
1864 1400 2077 1471 κόσμῳ,

494 1490 585 1562 τῷ
605 1491 705 1561 μὲν
744 1491 1083 1563 δημιουργὸς
1108 1533 1123 1557 ,
1155 1492 1234 1563 τῷ
1275 1492 1365 1558 δὲ,
1400 1493 1793 1564 δημιούργημα
1819 1510 1833 1557 ;
1874 1492 1906 1564 ἦ
1935 1493 2016 1557 τίς
2042 1495 2075 1564 ἡ

496 1585 881 1655 ἀποκλήρωσις
906 1584 1041 1655 (85),
1063 1585 1158 1637 τοῦ
1179 1586 1270 1640 τὸν
1296 1585 1396 1655 μὲν
1417 1589 1606 1648 ποιεῖν,
1635 1585 1727 1639 τὸν
1750 1586 1805 1638 δὲ
1825 1586 2075 1655 πάσχειν;

496 1675 592 1738 Τίς
621 1676 677 1728 δὲ
708 1677 736 1728 6
782 1676 939 1745 λόγος
968 1675 1079 1747 (86)
1122 1675 1217 1729 τοῦ
1251 1676 1325 1748 μὴ
1359 1675 1666 1747 τοῦμπαλιν
1713 1673 2077 1741 ὑποτοπάζειν

493 1764 631 1831 ὅπερ
677 1765 772 1819 καὶ
800 1764 1126 1819 διανοεῖσθαι
1165 1765 1227 1818 οὐ
1271 1765 1429 1835 θέμις
1458 1783 1472 1797 ·
1506 1767 1555 1819 εξ
1591 1767 1844 1821 συναῖδίω
1878 1768 2070 1837 ἄμφω,

2182 578 2382 636 puncto
2421 570 2702 639 temporis,
2742 578 2797 623 et
2840 579 3113 623 momento
3154 568 3427 623 individuo
3467 570 3648 623 omnia
3693 571 3762 622 ad

2180 669 2359 715 ortum
2396 659 2685 716 adducere.
2717 658 2965 715 Possidet
2999 660 3143 713 enim
3180 659 3340 714 simul
3377 660 3671 731 ingenitam
3707 668 3765 715 et

2180 765 2412 806 coaevam
2441 754 2607 808 beatae
2630 752 2785 826 (sum)
2814 761 3020 807 naturae
3042 753 3371 807 voluntatem
3397 767 3522 823 erga
3550 766 3611 806 ea
3641 767 3763 823 qua

2180 853 2233 899 et
2264 845 2603 914 producenda
2635 855 2788 913 sunt,
2822 854 2874 899 et
2905 846 3182 901 beneﬁciis
3211 845 3557 900 cumulanda.
3591 844 3765 901 Caete-

2182 952 2299 991 rum
2324 937 2574 1006 produxit
2592 952 2713 993 cum
2739 938 3077 1007 profuturum
3105 938 3170 992 iis
3194 953 3311 1007 qua:
3333 938 3589 1006 producta
3613 949 3761 1003 sunt,

2181 1028 2336 1094 vidit,
2374 1037 2536 1098 atque
2570 1029 2712 1084 ratio
2748 1038 2802 1085 et
2833 1030 2969 1085 ordo
3003 1030 3329 1099 postulabat.
3368 1029 3460 1085 Sic
3496 1033 3640 1087 circa
3677 1047 3765 1086 res

2183 1120 2278 1174 Dei
2300 1121 2548 1175 voluntas
2563 1131 2616 1174 et
2642 1122 2992 1176 benelicentia
3019 1132 3219 1177 aeterna
3241 1132 3345 1188 est,
3367 1138 3474 1177 non
3499 1132 3557 1178 ut
3577 1138 3764 1178 earum

2183 1220 2373 1266 natura
2408 1211 2471 1265 in’
2499 1221 2757 1281 tempore.
2795 1212 3048 1280 Nihilque
3081 1229 3269 1269 eorum
3308 1230 3428 1285 quae
3449 1216 3616 1286 280
3636 1231 3764 1283 pro-

2183 1310 2362 1358 creata
2397 1312 2547 1367 sunt,
2583 1305 2851 1359 videbitur
2882 1303 3172 1373 aliquando
3205 1307 3305 1362 sibi
3344 1308 3448 1378 ipsi
3484 1324 3677 1377 rapere
3708 1317 3766 1361 et

2182 1391 2463 1445 attrahere
2498 1388 2811 1459 dignitatem
2850 1381 3013 1450 unius
3050 1397 3246 1451 summi
3283 1397 3517 1466 epiiicis,
3551 1413 3673 1468 qua
3707 1399 3762 1454 in

2181 1495 2248 1536 eo
2282 1497 2497 1551 semper
2527 1485 2847 1539 coluerendo
2882 1487 3057 1554 posita
3093 1496 3198 1542 est.
3239 1489 3294 1542 ld
3330 1504 3458 1543 vero
3491 1500 3576 1545 est
3611 1506 3761 1546 sem-

2140 1602 2145 1605 »
2180 1584 2280 1641 per
2303 1586 2444 1628 esse.
2473 1574 2755 1641 Quomodo
2787 1587 2964 1630 autem
2996 1579 3314 1633 conveniret
3341 1590 3434 1633 aut
3461 1580 3761 1647 ambobus,

2180 1671 2234 1718 et
2257 1664 2419 1718 simul
2444 1667 2806 1732 exstantibus,
2831 1677 2883 1722 et
2911 1683 3148 1739 semper,
3173 1669 3285 1725 Deo
3311 1671 3434 1726 dico
3458 1683 3513 1726 et
3540 1676 3761 1737 munda,

2184 1755 2259 1810 illi
2292 1763 2349 1810 ut
2381 1755 2451 1810 sit
2479 1756 2683 1826 opifex,
2717 1760 2864 1824 huic,
2898 1768 2956 1814 ut
2984 1760 3297 1830 opiﬁcium;
3333 1771 3428 1817 aut
3456 1779 3576 1834 qua:
3605 1767 3764 1819 attri-

496 1859 591 1910 καὶ
621 1857 720 1927 οὐχ
741 1857 769 1909 6
810 1856 912 1928 μὲν
942 1856 1098 1921 Θεὸς,
1134 1857 1223 1909 ἀεί
1248 1874 1307 1910 τε
1331 1831 1425 1911 καὶ
1448 1858 1705 1929 ἄναρχος,
1735 1859 1763 1911 6
1782 1858 1839 1911 δὲ
1867 1831 2072 1935 κόσμος

2181 1847 2333 1901 butio
2360 1848 2610 1913 duorum,
2638 1864 2868 1919 quorum
2899 1867 3066 1907 unum
3095 1852 3225 1922 agit,
3253 1831 3487 1908 alterum
3516 1857 3765 1925 patitur!

495 1944 699 2016 ἦρξατο
730 1947 823 1999 καὶ
852 1948 953 1999 οὐκ
977 1945 1067 1998 ἀεὶ
1100 1940 1206 2016 ἦνς
1237 1944 1379 2015 αὕτη
1415 1947 1522 2018 γὰρ
1556 1947 1711 2010 τάξις
1737 1946 2074 2018 δημιουργοῦ

493 2054 552 2089 τε
579 2040 669 2090 καί
687 2038 1198 2109 δημιουργήματος,
1217 2036 1284 2090 ἵν’
1307 2036 1527 2108 ἔχοιμεν
1554 2040 1649 2092 καὶ
1670 2040 1832 2110 ἡμεῖς
1855 2038 2073 2106 εἰδέναι,

493 2130 588 2183 καὶ
619 2130 737 2200 μεθ’
763 2130 921 2201 ἡμῶν
951 2129 1087 2192 εἴτις
1134 2127 1268 2200 ἄλλη
1295 2130 1490 2199 λογικὴ
1535 2129 1719 2200 φύσις,
1752 2130 1804 2182 τί
1839 2131 1939 2200 μὲν
1983 2130 2078 2201 δη-

497 2222 758 2293 μιουργὸς
806 2225 898 2277 καὶ
956 2226 1228 2298 ποιητής·
1282 2223 1333 2276 τί
1372 2223 1431 2276 δὲ
1474 2224 1934 2295 δημιουργήματα
1980 2223 2077 2277 καὶ

494 2315 798 2384 ποιήματα.
857 2315 967 2369 Καὶ
996 2317 1049 2370 τί
1082 2317 1180 2389 μὲν
1222 2317 1254 2387 ἠ
1303 2315 1618 2386 τελειοτάτη
1666 2317 1759 2368 καὶ
1798 2316 2075 2386 αὐταρκε-

497 2403 666 2475 στάτη
705 2404 800 2457 καὶ
834 2406 1051 2460 πάντων
1087 2406 1423 2478 διαφέρουσα
1449 2405 1610 2475 φύσις
1634 2406 1727 2459 καὶ
1755 2406 2067 2460 δεσποτεία’

491 2494 545 2547 τί
583 2495 638 2549 δὲ
673 2499 743 2550 τὰ
788 2498 1070 2568 γινόμενα,
1112 2499 1210 2553 καὶ
1259 2497 1359 2569 τῆς
1401 2496 1496 2552 τοῦ
1540 2497 1890 2570 Δημιουργοῦ
1916 2498 2080 2552 δυνά-

496 2601 646 2655 μεως
692 2588 787 2641 καὶ
834 2586 1145 2660 βουλήσεως
1182 2589 1533 2662 ἐξηρτημένα
1560 2630 1576 2656 ,
1625 2590 1721 2644 καὶ
1770 2589 1863 2643 ὑπ’
1906 2588 2075 2644 αὐτοῦ

496 2679 973 2749 συγκρατούμενα,
1006 2681 1103 2733 καὶ
1135 2679 1303 2732 αὐτοῦ
1343 2681 1506 2750 μόνου
1532 2679 1788 2748 δεόμενα,
1815 2678 2074 2732 κάκείνου

432 2770 439 2775 ”
493 2767 680 2820 δοῦλα.
715 2770 776 2821 Εἰ
802 2770 910 2839 γὰρ
941 2769 1057 2838 ἅμα
1080 2768 1158 2839 τῷ
1180 2768 1508 2840 Δημιουργῷ
1540 2770 1628 2823 ἀεὶ
1657 2769 1849 2830 πάντα,
1882 2768 1986 2823 ποῦ
2017 2768 2081 2822 τὸ

495 2861 747 2930 κρεῖττον
766 2861 861 2933 τοῦ
893 2863 1235 2933 Δημιουργοῦ
1261 2878 1276 2926 ;
1319 2863 1461 2914 κατὰ
1492 2862 1555 2914 τὸ
1585 2863 1702 2932 ἅμα
1731 2858 1872 2919 εἶναι
1902 2861 2077 2934 τούτῳ

494 2951 562 3004 τὰ
597 2952 773 3005 πάντα
802 2953 897 3005 καὶ
925 2952 1031 3006 ἀεί.
1058 2953 1182 3015 Πῶς
1209 2952 1253 3005 δ’
1288 2952 1353 3005 ἂν
1379 2953 1465 3023 εἴη
1495 2952 1592 3005 καὶ
1611 2952 1947 3026 δημιουργὸς
1966 2953 2076 3008 τῶν

496 3043 615 3113 ἅμα
641 3043 810 3097 ὄντων
843 3046 929 3099 ἀεὶ
968 3045 1063 3098 καὶ
1110 3044 1547 3115 συμπεφυκότων
1577 3045 1763 3116 αὐτῴ;
1796 3045 1901 3098 ποῦ
1938 3045 1984 3099 δ’
2009 3045 2077 3099 ἂν

493 3135 580 3205 εἴη
620 3136 678 3187 ὲν
712 3140 825 3198 τοῖς
855 3136 1143 3206 ὁμοτίμοις
1185 3135 1506 3205 κατατολμᾷ
1540 3132 1681 3190 εἶναι
1706 3138 1800 3190 καὶ
1821 3136 1907 3190 άεε
1938 3138 2072 3208 (87).

497 3224 570 3278 Ἦ
602 3242 663 3278 τε
689 3226 977 3279 δεσποτεία
1007 3227 1100 3279 καὶ
1130 3228 1161 3297 ὴ
1190 3226 1406 3279 δουλεία
1440 3226 1620 3280 καὶτὸ
1650 3230 1707 3280 ὲν
1740 3229 1874 3281 πᾶσι
1898 3230 2075 3299 προῦ-

493 3335 588 3389 χον
617 3318 712 3372 τοῦ
744 3318 879 3372 Θεοῦ
910 3319 1003 3372 καὶ
1032 3318 1489 3389 τιμαλφέστερον.
1534 3318 1689 3372 Οὕτω
1730 3320 1829 3390 μὲν
1862 3316 1954 3373 οὖν
1984 3321 2075 3375 ἀεὶ

492 3410 823 3480 δημιουργὸς
854 3412 881 3464 6
917 3411 1070 3475 Θεὸς,
1102 3413 1196 3463 καὶ
1222 3411 1542 3481 εὐεργέτης,
1570 3412 1671 3465 οὐκ
1705 3412 1790 3465 ἀεὶ
1811 3412 1869 3465 δὲ
1892 3412 1958 3466 τὰ
1979 3413 2075 3485 δη-

499 3507 911 3576 μιουργήματα.
936 3502 1093 3558 Οὕτω
1124 3505 1219 3557 καὶ
1242 3505 1270 3556 6
1300 3504 1430 3568 Θεὸς
1456 3504 1566 3557 τῶν
1597 3504 1825 3575 μηδέπω
1852 3507 2077 3574 γεγονό-

492 3612 603 3649 των
631 3598 660 3649 6
703 3597 856 3663 Θεὸς,
890 3597 964 3660 ὡς
1005 3596 1173 3649 ὄντων
1212 3597 1270 3650 ἐν
1304 3596 1452 3667 αὑτῴ
1486 3598 1583 3649 καὶ
1635 3596 1741 3666 πρὸ
1785 3600 2074 3664 γενέσεως.

497 3686 750 3740 Ἀπαντα
781 3689 890 3758 γὰρ
927 3686 1253 3757 περιείληφε
1291 3689 1356 3757 τῇ
1406 3690 1789 3756 προγνωστικῇ
1821 3688 2075 3757 δυνάμει,

492 3779 564 3833 τὰ
595 3781 730 3850 πρὸς
758 3780 976 3847 γένεσιν
1006 3778 1357 3848 παράγεσθαι
1387 3777 1671 3847 μέλλοντα.
1713 3779 1983 3832 Ἔκαστον
2019 3780 2078 3832 δὲ

494 3870 578 3935 οἷς
627 3872 827 3937 ἐθέλει,
865 3872 962 3925 καὶ
1004 3872 1092 3925 ὅτε
1129 3873 1420 3943 προσήκει,
1454 3871 1546 3922 καὶ
1587 3869 1662 3932 ὡς
1705 3870 1772 3923 ἂν
1813 3871 2078 3923 κάλλιστα

494 3963 629 4034 ἔχοι,
658 3964 822 4034 σοφίᾳ
848 3965 956 4018 τινὶ
978 3964 1072 4018 καὶ
1113 3965 1278 4034 τέχνῃ
1312 3963 1406 4015 καὶ
1436 3961 1806 4032 δημιουργικῇ
1846 3962 2077 4032 δυνάμει

494 4052 862 4124 προϐάλλεται
886 4069 899 4084 ⁸
928 4054 1022 4107 καὶ
1056 4052 1170 4105 ἔστι
1198 4051 1554 4121 δημιουργὸς,
1585 4051 1687 4105 ούκ
1713 4053 1777 4104 ἐκ
1805 4051 1914 4104 τῶν
1946 4054 2079 4106 καθ·

495 4145 725 4198 ἑκαστον
766 4145 1077 4216 γενομένων
1115 4144 1251 4216 (88),
1310 4143 1450 4197 ἀλλὰ
1492 4143 1620 4213 παρ’
1651 4144 1867 4198 ἑαυτοῦ.
1900 4146 1971 4197 Ἦ
2014 4146 2075 4198 οὐ

496 4236 683 4299 καλεῖς
731 4238 825 4291 τὸν
878 4235 1175 4307 εὐεργέτην
1222 4233 1317 4286 τοῦ
1366 4234 1670 4303 κάμνοντος
1720 4235 1814 4287 καὶ
1869 4235 2073 4306 ἰατρὸν,

497 4329 662 4397 ἡνίκα
686 4328 983 4382 διανοεῖται
1003 4326 1100 4381 καὶ
1123 4324 1440 4397 βουλεύεται
1455 4324 1534 4394 τῷ
1551 4324 1810 4395 κάμνοντι
1838 4325 2076 4398 βοηθεῖν,

494 4420 601 4475 κᾶν
634 4420 861 4492 μηδέπω
903 4421 982 4483 εὶς
1014 4418 1175 4488 ἔργον
1209 4416 1394 4488 ἀγάγῃ
1434 4417 1534 4487 τὴν
1580 4415 1854 4487 βούλησιν,
1883 4419 2077 4489 μικρὸν
2117 4491 2123 4496 ι

2108 4516 2154 4570 D
2177 4532 2244 4573 ex
2280 4516 2347 4570 iis
2374 4529 2492 4582 quae
2525 4512 2798 4583 sigillatim
2835 4510 2991 4574 ﬁunt,
3021 4509 3115 4564 sed
3149 4524 3217 4562 ex
3247 4520 3388 4563 sese.
3416 4506 3498 4560 An
3526 4519 3631 4559 non
3665 4519 3762 4556 vo-

496 4503 724 4587 ὕστερον
754 4513 1091 4585 ἐπιθήσοντα
1112 4510 1190 4582 τῷ
1212 4510 1537 4581 διανοήματι
1566 4509 1662 4563 καὶ
1692 4508 1754 4562 τὸ
1781 4508 1941 4581 ἔργον
1965 4528 1980 4577 ;

2179 1938 2435 2004 Quaenam
2473 1949 2653 1995 autem
2688 1942 2952 2007 ratio,'ne
2987 1946 3325 2000 contrarium
3362 1947 3758 2009 existimemus.

2176 2032 2321 2101 quod
2355 2031 2570 2101 quidem
2604 2033 2767 2089 etiam
2795 2035 3035 2104 cogitare
3065 2051 3171 2092 non
3206 2052 3531 2108 possumus,
3563 2039 3607 2094 si
3637 2041 3765 2109 qui-

2179 2121 2302 2175 dem
2342 2125 2504 2176 ambo
2538 2124 2707 2178 coaevi
2742 2135 2868 2179 sunt
2890 2165 2904 2190 ,
2936 2134 2992 2181 et
3025 2127 3129 2182 nisi
3166 2127 3309 2184 Deus
3344 2143 3560 2200 semper
3589 2133 3763 2187 exsti-

2182 2212 2331 2279 terit,
2367 2215 2751 2284 vacaveritquc
2775 2216 3009 2286 origine,
3039 2219 3271 2273 mundus
3297 2230 3477 2275 autem
3511 2224 3761 2291 coeperit,

2179 2319 2280 2360 nec
2305 2318 2521 2375 semper
2548 2305 2750 2363 fuerit?
2774 2307 2908 2363 Nam
2936 2310 3026 2366 hic
3053 2312 3138 2366 est
3160 2314 3297 2367 ordo
3321 2314 3532 2383 epiiieis
3558 2325 3611 2370 et
3637 2317 3761 2387 opi-

2179 2394 2321 2461 ﬁcii,
2360 2405 2420 2450 ut
2452 2412 2849 2467 cognoscamus
2886 2402 2984 2472 ipsi
3021 2412 3075 2459 et
3112 2406 3390 2461 nobiscum
3427 2416 3619 2461 natura
3657 2409 3762 2463 alia

2177 2490 2410 2545 rationis
2441 2493 2713 2561 particeps
2744 2495 2787 2549 si
2821 2509 2926 2564 qua
2956 2497 3048 2560 sit,
3077 2499 3206 2567 quid
3237 2498 3311 2554 sit
3337 2498 3515 2568 epifex
3550 2510 3604 2556 et
3632 2501 3764 2556 επις-

2181 2591 2317 2645 ctor,
2356 2583 2487 2652 quid
2530 2585 2745 2655 opilicia
2789 2594 2842 2642 et
2887 2586 3204 2645 effemiones
3246 2607 3260 2645 :
3304 2591 3544 2662 quidque
3582 2592 3766 2663 peric-

2179 2675 2425 2731 ctissiina
2458 2678 2558 2733 sibi
2593 2679 2693 2747 ipsi
2730 2680 3220 2748 suilicientissitna,
3254 2686 3583 2739 et-omnium
3619 2701 3762 2754 pra:-

2181 2767 2335 2835 cipua
2379 2776 2568 2822 natura
2610 2776 2665 2823 et
2703 2768 3037 2835 dominatio;
3076 2772 3204 2839 quid
3241 2786 3373 2826 vero
3413 2788 3533 2842 quae
3572 2775 3762 2831 eil'eeta

2179 2871 2325 2926 sunt,
2353 2870 2404 2917 et
2431 2877 2551 2931 quae
2584 2863 2818 2932 pendent
2843 2877 2874 2919 e
2900 2864 3095 2918 summi
3126 2862 3352 2934 Opiﬁcis
3382 2875 3653 2935 potestate
3681 2878 3763 2922 at-

2179 2967 2285 3022 que
2320 2954 2576 3020 arbitrio,
2611 2954 2680 3010 ab
2714 2954 2835 3023 ipso
2866 2955 3238 3022 continentur,
3277 2958 3391 3027 ipso
3424 2959 3538 3014 solo
3569 2972 3761 3031 egent,

2181 3045 2283 3115 ipsi
2312 3045 2663 3102 famulantur.
2691 3046 2747 3101 Si
2775 3048 2919 3103 enim
2946 3048 3107 3103 simul
3134 3065 3256 3104 cum
3285 3049 3512 3117 Opitice,
3539 3061 3593 3106 et
3621 3068 3765 3108 sem-

2180 3154 2277 3207 per
2299 3139 2552 3196 nniversa
2578 3142 2906 3208 consistant,
2935 3141 3022 3195 ubi
3048 3141 3159 3210 jam
3188 3152 3269 3197 Θδί
3297 3144 3605 3212 praestantia
3631 3145 3764 3216 Opi-

2180 3230 2335 3287 ﬁcis?
2361 3241 2629 3301 quatenus
2660 3232 2841 3285 omnia
2875 3232 3035 3285 simul
3066 3247 3189 3286 cum
3220 3248 3285 3285 eo
3319 3248 3641 3303 semperque
3669 3251 3764 3289 ex-

2177 3322 2395 3375 sistunt.
2427 3318 2544 3374 Jam
2578 3335 2709 3374 vero
2741 3336 2848 3390 quo
2880 3332 3041 3391 pacto
3075 3322 3179 3375 erit
3208 3320 3388 3390 epifex
3419 3338 3608 3377 eorum
3641 3338 3763 3391 qua

2178 3414 2340 3468 simul
2366 3428 2580 3482 semper
2603 3413 2897 3475 exsistunt,
2924 3422 2977 3468 et
3001 3428 3123 3467 cum
3152 3413 3265 3481 ipso
3291 3423 3415 3467 nata
3439 3414 3604 3469 sunt?
3627 3430 3763 3484 quo-

2180 3505 2339 3560 modo
2376 3516 2557 3559 antem
2594 3505 2707 3575 pari
2747 3505 2950 3559 honore
2984 3504 3148 3574 digna
3184 3506 3554 3560 censebuntur
3582 3505 3635 3559 iu
3669 3520 3761 3570 eo,

2179 3609 2236 3651 ut
2268 3596 2428 3651 simul
2462 3598 2573 3649 sint
2601 3605 2655 3649 et
2683 3610 2899 3664 semper
2927 3596 3225 3651 dominatio
3254 3606 3309 3650 et
3338 3599 3602 3673 servitus,
3636 3597 3761 3673 Dei-

2176 3704 2284 3759 que
2317 3704 2569 3758 suprema
2609 3689 2864 3756 majestas
2897 3700 2950 3743 et
2982 3690 3264 3758 dignitas?
3295 3690 3389 3745 Sic
3424 3693 3591 3761 igitur
3620 3692 3762 3747 Deus

2179 3796 2396 3850 semper
2420 3789 2503 3834 est
2528 3781 2735 3848 opifex,
2764 3791 2817 3835 et
2848 3780 3156 3847 beneﬁcus;
3189 3781 3406 3850 Opilicia
3439 3791 3618 3835 autem
3652 3798 3760 3836 non

2177 3887 2412 3940 semper.
2454 3870 2544 3924 Sic
2591 3869 2733 3924 Deus
2776 3885 2963 3924 eorum
3005 3885 3126 3938 qua:
3169 3871 3407 3923 nondum
3452 3872 3760 3933 exstabant,

2179 3963 2322 4017 Deus
2350 3971 2489 4029 erat,
2515 3972 2571 4015 ut
2599 3977 2720 4031 qua:
2748 3962 2799 4014 itt
2830 3962 2947 4030 ipso
2975 3964 3137 4015 etiam
3169 3971 3295 4015 ante
3323 3971 3501 4016 ortum
3529 3962 3762 4015 exsiste-

2182 4065 2319 4108 rent.
2355 4050 2619 4108 Universa
2652 4052 2796 4107 enim
2834 4036 3150 4123 complexus
3183 4062 3265 4107 est
3295 4053 3345 4105 vi
3384 4052 3754 4121 praenoscendi

2179 4166 2301 4220 qua:
2346 4150 2412 4202 ad
2457 4157 2635 4203 ortum
2678 4147 2992 4202 adducenda
3037 4154 3214 4199 erant.
3252 4144 3518 4199 Caeterum
3562 4160 3760 4198 unum-

2179 4241 2430 4311 quodque
2459 4250 2515 4294 ut
2543 4239 2677 4303 vult,
2704 4247 2761 4294 et
2789 4238 3004 4308 quando
3031 4244 3457 4291 censentaneum
3486 4244 3590 4299 est,
3619 4244 3673 4287 et
3701 4243 3759 4286 ut

2180 4332 2443 4402 Optimum
2481 4329 2681 4384 factum
2719 4337 2821 4393 est,
2856 4326 3122 4397 sapientia
3158 4324 3393 4394 quadam
3428 4331 3484 4377 et
3521 4333 3639 4376 arte
3660 4318 3759 4374 ‘at-

2182 4440 2286 4493 que
2317 4432 2583 4493 potestate
2608 4419 2881 4475 eﬂ'eetrice
2905 4418 3189 4488 producit;
3219 4425 3411 4485 estque
3439 4412 3620 4484 opifex
3648 4426 3758 4467 non

495 4624 589 4664 cas
619 4607 1023 4663 benefactorem
1051 4613 1106 4658 et
1135 4611 1575 4657 conservatorem
1607 4600 1781 4668 ipsius
1834 4610 2151 4670 wgrotantis
2184 4620 2239 4675 et
2272 4606 2579 4670 medicum,
2646 4618 2770 4658 cum
2829 4602 3032 4673 cogitat
3089 4607 3145 4654 et
3174 4597 3440 4654 deliberat
3469 4595 3757 4665 aegrotanti

491 4718 648 4773 opem
695 4704 876 4767 terre,
944 4696 1163 4755 etiamsi
1217 4695 1458 4752 nondum
1505 4695 1561 4751 in
1603 4710 1739 4766 opus
1784 4696 2099 4765 perduxerit
2146 4719 2301 4759 suam
2376 4700 2735 4763 voluntatem,
2774 4697 2917 4767 quod
2965 4693 3125 4764 paulo
3166 4699 3290 4764 post.
3328 4690 3402 4748 sit
3444 4686 3758 4758 cogitationi

494 4799 846 4868 adjuncturus
879 4789 1057 4861 opus?

566 4890 749 4943 IATP.
784 4889 940 4942 Πᾶσα
980 4885 1220 4957 ἀνάγκη.

563 4981 791 5036 ΧΡΙΣΤ.
816 4979 973 5034 Οὕτω
996 4979 1175 5034 τοίνυν
1195 4991 1210 5006 ⁸
1232 4975 1350 5031 ἀλλ’
1376 4976 1500 5030 ὅσον
1528 4972 1751 5038 εὐσεὸὲς
1771 4973 1865 5027 τοῦ
1898 4991 2077 5046 παρα-

590 5133 815 5208 8ῥ)(](;.
847 5127 1552 5208 Δεὐεργεςιηθησομέλνων.
1604 5196 1638 5208 ,μ
1862 5195 1895 5208 Δ.
1990 5195 2001 5207 ⁸

590 5136 680 5205 84)
708 5136 815 5190 CC.
847 5136 908 5189 P.
938 5136 1552 5204 εὐεργετηθησομένων.

568 5136 682 5279 (85)
719 5205 815 5272 Τίς
840 5204 879 5279 ᾐ
910 5201 1360 5279 ἀποκλήρωσις.
1397 5197 1529 5264 Quae
1573 5196 1644 5278 sit
1676 5195 1966 5279 distantia,
1989 5195 2066 5250 in-

496 5267 633 5350 quit,
667 5267 811 5331 inter
839 5267 1106 5328 iacturam
1138 5267 1193 5326 et
1242 5272 1526 5332 factorem,
1560 5268 1604 5322 si
1638 5281 1743 5319 non
1779 5267 1869 5320 hic
1903 5276 2066 5320 aeter-

496 5365 596 5387 ηιιιι
694 5346 781 5387 illa
850 5342 1163 5387 Imnnm‘alis
1229 5342 1514 5387 habeatur.
1625 5335 2061 5387 Ἀποκλήοωσις.

494 5336 630 5413 πίω,
694 5346 781 5399 illa
850 5342 1163 5412 tetttporalis
1228 5342 1514 5395 habeatur.
1625 5336 2061 5407 Ἀποκλήρωσις,

493 5417 797 5479 distinctio,
834 5414 982 5470 velut
1016 5427 1138 5468 cum
1172 5411 1461 5465 haereditas
1485 5407 1664 5476 aliqua
1685 5407 1753 5479 Ain
1787 5407 2066 5479 duas_nar-

388 5492 395 5497 ’
495 5475 577 5546 tes
599 5475 988 5557 distinguitur;
1015 5480 1437 5557 disternti_na_ti_o,
1471 5475 1872 5557 determinatio.

565 5557 679 5632 (86)
725 5548 821 5632 Τίς
844 5548 1193 5632 δὲ-ςξᾷότος.
1248 5549 1432 5632 Ethic
1462 5548 2065 5632 rationemcltdexitutn

497 5616 700 5699 quam}.
744 5616 879 5679 Τλιι.
915 5623 1016 5678 Ubi
1046 5616 1243 5699 manet
1259 5622 1422 5682 ratio,
1460 5616 1655 5699 inquit.
1689 5616 1746 5699 Isi
1786 5616 1900 5699 haec
1939 5629 2070 5699 con:

497 5680 812 5759 fundamus,
840 5704 894 5747 et
921 5692 1178 5747 mundum
1208 5690 1318 5744 Deo
1343 5680 1653 5763 parentgvel-
1687 5680 2069 5763 [cowternutn]

500 5766 872 5840 suspicemur?
890 5765 1066 5817 Locus
1083 5770 1165 5817 est
1183 5758 1492 5828 corruptus.
1519 5758 1875 5840 Scribendunt
1891 5758 2070 5823 suspi-

748 5866 1024 5927 PATBOL.
1068 5860 1184 5923 Gn.
1232 5855 1521 5917 LXXXV.

2253 4880 2415 4934 MED.
2449 4878 2682 4932 Omnino
2712 4889 2935 4931 necesse
2964 4883 3068 4929 est.
3315 4918 3342 4945 ,

2253 4968 2529 5024 CHRIST.
2575 4969 2665 5022 Sic
2704 4967 2889 5037 igitur,
2926 4966 2970 5020 si
3012 4963 3154 5034 quod
3196 4961 3507 5033 religiosum
3545 4970 3599 5015 et
3635 4974 3761 5016 ειιιι-

2176 5123 2318 5179 ceris
2357 5141 2370 5177 :
2402 5122 2577 5193 Τίςδὲ
2600 5119 2818 5193 ὁ-λόγος
2850 5118 2911 5171 τὸ
2942 5118 3047 5193 péy
3079 5118 3326 5193 ἐναντίον
3367 5118 3718 5193 ὑποτοπάζειι

2174 5195 2313 5264 ὅπερ
2359 5194 2452 5246 καὶ
2486 5184 3091 5264 ἔμπαλινδιανοεῖσθαι
3121 5184 3409 5264 οὑ.Θέμις;
3466 5198 3586 5264 quae
3620 5184 3760 5264 ratio

2175 5252 2312 5318 {erat
2333 5272 2424 5316 aut
2448 5252 2672 5316 suadeat
2691 5259 3023 5313 contrarium
3051 5252 3339 5323 suspicari,
3356 5270 3477 5306 cum
3501 5252 3606 5307 tale
3629 5252 3758 5320 quid

2174 5334 2327 5388 nefas
2348 5334 2418 5388 sit
2460 5332 2541 5387 vel
2565 5329 2839 5401 cogitare?
2869 5326 3051 5401 Facile
3075 5325 3553 5401 persuadetur-esse
3578 5323 3757 5401 intrii:-

2176 5419 2297 5455 sunt
2320 5406 2405 5456 hic
2425 5391 2879 5467 aliundevaiiquid,
2895 5397 2980 5452 vel
2998 5391 3545 5467 etinterlocutionem
3563 5391 3756 5445 medici

2175 5474 2535 5527 obliteratam.
2567 5461 2767 5524 Codice
2795 5461 3165 5535 manuscripto
3195 5477 3350 5535 Opus.
3378 5461 3474 5535 Ba.

2248 5542 2360 5609 (87)
2396 5539 2537 5610 Lege
2573 5555 2694 5610 meo
2727 5538 2993 5610 periculo,
3029 5528 3266 5610 x&1&_tb
3296 5530 3434 5601 ἅμα.
3469 5528 3611 5585 Tu.

2250 5602 2364 5682 (88)
2395 5602 2516 5663 Τῶνν
2566 5608 2687 5682 καθ’
2723 5602 2955 5661 ἕκαστον
2997 5602 3347 5682 ’γινομένωνς
3393 5616 3541 5682 quas“
3565 5615 3663 5669 pro
3695 5612 3758 5655 se

2178 5669 2393 5752 quoque
2422 5680 2829 5749 secundumque
2863 5669 3102 5749 speciem
3130 5669 3285 5730 suam
3316 5669 3472 5727 dutit.
3500 5669 3599 5725 ΒΑ.

3354 5833 3430 5896 35

2948 5117 3047 5187 μὲν
3079 5114 3326 5187 ἐναντίον
3367 5112 3755 5187 ὑποτοπάζειν,
