4052 6416
423 297 557 361 1099

1435 285 1836 351 ZACHARIE
1907 281 2340 343 MITYLENES
2376 283 2716 346 EPISCOPI

3565 284 3706 354 1100

416 424 563 469 ctum
606 421 686 465 est
727 411 779 464 in
819 406 1066 478 exemplo
1105 417 1314 471 sumas,
1350 417 1602 459 amoveas
1640 410 1819 455 autem
1863 397 2008 469 quod

2129 398 2406 466 ἱείγματος
2449 401 2562 468 (89)
2592 399 2792 466 λαϐὼν,
2842 402 2905 456 τὸ
2949 403 3297 473 ἀπεμφαῖνον
3344 395 3704 476 ἀποπέμπου,

418 507 857 569 dissentaneum;
906 502 1043 571 (sic,
1076 497 1332 570 inquam)
1385 497 1527 552 Deus
1576 493 1910 560 benefactor,
1952 499 2007 547 et

414 597 622 664 opifex,
657 605 710 648 et
752 594 890 648 Deus
923 607 1112 646 eorum
1148 605 1268 660 qua:
1303 589 1565 644 beneﬁcio
1596 586 1890 642 all‘eetnrus
1924 595 2008 639 est

417 698 469 740 et
499 697 909 755 procreaturus,
933 701 1042 738 non
1073 681 1382 740 necessario
1411 680 1672 736 beneﬁcia
1698 676 2006 741 conferens,

419 786 514 828 aut
541 789 858 843 procreatis,
887 789 1063 843 neque
1090 781 1149 827 ut
1183 774 1324 828 Deus
1355 771 1428 827 sit
1457 771 1510 826 in
1546 785 1728 825 rerum
1759 779 2007 823 naturam

421 883 509 924 res
537 869 683 939 ipsas
711 869 1016 938 producens
1045 885 1059 922 :
1090 867 1254 921 habet
1279 866 1425 920 enim
1453 879 1520 920 ex
1563 864 1742 932 scipso
1783 863 1833 916 id
1865 859 2008 932 quod

419 970 527 1026 est,
563 963 658 1016 sed
690 971 747 1016 ut
779 963 953 1017 bonus
985 970 1040 1015 et
1073 959 1234 1016 Deus.
1270 957 1404 1015 Mihi
1436 967 1618 1013 autem
1651 957 1794 1012 istud
1825 954 2009 1010 consi-

421 1055 573 1110 dera.

492 1146 660 1202 MED.
696 1146 964 1214 Quidnam
984 1146 1008 1201 τ

493 1239 771 1295 CIIBIST.
801 1239 938 1294 Num
968 1246 1238 1294 tacentem
1267 1236 1542 1292 hominem
1571 1232 1842 1291 sermonis
1866 1245 2013 1288 com-

422 1343 600 1404 potem
632 1333 768 1385 dicis
797 1345 862 1385 ex
892 1345 959 1386 eo
989 1332 1134 1401 quod
1167 1343 1422 1385 sermone
1449 1327 1525 1382 uti
1559 1325 1770 1397 possit?

492 1425 660 1479 MED.
695 1424 778 1478 Sit
811 1424 956 1478 istud
989 1437 1145 1478 sane.

493 1515 770 1573 CllRlST.
813 1517 952 1584 Quid
1002 1524 1183 1570 autem
1235 1512 1612 1583 Pythagoras,
1657 1519 1713 1566 et
1759 1506 2012 1578 discipuli

425 1606 624 1674 ipsius,
654 1607 859 1676 quique
888 1605 1016 1660 olim
1051 1604 1104 1657 in
1137 1602 1291 1657 Italia
1325 1601 1865 1672 philosophabamur,
1897 1613 2015 1652 ser-

425 1698 602 1754 tnonis
630 1706 909 1767 compotes
935 1707 990 1762 et
1019 1695 1248 1750 rationis
1274 1694 1622 1760 videbantur,
1650 1689 1866 1761 quando
1889 1705 2013 1745 cum

423 1791 550 1846 aliis
581 1791 638 1844 in
671 1791 890 1844 silentio
919 1784 1491 1859 philosophabamur?

498 1882 664 1938 MED.
697 1882 936 1950 Quidni?
1748 1930 1758 1940 .

496 1971 776 2028 CllBlS'l‘.
811 1971 996 2042 Igitur,
1026 1969 1100 2026 mi
1171 1967 1369 2034 amice,
1399 1967 1541 2022 Dens
1570 1965 1760 2032 etiam,
1791 1963 1846 2019 ni
1878 1964 2020 2032 apud

429 2080 526 2122 vos
553 2065 824 2120 deteriore
847 2064 920 2119 sit
944 2062 1262 2119 conditione
1286 2075 1449 2131 quam
1475 2059 1810 2131 Pythagoras
1835 2066 1890 2112 et
1915 2073 2020 2110 ca:-

427 2158 530 2213 teri
569 2157 852 2225 homines,
887 2154 1030 2210 Deus
1067 2153 1232 2210 etiam
1268 2161 1325 2208 et
1357 2151 1538 2222 opifex
1565 2191 1580 2216 ,
1617 2160 1673 2204 et
1710 2147 2016 2211 beneﬁcus,

426 2248 640 2306 etiamsi
696 2247 873 2318 reipsa
913 2245 1204 2318 aliquando
1237 2260 1344 2300 non
1397 2242 1634 2308 (alliciat,
1670 2258 1737 2298 ex
1775 2256 1841 2294 en
1875 2239 2020 2308 quod

427 2341 600 2411 possit
634 2354 853 2410 semper
883 2340 1118 2404 eﬂieere,
1152 2346 1208 2393 et
1241 2337 1442 2392 habeat
1475 2350 1605 2405 erga
1645 2335 1734 2388 illa
1768 2349 1890 2404 quae
1929 2334 2023 2387 be-

429 2431 640 2488 neﬁciis
673 2431 840 2486 allicit
866 2439 924 2486 et
951 2435 1235 2501 procreat,
1260 2427 1596 2482 voluntatem
1624 2435 1679 2480 et
1707 2425 2022 2496 propensio-

428 2541 555 2582 nem
595 2525 808 2595 origiue
850 2532 1154 2578 carentem.
1197 2520 1368 2576 Porro
1416 2534 1510 2575 vos
1555 2519 1684 2574 mihi
1728 2517 2018 2585 videmini,

430 2619 560 2674 dum
600 2617 764 2672 vultis
802 2614 1209 2672 incommodum
1247 2622 1428 2668 vestra
1469 2613 1728 2683 opinione
1765 2611 2020 2683 exiguum

431 2707 698 2780 ell‘ugere,
753 2723 951 2778 magno
1007 2707 1152 2763 malo
1208 2705 1502 2775 implicari.
1566 2704 1634 2760 Ut
1688 2705 1833 2758 enim
1889 2718 2023 2758 sane

433 2799 602 2857 Deum
649 2816 926 2871 nunquam
973 2801 1026 2855 in
1069 2799 1182 2854 otio
1225 2798 1398 2853 fuisse
1436 2807 1742 2862 versatum,
1784 2797 1878 2852 sed
1924 2797 2021 2852 beo

436 2890 701 2949 nefecisse
731 2893 800 2948 ab
826 2873 1030 2946 teierno
1059 2887 1465 2961 pronuntietis;
1497 2887 1796 2942 voluntatis
1824 2901 2022 2956 exper-

433 2995 544 3045 tem
577 3002 757 3041 rerum
785 3000 1038 3051 causam,
1072 2993 1126 3040 et
1158 2999 1264 3039 non
1298 2983 1618 3052 prudentem
1651 2997 1773 3036 eum
1808 2981 2020 3046 facitis,

2109 492 2412 564 εὐεργέτης
2451 494 2607 550 ἔσται
2643 498 2739 548 καὶ
2771 495 3108 567 δημιουργὸς
3149 499 3178 550 6
3224 495 3357 560 Θεός
3385 513 3399 526 ⁸
3436 497 3530 550 καὶ
3573 498 3708 562 Θεὸς

2109 585 2220 638 τῶν
2251 585 2558 656 μελλόντων
2602 587 3017 660 εὐεργετεῖσθαι
3067 587 3165 643 καὶ
3213 588 3702 660 δημιουργεῖσθαιο

2110 680 2208 734 οὐκ
2229 680 2446 754 ἀνάγκῃ
2468 667 2828 752 εὐεργετῶνῆ
2861 680 3237 753 δημιουργῶν,
3263 682 3375 736 οὐδ’
3394 683 3484 735 ἵνα
3575 682 3709 745 Θεὸς

2111 775 2383 847 παράγων
2407 775 2546 846 πρὸς
2575 775 2794 844 γένεσιν
2824 777 2892 830 τὰ
2925 775 3058 830 ὄντα
3081 793 3092 808 ⁸
3121 777 3239 848 ἔχει
3271 776 3384 848 γὰρ
3417 776 3480 842 ἐξ
3506 777 3702 831 ἑαυτοῦ

2111 867 2172 920 τὸ
2201 865 2342 922 εἶναι
2373 868 2402 922 ὃ
2429 870 2579 922 ἐστιν
2605 885 2617 898 ·
2641 867 2759 922 ἀλλ’
2787 869 2864 932 ὡς
2887 867 3094 939 ἀγαθὸς
3123 870 3220 924 καὶ
3243 870 3399 933 Θεός.
3433 869 3624 941 ’Δθρει
3649 867 3708 923 δι

2116 977 2208 1032 μοι
2239 960 2336 1015 καὶ
2363 959 2523 1015 τοῦτο
2549 960 2688 1034 (90).

2183 1141 2365 1199 IATP.
2402 1144 2477 1198 Τὸ
2501 1132 2652 1198 ποῖδν
2679 1144 2780 1212 δή;

2183 1235 2414 1290 ΧΡΙΣΤ.
2449 1237 2526 1290 Οὐ
2560 1237 2667 1307 φὴς
2697 1236 2792 1290 τὸν
2818 1235 3115 1292 σιωπῶντα
3140 1234 3432 1308 ἄνθρωπον
3465 1234 3708 1303 λογικὸν,

2113 1329 2193 1399 τῷ
2223 1327 2487 1382 δύνασθαι
2521 1329 2666 1401 λόγῳ
2700 1329 3039 1401 κεχρῆσθαι;

2187 1423 2368 1476 ιΑτΡ.
2401 1423 2546 1476 Πάνυ
2566 1440 2650 1490 γε.

2187 1515 2418 1569 ΧΡΙΣΤ.
2453 1514 2518 1567 Tt'
2547 1514 2604 1567 δὲ
2637 1512 2965 1585 Πυθαγόρας
2996 1513 3092 1566 καὶ
3136 1513 3184 1565 οἱ
3209 1513 3272 1576 ἒς
3317 1511 3484 1565 αὑτοῦ
3521 1512 3710 1583 φοιτὴ-

2120 1623 2317 1670 σαντες
2348 1607 2445 1660 καὶ
2489 1605 2632 1660 κατά
2665 1606 2767 1677 τὴν
2815 1604 3052 1659 Ἰταλὶαν
3093 1604 3264 1657 πάλαι
3309 1603 3712 1673 φιλοσοφήσαν-

2117 1717 2233 1765 τες,
2266 1695 2378 1771 ἆρά
2405 1717 2490 1752 σοι
2525 1699 2740 1768 λογικοὶ
2783 1698 3003 1753 ἐδόκουν
3035 1692 3196 1766 εἶναι,
3228 1697 3394 1769 ἡνίκα
3437 1695 3576 1768 μετὰ
3602 1696 3713 1749 τῶν

2118 1791 2295 1846 ἄλλων
2329 1791 2428 1862 τὴν
2464 1791 2678 1862 σιωπὴν
2708 1791 3065 1862 ἐφιλοσόφουν
3099 1788 3248 1863 (9|);

2157 1881 2168 1890 ’
2189 1885 2369 1938 ΙΑΤΡ,
2398 1883 2523 1947 Πῶς
2551 1883 2664 1953 γάρ
2691 1883 2792 1951 ob;

2187 1974 2417 2028 ΧΡΙΣΤ.
2449 1973 2685 2038 Οὐκοῦν,
2718 1967 2764 2026 ὦ
2793 1973 2999 2043 ἑταῖρε,
3028 1972 3122 2026 καὶ
3151 1975 3180 2027 6
3223 1972 3379 2037 Θεὸς,
3408 1975 3457 2027 ει
3491 1973 3566 2043 μὴ
3596 1972 3714 2042 χεί-

2121 2083 2230 2139 ρων
2259 2067 2377 2120 ὲστὶ
2401 2064 2530 2137 παρ’
2559 2066 2688 2136 ὑμῖν
2715 2063 3038 2135 Πυθαγόρου
3062 2063 3281 2118 καὶτῶν
3303 2065 3482 2118 ἄλλων
3505 2064 3717 2137 ἀνθρώο

2119 2173 2259 2222 πων,
2290 2157 2384 2210 καὶ
2406 2154 2539 2219 Θεὸς
2569 2154 2636 2208 ἂν
2663 2155 2746 2226 εἴη
2777 2154 2872 2208 καὶ
2902 2153 3240 2224 δημιουργὸς
3263 2155 3357 2207 καὶ
3386 2154 3710 2224 εὐεργέτης,

2121 2249 2224 2304 κᾶν
2267 2247 2524 2320 ἐνεργείᾳ
2557 2247 2688 2300 ποτὲ
2738 2247 2812 2317 μὴ
2839 2246 3146 2320 δημιουργῇ
3166 2262 3181 2276 ο
3206 2245 3286 2317 τῷ
3314 2245 3578 2300 δύνασθαι
3621 2245 3716 2315 δη-

2123 2343 2411 2414 μιουργεῖν
2440 2339 2565 2395 ἀεί·
2599 2339 2696 2394 καὶ
2741 2338 2822 2410 τῷ
2871 2341 3110 2411 ἄναρχον
3164 2339 3312 2410 ἔχειν
3343 2339 3444 2410 τὴν
3488 2339 3620 2408 περὶ
3647 2337 3717 2392 τὰ

2121 2434 2561 2506 εὐεργετούμενα
2603 2435 2699 2488 καὶ
2741 2431 3014 2504 θεούμενα
3052 2433 3167 2504 (92)
3213 2431 3472 2503 βούλησίν
3513 2449 3576 2486 τε
3618 2432 3717 2486 καὶ

2122 2525 2460 2599 προθυμίαν.
2510 2526 2704 2596 Ὑμεῖς
2754 2525 2812 2580 δέ
2865 2543 2957 2596 μοι
3000 2524 3235 2589 δοκεῖτε,
3291 2524 3492 2596 μικρὸν
3519 2523 3716 2591 δοκορν

2121 2619 2324 2676 ἄτοπον
2365 2617 2784 2688 ἀποφυγγάνειν
2815 2617 3116 2682 ἐθέλοντες,
3159 2615 3385 2687 μεγάλῳ
3433 2615 3590 2684 κακῷ
3620 2630 3718 2666 πε-

2124 2707 2494 2782 ριπείρεσθαι.
2527 2707 2646 2762 ’Ίνα
2689 2708 2799 2780 γὰρ
2821 2707 2985 2778 δῆθεν
3027 2708 3118 2762 τὸν
3166 2707 3298 2761 Θεὸν
3332 2709 3407 2778 μὴ
3451 2708 3510 2760 ὲν
3547 2705 3718 2778 ἀργίᾳ

2124 2800 2258 2854 ποτὲ
2303 2798 2600 2871 καθῆσθαι,
2632 2799 2770 2854 ἀλλά
2807 2800 2919 2872 γὰρ
2953 2800 3269 2872 εὐεργετεῖν
3311 2799 3371 2865 ἐξ
3401 2799 3576 2856 ἀϊδίου
3608 2799 3714 2868 φή-

2126 2907 2280 2963 σητε,
2312 2891 2612 2962 ἀϐούλητον
2633 2890 2744 2945 τῶν
2781 2890 2952 2946 όντων
2979 2893 3184 2956 αἰτίαν,
3221 2891 3316 2944 καὶ
3350 2890 3450 2943 οὐκ
3471 2890 3716 2960 ἔμφρονα

2123 2983 2316 3039 τοῦτον
2337 2983 2589 3053 εἰσάγετε
2615 2984 2754 3054 (95),
2793 2987 2887 3039 καὶ
2925 2985 3022 3056 τὴν
3052 2985 3344 3056 ὁμόδουλον
3367 2984 3588 3056 ποίησιν
3619 2985 3715 3036 ἑπ-

435 3088 493 3136 et
523 3093 842 3138 conservam
882 3075 1224 3134 ell'ectionem
1264 3075 1544 3145 insurgere
1577 3074 1758 3131 facitis
1793 3075 1848 3130 in
1887 3072 2020 3130 elle-

2135 3079 2392 3134 ἀνίστατε
2413 3081 2490 3152 τῷ
2531 3082 2726 3151 ποιητῇ
2745 3079 2859 3150 (94)
2886 3080 2980 3134 καὶ
3007 3079 3258 3132 συναῖδια
3282 3077 3360 3149 τῷ
3390 3077 3714 3147 πεποιηκότι

435 3179 682 3238 ctorem,
733 3179 789 3226 et
837 3179 1113 3226 coaeterna
1162 3182 1262 3223 suo
1311 3166 1491 3236 opiﬁci
1543 3164 2024 3222 comminiscimini

429 3262 678 3335 Dpilicia,
727 3263 780 3318 in
831 3261 963 3318 deos
1011 3261 1100 3316 illa
1151 3260 1476 3328 referentes,
1520 3269 1575 3316 ct
1621 3274 1876 3330 magnum
1929 3273 2028 3313 no-

441 3371 565 3412 men
588 3365 643 3410 et
663 3370 801 3422 rem,
829 3355 1030 3426 quibus
1051 3354 1212 3408 vultis
1243 3354 1560 3420 attribuitis,
1582 3353 1745 3426 281
1768 3363 2027 3422 tanquam

440 3446 644 3517 aliquid
678 3446 909 3502 aliarum
939 3454 995 3502 et
1018 3448 1391 3522 communium
1423 3462 1606 3503 rerum
1643 3466 1657 3502 :
1687 3463 1794 3501 non
1829 3460 2028 3502 conce-

442 3539 634 3596 dentes
656 3539 830 3594 solnm
870 3541 1040 3594 Deum
1079 3541 1258 3610 ipsum
1295 3555 1484 3608 unum,
1541 3549 1599 3596 et
1655 3541 1880 3608 bonum,
1933 3555 2031 3610 per

443 3629 626 3686 omnia
666 3631 720 3686 iu
742 3632 994 3686 omnibus
1023 3633 1228 3701 primas
1255 3631 1422 3696 ferre,
1460 3641 1518 3693 et
1564 3647 1733 3690 unum
1785 3635 1929 3696 esse,
1975 3639 2030 3688 et

439 3721 640 3787 solum,
677 3723 840 3793 idque
865 3723 1130 3792 singulari
1157 3723 1338 3778 modo.
1366 3721 1502 3777 Nam
1521 3722 1567 3778 si
1599 3732 1904 3780 coaeternus
1918 3723 2029 3781 Deo

443 3816 534 3872 hic
556 3815 787 3871 mundus
829 3825 934 3884 est,
966 3817 1227 3888 quidnam
1273 3825 1358 3872 est
1406 3817 1704 3872 secundum
1751 3818 1895 3889 quod
1946 3827 2031 3874 est

443 3905 588 3964 Deus
615 3910 810 3964 melior
838 3909 942 3965 hoc
984 3910 1220 3965 mundo?
1261 3908 1406 3966 istud
1431 3911 1538 3966 erit
1567 3911 1710 3980 quod
1748 3899 1816 3966 ab
1864 3920 2030 3968 teter-

443 4019 516 4059 no
542 4004 650 4059 sit:
682 4015 738 4059 et
765 4004 1038 4074 quomodo
1075 4005 1332 4060 omnibus
1363 4004 1528 4061 rebus
1555 4005 1608 4060 in
1646 4005 1901 4062 omnibus
1931 4022 2030 4062 ex-

443 4099 642 4155 cellere
672 4097 953 4154 dicemus?
1008 4096 1088 4150 Ac
1118 4096 1163 4152 si
1191 4096 1353 4151 simul
1385 4095 1550 4164 Deus,
1576 4095 1740 4152 simul
1775 4097 2030 4162 mundus,

443 4202 659 4256 semper
687 4198 870 4243 autem
907 4187 1069 4254 Deus,
1101 4193 1158 4242 et
1209 4184 1375 4240 simul
1423 4200 1548 4241 cum
1593 4183 1852 4242 ell‘ectore
1905 4197 2030 4241 nata

445 4299 567 4339 esse
603 4293 819 4356 oportet
847 4281 1073 4348 effecta;
1106 4281 1195 4337 ubi
1226 4289 1310 4337 est
1333 4283 1450 4352 ipsa
1485 4281 1665 4336 unitas
1707 4281 1865 4336 beata
1913 4280 2030 4347 Dei,

442 4384 501 4430 et
528 4375 754 4432 libertas
793 4375 864 4432 ab
915 4373 1062 4428 omni
1116 4370 1438 4430 habitudine
1491 4379 1548 4427 et
1579 4371 1819 4428 essentia
1877 4381 2031 4425 extra

518 4598 630 4672 (89)
667 4599 779 4656 Τοῦ
814 4597 1314 4672 παραδείγματος.
1365 4592 1682 4672 Exemplum
1727 4593 1861 4652 dicit
1885 4598 2026 4668 quod
2060 4599 2104 4657 D

447 4665 622 4740 supra
637 4665 1266 4740 proposuitChristiano
1298 4665 1560 4740 paganus}
1592 4665 1690 4740 ΒΑ.

522 4734 866 4811 (9ολἈῖἶρει
909 4738 978 4792 δέ
995 4755 1100 4809 μοι
1125 4735 1226 4791 καὶ
1271 4734 1910 4811 τοῦτοχίξοείιιιὴιιηάησ
1942 4738 2032 4796 Ιιίο

447 4805 750 4866 subsistere
772 4805 838 4864 et
867 4805 1264 4880 considerare
1287 4805 1496 4880 aliquid
1532 4805 1694 4863 hoino
1727 4809 2032 4880 imaginan-

449 4885 551 4935 dus
579 4890 706 4944 est;
746 4879 1018 4949 praecipue
1075 4893 1197 4932 cum
1233 4877 1302 4932 de
1351 4876 1545 4932 silente
1595 4879 1815 4934 homine
1843 4876 2032 4934 sermo

448 4952 520 5007 sit
550 4948 784 5004 futurus.
819 4948 918 5005 ΒΑ.

523 5019 636 5090 (9t)
665 5019 910 5090 Σιωπὴν·
940 5018 1357 5090 ἐφιλοσόφουν
1393 5037 1406 5073 :
1439 5033 1562 5073 cum
1604 5019 2028 5090 taciturnitatem

448 5089 567 5147 sive
599 5089 875 5160 silentium
908 5091 1042 5145 certi
1089 5089 1347 5160 temporis
1380 5103 1477 5160 pro
1512 5099 1666 5160 parte
1694 5089 1872 5159 aliqua
1904 5093 2028 5159 phi-

451 5161 716 5230 losophia}
742 5158 1072 5230 facesserent
1097 5173 1152 5216 et
1189 5158 1562 5230 praeciperent.
1601 5159 1696 5214 ΒΑ.

527 5229 640 5302 (92)
659 5229 1054 5302 ίϐνοηοϋιντιτιιιιε
1079 5229 1325 5286 ediderat
1354 5229 1368 5282 Ξ
1405 5229 1544 5298 Erga
1571 5230 1669 5283 illa
1693 5244 1812 5300 qua:
1834 5229 2031 5302 beneﬁ-

451 5299 547 5357 ciis
587 5301 743 5371 aﬂicit
765 5309 826 5371 et
861 5301 1135 5354 divinitate
1165 5304 1486 5356 uoluntatem
1525 5309 1575 5353 et
1603 5299 2025 5371 propensionem.

450 5369 658 5444 Anglus
687 5369 1032 5444 quidampro
1053 5372 1323 5441 θεούμενα
1347 5372 1477 5442 legit
1492 5384 1565 5444 ex
1597 5370 1908 5444 entijectura
1933 5371 2030 5440 δη-

454 5439 890 5516 μιουργούμενατ
917 5439 1280 5516 διοηιειουιὶιιε
1321 5439 1468 5516 vero
1489 5439 1865 5516 θεωρούμενα,
1887 5439 2028 5516 prni-

453 5507 562 5570 iu'sa
590 5507 805 5570 scilicet
844 5513 910 5566 ab
947 5521 1175 5567 aeterno.
1202 5510 1497 5578 Conjttnxit
1545 5507 1717 5562 antea
1735 5507 2030 5564 Zacharias

452 5587 570 5640 haec
595 5584 704 5640 duo
719 5581 1132 5653 εὐεργετεῖσθαι
1167 5593 1218 5638 et
1247 5579 1724 5653 6qutoup7etoeatt.
1745 5582 1892 5653 ‘wspt
1920 5581 2031 5634 τῶν

450 5649 965 5729 εὐεργετησομένων
987 5656 1084 5708 καὶ
1113 5649 1571 5729 δημιουργεῐσθαιι
1596 5649 1922 5729 μελλόντων.
1965 5653 2028 5706 lat

449 5718 640 5787 rursus
670 5718 820 5783 ς’καὶ
859 5718 1199 5797 δημιουργὸς
1231 5718 1330 5778 καῖ
1361 5721 1676 5792 εὐεργέτης.
1719 5726 1848 5774 Duc.

2129 3173 2471 3244 φαντάζεσθε
2504 3172 2573 3226 τά
2617 3173 2926 3244 ποιήματα,
2970 3172 3050 3234 εἰς
3096 3171 3255 3236 θεοὺς
3293 3169 3714 3232 ἀναϐιϐάζοντες

2127 3266 2322 3331 ταῦτα,
2357 3250 2452 3320 καῖ
2480 3265 2541 3320 τὸ
2571 3267 2714 3336 μέγα
2743 3265 2918 3336 ὄνομά
2937 3281 2998 3318 τε
3037 3264 3131 3318 καὶ
3163 3265 3401 3334 πρᾶγμα
3426 3257 3507 3326 οἷς
3530 3261 3718 3332 βούλεο

2131 3360 2226 3414 σθε
2247 3402 2263 3427 ,
2303 3359 2592 3430 διανέμετε
2617 3399 2631 3425 ,
2661 3359 2853 3430 ὥσπερ
2883 3376 2934 3411 τι
2964 3357 3073 3411 τῶν
3102 3356 3279 3413 ἄλλων
3309 3357 3608 3428 χρημάτων
3639 3355 3718 3428 μὴ

2131 3450 2544 3524 συγχωροῦντες
2569 3450 2660 3504 τὸν
2693 3449 2854 3521 μόνον
2887 3449 3020 3502 Θεὸν
3057 3448 3191 3502 αὐτὸ
3215 3447 3276 3501 τὸ
3305 3449 3385 3514 ἓν,
3425 3450 3520 3502 καὶ
3541 3449 3716 3516 τάγα-

2129 3543 2243 3612 θὸν,
2275 3542 2418 3598 κατά
2449 3542 2668 3596 πάντων
2710 3543 2767 3595 ὲν
2804 3533 3044 3594 πᾶσι“τά
3085 3543 3330 3612 πρωτεῖα
3366 3541 3576 3613 φέρειν·
3624 3542 3720 3596 καὶ

2129 3638 2189 3694 ἓν
2219 3633 2384 3701 εἶναι,
2417 3635 2512 3690 καὶ
2549 3635 2728 3706 μόνον,
2767 3636 2864 3688 καὶ
2902 3633 3081 3706 μόνως
3109 3635 3244 3704 (95).
3285 3635 3349 3688 El
3390 3635 3500 3704 γὰρ
3530 3637 3716 3688 συναΐ-

2129 3728 2240 3792 διος
2286 3725 2366 3797 τῷ
2404 3724 2522 3796 Θεῷ
2561 3725 2650 3779 ὅδε
2695 3726 2724 3778 6
2767 3725 2972 3795 κόσμος
3003 3725 3144 3792 ἐστὶ,
3180 3725 3234 3778 τί
3276 3723 3403 3779 καθ’
3437 3725 3466 3778 ὃ
3511 3727 3660 3778 ἐστιν
3690 3728 3720 3780 6

2131 3819 2266 3884 Θεὸς
2288 3819 2530 3890 ἀμεινων
2555 3817 2710 3870 τοῦδε
2739 3815 2832 3870 τοῦ
2863 3815 3106 3886 κόσμους
3139 3815 3311 3869 Τοῦτο
3337 3815 3383 3869 δ’
3415 3816 3482 3869 ἂν
3511 3817 3631 3886 εἴη,
3662 3816 3720 3868 τὸ

2131 3913 2318 3976 ἀῖὸἰως
2347 3906 2486 3966 εἶναι
2516 3910 2650 3980 (96).
2701 3909 2814 3963 Καὶ
2859 3908 2979 3971 πῶς
3024 3908 3244 3962 πάντων
3283 3907 3467 3961 αὐτῶν
3501 3908 3615 3978 (97)
3660 3909 3718 3960 ἐν

2133 4005 2270 4060 πᾶσι
2314 4003 2594 4073 διαφέρειν
2627 4005 2909 4072 φήσομεν;
2946 4000 3058 4053 Καὶ
3107 4003 3157 4053 εἰ
3188 3999 3305 4070 ἅμα
3348 4001 3376 4053 6
3409 3999 3576 4063 Θεὸς,
3604 3999 3720 4070 ἅμα

2133 4097 2370 4168 κόσμος,
2409 4096 2498 4148 ἀεὶ
2537 4095 2596 4147 δὲ
2627 4095 2656 4148 6
2693 4092 2863 4158 Θεὸς,
2910 4093 3005 4146 καὶ
3051 4091 3477 4162 συμπεφυκέναι
3519 4090 3602 4144 δεῖ
3642 4090 3719 4160 τῷ

2134 4191 2332 4260 ποιητῇ
2363 4188 2432 4242 τὰ
2459 4189 2762 4257 ποιήματα·
2793 4185 2896 4239 ποῦ
2927 4184 2988 4238 τὸ
3016 4183 3073 4238 ἓν
3111 4183 3206 4237 τοῦ
3239 4184 3515 4255 μακαρίου
3550 4183 3683 4236 Θεοῦ
3704 4223 3718 4249 ,

2134 4283 2228 4336 καὶ
2259 4282 2322 4334 τὸ
2355 4282 2539 4350 πάσης
2571 4278 2858 4352 ἐλεύθερον
2892 4277 3131 4349 σχέσεως
3161 4276 3304 4348 (98),
3347 4277 3443 4331 καὶ
3475 4277 3576 4346 τῆς
3613 4293 3718 4329 σω-

2137 4373 2378 4445 ματικῆς
2405 4371 2564 4436 ἐκτὸς
2592 4366 2734 4426 εἶναι
2765 4371 3017 4441 φύσεωςς
3047 4369 3127 4423 Τὰ
3151 4370 3260 4440 γὰρ
3283 4369 3422 4440 ἅμα,
3449 4369 3559 4422 τῶν
3588 4369 3722 4440 πρός

2207 4599 2322 4670 (93)
2348 4597 2661 4670 Εἰσὰγετε.
2691 4595 3045 4670 lntrodncitis
3071 4595 3222 4670 velut
3253 4594 3306 4648 in
3342 4607 3563 4670 scenam
3593 4608 3719 4670 per:

2130 4663 2324 4728 sonam
2385 4669 2453 4724 de
2489 4663 2592 4738 qua
2625 4677 2870 4724 statuere
2900 4665 3321 4738 vobisglihernm
3353 4665 3425 4718 sit
3459 4663 3720 4738 quidquid

2131 4739 2434 4796 volueritis.
2456 4735 2530 4794 Ita
2559 4740 2726 4794 Deum
2747 4736 3193 4808 circnmagebant
3215 4735 3548 4804 philosophi,
3573 4735 3722 4788 nullo

2133 4811 2309 4882 ipsius
2337 4820 2482 4882 metu
2511 4819 2606 4864 aut
2639 4819 2914 4882 respectu.
2947 4811 3043 4882 BA.

2205 4879 2355 4950 (94)__
2381 4879 2502 4948 Τὴν
2557 4869 2897 4950 όμόδὸυλον
2943 4878 3216 4950 ποίησινῄ
3238 4873 3610 4950 exesi-lata“
3639 4869 3722 4940 τῷ

2133 4946 2376 5018 ποιητῇ.
2421 4946 2710 5019 insurgere
2753 4948 2958 5003 facitis.
3002 4946 3172 5004 Recte
3205 4948 3280 5002 ita
3309 4946 3719 5010 Genebraruus,

2139 5038 2244 5076 non
2286 5023 2354 5074 de
2384 5035 2533 5074 more
2556 5021 2755 5086 ubique
2786 5037 2904 5072 suo.
2937 5021 3031 5074 ΒΑ.

2213 5089 2326 5161 (95)
2353 5090 2461 5145 Καὶ
2477 5088 2547 5144 ἐνί
2569 5083 2724 5144 sive;
2747 5091 2846 5144 και
2867 5090 3064 5158 μόνον
3088 5086 3188 5143 καὶ
3211 5087 3457 5161 μόνωςζ
3461 5083 3530 5140 Et
3552 5095 3716 5138 unum

2139 5155 2263 5216 esse
2290 5155 2344 5215 et
2374 5163 2548 5214 solum
2590 5172 2644 5212 et
2678 5155 2882 5213 nullius
2905 5161 3038 5214 soeii
3071 5155 3390 5216 patientem.
3419 5155 3520 5210 ΒΑ.

2207 5232 2322 5302 (96)
2361 5231 2542 5285 Τοῦτο
2582 5229 2638 5302 δ’
2663 5229 2741 5283 ἂν
2791 5231 2886 5298 ειη
2939 5229 3006 5284 τὸ
3052 5221 3473 5302 ἆζδιως-εῖναι.
3518 5222 3722 5302 Nempe

2135 5295 2259 5357 cuin
2297 5295 2417 5366 huc,
2450 5300 2594 5370 quod
2623 5295 2882 5354 omnibus
2911 5299 3224 5361 antecellat,
3257 5297 3312 5353 in
3341 5312 3410 5354 eo
3453 5295 3722 5352 consistat

2137 5371 2280 5442 quod
2307 5372 2456 5425 solus
2487 5372 2559 5424 sit
2593 5382 2851 5442 a'ternus.
2885 5370 2976 5442 BA.

2193 5444 2322 5512 (97)
2355 5442 2714 5512 Suribendntn
2748 5441 2933 5494 αὐτόν.
2955 5440 3052 5494 ΒΑ.

2213 5505 2324 5584 (98)
2385 5511 2956 5584 [Idancelswspor
3013 5505 3312 5584 σχέσεως.
3361 5505 3616 5584 Liberum
3650 5505 3721 5558 ab

3059 5575 3348 5649 qualitate,
3392 5575 3719 5649 quantitate,

2141 5648 2400 5720 omnique
2425 5648 2938 5721 praedicabilifllab
2964 5648 3102 5715 tum,
3138 5650 3512 5721 habitudinem
3544 5648 3718 5700 inter-

2141 5717 2386 5791 pretatur
2405 5717 2664 5792 Cyr-illus,
2691 5731 2746 5776 et
2772 5723 2855 5778 sic
2876 5731 3106 5790 uterque
3141 5720 3432 5789 interpres.
3463 5717 3565 5774 ΒΑ.

2139 5581 2288 5636 omni
2345 5585 2487 5651 quod
2542 5581 2730 5635 haberi
2775 5590 2994 5651 .potest,
