4052 6390
470 347 607 416 1103

1474 351 1874 412 ZACIIARUE
1915 354 2343 414 MITYLENES
2382 358 2499 417 ΕΡ]
2511 356 2721 417 SCOPI

3616 359 3754 425 1104

460 479 636 533 neque
681 463 974 524 habuisset,
1030 463 1327 518 secundum
1387 480 1501 528 vos,
1533 463 1623 517 ubi
1697 463 2040 531 perpulchra:

2155 465 2278 520 λετο
2309 469 2352 536 (l
2375 469 2420 535 Ι)
2450 470 2597 521 τόνδε
2632 470 2724 523 τὸν
2756 469 2964 540 κόσμον
2995 470 3319 540 πεποίηκεν
3350 472 3383 543 ἢ
3424 473 3475 526 εί
3514 471 3740 543 ἐξήρκεα

458 559 696 613 rationes
752 570 881 611 suas
928 555 1217 624 potestatis
1263 556 1559 610 formarum
1606 553 1899 609 eﬁ‘cctricis
1950 571 2045 625 po-

455 657 628 704 neret.
692 647 831 713 Quin
870 657 920 700 et
953 646 1186 702 fortasse
1244 648 1426 718 inopia
1477 647 1723 702 materias
1774 649 2042 705 minorem

450 759 613 814 quam
648 752 891 813 optasset
925 744 1069 799 hunc
1113 743 1374 799 mundum
1410 743 1570 809 fecit;
1605 753 1698 799 aut
1745 744 1789 799 si
1833 744 2048 802 snﬁ‘ecit

452 836 626 902 ipsius
652 836 916 890 voluntati
948 836 1195 899 materia,
1244 843 1409 889 totam
1460 849 1616 889 suam
1663 835 1948 890 scientiam
1991 848 2046 892 et

449 909 725 983 efficiendi
756 929 1002 982 rationes
1026 927 1385 999 exprompsit.
1412 926 1683 983 Prmterea
1716 937 2044 998 potestatem

449 1020 700 1073 ordinate
753 1025 810 1073 et
862 1016 1138 1072 incondite
1194 1031 1320 1073 sese
1367 1025 1675 1072 moventem
1742 1018 2043 1089 adaequatis

448 1119 504 1165 et
535 1109 808 1180 opponitis
836 1123 1044 1180 magna:
1087 1118 1252 1177 atque
1283 1108 1563 1164 immense
1609 1108 1706 1165 Dei
1762 1112 2039 1180 potestati,

452 1213 513 1258 nt
537 1216 658 1273 quae
680 1202 919 1273 potuerit
944 1208 1172 1255 cunctas
1199 1198 1318 1269 ejus
1350 1200 1595 1256 rationes
1629 1200 1931 1270 suscipere,
1986 1213 2043 1257 et

452 1304 601 1349 tanta
628 1306 770 1360 esse,
821 1306 1079 1365 quantam
1116 1293 1234 1362 ipse
1263 1292 1453 1349 voluit.
1482 1292 1577 1349 Sic
1605 1293 1754 1349 omni
1785 1309 1850 1349 ex
1886 1305 2043 1366 parte

448 1401 569 1443 eam
627 1400 750 1442 esse
801 1384 914 1441 Deo
986 1399 1173 1455 parem
1220 1384 1467 1452 honore,
1522 1384 1787 1442 orationis
1851 1399 2045 1442 conse-

447 1479 669 1549 quentia
722 1476 1115 1548 deprehendit;
1166 1490 1277 1547 quo
1300 1474 1433 1548 quid
1466 1489 1588 1532 esse
1610 1476 1787 1547 possit
1819 1477 1887 1532 ad
1935 1477 2042 1531 im-

449 1569 704 1640 pietatem
732 1566 1078 1636 majus,cum
1122 1566 1382 1624 deformis
1414 1567 1494 1623 sic
1535 1567 1720 1638 specie
1758 1575 1816 1624 et
1870 1567 2043 1639 ﬁgura

2154 574 2247 611 σεν
2275 562 2307 630 ὴ
2337 558 2437 629 ὕλη
2461 560 2597 630 πρὸς
2616 561 2716 632 τὴν
2743 560 2909 615 αὑτοῦ
2941 560 3220 632 βούλησιν,
3243 563 3337 617 καὶ
3366 564 3551 617 πᾶσαν
3579 563 3748 619 αὑτοῦ

2150 652 2252 723 τὴν
2292 654 2606 722 ἐπιστήμην
2641 652 2961 717 ὑπεδείξατο
2984 691 2997 714 ,
3030 652 3126 706 καὶ
3157 654 3286 717 τοὺς
3318 655 3751 726 δημιουργικοὺς

2152 746 2368 815 λόγους.
2403 741 2574 808 Αὖθις
2619 742 2720 815 τὴν
2762 745 3018 809 ἀτάκτως
3046 747 3143 799 κα)⁵
3185 745 3525 817 πλημμελῶς
3569 764 3749 800 κινου-

2158 839 2330 909 μένην
2355 836 2597 903 ὲξισοῦτε
2647 837 2743 891 καὶ
2772 837 3243 907 ἀντιπαριξάγετε
3278 840 3346 909 τῇ
3400 838 3612 910 μεγάλῃ
3652 838 3749 893 καὶ

2154 928 2450 997 ἀμετρήτῳ
2482 924 2578 978 τοῦ
2605 925 2742 981 Θεοῦ
2775 924 3002 996 δυνάμει
3023 942 3037 956 ο
3069 926 3217 997 ἥπερ
3258 925 3495 998 ἐδυνήθη
3535 928 3749 990 πάντας

2151 1015 2319 1071 αὑτοῦ
2358 1017 2485 1080 τοὺς
2517 1016 2708 1086 λόγους
2738 1015 3135 1085 ὑποδέξασθαι,
3177 1018 3275 1073 καὶ
3319 1019 3558 1088 τοσαύτη
3602 1015 3745 1074 εἶναι

2148 1108 2394 1179 ὃσηνπερ
2424 1108 2587 1172 αὐτὸς
2638 1108 2894 1162 ἐϐούλετο
2921 1109 3056 1180 (l2).
3087 1108 3275 1175 Οὕτως
3310 1111 3649 1182 πανταχόθεν
3684 1111 3749 1166 τδ

2150 1193 2293 1254 εἶναι
2327 1199 2501 1272 αὐτὴν
2528 1200 2795 1272 ὁμότιμον
2820 1201 2898 1271 τῷ
2923 1200 3045 1272 Θεῷ
3073 1203 3107 1274 ἡ
3142 1202 3236 1256 τοῦ
3262 1203 3422 1272 λόγου
3451 1202 3749 1259 ἀκολουθία

2152 1292 2469 1363 ἐφώρασενο
2511 1289 2573 1348 οὗ
2620 1295 2673 1348 τί
2705 1293 2771 1348 ἀν
2806 1294 3019 1364 γένοιτο
3057 1295 3197 1366 πρὸς
3233 1294 3494 1349 ἀσέϐειαν
3537 1294 3746 1366 μεῖζον,

2147 1382 2242 1437 τοῦ
2288 1382 2388 1455 τὴν
2437 1381 2687 1454 ἄμορφον
2730 1384 2825 1438 καὶ
2874 1384 3114 1439 ἀνείδεον
3157 1384 3255 1438 καὶ
3302 1385 3744 1456 ἀσχημάτιστον,

2146 1474 2361 1541 ὲξισοῦν
2391 1476 2469 1547 τῷ
2497 1475 2651 1547 Θεῷ,
2686 1477 2748 1529 οὐ
2798 1475 2960 1547 μόνον
2989 1476 3133 1531 κατά
3177 1476 3240 1530 τὺ
3282 1476 3371 1531 ἀεὶ
3403 1472 3580 1540 εἶναι,
3612 1476 3750 1531 ἀλλά

2153 1568 2269 1640 γάρ
2294 1570 2390 1624 καὶ
2421 1569 2540 1623 κατ’
2570 1568 2761 1636 αὐτὴν,
2794 1568 2872 1632 ὡς
2899 1568 3099 1635 εἰπεῖν,
3133 1568 3235 1638 τὴν
3263 1567 3497 1640 δύναμιν
3527 1566 3675 1639 (15);

449 1660 679 1714 materia
744 1671 993 1729 aequatur
1048 1658 1181 1725 Deo,
1234 1673 1344 1714 non
1397 1668 1608 1715 tantum
1666 1659 1722 1717 in
1776 1674 1843 1717 eo
1893 1661 2039 1731 quod
2081 1676 2300 1731 semper
2358 1660 2733 1728 exsistat,sed
2762 1661 2927 1716 etiam
2970 1661 3115 1732 quod
3169 1661 3418 1715 eamdem
3453 1674 3746 1731 propemo-

448 1755 577 1808 dum
599 1751 843 1807 obtineat
870 1750 1229 1822 potestatem?

521 1845 688 1901 MED.
720 1844 849 1901 Sola
876 1846 1084 1901 ratione
1129 1846 1273 1900 hanc
1316 1844 1704 1915 comprehendi
1754 1859 1912 1915 posse
1961 1846 2040 1902 di-

2218 1846 2399 1900 IATP.
2427 1846 2594 1916 Μόνῳ
2626 1844 2705 1916 τῷ
2738 1842 2986 1915 λογισμῷ
3011 1841 3124 1916 (ﬂ)
3148 1841 3356 1914 ταύτην
3371 1837 3511 1898 εῖναι
3531 1842 3748 1916 ληπτήν

449 1949 603 2003 cunt,
641 1947 695 1993 et
732 1938 960 1993 docendi
990 1936 1165 2008 gratia
1195 1936 1541 2007 simpliciter,
1581 1938 1721 1993 utin
1752 1938 2047 2010 hypotbesi

452 2035 564 2085 haec
598 2030 847 2085 docuisse
875 2029 1176 2085 Platonem.

520 2119 688 2191 282
723 2118 1000 2180 CllRlST.
1029 2117 1199 2191 Igitur
1230 2119 1276 2175 si
1318 2119 1432 2177 sola
1465 2106 1675 2177 ratione
1704 2121 1845 2176 hanc
1871 2120 2045 2192 perci-

453 2215 656 2283 pimus,
681 2211 1136 2282 quemadmodum
1164 2211 1537 2283 tragelaphum
1561 2213 1744 2268 animo
1771 2212 2044 2282 ﬁngimus,

446 2305 555 2360 erit
589 2312 739 2359 certe
783 2302 1050 2373 ejusmodi
1081 2312 1141 2359 ut
1189 2320 1288 2359 nec
1342 2305 1590 2370 exsistat,
1621 2318 1724 2360 nec
1763 2303 2044 2360 subsistat.

445 2395 601 2463 Quod
626 2394 672 2450 si
702 2409 886 2451 verum
908 2403 1020 2460 est,
1048 2409 1153 2449 non
1186 2394 1350 2465 igitur
1376 2409 1441 2452 ex
1481 2394 1705 2451 materia
1729 2403 2047 2466 antegressa

449 2489 595 2544 Deus
620 2488 725 2542 hoc
747 2485 1060 2542 universum
1092 2485 1400 2553 fabricavit,
1429 2486 1523 2541 sed
1543 2500 1610 2541 ex
1641 2499 1706 2541 eo
1729 2487 1870 2556 quod
1896 2487 2042 2541 nihi-

447 2581 562 2637 lum
586 2579 810 2636 omnino
841 2589 979 2634 erat.
1010 2576 1164 2633 Hunc
1200 2579 1343 2633 enim
1375 2579 1630 2633 mundum
1661 2592 1782 2634 esse
1817 2579 2043 2646 factum,

451 2674 883 2727 demonstratum
916 2677 1081 2725 estet
1132 2669 1467 2737 confessum,
1525 2669 1838 2740 habereqne
1890 2670 2045 2726 ordi-

451 2778 577 2819 nem
603 2770 660 2818 et
691 2769 874 2831 aptam
923 2775 1263 2832 compagem,
1300 2776 1424 2832 quas
1467 2762 1535 2815 ab
1578 2761 1761 2832 aliquo
1819 2764 2047 2817 concin-

450 2865 621 2913 nante
645 2854 970 2911 efﬁciantur.
1020 2853 1138 2909 Non
1177 2854 1325 2909 enim
1376 2854 1604 2909 fortuito
1679 2870 1856 2925 neque
1912 2872 2045 2911 casn

448 2950 745 3005 exsistunt.
785 2945 984 3001 Verum
1015 2947 1130 3002 hmo
1159 2947 1402 3000 materia:
1431 2945 1634 3013 fabula,
1672 2958 1726 3002 et
1766 2948 2046 3003 insulsitas

448 3038 737 3095 sententias
788 3052 818 3093 a
873 3037 1148 3108 plerisque
1178 3043 1492 3091 nostrorum
1541 3052 1646 3092 non
1699 3038 2040 3108 ignobilium,

444 3130 767 3204 jamdudum
833 3128 1065 3185 refutatu
1105 3136 1210 3185 est.
1269 3128 1424 3185 Unde
1450 3128 1502 3183 iu
1549 3131 1804 3199 praesenti
1852 3146 1883 3185 a
1925 3131 2045 3186 dis-

448 3228 732 3294 putatione
761 3222 1095 3278 desistimus.

524 3316 688 3372 MED.
718 3315 857 3387 Apte
879 3323 969 3371 tua
1000 3314 1199 3380 oratio,
1235 3313 1431 3381 amice,
1470 3313 1522 3369 id
1567 3313 1711 3383 quod
1759 3314 2042 3384 quaerebas

452 3410 865 3468 demonstravit.
915 3407 1051 3465 Item
1081 3408 1302 3463 adverte
1327 3405 1421 3477 qui
1471 3407 1833 3477 persuadeant
1885 3420 2044 3461 mun-

452 3504 580 3558 dum
612 3515 801 3557 carere
837 3500 1105 3573 principio
1135 3509 1189 3555 et
1222 3498 1348 3554 ﬁne.

523 3590 800 3649 CHRIST.
833 3590 1024 3647 Narra.

524 3684 691 3741 MED.
730 3683 1194 3740 Perfectissimam
1273 3682 1500 3753 ﬁguram
1572 3680 1850 3749 globosam
1922 3695 2043 3736 esse

452 3778 751 3851 geometria
778 3776 959 3841 docet,
983 3786 1045 3831 ut
1079 3791 1199 3847 qua:
1236 3787 1417 3845 neque
1463 3773 1794 3844 principium
1844 3773 2045 3828 habeat

453 3887 629 3942 neque
658 3871 838 3925 ﬁnem.
894 3868 1027 3924 Eam
1080 3879 1260 3925 autem
1318 3869 1466 3923 hunc
1541 3867 1801 3922 mundum
1853 3866 2040 3922 sortiri

451 3972 709 4034 aspectus
738 3963 996 4019 ostemlit.
1026 3959 1326 4033 Oportebat
1353 3961 1499 4016 enim
1526 3958 2039 4031 prmstantissimam

453 4056 679 4127 ﬁguram
728 4063 784 4111 et
834 4054 1289 4127 perfectissimam
1342 4053 1815 4127 praestantissima
1865 4052 1943 4108 rei
1988 4058 2043 4107 ct

452 4146 871 4203 absolutissima:
917 4148 1163 4203 attribui.
1226 4145 1436 4202 Videsis
1501 4145 1670 4217 igitur
1716 4159 1824 4215 quo
1884 4153 2042 4214 pacto

452 4254 549 4308 per
574 4241 711 4294 hanc
749 4239 976 4311 ﬁgurant
1027 4238 1256 4308 hujusce
1296 4237 1483 4293 mundi
1534 4238 1814 4294 arternitas
1841 4246 2042 4307 aparte

453 4332 737 4404 utriusque
800 4330 1032 4389 extremi
1084 4330 1517 4386 demonstratur.
1587 4328 1869 4399 Siquidem
1919 4328 2040 4398 glo-

448 4424 583 4482 bosa
610 4426 803 4497 ﬁgura,
830 4438 1006 4494 neque
1027 4421 1353 4491 principium
1373 4420 1556 4485 habet,
1586 4434 1764 4489 neque
1791 4419 1976 4474 ﬁnem.

2151 1955 2318 2010 φασιν
2348 1929 2489 2001 εἶδος
2511 1938 2645 2005 (15),
2678 1936 2775 1990 καὶ
2799 1935 3157 1999 διδασκαλίας
3190 1935 3380 1999 ἁπλῶς
3408 1936 3570 2008 χάριν
3598 1937 3740 2006 (l6),

2148 2030 2225 2093 ὡς
2251 2031 2312 2083 ὲν
2338 2029 2591 2083 ὑποθέσει
2620 2026 2796 2082 ταῦτα
2820 2027 3261 2100 διεξεληλυθέναι
3291 2027 3385 2082 τὸν
3414 2029 3703 2082 Πλάτωνα.

2220 2120 2445 2175 ΧΡΙΣΤ.
2472 2120 2704 2185 Ούκοῦν,
2731 2116 2799 2195 ἦν
2830 2120 2876 2174 δ’
2901 2119 3035 2190 ἑγὼ,
3071 2121 3120 2175 εἰ
3157 2121 3307 2193 μόνῳ
3334 2120 3582 2194 λογισμῷ
3607 2122 3743 2175 ταύ-

2149 2230 2248 2284 την
2275 2212 2648 2284 λαμϐάνομεν,
2678 2211 2936 2284 καθάπερ
2972 2213 3065 2266 τὸν
3091 2213 3438 2284 τραγέλαφον
3462 2214 3576 2284 (Π)
3612 2214 3742 2267 ἀνα-

2151 2300 2537 2375 πλαττόμέθα,
2576 2302 2732 2357 ἔσται
2760 2304 2869 2376 ἄρα
2903 2304 2999 2358 καὶ
3032 2304 3384 2375 ἀνύπαρκτος
3412 2305 3505 2359 καὶ
3537 2304 3743 2359 ἀνυπό-

2152 2402 2366 2460 στατος.
2398 2396 2463 2450 Ei
2481 2395 2537 2449 δὲ
2565 2394 2727 2450 τοῦτο
2746 2437 2761 2462 ,
2792 2396 2892 2451 οὐκ
2915 2396 3024 2468 ἄρα
3060 2395 3121 2462 ἐξ
3150 2395 3282 2467 ὕλης
3308 2396 3336 2449 ὁ
3367 2395 3502 2460 Θεὸς
3534 2396 3653 2451 τόδε
3682 2396 3744 2451 τὸ

2150 2490 2262 2543 πᾶν
2306 2489 2639 2559 ἐτεκτήνατο
2686 2480 3204 2560 προϋποκειμένης,
3235 2487 3353 2543 ἀλλ’
3388 2489 3456 2543 ἐκ
3488 2488 3742 2559 μηδαμοῦ

2153 2580 2417 2652 μηδαμῶς
2454 2579 2630 2644 δντος·
2662 2579 2893 2650 γενητὸς
2922 2580 3033 2651 γὰρ
3062 2581 3150 2634 ὅδε
3180 2582 3210 2634 ό
3247 2580 3454 2652 κόσμος
3479 2581 3651 2650 ἐφάνη
3681 2596 3742 2633 τε

2148 2674 2246 2727 καὶ
2287 2671 2636 2743 ὡμολόγηται
2662 2713 2676 2737 ,
2723 2672 2878 2736 τάξιν
2907 2671 3047 2743 ἔχων
3088 2672 3184 2726 καὶ
3219 2671 3515 2743 ἁρμονίαν,
3547 2671 3604 2725 αῖ
3637 2671 3742 2725 ὑπό

2148 2780 2294 2826 τινος
2327 2763 2568 2832 γίνονται
2597 2762 2696 2816 τοῦ
2748 2763 3101 2834 ἁρμόζοντος.
3148 2763 3224 2816 Οὐ
3259 2764 3367 2834 γὰρ
3411 2761 3524 2821 ἀπὸ
3569 2761 3740 2833 τύχης

2147 2856 2267 2910 οὐδὲ
2311 2855 2653 2926 αὐτομάτως.
2697 2855 2836 2909 Ἀλλ’
2869 2849 3027 2919 οὗτος
3075 2855 3172 2926 μὲν
3201 2856 3232 2909 ό
3259 2855 3428 2926 μῦθος
3469 2855 3572 2926 τῆς
3606 2855 3739 2925 ὕλης

2146 2948 2241 3001 καὶ⁹
2268 2950 2300 3018 ἡ
2333 2947 2688 3019 πλημμέλεια
2721 2947 2832 3019 (18)
2863 2946 2957 3000 τοῦ
2989 2946 3354 3016 δοξάσματος,
3381 2946 3595 3010 πολλοῖς
3632 2947 3738 3000 τῶν

2146 3042 2431 3112 ἡμετέρων
2460 3042 2561 3094 οὐκ
2588 3040 2832 3109 ἀγεννῶς
2863 3040 3033 3093 πάλαι
3060 3038 3463 3110 διελὴλεγκται.
3489 3039 3648 3096 Ὅθεν
3669 3037 3727 3102 ἐς

2147 3134 2209 3185 τὸ
2235 3131 2410 3203 παρὸν
2445 3131 2836 3203 καταπαύομεν
2860 3130 2973 3203 (19)
3002 3131 3092 3186 τὸν
3114 3131 3293 3202 λόγον.

2215 3311 2396 3365 iATP.
2441 3308 2641 3374 Καλῶς
2672 3309 2774 3382 μὲν
2792 3312 2820 3365 ό
2851 3311 3011 3380 λόγος
3034 3351 3050 3376 ,
3073 3304 3120 3366 ὧ
3152 3309 3399 3381 φιλότης,
3425 3307 3488 3363 τδ
3508 3306 3742 3363 σπουδα-

2145 3401 2375 3474 ζόμενον
2413 3402 2718 3469 ἀπέδειξεν.
2765 3403 2909 3473 Ὅρα
2939 3403 2995 3457 δὲ
3035 3404 3186 3467 ὅπως
3220 3399 3739 3474 κατακομψεύονται

2143 3490 2234 3544 τὸν
2260 3491 2466 3559 κόσμον
2489 3493 2724 3565 ἄναρχον
2746 3487 2883 3547 εἶναι
2912 3495 3006 3547 καὶ
3038 3493 3419 3565 ἀτελεύτητον.

2214 3583 2444 3637 ΧΡΙΣΤ.
2485 3583 2642 3638 Φάθι.

2214 3676 2398 3730 lATP.
2441 3678 2790 3732 Τελειὸτατον
2832 3677 3152 3750 σχημάτων,
3190 3678 3252 3731 τὸ
3283 3680 3575 3752 σφαιρικὸν
3599 3673 3738 3733 εἶναι

2144 3768 2459 3839 γεωμετρία
2488 3770 2675 3840 φησὶν,
2714 3770 2789 3833 ὠς
2830 3771 2966 3841 μήτε
2997 3770 3173 3842 ἀρχὴν
3218 3770 3343 3840 ἔχον
3385 3770 3510 3841 μηδ’
3542 3768 3611 3823 αὖ
3651 3786 3740 3822 τε-

2144 3862 2359 3934 λευτήν.
2395 3860 2600 3916 Τούτου
2628 3862 2685 3915 δὲ
2715 3863 2867 3915 τόνδε
2901 3861 2993 3915 τὸν
3022 3864 3229 3934 κόσμον
3277 3863 3735 3934 μεταλαγχάνειν,

2144 3955 2179 4027 ἡ
2215 3954 2338 4024 ὄψις
2361 3954 2660 4010 δείκνυσιν.
2697 3954 2845 4007 Ἔδει
2871 3956 2982 4028 γὰρ
3010 3955 3071 4008 τὸ
3099 3956 3319 4026 ἄριστον
3344 3958 3439 4008 καὶ
3460 3940 3743 4008 τελειόταέ

2141 4063 2235 4100 τον
2271 4047 2593 4119 σχημάτων,
2628 4046 2708 4118 τῷ
2733 4047 2942 4119 ἀρίστῳ
2969 4048 3077 4100 τῶν
3101 4047 3406 4116 γεγονότων
3432 4046 3522 4099 καὶ
3548 4046 3736 4117 τελείῳ

2143 4139 2518 4209 περιτεθῆναι.
2567 4140 2708 4211 Ὀρα
2749 4136 2844 4193 οὖν
2887 4140 3038 4202 ὅπως
3073 4139 3167 4192 καὶ
3204 4138 3292 4192 διὰ
3324 4139 3419 4191 τοῦ
3457 4139 3735 4210 σχήματός

2143 4246 2277 4298 φασι
2308 4231 2371 4284 τὸ
2411 4231 2647 4302 ἄναρχον
2682 4232 2777 4286 καὶ
2818 4230 3177 4302 ἀτελεύτητον
3206 4229 3361 4283 τοῦδε
3389 4228 3487 4283 τοῦ
3527 4228 3731 4300 κόσμου

2141 4322 2509 4392 διαφαίνεται.
2534 4324 2706 4396 Εἴπερ
2736 4324 2795 4378 τὸ
2825 4324 3115 4397 σιραιρικδν
3156 4324 3365 4395 σχῆμα,
3399 4322 3523 4377 οὔτε
3558 4324 3733 4395 ἀρχὴν

2142 4413 2277 4485 ἔχει,
2305 4414 2415 4468 οὐδ’
2440 4410 2508 4469 αὖ
2538 4416 2819 4487 τελευτήν.

521 4532 797 4590 CHRIST.
839 4532 968 4600 Sed,
1002 4546 1035 4587 ο
1065 4531 1365 4595 fortunate,
1393 4528 1526 4584 mihi
1574 4538 1630 4585 et
1682 4529 1778 4585 tibi
1832 4531 2038 4601 princi-

2214 4529 2441 4584 ΧΡῙΣΤ.
2497 4528 2659 4594 Ἀλλ’,
2688 4522 2734 4582 ὦ
2765 4532 3028 4603 μακάριε,
3057 4525 3125 4603 ἦν
3152 4530 3195 4583 δ’
3227 4528 3358 4599 ἐγὼ,
3379 4529 3505 4601 ἐμοὶ
3528 4528 3622 4582 καὶ
3650 4526 3732 4581 σοὶ

450 4623 599 4694 pium
633 4624 859 4693 hujusce
891 4621 1080 4692 ﬁgurae
1131 4618 1648 4690 incomprehensum
1682 4630 1805 4677 est:
1849 4638 2042 4679 omnes

452 4724 634 4771 tamen
668 4714 854 4770 circuli
891 4711 1217 4785 principium
1244 4720 1301 4767 et
1339 4709 1504 4768 ﬁnem
1556 4712 1781 4770 habent.
1846 4715 2039 4783 Quan-

451 4803 741 4877 doquidem
781 4803 1006 4860 accedat
1036 4808 1338 4879 geometra,
1388 4810 1445 4858 et
1494 4803 1765 4861 describat
1805 4805 2035 4879 ﬁguram

526 5007 638 5075 (ll)
672 5006 778 5063 CC.
811 5004 872 5059 P.
909 5002 1188 5074 ἠϐούλετο.

526 5009 609 5075 (ll
672 5007 778 5063 CC.
811 5007 872 5059 P.
909 5007 1188 5074 ἠϐούλετο.

526 5007 640 5149 (12)
698 5077 1011 5149 "Ocnum;
1059 5075 1244 5149 αὐτὸς
1302 5077 1606 5149 ἐϐούλετο.
1652 5075 1722 5132 Ut
1776 5077 2032 5131 nimirum

453 5146 733 5218 meliorem
759 5158 825 5218 et_
842 5146 1145 5215 digniorem
1177 5148 1295 5218 ipse
1321 5147 1464 5204 Deus
1492 5158 1684 5217 optare
1717 5162 1822 5202 non
1848 5156 2034 5216 posset

452 5229 546 5271 aut
581 5217 759 5271 vellet.
793 5214 921 5269 Ba.’
1004 5254 1007 5259 .

525 5287 637 5358 (l5)
693 5285 844 5359 Κατ’Δ
887 5285 1085 5359 αὐτὴν
1120 5288 1236 5358 τὴν
1272 5287 1553 5359 δύναμιν.
1611 5285 1804 5353 Quoad
1858 5287 2033 5358 ipsam

451 5356 626 5412 etiam
646 5356 960 5424 potentiam.
990 5358 1085 5412 Ba.

523 5426 655 5502 (ut
681 5427 852 5502 Νόθφ
892 5426 1384 5502 λογισμῷῘΑΝόθῳ
1432 5426 1586 5482 νόθον
1626 5440 1765 5502 esse
1788 5439 1950 5502 puto,
1979 5437 2037 5502 et

450 5497 610 5621 plane
643 5498 928 5567 legendum
962 5497 1129 5570 μόνῳ.
1166 5499 1298 5554 Nam
1338 5497 1459 5569 qum
1489 5498 1672 5569 spuria
1712 5497 1802 5552 illa
1851 5499 2035 5553 ratio?

478 5580 531 5621 ta
564 5566 803 5621 ridiculae
832 5570 1050 5621 lectioni
1075 5570 1424 5621 acuuiescere
1452 5569 1739 5621 ridiculum
1758 5579 1866 5621 est.
1893 5570 2030 5621 ΤΑιι.

478 5580 531 5623 ta
564 5566 803 5621 ridiculae
832 5566 1050 5626 lectioni
1075 5566 1424 5626 acquiescere
1452 5566 1739 5624 ridiculum
1758 5579 1866 5624 est.
1893 5570 2030 5624 Tan.

564 5585 803 5621 rtutcutae
832 5585 1050 5626 tecuont
1075 5586 1136 5624 ac
1179 5585 1236 5624 ut

551 5636 634 5713 lii)
671 5635 1051 5713 Legendumgﬁ
1080 5585 1236 5713 51%;.

548 5708 636 5780 l6)
664 5708 1070 5780 Διδασκαλίαζ-
1094 5711 1303 5775 ἁπλῶς
1327 5708 1523 5780 χάριν.
1553 5708 1740 5764 Solum
1771 5710 2035 5765 doctrinm

449 5778 662 5848 gratia,
699 5779 765 5850 in
813 5782 1098 5852 hypothesi
1153 5778 1367 5851 nempe.
1428 5782 1505 5835 De
1566 5782 1721 5851 cujus
1777 5796 1875 5836 usu
1913 5783 2034 5835 vide

2143 4620 2179 4690 ἡ
2224 4620 2370 4692 ἁρχὴ
2412 4620 2567 4675 τοῦδε
2600 4622 2695 4676 τοῦ
2741 4626 3023 4695 σχήματος
3066 4623 3331 4692 ἄληπτος.
3382 4624 3497 4686 Πᾶς
3546 4621 3730 4691 μέντοι

2144 4710 2380 4777 κύκλος,
2426 4714 2602 4785 ἀρχὴν
2654 4717 2767 4787 ἔχει
2826 4718 2921 4771 καὶ
2968 4716 3252 4785 τελευτήν.
3320 4715 3475 4769 Ἐπεὶ
3517 4713 3731 4784 παρίτω

2144 4804 2491 4877 γεωμέτρης,
2532 4809 2628 4862 καὶ
2664 4808 3073 4881 καταγραφέτω
3115 4806 3234 4861 τόδε
3278 4807 3339 4860 τὸ
3382 4805 3570 4877 σχῆμα
3612 4801 3732 4857 ἐπί·

2140 5006 2369 5131 ἓειιυιιι
2407 5008 2603 5064 Contra
2649 5010 3051 5065 mathematicos
3092 5008 3362 5080 principio
3400 5006 3523 5063 libri
3559 5007 3725 5064 tertii.

2186 5095 2239 5131 Α.

2186 5095 2239 5132 Δ.

2216 5147 2457 5222 (l7)__C,
2492 5148 2636 5222 _xa‘t_
2680 5148 2941 5222 καθάπερ
3003 5148 3097 5203 τὸν
3144 5147 3512 5222 τραγέλαφον.
3566 5147 3729 5213 Quasi

2145 5218 2504 5305 talealiqtmd
2553 5219 2755 5273 animal
2787 5221 2840 5272 in
2883 5218 3294 5305 rerur'ttmat'ura
3331 5234 3460 5273 vere
3488 5233 3724 5305 tinguant

2144 5287 2326 5343 fuerit.
2357 5287 2513 5343 Circa
2546 5304 2710 5343 unum
2755 5302 2971 5343 amnem
3023 5289 3226 5346 Phasin
3285 5300 3502 5343 exstare
3538 5290 3731 5342 scribit

2145 5359 2352 5414 Plinius
2381 5359 2477 5413 lib.
2511 5375 2629 5423 vttt,
2661 5376 2711 5413 c.
2742 5360 2834 5414 '55.
2869 5359 3082 5414 Dudum
3112 5370 3375 5414 notarunt
3404 5360 3518 5413 alii.
3556 5357 3654 5411 Ba.

2208 5429 2319 5500 (l8)
2337 5430 2711 5500 Πλημμέλεια
2744 5431 3002 5499 σημαίνει
3033 5432 3095 5483 τὸ
3122 5433 3187 5483 ὲκ
3208 5430 3467 5500 δευτέρου
3489 5430 3559 5482 τὰ
3588 5427 3732 5482 αύτά

2136 5499 2443 5572 φροντίζειν
2478 5499 2591 5553 τοῦ
2647 5500 2825 5572 λέγειν
2881 5501 2931 5572 ἢν
2967 5499 3485 5572 ἐπαναλαμϐάνειν·
3536 5513 3732 5572 auctor

2134 5570 2488 5640 Etytnolngici
2539 5569 2739 5640 magni.
2791 5569 3025 5641 Cyrillus
3080 5572 3135 5626 in
3183 5569 3731 5640 ϐιοεεειτὶοεηλημ-

2137 5642 2391 5722 μέλημα]
2405 5652 2716 5722 ~peccat-amt.
2760 5642 3039 5703 delictum,
3075 5657 3277 5722 rea-tum
3300 5644 3728 5722 ,“commissum;

2133 5711 2472 5781 πλημμελῶ·
2508 5712 2778 5779 delinquo,
2818 5728 2994 5782 pecco,
3024 5713 3272 5782 admitto.
3309 5712 3410 5768 ΒΑ.

2204 5784 2318 5851 (ιν)
2354 5781 3122 5851 Καταπαύομεν.⁷ὃιειίιιιυει
3156 5781 3259 5837 ΒΑ.
