4070 6392
399 376 536 442 1109

1432 373 1892 437 DlSPUTATIO
1934 373 2032 433 DE
2070 370 2324 434 MUNDI
2362 366 2716 435 OPlFlCIO,

3540 362 3677 429 1110

465 483 642 541 ΔΜΜ.
684 483 835 539 Πάνυ
863 499 949 554 γε,
985 478 1023 556 ἦ
1084 478 1128 538 δ’
1162 483 1243 548 ὃς.
1286 482 1346 538 '0
1381 483 1481 555 μὲν
1506 484 1614 554 γὰρ
1652 482 1785 547 Θεὸς
1826 499 1986 551 ποιη-

2160 477 2333 533 ΑΜΜ.
2361 477 2616 533 Maxime.
2648 477 2781 532 Nam
2816 478 2972 533 Deus
3014 486 3097 534 est
3129 476 3366 533 eﬂiciens
3395 476 3678 545 sempiter-

393 577 545 631 τικόν
580 578 727 639 ἐστιν
759 576 949 630 ἀΐδιονο
989 578 1018 630 ὁ
1067 575 1126 629 δὲ
1160 575 1367 647 κόσμος
1416 575 1604 639 ἀϊδίως
1655 574 1980 644 γενόμενον’

395 668 633 740 τοσαύτη
665 668 844 723 τοίνυν
877 666 1031 721 ἔσται
1064 667 1325 739 ἀμ.φοῖνὴ
1357 665 1615 737 διαφορὰ,
1648 666 1747 735 ὅση
1781 662 1983 736 μεταξὺ
2009 721 2016 727 _

396 760 681 823 ποιοῦντος
714 760 810 814 καὶ
847 759 1175 831 γινομένου,
1223 758 1319 812 κα)¹
1366 754 1833 830 δημιουργοῦν-τος
1888 753 1985 808 καὶ

395 852 736 921 κτιζομένου.
1218 900 1235 905 -

463 946 692 1000 ΧΡΙΣΤ.
739 945 882 999 Ἀλλ’
923 945 1021 1016 οὐχ
1140 945 1241 1015 μὲν
1270 946 1451 1011 ποιεῖ,
1563 942 1620 996 δὲ
1653 941 1884 1011 γίνεται,
1916 934 1984 1011 ἦν

390 1037 436 1091 δ’
466 1036 599 1107 ἐγὼ,
635 1037 918 1108 διαφέρειν
949 1039 1131 1108 φαμὲν
1177 1037 1268 1091 τὸν
1303 1036 1436 1090 Θεὸν
1463 1035 1559 1089 τοῦ
1593 1034 1825 1098 παντός·
1864 1032 1985 1086 οὐδὲ

391 1130 550 1183 τοῦτο
576 1131 604 1183 ό
652 1130 810 1198 λόγος
836 1128 1270 1192 κατασκευάζειν
1301 1126 1627 1182 ἐσπούδακε.
1665 1125 1839 1179 Τοῦτο
1873 1125 1983 1196 γὰρ

292 1270 295 1273 ,
391 1219 456 1291 δὴ
486 1221 620 1274 πᾶσι
652 1220 747 1275 καὶ
772 1219 1145 1291 ὡμολόγηταιο
1180 1220 1240 1274 τὸ
1267 1220 1323 1273 δὲ
1353 1219 1534 1273 κοινὸν
1560 1218 1819 1273 ἁπάντων
1848 1217 1985 1286 ὁμο-

394 1312 614 1384 λόγημα
667 1312 1071 1377 ἀνασκευάζειν
1102 1314 1239 1384 (51),
1280 1312 1356 1384 μὴ
1391 1312 1490 1365 καὶ
1535 1309 1657 1365 λίαν
1687 1308 1986 1379 ἀϐέλτερον

393 1403 450 1483 ᾗ.
484 1408 579 1461 καὶ
602 1408 704 1462 οὐκ
734 1409 1102 1477 ἐπιστήμονος
1133 1405 1327 1479 ἀνδρὸς
1365 1406 1461 1458 καὶ
1503 1403 1796 1474 φιλοσόφου
1830 1401 1983 1472 (52);

396 1497 473 1550 Οὐ
523 1495 667 1550 κατὰ
698 1496 761 1549 τὸ
803 1499 979 1549 ποιεῖν
1026 1496 1207 1549 τοίνυν
1247 1495 1345 1550 καὶ
1382 1494 1620 1564 πάσχειν
1658 1492 1985 1564 πρόσκειται

395 1586 489 1641 νῦν
525 1589 658 1658 ἡμῖν
686 1586 1013 1657 ἀνιχνεύειν,
1045 1588 1143 1640 καὶ
1172 1584 1447 1657 θηρᾶσθαι
1468 1585 1567 1655 τὴν
1597 1582 1863 1653 διαφορὰν
1889 1580 1983 1635 τοῦ

395 1679 529 1732 Θεοῦ
558 1680 694 1751 πρδς
717 1679 809 1732 τὸν
841 1680 1068 1750 κόσμον·
1106 1680 1204 1733 καὶ
1234 1680 1296 1732 τὸ
1328 1677 1681 1751 ἀσυγκρίτως
1714 1675 1986 1746 ὑπερέχον

393 1770 488 1824 τοῦ
517 1771 675 1825 Θεοῦ·
704 1771 821 1825 ἁλλ’
854 1773 903 1825 εἰ
936 1771 1097 1843 μόνος
1127 1772 1241 1840 (55)
1273 1770 1444 1834 ἀίδιός
1480 1771 1596 1823 ἐστι
1617 1810 1632 1835 ,
1659 1770 1754 1822 καὶ
1788 1785 1985 1821 κοινω-

394 1864 514 1918 νίαν
547 1864 806 1935 οὐδεμίαν
829 1865 940 1932 ἔχει
976 1862 1113 1934 πρὸς
1139 1861 1331 1916 τοῦτον
1360 1862 1506 1916 κατά
1527 1879 1589 1931 γε
1620 1862 1681 1915 τὸ
1705 1861 1795 1915 ἀεὶ
1819 1855 1980 1916 εἴναι.

394 1957 458 2010 Ei
491 1957 547 2010 δὲ
580 1954 770 2021 τοῦτο,
822 1955 1166 2026 ὲπανέρομαι
1197 1955 1292 2009 καὶ
1345 1957 1403 2020 ἐς
1446 1950 1624 2021 αὖθις,
1661 1955 1762 2008 οὐκ
1814 1952 1985 2009 ἀΐδιον

394 2051 501 2121 φὴς
528 2046 670 2105 εἶναι
698 2051 759 2104 τὸ
792 2051 878 2104 ἀεὶ
918 2049 977 2103 ὅν
1001 2068 1017 2119 ;

464 2165 635 2220 ΔΜΜ.
677 2165 804 2222 Ναί.

464 2257 690 2314 ΧΡΙΣΤ.
747 2259 805 2315 '0
844 2259 901 2314 δὲ
933 2258 1071 2324 Θεὸς
1100 2259 1272 2324 ἀΐδιος
1302 2258 1400 2324 ὣν,
1428 2258 1518 2314 ἀεὶ⁸
1546 2258 1622 2312 ὢν
1648 2274 1662 2323 ;

463 2436 646 2491 AMM.
690 2433 853 2490 Οῦτω
887 2436 1051 2508 φημί.

460 2549 693 2603 ΧΡΙΣΤ.
744 2548 855 2602 Καὶ
883 2548 912 2601 ὁ
943 2546 1149 2618 κόσμος
1186 2545 1243 2600 δὲ
1283 2546 1454 2611 ἀΐδιος
1491 2544 1588 2615 ῶν,
1632 2508 1775 2600 κατὰ
1810 2545 1869 2599 σὲ
1896 2544 1985 2598 ἀεὶ

393 2639 468 2695 ὢν
494 2642 681 2705 ὲστιν;

464 2730 643 2786 ΔΜΜ.
675 2729 826 2785 Πάνυ
859 2747 942 2797 γε.

465 2844 691 2899 ΧΡΙΣΤ.
729 2845 796 2898 Ei
823 2843 1004 2898 τοίνυν
1028 2844 1200 2899 ἀΐδιον
1226 2843 1333 2916 φὴς
1357 2838 1496 2897 εἶναι
1525 2843 1588 2897 τὸ
1610 2843 1695 2898 ἀεὶ
1720 2842 1803 2908 ὃν,
1824 2841 1985 2896 τοῦτο

393 2934 448 2987 δὲ
483 2934 543 2988 οὑ
579 2934 741 3005 μόνου
789 2933 1103 2989 Θεοῦ“κατὰ
1132 2935 1195 2988 τὸ
1229 2934 1500 3008 ὑμέτερον
1532 2933 1815 3005 δόξασμα,
1848 2933 1987 2987 ἀλλά

393 3026 489 3079 καὶ
514 3025 613 3079 τοῦ
648 3025 858 3097 κόσμου
877 3066 892 3091 ,
931 3025 1034 3081 ποῦ
1065 3026 1126 3080 τδ
1152 3025 1455 3098 ὑπέρτερον
1484 3025 1581 3096 τοῦ
1609 3024 1766 3091 Θεοῦ,
1801 3023 1895 3079 καὶ
1924 3023 1986 3077 τὸ

2089 588 2251 638 num;
2304 571 2536 627 mundus
2591 582 2774 627 autem
2829 573 3220 642 sempiternum
3272 569 3546 625 effectum.
3601 570 3678 623 Ac

2092 673 2243 719 tanta
2277 665 2561 734 utriusque
2594 664 2920 732 diﬂerentia,
2951 675 3155 734 quanta
3190 666 3329 718 inter
3352 664 3674 718 cﬂieieutem

2087 767 2142 813 et
2171 756 2446 822 ellectum,
2481 758 2803 813 condentem
2831 768 2885 813 et
2915 773 3028 813 rem
3059 758 3355 813 conditam.

2159 960 2431 1017 CllRlST.
2462 960 2625 1031 Atqui
2657 975 2764 1015 non
2802 967 3071 1030 quatenus
3105 957 3289 1021 efficit,
3326 966 3382 1012 et
3408 969 3676 1026 quatenus

2088 1052 2340 1117 eﬂicitur,
2392 1049 2609 1105 differre
2655 1047 2893 1102 diximus
2945 1046 3113 1100 Deum
3170 1046 3238 1099 ab
3298 1043 3674 1105 universitate,

2090 1159 2267 1214 neque
2339 1158 2519 1197 sermo
2559 1142 2700 1195 istud
2761 1149 3007 1195 astruere
3049 1138 3275 1194 studuit.
3329 1136 3474 1191 Istud
3531 1136 3676 1188 enim

2088 1235 2251 1289 etiam
2273 1232 2527 1286 omnibus
2568 1231 2622 1285 in
2666 1229 2915 1285 confesso
2949 1237 3031 1282 est
3075 1246 3090 1283 :
3139 1237 3397 1282 caeterum
3426 1239 3676 1279 commu-

2088 1344 2210 1384 nem
2236 1326 2480 1380 omnium
2510 1324 2833 1379 sententiam
2868 1326 3172 1386 destruere,
3224 1334 3403 1375 nuune
3447 1317 3674 1372 demen-

2088 1416 2356 1471 tissimum
2382 1413 2568 1480 fuerit,
2596 1422 2648 1469 et
2676 1429 2779 1468 non
2813 1412 3048 1467 hominis
3079 1412 3302 1467 scientis
3341 1418 3396 1462 et
3424 1408 3672 1478 philoso-

2041 1548 2049 1557 .
2087 1503 2216 1574 pini?
2239 1502 2354 1558 Non
2386 1503 2549 1574 igitur
2577 1503 2788 1557 ratione
2822 1500 3089 1557 alliciendi
3123 1509 3179 1555 et
3234 1500 3495 1569 patiendi,
3547 1515 3676 1568 pru-

2090 1599 2325 1666 positum
2349 1613 2492 1652 nunc
2525 1606 2610 1652 est
2637 1596 2912 1666 vestigare
2963 1604 3018 1649 et
3065 1593 3256 1649 venari
3308 1592 3671 1648 dili'ereutiam

2090 1689 2230 1743 inter
2292 1689 2456 1744 Deum
2515 1698 2570 1744 et
2611 1688 2896 1753 mundum,
2953 1696 3009 1742 et
3056 1683 3531 1754 incomparabilem
3580 1682 3677 1739 Dei

2089 1783 2456 1852 praestantiam
2504 1800 2517 1836 :
2565 1784 2658 1837 sed
2720 1795 2786 1834 an
2835 1780 2984 1836 solus
3037 1777 3403 1848 sempiternus
3453 1776 3545 1841 sit,
3625 1784 3680 1830 et

2094 1875 2299 1930 nullam
2319 1873 2759 1929 communionem
2786 1873 2988 1928 habeat
3018 1868 3141 1927 cuni
3173 1866 3397 1934 mundo,
3458 1867 3673 1922 ratione

2093 1967 2566 2035 sempiternitatis.
2596 1965 2749 2033 Quod
2779 1964 2824 2019 si
2858 1965 2929 2018 ita
2957 1971 3061 2030 est,
3088 1976 3303 2018 rursum
3337 1975 3524 2030 quer
3548 1975 3679 2015 num

2091 2059 2482 2128 sempiternum
2519 2055 2755 2112 alﬁrmes
2783 2056 2834 2110 id
2870 2055 3016 2125 quod
3046 2066 3266 2124 semper
3296 2051 3422 2109 est?

2165 2172 2339 2227 A1111.
2373 2173 2553 2227 Certe.

2160 2262 2440 2319 CllRlST.
2506 2263 2649 2319 Deus
2727 2271 2906 2317 autem
2970 2259 3333 2330 sempiternus
3402 2272 3525 2314 cum
3581 2255 3676 2321 sit,

2091 2373 2270 2413 nonne
2302 2371 2517 2427 semper
2540 2355 2667 2411 est?

2166 2448 2338 2504 AlilM.
2365 2447 2457 2505 Sic
2494 2446 2693 2504 sentio.

2169 2561 2446 2620 CIIBIST.
2480 2563 2562 2618 Ac
2585 2561 2820 2617 mundus
2847 2561 2938 2633 qui
2979 2571 3069 2617 tua
3094 2560 3351 2633 opinione
3383 2557 3673 2630 sempiter-

2091 2671 2193 2712 nus
2218 2667 2323 2724 est,
2362 2670 2579 2726 semper
2608 2653 2859 2711 exsistit?

2157 2749 2305 2805 AMM
2318 2791 2330 2804 .
2371 2750 2618 2820 Semper.

2163 2863 2443 2920 CHRIST.
2488 2864 2545 2919 Si
2583 2864 2753 2934 igitur
2804 2863 3197 2935 sempiternum
3252 2861 3392 2917 dicis
3442 2873 3568 2916 esse
3623 2858 3679 2915 id

2088 2956 2234 3027 quod
2266 2970 2485 3026 semper
2517 2957 2777 3011 exsistit:
2826 2956 2928 3010 hoc
2974 2964 3155 3010 autem
3213 2968 3323 3009 non
3378 2952 3550 3008 solius
3592 2961 3678 3006 est
3718 2958 3725 2969 ’

2090 3048 2186 3104 Dei
2216 3056 2398 3103 vestra
2455 3049 2750 3115 sententia,
2801 3046 2894 3103 sed
2959 3047 3124 3103 etiam
3175 3046 3359 3101 mundi
3410 3062 3425 3100 :
3466 3045 3554 3099 ubi
3596 3055 3681 3100 est

394 3119 565 3188 χωρὶς
598 3118 941 3189 συγκρίσεως
970 3119 1193 3190 ἁπάσης
1218 3117 1765 3190 ὐπεραναόεϐηκέναι
1794 3115 1984 3171 τοῦτον

2091 3141 2185 3197 Dei
2214 3139 2532 3208 eminentia,
2563 3140 2616 3195 iu
2676 3155 2787 3211 qua
2835 3139 2972 3196 citra
3025 3138 3489 3210 comparationem
3515 3135 3678 3191 ullam

393 3208 490 3263 τοῦ
537 3210 738 3275 παντὸς
777 3210 921 3265 κατά
968 3210 1031 3265 τὸ
1079 3210 1167 3265 ἀεὶ
1215 3204 1387 3277 εἶναι,
1436 3211 1575 3281 ὅπερ
1610 3209 1760 3263 ἐστὶν
1802 3209 1986 3274 ἅῖδίως

2092 3234 2308 3290 excedit
2360 3231 2772 3288 universitatem
2846 3231 3060 3287 ratione
3152 3226 3602 3299 sempiternitatis
3656 3267 3674 3293 ,

396 3298 572 3367 εἶναι,
609 3303 771 3375 εἴπερ
807 3303 882 3375 μὴ
937 3302 1099 3384 μόνος
1142 3303 1307 3368 αὐτὸς
1340 3302 1454 3374 ἔχει
1477 3301 1657 3367 τοῦτο,
1703 3299 1840 3355 ἀλλὰ
1889 3299 1987 3354 καὶ

398 3396 426 3447 ὀ
451 3395 657 3465 κόσμος
690 3393 841 3465 αύτῷ
868 3394 928 3448 τὸ
956 3393 1052 3447 τοῦ
1084 3394 1255 3458 ἀΐδιος
1284 3389 1427 3448 εἶναι
1456 3392 1674 3464 ἀξίωμα
1701 3390 1989 3463 συνεμερί-

400 3502 553 3549 σατο,
584 3485 694 3539 τῶν
724 3485 906 3541 αὐτῶν
930 3486 1239 3557 πρεσϐείων
1267 3485 1609 3556 ἀξιούμενος,
1637 3483 1762 3540 καθ’
1804 3485 1986 3555 (apag;

399 3580 475 3631 Οὐ
501 3578 687 3650 διανοῇ
719 3578 776 3632 δὲ
808 3578 1120 3646 καὶτοῦτο,
1166 3578 1243 3644 ὡς
1269 3578 1332 3632 ού
1369 3577 1546 3650 χρεὼν
1580 3579 1672 3632 τὸν
1700 3578 1802 3648 τῆς
1840 3577 1990 3647 φιλο-

400 3673 590 3742 σοφίας
623 3671 1088 3743 μετᾱποιούμενον
1113 3672 1268 3744 παρά
1298 3671 1434 3726 πολὺ
1464 3669 1797 3742 σοφιστικῶς
1812 3670 1991 3724 διαλέ-

397 3765 591 3833 γεσθαί
618 3782 679 3818 τε
706 3765 801 3820 κα)⁵
848 3765 1143 3836 ἐριστικῶς
1164 3805 1179 3831 ,
1214 3765 1309 3819 καὶ
1357 3758 1641 3834 Καδμείαν
1674 3763 1832 3834 νίκην
1865 3761 1988 3831 γλί-

397 3856 589 3926 χεσθαι
616 3858 773 3928 νικᾷν
801 3856 912 3928 (51)
934 3873 949 3922 ;
975 3854 1163 3911 Ταῦτα
1194 3856 1332 3926 ἔφην
1351 3856 1449 3927 μὲν
1472 3854 1605 3925 ἐγὼ,
1636 3853 1916 3925 ἐσιώπησε
1942 3854 1988 3909 δ’

399 3949 606 4010 ἐκεῖνος
638 3946 802 4001 λίθων
841 3965 900 4000 τε
933 3947 1028 4001 καὶ
1057 3946 1257 4018 ἰχθύων
1296 3947 1643 4017 ἀφωνότερος
1676 3946 1791 4018 (55)
1828 3963 1990 4015 γεγο-

398 4035 524 4099 νώς.
565 4035 748 4109 Ἐὡρα
790 4037 900 4109 γὰρ
926 4038 1056 4102 τοὺς
1086 4037 1464 4110 περιεστῶτας
1496 4036 1883 4109 θαυμάζοντας
1918 4038 1989 4093 τὰ

398 4125 668 4196 ἡμέτερα,
703 4129 798 4181 καὶ
822 4128 922 4191 τὰς
946 4129 1291 4199 Χριστιανῶν
1318 4128 1625 4195 ἀποδείξεις
1653 4131 1984 4201 ἀγαμένους,

398 4219 494 4273 καὶ
526 4218 913 4291 ψιθυρίζοντας
939 4222 1052 4293 (56)
1086 4222 1225 4293 πρὸς
1265 4223 1529 4294 ἀλλήλους
1580 4224 1656 4288 ὡς
1685 4225 1829 4296 μάλα
1878 4221 1990 4279 εἷεν

398 4314 646 4367 νεανικαί
673 4316 786 4385 ('57)
823 4332 883 4369 τε
915 4317 1011 4370 καὶ
1042 4316 1281 4388 ἰσχυραί.
1315 4318 1445 4370 Ὅτε
1498 4318 1562 4388 δὴ
1594 4318 1688 4371 καί
1715 4336 1868 4383 τινας
1897 4318 1991 4383 οὒς

400 4405 592 4478 ἔτυχεν
627 4408 918 4480 ἐμπλήσας
968 4410 1137 4464 πάλαι
1187 4410 1289 4479 τῆς
1327 4410 1493 4464 αὑτοῦ
1540 4410 1856 4482 ἀδολεσχίας
1895 4413 1991 4465 καὶ

399 4498 744 4572 ἀϐελτερίας,
788 4501 1040 4555 ἐκέλευεν
1085 4501 1190 4568 ἔξω
1217 4501 1464 4570 γίνεσθαι
1504 4504 1598 4559 καὶ
1652 4505 1727 4576 μὴ
1775 4490 1989 4558 ἐπαΐειν

398 4597 509 4651 τῶν
534 4598 865 4670 λεγομένων,
890 4598 966 4662 ὡς
1006 4597 1073 4652 ἂν
1095 4592 1252 4668 οἶμαι
1272 4638 1287 4664 ,
1323 4599 1396 4669 μή
1422 4617 1477 4653 τι
1507 4599 1734 4655 πάθοιεν
1764 4600 1869 4655 ὑπὸ
1891 4599 1988 4654 τοῦ

399 4688 564 4760 λόγου
606 4691 828 4763 καὶτῆς
864 4688 1215 4755 ἀποδείξεως,
1254 4691 1350 4744 καὶ
1391 4692 1800 4764 Χριστιανίζειν
1832 4688 1989 4757 αὖθις

380 4888 392 4915 ”
472 4891 585 4962 (51)
616 4892 755 4949 Fere
785 4907 973 4948 omnes
1012 4892 1448 4957 κατασκευάζειν
1479 4901 1648 4948 recte.

475 4964 688 5035 (52-55)
741 4962 1008 5018 Videntur
1033 4963 1278 5035 quaedam
1325 4964 1413 5035 hic
1448 4965 1744 5021 excidisse.
1776 4962 1843 5018 Et
1873 4963 1987 5019 fur-

404 5033 550 5089 tas'se
577 5034 756 5102 aliqua
789 5035 1061 5088 Ammonii
1096 5033 1440 5088 interlocutio
1478 5044 1598 5103 post
1627 5036 1785 5089 istam
1815 5034 1987 5089 inter-

402 5107 739 5173 rogationem
778 5104 1163 5176 deperiit._Est
1191 5104 1335 5158 enim
1368 5104 1533 5160 solito
1577 5104 1838 5176 prolixior
1872 5106 1988 5161 haec

402 5177 561 5227 unius
588 5175 996 5232 sermocinatio.
1030 5174 1126 5229 BA.

441 5244 918 5327 ⁸(ξξιί)“1ιἰιὸ“,ιιείαέν
974 5245 1179 5313 νίκην.
1222 5242 1351 5299 Vide
1392 5244 1458 5299 ad
1497 5244 1828 5300 Thebaidem
1881 5244 2021 5298 Pa--

443 5315 554 5367 inii.
584 5315 680 5368 ΒΛ.

402 5331 815 5454 ρι’(ἓύξλίθων
853 5402 917 5438 τε
947 5384 1045 5438 καὶ
1084 5384 1309 5454 ιχϐὐων
1346 5384 1750 5453 ἀφωνότερος.
1804 5383 1983 5438 Notis-

402 5454 601 5509 sitnum
678 5457 1023 5522 proverbium
1089 5457 1316 5509 aliorum
1386 5455 1776 5510 uotationibus.
1836 5456 1989 5522 Adji-

403 5527 654 5596 iicudum
717 5526 882 5589 istud,
955 5537 1012 5596 et
1078 5526 1213 5579 infra
1266 5525 1427 5596 quod
1483 5525 1559 5596 ait
1622 5543 1635 5579 :
1691 5526 1985 5596 Πεπήγασι

406 5595 502 5667 καὶ
532 5595 734 5665 ἰχθύων
768 5596 861 5649 καὶ
890 5595 1054 5649 λίθων
1093 5594 1426 5667 ἀφωνότεροι
1459 5595 1725 5667 γίνονται.
1751 5594 1989 5650 Joannes

412 5666 678 5719 liuchaita
739 5667 789 5720 in
845 5667 1095 5720 silentem
1128 5666 1416 5731 quemdam
1449 5666 1776 5720 monachum
1815 5681 1984 5719 carm.

408 5736 506 5789 101
552 5753 565 5788 :
602 5736 712 5788 Καὶ
754 5736 863 5804 γὰρ
893 5737 952 5801 ἐξ
991 5735 1563 5808 ἐπωνύμουνἊφωνος
1604 5735 1756 5808 ἰχθὺς
1784 5736 1990 5808 καὶ-δο-

406 5808 526 5868 κεῖς
557 5808 650 5860 καὶ
679 5807 985 5877 τυγχάνεις.
1036 5806 1148 5861 Non
1178 5807 1367 5862 dubito
1393 5815 1575 5862 autem
1609 5806 1735 5862 vere
1765 5808 1844 5862 sic
1879 5806 1980 5860 ista

2090 3325 2357 3395 siquidem
2394 3338 2499 3378 non
2558 3324 2674 3395 ipse
2700 3323 2847 3379 solus
2889 3323 3018 3378 illud
3073 3322 3306 3387 obtinet,
3365 3322 3458 3377 sed
3508 3321 3672 3376 etiam

2093 3419 2328 3473 mundus
2361 3431 2483 3471 cum
2524 3417 2641 3487 ipso
2663 3416 3120 3486 sempiteruitatis
3148 3415 3468 3484 dignitatem
3526 3427 3676 3468 com-

2091 3523 2310 3563 munem
2343 3508 2525 3575 habet,
2558 3509 2746 3564 eadem
2805 3508 3161 3579 praerogativa
3212 3506 3406 3575 dignus
3437 3505 3678 3571 habitus,

2093 3605 2272 3653 vestra
2301 3598 2595 3666 opinione?
2630 3596 2888 3668 Nunquid
2918 3597 3262 3660 consideras,
3298 3612 3402 3651 non
3426 3584 3678 3665 Oportére

2089 3700 2214 3741 eum
2262 3688 2357 3757 qui
2410 3688 2813 3758 philosophiam
2861 3688 2965 3743 sibi
3024 3688 3287 3755 vindicat,
3344 3688 3588 3757 captiose
3626 3697 3681 3742 «ιι

2090 3781 2434 3834 contentiose
2478 3780 2704 3835 multum
2734 3781 3062 3850 disceptare,
3122 3789 3177 3836 et
3236 3780 3530 3836 Cadmeam
3594 3779 3681 3831 vi-

2094 3872 2325 3927 ctoriam
2359 3873 2655 3942 appetere?
2704 3872 2829 3927 Haec
2875 3873 3092 3942 quidem
3136 3887 3238 3942 ego
3277 3873 3548 3937 dicebam,
3594 3871 3681 3926 ille

2091 3974 2268 4019 autem
2301 3965 2515 4032 silebat,
2548 3965 2720 4036 magis
2748 3974 2928 4020 mutus
2955 3960 3389 4033 eil'ectus,quam
3416 3974 3510 4018 aut
3543 3964 3683 4033 lapis

2094 4055 2368 4129 284:qu
2388 4058 2579 4128 piscis.
2612 4058 2883 4114 Cernebat
2912 4059 3082 4123 enim,
3109 4070 3203 4112 eos
3234 4057 3324 4127 qui
3355 4056 3677 4119 intererant,

2091 4159 2275 4205 nostra
2309 4150 2588 4216 admirari,
2623 4161 2678 4205 et
2713 4150 3153 4206 Christianorum
3183 4148 3680 4203 demonstrationes

2093 4239 2393 4308 suspicere,
2429 4249 2482 4294 et
2512 4240 2653 4295 inter
2686 4255 2745 4294 se
2776 4238 3199 4295 titurmurabant
3245 4254 3339 4295 eas
3372 4237 3527 4294 valde
3561 4251 3683 4291 csse

2093 4329 2339 4386 eilicaces
2367 4342 2422 4386 et
2466 4331 2674 4387 ﬁrmas.
2710 4330 2803 4387 Ille
2836 4332 3002 4403 igitur
3038 4332 3302 4399 quosdam
3355 4344 3494 4399 quos
3541 4328 3671 4396 olim

2096 4421 2368 4477 imbuerat
2424 4438 2518 4477 sua
2565 4418 2845 4480 dementia
2887 4434 2942 4479 et
2985 4423 3260 4489 fatuitate,
3308 4420 3470 4492 jussit
3535 4421 3682 4475 foras

2095 4510 2415 4575 abscedere,
2454 4527 2629 4583 neque
2687 4514 2877 4569 audire
2905 4527 3027 4583 quae
3087 4511 3429 4574 dicebantur,
3493 4523 3578 4572 ne,
3622 4516 3682 4560 ut

2095 4601 2314 4669 opinor,
2346 4601 2527 4672 aliquo
2555 4605 2715 4659 modo
2754 4604 3098 4661 adicerentur
3161 4605 3262 4659 hac
3313 4601 3681 4673 disputatione

2097 4703 2154 4750 et
2185 4695 2676 4764 demonstratione,
2711 4707 2767 4754 et
2796 4697 3109 4754 Christiana
3164 4712 3357 4768 sapere
3396 4695 3682 4767 persuade-

2098 4897 2388 4958 accidisse.
2440 4911 2549 4951 non
2578 4896 2943 4961 Πλατωνικῶς
2981 4896 3131 4965 tingi.
3162 4896 3321 4952 Serio
3346 4897 3492 4953 enim
3524 4896 3680 4951 Chri-

2096 4967 2310 5022 stianus
2338 4967 2502 5021 homo
2530 4977 2583 5019 et
2607 4969 2868 5022 cordatus
2900 4969 3148 5022 veritatis
3178 4970 3368 5022 doctor
3390 4967 3683 5022 erubescat

2098 5037 2224 5091 talia
2255 5039 2322 5091 de
2347 5037 2695 5107 successibus
2730 5038 2843 5091 suis
2874 5037 3093 5107 gloriari
3134 5037 3272 5107 [ictis
3300 5037 3553 5107 personis
3576 5051 3679 5107 re—

2097 5107 2322 5176 busque.
2352 5106 2420 5160 Et
2445 5107 2560 5173 ipse
2589 5107 2747 5175 paulo
2772 5105 3000 5160 inferius
3022 5106 3095 5158 ait
3119 5106 3346 5176 gloriam
3372 5120 3432 5176 se
3457 5105 3682 5176 minime

2096 5174 2336 5231 omnium
2374 5174 2599 5239 sectari,
2642 5193 2695 5246 p.
2727 5177 2849 5239 151,
2886 5175 2952 5229 19
2987 5193 3001 5229 :
3032 5174 3270 5246 Τούτους
3295 5175 3348 5242 γ’
3373 5175 3436 5229 ἔα
3466 5174 3680 5246 χαίρειν

2095 5248 2224 5302 τοὺς
2252 5247 2482 5319 λόγους⁹
2518 5244 2722 5319 ού-γὰρ
2758 5245 2999 5319 ἐπαίνων
3038 5245 3335 5319 ἕνεκαικαὶ
3358 5244 3680 5319 επιδείξεως

2096 5318 2254 5371 ταυτὶ
2304 5313 2797 5387 διεξεληλύθαμεν,
2844 5314 2991 5387 ἀλλὰ
3038 5316 3139 5386 τῆς
3173 5315 3274 5385 σῆς
3319 5313 3535 5379 εὐεξίας
3586 5316 3680 5366 καί

2097 5388 2287 5456 ὑγείας
2324 5386 2797 5458 μεταποιούμενοι.
2840 5386 2938 5458 ΒΑΛ.
3062 5438 3083 5458 η

2171 5458 2282 5525 (56)
2326 5453 2774 5527 Ψιθυρίζοφλτας.
2824 5456 2962 5511 Vide
3014 5456 3340 5511 scholiastcn
3400 5453 3677 5510 Theocriti

2099 5528 2258 5598 initio
2320 5526 2494 5598 ldyilii
2544 5530 2728 5598 primi,
2797 5539 2851 5583 et
2909 5527 3237 5583 scholiastcn
3301 5526 3715 5597 Aristophanis.

2098 5597 2361 5653 Nubibus.
2385 5597 2481 5652 Ba.

2167 5670 2280 5741 (577)
2331 5670 2637 5741 Νεανωιαί.
2708 5670 2977 5739 διγιτιιυω,
3017 5669 3251 5726 robusta:
3275 5710 3290 5734 ,
3325 5668 3515 5725 firmat.
3558 5667 3679 5724 Pol-

2093 5741 2183 5795 lux
2219 5740 2314 5795 lib.
2349 5756 2389 5807 I,
2419 5754 2469 5797 c.
2500 5740 2584 5795 10.
2622 5742 2716 5795 ΒΑ.
