4070 6442
414 315 553 384 liib

1451 320 1850 382 ΖΑοΗΑιιιΑι
1888 319 2317 382 MITYLENES
2346 299 2683 381 EPISCOPI

3542 316 3680 382 1116

475 429 649 484 AMM.
700 430 815 485 Nisi
863 444 949 485 res
973 439 1275 485 comternas
1319 427 1430 484 Deo
1473 430 1797 497 dixerimus,
1851 431 1993 487 Deus

2168 434 2349 487 AMM.
2386 433 2445 485 Εἰ
2484 432 2559 503 μὴ
2605 432 2874 500 συναῖδια,
2911 426 2947 504 ἧ
2987 432 3034 486 δ’
3063 431 3144 495 δς,
3177 431 3256 502 τῷ
3283 430 3403 501 Θεῷ
3434 431 3501 485 τὰ
3550 432 3680 485 δντα

414 538 548 576 sane
576 537 670 576 eas
712 522 927 575 nolebat
964 533 1182 575 exstare
1212 537 1228 579 :
1282 530 1444 591 atque
1488 522 1561 576 ita
1593 520 1697 575 fuit
1736 537 1859 575 cum
1896 537 1992 577 vo—

413 613 676 667 luntatem
716 614 784 667 de
828 613 992 668 rebus
1025 629 1134 667 non
1167 613 1411 679 haberet,
1443 629 1509 668 ex
1537 622 1781 683 tempore
1810 622 1991 670 autem

415 721 540 760 cum
565 706 795 760 voluerit
836 716 891 760 et
933 707 1300 771 constituerit,
1353 708 1663 760 necessario
1702 707 1993 776 aliquando

414 797 579 850 etiam
601 797 888 869 consilium
909 798 1155 853 mutabit.
1177 798 1292 864 Quo
1308 799 1507 867 posito,
1529 813 1633 851 non
1653 799 1763 867 jam
1788 814 1816 850 a
1837 797 1994 852 nobis

417 892 483 944 de
511 888 622 943 Deo
644 900 1012 945 consentanea
1042 892 1227 961 opinio
1253 893 1582 948 servabitur.
1609 890 1742 944 Nam
1776 893 1828 947 in
1853 901 1992 946 tem-

414 994 551 1048 pore
582 982 911 1045 deliberare,
957 992 1014 1037 et
1039 983 1489 1039 deliberationem
1537 993 1767 1047 mutare,
1819 994 1996 1039 muta-

414 1074 580 1128 bilem
614 1074 823 1129 inducit
853 1090 975 1130 eum
1009 1074 1435 1145 quilbujusmodi
1477 1072 1859 1130 affectionibus
1897 1076 1996 1130 ob-

420 1167 618 1219 noxius
643 1174 746 1219 est.

487 1257 760 1313 CIIRIST.
807 1255 1307 1321 Vernmenimvero,
1368 1256 1440 1311 mi
1493 1255 1834 1324 pliiloSOphe,
1886 1270 1993 1309 non

418 1363 642 1403 necesse
663 1356 746 1403 est
768 1349 950 1403 dicere
988 1349 1155 1402 Deum
1199 1349 1253 1403 i-n
1288 1355 1535 1419 tempore
1568 1349 1853 1402 consilium
1891 1363 1985 1402 ce-

418 1440 565 1509 pisse
623 1440 690 1494 de
754 1441 917 1495 rebus
986 1440 1383 1509 procreandis:
1451 1441 1494 1494 si
1560 1455 1745 1494 earum
1806 1450 1995 1493 natura

422 1532 587 1601 igitur
605 1530 655 1585 ei
679 1540 971 1597 coaeterna,
996 1540 1050 1585 et
1082 1532 1329 1601 principii
1360 1531 1613 1586 similiter
1652 1546 1873 1600 expers,
1901 1533 1994 1585 sed

423 1619 609 1675 habuit
638 1622 704 1675 de
735 1622 799 1675 iis
842 1622 1175 1676 voluntatem
1212 1631 1491 1677 carentem
1541 1621 1832 1690 principio,
1881 1628 1994 1674 tan-

421 1726 585 1780 quam
618 1712 794 1767 bonus
819 1723 874 1766 et
903 1712 1066 1778 Deus,
1096 1713 1148 1767 in
1179 1720 1359 1768 actum
1387 1721 1565 1766 autem
1594 1710 1844 1780 perduxit
1872 1724 1995 1765 cum

417 1805 764 1857 commodum
806 1802 1042 1858 futurum
1093 1812 1214 1860 erat
1265 1805 1431 1859 rebus
1477 1818 1597 1873 quae
1649 1802 1807 1858 facta:
1849 1810 1997 1858 sunt.
2031 1792 2073 1848 Β

422 1894 626 1947 Deinde
660 1894 983 1961 deliberare,
1008 1895 1126 1949 sive
1153 1893 1439 1948 consilium
1470 1907 1686 1963 capere,
1732 1894 1786 1949 in
1818 1892 1997 1948 homi-

421 1985 579 2037 nibus
605 1986 822 2055 quidem
874 1986 1000 2039 dum
1030 1992 1344 2055 usurpatur,
1393 1984 1446 2038 in
1483 1982 1873 2052 cogitationem
1907 1983 1995 2038 in-

419 2073 570 2127 ducit
600 2074 915 2130 mutationis
951 2085 1006 2129 et
1034 2075 1373 2130 alterationis
1413 2074 1650 2130 consilii.
1697 2073 1765 2128 At
1804 2073 1858 2128 in
1890 2074 2000 2130 Deo

415 2163 722 2219 deliberare
758 2179 863 2220 non
900 2166 1194 2221 humanam
1236 2167 1403 2224 habet
1434 2167 1872 2237 intelligentiam,
1924 2166 1999 2222 si-

416 2253 630 2325 quidem
705 2254 849 2311 Deus
903 2258 1065 2311 homo
1107 2273 1212 2313 non
1251 2268 1378 2314 est:
1431 2257 1846 2314 accommodate
1896 2258 1998 2327 igi-

421 2358 506 2399 tur
533 2346 600 2400 ad
632 2356 858 2404 naturas
900 2349 1175 2417 subjectae
1221 2351 1446 2407 verbum
1489 2351 1636 2409 istud
1692 2350 1999 2425 intelligen-

416 2437 542 2489 dum
577 2447 679 2492 est.

476 2526 651 2582 ΔΜΜ.
685 2528 919 2585 Pulchre
944 2529 1102 2587 dicis.

473 2617 752 2675 CHRIST.
801 2620 926 2677 Fuit
956 2624 1114 2679 nobis
1142 2624 1460 2694 aliquando,
1516 2639 1550 2680 ο
1581 2625 1778 2695 amice,
1835 2627 1999 2684 etiam

417 2715 483 2765 de
534 2711 817 2781 principali
869 2723 926 2768 et
978 2715 1133 2769 beata
1184 2713 1455 2772 Trinitate
1494 2731 1719 2773 sermo:
1772 2728 1828 2774 et
1869 2733 2001 2775 vero

419 2801 768 2871 philosophus
793 2804 1098 2873 postulabat
1122 2806 1283 2872 scire,
1329 2822 1439 2875 quo
1464 2818 1625 2877 pacto
1665 2810 1917 2865 eamdem
1947 2819 2003 2867 et

419 2891 743 2950 Trinitatem
774 2904 830 2950 et
861 2897 1126 2952 unitatem
1152 2912 1273 2953 esse
1314 2899 1668 2956 dixeramus:
1714 2901 1829 2957 haec
1855 2904 2000 2958 enim

419 3001 522 3042 non
551 3000 674 3041 esse
697 2987 806 3042 ullo
832 2989 992 3043 modo
1022 3001 1387 3045 consentanea
1420 2994 1842 3063 pronuntiabat:
1888 2994 2001 3065 Ego

419 3086 597 3132 autem
653 3079 721 3134 ad
771 3079 993 3148 ipsum:
1062 3080 1387 3137 Trinitatem
1438 3083 1671 3139 dicimus
1715 3099 1859 3149 esse,
1925 3086 1996 3140 mi

415 3167 743 3230 Christiane.
793 3147 849 3223 in
890 3170 1127 3236 unitate,
1172 3181 1229 3226 et
1267 3174 1531 3228 unitatem
1583 3175 1638 3230 in
1693 3147 1993 3243 Trinitate,
2025 3147 2067 3205 θ

420 3269 707 3326 propterea
731 3263 876 3328 quod
912 3263 1234 3333 bypostases
1264 3264 1485 3334 quidem
1518 3278 1629 3324 tres
1658 3279 1804 3334 sunt,
1839 3272 1995 3327 unica

419 3358 599 3400 autem
632 3350 895 3405 essentia.
939 3349 1075 3405 Nam
1105 3354 1430 3425 principium
1488 3371 1671 3412 rerum
1725 3358 2000 3416 fecundis-

419 3441 557 3495 sima
585 3450 668 3494 est
697 3451 918 3511 natura,
954 3445 1171 3502 invidiae
1200 3462 1398 3517 expers
1430 3449 1667 3516 bonitas,
1699 3451 1823 3506 fons
1855 3453 1997 3516 vitae,

421 3531 727 3602 intelligens
758 3533 960 3601 lumen,
992 3535 1167 3605 ipsum
1193 3553 1467 3594 summum
1495 3540 1696 3595 bonum
1725 3555 1780 3596 et
1809 3557 1997 3608 unum,

421 3620 592 3690 prima
620 3638 784 3677 causa
816 3624 930 3692 ipse
956 3626 1047 3694 qni
1078 3636 1187 3692 est,
1235 3629 1489 3699 quodque
1517 3645 1643 3685 vere
1680 3639 1786 3695 est,
1829 3632 2001 3699 quod-

418 3725 527 3782 que
551 3728 766 3782 semper
790 3731 851 3770 se
876 3716 1066 3771 eodem
1093 3717 1252 3773 modo
1273 3718 1473 3774 habet:
1503 3735 1635 3776 sane
1660 3720 1803 3775 velut
1822 3735 2000 3788 mens,

418 3812 474 3858 et
507 3802 671 3859 Pater
701 3804 938 3861 Verbum
970 3822 1239 3876 generatis
1278 3825 1385 3863 non
1419 3811 1846 3879 pronuntiabile,
1898 3827 1998 3867 ne-

417 3910 527 3965 que
582 3911 799 3950 rursum
856 3899 1153 3965 internum,
1209 3900 1302 3956 sed
1334 3900 1695 3956 substantiale
1735 3912 1792 3956 et
1837 3901 1891 3956 in
1942 3916 2002 3957 se

417 3989 746 4054 consistens,
798 3990 1149 4059 ejusdemque
1180 4005 1304 4044 cum
1352 3990 1471 4060 ipso
1509 3991 1874 4047 substantias:
1930 3993 2001 4047 ab

415 4086 627 4132 sterno
672 4087 728 4133 et
774 4091 1136 4146 cozeternum,
1184 4082 1383 4152 quippe
1415 4083 1657 4151 ejusdem
1704 4099 1831 4138 cum
1883 4084 2001 4154 ipso

419 4169 666 4235 deitatis,
697 4186 803 4226 non
837 4171 1056 4242 quidem
1087 4173 1384 4243 hypostasi,
1414 4174 1509 4228 sed
1543 4176 1850 4230 substantia
1881 4192 1895 4228 :
1947 4187 2004 4230 et

420 4259 581 4345 aliam
616 4261 938 4332 hypostasin
974 4264 1043 4318 ab
1070 4275 1276 4319 aeterno
1309 4265 1616 4333 producens
1642 4266 1744 4319 sibi
1780 4265 1906 4333 ipsi,
1947 4275 2003 4321 et

417 4349 601 4407 Verbo
648 4355 1169 4409 consubstantialem
1193 4374 1207 4409 :
1237 4370 1396 4426 quem
1425 4370 1556 4409 sane
1579 4354 1840 4425 Spiritum
1866 4370 1995 4410 san-

417 4452 566 4497 ctum
605 4446 783 4499 divina
813 4455 1004 4499 vocant
1036 4447 1276 4513 oracula,
1330 4446 1495 4501 simul
1521 4461 1627 4499 una
1663 4460 1788 4499 cum
1843 4434 2001 4501 Verbi

417 4545 473 4589 et
514 4533 637 4590 Filii
677 4547 843 4606 atque
884 4537 1179 4606 Sapientia:
1210 4537 1591 4608 generatione,
1645 4539 1856 4607 absque
1890 4539 1999 4594 ullo

418 4625 565 4682 ﬂuxu
601 4637 654 4683 ct
679 4631 921 4684 sectione
954 4641 1011 4685 et
1056 4630 1453 4686 exinanitione.
1502 4629 1653 4699 (Haec
1703 4632 1846 4687 enim
1873 4643 2002 4688 sunt

418 4733 707 4788 corporum
736 4719 1097 4790 an‘ectiones.)
1143 4721 1318 4791 Supra
1351 4735 1547 4783 arvum,
1590 4731 1645 4777 et
1694 4732 1911 4792 tempus
1944 4734 2001 4779 et

419 4825 583 4865 omne
611 4814 849 4881 spatium
883 4813 1025 4883 quod
1050 4812 1231 4867 animo
1270 4812 1461 4881 agitari
1502 4813 1697 4879 valeat,
1749 4830 1889 4869 unus
1918 4824 2002 4871 est

419 4917 540 4956 cum
577 4904 757 4961 Verbo
796 4918 851 4960 et
878 4904 1106 4976 Opifice,
1138 4913 1193 4960 et
1242 4903 1544 4974 Sapientia,
1571 4916 1626 4961 et
1658 4906 1842 4962 divino
1878 4907 2002 4977 Spi-

516 5025 603 5095 46)
634 5027 749 5079 Οὐκ
783 5025 1227 5094 interposuimus.
1264 5024 1398 5081 Tan.

422 5165 464 5220 Β
491 5096 603 5166 (47)
646 5096 703 5150 ιιι
750 5111 896 5150 man.
944 5096 1170 5163 Anglico
1218 5097 1539 5167 legebatur:
1574 5097 1623 5151 εί
1667 5097 1734 5170 δὴ
1759 5097 1822 5151 οὑ
1874 5115 1994 5153 συν.

470 5183 555 5220 uc.
1496 5186 1499 5199 '

470 5183 555 5223 UC.
1496 5186 1499 5199 '

494 5237 607 5308 (48)
644 5233 1349 5308 ϐεηεταιηίερίηιαηηαηινα.
1376 5237 1469 5308 De
1503 5235 1769 5291 Trinitate
1818 5237 1996 5291 divina

420 5304 595 5361 instar
637 5308 878 5360 omnium
924 5306 1036 5358 sint
1088 5304 1274 5360 Hilarii
1333 5307 1487 5372 libri,
1534 5309 1661 5361 sint
1698 5309 1999 5361 Athanasio

421 5376 669 5440 ascripti,
700 5378 808 5427 sint
834 5390 953 5441 qua:
977 5387 1163 5429 contra
1189 5377 1418 5432 Arianos
1445 5378 1784 5444 scripserunt
1818 5376 1994 5432 Graeci

420 5446 712 5513 Latinique
756 5444 963 5506 Patres,
1016 5446 1123 5499 sint
1178 5463 1300 5515 qum
1347 5455 1534 5501 contra
1565 5446 1782 5502 .Iud:eos
1813 5448 1991 5501 omnis

421 5516 596 5569 :ctatis
639 5525 896 5584 auctores
940 5524 995 5569 et
1043 5526 1386 5581 tractatores,
1419 5516 1583 5570 etiam
1633 5531 1754 5583 qua:
1807 5528 1988 5584 poste-

425 5585 597 5639 riores
623 5582 796 5638 ϐείω-ἱ
827 5594 1013 5639 contra
1049 5589 1358 5641 Saracenos
1396 5582 1829 5654 disputavcrunt,
1872 5587 1988 5640 the-

422 5655 565 5708 sauri
603 5654 780 5707 omnis
809 5655 961 5709 bona:
992 5660 1271 5711 doctrinae.
1317 5656 1548 5710 Pulchra
1600 5656 1988 5711 demonstratio

2101 525 2369 594 φήσομεν,
2402 527 2430 577 ό
2463 523 2596 587 Θεὸς
2634 524 2742 596 ἄρα
2775 525 2874 577 οὑκ
2911 524 3020 593 (46)
3056 523 3333 593 ἠῦουλήθη
3374 522 3679 592 ὑποστῆναι

2099 616 2168 669 τὰ
2204 615 2334 669 ὄντα
2354 633 2368 647 '
2414 618 2507 671 καὶ
2550 612 2618 687 ἦν
2658 617 2747 669 ὅτε
2794 616 2894 686 τὴν
2924 617 3053 686 περὶ
3084 615 3195 668 τῶν
3223 614 3394 668 ὄντων
3426 615 3682 685 βούλησιν

2099 706 2200 759 οὑκ
2230 702 2343 776 εἶχε
2366 724 2380 737 ·
2412 708 2589 777 χρόνῳ
2615 706 2670 759 δὲ
2702 705 3155 775 βουλευσάμενος,
3185 706 3246 772 ἐξ
3276 706 3521 775 ἀνάεριης
3550 704 3679 758 ποτὲ

2100 796 2195 851 καὶ
2233 795 2746 866 μεταῦουλεύσεται.
2783 796 2846 848 Εἰ
2889 795 2947 848 δὲ
2984 794 3172 860 τοῦτο,
3214 795 3393 848 ούκέτ’
3436 794 3504 849 ἂν
3550 797 3681 864 ήμτν

2100 888 2136 957 ἠ
2165 888 2298 955 περὶ
2335 886 2470 940 Θεοῦ
2504 886 2793 957 πρέπουσα
2823 884 3093 955 ὑπόληψις
3136 884 3563 954 διασωθήσεται.
3607 883 3682 939 Τὸ

2100 977 2212 1049 γάρ
2238 978 2415 1049 χρόνῳ
2465 976 2814 1047 βουλεύεσθαι
2844 976 2939 1028 καὶ
2987 976 3507 1044 μεταὸουλεύεσθαι,
3554 995 3681 1048 τρε-

2102 1070 2236 1124 πτδν
2286 1071 2496 1139 εἰσάγει
2530 1070 2621 1124 τὸν
2647 1072 2761 1134 τοῖς
2793 1069 3060 1133 τοιούτοις
3110 1063 3433 1141 παθήμασιν
3464 1070 3681 1123 ὑποκείο

2104 1178 2287 1231 μενον.

2172 1250 2396 1304 ΧΡΙΣΤ.
2436 1250 2690 1305 Μάλιστα
2724 1249 2822 1320 μὲν
2856 1248 2973 1314 οὖν,
2998 1243 3044 1303 ὦ
3085 1252 3209 1315 τᾶν,
3257 1246 3326 1321 ἦν
3349 1249 3395 1303 δ’
3422 1249 3553 1318 ἐγὼ,
3581 1249 3682 1303 οὑκ

2102 1344 2315 1416 ἀνάγκη
2345 1345 2522 1416 χρόνῳ
2555 1344 2948 1414 βουλεύσασθαι
2973 1346 3102 1415 περὶ
3128 1346 3228 1415 τῆς
3244 1343 3352 1398 τῶν
3379 1344 3681 1413 γεγονότων

2104 1434 2417 1498 συστάσεως
2436 1434 2616 1503 λέγειν
2636 1435 2726 1488 τὸν
2748 1434 2899 1487 Θεόν.
2926 1434 2989 1488 Εἰ
3010 1434 3075 1506 δὴ
3096 1429 3189 1489 οὖν
3211 1435 3544 1506 συνάναρχος
3571 1434 3680 1504 (47)

2102 1526 2180 1595 τῷ
2207 1525 2325 1596 Θεῷ
2347 1526 2556 1595 λέγοιτο
2585 1525 2680 1580 καὶ
2715 1526 2984 1590 πναῖδιος
3022 1526 3230 1579 τούτων
3263 1526 3296 1597 ἠ
3348 1525 3533 1595 φύσις,
3566 1523 3680 1577 ἀλλ’

2104 1614 2217 1689 εἶχε
2250 1619 2348 1688 μὲν
2376 1618 2474 1689 τὴν
2503 1618 2634 1689 περὶ
2661 1617 2866 1671 τούτων
2899 1617 3154 1688 βούλησιν
3185 1618 3420 1689 ἄναρχον
3448 1618 3523 1680 ὡς
3544 1619 3681 1684 άγα-

2104 1709 2195 1773 θδς
2224 1710 2318 1763 καὶ
2349 1709 2483 1771 Θεός
2502 1724 2517 1740 ο
2549 1708 2896 1779 ὑπεστήσατο
2941 1707 2999 1761 δὲ
3023 1748 3037 1773 ,
3071 1708 3159 1761 ὅτε
3192 1707 3458 1761 συνοίσειν
3486 1707 3679 1777 ἔμελλε

2099 1807 2214 1866 τοῖς
2242 1801 2568 1873 γινομένοις.
2603 1802 2837 1855 Ἔπειτα
2864 1801 2922 1855 δὲ
2950 1801 3011 1855 τὸ
3043 1800 3417 1873 βουλεύεσθαι,
3453 1800 3545 1853 ἐπὶ
3583 1800 3681 1870 μὲν

2098 1894 2403 1966 ἀνθρώπων
2455 1894 2768 1965 λεγόμενον,
2807 1895 3020 1966 τροπήν
3071 1911 3132 1946 τε
3179 1894 3275 1946 καὶ
3311 1892 3373 1946 τὺ
3413 1891 3684 1963 μεταϐου-

2097 1987 2370 2052 λεύεσθαι,
2398 1988 2629 2059 παρέχει
2652 1989 2793 2041 νοεῖν
2812 2001 2827 2017 ⁶
2859 1987 2951 2040 ἐπὶ
2977 1987 3033 2040 δὲ
3063 1985 3202 2040 Θεοῦ
3235 1985 3296 2039 τδ
3328 1984 3681 2056 βουλεύεσθαι

2098 2080 2200 2135 οὐκ
2232 2079 2557 2153 ἀνθρώπων,
2611 2080 2800 2150 ἐπειδὴ
2853 2079 2928 2151 μὴ
2974 2078 3259 2150 ἄνθρωπος
3292 2078 3321 2129 δ
3350 2078 3510 2140 656i,-
3546 2092 3680 2130 κατ·

2098 2171 2343 2243 αλλήλως
2412 2167 2505 2226 οὖν
2567 2175 2690 2237 ταῖς
2740 2171 3135 2245 ὑποκειμέναις
3191 2171 3385 2242 φύσεσι
3441 2171 3503 2225 τὸ
3556 2170 3679 2241 βου-

2098 2264 2352 2321 λεύεσθαι
2379 2264 2622 2338 νοητέον.

2168 2533 2348 2588 AMM.
2382 2530 2579 2596 Καλῶς
2615 2532 2820 2601 λέγεις.

2171 2625 2399 2679 ΧΡΙΣΤ.
2436 2624 2665 2691 Γέγονεν
2719 2624 2855 2693 ἡμῖν
2893 2638 3058 2688 ποτε,
3108 2614 3154 2675 ὦ
3186 2622 3390 2691 ἑταῖρε,
3425 2620 3521 2674 καὶ
3554 2620 3682 2690 περὶ

2098 2717 2198 2788 τῆς
2225 2716 2457 2789 ἀρχικῆς
2485 2716 2581 2769 καὶ
2612 2714 2886 2787 μακαρίας
2909 2715 3138 2786 Τριόδος
3172 2714 3332 2782 λόγος
3352 2727 3370 2745 ο
3408 2714 3502 2768 καὶ
3529 2714 3682 2785 ἠξίου

2104 2808 2399 2881 μανθάνειν
2430 2811 2459 2863 ό
2494 2809 2805 2878 φιλόσοφος,
2827 2809 2977 2870 ὅπως
3007 2806 3108 2878 τὴν
3135 2808 3330 2876 αὐτὴν,
3357 2807 3452 2859 καὶ
3476 2806 3682 2877 Τριάδα

2101 2900 2281 2971 φαμὲν
2313 2895 2451 2953 εἷναι
2481 2899 2575 2953 καὶ⁸
2607 2899 2810 2968 μονάδα
2832 2916 2847 2930 ο
2879 2896 3180 2967 ἀξύμσατα
3208 2897 3318 2967 γάρ
3349 2913 3471 2959 πως
3494 2895 3679 2963 ἔλεγεν

2101 2987 2240 3045 εἶναι
2288 2990 2480 3047 ταῦτα.
2538 2988 2681 3057 Ἐγὼ
2726 2989 2783 3042 δὲ
2815 2988 2952 3058 πρὸς
3000 2987 3198 3042 αὑτόν·
3253 2987 3464 3057 Τριάδα
3502 2986 3675 3054 φαμὲν

2101 3079 2262 3145 εἶναι,
2293 3076 2339 3136 ὦ
2368 3083 2540 3151 φίλος,
2575 3084 2633 3134 ὲν
2670 3081 2878 3152 μονάδι,
2909 3080 3005 3134 καὶ
3033 3078 3236 3150 μονάδα
3264 3080 3323 3132 ὲν
3357 3078 3533 3149 τριάδι
3553 3093 3569 3108 ο
3595 3074 3674 3146 τῷ

2100 3174 2199 3238 τὰς
2237 3174 2334 3243 μὲν
2378 3172 2706 3235 ὑποστάσεις
2741 3172 2892 3242 τρεῖς
2934 3166 3093 3233 εἶναι,
3126 3169 3222 3239 τὴν
3253 3168 3311 3221 δὲ
3355 3167 3544 3221 οὐσίαν
3580 3166 3679 3237 μό·-

2099 3283 2219 3336 νην.
2285 3266 2349 3318 Ἡ
2394 3264 2504 3335 γὰρ
2551 3263 2693 3334 ἀρχὴ
2749 3261 2859 3315 τῶν
2905 3262 3078 3315 ὃντω“ν
3118 3263 3152 3332 η
3194 3262 3542 3330 γονιμωτάτη
3578 3258 3681 3325 φύ-

2101 3375 2186 3419 σις
2219 3356 2353 3426 (48),
2410 3359 2445 3427 ἠ
2494 3355 2727 3425 ἄφθονος
2781 3354 3087 3424 άγαθότης,
3124 3355 3159 3424 ἡ
3190 3354 3342 3425 πηγὴ
3384 3352 3485 3422 τῆς
3513 3351 3681 3421 ζωῆς.

2099 3448 2161 3501 τὸ
2186 3448 2371 3519 νοερὸν
2397 3448 2532 3517 φῶς,
2561 3447 2693 3501 αὑτὸ
2719 3448 2957 3516 τάγαθὸν
2989 3448 3085 3500 κα)⁵
3115 3447 3194 3512 ἓν,
3224 3448 3260 3514 ἡ
3291 3444 3485 3518 πρώτη
3509 3444 3682 3511 αίτία,

2100 3539 2130 3592 ό
2161 3538 2257 3605 ὢν,
2288 3539 2461 3593 καὶτὸ
2490 3540 2660 3602 ὅντως
2688 3538 2769 3603 δν,
2802 3540 2894 3594 καὶ
2927 3540 3015 3593 ἀεὶ
3035 3538 3300 3603 ὡσαύτως
3324 3538 3468 3609 έχον,
3501 3531 3592 3591 οἷα
3619 3538 3684 3608 δὴ

2101 3628 2247 3696 νοῦς,
2295 3629 2390 3682 καὶ
2442 3629 2636 3700 Πατὴρ
2685 3630 2857 3697 Λόγον
2888 3629 3180 3698 γεννήσας,
3234 3628 3295 3680 οὺ
3328 3626 3683 3698 προφορικδν,

2101 3720 2210 3774 οὐδ’
2241 3719 2310 3775 αὖ
2349 3720 2674 3785 ἐνδιάθετον,
2710 3719 2827 3773 ἀλλ’
2870 3720 3105 3790 οὑσιώδη
3136 3736 3198 3772 τε
3247 3718 3341 3771 καὶ
3386 3718 3686 3771 ὲνυπόστα-

2102 3829 2213 3872 τον.
2253 3811 2347 3865 καὶ
2391 3813 2491 3880 τῆς
2530 3813 2705 3882 αὐτῆς
2735 3812 2927 3875 οὑσίας
2964 3812 3147 3883 αὐτῷ·
3177 3813 3241 3878 ἐξ
3269 3812 3440 3867 ἀϊδίου
3483 3828 3543 3864 τε
3594 3809 3685 3863 καὶ

2104 3901 2373 3964 ωναῖδιος
2402 3896 2491 3956 οἷα
2518 3901 2620 3972 τῆς
2668 3902 2839 3971 αὐτῆς
2870 3902 3015 3965 ὄντα,
3036 3904 3293 3974 θεότητος
3325 3902 3496 3972 αὐτῷ,
3525 3903 3587 3955 οὑ
3618 3904 3684 3971 τῇ

2103 3990 2438 4054 ὑποστάσει,
2484 3994 2550 4063 τῇ
2591 3992 2751 4062 οὑσίᾳ
2780 3992 2869 4056 δὲ,
2905 3994 3001 4046 καὶ
3046 3993 3242 4065 ἑτέραν
3291 3994 3589 4048 ὑπόστασιν
3627 3990 3685 4055 ἐξ

2103 4081 2276 4137 ἀϊδίου
2326 4081 2797 4154 προϐαλλόμενος,
2832 4081 3124 4153 όμοούσιον
3170 4084 3323 4153 αύτῷ
3357 4100 3419 4136 τε
3466 4083 3561 4136 καὶ
3607 4080 3684 4150 τῷ

2104 4174 2294 4243 Δόγῳ’
2326 4174 2355 4227 ὃ
2390 4174 2453 4244 δὴ
2484 4173 2709 4244 Πνεῦμα
2734 4172 2889 4240 ἅγιον
2918 4174 2986 4228 τὰ
3017 4173 3137 4228 θεῖα
3170 4174 3327 4227 καλεῖ
3358 4174 3536 4242 λόγια,
3573 4173 3699 4242 ἅμα

2103 4268 2169 4337 τῇ
2203 4265 2296 4319 τοῦ
2335 4267 2510 4335 Λόγου
2560 4267 2656 4320 καὶ
2710 4266 2841 4320 Υίοῦ
2881 4267 2977 4321 καὶ
3013 4267 3112 4335 τῆς
3161 4267 3365 4334 Σοφίας
3414 4267 3683 4333 γεννήσει,

2105 4356 2276 4427 χωρίς
2317 4374 2462 4421 τινος
2515 4357 2786 4426 ρεύσεως,
2832 4360 2926 4412 καὶ
2988 4359 3185 4430 τομῆς,
3234 4359 3327 4412 καὶ
3380 4355 3681 4418 κενώσεως.

2034 4479 2079 4536 ι)
2107 4446 2294 4502 Ταῦτα
2325 4448 2434 4519 γὰρ
2468 4449 2737 4517 σωμάτων
2774 4450 3110 4521 παθήματα·
3147 4450 3287 4518 ὑπὲρ
3317 4449 3490 4502 αίῶνά
3514 4465 3571 4501 τε
3595 4447 3687 4536 καὶ

2109 4538 2321 4610 χρόνον,
2362 4538 2458 4592 καὶ
2502 4540 2612 4592 πᾶν
2640 4538 2916 4611 διάστημα
2966 4540 3206 4595 νοεῖσθαι
3249 4540 3567 4610 δυνάμενον,
3607 4533 3687 4602 εἷς

2109 4635 2228 4685 ἐστι
2271 4629 2409 4700 μετὰ
2450 4629 2544 4683 τοῦ
2579 4630 2755 4700 Λόγου
2788 4635 2882 4685 καὶ
2926 4632 3274 4705 Δημιουργοῠ
3310 4633 3404 4686 καὶ
3450 4631 3552 4700 τῆς
3590 4631 3686 4683 Σθ-

2108 4722 2237 4792 φίας
2280 4722 2374 4776 καὶ
2404 4720 2497 4774 τοῦ
2533 4721 2678 4775 θείου
2716 4723 3055 4794 Πνεύματος,
3101 4725 3177 4788 ὡς
3205 4727 3290 4787 είς
3318 4724 3494 4778 αἴτιον
3528 4723 3686 4777 αὑτὸν

2107 4812 2564 4883 ἀναφερομένων·
2605 4814 2699 4867 τοῦ
2751 4816 2850 4884 μὲν
2896 4816 3268 4887 γενητικῶς,
3306 4814 3402 4868 τοῦ
3447 4815 3503 4868 δὲ
3552 4832 3685 4884 προ-

2106 4904 2300 4969 οδικῶς
2340 4905 2484 4975 (49),
2515 4904 2692 4961 είτουν
2723 4908 3147 4979 ὲκπορευτικῶς.
3195 4907 3368 4979 Εἴπερ
3412 4907 3579 4976 Σοφία
3626 4923 3687 4960 τι

2099 5027 2412 5151 Allilp'caéam
2446 5026 2627 5083 libello
2656 5028 2801 5099 Πρὸς
2829 5029 2921 5082 τὸν
2954 5026 3050 5082 τοῦ
3078 5027 3299 5105 δρόμου.
3348 5026 3604 5097 Ἐμέσης,
3636 5034 3688 5079 et

2102 5113 2170 5151 at
2215 5115 2249 5150 ι.
2332 5113 2384 5150 Α.

2102 5113 2249 5151 aIIDl.
2288 5113 2384 5150 DA.

2173 5166 2284 5235 (49)
2319 5166 2735 5223 Emendavimus
2770 5182 2835 5221 ex
2869 5167 3039 5236 Regio
3062 5167 3430 5234 manuscripto
3462 5166 3529 5219 ΙΙ.
3565 5165 3607 5219 ll
3636 5174 3689 5219 et

2098 5237 2348 5305 Anglico,
2382 5236 2480 5289 τοῦ
2500 5236 2615 5305 μὲν
2646 5236 2971 5308 προοδικῷς.
3028 5253 3150 5290 cum
3200 5247 3347 5291 esset
3373 5238 3425 5291 in
3452 5238 3687 5308 editione

2101 5307 2611 5377 Ἰ’;ιι’.,προσοδικῶς.
2643 5305 2735 5361 Sic
2759 5310 2825 5361 de
2859 5307 3059 5377 Spiritu
3085 5316 3274 5377 sancto
3295 5307 3530 5374 loquitur
3551 5305 3690 5377 Qun-

2100 5375 2307 5431 cilinnr
2339 5377 2708 5431 Florentinum
2750 5392 2890 5431 sess.
2940 5376 3033 5437 ρο,
3062 5392 3114 5445 p.
3144 5376 3248 5429 464
3280 5376 3532 5445 editionis
3577 5375 3688 5427 llo-

2100 5461 2322 5540 ":amea:
2362 5448 2525 5540 Ὅῗπ
2566 5447 2667 5517 τὴν
2689 5445 2851 5540 1ἰεάξιν
2891 5446 2991 5540 τῇς
3007 5447 3265 5540 ιπροόδουΧ
3302 5446 3455 5540 οὑξξν
3505 5444 3688 5534 ἕτερον

2102 5512 2304 5586 εἶναιῆ
2352 5512 2645 5586 πρόσωπον
2689 5517 2887 5586 ἓτερον,
2914 5512 2972 5583 ἐξ
3004 5512 3195 5585 ἑτέρου
3245 5516 3549 5585 λαμόάνειν
3595 5512 3686 5580 ἀφ’

2095 5578 2157 5637 οὗ
2204 5578 2321 5638 ἐστι
2357 5578 2488 5639 εἸια
2538 5598 2597 5639 ιιι
2650 5578 3007 5653 proditctionis
3063 5578 3191 5637 ordo
3242 5578 3379 5638 nihil
3429 5586 3577 5637 aliud
3618 5578 3685 5653 sit

2094 5670 2256 5720 quam
2305 5673 2463 5708 inium
2505 5651 2781 5724 persoimm
2829 5672 2938 5708 esse
2969 5671 3033 5709 ex
3080 5655 3207 5719 alia,
3243 5664 3290 5708 et
3341 5667 3583 5708 naturam
3621 5651 3685 5706 ab

424 5724 657 5792 primum
706 5722 832 5793 Dei,
882 5723 1073 5782 deinde
1121 5726 1429 5792 Trinitatis,
1460 5724 1600 5795 apud
1639 5723 1984 5782 Theodorum
2093 5740 2326 5793 eoaque
2358 5736 2431 5778 est
2458 5722 2705 5793 (recipere.
2737 5725 2863 5780 Duc.
2948 5750 2953 5763 -
