4070 6416
336 288 343 292 ’
424 318 554 384 tm

1440 317 1898 381 DISPUTATIO
1942 317 2043 379 DE
2078 318 2333 380 MUNDI
2367 318 2719 381 OPIFICIO.

3548 319 3687 388 1113

417 433 513 486 καὶ
542 431 736 501 Λόγος,
772 429 1097 503 ἡγεμονεύει
1127 430 1231 502 τῆς
1265 433 1581 497 συστάσεως
1610 434 1706 488 καὶ
1731 426 2000 506 δημιουρ-

2120 434 2237 499 ritu,
2295 434 2406 490 illis
2452 436 2505 490 in
2554 436 2732 504 ipsum
2761 436 2915 506 quasi
2969 437 3020 491 iu
3065 451 3285 492 causam
3338 437 3545 506 relatis,
3589 439 3688 494 illo

418 520 545 592 γίας
592 520 689 575 καὶ
732 520 1046 584 οὐσιώσεως
1089 521 1199 576 τῶν
1244 522 1449 577 όντων*
1508 522 1738 595 Πνεῦμα
1766 523 1824 577 δὲ
1855 523 2001 578 θεῖόν

419 616 537 668 ἐστι
565 613 626 667 τὸ
665 613 906 683 ἐμπνέον
958 612 1161 676 πάσαις
1205 616 1329 677 ταῖς
1368 614 1614 683 λογικαῖς
1645 617 1740 669 καὶ
1786 619 2001 687 νοεραῖς

418 705 652 770 οὐσίαις,
678 706 770 758 καὶ
801 704 862 758 τὸ
887 704 1232 760 τελειωτικδν
1260 706 1360 777 τῆς
1389 706 1999 771 τούτωνὺποστάσεως.

420 797 525 850 Τὸν
548 793 641 850 οὖν
680 796 899 868 Πατέρα
924 796 1226 865 τοῦΛόγου
1259 797 1356 850 καὶ
1384 798 1484 867 τῆς
1510 798 1711 867 Σοφίας
1742 798 1838 852 καὶ
1868 816 2004 872 προ-

421 888 583 941 δολέα
619 886 714 940 τοῦ
762 888 1083 958 Πνεύματος
1126 885 1222 940 τοῦ
1268 887 1426 956 ἁγίου
1456 888 1592 958 (50),
1627 890 1725 962 τὴν
1776 889 2005 962 πρώτην

421 979 603 1032 αἰτίαν
787 980 883 1032 καὶ
920 980 1100 1050 ἀρχήν
1131 995 1312 1049 φαμεν
1341 977 1596 1048 θεότητος
1626 974 1787 1033 εἶναι·
1821 979 1998 1051 ἀρχὴν

419 1071 648 1141 ἄχρονον
672 1073 771 1141 τῆς
796 1073 854 1123 ἐν
895 1071 1011 1139 Υἱῷ
1050 1088 1111 1125 τε
1158 1073 1250 1126 καὶ
1278 1070 1559 1141 Πνεύματι
1590 1069 2000 1141 θεωρουμένης,

420 1156 455 1237 ᾖ
488 1163 653 1231 φησὶν
681 1164 709 1214 ὁ
735 1162 1001 1232 ἡμέτερος
1027 1162 1291 1233 Θεολόγος
1318 1162 1357 1215 Γ
1364 1161 1622 1233 ρηγόριος
1647 1160 1784 1232 (353)-
1814 1161 2004 1227 οὕτως

423 1253 456 1321 ή
488 1252 734 1323 μακαρία
770 1255 865 1306 καὶ
900 1254 1255 1325 ἀρχικωτάτη
1302 1252 1493 1324 Τριάς,
1527 1251 1621 1305 καὶ
1669 1252 1827 1323 τριάς
1880 1255 2002 1307 ἐστι

425 1343 517 1397 καὶ
546 1344 706 1406 ἐνάς·
742 1344 882 1414 μήτε
917 1346 999 1408 είς
1044 1345 1250 1414 πλῆθος
1299 1344 1497 1413 ἄλογον
1541 1345 1637 1398 καὶ
1692 1343 2006 1414 Ἑλληνικὸν

423 1434 883 1507 διεσκεδασμένη⁶
942 1436 1113 1507 μονὰς
1161 1437 1291 1507 γάρ.
1343 1438 1498 1507 Μήτε
1548 1436 1651 1508 μιᾷ
1708 1435 2006 1491 ὑποστάσει

426 1527 850 1598 περικλειομένη
885 1528 1161 1600 φθονερῶς
1182 1529 1277 1582 καὶ
1316 1527 1645 1592 Ἰουδαϊκῶς·
1679 1526 1838 1597 τριάς
1872 1527 2004 1598 γάρ.

2104 526 2324 597 quidem
2384 541 2483 597 per
2534 530 2752 582 modum
2809 529 3197 599 generationis,
3261 532 3362 585 hoc
3414 545 3543 584 vero
3592 546 3690 600 per

2115 617 2336 673 modum
2374 618 2773 688 progressionis
2832 620 2946 674 sive
2978 622 3360 688 processionis.
3403 620 3684 691 Siquidem

2111 708 2388 779 Sapientia
2424 719 2479 763 et
2513 708 2750 765 Verbum
2803 720 3002 778 prmcst
3035 714 3412 779 constitutioni
3466 723 3521 767 et
3568 712 3689 781 opi-

2110 800 2235 856 ﬁcio
2266 811 2322 856 et
2349 802 2716 870 procreationi
2746 816 2925 856 rerum
2957 802 3240 870 :Spiritus
3267 815 3446 858 autem
3477 802 3692 858 divinus

2110 891 2344 961 inspirat
2377 892 2647 948 universis
2673 894 2926 948 essentiis
2958 894 3183 948 ratioois
3211 903 3266 948 et
3313 894 3688 964 intelligentia:

2105 982 2480 1052 participibus,
2499 994 2551 1039 et
2570 984 2779 1054 perﬁcit
2799 985 3010 1040 illarum
3023 985 3451 1041 subsistentiam.
3473 985 3689 1041 Patrem

2108 1090 2238 1143 ergo
2261 1073 2421 1130 Verbi
2453 1085 2507 1129 et
2538 1076 2829 1146 Sapientia:
2857 1089 2914 1132 et
2946 1094 3011 1132 ex
3041 1094 3150 1148 quo
3175 1079 3416 1148 procedit
3457 1077 3692 1148 Spiritus

2117 1177 2362 1233 sanctus,
2388 1168 2555 1240 286
2576 1171 2802 1239 primani
2819 1184 3039 1225 causam
3058 1182 3113 1224 et
3132 1170 3694 1240 principiumdicimus

2112 1257 2331 1313 deitatis
2379 1274 2522 1324 esse,
2580 1261 2906 1331 principium
2957 1277 3153 1319 carens
3216 1273 3502 1332 tempore:
3571 1277 3695 1332 qua:

2113 1349 2287 1405 deitas
2313 1351 2364 1405 in
2396 1350 2537 1407 Filio
2565 1365 2619 1407 et
2644 1353 2851 1423 Spiritu
2884 1365 3181 1424 spectatur,
3233 1356 3692 1425 quemadmodum

2112 1440 2354 1509 loquitur
2380 1453 2564 1499 noster
2594 1445 2905 1516 Theologus
2937 1446 3259 1517 Gregorius.
3313 1446 3405 1501 Sic
3438 1448 3595 1501 beata
3640 1456 3696 1501 et

2115 1532 2567 1602 principalissima
2596 1537 2860 1603 Trinitas,
2913 1549 2971 1593 et
3007 1542 3222 1595 trinitas
3250 1549 3334 1595 est
3365 1547 3420 1593 et
3444 1532 3649 1592 ‘unitas
3676 1555 3691 1590 :

428 1633 533 1673 non
564 1619 614 1673 in
645 1620 1041 1674 multitudinem
1069 1620 1299 1674 alienam
1333 1635 1363 1673 a
1396 1620 1610 1675 ratione
1645 1630 1700 1674 et
1730 1633 1997 1689 paganum
2033 1621 2318 1693 dispersa:
2358 1628 2542 1683 unitas
2593 1630 2761 1697 enim,
2795 1645 2973 1701 neque
3036 1632 3196 1688 unica
3260 1632 3538 1703 bypostasi
3572 1645 3700 1685 con-

428 1712 599 1777 clusa,
629 1712 809 1767 invide
835 1722 887 1768 et
909 1712 1135 1767 Judaice
1163 1730 1177 1766 :
1211 1712 1430 1767 trinitas
1458 1713 1603 1766 enim
1636 1721 1743 1766 est.

495 1804 673 1861 ΔΜΜ.
722 1802 954 1868 Οὐκοῦν,
993 1800 1029 1872 ἦ
1058 1803 1103 1857 δ’
1137 1803 1216 1867 ὃς,
1256 1805 1379 1866 ταῖς
1414 1803 1513 1874 μὲν
1545 1801 1878 1856 ὑποστάσεσι
1917 1799 2014 1854 καὶ

2187 1800 2362 1859 ΑΜΜ.
2417 1802 2591 1874 Igitur
2624 1807 3000 1864 subsistentiis
3043 1808 3160 1864 sive
3206 1809 3590 1881 hypostasibus
3640 1819 3702 1868 et

425 1896 506 1969 τῷ
528 1895 770 1968 ἀριθμῷ,
810 1895 942 1968 τρία
971 1894 1082 1966 (55)
1117 1892 1294 1948 ταῦτά
1321 1909 1409 1962 γε,
1434 1895 1499 1964 τῇ
1526 1893 1584 1947 δὲ
1619 1892 1781 1964 οὐσίᾳ
1806 1892 1887 1946 ἓν.

496 1988 722 2044 ΧΡΙΣΤ.
766 1985 1057 2057 Ἀνεδόησε
1092 1985 1367 2055 πάμμεγα
1390 1985 1485 2038 καὶ
1514 1985 1873 2055 άνευφήμησε
1903 1982 2012 2037 τῶν

427 2078 710 2151 ἀκροατῶν
754 2081 782 2132 ό
827 2077 1104 2146 σύλλογος,
1143 2077 1283 2147 μετά
1309 2094 1454 2139 τινος
1483 2076 1684 2148 ἡδονῆς
1713 2076 1811 2129 καὶ¹
1839 2076 2010 2147 χάρι-

425 2187 538 2234 τος.
567 2170 733 2222 Τουτὶ
757 2170 864 2239 γὰρ
890 2167 918 2221 δ
945 2168 1079 2239 ἡμῖν
1105 2168 1133 2221 ό
1163 2167 1320 2236 λόγος
1342 2167 1621 2220 δεικνύναι
1649 2165 2009 2230 ἐσπούδαζεν,

425 2264 456 2316 ό
482 2261 770 2332 φιλόσοφος
819 2259 1101 2329 συνήγαγέ
1144 2274 1206 2312 τε
1254 2260 1349 2311 καὶ⁵
1400 2256 1789 2329 συνεπέρανεν.
1838 2255 1898 2310 Ὀ
1955 2256 2013 2310 δὲ

426 2353 825 2425 ὑπομειδιάσας
874 2352 1019 2423 μάλα
1054 2369 1105 2405 τι
1154 2349 1450 2422 σαρδώνιον
1508 2349 1622 2420 (54)
1676 2349 1817 2419 μετά
1865 2365 2014 2412 τινος

429 2447 795 2521 ἐρυθήματος,
815 2446 1048 2510 ἐσιώπα,
1072 2445 1167 2497 καὶ
1198 2443 1387 2512 ἐτέρου
1421 2442 1599 2512 εἴχετο
1620 2440 1805 2510 λόγου.
1840 2433 2014 2494 Αὑται

433 2555 525 2609 μοι
546 2539 695 2608 τρεῖς
723 2536 982 2606 γεγόνασι
1002 2534 1141 2606 πρὸς
1162 2533 1326 2588 αὐτὸν
1348 2531 1652 2586 συνουσίαν
1682 2531 1777 2585 δύο
1804 2533 1904 2602 μὲν
1918 2527 2014 2584 τοῦ

428 2630 659 2701 οὐρανοῦ
681 2630 807 2701 πέρι
831 2630 939 2682 καὶ
956 2627 1052 2681 τοῦ
1079 2625 1240 2692 Θεοῦ,
1285 2626 1361 2689 ὡς
1385 2626 1446 2679 οὑ
1475 2625 1746 2687 συναῖδιος
1774 2623 1854 2694 τῷ
1886 2623 2012 2695 Θεῷ

430 2723 520 2775 ὅδε
567 2722 596 2773 ὁ
627 2720 835 2789 κόσμος
856 2735 872 2752 ’
914 2718 1013 2788 μία
1043 2718 1173 2788 περὶ
1196 2718 1295 2787 τῆς
1326 2716 1602 2786 μακαρίας
1632 2716 1728 2768 καὶ
1778 2715 2015 2785 ἀρχικῆς

432 2812 663 2882 Τριάδος
682 2829 696 2841 θ
741 2811 911 2881 ήγουν
950 2810 1181 2878 τρισσῆς
1212 2807 1399 2870 ἐνάδος
1427 2824 1488 2859 τε
1539 2806 1634 2859 καὶ
1667 2805 1919 2876 μονάδος.
1946 2834 2018 2847 --

432 2904 473 2957 Γ
476 2903 692 2972 εγόνασί
725 2919 815 2972 μοι
847 2901 943 2955 καὶ
965 2900 1122 2954 ἄλλαι
1141 2898 1334 2951 πολλαὶ
1364 2898 1567 2969 ἐτέρων
1588 2897 1718 2969 πέρι
1746 2896 2020 2966 δοξασμά-

435 3012 547 3047 των
573 2994 863 3066 ἡμετέρων
896 3009 955 3045 τε
982 2992 1077 3045 καὶ
1108 2989 1440 3060 Ἑλληνικῶν
1461 3006 1475 3021 ο
1512 2988 1627 3043 ἀλλ’
1650 2988 1726 3052 ὡς
1746 2986 2017 3056 passi-4;.

434 3085 785 3156 προκειμένῳ
819 3084 1199 3152 σπουδάσματι
1253 3083 1345 3137 καὶ
1377 3068 1700 3154 θεωρήματι
1730 3077 2016 3134 συντελού-

435 3196 567 3244 σας,
603 3179 816 3248 σιωπᾷν
858 3179 917 3241 ἐς
971 3176 1034 3229 τὸ
1080 3175 1256 3246 παρὸν
1303 3174 1468 3228 καλὸν
1520 3168 1660 3226 εἷναί
1698 3189 1789 3242 μοι
1842 3170 2007 3236 ἔδοξε.
2041 3167 2085 3229 C

434 3269 625 3325 Βούλει
669 3265 783 3334 οὖν,
818 3262 864 3321 ὦ
902 3267 1087 3336 φίλος,
1133 3265 1424 3336 ἀρκεσθεὶς
1456 3263 1618 3319 τανῦν
1648 3265 1760 3326 τοῖς
1792 3263 2021 3333 εἰρημέ-

436 3378 571 3425 νοις,
618 3360 716 3413 ml
766 3358 1075 3428 πυθόμενος
1101 3358 1213 3412 τῶν
1236 3356 1374 3431 πρὸς
1394 3356 1485 3411 τὸν
1521 3355 1813 3428 φιλόσοφον
1846 3353 2021 3424 λόγων

435 3452 742 3522 ἀναχωρεῖν
769 3450 953 3504 οἴκαδε
974 3466 990 3516 ;

507 3565 569 3617 Β.
605 3565 893 3636 Οὐδαμῶς,
928 3558 974 3616 ὧ
1021 3563 1263 3635 μακάριε
1285 3578 1300 3593 ⁸
1329 3563 1426 3617 καὶ
1455 3562 1622 3617 αὐτὸν
1649 3563 1761 3635 γάρ
1798 3581 1889 3634 μοι
1928 3561 2023 3616 τὸν

437 3654 722 3724 κολοφῶνα
762 3655 865 3724 τῆς
906 3655 1166 3725 ἀπορίας,
1203 3652 1468 3724 βούλομαί
1509 3669 1570 3706 σε
1609 3652 1711 3722 τῆς
1746 3653 1886 3724 ἐμῆς
1912 3653 2021 3706 ἀπ-

436 3748 630 3803 ελάσαι
654 3750 831 3818 ψυχῆς
852 3762 866 3777 ·
897 3746 1154 3817 ἀγχίνους
1180 3746 1290 3817 γὰρ
1310 3742 1476 3799 εἶκαὶ
1500 3746 1663 3815 σοφὸς
1685 3745 2019 3815 δημηγόρος.

507 3839 574 3891 Δ.
620 3838 783 3890 Ἀλλὰ
827 3836 1052 3900 τούτους
1086 3838 1136 3904 γ’
1181 3837 1246 3889 ἔα
1276 3838 1488 3906 χαίρειν
1520 3835 1647 3897 τοὺς
1695 3834 1923 3903 λόγουςο
1956 3833 2020 3886 οὑ

436 3930 548 4009 γλὶρ
585 3929 824 3982 ἐπαίνων
848 3928 1014 3981 ἕνεκα
1047 3928 1140 3980 καὶ
1164 3926 1482 3991 ἐπιδείξεως
1523 3925 1684 3979 ταυτὶ
1712 3922 2025 3993 διεξεληλύ-

440 4020 635 4090 θαμεν,
668 4018 807 4072 ἀλλὰ
833 4019 935 4089 τῆς
969 4018 1073 4088 σῆς
1107 4017 1325 4083 εὐεξίας
1361 4018 1457 4070 καὶ
1488 4016 1675 4084 ὑγείας
1710 4016 1823 4085 (55)
1859 4031 2025 4085 μετα·⁵

440 4110 777 4181 ποιούμενοι.
811 4110 985 4177 Λόγος
1006 4108 1064 4162 δὲ
1088 4108 1212 4177 ἐμοὶ
1236 4106 1345 4161 τῶν
1374 4106 1612 4160 ἐπαίνων
1641 4105 1818 4166 οὐδείς
1839 4121 1852 4135 ⁸
1890 4102 2025 4157 ἀλλὰ

440 4205 541 4273 τῆς
571 4202 734 4273 φίλης
784 4200 1043 4265 ἀληθείας
1078 4200 1173 4253 καὶ
1202 4197 1311 4251 τῶν
1343 4195 1818 4269 ἐκκλησιαστικῶν
1867 4194 2025 4260 δοξα-

444 4297 666 4366 σμάτων
703 4294 801 4348 καὶ
844 4293 1213 4363 διδαγμάτων.
1242 4292 1379 4354 Τοὺς
1416 4291 1678 4353 ἐπαίνους
1723 4288 1818 4342 οὖν
1850 4304 2023 4341 κατα-

440 4384 613 4440 λιπὼν
639 4388 751 4449 τοῖς
779 4384 1106 4454 φιλοτίμοις,
1143 4384 1237 4437 καὶ
1261 4382 1419 4452 δόξης
1446 4381 1615 4453 ἐρῶσί
1638 4398 1697 4434 τε
1727 4381 1821 4432 καὶ
1844 4379 2026 4449 γλιχοο

2114 1896 2362 1949 numeris
2419 1898 2520 1951 tria
2556 1899 2669 1953 tunc
2700 1909 2861 1964 sunt,
2910 1901 3217 1956 substantia
3262 1911 3446 1957 autem
3497 1919 3690 1960 unum.

2186 1984 2461 2042 CHRIST.
2516 1986 2685 2045 Valde
2720 1990 3048 2046 exclamavit
3090 2001 3145 2047 et
3187 1993 3426 2047 laudavit
3470 1996 3686 2051 audito-

2114 2092 2236 2132 rum
2268 2092 2471 2135 corona
2503 2094 2625 2134 cum
2654 2081 2886 2151 quadam
2921 2083 3194 2153 voldptate
3220 2093 3274 2139 et
3306 2086 3502 2153 gratia.
3536 2084 3687 2142 Istud

2115 2170 2260 2225 enim
2291 2172 2468 2240 ipsum
2501 2172 2643 2240 quod
2689 2161 2973 2229 studebam
3010 2190 3128 2230 mea
3177 2178 3427 2231 oratione
3475 2178 3703 2233 demon-

2114 2271 2314 2326 Strare,
2348 2261 2705 2331 philosophus
2734 2262 2957 2333 collegit
2985 2274 3039 2319 et
3072 2266 3359 2321 conclusit.
3394 2267 3488 2322 Ille
3515 2277 3698 2325 autem

2116 2351 2409 2408 subridens
2454 2354 2611 2408 valde
2650 2356 2817 2409 etiam
2852 2357 3138 2411 sardonice
3168 2372 3291 2411 cum
3322 2359 3558 2426 quodam
3608 2375 3702 2414 ru-

2117 2443 2251 2499 bore
2282 2442 2521 2508 tacebat,
2567 2452 2624 2500 et
2653 2444 2811 2500 alteri
2850 2432 3098 2501 sermoni
3154 2447 3463 2504 insistebat.
3522 2450 3706 2520 Atque

2117 2534 2205 2590 ba:
2250 2541 2363 2590 tres
2411 2534 2628 2601 quidem
2662 2533 2886 2591 fuerunt
2926 2552 3049 2593 cum
3096 2538 3216 2608 ipso
3261 2543 3698 2611 congressiones.

2122 2624 2248 2678 Duae
2270 2624 2490 2693 quidem
2526 2624 2595 2680 de
2643 2626 2784 2680 caalo
2810 2636 2865 2679 et
2913 2627 3063 2682 Deo:
3117 2628 3377 2684 mundum
3420 2628 3574 2686 ltunc‘
3596 2647 3704 2687 non

2118 2728 2242 2769 esse
2273 2713 2386 2769 Deo
2432 2724 2759 2771 coaeternqu
2786 2732 2801 2783 ;
2846 2732 2949 2771 una
2978 2728 3157 2774 autem
3184 2721 3252 2775 de
3276 2721 3439 2776 beata
3467 2731 3522 2777 et
3551 2722 3708 2793 prin-

2118 2804 2280 2874 cipali
2318 2803 2615 2871 Trinitate,
2666 2822 2861 2877 nempe
2906 2809 3104 2878 triplici
3153 2811 3386 2876 unitate,
3420 2824 3475 2867 et
3518 2815 3708 2884 singu-

2119 2895 2361 2952 laritate.
2421 2924 2494 2938 -—
2542 2897 2716 2952 Habui
2764 2907 2820 2952 et
2849 2899 2988 2953 alias
3015 2901 3212 2956 multas
3242 2903 3308 2957 de
3334 2904 3457 2958 aliis
3486 2915 3710 2960 senten-

2122 2986 2236 3050 tiis,
2285 2996 2392 3041 tam
2438 2988 2644 3042 nostris
2675 3004 2835 3057 quam
2865 2991 3130 3059 paganis;
3173 2993 3266 3047 sed
3297 2994 3423 3062 quia
3458 2994 3589 3049 nihil
3624 2998 3710 3050 in-

2121 3076 2328 3130 stitutte
2369 3078 2679 3132 tractationi
2722 3088 2777 3132 et
2810 3066 3256 3151 εοιιιειηρῆιιὶοιιὶ
3291 3082 3600 3153 conferunt,
3650 3087 3707 3143 in

2117 3182 2355 3236 przesens
2383 3178 2563 3223 tacere
2591 3169 2862 3238 integrum
2893 3172 3044 3226 duxi.
3080 3171 3171 3227 Vis
3192 3174 3378 3242 igitur,
3414 3176 3483 3229 mi
3511 3177 3705 3241 Immo.

2125 3268 2414 3313 contentus
2448 3276 2596 3315 nunc
2626 3261 2690 3315 iis
2720 3277 2839 3330 qua:
2871 3276 3297 3321 commemorata
3333 3277 3484 3333 sunt,
3532 3281 3587 3323 et
3618 3271 3703 3324 in-

2126 3350 2359 3406 tellectis
2382 3351 2447 3405 iis
2473 3367 2593 3421 qua:
2618 3367 2739 3407 cum
2767 3353 3091 3426 philosopho
3119 3359 3495 3426 tractavimus,
3518 3361 3707 3431 pedem

2124 3441 2341 3497 domum
2378 3442 2719 3500 referamus?

2195 3553 2257 3608 Β.
2294 3551 2670 3624 Nequaquam,
2704 3556 2775 3609 mi
2801 3554 3095 3613 Zaclraria.
3125 3557 3334 3614 Etenim
3366 3560 3543 3631 ipsum
3577 3562 3707 3617 mibi

2125 3646 2485 3715 colophonem
2516 3648 2875 3703 dubitationis
2899 3650 3060 3719 cupio
3096 3659 3153 3704 ut
3188 3666 3252 3705 ex
3287 3654 3469 3707 animo
3498 3652 3709 3711 deleas.

2127 3738 2446 3807 Ingeniosus
2478 3739 2624 3794 enim
2652 3750 2707 3795 et
2734 3741 2951 3811 sapiens
2986 3757 3046 3797 es
3075 3751 3282 3797 orator.

2194 3828 2261 3883 A.
2313 3829 2444 3895 Sed,
2479 3830 2645 3884 heus!
2677 3838 2731 3883 tu
2762 3831 2891 3885 mihi
2926 3831 3025 3887 hos
3054 3847 3334 3889 sermones
3361 3834 3706 3904 valerejnbe.

2126 3916 2244 3972 Non
2292 3919 2436 3974 enim
2485 3918 2704 3973 laudum
2756 3920 3015 3986 cupidine
3067 3932 3127 3977 et
3173 3925 3553 3980 ostentationis
3607 3927 3707 3981 ista

2126 4009 2519 4079 percurrimus,
2551 4010 2648 4065 sed
2676 4021 2734 4064 ut
2762 4020 2865 4065 tua:
2902 4012 3267 4069 incolumitati
3298 4025 3353 4070 et
3396 4016 3560 4071 saluti
3588 4027 3709 4073 stu-

2130 4102 2405 4156 deremus.
2441 4100 2654 4156 Laudes
2690 4116 2819 4156 vero
2845 4102 2999 4157 nihili
3024 4103 3257 4160 facimus
3287 4124 3302 4162 :
3349 4109 3443 4162 sed
3473 4108 3708 4163 amicam

2130 4194 2432 4256 veritatem,
2459 4203 2514 4248 et
2533 4192 2940 4249 ecclesiasticas
2967 4197 3270 4251 sententias
3299 4208 3353 4250 et
3380 4200 3709 4253 documenta

2128 4284 2532 4355 amplectimur.
2584 4285 2811 4345 ReliCtis
2853 4288 3018 4358 igitur
3059 4288 3484 4357 laudationibus,
3523 4292 3701 4345 ambi-

2128 4377 2282 4430 tiosis
2313 4376 2687 4447 bonorumque
2738 4378 2948 4446 cupidis
2995 4387 3051 4433 et
3098 4382 3521 4450 appetentibus,
3572 4395 3703 4451 pro-

444 4477 649 4547 μένοις,
683 4475 814 4547 φάθι
845 4476 873 4528 ὃ
904 4493 957 4528 τι
993 4476 1087 4529 καὶ
1124 4474 1326 4545 βούλει,
1366 4475 1460 4526 καὶ
1502 4472 1554 4524 τί
1584 4488 1679 4524 σου
1707 4471 1805 4541 τὴν
1844 4469 2015 4540 ψυχὴν

2131 4483 2269 4538 pone
2316 4468 2460 4538 quod
2516 4468 2620 4532 vis,
2673 4469 2914 4543 quidque
2948 4481 3188 4526 tuentem
3239 4481 3386 4526 tuam
3441 4472 3621 4527 turbat
3652 4481 3709 4527 et

443 4570 662 4642 θορυϐεῖ
691 4587 749 4622 τε
774 4569 869 4622 καὶ
890 4568 1264 4638 διαταράττει,
1283 4567 1412 4636 περὶ
1441 4564 1508 4619 τά
1534 4564 1641 4618 τῶν
1665 4562 2015 4632 δοξασμάτων

2131 4562 2426 4617 commovit
2464 4559 2610 4616 circa
2658 4562 3057 4617 sententiarum
3110 4579 3360 4618 verarum
3405 4561 3703 4634 professio-

440 4640 540 4732 τῆς
573 4661 831 4731 ἀληθείας
870 4660 1282 4729 ὁμολογήματα.
1331 4659 1510 4728 Ἐφης
1552 4655 1687 4728 (56),
1740 4649 1785 4709 ὦ
1826 4654 2015 4721 ἀγαθὲ.

2132 4668 2275 4707 nem.
2337 4652 2582 4717 Dicebas,
2612 4653 2694 4706 vir
2728 4654 2889 4718 bone,
2941 4656 3085 4710 hunc
3122 4640 3381 4709 mumlum
3412 4674 3442 4709 a
3481 4655 3593 4711 Deo
3626 4655 3711 4709 fa-

384 4762 387 4765 ’
442 4754 592 4808 τόνδε
618 4754 709 4806 τὸν
729 4752 929 4823 κόσμον
951 4751 1056 4803 ὑπὸ
1085 4751 1177 4804 τοῦ
1206 4748 1338 4802 Θεοῦ
1363 4745 1860 4817 δεδημιουργῇσθαι
1885 4746 2015 4816 μετὰ

2133 4745 2399 4799 bricatunt
2425 4754 2548 4814 post
2603 4746 3012 4815 intelligentias,
3062 4750 3277 4817 quando
3324 4748 3500 4808 ipsum
3551 4762 3713 4817 opor-

542 4943 632 5011 50)
662 4941 957 4995 Zacharias
997 4938 1211 4992 Patrem
1253 4937 1711 5011 vocat_1cpo6ol.éa.
1737 4936 1831 4989 τοῦ
1862 4938 2018 5011 ἁγίου

447 5009 788 5081 Ιίνεύματοςς
823 5023 880 5062 ιιι
915 5011 1053 5081 idem
1089 5011 1377 5081 c0ntfi|iutu
1415 5009 1785 5081 Fltttt'lll‘itttttll
1820 5009 2020 5081 προδρ-

447 5084 545 5151 λὴν
575 5077 621 5135 ei
651 5082 857 5141 tribuit,
891 5096 944 5149 p.
979 5079 1081 5151 459
1106 5080 1272 5151 _:_0:‘ix
1321 5077 1710 5151 ἄραᾉοὺδε-μίαν
1732 5077 1857 5151 -ἕχει
1885 5077 2020 5151 πρὸς⁹

448 5095 545 5151 λην
575 5098 621 5135 et
651 5095 857 5141 trtbutt,
891 5096 944 5149 p.
979 5095 1081 5134 ιον
1115 5098 1126 5131 :
1159 5095 1272 5131 υυκ
1321 5095 1427 5149 αρα
1456 5095 1576 5130 ουοε
1627 5095 1710 5128 ιαν
1747 5095 1857 5146 εχει
1885 5095 2019 5145 προς

448 5158 548 5221 τὴν
577 5151 670 5204 τοῦ
693 5152 903 5221 [ἰατρὸς
932 5149 1201 5221 «pasam
1232 5149 1541 5210 κοινωνίαν,
1568 5095 1689 5217 ήῗτις
1720 5148 1907 5221 άῖδίως
1936 5145 2019 5215 τῷ

2135 4935 2376 5002 φανῆναι
2409 4934 2663 5003 observat
2689 4933 2982 5003 Gregorius
3008 4936 3058 4988 in
3088 4935 3204 5000 ejus
3235 4935 3375 4991 Vilu.
3409 4937 3547 4992 Tan.

2161 5075 2173 5086 ο
2200 5006 2313 5074 (55)
2365 5005 2520 5092 χρία.
2557 5002 2693 5059 Tres
2740 5002 2957 5074 quidem
2998 5005 3179 5070 liceat,
3229 5009 3328 5060 tria
3364 5009 3543 5060 dicere
3581 5007 3708 5061 reli-

2354 5075 2891 5226 ';':ffdjt£t.§tdorqg...
2938 5142 3298 5226 aqpoértlor.
3319 5142 3707 5226 “Proverbium

452 5211 628 5290 Πατρὶ
657 5211 997 5290 ἀποδέδοταί·
1033 5216 1082 5271 Ν
1092 5211 1197 5270 alia
1244 5235 1364 5287 ergo
1394 5211 1602 5290 ratione
1623 5218 1915 5290 commuuia
1944 5211 2015 5268 est

2124 5211 2245 5266 vide
2273 5216 2410 5290 apud
2442 5212 2863 5290 Zettobiunrlib.
2905 5229 2958 5290 ν,
2993 5214 3166 5290 Αίιειξξἶ
3197 5211 3286 5290 85_;
3316 5214 3708 5290 [litigi-planum"

449 5293 529 5345 ἐι·ιὶ
559 5286 829 5356 ιξτοίιαειίο
852 5308 882 5342 a
915 5288 1095 5353 Patre,
1117 5304 1232 5358 qua:
1256 5286 1537 5353 separatim
1569 5287 1715 5339 l’atrt'
1743 5286 2015 5339 tribuitur.

451 5361 896 5517 ?L(65.l)'}t£‘riar.
927 5428 1104 5482 Latini
1154 5428 1515 5499 religiosiores
1547 5428 1614 5481 ab
1647 5426 1747 5480 hac
1779 5441 1910 5480 voce
1941 5441 2025 5478 re-

449 5501 977 5642 ίυῗὲἕὶίοῶίῇδγος
1008 5570 1355 5638 Γρηγόριος.
1398 5567 1534 5642 Vide
1571 5565 1850 5642 Είρηνικῴ
1880 5563 2024 5642 λόγῳ

456 5635 711 5711 β’.’οίἐι1.
745 5642 829 5711 15.
866 5635 938 5711 Et
972 5635 1356 5711 tot—tantisque
1393 5635 1655 5711 theologis
1691 5635 1851 5711 μόνον
1881 5635 2021 5711 τοῦ-

451 5706 564 5777 τον,
592 5711 731 5781 μετὰ
764 5709 853 5763 τὸν
884 5706 1277 5779 εύαγγελιστὴν
1320 5707 1593 5772 Ἰωάννην,
1617 5706 1865 5773 θεολόγον
1888 5707 2021 5760 άνα·

2125 5284 2162 5337 l.
2195 5298 2310 5343 vm,
2334 5281 2503 5350 Adag.
2543 5283 2607 5346 5;
2663 5283 2884 5335 Suidam
2915 5283 3068 5337 Cent.
3103 5283 3206 5346 l2,
3246 5283 3413 5349 Adag.
3447 5282 3534 5338 65.
3564 5284 3712 5349 Quos

2132 5354 2623 5471 Eneto‘resBjnnc-tos
2664 5353 3071 5422 illustratosque
3102 5353 3323 5406 doctiss.
3359 5354 3583 5408 Scitotto
3613 5356 3711 5408 de-

2175 5437 2347 5471 ElllllS.
2427 5439 2475 5471 Δ.

2134 5423 2682 5572 ﬁge-0770..
2708 5490 2935 5559 ὑγείας.
2969 5487 3163 5544 Saluti.
3200 5491 3405 5547 GENEB.
3439 5491 3704 5549 BA.Sani-

2136 5559 2328 5700 1.ὶῖῧὸ
2335 5577 2560 5698 Α’ἱξτης.
2600 5628 2856 5684 Personat
2903 5631 2990 5684 hic
3031 5632 3372 5688 conturbata:
3409 5644 3536 5689 sunt
3561 5674 3577 5700 ,
3618 5632 3709 5692 sed

2132 5702 2203 5755 ita
2240 5712 2297 5754 ut
2332 5717 2394 5754 ex
2430 5700 2567 5755 Ιὶιειιῆ
2603 5701 2807 5769 possint
2833 5700 3055 5771 corrigi.
3082 5701 3187 5755 ΒΑ.
