4070 6432
407 391 547 458 1123

1382 385 1781 450 ZACHARLE
1821 380 2251 445 MITYLENES
2288 378 2626 440 EPISCOPI

3528 376 3662 442 1124

408 512 610 565 tionem
663 508 1042 578 participantia
1094 503 1295 561 addixit
1325 503 1468 558 Deus
1508 516 1718 558 summe
1750 500 1971 568 bonus),

2094 497 2220 567 ξμᾶς
2249 496 2319 548 τά
2343 496 2539 564 λογικά
2560 494 2857 564 πλάσματα
2897 496 2927 547 6
2964 495 3193 564 Ἀγαθός
3231 494 3392 566 (68)),
3420 497 3526 551 ἔδει
3554 479 3664 553 πά-

405 599 693 669 oportehat
725 613 940 651 rursum
971 612 1091 666 qua:
1125 597 1279 652 nobis
1302 592 1816 649 circumfunduntur
1852 589 1977 643 talia

403 705 546 752 esse,
584 690 768 757 qualia
800 697 855 742 et
885 700 1072 743 nostra
1104 702 1358 758 corpora,
1390 685 1575 756 gloria:
1608 692 1665 737 et
1694 683 1978 738 immorta-

406 782 575 834 litatis
612 780 791 847 plena,
830 788 887 833 et
925 780 1103 835 soluta
1153 779 1299 833 omni
1346 776 1646 831 mutatione
1689 782 1745 827 et
1776 772 1978 826 altera-

405 873 574 938 tione,
605 881 664 924 ut
695 871 872 925 simile
902 871 1063 925 simili
1097 872 1419 940 propinquet
1447 877 1503 920 et
1549 864 1842 919 adhmreat.
1873 863 1978 917 Ista

404 972 488 1016 est
516 962 676 1025 ratio,
718 960 874 1015 beate
904 962 987 1013 vir
1012 1000 1027 1023 ,
1062 977 1161 1021 cur
1190 976 1296 1013 non
1342 958 1411 1012 ab
1441 956 1651 1024 origine
1700 954 1814 1007 hzec
1860 952 1981 1006 ιιιιί-

405 1053 641 1107 versitas
672 1052 996 1105 immortalis
1010 1061 1063 1103 et
1087 1051 1396 1117 incorrupta
1430 1063 1457 1099 a
1482 1044 1595 1099 Deo
1614 1044 1867 1113 producta
1886 1043 1976 1094 sit.

478 1144 539 1197 Β.
567 1142 739 1196 Dubio
774 1144 996 1195 dubium
1024 1141 1153 1195 mihi
1195 1138 1429 1204 solvisti,
1471 1137 1647 1191 amice
1697 1134 1802 1190 vir.
1848 1132 1982 1185 Nam

408 1236 452 1291 si
482 1237 642 1290 etiam
671 1236 919 1289 homines
958 1234 1201 1286 facturus
1229 1240 1349 1284 erat
1377 1226 1735 1290 immortales,
1767 1240 1865 1280 cur
1893 1225 1985 1277 be-

409 1326 752 1380 neficentiam
786 1340 938 1379 suam
982 1322 1201 1378 differt?
1242 1337 1339 1376 cur
1367 1335 1473 1375 non
1503 1318 1667 1375 simul
1702 1333 1827 1373 cum
1858 1323 1981 1370 ortu

410 1416 737 1470 immortalia
770 1415 955 1470 Omnia
984 1413 1207 1468 ell‘ecit?

479 1531 542 1579 A.
580 1526 836 1581 Ausculta
870 1527 1199 1593 praclarum
1246 1536 1550 1577 sermonem
1582 1534 1740 1589 quem
1769 1518 1987 1571 divinus

411 1616 501 1672 ille
536 1620 794 1687 propheta
841 1626 896 1670 et
938 1615 1214 1683 Iegislator
1242 1611 1419 1667 Moses
1457 1610 1697 1677 scripsit,
1727 1623 1889 1678 quem
1933 1615 1987 1661 et

411 1722 597 1759 verum
629 1721 751 1760 csse
787 1706 928 1758 ratio
963 1702 1351 1773 deprehendit.
1387 1698 1523 1753 Nam
1558 1698 1750 1769 Opil'ex
1802 1706 1859 1751 et
1903 1696 1985 1751 el-

412 1797 587 1851 l'ector
618 1797 774 1865 hujus
805 1796 1068 1858 universi,
1096 1802 1217 1859 post
1256 1792 1380 1847 coeli
1411 1800 1468 1845 et
1517 1800 1679 1844 terrae
1716 1797 1771 1843 et
1815 1787 1985 1841 maris

412 1890 866 1955 procreationem,
918 1887 1156 1954 itemque
1191 1884 1341 1948 solis,
1376 1883 1536 1946 lunai,
1588 1880 1893 1944 stellarum,
1932 1890 1989 1933 et

413 1991 602 2031 eorum
633 1978 723 2044 qui
757 1976 810 2028 in
839 1974 996 2038 caalo,
1031 1984 1197 2036 terra,
1226 1985 1352 2025 aere
1381 1980 1435 2025 et
1470 1970 1604 2023 mari
1638 1968 1862 2038 degunt,
1893 1968 1989 2021 ho-

414 2069 615 2121 minem
666 2068 903 2120 condens
930 2064 1233 2136 (oportebat
1273 2063 1417 2117 enim
1447 2062 1598 2131 quasi
1634 2060 1743 2129 regi
1768 2071 1823 2113 et
1860 2074 1991 2113 eou-

414 2158 551 2210 τίνω
579 2158 645 2210 ab
677 2157 918 2209 omnium
968 2170 1096 2224 rege
1126 2164 1182 2209 et
1226 2154 1367 2223 epuli
1403 2153 1662 2221 magistro
1693 2150 1987 2219 praeparari

414 2246 593 2313 regias
625 2248 770 2300 ades
802 2254 856 2298 et
885 2243 1218 2307 convivium,
1254 2253 1307 2295 et
1338 2256 1458 2310 quae
1504 2241 1571 2293 ad
1616 2239 1985 2308 epulationem

416 2337 717 2405 pertinent,
747 2334 947 2390 deinde
972 2335 1050 2389 sic
1083 2348 1262 2403 regem
1299 2347 1464 2401 super
1513 2341 1715 2385 terram
1757 2330 1986 2400 imponi,

414 2437 470 2480 et
501 2428 725 2496 produci
759 2441 963 2496 regem,
995 2435 1051 2480 et
1077 2425 1362 2479 convivam
1400 2423 1664 2476 bonorum
1694 2435 1815 2490 quae
1868 2437 1989 2475 ma-

414 2534 552 2587 gnus
582 2520 723 2587 epuli
761 2520 1013 2587 magister
1030 2514 1399 2586 apposueral),
1426 2512 1723 2579 hominem,
1750 2514 1987 2582 inquam,

418 2609 657 2660 comlens
683 2606 851 2676 288
881 2607 1055 2659 bonus
1088 2604 1179 2658 ille
1215 2601 1433 2672 Opilex,
1458 2612 1803 2671 mentemque
1832 2603 1994 2655 intel-

417 2695 678 2764 ligentem
717 2711 878 2762 quam
920 2708 1053 2747 sane
1080 2694 1371 2763 imaginem
1406 2693 1576 2761 ipsius
1604 2706 1726 2745 esse
1745 2693 1993 2761 agnoscit

424 2786 589 2850 ratio,
626 2800 749 2838 cum
786 2798 1013 2853 corpore
1037 2784 1178 2851 quod
1207 2782 1307 2836 sub
1336 2794 1553 2834 sensum
1585 2779 1733 2834 cadit
1758 2794 1982 2849 compo-

420 2890 557 2930 nens
584 2886 639 2930 et
672 2875 952 2944 colligatis,
991 2881 1045 2928 et
1087 2874 1157 2927 ab
1195 2883 1318 2927 ortu
1349 2873 1526 2942 primo
1561 2871 1993 2928 immortalitatis

422 2968 631 3023 semina
677 2982 771 3035 per
803 2966 1166 3021 immortalem
1202 2966 1440 3019 animam
1479 2965 1803 3033 corporibus
1843 2965 1993 3019 inse—

421 3074 570 3125 rens,
616 3067 674 3112 nt
715 3058 1133 3112 beneﬁcentiam
1181 3059 1307 3114 boni
1364 3067 1420 3112 et
1465 3058 1989 3129 contemplationem

420 3149 693 3199 sentirent
732 3146 898 3197 etiam
924 3146 1228 3212 insensilia,
1264 3162 1327 3201 ac
1356 3162 1452 3216 per
1480 3149 1788 3202 mistionem
1829 3146 1991 3201 intelo

421 3237 642 3306 Iigeutis
674 3238 951 3300 essentiaa,
987 3245 1042 3289 et
1068 3240 1517 3306 temperatiouem
1556 3239 1675 3308 ejus
1718 3240 1994 3308 particeps

420 3336 591 3390 esset,
627 3342 740 3378 suae
791 3328 1083 3395 potestatis
1121 3326 1379 3394 faciebat,
1410 3338 1469 3382 ut
1507 3344 1536 3382 a
1571 3329 1897 3383 necessitate
1929 3327 1995 3381 li-

422 3419 640 3482 berum,
666 3417 924 3483 solutum,
966 3427 1021 3471 et
1053 3420 1134 3472 sui
1166 3419 1331 3486 juris.
1370 3420 1462 3474 illa
1494 3421 1638 3475 enim
1670 3429 1757 3474 est
1779 3429 1905 3475 nota
1938 3430 1996 3476 et

424 3520 634 3564 tessera
675 3511 887 3564 ratione
913 3514 1217 3579 praesertim
1246 3513 1525 3567 instructae
1556 3521 1787 3576 naturae,
1815 3512 1994 3581 imago

419 3612 478 3657 et
507 3603 741 3656 imitatio
769 3604 987 3672 superni
1019 3605 1171 3675 regni
1196 3623 1210 3659 :
1237 3613 1291 3659 et
1311 3606 1592 3674 prmmium
1621 3605 1748 3660 illud
1774 3607 1997 3659 immoro

424 3693 649 3749 talitatis
680 3695 850 3765 legem
878 3695 1129 3765 praebuit,
1166 3708 1223 3751 ut
1255 3709 1443 3753 nosset
1474 3696 1792 3763 Dominum,
1820 3712 1995 3767 neque

422 3798 483 3841 se
528 3788 647 3841 sine
696 3802 825 3856 rege
870 3801 937 3841 ac
985 3787 1209 3842 domino
1252 3802 1375 3844 esse
1412 3788 1600 3855 sciret,
1637 3790 1994 3859 quantumvis

421 3891 608 3932 eorum
642 3893 762 3947 qua:
803 3889 932 3934 sunt
962 3893 1123 3948 super
1172 3888 1374 3934 terram
1408 3896 1505 3936 rex
1538 3890 1684 3936 esset
1725 3882 1994 3936 constitu-

425 3979 556 4025 tus:
590 3971 640 4023 id
670 3970 971 4039 proiectum
1008 3985 1039 4024 e
1071 3969 1429 4027 beneﬁcentia
1471 3972 1587 4042 Dei,
1620 3973 1713 4043 qui
1748 3988 1872 4027 eum
1909 3985 1997 4027 re-

422 4076 543 4132 gem
573 4062 880 4117 constituit.
916 4062 1242 4117 Przeclarum
1270 4064 1414 4120 enim
1442 4075 1526 4121 est
1557 4080 1708 4121 suam
1739 4064 1991 4120 servilem

422 4155 792 4210 conditionem
835 4171 1152 4226 agnoscere,
1188 4158 1330 4227 quod
1371 4158 1766 4229 arrogantiam,
1801 4168 1856 4212 et
1890 4172 1992 4210 au-

421 4247 662 4317 daciam,
697 4257 753 4304 et
790 4251 1100 4318 superbiam
1135 4259 1191 4305 et
1231 4249 1432 4305 fastum
1472 4250 1827 4316 exterminat,
1873 4249 1988 4319 pri-

497 4420 715 4506 (68)_i0
751 4426 1161 4506 dmodc.__1‘ion
1190 4437 1314 4506 puto
1338 4425 1466 4506 alibi
1502 4425 1581 4479 sic
1616 4422 1995 4506 loqui-zacha-
2028 4451 2070 4506 ο

424 4495 598 4551 riam.
624 4495 810 4567 Itaque
847 4512 901 4552 et
934 4501 1092 4555 isthic
1125 4495 1369 4551 voculatn
1400 4496 1689 4562 adjeceritn
1717 4507 1735 4547 :
1770 4495 1828 4547 ὐ
1857 4496 1995 4561 ἀγα-

424 4567 515 4620 θὸς
550 4566 703 4620 Θεός.
736 4566 836 4620 ΒΑ.

494 4588 515 4630 ς
550 4583 703 4626 δεος.
736 4583 836 4621 DA.

516 4638 615 4706 {69)
653 4638 869 4690 Ἄκουε
903 4631 1036 4700 οὖν,
1067 4636 1239 4704 φασὶ,
1262 4632 1428 4706 [nixa
1453 4632 1643 4687 καλοῦ
1678 4634 1885 4703 λόγου.
1919 4633 1998 4690 Si-

527 4654 615 4706 W)
662 4654 869 4690 ‘Axovs
903 4654 1036 4700 ουν,
1067 4654 1239 4704 φασι,
1262 4654 1428 4702 μανία

429 4654 574 4760 miiia
600 4713 738 4774 apud
770 4707 998 4759 Aitteattt
1029 4712 1093 4757 ad
1131 4709 1312 4757 linem.
1342 4703 1437 4756 ΒΑ.

500 4777 612 4843 (70)
657 4775 729 4828 De
767 4775 962 4845 Moysis
1010 4776 1328 4827 auctoritate
1367 4773 1515 4845 apud
1556 4785 1783 4845 veteres,
1831 4775 1995 4827 etiam

427 4858 578 4898 extra
616 4844 916 4908 veritatem,
948 4858 1241 4912 scriptores
1262 4883 1277 4905 ,
1308 4855 1469 4911 caput
1490 4844 1730 4895 dedimus
1758 4852 1997 4898 secundo

431 4915 697 4967 volumine
725 4912 1183 4966 Adversariorum.
1215 4912 1415 4983 Moysts
1451 4917 1836 4983 eognopoeiam
1873 4929 1995 4967 cunt

428 4985 709 5053 gentilium
741 4984 1091 5053 compositam
1145 4979 1317 5038 habes
1349 4984 1488 5053 apud
1518 4979 1873 5052 Theophilum
1901 4984 1993 5037 lib.

428 5048 468 5107 Ῐι
533 5054 610 5104 Ad
633 5052 965 5119 Autolycum.
998 5048 1094 5103 ΒΑ.

498 5122 609 5189 (71)
638 5123 975 5190 Δαιτυμόη.
1004 5122 1279 5186 Conviva,
1310 5120 1510 5190 hospiti
1538 5123 1605 5176 ad
1637 5135 1899 5184 mensam,
1929 5122 1996 5176 ad

428 5196 617 5261 epulas
643 5194 884 5243 imitate.
920 5189 1049 5243 Vide
1081 5189 1427 5262 Hesychiunt,
1464 5193 1560 5262 qui
1597 5194 1763 5245 etiam
1794 5206 1997 5262 coquos

428 5269 529 5316 hac
564 5275 691 5312 voce
716 5263 952 5311 censitos
981 5275 1246 5315 autumat.
1278 5261 1372 5316 Bt.

500 5330 610 5397 (72)
672 5329 1071 5397 Ἐστιάτορος.
1127 5330 1455 5387 ι’τίιιὺὶιοτῖε.
1486 5331 1576 5386 Sic
1602 5330 1744 5384 enim
1788 5329 1998 5385 exhibi-

430 5410 604 5474 torem
639 5403 915 5474 epularum
956 5413 1199 5474 vocatum
1226 5403 1352 5455 alibi
1383 5401 1739 5456 ostendimus.
1770 5399 1866 5457 ΒΑ.

504 5468 615 5537 (75)
662 5467 784 5521 Τῶν
829 5467 1082 5537 ἀγαθῶν.
1128 5470 1241 5524 Hoc
1278 5484 1361 5525 est
1402 5474 1700 5535 bonorum,
1752 5477 1994 5526 ciborum

429 5540 726 5613 salubrium
761 5550 808 5592 et
842 5541 975 5613 bene
1012 5553 1415 5613 apparatorum.
1448 5543 1731 5595 Petronius
1764 5543 1830 5596 de
1862 5542 1997 5596 deli-

427 5620 554 5662 cato
586 5610 697 5671 tali,
732 5619 837 5662 etc.
873 5608 1193 5675 Vide;"non
1225 5614 1516 5676 repetenda
1547 5615 1691 5666 enim
1740 5613 1828 5666 hic
1871 5621 1997 5665 sunt

429 5693 550 5745 qua:
579 5681 892 5754 scripsimus
929 5682 1211 5735 Adaei-sar.
1258 5682 1349 5754 lib.
1385 5695 1515 5754 ςιιιι
1545 5679 1824 5754 [inedito],
1856 5698 1907 5735 c.
1937 5682 1993 5754 2.

432 5750 719 5817 buunt-nua
754 5750 942 5805 eadem
976 5754 1142 5808 babes
1185 5753 1325 5822 apud
1367 5750 1597 5807 Asueat'n
1633 5750 1895 5806 nostrum.
1934 5752 1998 5806 et

1142 5974 1171 5995 κ

2084 587 2168 640 λιν
2190 586 2261 640 τά
2288 587 2418 655 περὶ
2437 586 2585 655 ἡμᾶς
2604 584 2813 638 τοιαῦτ’
2836 580 2974 639 εἶναι
2992 580 3190 655 οἷάπερ
3214 588 3310 640 καὶ
3334 587 3664 660 τάἡμέτερα

2086 678 2338 747 σώματα,
2372 675 2531 747 δόξης
2552 693 2613 730 τε
2647 677 2744 730 καὶ
2772 676 3072 741 ἀθανασίας
3095 678 3333 749 ἔμπλεα,
3362 680 3455 732 καὶ
3482 681 3665 751 πάσης

2088 768 2392 840 μεταϐολῆς
2456 767 2549 820 καὶ
2620 766 2962 830 ἀλλοιώσεως
3031 768 3331 838 ἐλεύθεραο
3398 770 3546 832 ὅπως
3598 771 3665 822 τὸ

2084 861 2269 930 ὅμοιον
2305 857 2383 927 τῷ
2427 857 2598 928 ὁμοίῳ
2628 856 2838 928 πελάζῃ
2885 875 2943 910 τε
2985 857 3079 910 καὶ
3127 857 3384 931 θιγγάνῃ.
3435 853 3603 920 Οὗτος
3637 863 3667 911 6

2084 950 2263 1017 λόγος,
2295 943 2340 1002 ὦ
2368 949 2636 1019 μακάριε,
2667 946 2763 999 τοῦ
2788 946 2863 1018 μὴ
2891 945 3126 999 ἀνέκαθε
3157 947 3275 998 τόδε
3306 948 3368 999 τὸ
3394 949 3504 999 πᾶν
3531 949 3667 1000 ἀδά-

2087 1056 2245 1093 νατον
2274 1039 2366 1091 καὶ
2394 1035 2700 1107 ἀνώλεθρον
2724 1036 2861 1105 πρὸς
2887 1034 2982 1087 τοῦ
3010 1034 3146 1088 Θεοῦ
3179 1037 3490 1103 γεγονέναι.

2156 1128 2217 1181 Β.
2262 1126 2499 1197 Ἀπορίᾷ
2514 1142 2605 1195 μοι
2628 1125 2725 1196 τὴν
2748 1124 2983 1195 ἀπορίαν
3005 1124 3350 1189 διαλέλυκας,
3383 1119 3429 1178 ὧ
3460 1127 3665 1189 ἑταῖρε.

2087 1219 2152 1274 El
2208 1219 2318 1289 γάρ
2359 1218 2425 1288 δὴ
2470 1218 2567 1270 καὶ
2615 1217 2741 1280 τοὺς
2793 1215 3115 1285 ἀνθρώπους
3146 1216 3448 1281 ἀθανάτους
3494 1222 3670 1271 ποιεῖν

2086 1310 2311 1380 ἔμελλε,
2353 1308 2406 1361 τί
2452 1308 2549 1379 τὴν
2584 1307 2908 1379 εὐεργεσίαν
2941 1307 3341 1374 ἀναδάλλεταις
3389 1307 3454 1362 Τί
3485 1308 3541 1361 δὲ
3590 1309 3667 1379 μὴ

2086 1403 2201 1473 ape
2226 1405 2290 1473 τῇ
2319 1402 2555 1470 γενέσει,
2589 1400 2834 1454 ἀθάνατα
2865 1401 3043 1453 πάντα
3067 1399 3279 1465 ἐποίεις

2156 1516 2221 1568 Δ.
2270 1515 2467 1566 Ἀκουε
2513 1511 2629 1577 οὖν,
2678 1512 2834 1580 φασὶ,
2883 1510 3029 1580 μάλα
3058 1509 3226 1564 καλοῦ
3259 1509 3418 1578 λόγου
3448 1510 3583 1579 (69),
3612 1509 3672 1564 ὃν

2085 1604 2328 1671 Μωῦσῆς
2380 1604 2479 1672 μὲν
2530 1605 2559 1657 6
2589 1603 2874 1664 θεσπέσιος
2912 1603 3199 1673 προφήτης
3244 1602 3337 1654 καὶ
3376 1601 3675 1670 νομοθέτης

2088 1694 2447 1765 συνέγραψεν,
2481 1693 2656 1764 ἀληθῆ
2691 1693 2747 1745 δὲ
2792 1692 2923 1745 ὄντα
2966 1695 2996 1745 6
3028 1692 3186 1758 λόγος
3216 1692 3504 1762 ἐφώρασεν
3534 1691 3670 1761 (70).

2099 1786 2159 1839 '0
2203 1786 2312 1855 γάρ
2344 1784 2691 1856 Δημιουργὸς
2724 1788 2818 1838 καὶ
2869 1784 3096 1854 ποιητὴς
3139 1783 3292 1837 τοῦδε
3330 1781 3424 1836 τοῦ
3470 1783 3673 1846 παντὸς

2091 1874 2232 1946 μετά
2278 1876 2378 1944 τὴν
2425 1872 2659 1944 οὐρανοῦ
2706 1873 2936 1942 καὶτῆς
2985 1873 3081 1925 καὶ
3113 1872 3386 1941 θαλάττης
3432 1872 3672 1940 γένεσιν,

2089 1966 2243 2037 ἡλίου
2275 1982 2336 2020 τε
2369 1967 2465 2019 καὶ
2511 1965 2768 2035 σελήνης,
2803 1964 2901 2018 καὶ
2926 1964 3193 2036 ἀστέρων,
3237 1963 3332 2017 καὶ
3359 1962 3467 2017 τῶν
3494 1965 3553 2016 ὲν
3582 1963 3677 2016 οὐ·

2094 2055 2242 2128 ρανῴ
2271 2057 2366 2110 καὶ
2394 2058 2489 2126 γῇ,
2525 2056 2648 2125 ἀέρι
2674 2072 2734 2108 τε
2760 2056 2855 2109 καὶ
2886 2053 3126 2127 θαλάττῃ
3153 2054 3549 2123 διαιτωμένων,
3582 2053 3677 2107 τὸν

2090 2147 2377 2217 ἄνθρωπον
2422 2144 2769 2217 δημιουργῶν
2800 2143 2939 2213 (ἔδει
2987 2145 3094 2215 γάρ
3125 2138 3217 2198 οἷα
3258 2143 3470 2214 βασιλεῖ
3490 2161 3549 2196 τε
3582 2143 3676 2197 καὶ

2090 2240 2375 2310 δαιτυμόνι
2413 2240 2526 2309 (71)
2557 2238 2662 2291 ὑπὸ
2684 2237 2780 2292 τοῦ
2816 2237 3035 2291 πάντων
3070 2235 3333 2307 βασιλέως
3370 2236 3466 2291 καὶ
3496 2236 3676 2290 ἑστιάρ-

2091 2348 2249 2402 τορος
2281 2330 2434 2399 (72),
2486 2328 2991 2400 προετοιμασθῆναι
3044 2327 3112 2381 τά
3161 2327 3410 2398 βασίλεια
3466 2328 3563 2381 καὶ
3613 2326 3677 2381 τὸ

2095 2420 2398 2491 συμπόσιον
2438 2419 2532 2472 καὶ
2578 2419 2648 2473 τά
2690 2419 2792 2490 τῆς
2834 2419 3163 2482 ἑστιάσεως·
3225 2415 3326 2472 εἷθ’
3378 2417 3552 2482 οὓτως
3583 2417 3677 2471 τόν

2094 2510 2189 2564 ἐπὶ
2234 2511 2338 2580 γῆς
2381 2509 2816 2580 χειροτονοθῖψαι
2867 2510 2963 2563 καὶ
3018 2508 3398 2580 προϐληθῖμαι
3450 2509 3679 2580 βασιλέα

2094 2600 2187 2655 καὶ
2232 2599 2529 2671 δαιτυμόνα
2558 2600 2665 2654 τῶν
2696 2599 2917 2670 ἀγαθῶν
2950 2602 3088 2671 (75),
3119 2593 3195 2654 ὧν
3229 2603 3257 2655 6
3300 2602 3474 2671 μέγας
3504 2600 3677 2673 προῦ-

2095 2691 2264 2764 θηκεν
2312 2693 2653 2764 έστιάτωρ·)
2699 2694 2728 2746 6
2772 2692 2903 2762 γοῦν
2948 2692 3152 2761 ἀγαθὸς
3194 2693 3428 2764 Ποιητὴς
3462 2693 3555 2746 τὸν
3585 2694 3679 2748 ἄν·

2096 2783 2317 2855 θρωπον
2347 2784 2696 2855 δημιουργῶν
2723 2785 2817 2838 καὶ
2844 2786 3037 2855 νοεράν
3067 2784 3270 2856 ψυχὴν,
3302 2786 3369 2857 ἢν
3396 2787 3462 2855 δὴ
3492 2787 3674 2840 εἰκόνα
3782 2782 3791 2791 ”

2095 2873 2263 2928 αὐτοῦ
2298 2869 2441 2929 οἶδεν
2470 2875 2500 2928 6
2540 2875 2718 2944 λόγος,
2747 2875 2991 2947 αἰσθητῷ
3020 2876 3237 2946 σώματι
3266 2883 3582 2949 συγκρίνων
3611 2894 3675 2931 τε

2096 2967 2193 3020 καὶ
2225 2965 2480 3030 συνδέων,
2512 2967 2606 3020 καὶ
2644 2967 2908 3021 ἀνέκαθεν
2938 2968 3007 3022 τὰ
3032 2972 3131 3039 τῆς
3162 2968 3463 3033 ἀθανασίας
3501 2970 3673 3040 σπέρ-

2099 3074 2247 3127 ματα
2295 3057 2385 3111 διά
2422 3057 2522 3127 τῆς
2567 3057 2837 3111 ἀθανάτου
2868 3058 3047 3129 ψυχῆς
3075 3061 3189 3121 τοῖς
3228 3058 3475 3131 σώμασιν
3502 3060 3669 3125 ἐγκα-

2096 3151 2432 3220 τασπείρων,
2471 3149 2621 3213 ὅπως
2653 3149 2720 3204 ἂν
2747 3151 2846 3222 τῆς
2892 3151 3215 3221 εὐεργεσίας
3247 3152 3293 3206 τ’
3324 3151 3530 3221 ἀγαθοῦ
3574 3153 3674 3225 καὶ

2097 3240 2199 3310 τῆς
2241 3240 2478 3311 θεωρίας
2508 3240 2817 3295 αἰσθάνοιτο
2849 3241 2943 3294 καὶ
2986 3244 3055 3295 τὰ
3096 3241 3422 3312 ἀναίσθητα,
3467 3242 3563 3295 καὶ
3588 3242 3677 3295 διά

2099 3333 2199 3403 τῆς
2238 3332 2439 3402 μίξεως
2490 3333 2585 3403 τῆς
2632 3334 2826 3404 νοερᾶς
2861 3333 3051 3398 οὐσίας
3082 3335 3175 3387 καὶ
3222 3335 3677 3404 συνανακράσεως

2098 3423 2287 3478 τούτου
2343 3424 2593 3495 μετέχοι,
2647 3425 2998 3491 αὐτεξούσιον
3047 3427 3222 3480 ἐποίει
3280 3426 3376 3480 καὶ
3430 3427 3680 3495 ἀνάγκης

2099 3516 2405 3588 ἐλεύθερον,
2456 3517 2657 3587 ἄφετόν
2708 3535 2769 3571 τε
2802 3519 2896 3571 καὶ
2956 3519 3276 3588 αὐτόνομον.
3338 3519 3512 3573 Τοῦτο
3566 3521 3680 3590 γάρ

2100 3606 2423 3677 γνώρισμα,
2459 3607 2556 3662 καὶ
2598 3607 2855 3679 σύνθημα
2883 3594 3108 3679 λογιᾶιῆς
3156 3608 3394 3679 μάλιστα
3438 3608 3678 3678 φύσεως,

2100 3700 2197 3750 κα)⁵
2245 3697 2409 3751 εἰκὼν
2461 3699 2555 3753 καὶ
2593 3700 2825 3770 μίμησις
2853 3699 2967 3770 (7d)
3027 3703 3126 3772 τῆς
3182 3700 3295 3754 ἀνω
3360 3699 3675 3770 βασιλείας·

2100 3785 2261 3842 ἆθλόν
2299 3806 2359 3843 τε
2404 3789 2562 3844 τοῦτο
2603 3791 2930 3855 ἀθανασίας,
2983 3792 3147 3863 νόμον
3194 3795 3477 3862 παρεῖχεν,
3531 3792 3681 3856 ὅπως

2098 3880 2356 3952 γνωρίζοι
2385 3882 2477 3935 τόν
2505 3884 2804 3953 Δεσπότην,
2838 3884 2930 3938 καὶ
2964 3883 3039 3948 ὡς
3071 3884 3173 3939 οὐκ
3206 3883 3293 3957 εῑη
3324 3884 3680 3955 ἁϐασίλευτός

2101 3991 2162 4028 τε
2192 3972 2287 4026 καὶ
2315 3973 2610 4036 ἀδέσποτος
2641 3974 2828 4045 εἰδείη,
2860 3977 2909 4029 εί
2948 3978 3042 4029 καὶ
3069 3976 3179 4030 τῶν
3217 3978 3310 4030 ἐπὶ
3338 3980 3440 4049 γῆς
3463 3981 3679 4048 γεγόνει

2102 4063 2359 4135 βασιλεὺς
2391 4062 2528 4135 (73),
2564 4064 2853 4135 εὐεργεσίᾳ
2899 4065 2993 4119 τοῦ
3029 4066 3255 4136 βασιλέα
3289 4070 3675 4141 πεποιηκότος.

2098 4157 2303 4227 Χρῆμα
2332 4157 2440 4226 γάρ
2478 4173 2530 4209 τι
2554 4157 2719 4210 καλὸν
2746 4159 2779 4228 ἡ
2814 4157 2916 4226 τῆς
2941 4158 3185 4222 δουλείας
3212 4161 3512 4228 ἐπίγνωσις
3542 4163 3677 4235 (76),

2098 4249 2484 4321 ὑπερηφανίαν
2503 4252 2598 4302 καὶ
2622 4250 2914 4305 αὐθάδειαν
2936 4252 3029 4305 καὶ
3052 4253 3220 4322 τῦφον
3241 4255 3335 4310 καὶ
3361 4256 3681 4322 ἀλαζονείαν

2098 4423 2530 4505 ίυοτιιημιιξψιρ
2559 4426 2664 4505 duo
2691 4428 2894 4505 egregii
2928 4429 3017 4505 isti
3045 4429 3345 4501 scriptores
3371 4434 3533 4492 unius
3563 4452 3680 4492 ma-

2098 4498 2251 4564 gistri
2282 4496 2530 4562 discipuli
2558 4512 2573 4562 ;
2606 4496 2677 4549 ita
2713 4496 2870 4565 plane
2901 4504 3090 4553 eadem
3123 4496 3476 4560 couitttetttati
3527 4517 3673 4563 sunl.

2100 4565 2211 4618 hec
2245 4576 2326 4619 est
2361 4580 2498 4616 unus
2531 4576 2708 4620 tamen
2739 4571 2961 4623 omnino
2989 4581 3205 4627 auctor.
3238 4571 3335 4626 ΒΑ.

2172 4634 2285 4705 (74)
2323 4632 2518 4713 Epid)?
2540 4637 2638 4713 καὶ
2656 4638 2931 4713 μίμησις.
2964 4642 3163 4709 Sibylla
3178 4641 3544 4713 ⁸ε-’Ἀνθρωποι
3569 4646 3677 4700 θεό-

2100 4705 2335 4780 πλαστον
2357 4705 2654 4780 ἔχοντες-ἐν
2687 4705 2857 4759 εἰκόνι
2899 4705 3141 4780 μορφήν.
3173 4705 3443 4766 Manilii-ts.
3487 4715 3677 4769 Exem-

2096 4775 2458 4849 plumquebei
2492 4775 2710 4849 quisque
2745 4791 2817 4830 est
2850 4775 2911 4831 iii
2947 4775 3175 4849 imagine
3197 4799 3379 4848 parva.
3412 4782 3673 4842 Ovidius:

2097 4842 2288 4965 μέτεπὲ
2339 4847 2395 4894 in
2450 4845 2676 4912 cl/igieut
2733 4842 3097 4903 moderantum
3161 4842 3365 4904 cuncta.
3411 4854 3672 4920 deorum,

2097 4925 2202 4965 etc.
2284 4932 2336 4965 Α.

2097 4925 2202 4966 etc.
2242 4925 2336 4966 UA.

2170 4982 2283 5062 (75)
2320 4988 2573 5062 ΔΓειῖιιοόρθει
2599 4989 2923 5062 βασιλεύς.
2951 4986 3208 5059 Olympus
3230 4987 3593 5062 Nemesianus
3622 4996 3674 5050 in

2100 5050 2431 5119 Halieutico;
2465 5050 2656 5113 Ovudio
2685 5060 2840 5125 vulgo
2871 5050 3156 5125 ascrtpto':
3204 5060 3415 5128 Accepit
3448 5072 3675 5120 munda

2098 5138 2290 5202 regem.
2324 5128 2543 5204 lividius
2572 5148 2584 5182 :
2612 5128 2884 5204 [Sanctius
2920 5130 3001 5183 Itis
3023 5129 3225 5204 animal
3262 5134 3551 5204 mentisque
3586 5152 3676 5189 cu-

2097 5194 2277 5260 pacius
2298 5196 2420 5269 tith
2446 5194 2658 5269 [Deerut
2680 5199 2873 5261 adhuc,
2896 5211 2941 5251 et
2964 5202 3102 5269 quod
3126 5202 3392 5253 dominari
3412 5194 3674 5259 in'cwtera

2096 5275 2263 5338 posset
2287 5280 2313 5338 ς,
2339 5264 2539 5338 [Ναῖηε
2571 5270 2726 5322 humo
2754 5277 2851 5338 est.
2890 5264 3222 5323 De’hominis
3253 5270 3544 5327 decoribus
3577 5291 3671 5328 nov

2100 5334 2260 5387 bilem
2277 5334 2478 5409 librum
2499 5342 2761 5395 habemus
2780 5337 3039 5403 Nemesii,
3056 5339 3360 5409 philusoplti
3379 5343 3672 5399 Christiani

2097 5406 2372 5477 qualitivis
2399 5409 2577 5477 pretii.
2612 5409 2709 5463 ΒΑ.

2169 5473 2280 5558 (76)
2328 5473 2616 5558 Δοῇλλξίας
2646 5478 2993 5549 ἐπίγνωσις.
3046 5481 3125 5539 De
3165 5490 3428 5557 dignitate
3482 5486 3675 5557 agnita

2098 5551 2247 5621 recte
2275 5551 2574 5621 servitutis,
2603 5562 2769 5619 utque
2793 5566 2856 5605 ea
2897 5568 2993 5621 per
3021 5560 3203 5613 omnia
3225 5551 3542 5614 'distributa'
3559 5558 3633 5609 sit
3655 5594 3672 5615 .

2098 5613 2338 5696 pulchris
2367 5613 2615 5696 versibus
2644 5613 2912 5696 Papinius
2935 5635 3118 5696 noster
3155 5631 3249 5696 lib,
3287 5644 3370 5690 tu,
3425 5642 3595 5679 carui.
3640 5613 3674 5677 3

2099 5684 2990 5764 _Silvarnm,l_l.acrymis'Etrusci,
3040 5697 3168 5752 olim
3221 5684 3385 5761 servi,
3419 5705 3536 5764 post
3576 5699 3675 5748 sul:

2100 5759 2515 5823 imperatoribus
2546 5759 2778 5818 diversis
2805 5768 3017 5831 magnis
3053 5770 3213 5824 rebus
3248 5759 3449 5824 adiiioii
3486 5784 3500 5819 :
3537 5764 3674 5834 [Nec
3720 5782 3731 5799 λ
