4070 6392
387 354 413 421 1
425 356 524 421 125

1407 348 1862 415 DISPUTATIO
1900 349 1999 411 DE
2037 348 2291 411 MUNDI
2329 347 2680 410 OPIFlClO.

3503 346 3529 410 lt
3540 345 3641 410 126

385 463 808 547 ὑπερορίζουσα,
836 464 896 518 τὸ
923 462 1143 533 πρῶτον
1165 461 1259 517 καὶ
1283 462 1592 516 τελευταῖον
1622 462 1795 515 κακόν
1825 460 1959 531 (77)⁶

2077 474 2213 513 mum
2260 468 2316 515 et
2367 465 2670 513 extremum
2728 458 2949 523 malum,
3012 467 3067 515 ct
3120 460 3346 515 omnino
3406 461 3634 529 spiritus

386 560 479 612 καὶ
515 556 652 620 ὅλως
682 557 990 624 συνάγουσα
1017 557 1084 609 τὰ
1110 557 1455 626 φρονήματα,
1490 556 1587 611 καὶ
1608 554 1727 622 τοῦ,
1764 553 1963 607 Γνῶθι

382 650 635 714 σαυτὸν,
663 647 756 701 τοῦ
805 648 1133 718 γράμματος
1170 647 1667 717 άναμιμνήσκουσα
1702 644 1797 699 τοῦ
1828 645 1961 697 Δελ-

385 740 546 809 φικοῦ
592 741 728 810 (78).
782 739 1154 810 Ὀλιγωρήσας
1195 738 1252 790 δὲ
1303 739 1398 791 τοῦ
1429 739 1619 808 νόμου,
1667 737 1764 791 καὶ
1800 732 1964 810 ἧττον

387 831 681 899 φροντίσας
704 832 731 881 6
748 828 844 881 ἀνθ
855 844 1033 897 ρωπος
1060 826 1153 879 τοῦ
1174 827 1487 895 νομοθέτου,
1518 829 1618 897 τῆς
1642 825 1962 890 ἀθανασίας,

386 917 452 992 ἦς
490 923 537 971 εί
582 918 757 989 φύλαξ
788 919 1028 985 ἐγεγόνει
1057 918 1152 974 τοῦ
1187 918 1370 985 νόμου,
1414 916 1839 987 μετελάγχανεν,
1875 916 1965 969 ὲκ-

389 1013 599 1070 πίπτει.
640 1012 736 1063 καὶ
759 1012 985 1080 τιμᾶται
1019 1010 1119 1077 τὴν
1153 1008 1417 1062 διάλυσιν.
1462 1007 1611 1060 Ἔδει
1648 1008 1756 1078 γὰρ
1796 1007 1872 1077 μὴ
1906 1008 1966 1061 τὸ

388 1103 557 1156 κακὸν
592 1102 860 1156 ἀθάνατον
881 1098 1043 1164 εἶναι,
1078 1101 1175 1154 καὶ
1202 1100 1345 1153 τοῦτ’
1378 1099 1666 1169 εὐεργεσίᾳ
1698 1100 1790 1152 τοῦ
1820 1100 1967 1170 βασι⁴

385 1194 541 1256 λέως,
588 1195 683 1246 καὶ
729 1193 1024 1263 νομοθέτου
1058 1193 1153 1246 καὶ
1186 1191 1543 1262 δημιουργοῦ.
1598 1190 1782 1244 Κακὸν
1810 1191 1853 1243 δ’
1901 1191 1966 1244 ἂν

385 1286 470 1355 εἴη
502 1287 536 1355 ἡ
586 1284 693 1338 τῶν
724 1284 1020 1354 βασιλικῶν
1071 1283 1511 1354 προσταγμάτων
1560 1281 1969 1352 καταφρόνησις

386 1379 479 1431 καὶ
524 1375 912 1446 ἀφροντιστία,
963 1375 1058 1429 καὶ
1109 1376 1143 1445 ή
1189 1375 1319 1446 περ)¹
1355 1374 1447 1427 τὸν
1496 1372 1793 1444 εὐεργέτην
1822 1372 1970 1440 ὀλιγ-

385 1466 527 1536 ωρία
574 1465 730 1533 (79),
782 1465 982 1534 ἣκιστα
1025 1464 1246 1533 γραφὴν
1291 1463 1404 1529 (80)
1454 1460 1779 1531 ἀχαριστίας
1831 1461 1969 1513 ἀπο-

386 1556 759 1626 φυγγάνουσα.
814 1555 1031 1624 Ταύτην
1075 1554 1138 1622 δὴ
1187 1554 1363 1623 ἀρχὴν
1402 1555 1497 1605 καὶ
1533 1553 1628 1604 τοῦ
1670 1551 1833 1605 ἄλλου
1871 1551 1971 1620 τῆς

387 1647 585 1708 κακίας
624 1643 862 1715 όμαδοῦ,
898 1646 992 1697 καὶ
1021 1644 1115 1696 τοῦ
1161 1642 1330 1713 ἑσμοῦ
1362 1643 1474 1713 (81)
1504 1641 1613 1694 τῶν
1652 1642 1751 1711 τῆς
1802 1639 1970 1694 ἀϐου-

386 1737 527 1800 λίας,
558 1736 656 1788 καὶ
683 1735 982 1797 ἀκολασίας
1012 1733 1216 1804 ἡδονῶν
1241 1736 1270 1786 6
1321 1732 1610 1803 ἄνθρωπος
1642 1732 1967 1801 ἐποιήσατοο

2063 549 2394 618 comprimit,
2425 557 2479 604 et
2503 551 2554 603 in
2589 552 2905 605 memoriam
2938 559 3160 605 revocat
3198 550 3513 620 Delphicam
3544 552 3637 604 in-

2064 638 2439 707 scriptionem,
2493 637 2665 693 Nosce
2710 652 2759 691 te
2803 640 3000 708 ipsum.
3039 638 3210 693 Humi)
3262 652 3443 693 autem
3509 656 3641 695 cou-

2065 742 2314 790 tetnnens
2341 734 2512 802 legem
2544 743 2600 788 et
2622 734 2799 789 minus
2831 749 3054 796 curans,
3085 749 3113 786 a
3152 733 3483 801 lcgislaloris
3535 735 3637 786 iui-

2066 824 2418 889 mortalitate,
2470 839 2655 894 quam,
2712 826 2757 878 si
2811 834 2996 879 custos
3029 826 3355 887 exstitisset,
3405 826 3635 878 sortitus

2065 914 2277 980 fuisset,
2305 916 2536 977 excidit,
2572 924 2627 968 et
2665 915 2889 982 pttnitur
2921 913 3302 967 dissolutione.
3341 913 3642 981 Oportebat

2065 1007 2211 1061 enim
2251 1007 2448 1060 malum
2476 1022 2580 1061 non
2626 1022 2749 1061 esse
2793 1006 3134 1067 immortale,
3181 1005 3344 1073 idque
3376 1006 3646 1059 hem-licio

2068 1098 2264 1152 summi
2302 1099 2467 1167 regis,
2502 1107 2559 1151 et
2587 1097 2930 1167 lcgislatoris,
2958 1105 3013 1149 et
3043 1096 3276 1164 Opilicis.
3316 1094 3513 1149 Malum
3540 1112 3644 1149 au-

2071 1200 2178 1244 tem
2225 1188 2392 1243 fuerit
2424 1189 2695 1259 regiorum
2730 1189 2981 1258 j'lSSlllllll
3008 1190 3341 1255 contemptio
3371 1195 3426 1241 et
3459 1188 3646 1257 negle-

2069 1281 2202 1348 ctio,
2230 1288 2285 1334 ct
2315 1296 2441 1349 erga
2482 1295 2642 1334 suum
2681 1280 3090 1333 benefactorcm
3127 1279 3335 1332 incuria
3383 1289 3437 1332 et
3468 1280 3647 1345 despi-

2068 1388 2222 1430 catus
2248 1375 2471 1428 minime
2503 1374 2717 1442 culpam
2771 1372 2967 1441 ingrati
3009 1372 3176 1425 animi
3210 1371 3497 1439 ell'ugiens.
3534 1370 3649 1425 Hoc

2071 1469 2235 1539 igitur
2287 1466 2611 1537 principium
2648 1466 2871 1519 alterius
2915 1464 3170 1518 vitiorum
3203 1466 3379 1519 turba:
3431 1473 3488 1518 et
3544 1479 3641 1533 ag-

2071 1557 2407 1629 gregat’tonis
2465 1555 2843 1625 voluptatum,
2887 1557 3211 1611 temeritatis
3267 1567 3321 1609 et
3380 1555 3648 1625 intempe-

2069 1650 2282 1713 rantiae,
2325 1652 2485 1704 homo
2520 1649 2625 1704 sibi
2681 1647 2810 1702 fecit
2855 1666 2869 1703 :
2912 1649 3026 1703 haec
3072 1649 3208 1701 ratio
3248 1647 3642 1710 dissolutionis,

2078 1742 2195 1795 htec
2240 1740 2646 1795 reformationis
2711 1749 2765 1793 et
2816 1739 3243 1794 immortalitatis
3293 1755 3481 1803 causa,
3514 1737 3648 1793 nihil

386 1820 543 1887 οὗτος
575 1826 603 1876 6
630 1823 791 1891 λόγος
827 1823 928 1893 τῆς
958 1821 1166 1884 λύσεως
1190 1860 1205 1885 ,
1231 1820 1326 1891 ἥδε
1362 1820 1462 1889 τῆς
1492 1818 1850 1879 άναπλάσεως
1879 1816 1974 1869 καὶ

2077 1833 2219 1886 aliud
2244 1849 2403 1901 quam
2437 1832 2527 1884 Dei
2573 1831 2813 1893 bonitas,
2854 1841 2910 1884 et
2958 1832 3364 1885 commiseratio
3392 1832 3512 1900 ejus
3553 1831 3647 1894 qui

385 1917 485 1986 τῆς
515 1915 816 1977 ἀθανασίας
854 1914 1024 1980 αἰτία,
1052 1914 1239 1982 ἕτερον
1282 1913 1436 1965 οὐδὲν
1463 1911 1497 1982 ἢ
1529 1909 1805 1979 ἀγαθότης
1834 1906 1974 1962 Θεοῦ

388 2008 485 2062 καὶ
512 2002 694 2069 οἶκτος
737 2006 867 2076 περὶ
910 2008 1003 2058 τὸν
1049 2005 1377 2058 πεπτωκότα
1422 2004 1516 2056 καὶ
1564 2000 1977 2071 φιλανθρωπίας

391 2097 693 2169 ὑπερϐολή.
749 2098 1013 2168 Ἐλεήσας
1059 2096 1165 2169 γὰρ
1203 2098 1231 2149 6
1260 2094 1594 2166 δημιουργὸς
1632 2093 1693 2146 τὸ
1726 2094 1973 2162 πλάσμα,

390 2193 484 2245 καί
508 2191 762 2244 νικᾶσθαι
783 2190 943 2243 τοῦτο
969 2189 1105 2260 πρὸς
1128 2190 1229 2258 τῆς
1252 2188 1453 2251 κακίας
1480 2190 1554 2257 μὴ
1583 2187 1973 2257 ἀνασχόμενος,

388 2283 593 2338 διαλύει
629 2283 730 2353 μὲν
762 2282 822 2335 τὸ
858 2282 1259 2350 ὑποδεξάμενον
1287 2280 1348 2333 τὸ
1379 2280 1550 2333 κακὸν
1575 2280 1818 2348 ἀγγεῖον,
1845 2280 1976 2331 ἀνα-

391 2377 616 2429 πλάττει
655 2375 712 2427 δὲ
758 2374 938 2439 αὖθις,
991 2374 1086 2426 καὶ
1119 2371 1500 2442 ἀναχαλκεὺει,
1542 2371 1652 2424 τῶν
1684 2370 1976 2442 μοχθηρῶν

391 2468 558 2532 ἕξεων
613 2468 706 2520 καὶ
762 2466 948 2519 τύπων
1000 2464 1430 2534 ἀπηλλάγμενον
1494 2463 1631 2531 (82),
1693 2463 1781 2515 ἵνα
1833 2462 1975 2532 μήτε

389 2560 636 2615 ἀθάνατα
682 2558 960 2628 νοσῶμεν·
1009 2557 1132 2629 μηδ’
1178 2554 1248 2609 αὐ
1289 2554 1453 2607 πάλιν
1490 2554 1647 2624 ἀϊδίῳ
1678 2552 1859 2624 φθορᾷ
1882 2553 1977 2606 καὶ

389 2651 651 2721 διηνεκεῖ,
703 2650 766 2702 τὸ
800 2649 1026 2719 πλάσμα
1071 2647 1515 2709 ωταδικάζοιτο,
1564 2646 1652 2698 ἐπ’
1698 2645 1976 2717 ἀθανασίᾳ

391 2745 491 2810 τὴν
524 2740 700 2810 ἀρχὴν
730 2741 975 2806 γεγονός.
1034 2740 1178 2792 Ἀλλ’
1212 2738 1403 2807 ἐπειδὴ
1436 2737 1608 2791 κακία
1640 2737 1741 2806 τῆς
1766 2736 1976 2801 λύσεως

399 2832 774 2904 προηγήσατο,
806 2831 903 2884 καὶ
930 2831 1096 2899 νόμου
1118 2822 1414 2900 ὑπεροψία,
1447 2830 1555 2882 ἔδει
1587 2830 1748 2883 πάλιν
1774 2829 1977 2901 ἀρετὴν

402 2924 492 2979 καὶ
536 2922 702 2991 νόμου
751 2920 1002 2990 φυλακὴν
1044 2920 1140 2975 καὶ⁸
1187 2920 1607 2991 ἀναμαρτησίαν
1659 2914 1986 2989 καθηγήσα-’

399 3015 522 3068 σθαι
560 3013 921 3077 ἀναπλάσεως
957 3014 1052 3067 καὶ
1081 3014 1181 3085 τῆς
1213 3013 1538 3075 ἀθανασίας.
1569 3011 1668 3064 Διὰ
1702 3011 1896 3077 ταῦτα,
1931 3005 1977 3064 ὧ

2075 1924 2369 1984 ceciderat,
2414 1921 2874 1990 benignitatisque
2915 1921 3322 1990 exsuperantia.
3354 1920 3649 1976 Miseratus

2032 2040 2037 2045 ~
2073 2015 2218 2068 enim
2245 2015 2427 2082 opifex
2472 2029 2630 2067 suum
2659 2028 2815 2081 Opus,
2846 2023 2902 2067 et
2927 2014 3101 2082 ipsum
3140 2013 3281 2067 vinci
3317 2029 3345 2066 a
3383 2014 3522 2067 malo
3551 2014 3651 2068 mi-

2076 2102 2221 2155 nime
2256 2102 2461 2164 ferens,
2498 2101 2748 2155 dissolvit
2788 2102 3005 2170 quidem
3034 2117 3128 2156 vas
3176 2102 3301 2155 mali
3337 2113 3652 2172 receptacu-

2076 2194 2207 2256 lum,
2248 2192 2341 2247 sed
2379 2193 2575 2247 iterum
2605 2193 2828 2262 reﬁngit
2871 2193 3219 2261 reducitque,
3264 2209 3460 2259 pravos
3501 2195 3655 2249 habi-

2078 2293 2165 2336 tus
2185 2292 2237 2337 et
2261 2282 2489 2337 formam
2517 2283 2720 2347 delens,
2747 2296 2814 2337 ne
2834 2285 3143 2350 perenniter
3160 2296 3510 2354 mgroteinus,
3545 2300 3644 2337 ne-
3710 2276 3713 2279 λ

2077 2389 2183 2442 que
2240 2389 2432 2427 rursus
2465 2385 2727 2443 perpetuo
2771 2376 2994 2429 interitu
3042 2384 3096 2429 et
3130 2378 3466 2445 sempiterno
3503 2375 3655 2444 opili-

2078 2466 2222 2520 cium
2255 2481 2412 2520 suum
2441 2467 2688 2530 damnet,
2731 2470 2798 2519 ad
2831 2467 3295 2521 immortalitatem
3325 2482 3353 2520 a
3387 2468 3655 2536 princip-io

2080 2557 2308 2614 factum.
2343 2555 2549 2612 Verum
2593 2569 2878 2628 postquam
2928 2560 3128 2613 malum
3159 2561 3536 2616 dissolutionis
3564 2577 3655 2614 au-

2077 2660 2200 2705 elor
2228 2649 2329 2703 fuit
2359 2659 2414 2705 et
2437 2651 2567 2715 dux,
2600 2653 2838 2721 itemque
2868 2653 3001 2719 legis
3023 2653 3400 2721 despicientia,
3434 2669 3654 2709 rursum

2078 2742 2370 2810 oportebat
2398 2742 2657 2797 virtutem
2700 2755 2754 2798 et
2796 2744 2932 2812 legis
2967 2746 3406 2799 observationem
3458 2756 3514 2798 et
3562 2760 3652 2799 va-

2081 2835 2341 2887 cuitatem
2368 2834 2614 2902 peccati,
2653 2835 3046 2890 restitutionem
3090 2847 3145 2889 et
3193 2837 3654 2891 immortalitatem

2080 2929 2427 2979 antecedere.
2474 2926 2727 2991 Proinde,
2775 2926 3050 2981 fortunate
3098 2928 3201 2993 vir,
3254 2929 3368 2995 ipse
3414 2928 3555 2982 Deus
3604 2938 3659 2982 et

2083 3016 2358 3087 legislator
2380 3026 2436 3070 et
2478 3031 2596 3082 rex,
2629 3017 2795 3071 homo
2845 3016 3119 3081 eflicitur,
3166 3026 3221 3071 et
3269 3028 3448 3073 manet
3490 3018 3654 3083 Deus,

345 3126 354 3135 ε
401 3106 673 3176 μακάριε,
706 3106 868 3169 αὐτὸς
896 3107 924 3158 6
946 3105 1079 3169 Θεὸς
1115 3105 1207 3158 καὶ
1236 3104 1534 3175 νομοθέτης
1567 3104 1665 3158 καὶ
1700 3103 1975 3175 βασιλεὺς,

2085 3126 2148 3164 ac
2182 3111 2298 3179 ipse
2339 3119 2554 3166 natura:
2596 3110 2778 3180 opifex
2824 3123 2978 3165 curat
3029 3120 3234 3164 natura:
3283 3112 3658 3180 aegritudines,

396 3198 683 3269 ἄνθρωπος
711 3199 946 3268 γίνεται,
978 3198 1073 3250 καὶ
1109 3197 1260 3268 μένει
1291 3198 1455 3260 Θεὸς,
1489 3198 1586 3252 καὶ
1634 3197 1798 3261 αὐτὸς
1827 3200 1856 3250 6
1882 3198 1981 3267 τεῆς

397 3288 614 3359 φύσεως
662 3289 996 3360 δημιουργὸς
1029 3290 1175 3342 ἰᾶται
1207 3288 1276 3341 τά
1309 3289 1407 3357 τῆς
1442 3288 1661 3357 φύσεως
1690 3290 1982 3360 ἀρρωστή-

400 3399 577 3454 ματα·
618 3383 868 3453 καθαράν
913 3380 1096 3444 δείξας
1139 3382 1198 3435 ὲν
1230 3382 1407 3451 ἑαυτῷ
1440 3382 1532 3435 καὶ
1564 3382 1853 3454 ἐλευθέραν
1875 3384 1982 3455 ,τὴν

396 3472 579 3542 φύσιν,
626 3472 721 3526 καὶ
761 3471 1043 3542 ἀλώόητον
1073 3472 1168 3523 καὶ
1219 3473 1566 3541 ἀπήμαντον,
1604 3473 1741 3544 πρὸς
1789 3473 1846 3526 δὲ
1887 3475 1983 3528 καὶ

396 3565 670 3619 ἀθόλωτον
710 3565 945 3633 πάμπαν
999 3564 1093 3616 καί¹
1127 3564 1516 3635 ἀναμάρτητον
1540 3579 1554 3594 ο
1612 3567 1706 3618 καὶ
1737 3566 1854 3629 ὁδὸς
1892 3568 1980 3635 γί-

396 3674 547 3711 νεται
574 3662 673 3729 τῆς
700 3656 1001 3719 ἀθανασίας
1031 3655 1110 3726 τῷ
1148 3656 1454 3726 πλάσματι,
1498 3656 1593 3710 κα)⁹
1621 3656 1978 3728 καθηγεμὼν,

397 3754 491 3805 καὶ
520 3752 708 3815 ἁπλῶς
734 3754 934 3814 εἰπεῖν,
968 3751 1111 3821 ἀρχὴ
1144 3751 1241 3803 καὶ
1274 3751 1553 3817 ὑπόθεσις,
1582 3752 1895 3823 ἀναστήσας
1920 3751 1984 3805 τὸ

397 3840 559 3908 σῶμα
600 3840 694 3894 καὶ
749 3840 1198 3905 ἀπαθανατίσας,
1253 3840 1392 3911 ὅπερ
1436 3842 1503 3892 ὲκ
1555 3842 1653 3910 τῆς
1706 3842 1983 3912 ἡμετέρας

399 3931 613 3999 φύσεως
655 3931 749 3984 καὶ
792 3930 980 3993 οὐσίας
1007 3931 1171 3994 αὐτὸς
1215 3931 1243 3983 6
1284 3931 1454 3999 Λόγος
1501 3931 1598 3984 καὶ
1649 3930 1984 4003 δημιουργὸς

396 4023 608 4092 ἥνωσεν
650 4024 830 4093 ἑαυτῷ
868 4023 1007 4093 μετά
1055 4023 1235 4092 ψυχῆς
1264 4022 1615 4094 ἀνθρωπείας
1660 4024 1754 4076 καὶ
1788 4025 1983 4096 νοερᾶς

397 4114 662 4184 δηλονότι,
697 4115 784 4168 ἴνα
818 4116 997 4168 πᾶσαν
1018 4114 1399 4185 ἀναχαλκεύσῃ
1428 4114 1529 4184 τὴν
1556 4114 1738 4183 φύσιν.
1775 4110 1844 4187 ᾯ
1874 4117 1984 4188 γὰρ

398 4205 544 4275 λόγῳ
593 4205 688 4259 τοῦ
733 4204 954 4276 πρώτου
982 4205 1272 4275 ἀνθρώπου
1305 4204 1710 4276 ὑποδεξαμένου
1741 4208 1838 4276 τὴν
1865 4208 1983 4261 διά·-

397 4294 557 4348 λυσιν
588 4297 683 4350 καὶ
725 4296 823 4367 τὴν
852 4297 990 4367 πρὸς
1024 4296 1200 4367 βραχὺ
1234 4296 1440 4367 φθορὰν
1474 4297 1563 4351 διὰ
1591 4296 1691 4366 τῆς
1724 4296 1983 4368 πλημμε-

396 4388 567 4454 λείας,
592 4389 654 4442 τὸ
684 4390 839 4457 γένος
869 4389 1018 4443 ἅπαν
1044 4391 1156 4452 τοῖς
1190 4389 1376 4452 αὐτοῖς
1406 4390 1665 4460 ἐτιμᾶτο·
1697 4390 1873 4461 τούτῳ
1904 4388 1984 4460 τῷ

2084 3217 2274 3272 puram
2310 3202 2364 3255 in
2399 3204 2576 3272 seipso
2600 3204 2910 3270 ostendens,
2951 3213 3006 3258 et
3042 3204 3265 3257 liberam
3298 3219 3452 3259 noxae
3492 3205 3659 3261 labis-

2084 3308 2191 3365 que
2219 3304 2499 3364 expertem
2555 3305 2847 3358 naturam;
2886 3304 3148 3364 prmterca
3176 3297 3341 3350 etiam
3379 3296 3539 3365 plane
3578 3300 3655 3350 itt-

2084 3380 2506 3441 conlatninatam
2559 3397 2615 3442 et
2647 3387 2853 3456 peccati
2886 3403 3106 3442 vacuant
3147 3404 3161 3440 :
3197 3388 3393 3458 viaque
3432 3386 3663 3443 eﬂicitur

2083 3474 2518 3531 immortalitatis
2544 3490 2645 3531 suo
2667 3476 2885 3544 opificio
2925 3485 3088 3545 atque
3120 3477 3251 3544 dux,
3285 3485 3340 3532 et
3386 3488 3446 3531 ut
3489 3479 3660 3533 semel

2084 3567 2286 3632 dicam,
2337 3568 2666 3637 principium
2710 3577 2767 3622 et
2807 3583 2973 3622 causa
3013 3569 3359 3623 easnscitans
3382 3584 3579 3637 corpus
3605 3579 3661 3624 et

2085 3659 2499 3714 immortalitate
2550 3657 2829 3724 alliciens,
2885 3661 3028 3727 quod
3067 3674 3098 3713 e
3137 3671 3320 3713 nostra
3369 3672 3561 3713 natura
3605 3670 3663 3714 et

2085 3749 2324 3805 essentia
2374 3749 2549 3818 ipsum
2587 3746 2826 3803 Verbum
2882 3761 2937 3802 et
2976 3750 3157 3817 opifex
3192 3748 3295 3803 sibi
3336 3749 3434 3818 ipsi
3483 3751 3659 3805 univit

2085 3855 2206 3895 cum
2238 3841 2420 3894 anima
2444 3842 2675 3895 humana
2702 3850 2759 3894 et
2782 3840 3122 3909 intelligenti,
3150 3850 3207 3893 ut
3235 3843 3543 3895 universam
3570 3857 3662 3894 re-

2086 3933 2348 3986 formaret
2380 3942 2654 3989 naturam.
2701 3930 2817 3996 Qua
2863 3931 3272 3994 enim~ratione,
3314 3931 3404 3985 tibi
3449 3932 3660 4000 primus

2062 4020 2250 4079 'homo
2275 4023 2581 4092 subjectum
2627 4039 2748 4078 sese
2777 4023 3008 4077 reddidit
3038 4023 3375 4077 dissulutloni
3418 4034 3472 4077 et
3508 4024 3657 4078 brevi

2085 4117 2410 4187 Corruptela:
2452 4132 2547 4170 sua
2583 4116 2857 4181 socordia,
2892 4116 3203 4169 universum
3235 4132 3406 4183 genus
3456 4117 3649 4171 iisdem

2084 4211 2374 4263 multatum
2420 4219 2505 4263 est
2543 4227 2557 4264 :
2594 4224 2656 4263 ea
2692 4209 2803 4276 ipsa
2841 4207 3049 4260 ratione
3089 4221 3186 4275 per
3213 4206 3462 4272 opificem
3491 4207 3658 4260 Deum

2086 4311 2516 4369 permanentem,
2550 4309 2605 4353 et
2635 4299 2838 4352 interea
2867 4296 3118 4352 effectum
3152 4298 3446 4361 hominem,
3470 4299 3520 4351 in
3553 4316 3659 4365 quo

2090 4388 2292 4442 nullam
2323 4389 2564 4456 speciem
2600 4397 2691 4440 aut
2725 4397 2928 4439 motum
2960 4387 3042 4439 sui
3103 4385 3274 4455 ipsius
3325 4387 3523 4439 malum
3579 4387 3661 4439 in-

397 4478 546 4550 λόγῳ
574 4480 742 4534 αὐτοῦ
767 4479 862 4535 τοῦ
890 4479 1230 4551 δημιουργοῦ
1257 4480 1354 4533 τοῦ
1388 4481 1674 4550 μείναντος
1707 4481 1866 4545 Θεοῦ,
1890 4484 1975 4536 καὶ

2090 4481 2238 4536 venit
2284 4478 2426 4552 (erat
2463 4481 2611 4533 enim
2658 4478 2778 4531 lous
2804 4486 3122 4531 cunctarum
3154 4479 3413 4531 virtutum
3445 4489 3498 4531 et
3529 4493 3659 4531 san-

396 4573 692 4643 γενομένου
724 4570 1040 4642 ἀνθρώπου,
1075 4573 1134 4623 ὲν
1160 4565 1204 4639 ᾧ
1240 4571 1407 4642 μηδὲν
1436 4567 1577 4635 εἶδος
1605 4573 1738 4643 μηδὲ
1775 4574 1982 4644 κίνημα

398 4666 600 4734 ἑαυτῆς
645 4664 881 4736 ἢκακία
919 4665 1030 4735 (85)
1083 4664 1276 4735 εὕρετο
1322 4660 1431 4735 (ἦν
1475 4664 1585 4735 γάρ
1625 4665 1851 4736 ἡπηγη
1872 4665 1981 4719 τῶν

397 4758 612 4829 ἀρετῶν
663 4756 758 4810 καὶ
800 4756 903 4826 τῆς
950 4756 1267 4827 ἁγιότητος,
1304 4757 1401 4810 καὶ
1448 4757 1482 4827 ἡ
1530 4755 1766 4826 άτρεψία
1821 4758 1978 4828 καὶὴ

397 4919 570 4981 pudor
591 4914 685 4965 iste
714 4912 831 4975 tibi;
858 4910 986 4975 quid
1006 4911 1154 4975 enim
1186 4911 1440 4980 terrisque
1465 4908 1684 4981 poloque
1719 4907 1977 4980 [Parandi

398 4978 511 5036 sine
540 4982 648 5054 lege
669 4991 839 5034 manet
860 4982 885 5034 .9
906 4982 1012 5054 eice
1040 4992 1225 5033 cnncm
1249 4978 1500 5054 [aguntur
1520 4978 1868 5050 [Alternisque
1892 4996 1975 5033 re-

399 5048 709 5123 gunt,étc._,
740 5067 865 5123 quae
888 5051 1040 5116 plura
1081 5059 1227 5123 sunt.
1259 5048 1353 5102 BA.

472 5122 586 5191 (77)
630 5121 699 5174 Τὸ
746 5119 982 5191 πρῶτον
1011 5118 1109 5172 καὶ
1138 5117 1485 5173 τελευταῖον
1514 5119 1720 5173 κακόν.
1760 5119 1973 5189 Super-

401 5189 547 5245 hiatu
575 5192 725 5255 dicit,
758 5192 846 5243 tali
893 5189 1068 5257 elogio
1100 5191 1263 5241 etiam
1311 5190 1449 5255 apud
1481 5200 1667 5255 poetas
1700 5200 1965 5244 notatam.

402 5262 479 5313 lle
507 5261 678 5314 sacris
715 5256 1079 5313 librisnotitm
1113 5256 1173 5310 Β.
1218 5259 1502 5326 Augustini
1557 5259 1758 5311 dictum
1789 5276 1804 5316 ;
1841 5258 1978 5313 Hinc

401 5332 527 5383 inde
543 5332 607 5382 iis
639 5330 745 5381 alia
770 5329 911 5380 mala
931 5338 979 5380 et
1006 5330 1129 5381 vilia
1154 5331 1328 5380 notari
1356 5327 1651 5393 superbiam
1678 5329 1787 5393 fere
1808 5330 1975 5382 omni-

401 5403 498 5453 bus
526 5399 754 5467 paginis,
777 5397 951 5466 factis,
989 5398 1174 5467 dictis,
1202 5399 1469 5462 exemplis,
1496 5406 1600 5450 etc.
1637 5396 1734 5449 ΒΑ.

477 5465 819 5541 (78)ήΓνῶθι
847 5470 1099 5541 σαυτόν.
1134 5465 1387 5520 Veterum
1415 5469 1606 5519 litteris
1635 5467 1978 5541 commenda-

403 5537 668 5592 tisSiniatn
690 5539 1048 5600 sententiam;
1079 5552 1235 5604 quam
1266 5549 1452 5588 nostro
1477 5551 1590 5588 :ttvo
1616 5537 1788 5601 plenis
1823 5537 1978 5590 bona:

405 5611 603 5727 mentis
621 5608 1019 5729 ealitteratura:
1040 5607 1192 5661 libris
1215 5606 1498 5660 illostravit
1530 5604 1794 5660 Diodorus
1823 5604 1977 5660 Tuci-

405 5693 615 5729 ienms.
695 5692 749 5729 Α.

386 5681 615 5732 “deuius.
654 5681 749 5730 ΒΑ.

405 5745 1166 5820 (79)‘0.1¢rwpla.Despe0tio,
1185 5754 1541 5815 contemptus,
1564 5742 1967 5815 vilipcnsio.Ba.

2089 4572 2319 4636 ctitatis,
2359 4581 2413 4625 et
2447 4573 2561 4640 ipsa
2601 4570 2920 4622 mutationis
2965 4578 3018 4623 et
3060 4569 3265 4637 peccati
3298 4570 3657 4637 immunitas),

2089 4664 2142 4716 in
2173 4662 2487 4715 univcrsttttt
2519 4675 2689 4730 genus
2711 4674 2875 4713 causa
2912 4660 3344 4715 immortalitatis
3392 4669 3446 4713 et
3478 4662 3659 4714 incor-

2086 4755 2463 4825 ruptibilitatis
2487 4755 2640 4824 signa
2674 4755 3134 4810 transmittentur.

2157 4912 2273 4983 (80)
2327 4910 2599 4980 Γραφήν.
2662 4913 3387 4983 Cnlpam,__accusationem,
3449 4927 3662 4980 poenam

2085 4979 2292 5051 legibus
2327 4979 2697 5051 constitutam.
2737 4983 2871 5036 Vivle
2909 4980 3251 5051 Hesychium.
3282 4979 3379 5035 ΒΑ.
3446 4979 3461 5051 ξ
3643 4993 3648 5001 ·

2155 5051 2266 5122 (8|)
2314 5050 2559 5122 ilionei).
2593 5050 2892 5112 Exanimis,
2921 5050 3272 5122 ebullitionjs,
3310 5050 3665 5122 gregisden-

2082 5118 2261 5174 sio'ris.
2314 5118 2456 5174 Ideni
2510 5118 2809 5186 Hesychius
2850 5137 2865 5173 :
2924 5119 3120 5189 Ἐσμὸς
3143 5158 3157 5177 .
3193 5118 3348 5189 ὄχλος
3370 5160 3386 5186 ,
3418 5119 3621 5189 πλῆθος
3643 5159 3660 5184 ,

2083 5188 2504 5261 συναθροισμός·
2538 5190 2745 5257 κυρίως
2857 5190 2949 5261 ἐπί
2969 5188 3240 5260 μελισσῶν
3266 5188 3657 5261 ἀθροίσματος.

2087 5258 2495 5329 ΜειΙιξῗὶνοζῃὶιιω,
2532 5262 2675 5315 velut
2703 5260 2897 5329 ἐμέτου
2930 5258 3217 5329 legeretur,
3253 5262 3433 5329 vertit.
3466 5260 3552 5313 Jo.

2163 5328 2276 5396 (82)
2318 5325 2489 5381 Nemo
2518 5325 2882 5382 inlicias'ierit
2911 5325 3189 5395 legendum
3220 5328 3658 5397 ἀπηλλαγμένον,

2091 5400 2173 5450 vel
2197 5396 2665 5467 ἀπηλλειμμένον.
2698 5398 2832 5452 Tan.
2868 5397 3032 5453 Recte
3059 5398 3279 5466 corrigit
3307 5396 3527 5465 doetiss.
3565 5398 3664 5450 Ta-

2092 5470 2296 5536 rinns,
2332 5467 2773 5536 ἀπηλλαγμένον.
2841 5468 3030 5521 Veram
3094 5468 3420 5521 sententiam
3479 5469 3663 5521 animo

2087 5538 2249 5590 etiam
2288 5535 2475 5590 habuit
2510 5535 2932 5602 Genehrardus;
2977 5537 3072 5592 scd
3118 5538 3303 5590 nescio
3344 5555 3409 5592 an
3455 5550 3658 5591 textum

2089 5608 2359 5673 integrum
2401 5607 2471 5659 sit
2521 5617 2761 5659 secutus.
2798 5606 2987 5662 Melius
3017 5609 3238 5661 omnino
3271 5608 3521 5661 'l'arinus.
3564 5607 3658 5661 ΒΑ.

2159 5677 2270 5746 (85)
2319 5675 2502 5744 Neque
2555 5676 2788 5742 speciem
2841 5677 3003 5731 ullam
3061 5691 3239 5745 neque
3312 5676 3659 5733 aﬂectiOuem

2089 5747 2307 5801 malitiae
2360 5746 2590 5800 inl'uisse
2626 5746 2846 5800 Christo
2887 5746 3054 5813 dicit,
3090 5746 3286 5802 Anima
3325 5759 3380 5804 et
3429 5761 3659 5819 corpore
