4070 6382
485 358 616 424 li?!

1511 358 1908 418 ZACIIARLE
1941 356 2369 416 MITYLENES
2409 355 2742 415 EI’ISCOPl

3608 356 3632 422 1
3645 357 3746 425 I28

479 473 924 546 ἀναμαρτησία),
969 474 1061 526 ἐπὶ
1087 473 1197 526 πᾶν
1225 471 1285 525 τὸ
1346 472 1501 541 γένος
1564 471 2102 543 παραπεμφθήτεται
2142 473 2176 543 ἡ
2238 472 2493 536 ὑπόθεσις
2537 471 2637 543 τῆς
2683 471 2986 535 ἀθανασίας
3042 471 3136 526 καὶ
3179 471 3250 526 τά
3280 473 3383 544 τῆς
3434 473 3744 550 ἀφθαρσίας

479 571 796 642 συνθήματα
832 569 967 643 (84).

547 685 718 757 289
738 684 936 747 Habes,
973 684 1316 752 charissime,
1345 698 1564 740 causam
1591 697 1690 737 cur
1722 697 1751 734 a
1784 679 2052 750 principio
2077 685 2124 742 Α

478 794 600 834 cum
626 781 742 846 ipso
761 787 882 830 ortu
905 775 1240 831 immortales
1258 792 1361 830 non
1387 776 1555 832 simus
1570 773 1762 830 ell'ecti.
1785 771 1862 826 Tu
1889 772 2053 843 igitur

473 871 815 940 oppositione
841 885 970 924 usus
1001 880 1056 923 et
1090 869 1500 938 comparatione
1529 881 1626 937 per
1668 867 1905 932 teipsum
1947 863 2051 918 dif-

476 963 764 1017 ferentiam
815 963 1132 1032 Opinionum
1176 961 1462 1016 considera
1519 969 1572 1015 et
1623 961 1794 1014 disce.
1846 957 1923 1012 llli
1962 972 2055 1012 co-

475 1065 744 1112 aeternum
773 1053 952 1122 opiﬁci
989 1054 1134 1134 hunc
1158 1054 1421 1109 mundum
1452 1053 1767 1122 Opinantur,
1794 1066 1899 1104 non
1933 1063 2056 1119 per-

475 1147 756 1202 mittentes
789 1146 951 1201 Deum
978 1146 1230 1199 omnibus
1263 1145 1424 1198 rebus
1453 1142 1752 1198 secundum
1779 1143 1964 1195 omnia
1997 1147 2055 1194 et

477 1239 532 1294 itt
564 1239 816 1294 omnibus
845 1249 1102 1309 praestare
1139 1248 1194 1292 et
1241 1235 1526 1296 excellere,
1573 1235 1666 1288 sed
1709 1231 2052 1288 circumscri-

475 1343 622 1402 ptum
657 1340 710 1386 et
743 1339 1087 1400 corporatum
1120 1330 1185 1385 ad
1234 1329 1483 1383 eamdem
1525 1325 1750 1397 gloriam
1785 1339 1906 1378 cum
1953 1323 2054 1378 im-

475 1439 660 1479 mensa
689 1434 743 1478 et
775 1426 1092 1492 incorporea
1131 1429 1323 1476 natura
1349 1418 1607 1474 evehunt.
1636 1417 1832 1486 Atque,
1863 1425 1921 1469 ut
1955 1416 2053 1468 in-

473 1518 591 1584 quit
619 1515 856 1571 Basilius
897 1515 987 1569 ille
1033 1529 1262 1581 magnus
1293 1512 1535 1566 veritatis
1565 1511 1777 1570 doctor,
1802 1522 1923 1562 eum
1957 1506 2052 1575 qui

459 1621 668 1678 .natura
705 1607 1079 1675 corruptibilis
1116 1614 1200 1660 est
1244 1612 1300 1658 et
1335 1606 1560 1659 omnino
1608 1601 1952 1661 dissolvetur,
1994 1604 2054 1651 ut

476 1701 774 1756 ostendunt
804 1709 988 1769 partes
1029 1707 1085 1752 et
1115 1695 1460 1766 compositio,
1491 1693 1536 1747 si
1583 1693 1798 1760 quidem
1828 1688 2050 1742 omnino

475 1789 529 1843 id
560 1788 701 1857 quod
734 1789 1094 1855 compositum
1144 1794 1248 1848 est,
1284 1784 1447 1838 etiam
1482 1780 1827 1841 dissolvetur,
1860 1791 2047 1848 parem

2227 676 2434 747 Ἔχεις,
2464 669 2510 730 ὧ
2545 675 2796 748 φιλότης,
2841 676 2945 749 τὴν
2979 679 3160 732 αἰτίαν
3193 679 3289 733 τοῦ
3323 680 3400 752 μὴ
3435 683 3536 753 τὴν
3564 685 3744 758 ἀρχὴν

2150 771 2297 841 ἡμᾶς
2342 769 2644 832 ἀθανάτους
2687 769 2806 838 ἃμα
2853 773 2922 842 τῇ
2951 771 3164 840 γενέσει
3207 777 3740 848 κατασκευασθῆναι.

2151 861 2325 926 Αὐτὸς
2368 861 2546 916 τοίνυν
2590 863 3022 934 ἀντιπαραθέσει
3061 863 3346 936 χρώμενος
3393 869 3459 922 ἐκ
3510 871 3742 944 συγκρίο

2156 970 2296 1016 σεως
2348 953 2502 1023 παρὰ
2553 951 2754 1006 σαυτοῦ
2788 953 2851 1006 τὸ
2906 955 3162 1026 διάφορον
3215 957 3326 1012 τῶν
3384 959 3744 1032 δοξασμάτων

2153 1043 2312 1115 ἄθρει
2351 1045 2448 1098 καὶ
2499 1044 2912 1114 καταμάνθανε.
2963 1047 3190 1102 Ἐκεῖνοι
3221 1051 3492 1106 ωναῖδιον
3521 1053 3601 1125 τῷ
3632 1059 3742 1126 Δη-

2160 1133 2410 1206 μιουργῷ
2442 1135 2594 1189 τόνδε
2621 1136 2712 1190 τὸν
2743 1137 2952 1207 κόσμον
2978 1138 3405 1206 ὑποτοπάζουσι,
3433 1143 3509 1214 μὴ
3542 1143 3742 1209 ἐῶντες

2155 1227 2246 1280 τὸν
2287 1227 2420 1280 Θεὸν
2471 1228 2691 1282 πάντων
2738 1228 2850 1281 τῶν
2895 1229 3066 1282 ὄντων
3110 1232 3254 1288 κατὰ
3303 1234 3486 1288 πάντα
3538 1237 3634 1290 καὶ
3681 1239 3741 1290 ἐν

2155 1320 2290 1372 πᾶσι
2319 1317 2582 1390 προῦχειν
2608 1318 2706 1373 καὶ
2746 1319 3028 1390 διαφέρειν
3047 1337 3063 1354 θ
3091 1322 3230 1378 ἀλλά
3259 1324 3398 1395 πρὸς
3442 1325 3543 1396 τὴν
3569 1325 3741 1398 αὐτὴν

2152 1407 2314 1474 δόξαν
2365 1411 2628 1478 ἀνάγουσι
2678 1410 2772 1466 τὸν
2842 1414 3364 1486 περιγεγραμμένον
3423 1419 3741 1489 καὶσῶμα

2155 1499 2351 1570 ἔχοντα
2381 1501 2589 1566 ὑλικὸν,
2619 1505 2687 1572 τῇ
2715 1503 3080 1574 ἀπεριλήπτῳ
3113 1507 3205 1559 καὶ
3229 1507 3510 1579 ἀσωμάτῳ
3533 1509 3697 1578 φύσει
3719 1526 3736 1542 ο

2153 1593 2250 1646 καὶ
2332 1609 2468 1662 φησι
2498 1593 2802 1660 Βασίλειος,
2825 1596 2854 1647 ὁ
2881 1595 3054 1665 μέγας
3079 1598 3178 1666 τῆς
3199 1597 3460 1668 ἀληθείας
3483 1600 3740 1656 διδάσκα-

2155 1683 2247 1746 λος
2280 1683 2417 1753 (85),
2453 1683 2546 1736 τὸν
2587 1682 2750 1752 φύσει
2789 1684 3027 1757 φθαρτὸν
3071 1687 3169 1741 καὶ
3214 1689 3435 1750 πάντως
3481 1691 3739 1765 διαλυθη-

2153 1773 2402 1844 σόμενον,
2433 1775 2509 1838 ὡς
2539 1775 2781 1830 δείκνυσι
2813 1777 2884 1832 τά
2910 1779 3052 1851 μέρη
3096 1780 3192 1834 καὶ
3220 1782 3253 1852 ἡ
3277 1781 3550 1853 σύνθεσις,
3575 1787 3739 1858 εἴπερ

475 1881 682 1934 iaciunt
710 1879 758 1930 ei
797 1880 888 1947 qui
917 1887 999 1932 est
1032 1875 1484 1943 incorruptibilis,
1516 1889 1670 1928 noxae
1699 1887 1914 1939 expers,
1951 1885 2050 1926 rc-

2153 1868 2374 1932 πάντως
2403 1869 2466 1923 τὸ
2494 1869 2911 1942 συντεθειμένον
2933 1873 3028 1926 καὶ
3049 1873 3495 1940 διαλύεται,-ίσον
3521 1878 3737 1933 ποιοῦσι

473 1988 600 2025 vera
625 1971 952 2033 consistens,
987 1977 1042 2022 et
1067 1983 1284 2038 semper
1309 1967 1498 2020 eodem
1531 1965 1688 2019 modo
1715 1980 1772 2020 se
1799 1965 2008 2018 habens
2033 1981 2048 2018 :

472 2065 600 2134 quin
627 2077 678 2119 et
718 2061 884 2117 Deum
915 2060 1154 2114 etlieiunt
1187 2075 1310 2112 eum
1341 2067 1398 2114 et
1434 2059 1552 2126 ejus
1581 2066 1783 2125 partes,
1815 2055 2051 2124 imperiti

470 2166 525 2210 et
571 2162 836 2224 agrestes,
878 2151 1217 2222 providentia
1263 2161 1318 2206 et
1371 2149 1603 2205 consilio
1643 2149 1887 2216 opilicem
1930 2162 2051 2202 esse

469 2245 642 2302 Deum
677 2263 780 2318 non
817 2244 1148 2308 concedunt,
1190 2251 1470 2312 expertem
1509 2240 1812 2302 electionis,
1846 2249 1898 2292 et
1921 2254 2052 2293 cau-

469 2356 585 2394 sam
617 2339 802 2393 mundi
832 2353 954 2394 eSse
985 2338 1159 2408 ipsum
1191 2333 1442 2403 exemplo
1473 2331 1786 2401 pervulgato
1819 2329 2050 2384 contini.

468 2432 774 2487 niseuutur.
803 2431 1034 2486 Rursum
1056 2439 1234 2483 autent
1257 2427 1508 2497 propriis,
1527 2428 1679 2495 juxta
1705 2423 2046 2494 parmmiam,

470 2523 618 2591 capti
656 2535 783 2576 sunt
826 2523 1040 2591 pennis.
1087 2519 1222 2574 Eum
1263 2521 1407 2574 enim
1449 2520 1542 2588 qui
1583 2533 1614 2572 a
1657 2517 1802 2572 bono
1824 2513 2052 2571 eﬂ‘ectus

468 2623 556 2670 est
594 2625 651 2672 et
697 2615 960 2686 praeclare
1007 2621 1444 2680 coagmentatus,
1494 2627 1600 2667 non
1649 2619 1901 2680 oportere
1931 2622 2053 2664 cor-

472 2705 650 2774 rumpi
695 2705 928 2770 aientes,
970 2704 1038 2758 de
1089 2703 1316 2771 singulis
1365 2701 1675 2755 hominibus
1706 2696 2050 2770 interrogati,

470 2809 702 2864 quorum
745 2809 913 2847 causa
965 2793 1207 2846 maxime
1250 2793 1368 2846 haec
1411 2789 1739 2844 universitas
1785 2789 2050 2845 fabricata

468 2897 573 2950 est,
602 2895 660 2940 ut
687 2899 982 2941 nascantur
1015 2896 1070 2940 et
1101 2886 1373 2940 intereant
1398 2902 1412 2938 :
1448 2901 1476 2938 ιι
1506 2886 1646 2938 bono
1673 2882 1782 2938 Deo
1815 2882 1964 2949 facti,
1993 2890 2052 2938 et

468 2979 730 3050 praeclare
763 2977 1150 3049 coagmentati,
1193 2977 1336 3030 velut
1368 2977 1490 3031 boni
1526 2976 1619 3030 Dei
1648 2976 1886 3044 Opiﬁcia,
1935 2974 2050 3030 bre-

471 3083 616 3136 reut,
651 3081 709 3126 et
755 3073 926 3141 magis
961 3071 1093 3124 tnuti
1129 3084 1288 3138 quam
1339 3067 1548 3138 lapides
1581 3077 1672 3120 aut
1705 3067 1901 3137 pisces,
1931 3065 2052 3120 red-

2148 1958 2229 2030 τῷ
2253 1959 2546 2031 ἀνωλέθρῳ
2575 1961 2669 2015 καὶ
2700 1961 2966 2034 ἀφθάρτῳ
3007 1965 3102 2018 καὶ
3145 1965 3314 2032 ὅντως
3346 1967 3463 2022 ὄντι
3495 1967 3609 2039 (86)
3641 1972 3738 2026 καὶ

2150 2052 2530 2116 delibandum:
2577 2053 3142 2126 ἐχοντι·’θεολογοῦσί
3183 2075 3244 2112 τε
3286 2061 3499 2126 τοῦτον,
3543 2063 3738 2120 καὶτὰ

2148 2143 2340 2198 τούτου
2371 2145 2534 2217 μέρη,
2561 2147 2956 2217 άμαθαίνοντες
2979 2151 3075 2204 καὶ
3101 2152 3570 2224 ἀγροικιζόμενοι,
3603 2171 3738 2227 προ-

2149 2237 2268 2309 νοίᾳ
2301 2240 2394 2292 καὶ
2427 2237 2681 2308 βουλήσει
2709 2239 3041 2312 δημιουργὸν
3069 2237 3212 2298 εἷναι
3239 2243 3334 2298 τὸν
3363 2245 3498 2298 Θεὸν
3515 2246 3579 2299 οὐ
3605 2263 3738 2316 συγ-

2150 2329 2449 2400 χωροῦσιν·
2490 2331 2852 2402 ἀπροαίρετον
2893 2333 3058 2389 αὐτδν
3116 2335 3300 2390 αἰτίαν
3345 2336 3440 2392 τοῦ
3491 2339 3735 2410 κόσμου,

2148 2419 2240 2474 διὰ
2270 2420 2365 2474 τοῦ
2397 2422 2842 2495 πολυθρυλλήτου
2894 2427 3344 2500 παραδείγματος
3383 2430 3495 2500 (87)
3538 2431 3732 2486 ὑποτοο

2150 2510 2438 2577 πάζοντες.
2464 2513 2633 2569 Πάλιν
2652 2515 2697 2568 δ’
2721 2511 2788 2569 αὖ
2816 2518 2929 2579 τοῖς
2963 2517 3115 2583 ἰδίοις
3144 2519 3288 2574 κατά
3307 2521 3407 2591 τὴν
3431 2523 3736 2594 παροιμίαν

2151 2601 2398 2656 ἑάλωσαν
2443 2607 2663 2676 πτεροῖς
2694 2605 2827 2678 (88).
2865 2608 2970 2662 Τὸν
3014 2611 3154 2682 πρὸς
3179 2610 3389 2680 ἀγαθοῦ
3429 2612 3542 2682 γάρ
3575 2629 3728 2683 γεγο-

2152 2692 2306 2760 νότα,
2334 2695 2432 2750 καὶ
2457 2697 2638 2762 καλῶς
2662 2698 3010 2769 ἁρμοσθέντα
3041 2701 3116 2773 μὴ
3149 2702 3468 2774 φθείρεσθαι
3505 2705 3616 2759 δεῖν
3647 2706 3732 2760 λέ-

2152 2802 2364 2857 γοντες,
2390 2789 2517 2860 περὶ
2535 2789 2645 2844 τῶν
2673 2793 2815 2846 κατά
2841 2793 3006 2864 μέρος
3032 2794 3338 2866 ἀνθρώπων
3360 2795 3733 2868 ἐρωτώμενοι,

2151 2878 2223 2933 δι’
2256 2877 2354 2943 οὒς
2395 2881 2632 2950 μάλιστα
2664 2881 2782 2936 τόδε
2829 2883 2890 2937 τὸ
2934 2887 3040 2938 πᾶν
3073 2887 3316 2954 γέγονεν,
3369 2888 3519 2952 ὅπως
3555 2889 3732 2957 γίνον·
3841 2923 3868 2934 -

2151 2987 2241 3024 ται
2280 2971 2373 3024 καὶ
2407 2971 2724 3044 φθείρονται
2754 2976 2890 3046 πρὸς
2923 2977 3130 3045 ἀγαθοῦ
3161 2977 3257 3032 τοῦ
3285 2978 3424 3033 Θεοῦ
3453 2981 3733 3049 γεγονότες

2153 3063 2249 3115 καὶ
2275 3062 2455 3126 καλῶς
2483 3065 2880 3135 άρμοσθέντες,
2901 3068 2978 3130 ὡς
2998 3068 3204 3138 ἀγαθοῦ
3235 3069 3372 3124 Θεοῦ
3395 3071 3455 3142 δη
3464 3072 3728 3142 μιουργή-

469 3166 690 3221 duntur.
721 3163 992 3219 Praeterea
1037 3163 1182 3216 hunc
1229 3164 1488 3216 tnundum
1527 3159 1750 3215 mininte
1781 3159 1982 3212 habere
2017 3171 2048 3211 a

2157 3168 2326 3249 ματα,
2363 3157 2662 3224 πεπήγασι,
2705 3161 2803 3212 καὶ
2837 3159 3038 3229 ἰχθύων
3067 3162 3162 3214 καὶ
3193 3161 3360 3216 λίθων
3397 3163 3731 3232 ἀφωνότεροι

473 3257 655 3326 seipse
686 3253 1152 3308 immortalitatem
1195 3251 1514 3306 conﬁtentes
1550 3268 1564 3304 :
1594 3260 1650 3301 ut
1680 3248 1824 3302 enim
1871 3245 2050 3300 audivi

2155 3242 2414 3309 γίνονται.
2454 3246 2625 3300 Πάλιν
2653 3247 2698 3301 δ’
2728 3245 2794 3304 αὖ
2828 3250 2978 3304 τόνδε
3007 3251 3100 3304 τὸν
3130 3251 3336 3322 κόσμον
3376 3254 3451 3322 μὴ
3477 3252 3538 3317 εξ
3566 3251 3734 3319 αρτοῦ

474 3348 764 3418 quemdam
811 3361 841 3400 e
891 3345 1174 3414 discipulis
1223 3344 1460 3398 Platonis
1507 3342 1956 3411 triumphantem,
2009 3335 2054 3392 si

471 3441 807 3510 cogitatione
853 3440 1265 3492 abstraheretur
1309 3437 1376 3490 ab
1419 3435 1675 3489 universo
1704 3431 1919 3502 Opifex,
1963 3441 2054 3487 aut

449 3533 520 3589 ‘si
555 3547 660 3586 non
711 3533 1039 3596 contineret,
1068 3541 1122 3584 et
1169 3544 1290 3599 qua:
1325 3527 1540 3582 condita
1597 3532 1723 3580 sunt
1761 3524 2048 3591 stabiliret,

469 3621 1032 3692 complecteretur-que
1068 3635 1130 3672 ea
1182 3634 1302 3687 quae
1353 3619 1420 3670 ab
1455 3617 1570 3684 ipso
1600 3615 1860 3684 producta
1902 3622 2046 3678 sunt,

470 3729 625 3771 cassa
657 3713 836 3770 omnia
877 3713 1136 3781 perirent,
1168 3721 1223 3764 et
1268 3709 1520 3763 interitus
1553 3716 1713 3776 atque
1744 3704 2050 3771 corruptela

421 3855 430 3862 .
473 3806 712 3862 universi
763 3815 1130 3873 sequeretur:
1165 3802 1333 3864 istud,
1377 3801 1622 3868 inquam,
1672 3799 1753 3853 sic
1787 3797 2051 3852 conﬁten-

475 3905 556 3952 tes
581 3915 597 3953 :
626 3898 816 3960 solem,
852 3896 1059 3959 lunam,
1087 3903 1162 3958 et,
1195 3903 1252 3946 ut
1277 3893 1589 3948 summatim
1615 3893 1812 3954 dicam,
1843 3901 2047 3960 septem

471 3988 567 4058 qui
599 3996 864 4042 vocantur
905 3985 1154 4054 planetas,
1196 3985 1480 4054 ipsumque
1517 3983 1714 4037 etelum
1754 3981 1884 4035 deus
1926 3995 2051 4033 esse

468 4079 787 4149 praedicant,
821 4087 874 4132 et
903 4091 1070 4130 causa
1101 4090 1287 4130 eorum
1323 4089 1444 4144 qua:
1467 4073 1742 4141 sigillatint
1767 4083 2046 4143 geruntur,

469 4187 596 4229 cum
639 4183 836 4226 natura
883 4171 995 4225 sint
1022 4169 1429 4239 corruptibiles,
1483 4169 1563 4222 sic
1597 4182 1692 4222 eos
1738 4168 1870 4220 deos
1908 4167 2050 4219 notis

470 4265 988 4330 comminiscuntur,
1030 4273 1086 4319 et
1136 4278 1388 4333 magnum
1439 4271 1494 4316 et
1539 4258 2047 4329 prwstantissimum

472 4359 696 4416 deitatis
733 4371 928 4411 nomen
974 4365 1030 4410 et
1077 4371 1278 4409 numen
1327 4349 1652 4407 contumelia
1703 4348 1964 4413 alliciunt,
1995 4357 2048 4403 et

467 4451 784 4522 deprimunt
819 4449 886 4504 ad
919 4448 1097 4502 tabem
1130 4460 1285 4501 noxae
1315 4439 1747 4508 corruptelwque
1769 4450 2044 4506 expertem

2152 3335 2254 3406 τὴν
2287 3337 2591 3393 ἀθανασίαν
2629 3339 2774 3410 ἔχειν
2811 3341 3229 3412 ὁμολογοῦντες·
3257 3343 3334 3407 ὼς
3373 3344 3482 3414 γὰρ
3525 3345 3734 3416 ἥκουσα

2152 3426 2264 3480 τῶν
2302 3428 2586 3492 Πλάτωνος
2631 3431 3005 3500 μυσταγωγῶν
3034 3449 3175 3496 τινος
3208 3433 3639 3505 κομψευόμενον,
3684 3438 3734 3488 εἰ

2151 3519 2364 3589 ἐπινοίᾳ
2405 3521 2704 3592 χωρισθείη
2746 3521 2840 3575 τοῦ
2873 3523 3073 3586 παντὸς
3110 3524 3138 3574 ὁ
3175 3522 3527 3596 δημιουργὸς,
3568 3525 3603 3596 ἢ
3635 3524 3734 3578 τοῦ

2153 3611 2398 3680 συνέχειν
2422 3630 2480 3666 τε
2519 3615 2611 3667 καὶ
2655 3614 2726 3668 τά
2767 3614 3246 3685 δημιουργηθέντα
3294 3615 3588 3685 κρατύνειν
3637 3617 3734 3669 καὶ

2150 3705 2607 3776 περιδράττεσθαι
2641 3707 2749 3761 τῶν
2783 3707 2921 3778 πρὸς
2952 3706 3120 3762 αὑτοῦ
3164 3709 3503 3776 γεγενότων,·
3523 3709 3734 3780 φροῦδα

2148 3796 2217 3850 τὰ
2248 3797 2425 3850 πάντα
2457 3801 2757 3870 οἰχήσεται,
2785 3801 2880 3854 καὶ
2921 3800 3202 3871 ἀναίρεσις
3243 3801 3340 3854 καὶ
3371 3801 3548 3872 φθορά
3577 3802 3732 3869 γίνε-

2148 3906 2240 3942 ται
2266 3889 2360 3943 τοῦ
2403 3892 2604 3954 παντός
2629 3908 2642 3923 ·
2684 3891 2831 3946 τοῦθ’
2863 3891 3036 3956 οὕτως
3064 3892 3453 3962 ὁμολογοῦντες
3490 3894 3642 3963 ἥλιόν
3669 3911 3731 3945 τε

2148 3982 2244 4034 καὶ
2276 3983 2507 4052 σελήνην
2537 3984 2629 4036 καὶ
2661 3983 2936 4036 συνελόντι
2963 3985 3148 4053 φᾶναι,
3177 3985 3305 4046 τοὺς
3335 3985 3473 4038 ἑπτὰ
3503 3985 3731 4054 λεγομέο

2149 4093 2272 4139 νους
2311 4076 2611 4145 πλανήτας,
2655 4077 2748 4130 καὶ
2794 4075 2957 4130 αὐτὸν
3001 4076 3090 4130 τὸν
3129 4076 3360 4146 οὐρανὸν
3405 4075 3559 4140 θεοὺς
3592 4073 3638 4130 εἰ
3654 4077 3731 4128 ιαί

2149 4183 2314 4236 φασι·
2347 4168 2444 4221 καὶ
2471 4168 2580 4221 τῶν
2609 4167 2752 4222 κατά
2791 4168 2956 4238 μέρος
2995 4169 3465 4238 οἰκονομουμένων
3501 4169 3728 4231 αἰτίους,

2147 4260 2276 4323 τοὺς
2311 4259 2470 4329 φύσει
2496 4258 2772 4329 φθαρτούς
2793 4274 2808 4290 ο
2840 4259 2935 4312 καὶ
2972 4259 3200 4322 τούτους
3239 4257 3397 4321 θεοὺς
3430 4260 3563 4329 ἡμῖν
3592 4259 3731 4312 ἀνα-

2151 4350 2534 4417 πλαττόμενοι,
2567 4351 2661 4404 καὶ
2686 4350 2745 4404 τὸ
2785 4351 2927 4420 μέγα
2955 4350 3048 4403 καὶ
3079 4350 3459 4420 περιμάχητον
3477 4349 3581 4420 τῆς
3611 4349 3731 4403 θεό-

2149 4459 2310 4511 τητος
2341 4442 2521 4512 ὄνομά
2544 4459 2601 4496 τε
2627 4441 2725 4496 καὶ
2753 4446 2986 4514 πρᾶγμα
3018 4442 3465 4513 καθυϐρίζοντες,
3501 4442 3596 4496 καὶ
3628 4459 3730 4495 κα-

470 4555 745 4600 naturam.
793 4541 873 4595 Ac
916 4540 1000 4596 lite
1040 4539 1257 4608 quidem
1309 4535 1534 4588 istorum
1578 4543 1707 4586 sunt
1743 4533 2045 4599 opiniones,

2151 4533 2536 4598 ταῦιὸάζοντες
2579 4536 2659 4598 είς
2707 4535 2914 4605 φθορὰν
2952 4536 3052 4606 τὴν
3105 4536 3386 4607 ἀκήρατον
3443 4534 3606 4604 φύσιν
3636 4533 3732 4586 καὶ

473 4634 586 4688 imo
628 4647 758 4686 vero
807 4631 877 4684 de
923 4627 1279 4683 universitate
1323 4620 1543 4674 furiosa:
1592 4621 1950 4686 narrationes,
1991 4633 2046 4676 et

472 4734 782 4779 coinmenta
817 4719 1131 4787 errorisque
1157 4713 1398 4768 licentia.
1428 4709 1619 4766 Nostra
1655 4724 1832 4769 autem
1861 4717 1926 4768 de
1957 4731 2044 4770 re-

474 4815 576 4871 bus
625 4812 922 4877 sententia,
963 4816 1019 4864 et
1053 4806 1297 4861 veritatis
1341 4803 1518 4860 Oratio
1551 4805 1671 4860 talis
1711 4817 1795 4860 est
1828 4824 1840 4859 :
1874 4806 2044 4860 Deum

472 5015 872 5092 purissimo_ab
907 5013 1052 5069 omni
1101 5011 1392 5070 iufectione
1425 5014 1714 5070 intriuscca
1752 5021 1805 5066 et
1831 5013 2048 5067 actione

472 5085 719 5148 externa.
755 5085 849 5138 ΒΑ.

508 5231 513 5232 γ
543 5161 656 5232 (84)
697 5152 1076 5232 torminum.
1108 5152 1376 5232 Insignia,
1417 5163 1478 5232 ut
1510 5154 1894 5232 interpretatur
1932 5151 2046 5223 Cy-

477 5221 1098 5298 rillus'glossogt'apltus.
1129 5221 1242 5279 Nec
1269 5225 1410 5280 male
1439 5221 1843 5289 Ceuebt‘ardus,
1879 5221 2041 5278 tesse-

473 5298 1002 5440 ωἷθὲλὲαςίλειος
1027 5367 1058 5418 ό
1087 5367 1274 5436 μένας
1299 5363 1724 5440 τῆςάλῃθείας
1751 5362 2039 5440 modum:

2152 4625 2264 4693 ἀπή
2277 4641 2496 4692 μαντον.
2527 4624 2711 4680 Ταῦτα
2734 4627 2833 4696 μὲν
2856 4627 3081 4681 ἐκείνων
3111 4627 3179 4681 τὰ
3205 4627 3522 4696 δοξάσματα
3543 4643 3556 4658 ·
3592 4627 3730 4697 μᾶλ-

2153 4713 2242 4766 λον
2273 4715 2331 4767 δὲ
2361 4717 2430 4769 τά
2475 4717 2605 4786 περ)¹
2639 4717 2735 4771 τοῦ
2777 4719 2978 4782 παντὸς
3009 4717 3234 4790 θυμώδη
3267 4718 3378 4789 (89)
3417 4719 3733 4790 διηγήματα

2155 4805 2249 4858 καὶ
2273 4807 2697 4880 άναπλάσματα,
2723 4810 2819 4863 καὶ
2844 4811 2877 4882 ἡ
2911 4811 3207 4880 αὐτονομια
3230 4810 3330 4882 τῆς
3360 4811 3570 4881 πλάνης
3595 4809 3728 4880 (90).

2154 5015 2243 5084 qui
2275 5032 2486 5084 seraper
2517 5017 2658 5072 idem
2690 5019 3124 5074 substantialiter
3151 5016 3427 5073 exstiterit
3485 5013 3579 5070 ΒΑ.

2226 5087 2336 5158 (87)
2374 5089 2478 5142 Διὰ
2525 5089 2632 5143 τοῦ
2677 5087 3184 5158 πολυθρυλλήτον
3233 5086 3726 5156 παραδείγματος.

2155 5154 2576 5238 Traductissima
2623 5154 3103 5238 demonstratione.
3146 5154 3403 5238 Poteset
3438 5170 3729 5238 argumen-

2153 5227 2412 5350 :ationéattt
2443 5230 2522 5281 vel
2552 5229 2916 5284 inductionem
2943 5244 3050 5282 nou
3080 5227 3425 5282 incommode
3453 5227 3724 5294 interpre-

2175 5311 2276 5350 ari.
2352 5314 2405 5350 Α.

2223 5335 2500 5437 ίὲὃῖἳόῖς
2532 5367 2796 5432 ἰδιόις.,..
2839 5366 3098 5436 πτεροῖς.
3137 5366 3264 5422 Suis
3298 5366 3400 5421 sibi
3437 5363 3538 5419 alis
3583 5365 3725 5432 capti

469 5435 600 5520 {ora
633 5435 727 5520 βία
750 5435 1273 5520 Τιιεοιιυιοίειιεοηιέ.
1304 5437 1358 5490 4.
1396 5436 1672 5496 Βασίλειος
1701 5435 1732 5487 ὁ
1781 5436 1972 5504 μέγας,
2007 5435 2036 5486 ό

2151 5435 2696 5520 suun—Proverbiqu
2759 5442 2826 5493 ab
2881 5435 3071 5492 avibus
3117 5438 3268 5494 visco
3320 5437 3726 5492 obhaerentibus

471 5509 568 5578 τῆς
582 5579 587 5580 ί
599 5507 919 5580 οἰκουμένης
943 5509 1187 5580 ιρωστήρ.
1213 5507 1347 5562 Tm.

545 5579 656 5648 (86)
689 5573 906 5644 ὀἰ-τως*
939 5573 1086 5634 ὄντι.
1117 5573 1256 5635 ’διιιε
1290 5576 1572 5648 principio,
1605 5573 2035 5648 substantialiter

475 5645 723 5703 inet-cx
777 5665 836 5703 se
891 5652 1006 5717 ipso
1061 5645 1363 5704 exsistenti.
1417 5647 1492 5699 Ita
1543 5649 1595 5698 in
1646 5645 1703 5699 S.
1756 5645 2038 5717 Scriptura

472 5718 642 5785 ipsum
673 5736 732 5775 se
769 5721 873 5774 dici
907 5715 1021 5773 vult
1069 5721 1207 5776 Deus
1230 5758 1246 5781 ,
1283 5729 1340 5770 ut
1376 5717 1468 5786 qui
1505 5732 1696 5770 nomen
1748 5715 1894 5786 aliud
1933 5729 2037 5765 non

471 5789 740 5858 admittat,
775 5793 868 5848 sed
897 5791 971 5845 sit
999 5791 1169 5855 ipsum
1201 5789 1331 5842 illud
1364 5785 1426 5844 ett
1460 5801 1568 5857 quo
1600 5786 1708 5840 siut
1739 5785 1954 5848 omnia,
1988 5792 2042 5836 ct

2137 5519 2432 5575 sumptum.
2463 5507 2556 5561 ΒΑ.

2365 5577 2500 5631 forte
2529 5575 2750 5648 μυθώδη
2760 5617 2788 5648 .7
2970 5645 2977 5648 Α
3164 5647 3168 5648 ν
3555 5619 3578 5636 ν.

2222 5647 2334 5714 (90)
2365 5645 2701 5715 aerumna
2727 5645 2834 5714 ἑῆς
2854 5645 3117 5716 πλάνης.
3145 5647 3455 5704 Auctoritas
3479 5647 3728 5714 qruedam

2147 5717 2648 5789 erratnii.__BespiCtt
2675 5719 2740 5774 ad
2770 5722 3052 5788 supercilia
3082 5719 3481 5789 philosopltiCa.
3511 5719 3732 5785 Insigne

2153 5788 2257 5841 tale
2293 5789 2342 5839 in
2381 5787 2753 5856 'l'ueupbrasto
2791 5791 3046 5844 describit
3081 5787 3520 5846 lineas—noster.
3556 5789 3652 5841 ΒΑ.
