4070 6442
426 365 560 432 H35

1452 365 1687 425 Z.\CII.\
1699 365 1850 460 “1.1%
1893 365 1946 424 Μ
1957 366 2226 426 ITYLEN
2237 366 2322 425 ES
2362 363 2701 426 EPISCOPI

3557 363 3692 428 H36

415 492 529 551 ‘que
571 479 855 534 adversum
881 490 941 532 ea
973 492 1092 548 qua:
1121 475 1221 546 ipsi
1260 475 1623 545 imperantur,
1668 476 2001 546 aggreditur,

2136 477 2216 529 ὦν
2254 477 2356 545 τῆς
2387 476 2631 540 δουλείας
2657 475 2860 547 ἔργων,
2897 461 3056 547 μηδὲ
3085 477 3314 531 κατόπιν
3343 475 3413 530 τοι
3444 475 3554 529 τῶν
3584 478 3696 530 σῶν

425 573 519 626 sed
552 579 797 642 prompte
821 586 944 625 cum
978 570 1144 625 animi
1185 568 1459 639 voluptate
1489 568 1816 624 famulatur?

495 741 655 820 291
689 747 746 802 Β.
781 743 950 802 Plane
975 741 1244 818 posterius
1275 745 1572 818 amplector
1595 761 1657 802 ac
1688 746 1906 818 recipio.

499 927 563 979 A.
604 926 802 992 Quidni
852 926 1016 996 igitur
1055 926 1284 981 Creator
1321 921 1617 994 posteriori
1665 925 1899 990 insistat,
1946 927 2012 980 il-

429 1017 628 1086 indque
679 1017 1076 1088 amplectatur,
1122 1015 1292 1070 solam
1356 1029 1600 1071 nostram
1645 1018 1782 1072 bene
1823 1019 2014 1088 agendi

433 1111 701 1163 rationem
731 1119 1017 1178 expetens,
1048 1123 1110 1162 ae
1138 1108 1296 1161 istam
1330 1113 1502 1163 solam
1535 1124 1564 1163 e
1590 1108 1748 1164 nobis
1766 1110 2012 1180 volupta-

433 1213 540 1256 tem
589 1201 831 1267 capiens,
891 1209 948 1253 ut
987 1199 1287 1262 salvemur,
1318 1200 1777 1268 quemadmodum
1827 1204 1904 1255 ait
1935 1203 2018 1254 in-

431 1294 603 1363 signis
649 1292 734 1346 ille
780 1303 834 1345 et
882 1291 1098 1346 divinus
1133 1290 1424 1347 Clemens?
1466 1290 1650 1362 Itaque
1679 1293 1770 1364 qui
1829 1293 2019 1347 tollunt

435 1386 663 1438 liberum
712 1382 1044 1443 arbitrium,
1097 1390 1152 1437 et
1199 1381 1457 1437 incusant
1511 1384 1828 1437 Creatorem
1877 1384 2020 1454 quod

434 1493 541 1532 non
568 1476 756 1528 fecerit
787 1488 886 1528 nos
914 1473 1130 1528 consilii
1166 1484 1221 1528 et
1247 1473 1534 1530 electionis
1574 1485 1855 1544 expertes,
1889 1475 2022 1530 nihil

435 1569 579 1623 aliud
607 1582 770 1638 quam
800 1568 1019 1621 brutum
1057 1569 1320 1634 impetum
1352 1577 1407 1622 et
1439 1577 1690 1621 naturam
1727 1569 2024 1637 praeferunt

437 1662 664 1715 rationis
699 1659 972 1730 participi,
1003 1659 1425 1713 iuvoluntariam
1476 1661 1772 1715 motionem
1808 1675 2018 1730 przepo-

438 1765 630 1808 nentes
661 1752 976 1806 voluntariae
1013 1752 1232 1806 motioui
1263 1761 1319 1808 et
1346 1753 1536 1807 virtuti
1564 1752 1776 1806 ratione
1809 1763 1864 1807 et
1885 1767 2022 1807 eon-

2116 569 2598 638 προσταγμάτων
2654 568 2790 624 ἀλλὰ
2840 569 3150 641 προθυμίας
3199 567 3547 622 ὑποδουλεύοι
3597 571 3697 622 σὺν

2115 661 2274 733 ἡδονῇ
2301 679 2317 729 ;

2189 753 2250 808 Β.
2292 753 2486 825 Δῆλον,
2525 749 2571 809 ὦ
2602 754 2777 824 ’γαθὲ,
2817 755 2893 820 ὡς
2949 756 3011 810 ca
3063 756 3319 829 δεύτερον
3376 755 3590 826 ἄγαμαί
3634 771 3696 809 τε

2118 844 2215 896 καὶ
2251 843 2572 914 ἀσπάζομαι
2606 846 2742 916 (16).
2925 893 2938 902 .

2189 933 2255 987 Δ.
2299 933 2540 1000 Οὐκοῦν,
2594 929 2640 988 ὦ
2693 935 2961 1007 μακάριε,
3013 937 3110 990 καὶ
3161 940 3193 992 ὁ
3245 939 3588 1010 Δημιουργδς
3622 937 3697 1008 τῷ

2119 1021 2364 1096 δευτέρῳ
2398 1025 2627 1092 τίθεται,
2667 1028 2764 1081 καὶ
2821 1029 2973 1082 τουτὶ
3008 1029 3338 1098 ἀσπάζεται,
3397 1032 3564 1103 μόνης
3601 1033 3700 1101 τῆς

2119 1115 2400 1187 ἡμετέρας
2457 1115 2759 1188 εὐπραξίας
2821 1118 3171 1190 γλιχόμενος·
3207 1122 3302 1174 καὶ
3342 1121 3503 1175 τοῦτο
3541 1125 3705 1191 μόνον

2120 1203 2410 1259 ἀπολαύων
2446 1205 2603 1277 ἡμῶν
2641 1199 2686 1275 ᾧ
2725 1207 3011 1276 σωζόμεθα
3037 1224 3051 1238 ⁸
3105 1208 3182 1272 ὥς
3215 1225 3349 1280 φησι
3398 1209 3632 1280 Κλήμης
3674 1212 3706 1261 ὁ

2121 1296 2332 1361 κλεινὸς
2355 1298 2450 1350 καὶ
2475 1297 2854 1362 θεσπέσιος.οί
2884 1299 3064 1352 τοίνυν
3081 1299 3143 1353 τὸ
3175 1301 3524 1366 αὐτεξούσιον
3551 1302 3704 1355 ἀναι-

2127 1386 2368 1460 ροῦντες,
2397 1388 2493 1443 καὶ
2525 1389 2608 1443 ὅτι
2633 1391 2708 1461 μὴ
2745 1389 3037 1458 γεγόνασιν
3069 1392 3449 1466 ἀπροαίρετοι,
3479 1392 3572 1446 τὸν
3595 1395 3698 1464 Δη-

2127 1478 2390 1551 μιουργδν
2447 1480 2892 1550 καταιτιώμενοι,
2919 1482 3069 1535 οὐδὲν
3098 1483 3287 1554 ἕτερον
3319 1481 3352 1556 ἢ
3382 1483 3481 1555 τὴν
3514 1483 3709 1552 ἄλογον

2123 1571 2307 1642 ὁρμήν
2335 1587 2394 1624 τε
2444 1573 2538 1624 καὶ
2581 1571 2742 1641 φύσιν
2797 1574 3108 1644 προτιμῶσι
3161 1573 3262 1646 τῆς
3306 1575 3557 1647 λογικῆς,
3608 1575 3710 1648 τὴν

2125 1659 2382 1714 ἀκούσιον
2409 1661 2584 1732 φορὰν
2631 1661 2982 1732 προτιθέντες
3009 1663 3105 1716 τοῦ
3139 1665 3386 1718 ἑκουσίου
3411 1667 3711 1737 κινήματος

2126 1756 2222 1807 καὶ
2255 1753 2355 1824 τῆς
2412 1752 2638 1824 λογικῆς
2689 1754 2893 1824 ἀρετῆς
2916 1772 2929 1787 ·
2989 1757 3083 1810 καὶ
3128 1759 3408 1829 μονονουχὶ
3447 1759 3710 1829 χαλεπαί-

437 1847 560 1900 silin
606 1844 841 1914 praedita:
881 1853 934 1898 et
984 1843 1294 1910 instructae,
1343 1858 1407 1898 ac
1453 1842 1842 1913 prOpemodum
1887 1857 2028 1911 aegre

2136 1865 2312 1912 νοντες
2339 1849 2422 1902 ὅτι
2457 1848 2533 1919 μὴ
2565 1848 2860 1922 θρέμματα
2897 1851 2990 1904 καὶ
3017 1851 3242 1924 πίθηκοι
3275 1851 3514 1924 κάμηλοί
3535 1869 3593 1904 τε
3616 1853 3713 1907 καὶ

441 1939 679 1992 ferentes
708 1937 851 2007 quod
882 1950 985 1990 non
1018 1949 1214 2006 pecora
1250 1946 1305 1991 et
1332 1935 1526 2000 simize,
1575 1933 1766 1990 cameli
1799 1943 1852 1988 et
1885 1933 2022 1988 asini

441 2029 554 2084 nati
594 2036 745 2082 Sttltl.

513 2119 574 2174 Β.
618 2118 785 2183 licus,
819 2132 853 2172 o
876 2117 1056 2184 beate,
1090 2131 1177 2170 me
1217 2114 1430 2172 asinum
1451 2122 1600 2170 certe
1639 2123 1692 2170 et
1734 2113 1945 2169 simiam
1973 2121 2027 2166 et

444 2213 731 2275 camelum,
759 2220 814 2265 et
842 2212 1013 2265 bruta:
1035 2219 1245 2264 natura:
1271 2217 1427 2263 notas
1461 2216 1684 2278 propter
1713 2205 2023 2276 bujusmodi

445 2306 799 2376 quitestiunem
830 2302 1007 2358 fecisti
1036 2304 1050 2358 l

517 2397 580 2453 Α.
621 2395 856 2462 locaris,
882 2395 1023 2450 bone
1059 2393 1143 2448 vir
1171 2411 1185 2447 :
1214 2406 1315 2462 ego
1345 2405 1475 2448 vero
1504 2389 1884 2447 existimabam
1921 2403 2028 2442 non

446 2504 564 2544 esse
593 2487 877 2559 prudentis
924 2486 1138 2556 virique
1188 2481 1540 2554 intelligentis
1575 2479 1628 2536 in
1678 2489 1786 2534 tam
1818 2477 2031 2550 magnis

449 2580 657 2635 ludere.
1265 2618 1272 2630 .

527 2671 586 2724 Β.
631 2667 1005 2724 Urbanitatem
1047 2665 1310 2721 affectans
1340 2663 1484 2719 istud
1509 2661 1779 2726 dicebam,
1813 2675 1916 2715 nou
1940 2659 2027 2730 jo-

451 2778 604 2818 rans.
652 2759 785 2814 Nam
834 2775 894 2814 ea
946 2773 1065 2829 qua:
1118 2757 1458 2821 dicebantur,
1515 2763 1602 2810 sat
1651 2752 1915 2822 intelligo,
1969 2767 2034 2808 ac

452 2855 682 2925 gratiam
730 2852 909 2907 habeo
946 2864 1164 2904 summo
1203 2845 1393 2918 Opifici
1425 2847 1568 2916 quod
1603 2845 1830 2900 rationis
1873 2844 2035 2913 parti-

454 2949 628 3015 cipem
684 2945 899 3013 meique
950 2939 1162 2995 arbitrii
1200 2937 1589 3008 procreaverit.
1627 2935 1892 2992 Incusabo
1941 2951 2036 2989 au-

455 3049 561 3095 tem
603 3052 710 3092 non
761 3036 936 3105 ipsum
975 3031 1192 3102 quidem
1228 3049 1242 3085 :
1276 3030 1406 3100 quid
1445 3030 1588 3084 enim
1629 3030 1793 3084 immo
1817 3029 2036 3082 incusa-

2131 1938 2242 1992 ὄνοι
2271 1940 2590 2008 γεγόνασιν.

2206 2115 2266 2168 Β.
2317 2114 2421 2168 Ἰοῦ
2451 2155 2466 2180 ,
2491 2108 2536 2169 ὦ
2564 2116 2803 2186 μακάριε
2841 2117 2974 2187 (l7),
3001 2117 3077 2179 ὡς
3115 2117 3235 2170 δνον
3263 2134 3332 2188 με
3363 2118 3458 2172 καὶ
3485 2117 3714 2188 πίθηκον

2135 2209 2231 2260 καὶ
2263 2207 2514 2277 κάμηλον
2554 2209 2649 2262 καὶ
2680 2208 2748 2262 τὰ
2784 2212 2881 2279 τῆς
2915 2210 3141 2280 ἀλογίας
3197 2211 3577 2283 γνωρίσματα,
3625 2213 3716 2265 διὰ

2135 2299 2235 2370 τὴν
2265 2299 2496 2370 ἀπορίαν
2522 2300 2830 2369 πεποίηκας
2847 2303 2858 2354 l

2207 2392 2272 2444 Α.
2315 2389 2560 2457 Παίζεις,
2591 2386 2638 2448 ὦ
2670 2391 2826 2459 ’γαθέ
2845 2407 2857 2421 ·
2892 2391 3006 2457 ἐγὼ
3029 2390 3084 2446 δὲ
3108 2392 3268 2465 ᾤμην
3317 2393 3391 2467 μὴ
3422 2395 3560 2467 πρὸς
3584 2412 3715 2468 (ppo-

2136 2482 2294 2553 νίμου
2325 2477 2578 2536 εἶναικαὶ
2604 2483 2796 2555 ἀνδρὸς
2825 2484 3074 2550 συνετοῦ,
3100 2488 3168 2538 τά
3196 2486 3337 2540 οὕτω
3357 2487 3568 2558 μεγάλα
3597 2487 3716 2541 δια-

2141 2574 2380 2638 παίζειν.

2211 2664 2272 2718 Β.
2321 2664 2810 2737 Χαριεντιζόμενος
2861 2664 2973 2736 (l8)
3021 2666 3190 2736 ἔφην,
3241 2661 3286 2721 ὦ
3333 2671 3607 2742 μακάριει
3657 2671 3718 2723 οὗ

2142 2755 2250 2827 γὰρ
2280 2755 2345 2826 δὴ
2387 2755 2618 2820 παίζων.
2667 2756 2810 2826 Ἐγὼ
2830 2758 2938 2829 γὰρ
2968 2759 3192 2830 ξυνίημι
3237 2760 3348 2813 τῶν
3381 2759 3720 2830 λεγομέκων,

2141 2849 2236 2902 καὶ
2269 2847 2431 2918 χάριν
2459 2841 2576 2901 οἶδα
2618 2847 2695 2919 τῷ
2727 2849 3080 2921 Δημιουργῷ,
3135 2850 3216 2903 ὅτι
3263 2869 3329 2920 με
3361 2852 3580 2920 λογικὸν
3631 2856 3722 2905 καὶ

2141 2937 2495 3003 αὐτεξούσιον
2517 2933 2656 2992 εἶναι
2691 2940 2978 3010 πεποίηκε.
3013 2941 3322 3010 Νεμεσήσω
3357 2941 3415 2994 δὲ
3431 2942 3530 2994 οὐκ
3552 2941 3717 3012 αύτῷ·

2141 3029 2195 3082 τί
2225 3031 2334 3100 γὰρ
2401 3029 2496 3081 καὶ
2550 3031 2908 3100 νεμεσήσειεν
2960 3031 3248 3100 ἄνθρωπος
3299 3031 3376 3096 τῷ
3440 3031 3583 3102 σοφῷ
3627 3035 3722 3086 καὶ

455 3131 595 3186 verit
647 3130 972 3196 sapientem,
1027 3123 1356 3192 penitusque
1401 3123 1602 3176 bonum
1657 3129 1713 3174 et
1769 3118 2032 3189 probum!

2145 3119 2412 3191 παγκάλῳ
2443 3120 2553 3190 (19)
2580 3121 2674 3172 καὶ
2701 3119 2918 3190 ἀγαθῴ;
2949 3119 3086 3172 άλλᾶ
3120 3121 3232 3192 γὰρ
3262 3124 3327 3192 τῇ
3373 3121 3476 3174 τῶν
3507 3121 3718 3192 ἀνθρώ-

457 3223 548 3276 sed
594 3219 876 3274 hominum
918 3216 1235 3279 amentiam,
1283 3213 1428 3283 quod
1471 3213 1806 3282 voluptatem
1841 3211 2032 3281 pracfe-

2142 3229 2259 3265 πων
2313 3212 2571 3283 ἀϐουλίᾳ,
2631 3212 2808 3266 ὅτιτὸ
2840 3212 2937 3282 ἡδὺ
2988 3213 3295 3283 προτιμῶσι
3342 3213 3442 3283 τῆς
3497 3214 3723 3284 ἀρετῆς,

459 3319 580 3368 rant
615 3309 823 3374 virtuti,
857 3307 1019 3363 illecti
1061 3317 1118 3362 et
1163 3306 1462 3361 inscientes
1514 3323 1528 3358 :
1563 3315 1623 3359 ut
1663 3305 1708 3359 si
1741 3305 1863 3375 quis
1889 3311 2040 3374 optet

457 3401 666 3473 pruritu
695 3398 904 3464 vexari,
937 3406 992 3451 et
1019 3396 1293 3467 voluptate
1336 3395 1598 3465 deceptus
1641 3405 1810 3450 totum
1841 3410 2040 3466 corpus

459 3493 732 3563 unguibus
763 3491 990 3556 laceret,
1021 3503 1125 3544 non
1158 3487 1404 3556 cogitans
1439 3497 1494 3542 et
1521 3489 1834 3556 cxpendens
1877 3502 2038 3542 secu-

461 3596 638 3641 turam
671 3581 1061 3652 impetiginem.

531 3677 598 3732 A.
645 3678 810 3732 [lecte
847 3690 908 3731 se
935 3674 1100 3730 habet
1133 3673 1457 3743 similitudo,
1487 3685 1540 3729 et
1579 3673 1734 3730 valde
1765 3675 2038 3730 convenit.

461 3770 520 3828 Si
547 3770 676 3840 quid
707 3785 836 3824 vero
869 3769 1035 3824 habes
1060 3767 1227 3833 aliud,
1259 3767 1554 3837 interroga.

535 3861 597 3916 B.
643 3860 770 3916 lla-c
803 3861 932 3915 mihi
962 3861 1075 3916 sola
1111 3868 1279 3913 restat
1309 3859 1597 3914 dubitatio.
1629 3859 1734 3926 Qui
1762 3859 2041 3914 hominum

461 3971 690 4025 corpora
729 3955 781 4008 in
807 3955 950 4010 mille
977 3963 1161 4025 partes
1192 3965 1249 4012 et
1289 3956 1586 4021 sectiones,
1623 3955 1666 4008 si
1698 3955 1771 4008 ita
1801 3953 2044 4024 contige-

467 4049 557 4114 rit,
587 4047 786 4113 divisa,
813 4056 868 4101 et
899 4062 928 4101 a
959 4047 1090 4104 feris
1130 4048 1320 4103 bestiis
1352 4057 1462 4102 tam
1499 4045 1854 4101 terrestribus
1880 4060 2042 4116 quam

463 4139 796 4208 aquatilibus
822 4152 968 4207 saepe
1004 4136 1252 4207 depasta,
1293 4151 1436 4206 sepe
1476 4136 1639 4191 etiam
1687 4135 1903 4206 penitus
1945 4135 2044 4189 ab-

465 4237 704 4300 sumpta,
745 4229 978 4286 dicimus
1019 4229 1292 4286 revictura
1327 4238 1384 4286 et
1421 4226 1880 4286 resurrectionem
1921 4226 2048 4284 ade-

466 4319 661 4391 plura?

538 4503 604 4556 Α.
648 4500 762 4571 Ego
799 4499 891 4556 ubi
934 4500 1031 4556 tibi
1066 4501 1340 4570 vulgatam
1377 4498 1520 4552 hanc
1568 4492 1922 4563 quaestionem
1967 4494 2049 4548 di-

2140 3303 2526 3374 δελεαζόμενοι
2570 3303 2682 3374 (‘20)
2739 3305 2833 3356 καὶ
2883 3303 3280 3374 ἀμαθαίνοντες
3308 3323 3320 3336 ·
3347 3304 3540 3376 ὥσπερ
3585 3304 3653 3358 ἂν
3678 3307 3733 3360 ετ

2141 3413 2225 3460 τις
2295 3396 2559 3464 ἀγάσαιτο
2633 3395 2696 3448 τὸ
2761 3395 3052 3465 κνήθεσθαι
3111 3396 3274 3469 (‘21),
3333 3400 3427 3452 καὶ
3468 3397 3576 3452 ὑπὸ
3625 3399 3728 3468 τῆς

2145 3487 2335 3558 ἡδονῆς
2368 3489 2730 3557 ἀπατώμενος
2744 3487 2881 3559 (22),
2905 3489 3028 3543 ὅλον
3053 3489 3299 3556 διαξέσαι
3327 3491 3392 3543 τὸ
3425 3490 3586 3561 σῶμα
3609 3497 3726 3554 τοῖς

2145 3580 2316 3645 ὖνυξι,
2348 3581 2446 3643 τὰς
2473 3580 2745 3651 ἑπομένας
2769 3579 2844 3651 μὴ
2878 3579 3254 3652 διανοούμενος
3274 3579 3483 3652 ψώρας.

2217 3671 2282 3724 Α.
2323 3670 2520 3734 Καλῶς
2561 3669 2764 3738 λέγεις,
2799 3671 2894 3724 καὶ
2949 3671 3225 3742 ἁρμονίως
3255 3672 3369 3742 ἔχει
3420 3673 3482 3726 τὸ
3510 3674 3612 3744 τῆς
3651 3676 3731 3728 el-

2145 3761 2322 3824 κόνος.
2359 3761 2492 3814 life:
2521 3762 2576 3815 δὲ
2608 3761 2795 3831 ἕτερον
2821 3761 2986 3832 ἔχεις,
3018 3762 3310 3818 πυνθάνου.

2216 3854 2277 3908 B.
2318 3854 2478 3907 Τουτὶ
2504 3855 2665 3925 μόνον
2693 3871 2781 3924 μοι
2802 3854 2862 3906 τὺ
2889 3854 3155 3926 άπόρημα
3181 3855 3576 3928 περιλείπεται.
3607 3857 3732 3922 Πῶς

2149 3947 2220 4000 τΞι
2248 3947 2356 4001 τῶν
2389 3947 2695 4018 ἀνθρώπων
2735 3945 2964 4016 σώματα
3005 3948 3086 4011 είς
3141 3948 3343 4020 μυρίας
3406 3951 3601 4018 μοίρας
3635 3953 3734 4002 καὶ

2145 4035 2341 4108 τομὰς,
2373 4038 2422 4089 εἰ
2459 4036 2644 4109 τύχοι,
2674 4036 3038 4104 διαιρεθέντα,
3073 4038 3178 4092 ὑπό
3207 4055 3264 4092 τε
3301 4038 3507 4110 θηρίων
3533 4039 3734 4094 πολλά-

2147 4147 2237 4196 κις
2292 4133 2388 4184 καὶ
2443 4130 2554 4184 τῶν
2588 4131 2645 4185 ἐν
2673 4132 2741 4201 γῇ
2793 4145 2848 4182 τε
2895 4129 2988 4184 καὶ
3025 4129 3261 4203 θαλάττῃ
3317 4131 3733 4202 λυμαινομένων

2152 4221 2314 4286 αὐτὰ,
2367 4222 2627 4286 πολλάκις
2683 4223 2739 4276 δὲ
2795 4223 2891 4277 καὶ
2948 4223 3182 4294 πάμπαν
3239 4223 3586 4277 ἀναλωθέντα
3639 4225 3736 4278 καὶ

2153 4314 2474 4369 ἀπολωλότα
2525 4313 2762 4384 λέγομεν
2813 4312 3213 4369 ἁναὸιώσεσθαι
3247 4315 3341 4368 καὶ
3381 4315 3735 4378 ἀναστάσεως

2157 4405 2450 4476 τυγχάνειν
2482 4422 2496 4469 ;

2223 4497 2287 4547 Δ.
2343 4492 2484 4563 Ἐγώ
2543 4509 2624 4547 σοι
2675 4495 2735 4548 τὸ
2806 4495 3245 4569 πολυθρύλλητον
3300 4497 3450 4551 τουτὶ
3509 4497 3736 4566 ζήτημα

469 4589 641 4656 luero,
674 4593 834 4645 finem
871 4590 1143 4660 imponam
1171 4589 1408 4655 dialogo,
1459 4585 1563 4639 nisi
1598 4582 1779 4654 aliqua
1808 4583 1912 4640 alia
1946 4583 2032 4640 du'

2153 4558 2462 4652 διαλύσας-⁷,
2528 4586 2703 4657 πέρας
2731 4558 3092 4660 Entellam-rip
3137 4558 3402 4660 διαλόγῳ,
3451 4558 3737 4660 είνμήΠτι

469 4679 661 4732 bitatio
693 4679 933 4732 animuin
962 4687 1114 4733 tuum
1150 4673 1458 4731 conturbet.

542 4769 604 4822 B.
642 4769 752 4824 Hoc
784 4784 951 4824 unum
989 4767 1191 4822 insidet
1219 4763 1402 4818 animo
1450 4777 1592 4830 meo,
1622 4771 1677 4818 et
1719 4763 2048 4820 inlimrescit.

470 4856 631 4925 Nam,
655 4860 786 4915 mihi
804 4859 989 4924 crede,
1017 4868 1210 4926 magna
1229 4853 1582 4947 quaestionu’m
1609 4855 2047 4926 importunitate,

470 4962 525 5007 et
557 4968 746 5008 errore
770 4953 1012 5007 animum
1047 4963 1226 5002 meum
1257 4950 1592 5020 expurgasti.

544 5131 657 5203 (t6)
683 5127 979 5203 Verissime
1001 5127 1130 5203 imo,
1158 5136 1216 5182 ut
1241 5143 1342 5203 ego
1379 5128 1676 5184 secundum
1702 5141 1826 5181 amo
1853 5136 1907 5181 et
1922 5141 2051 5203 am:

475 5199 698 5272 plector.
732 5199 869 5272 Tan.
895 5225 965 5239 —-
984 5199 1224 5272 Clarum,
1256 5215 1289 5254 ο
1313 5201 1472 5272 boue,
1501 5214 1686 5272 amare
1711 5207 1765 5252 et
1792 5199 2044 5272 amplecti

476 5267 560 5326 ine
607 5270 984 5339 posteriorem.
1015 5268 1208 5324 Mirum
1241 5283 1342 5324 cur
1373 5270 1460 5324 hic
1499 5271 1750 5324 tenebras
1793 5267 2046 5322 otiuderit

473 5337 701 5395 (lot'tiss.
727 5337 982 5392 Tarinus.
1017 5339 1114 5392 BA.

549 5413 660 5478 (Π)
695 5407 806 5460 Vult
823 5406 844 5479 ι
881 5423 912 5461 ο
957 5411 1140 5465 beate!
1180 5408 1412 5479 Cyrillus
1471 5408 1570 5461 heu
1623 5408 2040 5476 interpretatur.

477 5477 597 5536 Urit
629 5477 1102 5549 verndiscipuluut
1152 5477 1478 5549 sapientiam
1519 5479 1889 5549 venditantem
1922 5495 2037 5532 ma-

475 5554 666 5618 gister,
699 5547 845 5600 νυίιιι
868 5549 920 5602 in
951 5546 1615 5618 stabulumcampactutu.
1656 5546 1721 5600 Et
1755 5548 2038 5618 magister,

478 5617 557 5673 uri
594 5619 828 5672 vicissim
859 5619 998 5676 illius
1023 5624 1148 5688 joco
1176 5621 1345 5674 videri
1377 5617 1509 5671 vult.
1541 5617 1638 5688 Bs.

551 5689 662 5755 (I8)
713 5686 1244 5759 Χαρίεντιζὸμενος.
1308 5687 1623 5759 Adblandiri
1672 5686 2037 5759 tibinvnlens,

481 5773 585 5812 ttuu
621 5755 840 5815 itinde-rc
864 5774 949 5814 aut
971 5755 1144 5830 joeari
1179 5755 1375 5828 praeter
1399 5773 1510 5811 rem
1535 5756 1739 5811 volens.
1775 5755 1870 5810 Bs.
1909 5757 2038 5820 luto,

2155 4675 2343 4746 ἕτερον
2371 4675 2636 4746 ἀπορημὰ
2661 4691 2752 4728 σου
2781 4675 2876 4747 τὴν
2893 4676 3068 4748 ψυχὴν
3089 4677 3455 4748 διαταράττει.

2226 4767 2288 4822 Β.
2317 4767 2492 4820 Τοῦτο
2519 4767 2680 4838 μόνον
2709 4768 2989 4838 ἐφεδρεύει
3020 4771 3084 4840 τῇ
3112 4769 3256 4841 ψυχῇ
3285 4770 3378 4824 καὶ
3409 4768 3735 4843 ἐγκάθηται.

2171 4858 2259 4922 Ὣς
2297 4855 2355 4913 εὖ
2382 4859 2490 4912 ῐσθι
2516 4860 2628 4930 (9.5)
2661 4861 2866 4930 πολλῆς
2893 4861 3206 4931 ἀδολεσχίας
3243 4862 3619 4936 ἀπορημάτων
3646 4863 3742 4918 καὶ

2161 4949 2370 5020 πλάνης
2408 4951 2507 5022 τὴν
2537 4953 2676 5023 ἐμὴν
2722 4951 2900 5024 ψυχὴν
2932 4951 3292 5024 ὲξεκάθαρας.

2162 5127 2339 5186 facete
2370 5131 2573 5201 aliquid
2601 5132 2788 5188 dicere
2815 5132 3075 5201 gestiens,
3125 5148 3231 5186 non
3291 5133 3536 5187 illudere.

2226 5201 2339 5272 (19)
2371 5201 2454 5266 Τῷ
2483 5201 2654 5271 σοφῷ
2683 5203 2783 5257 καὶ
2817 5201 3130 5272 aurarii/up.
3185 5202 3543 5270 Trnjicieuda!
3571 5216 3738 5257 voces

2153 5271 2304 5378 ut‘vb
2333 5273 2442 5353 niis
2474 5275 2548 5396 ad
2593 5288 2784 5330 omnes
2811 5271 3061 5342 spectare
3089 5274 3263 5341 possit
3300 5291 3313 5328 :
3362 5274 3438 5342 τῷ
3474 5272 3749 5342 παγκάλῳ

2153 5357 2440 5396 nauseam.
2514 5358 2568 5395 Α.

2152 5357 2246 5395 και
2272 5357 2440 5396 σοωω.
2474 5357 2568 5396 UA.

2224 5360 2799 5484 ῖξῗῧρῖελῖζόμενοι
2833 5411 2932 5484 καί
2967 5412 3430 5482 ἀμαθαίνοντες.
3467 5411 3747 5468 llleeebris

2150 5485 2364 5550 decepti
2393 5495 2448 5537 et
2472 5495 2651 5536 mente
2686 5483 2838 5538 ututi.
2867 5483 2964 5538 ΒΔ.

2219 5552 2331 5622 (21)
2377 5551 2738 5617 Κνήθεσθαι.
2773 5552 2980 5622 Scalpi.
3032 5552 3205 5619 Quam
3241 5569 3352 5606 retu
3389 5554 3516 5607 alibi
3557 5553 3744 5608 docui-

2149 5637 2267 5674 mus
2303 5624 2491 5675 multis
2527 5624 2578 5675 in
2613 5623 2822 5677 deliciis
2867 5625 3193 5691 quandoque
3230 5625 3419 5678 fuisse.
3453 5626 3553 5676 ΒΑ.

2219 5691 2330 5759 (‘22)
2383 5692 2430 5744 Ἀ
2441 5695 2810 5762 ετζιτώμενος.
2857 5693 2963 5747 l’er
2980 5694 3316 5762 voluptatem
3340 5695 3618 5762 deceptus.
3642 5691 3737 5762 lit.

2223 5764 2330 5831 (εδ)
2360 5765 2456 5831 Μὴ
2485 5761 2939 5832 διανοούμενος.
2977 5761 3092 5818 Non
3118 5761 3598 5819 animadvertetis.
3637 5761 3736 5815 iis.
