4070 6382
426 319 559 387 113⁸1

1454 321 1915 383 DISPUTATIO
1962 322 2058 381 DE
2096 319 2347 381 MUNDI
2389 311 2744 378 OPIFICIO.

3571 299 3712 363 1133

495 445 563 496 Λ,
588 440 749 512 Αὑτῴ
770 441 848 511 τῷ
875 440 1208 513 Δημιουργῷ
1235 440 1418 512 χάρις,
1441 432 1487 491 ὦ
1522 437 1700 506 ’γαθὲ,
1739 436 1817 508 τῷ
1839 435 2015 490 ταῦτα

2185 433 2251 486 Α.
2294 430 2400 500 Ipsi
2457 443 2673 484 summo
2726 420 2917 492 Opiﬁci
2969 419 3177 492 gratia,
3226 418 3318 488 qui
3375 417 3492 472 hanc
3530 418 3711 472 dicere

423 529 603 599 λέγειν
641 530 923 584 δεδωκότι.
959 530 1354 601 ιῐροθυμήθητι
1391 523 1486 582 οὖν
1520 528 1617 580 καὶ
1674 526 1734 579 τὸ
1762 526 2016 592 δυνατὸν,

425 628 519 681 καὶ
544 627 606 680 τὸ
635 625 862 694 εὔλογον
891 625 1004 696 (24)
1045 626 1145 696 τῆς
1193 624 1551 685 ἀναστάσεως
1603 620 1713 674 τῶν
1748 622 2018 692 σωμάτων

429 716 722 774 πυθέσθαι.

498 809 562 865 Β.
603 808 767 877 Λέγεο
799 807 970 879 ἡδέως
1002 808 1113 879 γὰρ
1141 806 1207 861 ἂν
1238 806 1559 876 ἀκούσαιμι.

494 901 563 954 Δ.
600 900 684 957 Τὰ
736 900 845 953 τῶν
884 899 1187 972 ἀνθρώπων
1225 899 1493 969 σώματα,
1529 892 1576 952 ὦ
1655 895 1831 965 ’γαθὲ,
1885 896 2023 968 πρὸς

433 990 608 1062 βραχὺ
646 989 755 1061 γὰρ
784 990 1129 1060 φυσιολογεῖν
1182 991 1512 1059 ἀναγκαῖον,
1571 991 1634 1042 ἐκ
1674 987 1838 1041 τίνων
1892 1002 2025 1055 συγ-

431 1082 644 1137 κεῖσθαι
676 1083 919 1153 φήσομεν
943 1080 1054 1154 ('25)
1077 1098 1093 1148 ;

497 1175 561 1230 Β.
615 1173 710 1228 Ἐκ
732 1173 839 1227 τῶν
860 1175 1147 1244 τεσσάρων
1176 1172 1478 1243 στοιχείων,
1531 1174 1626 1225 καὶ
1657 1175 1685 1226 6
1725 1170 1837 1225 τῶν
1871 1185 2028 1239 φυσιο

435 1267 546 1323 κῶν
573 1266 730 1336 λόγος
770 1268 926 1337 φησὶ,
956 1267 1050 1320 καὶ
1075 1268 1107 1337 ἡ
1139 1266 1370 1337 ἀλήθεια
1404 1264 1671 1318 δείκνυσι.

505 1360 573 1414 Α.
605 1358 797 1413 Ταῦτα
827 1359 885 1413 δὲ
934 1358 1266 1428 διαλυόμενα
1304 1359 1386 1421 εἰς
1417 1357 1470 1410 τί
1518 1358 1724 1429 χωρεῖν
1757 1355 2025 1425 λέγομεν;

436 1451 562 1525 Ἆρ’
581 1456 683 1510 οὐκ
708 1457 791 1519 εἰς
818 1456 1007 1509 ἐκεῖνα
1036 1455 1096 1520 ἐξ
1120 1449 1196 1509 ὧν
1220 1456 1315 1508 καὶ
1340 1452 1603 1524 συνετέθη
1648 1452 1760 1523 (26)
1786 1468 1800 1517 ;

510 1550 573 1602 Β.
617 1550 778 1602 Πᾶσα
816 1548 1060 1620 ἀνάγκη.

507 1642 572 1696 Δ.
615 1639 679 1693 Τί
729 1641 907 1695 τοίνυν
944 1639 1259 1711 θαυμαστὸν
1291 1640 1545 1709 φαίνεται
1591 1638 1624 1710 ἢ
1676 1637 1849 1704 ξένον,
1904 1638 1954 1690 εί
2000 1638 2027 1690 6

447 1734 814 1804 Δημιουργὸς,
855 1735 947 1787 καὶ
982 1733 1166 1804 σοφὸς,
1224 1735 1320 1787 καὶ
1360 1732 1607 1796 δυνατὸς,
1662 1732 1755 1786 καὶ
1810 1731 2030 1785 πάντων

439 1827 566 1889 τοὺς
591 1825 783 1893 λόγους
823 1823 1002 1890 εἰδὼς,
1053 1827 1133 1889 εἰς
1171 1825 1343 1895 μυρία
1366 1825 1631 1894 τμήματα
1681 1823 1776 1877 καὶ
1834 1822 2029 1893 μοίρας

440 1917 1024 1989 κατακερματισθέντα
1052 1917 1165 1989 (Ξῖ)
1192 1918 1300 1969 τῶν
1325 1915 1635 1986 ἀνθρώπων
1664 1915 1736 1969 τὰ
1765 1914 2018 1986 σώματα,

440 2011 506 2067 ἐκ
559 2008 670 2062 τῶν
724 2009 1009 2079 τεσσάρων
1056 2007 1338 2077 στοιχείων
1389 2003 1549 2069 αὖθις
1610 2005 1837 2073 συνάγει
1894 2005 2034 2076 πρὸς

444 2100 755 2170 ἁρμονίανς
793 2097 853 2152 Ὀ
900 2099 1010 2169 γὰρ
1044 2097 1218 2151 ταῦτα
1259 2091 1527 2167 πρότερον
1567 2096 1930 2167 συναθροίσας
1974 2113 2034 2149 τε

442 2193 536 2244 καὶ
585 2190 956 2262 συναρμόσας,
985 2189 1079 2243 καί
1109 2206 1234 2242 τινα
1266 2189 1465 2259 κρᾶσιν
1524 2187 1639 2259 (28)
1698 2187 2035 2256 ἁξιάγαστον

440 2285 537 2339 καὶ
574 2284 892 2352 ἀξιοθέατον
932 2286 998 2339 ὲκ
1021 2283 1128 2337 τῶν
1158 2284 1418 2337 ἐναντίων
1469 2282 1852 2352 ἁρμοσάμενος
1888 2262 2041 2351 μόνω

448 2377 528 2447 τῷ
551 2376 904 2448 βουληθῆναι,
938 2379 967 2431 6
1010 2376 1176 2439 αὐτὸς
1230 2374 1578 2428 διαλυθεῖσαν
1615 2374 1719 2443 τὴν
1762 2372 2035 2443 ἁρμονίαν

441 2472 521 2534 εἰς
551 2473 741 2524 ἐκεῖνα
773 2471 833 2536 ἐξ
869 2464 943 2523 ὧν
975 2470 1070 2524 καὶ
1111 2467 1397 2537 συνετέθη,
1450 2463 1608 2545 αὖθις
1637 2466 1859 2519 καλεσει
1892 2464 2032 2537 πρὸς

442 2562 727 2617 ἀδιάλυτον
760 2563 870 2632 (29)
909 2561 1257 2632 συμφωνίαν.
1293 2559 1482 2612 Ταῦτα
1505 2558 1563 2610 δὲ
1588 2556 1789 2627 πράξει
1821 2556 1899 2627 τῷ
1937 2572 2036 2627 μει

444 2655 598 2724 γάλῳ
632 2654 797 2707 αὑτοῦ
820 2653 1050 2722 νεύματι
1101 2652 1232 2723 (50).
1273 2653 1343 2704 Ἢ
1371 2652 1496 2721 οὐχ).
1545 2652 1725 2705 πάντα
1774 2650 1842 2705 τὰ
1878 2651 2036 2715 ὄντα,

445 2745 517 2797 τά.
540 2762 601 2796 τε
631 2746 743 2798 ἀνω
766 2744 868 2797 ’καὶ
893 2744 1048 2797 κάτω
1088 2743 1180 2795 καὶ
1209 2742 1279 2795 τὰ
1306 2743 1366 2794 ἐν
1410 2742 1562 2811 μέσῳ
1606 2741 2038 2811 περιδέδρακται

448 2839 482 2906 ή
506 2834 628 2889 θεία
652 2833 811 2904 φύσις
836 2835 930 2888 καὶ
961 2834 1309 2904 περιείληφε,
1340 2834 1437 2885 καὶ
1460 2832 1566 2894 ἔξω
1580 2831 1675 2884 τοῦ
1701 2832 1904 2894 παντὸς
1925 2832 2039 2901 (51)

452 2928 572 2978 ἐστι
605 2926 700 2978 καὶ
734 2927 793 2979 ὲν
820 2924 899 2995 τῷ
939 2923 1228 2978 παντὶκαὶ
1276 2923 1419 2993 ὑπὲρ
1467 2922 1528 2975 τὸ
1566 2924 1696 2987 πᾶν,
1744 2922 1841 2975 καὶ
1890 2922 2042 2977 οὐδὲν

450 3016 611 3070 κενὸν
668 3017 769 3086 τῆς
829 3015 982 3079 θείας
1046 3013 1334 3083 δυνάμεως
1383 3015 1479 3067 καὶ
1544 3015 1645 3084 τῆς
1696 3015 2033 3085 ὑπερουσίου

2122 523 2396 579 concessit
2424 539 2437 575 :
2471 518 2632 575 stude
2660 517 2823 585 igitur
2858 514 2907 567 id
2939 513 3083 583 quod
3127 511 3243 565 ﬁeri
3275 517 3459 580 potest
3485 524 3713 564 consruc

2125 624 2456 683 tancumque
2507 619 2628 676 est,
2669 620 2962 675 corporum
3015 602 3471 659 resurrectionem
3519 615 3715 670 cogno-

2124 719 2297 761 scere.

2197 797 2256 850 Β.
2302 796 2434 866 Age,
2459 793 2693 848 libenter
2728 790 2872 845 istud
2908 788 3198 869 audierim.

2194 892 2258 942 Α.
2296 888 2587 942 Hominum
2629 900 2856 953 corpora
2898 882 3110 954 (paucis
3155 881 3299 935 enim
3344 877 3712 950 pltilosOpbari

2130 995 2353 1036 necesse
2380 976 2482 1050 est)
2513 993 2544 1033 e
2576 977 2902 1047 quibusnam
2918 975 3187 1053 ‘compoui
3220 973 3503 1028 dicemus?
3619 965 3625 972 ’

2148 1176 2157 1181 ’
2202 1187 2264 1240 Β.
2322 1185 2364 1238 Ε
2412 1190 2648 1251 quatuor
2693 1178 2980 1236 elementis
3026 1177 3377 1248 physicorum
3428 1188 3612 1231 sermo
3664 1182 3719 1229 et

2131 1275 2622 1333 veritas‘ostendit.

2206 1370 2268 1425 Α,
2313 1368 2438 1422 llazc
2471 1376 2651 1420 autem
2693 1364 2951 1419 dissoluta
2985 1376 3147 1432 quam
3186 1362 3238 1416 in
3291 1375 3406 1415 rem
3452 1361 3604 1416 abire
3637 1358 3721 1413 di-

2132 1461 2345 1518 cimus?
2377 1458 2571 1514 Nonne
2600 1459 2650 1511 in
2684 1473 2747 1511 ea
2773 1472 2839 1511 ex
2879 1457 3077 1526 quibus
3104 1454 3477 1510 constabant?

2204 1552 2265 1608 Β.
2309 1551 2547 1607 Omnino
2573 1549 2968 1605 necessarium.

2207 1646 2273 1700 A.
2329 1642 2468 1710 Quid
2519 1641 2683 1710 igitur
2736 1639 2936 1694 mirum
2988 1636 3260 1702 videatur,
3317 1634 3448 1705 quid
3506 1645 3727 1703 stupen-

2138 1740 2290 1806 dum,
2318 1740 2363 1796 si
2396 1737 2586 1808 Opil‘ex
2614 1745 2670 1791 et
2695 1736 2912 1804 sapiens
2938 1743 2991 1788 et
3026 1743 3247 1802 potens,
3273 1731 3369 1800 qui
3403 1741 3456 1785 et
3483 1730 3726 1785 omnium

2142 1836 2383 1890 rationes
2422 1842 2586 1895 tenet,
2614 1831 2666 1884 in
2698 1828 2844 1884 mille
2872 1835 3149 1896 segmenta
3178 1835 3234 1881 et
3260 1835 3441 1895 partes
3467 1824 3725 1893 dissipata

2140 1927 2417 1982 hominum
2462 1938 2692 1993 corpora
2723 1936 2754 1976 e
2797 1930 3038 1990 quatuor
3060 1918 3349 1973 elementis
3393 1932 3609 1971 rursum
3645 1930 3731 1969 re-

2138 2022 2274 2090 digit
2305 2018 2372 2073 ad
2408 2014 2775 2073 concentum?
2805 2013 2906 2079 Qui
2938 2011 3082 2066 enim
3115 2025 3178 2064 ea
3206 2008 3356 2080 prius
3381 2018 3729 2077 coagmenta-

2137 2113 2235 2178 vit,
2269 2109 2618 2180 congregavit
2669 2116 2726 2161 et
2775 2102 3152 2167 concinnavit,
3193 2109 3250 2156 et
3304 2101 3543 2170 aliquam
3590 2108 3730 2154 tem-

2137 2203 2472 2273 peratiouem
2517 2200 2787 2254 admiratu
2836 2206 3197 2265 spectantque
3250 2194 3467 2264 dignam
3510 2208 3541 2247 e
3588 2208 3725 2248 con-

2140 2296 2324 2350 trariis
2370 2295 2485 2348 sola
2532 2292 2811 2347 voluntate
2857 2289 3161 2359 coaptavit;
3210 2288 3352 2342 idem
3405 2287 3725 2341 dissolutum

2138 2396 2463 2444 concentum
2514 2385 2568 2439 in
2620 2383 2711 2438 illa
2755 2398 2786 2437 e
2816 2383 3014 2452 quibus
3044 2380 3410 2445 constabant,
3451 2381 3733 2434 revocabit

2140 2482 2206 2535 ad
2249 2477 2677 2534 indissolubilem
2719 2476 3137 2531 consonantiam
3176 2482 3231 2528 et
3265 2473 3728 2542 coniunctionem.

2142 2570 2267 2626 Hinc
2303 2580 2486 2625 autem
2518 2568 2680 2624 faciet
2715 2581 2912 2637 magno
2942 2580 3043 2622 suo
3079 2573 3230 2619 nutu.
3282 2566 3476 2618 Annon
3549 2564 3732 2615 divina

2142 2673 2336 2717 natura
2377 2663 2563 2717 omnia
2593 2675 2725 2749 quae,
2743 2669 2874 2714 sunt
2911 2672 3137 2728 supera,
3176 2655 3371 2719 infera,
3420 2654 3731 2724 interiecta,

2143 2753 2563 2823 comprehendit
2584 2761 2640 2806 et
2663 2746 3064 2820 camplectitur,
3102 2756 3296 2817 estque
3323 2754 3476 2800 extra
3508 2746 3733 2798 univer-

2144 2859 2261 2898 sum
2299 2853 2355 2898 et
2403 2844 2457 2896 in
2503 2842 2761 2897 universo
2810 2850 2867 2894 et
2913 2854 3081 2908 supra
3121 2841 3457 2902 universum,
3493 2837 3737 2905 nihilque

2143 2935 2325 2990 divina
2373 2934 2462 2987 illa
2497 2933 2758 3002 potentia,
2788 2938 2845 2986 et
2888 2931 3145 2985 omnibus
3183 2930 3455 3000 superiori
3497 2930 3734 2984 essentia

2145 3042 2381 3084 vactum
2419 3034 2526 3091 est,
2565 3038 2687 3095 quae
2708 3023 2823 3079 sola
2860 3024 3208 3075 interminata
3240 3032 3344 3087 est,
3393 3036 3566 3091 neque
3596 3021 3738 3090 pati-

448 3105 639 3169 οὐσίας
660 3105 762 3175 τῆς
802 3105 972 3175 μόνης
1003 3102 1339 3177 ἀπεράντου,
1386 3105 1483 3159 καὶ
1528 3108 1890 3178 περιορισμὸν
1941 3109 2036 3161 οὐκ

2150 3129 2239 3174 tur
2298 3114 2910 3186 circumscriptionem?
2973 3113 3109 3167 Nam
3170 3114 3353 3168 Deitas
3414 3113 3739 3182 quantitatis

447 3197 823 3268 ἀνεχομένηςς
861 3197 1105 3250 Ἀποσον
1152 3195 1261 3267 γάρ
1301 3213 1355 3249 τι
1385 3194 1579 3266 θεότης
1617 3198 1714 3252 καὶ
1742 3198 2036 3269 ὰμέγεθες,

449 3289 527 3352 ὼς
551 3287 867 3359 ἀσώματον.

524 3379 588 3434 Β.
626 3380 774 3434 Πάνυ
802 3397 887 3449 γε.

522 3475 588 3531 Δ.
624 3477 689 3530 El
709 3477 887 3531 τοίνυν
911 3475 982 3529 τὰ
1007 3475 1187 3531 πάντα
1205 3476 1425 3549 πληροῖ,
1458 3476 1552 3531 καὶ
1583 3478 1807 3546 Πνεῦμα
1835 3480 2043 3552 Κυρίου
2072 3534 2077 3539 ,

452 3569 789 3641 πεπλήρωκε
819 3569 916 3641 τὴν
951 3570 1315 3639 οἰκουμένην,
1350 3564 1385 3645 ᾖ
1422 3587 1557 3639 φησι
1584 3570 1651 3624 τὰ
1686 3571 1806 3624 θεῖα
1847 3572 2003 3641 λόγια
2025 3615 2041 3640 ,

451 3665 547 3718 καὶ
564 3664 622 3717 ὲν
650 3666 717 3735 τῇ
747 3663 890 3735 χειρὶ
914 3664 1080 3718 αὐτοῦ
1108 3663 1178 3717 τὰ.
1206 3663 1419 3736 πέρατα
1448 3664 1546 3732 τῆς
1573 3665 1705 3735 γῆς·
1738 3666 1872 3719 ποία
1908 3667 2045 3720 δυσ-

452 3752 642 3825 χέρεια
675 3753 708 3824 ἢ
743 3756 895 3818 ποῖος
942 3753 1104 3817 πόνος
1141 3752 1221 3825 τῷ
1262 3754 1641 3826 μακαρίῳ,τὰ
1677 3756 1736 3807 ὲν
1787 3759 1852 3827 τῇ
1901 3757 2047 3827 χειρὶ

452 3845 619 3901 αὐτοῦ
644 3845 846 3901 εἰδέναι
874 3863 890 3914 ;
928 3846 1001 3900 Ἦ
1034 3846 1100 3901 σὺ
1142 3847 1388 3915 ἀγνοεῖς,
1417 3845 1485 3901 ἄν
1522 3854 1577 3900 τι
1603 3849 1668 3917 τῇ
1701 3850 1847 3918 χειρὶ
1886 3865 2041 3919 περι-

453 3937 658 4011 φέρῃςς

526 4031 587 4084 B.
630 4029 917 4101 Οὐδαμῶς.

523 4123 589 4177 Α.
625 4122 762 4177 Οὔτε
790 4125 819 4176 6
842 4123 1191 4195 Δημιουργὸς
1230 4122 1343 4195 ἄρα
1373 4124 1470 4177 καὶ
1502 4125 1664 4194 σοφὸς
1693 4125 1824 4188 τοὺς
1846 4123 2041 4193 λόγους

453 4216 565 4270 τῶν
596 4215 867 4282 σωμάτων
901 4217 1109 4285 ἀγνοεῖ,
1153 4217 1186 4287 ἦ
1224 4217 1323 4287 τὴν
1367 4215 1428 4282 ἐξ
1461 4218 1697 4271 ἑκάστου
1745 4217 2045 4287 ληφθεῖσαν

456 4310 677 4381 μοῖραν,
718 4310 815 4362 καὶ
862 4310 944 4374 είς
974 4309 1107 4365 αὐτὸ
1138 4309 1302 4365 πάλιν
1325 4310 1713 4366 ἀναλυθεῖσαν.
1762 4309 1900 4366 Οὔτε
1935 4310 2043 4384 μὴν

527 4461 551 4495 ⁸
583 4462 714 4533 Sap.
744 4479 785 4533 ι,
817 4464 870 4520 7.

2147 3227 2343 3285 expers
2379 3221 2485 3279 est,
2529 3220 2585 3265 et
2635 3206 3047 3280 magnitudinis,
3094 3215 3352 3276 tanquam
3390 3206 3734 3275 incorporea.

2222 3398 2284 3453 Β.
2328 3396 2585 3452 Maxime.

2221 3489 2286 3543 Α.
2330 3489 2385 3544 Si
2411 3489 2576 3558 igitur
2596 3486 2776 3542 omnia
2799 3486 2974 3558 replet
2991 3486 3036 3552 ⁸,
3054 3495 3110 3541 et
3131 3483 3369 3556 Spiritus
3398 3482 3608 3538 Domini
3649 3497 3737 3536 re-

2153 3578 2702 3649 plevit2920rbem
2733 3587 3024 3643 terrarum,
3049 3578 3339 3645 utquidem
3366 3576 3521 3631 aiunt
3552 3575 3733 3629 divina

2153 3669 2399 3731 oracula.
2425 3679 2480 3722 et
2513 3668 2567 3721 in
2614 3682 2775 3721 manu
2813 3668 2983 3736 ipsius
3012 3668 3145 3721 lines
3170 3674 3359 3732 terrae;
3395 3665 3573 3736 qualis
3601 3664 3739 3719 dini-

2155 3762 2329 3817 cultas
2357 3770 2454 3816 aut
2478 3761 2659 3831 qualis
2693 3761 2846 3815 labor
2875 3762 3037 3815 beato
3065 3760 3140 3814 illi
3171 3760 3402 3828 numiui,
3435 3775 3496 3816 ea
3526 3775 3646 3829 qua:
3682 3760 3738 3814 in

2149 3867 2308 3905 manu
2360 3851 2529 3921 ipsius
2574 3858 2722 3914 sunt,
2764 3850 3129 3920 cognoscere?
3163 3849 3317 3904 Tune
3378 3852 3619 3920 ignoras,
3690 3848 3741 3907 si

2148 3942 2276 4012 quid
2303 3957 2466 3996 manu
2496 3941 2905 4011 complectare?
3438 3926 3443 3930 ”

2220 4033 2282 4090 Β.
2324 4034 2565 4090 Minime.

2218 4127 2283 4180 A.
2329 4125 2516 4195 Neque
2546 4127 2711 4198 igitur
2751 4128 2934 4198 opifex
2980 4136 3036 4184 et
3075 4128 3296 4198 sapiens
3324 4144 3611 4197 corporum
3649 4145 3739 4183 ra-

2150 4217 2329 4273 tiones
2359 4218 2597 4287 ignorat,
2628 4228 2723 4274 aut
2755 4229 2963 4291 partem
2995 4237 3027 4276 e
3058 4220 3302 4290 quolibet
3342 4220 3613 4276 elemento
3641 4236 3737 4276 ca-

2152 4318 2298 4385 ptam
2344 4317 2399 4367 et
2444 4311 2498 4365 in
2549 4311 2725 4389 ipsum
2773 4312 2952 4368 denuo
2996 4311 3339 4376 resolutatm
3373 4312 3557 4385 Neque
3605 4330 3745 4375 sane

532 4619 647 4692 (24)
681 4620 972 4703 Εϋλογοις.
1002 4619 1070 4703 Et
1094 4606 1234 4703 bona
1266 4620 1479 4677 ratione
1508 4621 1775 4677 nitentem
1809 4628 1866 4677 et
1900 4618 2035 4676 l‘aci-
2073 4624 2115 4679 D
2148 4619 2462 4703 universum
2496 4632 2579 4679 est
2608 4621 2773 4679 Deus.
2814 4621 3040 4703 videndi
3099 4625 3221 4703 libri
3276 4625 3430 4681 Marii
3469 4627 3735 4683 Victorini

460 4691 566 4744 lem
601 4691 858 4761 perceptu
906 4691 1069 4745 simul
1097 4691 1251 4745 dicit.

2143 4704 2334 4765 contra
2362 4694 2621 4765 Arianos,
2666 4710 2803 4764 quos
2860 4696 3053 4765 Iogicis
3110 4697 3267 4751 tricis
3298 4699 3566 4754 obscuros
3602 4702 3740 4753 dixit

533 4761 646 4843 (25)
677 4759 983 4843 Parumper
1023 4763 1167 4815 enim
1208 4761 1273 4815 ad
1303 4761 1733 4843 _disquireu.datn
1790 4772 2041 4843 naturam
2141 4760 2527 4843 Hieronymus.
2576 4759 2699 4823 Hae
2744 4759 2942 4843 autem"
2990 4769 3261 4843 sententia
3315 4781 3536 4838 recepta
3594 4770 3741 4824 cadit

462 4830 566 4885 bac
588 4830 642 4885 in
681 4841 834 4907 parte
865 4831 1053 4885 venire
1105 4831 1407 4907 necessitas
1434 4830 1705 4907 postulat;
1738 4846 1806 4887 ex
1838 4832 2036 4901 quibus
2140 4830 2545 4907 argumentatio
2583 4835 3080 4907 vetustissimorum
3134 4830 3610 4907 philosophorum,
3645 4841 3736 4907 qui

459 4903 824 4970 compositam
852 4915 975 4956 esse
1003 4901 1285 4970 particulis
1316 4901 1579 4954 dicemus.
1621 4902 1714 4955 BA.

2143 4904 2400 4956 ntuudum
2434 4917 2499 4957 ea
2538 4904 2751 4957 ratione
2772 4904 3242 4973 iucorruptibilem
3272 4904 3395 4964 esse
3429 4904 3737 4970 sciverunt.

540 4969 656 5046 (26)
686 4969 986 5046 Num_vero
1017 4987 1121 5025 non
1163 4969 1217 5025 in
1249 4986 1311 5025 ea
1343 4986 1410 5026 ex
1439 4972 1638 5041 quibus
1670 4970 1885 5027 collatis
1917 4982 2046 5026 sunt
2142 4975 2294 5046 quod
2316 4982 2467 5046 extra
2501 4986 2625 5028 eum
2679 4975 2830 5046 nihil
2851 4976 2923 5028 sit
2949 4991 2978 5029 a
2998 4969 3120 5046 quo
3149 4978 3348 5046 possit
3427 4969 3737 5046 corrumpi.

466 5044 789 5096 constituta.
821 5041 915 5096 BA.

539 5110 651 5180 (27)
684 5111 986 5182 Hesychius
1013 5128 1037 5182 ί
1065 5108 1529 5182 διατακερματίζει
1557 5126 1585 5182 f_
1604 5112 1684 5175 εἰς
1706 5110 1879 5165 πολλὰ
1915 5113 2047 5165 ἀνα-

463 5177 673 5252 λίσκειν
702 5177 981 5252 διατέμνει
1010 5177 1046 5250 ἢ
1069 5177 1333 5252 λεπτύνει
1359 5180 1391 5235 ἢ
1438 5180 1672 5252 μερίζει.
1707 5182 1837 5252 llem
1873 5182 2045 5252 ipsam

466 5251 637 5373 233:5
661 5248 908 5374 Eluribus
937 5248 1078 5320 apud
1108 5248 1519 5321 Athenagoram
1538 5250 1768 5305 Aineam
1809 5249 1887 5322 [p.
1928 5249 2046 5323 62],

610 5359 626 5374 .
701 5336 755 5374 Α.

610 5359 626 5375 ο
661 5336 755 5381 UA.

538 5389 650 5529 (28)
679 5389 1207 5460 Κρᾶσιν.ϐἱηιιυηι.
1243 5388 1340 5444 ΒΑ.

562 5459 669 5525 29)
762 5460 1129 5521 ‘A6td.1vtor.
1216 5458 1340 5515 Vitit

562 5458 669 5584 ἓξ.)
725 5458 1129 5521 ἾΑδιάλυτον.
1216 5458 1423 5516 Vitiose
1508 5460 1792 5531 legebatur
1865 5459 2051 5515 διάλυ-

565 5569 580 5584 .
656 5546 745 5584 an.

467 5543 580 5584 τον.
608 5543 745 5585 ἸἈΒ.

473 5600 1069 5743 μαςέθ)Βῗει·ἱι›εηι1υηι
1117 5610 1249 5673 puto
1302 5600 1380 5673 τῷ
1437 5599 1854 5672 μεγαλοδυνᾶτῳ
1923 5599 2047 5655 νεύ-

543 5741 654 5814 (31)
685 5742 842 5808 "Elite
894 5741 1000 5797 τοῦ
1060 5744 1307 5812 παντός.
1369 5744 1568 5816 Supra,
1610 5754 1764 5800 extra
1817 5751 1869 5800 cl
1905 5743 2045 5801 ultra

2100 5200 2123 5215 ο
2152 5181 2640 5251 δυναστευόμενον,

2149 5042 2366 5117 ocellus
2398 5040 2666 5117 Lucanus.
2698 5045 2760 5096 El
2790 5043 2846 5117 δὲ
2872 5046 2969 5117 κα).
3006 5040 3223 5117 δοξᾴζοι
3258 5063 3342 5108 τις
3365 5047 3500 5117 αὐτὸ
3518 5040 3742 5117 φθείρει

2155 5112 2302 5191 σθαι.
2326 5111 2448 5191 ἤτοι
2472 5110 2578 5169 ὑπό
2599 5129 2752 5191 τιν-ος.
2769 5113 2877 5191 τῷν
2908 5114 3015 5180 ἔξω
3037 5114 3132 5191 τοῦ
3160 5116 3366 5191 παντὸς
3393 5110 3741 5191 φθαρήσεται

2666 5181 2699 5253 ἢ
2731 5183 2837 5239 ὑπό
2861 5199 3006 5246 τινος
3035 5181 3147 5237 τῶν
3178 5185 3332 5247 ἐντός
3351 5200 3365 5213 ⁸
3394 5181 3522 5239 οὔτε
3545 5181 3602 5239 δὲ
3632 5188 3740 5242 ὑπό

2154 5269 2300 5314 τινος
2329 5251 2437 5323 τῷν
2462 5250 2697 5323 ἔξωθεν,
2735 5253 2894 5316 ἐκτὸς
2918 5254 3030 5323 γὰρ
3060 5254 3155 5307 τοῦ
3185 5254 3389 5317 παντὸς
3417 5256 3572 5309 οὐδέν
3599 5275 3613 5289 ·
3668 5257 3741 5309 τὰ

2156 5325 2266 5408 γόιρ
2300 5320 2458 5386 ἄλλα,
2512 5322 2691 5376 πάντα
2729 5324 2789 5378 ἐν
2835 5320 3142 5447 agnati,
3181 5324 3372 5405 κα⁵ι⁴τὸ
3394 5324 3515 5378 ὅλον
3547 5326 3644 5379 καὶ
3676 5328 3739 5380 τὸ

2159 5394 2313 5446 ποινὸ
2347 5392 2581 5447 κόσμος*
2636 5389 2762 5446 οὔτε
2801 5394 2876 5447 ὑπ
2933 5411 3042 5447 των
3072 5395 3130 5447 ὲν
3164 5394 3315 5447 αὐτω
3341 5409 3356 5424 ·
3396 5395 3583 5447 δεήσει
3618 5396 3730 5447 γὰο

2159 5389 2313 5466 πᾶνὸ
2347 5392 2581 5466 κόσμος-ζ
2636 5389 2780 5466 οὔτεΔ
2801 5389 2907 5466 ὑπδ
2933 5394 3042 5448 τῶν
3072 5395 3130 5466 ὲν
3164 5393 3356 5466 αὐτῷκ·
3396 5395 3583 5466 δεήσει
3618 5396 3730 5466 γὰρ

2154 5463 2328 5536 ταῦτα
2363 5460 2598 5536 μείζονα
2614 5480 2674 5536 τε
2697 5463 2814 5536 καὶ.
2837 5463 3257 5536 δυναμικώτερα
3284 5460 3426 5520 εἶναι
3456 5460 3553 5519 τοῦ
3596 5460 3737 5535 παντ-

2155 5535 2270 5597 τός.
2312 5533 2480 5589 Recte
2511 5534 2729 5602 quidem
2763 5534 2851 5589 ille
2880 5533 3198 5591 secundum
3225 5537 3491 5591 rationem
3519 5544 3622 5604 ;'at
3652 5533 3739 5591 se-

2154 5604 2388 5684 cundum
2423 5606 2726 5684 veritatem,
2754 5605 2828 5684 id.
2854 5615 2938 5661 est
2967 5606 3464 5684 cognitiouemDei
3511 5607 3737 5667 omnino

2154 5675 2409 5744 pessime,
2444 5686 2503 5730 ut
2538 5676 2621 5732 vcl
2655 5675 2743 5732 ltic
2774 5675 2913 5734 liber
2946 5677 3213 5733 docuerit.
3245 5676 3343 5735 BA.
