4070 6386
378 325 514 393 ιλιι

1388 334 1850 398 DISPUTATIO
1888 340 1987 400 DE
2026 342 2282 402 MUNDI
2321 340 2669 402 OPIFICIO.

3528 339 3667 404 1112

375 460 437 496 τε
465 441 564 512 τῆς
594 440 794 504 οἰκείας
823 440 1126 506 ἀθανασίας
1152 444 1362 515 καὶτῆς
1377 446 1585 501 ἄνωθεν
1618 451 1966 518 συγγενείας,

2086 470 2324 524 superum
2369 454 2737 525 cognationis,
2786 461 2842 506 et
2891 453 3144 524 imaginis
3191 452 3336 506 illius
3384 451 3570 519 prima:
3611 460 3667 506 et

377 535 587 604 καὶτῆς
612 534 819 598 εἰκόνος
839 534 1055 605 ἐκείνης
1072 537 1165 589 καὶ
1188 536 1412 608 πρώτης
1431 541 1525 593 καὶ
1542 540 1814 595 ἁθολὼτου
1829 542 1966 614 (59),

380 624 520 695 μετὰ
549 625 658 678 τῶν
701 626 971 704 σωμάτων
1011 629 1091 691 εἰς
1113 628 1174 681 τὸ
1202 630 1299 699 τῆς
1330 631 1526 694 τίσεως
1567 633 1711 703 ἱερὸν
1753 634 1968 704 δεσμω-

379 718 570 787 τήριον
611 717 750 772 ἰέναι
779 702 913 782 MO),
947 719 1071 789 μεθ’
1110 713 1186 774 ὧν
1220 723 1315 774 καὶ
1348 724 1536 786 κακῶς
1572 702 1967 797 διεφθάρησαν,

379 810 476 863 καὶ
506 811 634 873 τοὺς
672 811 1185 882 Πυριφλεγέθοντας
1230 813 1324 877 οὓς
1357 819 1385 868 ὁ
1411 817 1638 871 Πλάτων
1675 819 1789 891 (LI)
1814 821 1970 891 φησὶ,

380 906 475 956 καὶ
504 902 595 956 τὸν
623 904 884 959 κωκυτὸν
921 904 1280 975 διανήξασθαι
1299 923 1311 936 ·
1352 908 1388 962 ἂ
1423 909 1486 980 δὴ
1509 910 1602 964 καὶ
1622 913 1691 964 τὰ
1730 911 1851 966 θεῖα
1883 913 1973 966 λό-

380 1014 476 1064 για
531 996 780 1067 ποταμδν
837 997 1011 1067 πυρὸς
1056 998 1154 1052 καὶ
1212 1001 1512 1072 ἀκοίμητον
1570 1004 1836 1075 σκώληκα
1877 1007 1972 1061 καὶ

378 1088 626 1155 γέενναν,
666 1088 757 1142 καὶ
804 1088 1069 1159 αἰσχύνην
1132 1089 1375 1155 αἰώνιον,
1418 1094 1515 1146 καὶ
1570 1095 1839 1168 φυλακὴν,
1880 1099 1974 1151 κα).

380 1180 626 1245 κόλασιν,
658 1181 753 1233 καὶ
783 1180 854 1233 τὰ
882 1180 1111 1235 τοιαῦτα
1137 1185 1578 1255 προσαγορεύει;

451 1295 513 1349 Β.
556 1295 775 1349 Δίκαιον
808 1296 982 1367 ἐφάνη
1015 1298 1110 1351 κα).
1140 1297 1321 1351 τοῦτο.

453 1409 517 1462 Α.
561 1405 706 1471 Εἶεν,
764 1402 810 1464 ὦ
872 1411 1144 1480 μακάριε·
1203 1412 1561 1485 πεπλήρωται
1590 1418 1722 1487 ἡμῖν
1766 1417 1832 1471 τὰ
1874 1418 1974 1488 τῆς

383 1499 689 1565 διαλέξεως.
719 1502 834 1556 Νῦν
871 1503 936 1575 δὴ
962 1505 1154 1576 καιρὸς
1199 1508 1279 1571 εἰς
1315 1507 1485 1578 εὐχὴν
1537 1509 1628 1562 τὸν
1675 1510 1803 1563 νοῦν
1851 1511 1977 1583 τρέε

381 1592 612 1660 ψαντας,
642 1594 832 1664 ὑμνεῖν
869 1595 962 1648 τὸν
1007 1596 1161 1651 τοῦδε
1216 1597 1310 1652 τοῦ
1362 1600 1561 1663 παντὸς
1593 1601 1830 1674 Ποιητὴν
1881 1603 1976 1656 καὶ

385 1686 743 1756 Δημιουργόν
767 1686 904 1756 (42).

2077 548 2543 609 incontaminattr,
2582 563 2702 601 cum
2729 546 3049 617 corporibus
3085 548 3136 599 in
3162 545 3413 613 supplicii
3448 561 3663 599 sacrum

2075 641 2412 711 ergastulum
2474 649 2720 712 pergant,
2770 648 2890 695 cum
2939 640 3135 709 quibus
3184 655 3347 707 prave
3391 654 3667 706 corrupta:

2076 745 2225 799 sunt,
2270 745 2327 791 et
2354 735 2548 792 ﬂuvios
2595 738 2718 806 igne
2761 738 3018 790 ardentes
3048 752 3186 804 quos
3226 736 3378 790 Plato
3426 752 3664 790 comme-

2076 836 2276 892 morat,
2317 838 2373 883 et
2410 829 2670 900 Cocytum
2719 828 3183 897 trajician1:qna=.
3233 843 3393 882 sacra
3442 828 3663 882 oracula

2076 920 2350 991 appellant
2376 921 2598 975 [luvium
2635 921 2774 990 ignis
2796 921 2840 987 ⁸,
2884 932 2939 975 et
2970 934 3209 975 vermetn
3265 920 3566 973 insomnem
3611 928 3667 971 et

2076 1014 2381 1082 gehennam
2430 1022 2485 1067 et
2550 1013 2901 1082 ignominiam
2956 1021 3268 1082 perpetuam
3292 1012 3335 1075 ⁸,
3382 1020 3436 1066 et
3480 1021 3663 1067 custo-

2075 1106 2245 1172 diam,
2273 1114 2329 1159 et
2350 1104 2695 1175 supplicium.
2732 1116 2787 1159 et
2818 1113 3012 1159 caetera
3042 1105 3092 1158 id
3120 1104 3330 1174 genus?

2149 1304 2212 1359 Β.
2253 1304 2428 1365 Etiam
2462 1304 2604 1359 istud
2631 1286 3057 1358 consentaneum
3092 1302 3326 1359 videtur.

2148 1417 2215 1472 Α.
2254 1417 2479 1485 Expleta
2509 1423 2633 1469 sunt
2673 1430 2794 1484 qua:
2826 1415 2982 1470 nobis
3026 1414 3079 1467 in
3117 1414 3535 1483 disputationem
3573 1429 3665 1467 ve-

2080 1519 2298 1566 nerant.
2352 1508 2589 1562 Proinde
2638 1522 2782 1561 nunc
2831 1517 3042 1575 tempus
3087 1516 3172 1561 est
3215 1518 3273 1560 ut
3320 1516 3554 1560 mentem
3598 1508 3667 1560 ad

2080 1615 2292 1672 precem
2320 1607 2724 1664 convertamus,
2759 1607 2812 1654 et
2839 1598 3174 1653 celebremus
3205 1599 3365 1665 hujus
3390 1598 3665 1653 universi-

2080 1690 2208 1745 tatis
2235 1688 2584 1746 Conditorem
2612 1697 2774 1758 atque
2809 1685 3092 1757 Opiticem.

467 1813 538 1872 Ὦ
571 1819 818 1874 Δέσποτα
849 1822 943 1874 καὶ
978 1823 1293 1894 Δημιουργὲ
1336 1824 1493 1879 τοῦδε
1538 1825 1635 1879 τοῦ
1677 1826 1903 1892 παντὸς,
1935 1819 1981 1880 ὧ

2156 1824 2380 1881 Domine
2416 1834 2472 1879 et
2494 1823 2689 1894 Opifex
2715 1823 2876 1892 hujus
2910 1824 3175 1887 universi,
3212 1823 3398 1889 Pater,
3428 1825 3664 1878 Verbum

393 1911 599 1981 Πάτερ,
629 1912 727 1966 κα).
752 1912 918 1981 Λόγε,
951 1915 1048 1967 κα).
1078 1914 1306 1985 Πνεῦμα
1339 1917 1515 1986 ἅγιον,
1547 1910 1592 1970 ὧ
1616 1918 1736 1972 θεία
1785 1918 1978 1990 Τριὰς,

387 2004 481 2057 κα)⁸
505 2004 705 2075 τρισσὴ
725 2004 820 2058 καὶ
848 2005 980 2074 ἁγία
1010 2007 1200 2077 μονὰς,
1238 2010 1421 2081 Πάτερ
1463 2011 1667 2083 ἄναρχε
1703 2012 1795 2066 κιτιί¹
1824 2012 1983 2081 ἀγέν-

384 2112 556 2166 νητε,
586 2096 685 2149 re
752 2097 1007 2168 ἅνάρχως
1102 2103 1470 2171 γεγεννημένε
1546 2103 1701 2174 (43),
1752 2103 1982 2176 Πνεῦμα

391 2188 560 2256 θεῖον,
589 2189 856 2262 προελθὸν
876 2191 1132 2262 ἀνάρχως
1158 2193 1223 2245 ἐκ
1247 2194 1485 2263 Πατρδς,
1512 2196 1687 2267 Τριὰς
1724 2197 1982 2269 ἀρρήτως

383 2280 467 2343 εἰς
502 2282 704 2351 μονάδα
746 2282 1293 2355 ἀνακεφαλαιουμένη
1322 2323 1337 2347 ,
1391 2286 1560 2356 μονὰς
1588 2287 1982 2359 ἀνεκφράστως

385 2368 445 2421 ὲν
502 2370 696 2442 Τριάδι
755 2372 1216 2443 προσκυνουμένη
1239 2412 1256 2438 ,
1302 2377 1397 2427 καὶ
1444 2374 1519 2445 μὴ
1561 2378 1982 2449 καταλαμϐανο-

390 2461 530 2532 μένη
567 2501 583 2527 ,
612 2462 784 2534 Τριὰς
822 2463 1048 2523 ἄκτιστε
1072 2505 1088 2530 ,
1123 2464 1262 2518 ἀΐδιε
1292 2466 1387 2519 καὶ
1418 2467 1753 2540 ὁμοούσιε,ή
1788 2470 1981 2543 πρώτη

386 2553 482 2606 καὶ
521 2555 770 2626 μακαρία
797 2555 981 2625 φύσις,
1007 2556 1104 2609 καὶ
1155 2554 1265 2609 τῶν
1304 2555 1474 2610 ὄντων
1499 2558 1665 2630 ἀρχὴ,
1690 2560 1722 2629 ἡ
1749 2559 1981 2630 ἄφθονος

387 2642 662 2714 ἀγαθότης
694 2644 787 2695 καὶ
806 2643 867 2695 τὸ
893 2642 1063 2706 ὅντως
1103 2643 1224 2707 Ὃν,
1255 2643 1405 2713 δοίης
1426 2645 1560 2715 ἡμῖν
1595 2646 1832 2718 καθᾶραι
1865 2648 1979 2717 (44)

386 2732 481 2785 τὸν
512 2732 661 2796 νοῦν,
690 2734 788 2785 καὶ
815 2733 968 2797 ἄξιον
1000 2732 1230 2801 ποιῆσαι
1254 2734 1355 2802 τῆς
1393 2733 1494 2802 σῆς
1518 2734 1845 2805 ἐλλάμψεως
1867 2738 1980 2807 (45)

389 2821 490 2875 καὶ
518 2821 775 2892 θεωρίας,
803 2822 888 2874 ἵνα
910 2822 1172 2892 καθαρῶς
1195 2823 1271 2885 ὡς
1297 2817 1407 2875 οἷόν
1436 2841 1518 2888 τε,
1544 2825 1640 2877 σοῦ
1676 2827 1770 2879 τοῦ
1806 2828 1983 2882 καθα-

397 2912 646 2982 ρωτάτου
672 2912 1069 2983 ὲφαπτώμεθα.
1102 2914 1151 2965 εί
1192 2913 1352 2984 θέμις
1376 2915 1529 2968 ἐστί’
1582 2917 1678 2970 καὶ
1707 2919 1835 2982 τοὺς
1884 2937 1983 2973 κα-

390 3003 522 3067 κοὺς
550 3005 906 3075 χαρακτῆρας
929 3006 1025 3058 καὶ
1056 3004 1261 3068 τύπους
1293 3006 1393 3076 τῆς
1430 3005 1610 3077 ψυχῆς
1634 3006 1769 3078 (46),
1795 3009 1985 3073 ἐξελά-

391 3112 519 3160 σαι,
572 3093 746 3161 δεῖξαί
778 3112 839 3147 τε
878 3098 978 3163 τὴν
1029 3097 1214 3152 εἰκόνα
1260 3099 1360 3169 τὴν
1410 3098 1635 3171 πρώτην
1690 3099 1979 3169 ἀθόλωτον,
2010 3139 2053 3197 C

390 3191 485 3244 καὶ
511 3191 586 3262 μὴ
619 3193 700 3254 είς
757 3191 936 3261 μάτην
970 3194 1103 3263 ἡμῖν
1140 3191 1401 3260 γενέσθαι
1448 3192 1547 3263 τὴν
1608 3192 1854 3264 μεγάλην
1885 3211 1980 3248 σου

390 3283 484 3336 τοῦ
531 3284 633 3355 τῆς
663 3285 892 3356 Τριάδος
941 3285 1058 3348 ἑνὸς
1080 3284 1219 3339 Θεοῦ
1249 3286 1344 3339 καὶ
1363 3285 1539 3353 Λόγου
1563 3286 1861 3358 ἐπιδημίαν
1887 3289 1981 3343 καὶ

391 3374 720 3445 παρουσίαν,
754 3374 848 3428 καὶ
872 3375 943 3428 τὰ
965 3375 1214 3447 σωτήρια
1250 3376 1346 3428 καὶ
1378 3376 1634 3447 ὑπερφυῆ
1650 3378 1976 3449 παθήματα,

389 3462 460 3515 δι’
492 3455 567 3518 ὧν
615 3464 715 3534 τῆς
766 3464 1049 3535 ἁμαρτίας
1116 3463 1413 3535 λελύμεθα.
1452 3465 1743 3536 Ποιήσειας
1779 3467 1838 3520 δὲ
1879 3469 1981 3532 τὰς

388 3556 669 3627 ἡμετέρας
693 3555 897 3627 ψυχὰς,
930 3558 1004 3628 μὴ
1028 3555 1379 3628 ἀμελετήτως
1400 3556 1547 3628 ἔχειν
1580 3558 1718 3629 πρὸς
1749 3560 1980 3632 ἀρετήν’

392 3648 531 3703 ἀλλὰ
562 3648 674 3720 γὰρ
708 3648 1010 3719 μελετῆσαι
1029 3650 1130 3718 τὴν
1160 3648 1337 3716 λύσιν,
1368 3649 1477 3721 πρὸ
1506 3649 1611 3719 τῆς
1631 3650 1839 3715 λύσεως
1871 3653 1984 3709 τῶν

394 3741 701 3812 σωμάτωνο
737 3741 813 3807 ὡς
857 3742 925 3796 ἂν
982 3744 1056 3813 μὴ
1084 3742 1498 3814 ταραχθείημεν
1535 3743 1650 3813 (47)
1694 3744 1979 3811 λυομένων

394 3838 529 3908 ἡμῖν
557 3836 666 3892 τῶν
692 3836 934 3907 δεσμῶν,
967 3838 1065 3891 καὶ
1121 3837 1305 3891 πυκνὰ
1354 3838 1719 3910 στρεφώμεθα
1746 3842 1885 3911 πρὸς
1914 3841 1983 3896 τὰ

392 3922 518 3994 ὧδε,
548 3929 994 4002 δυσχεραίνοντες
1010 3930 1110 4001 τὴν
1131 3930 1428 3996 διάζευξιν.
1453 3932 1613 4004 Δοξης
1633 3932 1690 3986 δέ
1708 3950 1770 4002 γε
1791 3933 1987 4004 διαφυ-

395 4025 516 4090 γεῖν
572 4023 667 4077 τὸν
725 4023 1033 4092 κατάλογον
1085 4023 1196 4077 τῶν
1258 4025 1541 4079 κολάσεων
1584 4026 1725 4097 (48),
1761 4028 1859 4080 καὶ
1909 4026 1987 4098 μὴ

396 4114 727 4185 πειραθῆναι
762 4116 970 4186 πικρᾶς
998 4113 1101 4185 τῆς
1133 4115 1436 4185 ἐκδημίας,
1481 4115 1598 4170 ἀλλ’
1633 4118 1714 4181 εἰς
1749 4117 1848 4181 τὰς
1872 4118 1987 4171 ἄνω

401 4204 573 4274 μονὰς
617 4208 924 4271 συνάπποις
971 4208 1067 4261 καὶ
1126 4207 1466 4273 συντάττοις,
1517 4207 1680 4278 ἡνίκα
1714 4225 1797 4262 σοι
1831 4208 1986 4277 φίλον

393 4293 456 4372 ᾗ,
489 4298 588 4355 καὶ
640 4300 774 4373 ἡμῖν
824 4300 940 4372 ἔχοι
988 4299 1075 4355 διὰ
1108 4300 1208 4370 τῆς
1243 4300 1479 4372 μελέτης
1519 4300 1721 4370 καλῶς,
1765 4300 1987 4355 καὶτοῦ

470 4498 492 4530 ⁸
527 4499 662 4554 Dan.
702 4514 797 4564 vn,
832 4498 922 4555 19.
996 4499 1019 4532 ⁸
1055 4497 1192 4553 Dan.
1230 4514 1329 4565 xn,
1362 4499 1418 4554 2.

473 4674 586 4748 (59)
621 4674 961 4748 Hesychius:
1006 4678 1348 4748 Ἀθόλωτοιῖ,
1381 4676 1666 4748 καθαρόν,
1703 4673 1801 4727 ΒΑ.

474 4742 588 4816 (40)
615 4742 815 4813 Είςδτὸ
837 4744 945 4813 τῆς
976 4746 1189 4813 τίσεως
1210 4746 1372 4814 ἱερὸν
1390 4742 1792 4815 δεσμωτήριον
1811 4742 1985 4816 ἰέναι.

403 4813 635 4871 Sacrum
671 4832 846 4886 poena:
903 4832 1202 4871 carcerem.
1258 4813 1379 4882 Quo
1419 4813 1677 4886 epitheto,
1714 4813 1988 4886 horrenda

401 4887 588 4939 omnia
626 4884 810 4940 venire
848 4886 973 4941 alibi
1026 4896 1241 4941 centum
1287 4886 1421 4955 ipsis
1451 4884 1715 4954 exemplis
1754 4885 1983 4938 demon-

404 4966 637 5011 stratum
674 4966 777 5012 est.
814 4956 908 5010 BA.

480 5024 594 5096 (41)
641 5025 714 5080 De
743 5025 1040 5081 inferorum
1073 5024 1208 5096 diris
1241 5023 1419 5096 ﬂuviis
1453 5023 1627 5096 Plato,
1640 5093 1649 5096 _
1673 5021 1987 5096 Theodore-

409 5092 520 5157 tus,
569 5092 771 5165 aliique
829 5095 1112 5150 christiani
1150 5094 1487 5165 gentilesque
1540 5092 1871 5164 philosophi,
1930 5100 1989 5145 ut

406 5165 542 5221 item
573 5165 698 5219 alibi
728 5175 998 5220 notatum.
1027 5165 1120 5219 ΒΑ.

485 5234 598 5305 (42)
630 5234 1010 5291 Precationem
1042 5243 1358 5302 sequentem
1390 5233 1433 5289 si
1466 5234 1589 5305 quis
1618 5233 1795 5302 dignis
1820 5228 1992 5305 modis

410 5302 691 5359 illustrare
721 5305 870 5367 velit,
897 5319 1086 5360 omnes
1116 5307 1398 5359 thesauros
1425 5302 1625 5358 veteris
1649 5302 1993 5370 recentisque

417 5375 706 5447 theologia:
736 5376 953 5430 hauriat
984 5383 1043 5429 et
1071 5376 1252 5447 isthnc
1282 5382 1602 5447 componet.
1630 5373 1725 5427 ΒΑ.

412 5512 447 5581 ξ
488 5439 632 5569 (43';
659 5445 864 5516 Scripsi
907 5443 1296 5515 γεγεννημένε,
1337 5439 1489 5499 more
1539 5443 1754 5497 Patrum
1798 5439 1993 5514 ὁμοδό-

449 5530 544 5569 ων.
624 5531 713 5572 AR.

449 5530 544 5569 ων.
577 5530 713 5572 ἰ’ΛΒ.

490 5585 604 5656 (44)
647 5583 931 5655 Καθᾶραι.
981 5587 1063 5641 Ab
1109 5585 1255 5639 omni
1310 5585 1666 5656 humanarum
1717 5601 1896 5641 rerum
1937 5596 1994 5642 et

414 5655 643 5722 operum
711 5668 767 5710 et
815 5658 1206 5726 cogitationum
1256 5655 1550 5710 consortio.
1591 5655 1647 5708 lu
1701 5658 1789 5710 tali
1845 5658 1989 5710 enim

417 5728 814 5799 espurgatione
860 5725 1122 5783 summam
1157 5726 1511 5796 philosophiae
1549 5727 1815 5795 ponebant
1872 5725 1992 5795 ιιίιὶο

2084 1925 2139 1970 et
2172 1914 2409 1984 Spiritus
2454 1923 2663 1979 sancte,
2706 1915 2889 1969 divina
2933 1913 3195 1979 Trinitas,
3234 1924 3289 1968 et
3322 1914 3460 1967 trina
3505 1926 3668 1984 atque

2084 2019 2273 2062 sancta
2309 2006 2505 2063 Unitas
2532 2024 2546 2061 :
2578 2007 2741 2062 Pater
2774 2007 3030 2076 principii
3079 2021 3276 2075 expers
3319 2017 3373 2060 et
3403 2006 3664 2076 ingenite,

2085 2099 2184 2155 Fili
2213 2100 2331 2156 sine
2361 2099 2631 2168 principio
2658 2099 2861 2169 genite,
2891 2100 3073 2153 divine
3097 2098 3335 2167 Spiritus
3370 2100 3668 2167 procedens

2083 2194 2222 2249 citra
2268 2192 2600 2263 principium
2647 2206 2675 2245 a
2720 2191 2905 2257 Patre,
2942 2191 3187 2245 Trinitas
3230 2190 3576 2246 inell'abiliter
3611 2191 3666 2246 in

2085 2286 2350 2341 unitatem
2384 2285 2577 2353 relata,
2614 2284 2807 2341 Unitas
2840 2284 3287 2338 inenarrabiliter
3314 2284 3366 2338 in
3398 2281 3669 2338 Trinitate

2083 2373 2310 2428 adorata
2367 2386 2544 2443 neque
2603 2373 3035 2441 comprehensa,
3089 2374 3332 2429 Trinitas
3389 2374 3665 2438 increata,

2085 2465 2421 2533 sempiterna
2454 2478 2510 2520 et
2536 2466 3044 2528 consubstantialis,
3075 2470 3249 2537 prima
3282 2468 3549 2537 beataqne
3573 2482 3669 2520 na-

2084 2566 2229 2624 tura,
2270 2568 2326 2613 et
2371 2573 2552 2614 rerum
2579 2559 2933 2630 principium,
2971 2560 3041 2615 ab
3081 2560 3284 2615 invidia
3330 2559 3665 2615 alienissima

2085 2651 2303 2707 bonitas
2336 2659 2393 2707 et
2428 2665 2616 2707 verum
2648 2651 2776 2717 Ens,
2813 2651 2991 2706 tribue
3025 2653 3204 2715 nobis,
3249 2661 3309 2705 ut
3335 2664 3563 2723 purgata
3594 2652 3671 2708 si-

2084 2758 2208 2799 mus
2255 2752 2461 2808 mente,
2509 2751 2564 2798 et
2592 2743 2811 2811 dignam
2858 2758 2976 2798 eam
3013 2744 3304 2799 reddamus
3340 2753 3429 2799 tua
3462 2744 3667 2799 ctrlesti

2086 2835 2453 2890 illustratione
2499 2843 2554 2891 et
2619 2836 3100 2905 contemplatione,
3137 2852 3246 2905 quo
3293 2853 3447 2906 pure,
3493 2839 3671 2906 quoad

2087 2925 2204 2980 ﬁeri
2234 2926 2457 2995 poterit,
2491 2934 2545 2980 te
2590 2927 2942 2997 purissimum
2980 2927 3333 2995 attingamus,
3373 2929 3417 2982 si
3450 2929 3671 2997 quidem

2087 3017 2169 3074 fas
2196 3029 2302 3082 est,
2338 3027 2393 3071 et
2420 3032 2621 3087 pravas
2655 3030 2816 3074 notas
2850 3027 2906 3073 et
2947 3027 3104 3090 typos
3131 3035 3196 3075 ex
3230 3021 3410 3075 animo
3433 3020 3671 3087 expella-

2088 3126 2241 3178 mus,
2293 3111 2759 3181 ostendamusque
2805 3111 3098 3183 imaginem
3151 3113 3380 3180 primam
3424 3113 3673 3167 ineonta-

2095 3205 2381 3268 minatam,
2418 3219 2598 3273 neque
2642 3217 3084 3274 supervacaneum
3129 3205 3287 3259 nobis
3324 3204 3397 3259 sit
3444 3219 3672 3273 magnus

2089 3305 2232 3363 tuus,
2259 3312 2293 3349 ο
2314 3295 2491 3362 Trias,
2520 3295 2680 3350 unius
2704 3295 2798 3350 Dei
2822 3295 3330 3351 etVerbiadventus
3359 3304 3520 3365 atque
3546 3309 3676 3364 pra»-

2088 3388 2287 3452 sentia,
2331 3396 2388 3441 et
2422 3387 2696 3442 salutares
2726 3396 2780 3442 et
2816 3400 2981 3456 supra
3029 3387 3175 3441 vires
3216 3394 3427 3440 natura:
3467 3384 3675 3454 passio-

2089 3495 2211 3544 nes,
2244 3494 2475 3548 quarum
2511 3479 2682 3549 gratia
2710 3489 2937 3549 peccato
2969 3479 3133 3535 soluti
3170 3495 3378 3535 sumus.
3410 3478 3503 3534 Sic
3533 3494 3675 3549 prte-

2092 3580 2239 3627 tcrea
2278 3586 2347 3626 ne
2375 3571 2571 3625 animas
2614 3570 2949 3641 negligenter
2985 3586 3045 3627 se
3074 3571 3313 3626 habeant
3342 3586 3467 3641 erga
3504 3571 3674 3624 virtu-

2093 3670 2224 3724 tem,
2242 3660 2404 3732 293
2425 3661 2521 3715 sed
2546 3661 2877 3715 meditentur
2903 3660 3334 3727 dissolutionem,
3358 3669 3483 3714 ante
3509 3673 3669 3728 quam

2091 3750 2460 3804 dissolvantur
2498 3763 2751 3819 corpora,
2791 3763 2891 3804 nec
2918 3752 3310 3803 conturbemur
3337 3749 3462 3802 dum
3503 3747 3674 3802 resol-

2091 3851 2290 3897 ventur
2331 3841 2500 3896 nostri
2552 3855 2725 3896 nexus
2771 3849 2825 3894 et
2854 3839 3096 3904 vincula,
3131 3849 3186 3893 et
3219 3837 3414 3893 crebro
3453 3839 3520 3893 ad
3570 3841 3677 3893 ista

2089 3936 2293 3990 caduca
2341 3938 2764 3991 convertamur,
2800 3929 3030 3984 moleste
3066 3927 3306 3985 ferentes
3351 3929 3673 3997 disiunctio-

2089 4041 2236 4082 nem.
2269 4023 2540 4079 Prteterea
2570 4022 2826 4084 concede,
2863 4027 2920 4073 ut
2949 4021 3180 4074 vitemus
3225 4035 3512 4075 numerum
3543 4036 3676 4090 sup-

2090 4117 2399 4187 pliciorum,
2432 4128 2568 4169 neve
2616 4112 2967 4182 experiamur
2994 4111 3252 4166 acerbum
3285 4111 3411 4165 vitae
3440 4113 3674 4176 exitum,

2090 4210 2184 4265 sed
2229 4209 2283 4262 in
2328 4220 2555 4275 superas
2611 4206 2922 4260 mansiones
2968 4212 3187 4272 cooptes
3231 4212 3287 4260 et
3334 4202 3672 4268 conscribas,

2098 4316 2220 4356 cum
2256 4299 2351 4354 tibi
2377 4305 2593 4369 gratum
2625 4297 2753 4363 erit,
2784 4311 2951 4368 seque
2977 4295 3237 4366 praeclare
3257 4294 3496 4351 habeant
3518 4295 3681 4350 nobis

2020 4673 2064 4729 D
2095 4672 2332 4755 ipsuphi,
2391 4672 2664 4755 praecipue
2698 4674 3070 4755 Pythagorici,
3102 4686 3164 4733 ut
3215 4679 3403 4735 multis
3438 4680 3678 4736 ostendit

2093 4742 2361 4864 l-lieroltilis
2430 4743 2484 4797 iu
2534 4742 3290 4807 Aurea'Carinina'aurous
3335 4761 3681 4808 commenta-

2094 4829 2228 4864 Πυε.
2298 4829 2349 4864 Δ.

2094 4829 2228 4867 “US.
2255 4829 2349 4867 DA.

2320 4882 2739 4963 ξζῖλλὰμψεως.
2778 4884 2996 4963 Interna
3032 4889 3460 4963 illuminatione;
3486 4889 3582 4963 Ba.

2168 4953 2282 5028 (ᾇϐ)
2312 4953 2705 5028 Χαρακτῆρᾳς
2726 4955 2827 5009 καὶ
2867 4958 3098 5024 τύπους
3135 4957 3246 5026 τῆς
3286 4958 3515 5028 ψυχῆς.
3552 4960 3678 5014 Pls-

2101 5023 2364 5095 tonieum.
2420 5022 2487 5075 Et
2520 5024 2585 5076 de
2611 5024 3043 5095 characteribus-
3068 5022 3317 5095 natisque
3346 5022 3692 5085 istis—multis

2102 5091 2237 5161 locis
2266 5106 2471 5161 suoque
2499 5094 2770 5159 prtecipue
2801 5097 3215 5161 commentario,
3231 5091 3397 5152 'alibi.
3430 5096 3530 5151 Ba.

2173 5160 2284 5232 (47)
2316 5160 2414 5227 Μὴ
2445 5162 2901 5232 ταραχθείημεν.
2933 5160 3336 5219 Conturbemur
3374 5167 3489 5219 toti.
3520 5166 3671 5232 Quod

2102 5245 2324 5285 necesse
2350 5239 2433 5304 est
2461 5232 2713 5304 accidere
2748 5234 2836 5304 ii_s_,
2875 5234 3070 5300 quibus
3104 5249 3297 5304 repens
3328 5251 3392 5288 ex
3434 5235 3533 5289 hac
3567 5237 3677 5290 vita
3721 5274 3725 5277 -

2101 5314 2347 5422 recessgs
2390 5300 2723 5358 incubuerit.
2781 5300 2975 5357 Merito
3030 5300 3196 5376 igitur
3251 5315 3410 5359 vovet
3441 5304 3676 5359 εὐθανα-

2101 5386 2242 5422 σαν.
2324 5387 2376 5422 Δ.

2100 5386 2131 5423 σ
2138 5386 2242 5423 ιαν.
2281 5386 2355 5424 DA
2363 5412 2376 5425 .

2175 5438 2655 5516 (4$)_Koxd0'ewr_.
2708 5441 3061 5516 [Eternarum
3106 5459 3389 5516 pinnarum
3423 5444 3678 5516 perenni-

2105 5510 2462 5564 tas’ultimum
2498 5510 2758 5565 monitum
2788 5510 3122 5581 accipiendze
3144 5510 3683 5570 doctritue'cwlestis

2102 5590 2155 5634 et
2217 5581 2472 5634 vitiorum
2528 5582 3027 5651 relinquemlorutn.
3066 5584 3295 5639 Pulchre
3346 5584 3685 5650 'l'beophilus

2103 5660 2292 5707 noster
2325 5651 2430 5706 line
2457 5650 2552 5707 lib.
2586 5668 2602 5707 t
2639 5650 2703 5708 ad
2733 5653 3059 5723 Autolyeum
3095 5670 3250 5710 suum
3280 5672 3295 5722 ;
3333 5663 3440 5712 etc.
3469 5654 3567 5710 ΒΑ.
