4070 6406
443 320 578 385 1Ξ4ι3

1472 328 1871 390 ΖΛΟΗΛΗΙΕ
1914 333 2046 391 ΜΙΤ

2134 335 2348 392 .ENES
2389 333 2726 395 muscum
3604 343 3739 407 1m

436 447 558 498 quae
590 433 952 500 pertinentad
991 435 1129 489 hanc
1163 437 1615 490 exercitationem
1648 448 1702 490 ul.
1734 440 1900 491 vitam
1928 456 2046 510 qum

2157 443 2294 511 μετὰ
2319 443 2425 494 τῶν
2463 445 2733 512 erogatum
2762 444 2878 512 βίον
2911 444 3020 497 τῶν
3039 445 3320 517 ἐπικήριον
3343 449 3476 518 (49),
3511 451 3586 513 εἰς
3627 455 3739 504 κάλ.

439 535 562 571 cum
615 522 938 590 corporibus
984 523 1270 593 fragilibus
1313 536 1367 578 et
1422 527 1655 580 infirmis
1700 530 1932 595 geritur,
1974 531 2026 584 in

441 612 561 664 sinu
593 613 890 678 Abraham,
915 613 1064 670 Isaac
1096 627 1149 671 et
1177 615 1366 670 Jacob.
1403 617 1478 671 lla
1518 619 1657 674 Deus
1689 629 1774 674 snt
1802 637 1829 672 a
1865 622 2021 675 ltobii

442 715 705 760 exoratus
731 716 838 761 est.
872 707 1230 765 Discedamus
1265 711 1448 780 igitttr.
1485 742 1496 751 -

516 821 626 899 (i9)
668 823 1016 892 'Eztxﬁptor.
1042 827 1358 899 _'E::E'/.r,pa,
1390 828 1744 899 ἐπιοινάῖια·
1781 829 1888 898 κὴρ
1920 829 2029 899 γὰρ

441 896 468 947 ὸ
490 893 718 956 θάνατος
745 911 758 923 ·
787 908 977 949 auctor
1012 897 1187 960 Magni
1222 893 1600 964 liiymologici.
1641 898 1773 953 Vide
1801 893 2032 952 iti'utt'a-

443 979 715 1036 questth
745 967 894 1031 plura
927 968 1067 1033 apud
1102 967 1450 1036 Ilosyehium.
1485 971 1578 1021 ΒΑ.

513 1033 625 1102 (50)
661 1034 853 1089 Ultima
891 1037 1052 1090 verba
1085 1033 1274 1091 eadem
1313 1048 1435 1091 sunt
1476 1038 1617 1108 apud
1662 1036 1891 1092 Aineazn
1926 1055 2022 1094 no-

631 1201 922 1214 Μ’...-

929 1206 1044 1215 κ..-

1045 1206 1326 1216 ..ρ’-...-

1759 1188 2889 1216 m

2149 552 2283 595 πως
2325 536 2578 604 ’Λϐραὰμ
2601 537 2696 587 καὶ
2739 537 2924 588 Ἰσαὰκ
2962 537 3056 590 καὶ
3089 540 3302 593 Ἰακώϐ.
3348 542 3570 606 Ἱκανῶς
3610 546 3739 614 ἡμῖν

2149 623 2369 693 ηὗκται.
2425 628 2567 679 Ἀλλ’
2606 628 2775 697 ἴωμεν
2807 629 2940 698 (50).

2141 846 2356 900 strum;
2409 843 2465 887 et
2509 833 2736 905 memini
2781 833 2909 886 alibi
2965 849 3050 887 me
3105 837 3444 905 suspicatum
3501 843 3564 892 de
3631 859 3738 896 nuo

2143 908 2424 1028 glriusppte
2483 904 2642 958 libelli
2693 913 2953 970 auctore,
3007 919 3108 959 non
3167 904 3348 962 tamen
3416 919 3472 962 ut
3529 924 3739 979 perteu-

2181 991 2288 1028 am.
2369 992 2419 1027 tt.

2181 991 2288 1028 all].
2324 991 2419 1027 DA.

1327 1349 1971 1462 EJUSDEM
2065 1344 2831 1456 ZACHARl/E

1715 1565 2448 1659 DlSPUTATIO

545 1754 791 1799 CONTRA
831 1759 904 1801 ΕΑ
941 1760 1079 1811 QUAE
1124 1761 1202 1804 DE
1235 1760 1485 1803 DUOBUS
1536 1755 1866 1800 PRINCIPHS
1899 1756 1934 1796 Α
1971 1755 2046 1795 ΜΛ

2134 1753 2307 1795 CIL-EO
2339 1751 2598 1801 QUODAM
2631 1754 2884 1797 SCRIPTA
2917 1756 2991 1798 ΕΤ
3025 1757 3334 1801 PROJECTA
3373 1757 3436 1802 IN
3469 1758 3624 1803 VIA!

1318 1861 1625 1903 PUBLICAM
1671 1859 1964 1912 REPERIT,
2010 1854 2381 1898 JL'STINIANO
2434 1854 2852 1897 IMPERATORE.

515 2077 571 2132 Si
597 2087 722 2132 sunt
750 2079 800 2131 in
827 2080 1078 2133 omnibus
1101 2080 1373 2133 contraria
1402 2079 1665 2149 principia
1690 2095 1810 2148 quae
1835 2081 2022 2148 ponis,
2062 2086 2100 2138 Β

445 2185 608 2223 unum
656 2168 849 2223 bonum
891 2171 1033 2239 quod
1076 2185 1257 2234 vocas,
1292 2181 1349 2224 et
1391 2170 1618 2224 alterum
1663 2170 1891 2235 malum;
1936 2188 2029 2223 ne-

443 2276 594 2316 cesse
623 2270 735 2325 est,
770 2261 814 2314 si
849 2265 1047 2315 bonum
1079 2263 1437 2316 substantiam
1471 2278 1592 2317 esse
1627 2263 1790 2326 dicis,
1828 2263 2028 2315 malum

443 2370 548 2408 non
594 2370 716 2408 esse
755 2354 1138 2408 substantiam.
1181 2354 1234 2408 Si
1279 2354 1477 2408 bonum
1523 2355 1658 2409 dicis
1703 2355 2027 2425 principium

441 2460 590 2510 esse,
626 2446 824 2499 malum
865 2462 969 2499 non
1007 2461 1126 2501 esse
1162 2447 1485 2516 principium
1526 2465 1538 2500 :
1581 2447 1635 2500 Si
1677 2448 1872 2501 bonum
1908 2461 2030 2501 esse

443 2539 736 2607 ingenitum
765 2548 820 2593 et
843 2550 1127 2604 aeternum,
1155 2541 1350 2594 malum
1383 2557 1486 2594 non
1513 2555 1632 2595 esse
1661 2541 1759 2595 sic.
1790 2541 1846 2595 Si
1878 2540 2022 2593 enim

443 2630 559 2683 haec
600 2633 902 2684 communia
947 2632 1148 2685 habent
1187 2636 1391 2699 omnia,
1427 2633 1696 2701 quomodo
1735 2641 1858 2685 sunt
1898 2647 2029 2686 con-

445 2723 654 2776 traria?
683 2722 973 2778 Przeterca.
1003 2724 1292 2780 Contraria
1326 2740 1432 2778 non
1465 2737 1733 2794 quatenus
1767 2726 2026 2778 sobstan-

444 2816 516 2867 tia
555 2827 711 2881 sunt,
745 2816 998 2871 dicuntur
1028 2832 1147 2872 esse
1185 2818 1500 2882 contraria;
1535 2817 1848 2871 substantia:
1883 2819 2026 2870 enim

441 2910 573 2964 nihil
605 2919 689 2965 est
720 2912 1088 2975 contrarium,
1122 2911 1214 2964 sed
1248 2920 1340 2976 aut
1370 2920 1639 2979 quatenus
1669 2921 1795 2964 sunt
1827 2911 1892 2964 ad
1925 2910 2026 2963 ali-

441 3000 594 3069 quid,
626 3011 716 3053 aut
749 3001 1047 3055 secundum
1079 3000 1400 3068 qualitatem
1429 3012 1484 3054 et
1512 2999 1786 3064 accidens,
1817 3009 1909 3052 aut
1938 3014 2026 3052 se-

441 3090 675 3145 cundum
701 3091 940 3145 habitum
967 3099 1020 3144 et
1041 3091 1403 3158 privationem
1428 3107 1523 3144 :ex
1548 3106 1654 3160 quo
1678 3091 1756 3154 fit,
1778 3098 1835 3144 ut
1855 3091 2028 3159 primo

441 3191 492 3234 et
525 3181 624 3236 soli
655 3182 820 3245 bono,
851 3197 972 3236 cum
1008 3181 1138 3234 nihil
1171 3181 1362 3234 horum
1395 3181 1612 3243 habeat,
1644 3181 1774 3234 nihil
1804 3182 1874 3235 sit
1899 3197 2027 3236 con-

441 3273 706 3338 trarium;
751 3273 874 3340 quia
917 3273 1212 3326 secundum
1257 3274 1618 3327 substantiam
1663 3283 1746 3327 est
1789 3274 2025 3342 bonum,

439 3365 757 3419 substantizc
781 3379 908 3418 vero
931 3364 1060 3418 nihil
1083 3374 1164 3418 est
1188 3365 1522 3418 contrarium
1551 3383 1562 3417 :
1587 3364 1858 3418 contraria
1884 3364 2024 3419 enim

439 3458 694 3509 dicuntur
717 3471 932 3510 sursum
961 3465 1015 3510 et
1040 3457 1319 3520 deorsum,
1347 3473 1452 3511 non
1479 3467 1746 3527 quatenus
1770 3458 2025 3511 substan-

441 3549 514 3601 tia
553 3557 695 3608 sunt,
729 3548 822 3601 sed
861 3558 1128 3616 quatenus
1164 3551 1228 3603 ad
1267 3550 1489 3618 aliquid.
1525 3549 1653 3614 Qua:
1687 3559 1864 3603 autem
1903 3561 2028 3604 sunt

439 3630 512 3694 ad
539 3639 770 3706 aliquid,
802 3655 920 3693 cum
955 3650 1149 3694 natura
1182 3656 1447 3710 corporea
1477 3645 1685 3696 adnexa
1717 3651 1845 3695 sunt
1873 3659 1886 3694 :
1920 3656 2024 3694 non

441 3730 609 3800 igitur
641 3729 694 3785 in
734 3742 922 3784 natura
962 3734 1304 3802 incorporea,
1338 3742 1393 3786 et
1428 3749 1546 3803 quae
1581 3733 1832 3788 omnibus
1871 3743 2024 3787 ante-

440 3824 586 3879 cellit
611 3835 664 3879 et
690 3840 808 3894 qu:e
839 3826 1158 3896 intelligitur
1182 3827 1564 3896 comprehendi
1599 3842 1704 3881 non
1736 3839 1916 3896 posse,
1946 3825 2024 3878 lo-

440 3932 562 3970 cum
597 3917 799 3971 habent
829 3933 1042 3972 sursum
1075 3929 1129 3973 et
1157 3918 1432 3972 deorsum.

512 4008 577 4061 Et
623 4011 784 4063 timor
815 4010 1125 4064 contrarius
1159 4011 1358 4065 dicitur
1392 4010 1726 4076 fortitudini,
1765 4027 1869 4065 non
1907 4020 2026 4064 tan-

439 4093 601 4169 quam
645 4102 950 4156 substantia
996 4102 1210 4172 aliqua,
1253 4103 1346 4157 sed
1396 4111 1649 4171 tanquam
1696 4103 1929 4172 qualitas
1971 4110 2028 4155 et

441 4194 714 4260 accidens,
743 4196 883 4263 quod
913 4211 1054 4264 sarpe
1085 4197 1260 4260 adeSI,
1285 4197 1522 4251 et'abest
1549 4214 1562 4248 :
1593 4195 1854 4248 fortitudo
1883 4193 2025 4248 enim

441 4294 499 4338 et
531 4285 694 4340 timor
718 4287 770 4339 in
804 4288 982 4341 anima
1012 4298 1328 4356 spectantur
1357 4302 1460 4340 non
1490 4296 1746 4355 tanquam
1776 4287 2028 4340 substan-

440 4376 550 4440 tia',
583 4377 677 4430 sed
712 4387 967 4445 tanquam
999 4376 1308 4445 qualitates.
1344 4375 1608 4441 Quocirca
1641 4391 1743 4427 non
1777 4375 2028 4428 dicuntur

439 4472 656 4535 anima),
691 4470 785 4524 sed
818 4472 966 4524 circa
1004 4469 1240 4522 animam
1280 4467 1734 4529 considerantur;
1767 4466 2028 4524 fortitudo

443 4576 696 4632 tanquam
748 4563 964 4617 habitus
1013 4562 1231 4624 animm,
1283 4560 1444 4612 timor
1490 4567 1746 4626 tanquam
1798 4561 2027 4628 privatio

442 4655 676 4710 habitus.
709 4652 862 4709 Sicut
892 4653 1098 4707 sanitas
1136 4664 1190 4705 et
1249 4649 1470 4702 morbus
1503 4649 1553 4703 in
1587 4665 1812 4720 corpore
1842 4672 1854 4708 :
1886 4657 2025 4710 unde

441 4762 670 4801 necesse
692 4755 777 4800 est
800 4745 1010 4814 priores
1034 4757 1154 4796 esse
1182 4741 1398 4794 habitus
1421 4741 1838 4810 privationibus.
1865 4745 2024 4800 Sum-

443 4854 543 4892 mae
570 4838 729 4908 igitur
752 4836 1004 4890 amentiae
1025 4842 1172 4887 esset
1195 4833 1435 4902 cogitare
1459 4834 1560 4889 hoc
1585 4836 1636 4888 in
1662 4835 1770 4892 Deo
1799 4837 2024 4892 :distin-

441 4928 548 4982 ctio
577 4929 720 4981 enim
752 4925 879 4980 boni
908 4941 936 4978 a
974 4922 1116 4978 malo
1153 4939 1255 4977 non
1287 4923 1447 4979 habet
1476 4924 1650 4979 locum
1685 4927 1734 4981 in
1771 4929 1900 4990 Deo,
1933 4929 2026 4981 sed

444 5019 498 5073 in
536 5019 678 5074 bono
708 5027 762 5072 et
795 5017 936 5069 malo
967 5017 1240 5070 actionum
1281 5017 1640 5072 humanarum
1673 5035 1687 5072 :
1725 5021 1866 5074 bono
1901 5019 2022 5087 qui-

443 5114 564 5167 dem
605 5114 662 5164 in
696 5117 1003 5164 creaturam
1037 5105 1128 5162 Dei
1161 5108 1497 5179 ingrediente
1532 5110 1826 5164 secundum
1868 5110 2023 5163 habi-

445 5216 589 5268 tum;
631 5201 772 5255 malo
803 5215 932 5254 vero
966 5202 1259 5256 secundmn
1300 5200 1658 5271 privationem
1700 5201 1917 5255 habitus
1957 5217 2020 5256 ex

445 5305 594 5350 motu
619 5292 802 5346 liberte
825 5290 1114 5344 voluntatis
1133 5292 1423 5345 accedente
1443 5304 1584 5358 δεῖρε
1612 5307 1626 5342 :
1655 5289 1854 5343 bonum
1876 5293 2022 5344 enim

447 5389 499 5440 iu
545 5386 756 5449 anima,
803 5393 858 5438 et
900 5384 1080 5439 vivere
1123 5384 1417 5438 secundum
1464 5385 1717 5436 virtutem
1768 5391 2020 5453 tanquam

444 5479 682 5546 optimus
717 5475 935 5545 quidam
975 5477 1209 5542 habitus,
1244 5475 1385 5530 sicut
1422 5474 1625 5528 dictum
1662 5482 1772 5537 est,
1805 5476 2025 5530 advenit

448 5570 650 5627 homini
680 5571 876 5639 :hujus
899 5585 1028 5626 vero
1058 5570 1266 5641 ignavia
1295 5583 1360 5622 ex
1389 5566 1663 5621 voluntate
1685 5577 1741 5621 et
1763 5582 1827 5620 ex
1860 5583 2023 5636 prava

444 5663 860 5728 consuetudine,
895 5677 959 5716 ac
993 5659 1407 5716 conversatione
1442 5657 1583 5710 tttala
1621 5658 2022 5725 proficiscente,

447 5751 648 5807 malum
679 5761 939 5823 tanquam
971 5751 1202 5823 privatio
1233 5749 1450 5804 habitus
1481 5764 1622 5818 sa'pe
1655 5747 1874 5804 accidit.

2202 2075 2356 2130 Rude
2399 2077 2562 2146 igitur
2598 2087 2682 2131 est
2723 2087 2776 2131 et
2813 2078 2965 2132 valde
3000 2079 3326 2133 ineruditum
3363 2083 3543 2136 dicere
3595 2099 3728 2138 con-

2137 2171 2364 2224 trarium
2393 2172 2535 2224 bono
2558 2171 2856 2224 secundum
2886 2172 3252 2225 substantiam
3278 2183 3332 2226 et
3359 2190 3453 2243 per
3477 2191 3536 2229 se
3560 2175 3722 2238 bOno,

2135 2270 2360 2334 malum,
2401 2271 2542 2324 sicut
2588 2272 2861 2324 contraria
2908 2279 3036 2324 sunt
3078 2285 3295 2325 sursum
3339 2283 3394 2326 et
3439 2275 3724 2340 deorsum;

2134 2373 2229 2416 aut
2254 2377 2375 2418 esse
2403 2363 2627 2417 omnino
2657 2362 2863 2431 aliquid
2891 2362 3226 2416 contrarium
3256 2363 3397 2417 bono
3425 2367 3724 2420 secundum

2133 2455 2519 2519 substantiam,
2550 2455 2693 2524 quod
2729 2464 2813 2508 est
2849 2453 2996 2508 solus
3033 2455 3174 2509 Deus
3205 2471 3220 2510 :
3255 2470 3414 2510 nemo
3452 2457 3594 2512 enim
3631 2456 3726 2510 bo-

2134 2564 2257 2612 nus,
2294 2549 2395 2601 nisi
2433 2563 2572 2602 unus
2605 2546 2768 2611 Deus,
2801 2548 2926 2614 quia
2964 2547 3132 2615 ipsius
3164 2548 3364 2601 bonum
3402 2559 3607 2602 tantum
3640 2560 3723 2604 est

2133 2637 2504 2701 immutabile,
2540 2646 2795 2704 tanquam
2829 2636 3061 2704 primum
3096 2637 3298 2700 bonus,
3328 2647 3384 2691 et
3414 2642 3715 2693 secundum

2131 2729 2494 2783 substantiam
2527 2728 2736 2793 bonus;
2769 2743 2874 2794 qua
2908 2727 3119 2806 ratione
3151 2729 3283 2782 nihil
3314 2739 3395 2783 est
3424 2731 3472 2784 ei
3505 2741 3721 2785 contra-

2132 2823 2296 2876 rium.
2322 2822 2503 2888 Quare
2528 2822 2728 2875 malum
2753 2838 2857 2875 non
2879 2831 2966 2875 est
2988 2811 3286 2877 secundum
3311 2824 3674 2878 substantiam
3699 2841 3713 2877 :

2131 2915 2178 2969 ei
2221 2916 2364 2966 enim
2408 2916 2551 2982 quod
2596 2923 2697 2979 est,
2743 2914 3036 2983 opponitur
3076 2913 3389 2977 dividendo,
3429 2916 3569 2984 quod
3617 2931 3718 2970 non

2131 3015 2248 3071 est;
2284 3006 2424 3059 umle
2458 3021 2563 3058 non
2599 3015 2682 3059 est
2717 3005 3044 3069 substantia,
3075 3005 3220 3072 quod
3258 3021 3362 3060 non
3398 3017 3499 3060 est.
3533 3007 3589 3060 Si
3623 3023 3718 3060 au-

2133 3104 2238 3151 tem
2271 3097 2413 3166 quod
2445 3112 2550 3150 non
2583 3107 2694 3158 est,
2731 3111 2834 3150 non
2867 3104 2950 3150 est
2984 3097 3322 3162 substantia,
3349 3107 3403 3152 et
3433 3099 3718 3166 opponitur

2129 3189 2477 3250 substantiae,
2509 3187 2835 3251 dividendo,
2865 3196 2927 3241 ut
2955 3189 3065 3253 ais,
3100 3190 3273 3252 bono,
3302 3190 3445 3259 quod
3476 3199 3557 3245 est
3582 3190 3715 3243 sub-

2131 3280 2330 3336 stantia
2354 3321 2369 3346 ,
2406 3279 2608 3334 malum
2645 3299 2657 3334 :
2698 3280 2896 3333 malum
2935 3280 3104 3349 igitur
3137 3296 3240 3336 non
3275 3292 3358 3336 est
3392 3282 3715 3336 substantia.

2204 3371 2259 3423 Si
2296 3379 2477 3424 autem
2517 3371 2629 3424 lucc
2665 3370 2745 3424 sic
2785 3369 3020 3438 habent,
3055 3382 3110 3425 et
3145 3372 3302 3425 aliter
3337 3372 3535 3425 bonum
3574 3372 3717 3439 quod

2129 3472 2210 3517 est
2251 3462 2304 3515 iu
2351 3461 2481 3524 Deo,
2521 3461 2922 3524 consideratur,
2959 3462 3052 3530 qui
3098 3472 3181 3516 est
3226 3462 3426 3517 bonum
3469 3478 3496 3515 a
3541 3463 3721 3531 seipso

2129 3558 2332 3610 motus,
2373 3556 2426 3601 et
2470 3549 2767 3602 secundum
2813 3549 3177 3604 substantiam
3220 3551 3444 3615 bonum,
3484 3561 3540 3604 et
3575 3552 3717 3620 quod

2129 3637 2365 3706 primum
2403 3637 2605 3691 bonum
2645 3637 3005 3708 intelligitur;
3044 3640 3205 3695 aliter
3239 3657 3367 3696 vero
3401 3643 3721 3696 considera--

2129 3738 2216 3782 tur
2251 3729 2302 3782 in
2349 3729 2697 3793 hominibus,
2732 3731 2876 3800 quod
2914 3747 3058 3802 smpe
3100 3733 3458 3802 privationem
3501 3734 3720 3788 habitus

2127 3821 2336 3890 proprii
2373 3821 2736 3877 voluntariam
2783 3823 2996 3892 recipit,
3033 3835 3089 3879 et
3122 3825 3326 3879 veritas
3366 3835 3450 3880 est
3490 3841 3609 3880 cum
3655 3827 3721 3879 iis

2126 3928 2248 3982 quae
2277 3913 2360 3968 sic
2395 3913 2770 3986 intelliguntur
2798 3923 2853 3970 et
2887 3916 3144 3971 dicuntur
3193 3933 3207 3970 :
3264 3931 3443 3971 annon
3477 3927 3560 3971 est
3593 3919 3720 3971 bar-

2129 4009 2259 4060 bara
2288 4015 2342 4061 et
2371 4006 2536 4062 stulta
2565 4018 2624 4062 et
2647 4023 2714 4062 ex
2745 4008 2894 4062 omni
2923 4018 3078 4079 parte
3107 4024 3416 4081 repugnans
3443 4008 3622 4064 fabula
3650 4009 3719 4063 de

2126 4097 2339 4152 duobus
2389 4097 2705 4167 principiis,
2757 4113 2879 4168 quae
2931 4114 3254 4156 communes
3303 4101 3558 4156 notiones
3611 4117 3716 4154 non

2127 4189 2392 4258 probant?
2418 4189 2698 4256 Quomodo
2721 4191 2866 4245 enim
2893 4206 3015 4246 esse
3041 4194 3244 4262 poterit
3269 4193 3437 4263 ἀρχὴ,
3464 4208 3581 4262 quae
3607 4208 3713 4246 non

2127 4281 2180 4335 in
2222 4282 2478 4337 omnibus
2523 4283 2891 4352 principatum
2919 4294 3086 4356 .teuet
3126 4303 3142 4340 :
3180 4285 3226 4340 si
3274 4294 3454 4338 autem
3499 4300 3721 4339 necesse

2127 4383 2233 4439 est,
2264 4385 2324 4428 ut
2353 4375 2406 4428 in
2432 4373 2686 4428 omnibus
2717 4375 3081 4445 principatum
3113 4377 3349 4446 teneath
3382 4377 3552 4448 ἁρχὴ,
3581 4392 3719 4428 unus

2129 4466 2278 4522 solus
2309 4465 2416 4519 erit
2452 4465 2733 4534 princeps,
2766 4469 2910 4535 quod
2947 4467 3270 4536 principium
3309 4482 3584 4522 vocamus.
3615 4464 3719 4534 lgi-

2133 4569 2221 4613 ιιι·
2270 4556 2469 4611 malum
2523 4571 2628 4610 non
2682 4566 2766 4611 εει
2819 4558 3145 4624 substantia,
3191 4561 3286 4613 sed
3338 4560 3533 4614 divina:
3581 4558 3717 4627 legis

2132 4649 2513 4717 transgressio,
2554 4663 2675 4718 qua:
2719 4664 2786 4703 ex
2829 4650 2946 4704 solo
2995 4660 3142 4704 motu
3191 4651 3377 4706 liberae
3422 4650 3719 4704 voluntatis

2134 4740 2347 4808 ignavis
2383 4741 2867 4796 ratiocinatorilms
2903 4742 3135 4807 accidit,
3173 4751 3226 4797 et
3261 4744 3313 4796 in
3353 4744 3466 4797 sola
3505 4742 3720 4794 actione

2137 4847 2241 4884 non
2274 4831 2767 4899 obtemperantium
2803 4833 2905 4903 legi
2941 4832 3034 4888 Dei
3069 4835 3314 4888 cernitur
3346 4853 3360 4888 :
3395 4835 3534 4888 unde
3568 4835 3618 4887 in
3652 4847 3716 4887 ea

2137 4922 2294 4984 inest,
2325 4931 2381 4978 ut
2413 4923 2587 4993 possit
2621 4924 2892 4989 desinere,
2928 4943 3050 4981 cum
3086 4926 3312 4995 poenitet
3343 4940 3718 4996 saapenumcro

2133 5029 2248 5080 eos,
2288 5016 2380 5086 qui
2428 5017 2751 5071 maleficium
2798 5018 3026 5082 faciunt,
3061 5027 3119 5072 et
3162 5018 3229 5070 ad
3265 5018 3520 5071 virtutem
3567 5028 3716 5072 motu

2133 5108 2425 5162 voluntatis
2468 5109 2727 5168 redeunt;
2772 5109 2914 5190 (ιιιρά
2958 5110 3178 5178 quidem
3228 5111 3551 5172 documento
3595 5119 3713 5175 est,

2135 5217 2238 5255 non
2279 5216 2400 5256 esse
2441 5201 2579 5255 mala
2623 5203 2919 5256 secundum
2965 5211 3235 5254 naturam.
3270 5200 3402 5267 Qua:
3440 5201 3585 5254 enim
3625 5213 3714 5254 se—

2132 5294 2368 5350 cundum
2400 5303 2646 5347 naturam
2677 5304 2825 5358 sunt,
2857 5293 2996 5346 vinci
3028 5308 3132 5346 nou
3163 5301 3409 5360 possunt.
3443 5292 3500 5345 Si
3533 5301 3712 5345 autem

2133 5386 2271 5440 mala
2327 5401 2431 5439 non
2482 5396 2609 5439 sunt
2661 5394 2892 5450 natura,
2941 5393 2998 5438 et
3049 5395 3373 5436 naturarum
3425 5384 3720 5437 fabricator

2138 5479 2278 5534 Deus
2315 5491 2434 5544 est;
2479 5493 2642 5532 unum
2685 5477 2850 5548 igitur
2882 5486 2936 5530 et
2973 5476 3145 5531 solum
3186 5476 3511 5545 principium
3553 5476 3662 5528 erit
3701 5491 3716 5526 :

2134 5571 2275 5639 quod
2303 5571 2426 5640 quia
2461 5569 2995 5638 incirctunscriptum
3028 5578 3133 5634 est,
3163 5578 3217 5623 et
3249 5569 3449 5638 ubique
3478 5581 3601 5621 esse
3636 5569 3715 5618 in-

2136 5663 2413 5734 telligitur,
2449 5661 2653 5716 nullum
2695 5661 2868 5717 locum
2902 5663 2993 5717 dat
3027 5661 3282 5731 nequitiae
3313 5675 3432 5732 quae
3469 5675 3573 5714 non
3610 5667 3717 5713 est.
