4070 6386
289 325 421 395 1149

1244 396 1252 405 ,
1348 337 1452 397 EX
1489 338 1854 399 HISTORIA
1896 340 2493 406 ECCLESIASTICA.

3424 348 3557 413 1130

282 439 537 523 quidem
565 442 823 504 Martem
856 451 1035 506 vocat
1071 452 1283 524 poeta,
1315 445 1580 508 alterum
1623 447 1957 523 Phoebum,
2002 458 2262 531 pr0pter
2294 452 2431 532 ejus
2471 451 2709 515 scilicet
2744 454 3164 517 eruditionem
3210 474 3228 516 :

560 541 733 613 ῌόθεν
753 538 883 612 ἦ).οε
908 545 1098 607 Φοῖϐος
1121 546 1313 613 ἄνδρες

566 612 789 681 Κράτος
827 614 1023 685 Ἀρεος
1052 612 1333 685 κεράάσας
1348 632 1363 681 ὅ

2244 552 2307 604 '0
2333 552 2390 622 δὲ
2421 552 2613 615 Φοῖὸος
2644 553 2801 615 ἄλλος
2823 556 2990 622 ἐγγὺς

2267 621 2437 676 Πάλιν
2465 622 2678 685 εἴκελος
2708 621 2948 696 φαάνοή.

280 702 476 796 Porro
519 720 597 796 ex
647 702 750 796 his
794 714 1005 765 utrum
1046 704 1347 767 alteruter
1387 708 1653 796 evaserit
1698 707 2040 796 historicus
2088 719 2279 796 atque
2325 713 2669 796 episcopus
2717 714 3155 796 Melitinensis,
3220 733 3296 777 an
3349 718 3559 796 potius

281 781 821 875 neuterlxdelinire
864 801 1000 872 non
1040 801 1258 875 queo;
1298 786 1418 875 sed
1463 796 1633 875 certe
1672 789 1780 850 uni
1830 806 1909 851 ex
1958 789 2058 852 his
2106 781 2486 871 ProcOpi‘um
2519 781 2810 855 Gazmutn
2859 781 3197 875 scripsisse
3253 781 3409 874 quas
3442 815 3561 874 ego

281 860 449 921 edidi
485 860 914 940 (5)‘epistolas,
945 860 1183 925 vix'est
1206 863 1651 928 dubitandum.

351 1022 427 1093 (5)
461 1023 691 1081 Classic.
723 1025 834 1080 AA.
860 1036 897 1081 t.
926 1026 1011 1082 IV.

1126 1374 1895 1551 ZACHARl/E
1985 1381 2707 1495 RHETORlS

1501 1595 1816 1653 EPISCOPI
1858 1597 2350 1657 MELITINENSIS

563 1775 1558 1904 HISTORIA?
1692 1778 3271 1917 ECCLESIASTIC/E

1403 2030 1827 2123 CAPITA
1896 2035 2409 2125 SELECTA

1327 2240 1414 2286 ex
1457 2243 1681 2289 CODICE
1724 2242 1991 2288 svauco
2030 2245 2345 2290 “nemo
2394 2229 2501 2311 (6).

794 2545 1024 2604 CAPUT
1061 2544 1354 2602 PRIMUM.

792 2662 873 2717 De
908 2661 1147 2717 Nestorii
1182 2664 1352 2716 abitu.

352 2776 570 2833 Mortuo
601 2776 744 2832 ﬁdeli
777 2778 1027 2847 principe
1074 2777 1405 2842 Theodosio,
1444 2779 1731 2847 imperium
1774 2780 1872 2836 ob-

283 2869 456 2924 tinuit
496 2867 830 2934 Marcianus,
864 2869 955 2937 qui
996 2868 1236 2922 instante
1267 2868 1412 2936 apud
1450 2884 1574 2923 eum
1612 2885 1870 2925 uxorem-

276 2976 390 3030 que
435 2962 554 3031 ejus
607 2959 952 3015 Pulcheriam
1003 2958 1188 3016 Leone
1236 2960 1504 3026 Romano,
1548 2964 1871 3033 congregari

267 3055 443 3125 jussit
469 3055 762 3125 synodum,
785 3068 910 3123 quae
941 3068 1136 3124 reapse
1163 3063 1353 3109 coacta
1384 3062 1472 3110 est
1502 3054 1867 3121 Chalcedone,

275 3161 428 3201 anno
452 3144 752 3201 Alexandri
793 3144 1111 3203 Macedonis
1150 3145 1276 3210 764,
1310 3148 1763 3203 convenientibus
1802 3150 1869 3204 ad

275 3253 402 3292 eam
433 3237 708 3308 episcopis
739 3237 1027 3307 sexaginta
1058 3247 1294 3307 quatuor
1332 3254 1494 3308 supra
1525 3240 1867 3309 quingentos.

276 3327 392 3383 Sed
442 3337 624 3382 tamen
681 3324 1058 3382 Theodoretus
1121 3326 1246 3399 Cyri
1297 3328 1584 3398 episcopus
1631 3328 1869 3387 Leonem

273 3428 447 3475 antea
488 3419 868 3475 concitaverat
920 3420 989 3473 ad
1038 3420 1387 3474 scribendum
1435 3422 1501 3475 ad
1552 3420 1868 3477 Flavianum

271 3526 400 3566 eam
427 3510 741 3582 epistolam,
772 3526 892 3582 quae
923 3511 1232 3581 dogmatica
1262 3512 1482 3577 dicitur,
1511 3513 1871 3585 Eutychiante

273 3606 548 3661 doctrina:
580 3593 986 3661 adversantem.
1022 3605 1282 3660 Scribens
1308 3606 1491 3675 itaque
1520 3607 1653 3675 Leo,
1690 3607 1871 3665 Theo-

274 3697 530 3752 doretum
562 3696 837 3751 Marciano
857 3695 1102 3768 Augusto
1127 3697 1354 3768 ejusque
1379 3699 1597 3771 eonjagi
1624 3702 1869 3771 impense

272 3772 686 3842 commendavit
728 3800 744 3841 :
778 3788 871 3856 qui
915 3787 1134 3857 quidem
1180 3788 1457 3859 Augustus
1490 3789 1730 3847 Nestorii
1772 3793 1871 3848 do-

1904 2551 1953 2608 Α
1981 2548 2249 2617 synodum
2298 2548 2702 2619 imitabantur,
2736 2555 2914 2627 iisque
2943 2557 3181 2616 Nestorii
3220 2572 3276 2617 et
3308 2561 3563 2621 Dorothei

1973 2641 2155 2695 obitus
2206 2642 2643 2712 signiﬁcabatur.
2675 2646 2847 2705 Porro
2887 2664 3008 2705 cum
3045 2652 3283 2723 episcopi
3329 2656 3568 2726 undique

1972 2734 2185 2787 evocati
2229 2735 2499 2804 synodum
2540 2736 2753 2804 Nicaeae,
2807 2751 2965 2810 prout
3010 2744 3265 2811 primitus
3304 2746 3564 2801 indictum

1973 2821 2172 2887 fuerat,
2209 2826 2539 2882 celebraturi
2592 2840 2796 2894 essent,
2854 2833 3137 2887 mandavit
3170 2843 3354 2905 postea
3396 2838 3568 2905 impe-

1972 2920 2123 2967 rator
2153 2922 2212 2967 ut
2254 2913 2598 2973 Chalcedone
2629 2921 2807 2989 potius
2852 2935 3351 2993 congregarentur;
3391 2943 3456 2981 ne
3487 2928 3567 2981 vi-

1972 3002 2173 3058 delicet
2201 3004 2485 3070 rebellium
2530 3021 2833 3065 conventus
2882 3010 3079 3067 Nicaea:
3123 3016 3298 3070 ﬁeret.
3340 3017 3563 3072 Interim

1970 3092 2211 3151 Nestorii
2254 3098 2477 3154 asseclze
2521 3100 2834 3170 imperatori
2876 3086 3296 3173 persuaserunt,
3358 3116 3418 3161 ut
3468 3122 3561 3178 sy-

1974 3188 2114 3243 nodo
2140 3203 2342 3258 praeses
2384 3189 2761 3248 Theodoretus
2790 3195 3184 3265 praeﬁceretur,
3221 3197 3378 3270 cujus
3409 3199 3562 3254 arbi-

1974 3279 2082 3335 trio
2108 3290 2303 3336 cuncta
2338 3282 2716 3339 deliuirentur.

2570 3397 2648 3453 De
2682 3398 2957 3457 Dioscoro.

2042 3507 2388 3576 Apostolicus
2440 3509 2530 3565 hic
2574 3509 2658 3564 vir
2695 3511 2816 3581 (9),
2875 3511 3245 3582 apostolorum
3301 3513 3565 3570 doctrina:

1970 3600 2205 3665 assecla,
2240 3601 2467 3671 ejusque
2510 3601 2831 3670 proﬁtenda:
2876 3603 3042 3657 ritum
3077 3604 3147 3658 ab
3196 3603 3422 3658 infant'tt
3469 3606 3565 3659 do-

1970 3701 2117 3759 ctus,
2139 3692 2272 3746 sede
2299 3707 2401 3746 sua
2433 3692 2712 3759 depositus
2743 3690 2871 3757 fuit,
2896 3702 2950 3747 et
2977 3694 3029 3748 in
3059 3693 3311 3748 exsilium
3347 3694 3561 3762 pulsus,

1972 3782 2100 3853 quia
2147 3797 2396 3853 persona:
2428 3781 2695 3838 unitatem
2736 3783 2789 3837 in
2832 3784 3045 3839 duabus
3081 3785 3291 3839 naturis
3336 3786 3566 3839 adorare

271 3876 513 3931 ctrinam
545 3877 802 3932 hauserat
824 3877 926 3948 (7),
970 3877 1199 3948 ejusque
1238 3880 1583 3949 dogmatibus
1623 3882 1869 3937 adhtere-
1899 3896 1944 3951 Β
1977 3876 2179 3941 renuit,
2213 3883 2375 3944 prout
2421 3890 2451 3927 a
2480 3874 2662 3930 Leone
2697 3882 2753 3929 et
2795 3876 3101 3953 a\concilio
3135 3875 3565 3931 Chalcedonensi

273 3967 375 4023 bat
409 3984 424 4022 :
457 3982 629 4036 quare
671 3976 726 4023 et
759 3968 933 4038 ipsum
978 3984 1046 4024 ex
1097 3982 1302 4025 oaseno
1345 3971 1541 4027 exsilio
1574 3987 1672 4043 per
1698 3972 1866 4029 Joan-

273 4075 406 4116 nem
443 4062 719 4116 tribunum
776 4077 881 4115 una
926 4076 1050 4115 cum
1082 4062 1358 4118 Dormheo
1388 4062 1648 4120 Marciani
1692 4065 1866 4135 ipsius

272 4152 554 4226 populari,
606 4152 842 4210 Nestorii
890 4154 1081 4221 socio,
1146 4166 1499 4211 revocaverat
1541 4158 1639 4229 (8).
1694 4158 1867 4215 Porro

273 4247 454 4303 redux
490 4244 775 4301 Nestorius
823 4254 1068 4300 sanctam
1107 4244 1384 4316 Virginem
1420 4247 1707 4316 Deiparam
1747 4264 1866 4305 cae-

274 4340 361 4409 pit
392 4339 479 4395 his
514 4340 695 4394 verbis
732 4338 964 4393 irridere
994 4356 1008 4393 :
1038 4340 1168 4409 quid
1211 4349 1299 4395 est
1354 4341 1567 4395 Maria?
1602 4342 1867 4398 Adhucne

274 4431 456 4485 Mater
485 4430 579 4485 Dei
629 4431 894 4485 vocatur?
942 4429 1175 4500 Moxque
1222 4433 1271 4487 ei
1318 4447 1480 4501 pmna
1526 4434 1619 4489 Dei
1667 4435 1866 4490 vindex

274 4520 616 4589 supervenit,
666 4519 831 4575 veluti
885 4519 1014 4573 olim
1067 4521 1222 4586 Ario,
1274 4524 1365 4592 qui
1419 4523 1471 4577 in
1521 4525 1616 4579 Dei
1671 4524 1867 4580 Filium

281 4611 633 4680 blasphemus
664 4611 804 4665 fuit:
857 4612 1058 4666 etenim
1099 4611 1347 4679 jumento
1395 4614 1640 4685 dejectus
1686 4616 1873 4673 Nesto-

280 4702 422 4767 rius,
459 4702 682 4757 concisa
724 4700 926 4772 lingua,
971 4711 1136 4771 atque
1184 4716 1281 4757 ore
1324 4704 1604 4760 vermibus
1647 4707 1869 4776 abroso,

281 4794 339 4848 in
379 4794 577 4850 itinere
608 4795 917 4849 exstinctus
961 4803 1234 4861 est;cum
1275 4811 1450 4866 eoque
1498 4799 1661 4854 simul
1703 4801 1874 4856 Doro-

286 4890 447 4943 theus
489 4889 671 4965 socius
717 4884 855 4943 obiit
886 4904 901 4942 :
931 4888 1128 4957 quibus
1172 4890 1395 4954 auditis,
1430 4890 1602 4946 doluit
1644 4892 1875 4961 impera-

288 4988 398 5045 tor,
433 4994 611 5048 neque
638 4979 777 5034 hanc
808 4994 922 5034 rem
948 4980 1069 5035 sine
1107 4981 1420 5050 suspicione
1445 4991 1500 5036 et
1528 4998 1658 5037 cura
1692 4993 1872 5041 trans-

284 5073 460 5129 misit.
488 5072 711 5127 lnterim
740 5072 978 5130 Joannes
1006 5073 1255 5131 tribunus
1281 5075 1495 5133 litteras
1527 5077 1873 5145 imperatoris

283 5164 551 5221 Marciani
588 5165 851 5222 Dioscoro
891 5177 946 5222 et
974 5164 1226 5223 Juvenali
1276 5167 1521 5234 tradidit,
1558 5170 1756 5241 quibus
1803 5175 1872 5228 ad

364 5327 444 5399 (6)
470 5326 583 5383 Has
612 5328 824 5385 nobiles
851 5328 1131 5386 Zachariae
1161 5330 1407 5387 historici
1445 5339 1650 5400 partes,
1682 5332 1877 5389 Graece

285 5393 619 5472 {b‘auctore
640 5415 738 5472 suo
763 5402 1019 5472 scriptas,
1053 5401 1248 5457 deinde
1285 5403 1357 5458 ab.
1397 5393 1670 5472 anonymo
1699 5402 1876 5459 factas

292 5467 575 5541 Syriacas,
606 5469 734 5523 mihi
760 5467 952 5524 Latine
975 5467 1234 5526 seribeiiti
1281 5467 1782 5541 interpretabantur
1809 5490 1876 5530 ex

300 5540 531 5611 §yriaco
564 5540 820 5611 idiomate
844 5542 1084 5611 perdocti
1120 5543 1230 5597 duo
1271 5540 1549 5598 Maronitae
1592 5541 1877 5601 Mattlnrus

296 5605 538 5663 Séiuhan
561 5622 618 5666 et
643 5605 971 5666 Franciscus
992 5612 1266 5668 Mehaseb.
1419 5613 1429 5622 '

366 5680 446 5749 (7)
486 5679 748 5752 Nimirum
779 5680 1120 5752 Eutyclnani,
1155 5698 1385 5752 quorum
1429 5685 1480 5739 in
1516 5700 1742 5741 numero
1775 5685 1877 5740 fuit

290 5746 613 5823 Zacharias,
651 5746 971 5810 orthodokis
1004 5746 1290 5812 catholicis
1337 5753 1749 5814 Nestorianismi
1779 5772 1871 5811 ca-

1975 3964 2259 4019 delinitum
2307 3963 2521 4031 fuerat;
2555 3974 2611 4019 et
2658 3965 2784 4033 quia
2826 3964 3155 4020 Theodoreti
3192 3964 3407 4036 lhteque
3442 3980 3565 4034 par-

1978 4069 2058 4113 tes
2093 4057 2248 4128 sequi
2292 4058 2487 4125 noluit,
2520 4058 2612 4128 qui
2645 4058 2714 4113 ob
2753 4072 2881 4113 suas
2916 4057 3281 4127 hlasphemias
3310 4058 3468 4127 ejecti
3496 4059 3566 4112 ab

1973 4151 2221 4206 Ecclesia
2287 4151 2419 4206 olim
2478 4148 2720 4206 fuerant.
2788 4152 2954 4205 Aiunt
3005 4149 3372 4216 Dioscorum,
3430 4166 3557 4206 cum

1977 4245 2383 4300 Theodoretum
2430 4244 2573 4300 hattd
2606 4259 2705 4313 pro
2769 4260 2921 4299 more
2953 4252 3185 4299 stantem
3224 4244 3320 4299 sed
3367 4244 3577 4299 seden-'

1979 4343 2085 4390 tem
2118 4337 2173 4390 in
2217 4335 2454 4391 concilio
2479 4335 2625 4404 loqui
2659 4335 2917 4402 vidisset;
2950 4336 3105 4390 venia
3154 4337 3341 4405 petita,
3386 4345 3439 4390 et
3468 4350 3567 4391 ceu

1977 4428 2095 4498 ipse
2125 4427 2392 4484 canonice
2432 4428 2499 4483 de
2529 4427 2699 4498 gradu
2729 4428 3055 4483 sacerdotali
3090 4428 3368 4497 depositus
3396 4438 3570 4490 esset,

1980 4521 2239 4574 thronum
2270 4535 2428 4575 suum
2457 4519 2770 4575 deseruisse
2806 4523 3119 4574 dicentem:
3143 4522 3263 4574 Non
3298 4520 3409 4572 sedi
3448 4535 3573 4573 cum

1978 4612 2183 4681 impiis,
2222 4629 2387 4684 neque
2415 4629 2536 4666 cum
2578 4613 2755 4667 stultis
2787 4615 3058 4684 ingressus
3108 4629 3245 4668 sum.
3283 4612 3401 4678 Quo
3433 4612 3567 4676 viso,

1979 4703 2310 4761 Theodoreti
2381 4705 2622 4760 fautores
2695 4706 2876 4775 ipsum
2952 4706 3176 4761 sibimet
3242 4706 3573 4776 dignitatem

1980 4800 2278 4869 abrogasse
2323 4799 2772 4854 exclamaverunt
2811 4819 2826 4854 :
2861 4799 3056 4869 reliqui
3090 4811 3282 4854 contra
3325 4797 3570 4867 episcopi

1983 4891 2429 4947 vociferabantur
2463 4892 2625 4947 ﬁdem
2662 4892 3069 4959 pessumdatum
3114 4892 3202 4956 iri,
3240 4891 3286 4946 si
3319 4889 3572 4945 Theodo-

1989 4993 2139 5039 retus
2172 4982 2530 5040 Nestorianus
2553 4984 2954 5051 admitteretur,
2976 4985 3117 5053 quod
3147 4985 3366 5053 perinde
3400 4991 3568 5048 esset,

1981 5092 2045 5132 ac
2092 5076 2138 5133 si
2187 5090 2289 5131 nos
2320 5091 2535 5147 quoque
2568 5076 2827 5149 Cyrillum
2863 5076 3229 5146 rejiceremus.
3270 5074 3343 5128 Et
3381 5074 3569 5143 paucis

1986 5171 2305 5241 interjectis.
2332 5169 2627 5241 Postquam
2670 5168 2977 5242 symbolum
3024 5170 3091 5223 de
3117 5169 3327 5224 duabus
3353 5168 3567 5223 naturis

1985 5333 2248 5389 lumniam
2279 5333 2625 5402 allingcbant.

2052 5405 2127 5475 (8)
2179 5398 2437 5475 Legebat'
2482 5405 2624 5475 hunc
2688 5402 2982 5475 (Zachariae
3023 5401 3216 5475 locum
3276 5398 3561 5475 Evagrins,

1980 5472 2126 5529 llist.
2162 5476 2290 5528 eccl.
2328 5473 2421 5529 lib.
2462 5489 2522 5537 ll,
2550 5474 2625 5528 2:
2662 5472 2939 5542 Ζαχαρίας
2981 5473 3080 5543 μὲν
3123 5472 3386 5543 ἐμπαθῶς
3414 5474 3440 5525 ὁ
3472 5473 3571 5541 ῥή-

1974 5544 2097 5617 τωρ,
2127 5545 2225 5617 καὶ
2257 5543 2556 5617 Νεστόριογ
2588 5545 2652 5598 ἐκ
2674 5545 2793 5617 Δτῆς
2836 5542 3133 5617 ᾧπερορίας
3175 5544 3569 5614 μετάπεμπτον

1976 5612 2235 5693 cesses!
2269 5612 2590 5693 φηςὶβῖρδς
2626 5612 2890 5693 5.6M?!)-
2948 5612 2959 5615 '
3012 5612 3023 5616 ⁷
3140 5612 3187 5693 .“
3251 5685 3260 5693 .
3345 5612 3406 5693 ,ἡ
3518 5682 3529 5693 .

2051 5684 2128 5755 (9)
2158 5684 2455 5741 Zacharias
2479 5689 2765 5742 haereticus
2792 5688 3107 5742 Dioscurum
3140 5684 3320 5739 laudat
3345 5684 3567 5739 Ittt‘t'cti-

1972 5770 2118 5811 ςυιη.
