4070 6380
536 311 668 377 1151

537 520 767 572 buerunt
790 556 806 581 ,
836 516 1079 569 fraudem
1108 516 1379 584 propriam
1411 515 1583 583 palam
1615 510 1995 565 Thcudoretus
2030 508 2113 561 fa-

536 625 660 664 cere
689 609 875 677 carpit,
915 608 1152 663 irridens
1195 607 1317 661 illos
1351 616 1515 674 atque
1551 606 1924 665 subsannatts;
1955 601 2114 662 llem,

537 702 808 770 inquiens.
834 698 1141 755 Nestoriani
1163 698 1435 767 dogmatis
1457 712 1681 750 suerunt
1707 695 1787 748 eis
1805 693 2114 763 propin-avi,

538 802 863 863 gratumque
915 792 1145 846 reddidi.
1190 792 1460 845 Czeterum
1506 788 1789 842 confessor
1831 788 2120 841 Dioscorus

538 881 753 951 Gangra
789 883 854 935 ad
889 879 1247 937 habitandum
1287 888 1545 932 extrusus
1576 888 1679 930 est.
1709 874 1987 931 iuvenalis
2024 890 2119 928 au-

541 982 672 1037 tem,
707 973 802 1042 qui
847 987 1030 1028 secum
1064 971 1264 1037 fuerat,
1301 970 1458 1024 [idem
1499 969 1737 1038 negavit,
1778 968 2120 1037 postpositis-

537 1080 645 1133 que
678 1063 1155 1133 promissionihus,
1185 1077 1322 1131 quas
1355 1075 1540 1115 coram
1567 1059 1779 1113 civibus
1810 1057 2119 1126 Hierosoly-

539 1155 760 1209 ntitanis
813 1156 1036 1218 fecerat,
1107 1152 1571 1207 Chalcedonensis
1634 1152 1827 1221 synodi
1901 1152 2119 1205 decreta

537 1246 816 1313 amplexus
855 1256 961 1311 est,
998 1246 1073 1299 uti
1102 1245 1363 1313 deinceps
1399 1242 1622 1313 patebit.

1189 1381 1345 1437 CAP.
1388 1379 1449 1434 11.

540 1490 616 1546 De
666 1488 908 1545 Proteria
963 1493 1018 1544 in
1078 1490 1277 1613 IOCIHZ.
1312 1489 1556 1544 Dioscori
1627 1490 1972 1545 Alexandria!
2027 1506 2118 1543 or-

1259 1570 1426 1613 muto.

1259 1570 1426 1615 t'uato.

609 1698 868 1755 Dioscoro
918 1699 970 1753 in
1019 1699 1388 1753 Alexandrina
1428 1696 1556 1753 sede
1596 1696 1875 1752 Proterins
1920 1696 2121 1750 ξιιωοί-

1558 304 1960 367 ΖᾹΕΙΙΛΠΙΕ
2002 300 2433 362 ΜΠΥῙΕΝΕΒ
2474 293 2814 356 EPlSCOPI

535 428 774 497 episcOpi
821 433 1160 493 receperunt,
1205 424 1363 493 eique
1414 437 1702 476 assensum
1763 436 1920 473 suum
1976 436 2116 484 tit-:e—
2149 421 2193 472 Α
2224 415 2350 467 illuc
2385 427 2508 465 cum
2558 408 2819 463 Dioscuro
2864 401 3016 458 socio
3046 411 3390 470 progressus,

3434 393 3525 448 diu
3568 408 3667 462 pro
3711 393 3818 444 title

2227 504 2455 558 certavit
2487 520 2499 553 :
2543 509 2822 570 postremo
2854 506 3056 556 tamen,
3096 490 3417 559 urgentibus
3450 484 3666 554 imperii
3713 496 3814 537 ne-

2226 593 2594 655 cessitatibus,
2642 590 2975 658 imperatore
3008 584 3125 653 ipso
3175 580 3314 634 mire
3348 576 3605 631 adulante
3648 583 3817 642 atque

2229 686 2562 750 blandiente,
2590 684 2790 751 quippe
2817 678 2909 747 ‘lui
2942 673 3212 744 episcopis
3247 685 3411 724 manu
3445 667 3662 737 propria
3705 665 3813 718 mi-

2228 780 2497 833 nistrabat
2531 778 2596 830 ad
2624 787 2889 835 mensam,
2924 770 3139 837 aliaque
3170 765 3366 819 edebat
3396 760 3621 816 demissi
3653 774 3814 814 reve-

2230 870 2509 939 rentisque
2562 863 2727 918 animi
2781 860 3018 922 iudicia;
3082 868 3306 924 accepta
3353 855 3572 908 demum
3627 851 3697 903 ab
3746 865 3814 904 eo

2229 963 2589 1032 promissione
2613 960 2679 1013 de
2728 954 3083 1024 subjiciendis
3127 953 3301 1006 tribus
3331 947 3630 1003 Palaestina.-
3669 944 3812 999 sedi-

2227 1054 2328 1109 bus
2386 1052 2579 1107 honori
2640 1050 2916 1103 cathedra:
2993 1041 3549 1112 llierosolytnitatue;
3612 1037 3814 1090 mentis

2225 1143 2412 1197 oculos
2455 1140 2559 1195 sibi
2597 1136 2891 1199 obstruxit,
2923 1133 3095 1188 solum
3133 1128 3380 1186 destituit
3415 1127 3466 1181 in
3513 1123 3814 1180 certamine

2229 1233 2575 1292 Dioscorum,
2630 1237 2689 1282 et
2733 1223 3174 1281 adversariorum
3223 1220 3276 1273 in
3330 1226 3514 1287 partes
3572 1211 3811 1274 transiit,

2228 1334 2519 1392 spretoque
2564 1320 2657 1374 Dei
2695 1314 3070 1388 jurejurando,
3120 1327 3244 1365 cum
3292 1307 3503 1362 czeteris
3542 1303 3815 1372 episcOpis

2228 1416 2577 1471 subscribere
2604 1425 2797 1481 passus
2827 1417 2933 1463 est.
2962 1406 3041 1460 Re
3068 1402 3283 1473 cognita
3315 1399 3659 1454 Theodosius
3696 1410 3815 1450 mo-

2230 1503 2436 1557 nachus
2476 1500 2706 1571 ejusque
2738 1497 2895 1561 socii,
2929 1495 3020 1565 qui
3052 1503 3173 1547 acta
3206 1491 3398 1562 synodi
3428 1488 3676 1542 studiose
3709 1486 3813 1540 ob-

2229 1591 2540 1653 servabant,
2577 1586 2867 1644 confestim
2903 1587 2958 1638 in
2996 1581 3340 1638 Palasstinam
3390 1577 3594 1632 reversi
3623 1575 3813 1647 prodi-

2232 1694 2341 1738 tant
2388 1682 2547 1736 (idem
2598 1678 2984 1748 Hierosolyma:
3032 1672 3440 1734 nuntiaverunt,
3479 1679 3813 1737 coactosque

540 1801 651 1858 tur,
682 1795 771 1865 qtti
796 1795 1078 1864 presbyter
1116 1808 1240 1848 cum
1270 1806 1335 1848 eo
1368 1791 1564 1846 fuerat.
1602 1790 1700 1845 llic
1737 1791 1972 1860 primum
2000 1789 2119 1858 qui-

2230 1777 2531 1831 monachos
2567 1773 2632 1827 de
2663 1787 2721 1826 re
2750 1780 2864 1824 tota
2892 1768 3160 1823 certiores
3189 1765 3455 1817 fecerunt.

539 1886 660 1939 dem
722 1887 1079 1941 vehementer
1151 1886 1359 1956 synodo
1423 1883 1866 1948 adversabatur;
1938 1898 2124 1934 verum

541 1985 728 2043 postea
758 1985 816 2030 ut
848 1978 1098 2031 tbronttm
1131 1976 1235 2032 sibi
1281 1985 1590 2044 usurparet,
1623 1976 1797 2028 factus
1822 1983 1924 2039 est,
1957 1974 2124 2027 vt-lnti

538 2067 705 2123 .Iudas
739 2068 1011 2137 magistri,
1052 2076 1108 2122 et
1152 2067 1317 2122 veluti
1357 2069 1602 2135 parentis
1649 2066 1911 2130 Ahsalon,
1952 2069 2127 2135 prodi-

536 2168 641 2213 tor.
680 2158 802 2214 Mox
854 2160 1068 2229 rapacis
1117 2161 1222 2215 ritu
1275 2160 1449 2215 leonis
1503 2160 1555 2213 in
1606 2174 1770 2229 grege
1810 2175 1913 2213 suo
1955 2170 2127 2215 semet

534 2251 775 2305 ostendit
810 2264 824 2303 :
856 2251 1057 2305 etenim
1089 2251 1257 2321 coepit
1296 2250 1494 2305 multos
1543 2248 1765 2317 injuriis
1806 2247 2019 2303 allicere
2052 2258 2128 2303 at-

535 2355 642 2409 que
681 2342 1015 2411 opprimere,
1049 2352 1111 2396 ut
1138 2341 1293 2396 inviti
1324 2341 1378 2395 in
1420 2341 1748 2396 sententiam
1779 2356 1930 2394 suant
1961 2341 2125 2403 ircttt,

533 2449 737 2504 eoSque
767 2433 962 2490 exsilio
990 2445 1045 2489 et
1080 2435 1348 2489 bonorum
1390 2432 1794 2504 proscriptione
1859 2430 2127 2485 multabat

538 2540 634 2592 per
671 2524 859 2580 civiles
898 2524 1190 2594 praefectos
1241 2524 1335 2593 qui
1387 2524 1436 2577 ei
1472 2524 1540 2577 de
1588 2525 1845 2577 mandato
1890 2522 2126 2577 Caesaris

537 2616 757 2670 obnoxii
802 2625 980 2671 erant.
1019 2615 1383 2681 Quamobrem
1432 2612 1734 2684 presbyteri
1776 2629 1839 2668 ac
1872 2614 2124 2669 monachi

539 2708 827 2777 populique
859 2723 984 2775 pars
1025 2706 1260 2760 maxima
1315 2705 1633 2774 religionem
1677 2715 1992 2776 corruptam
2043 2722 2126 2761 re-

537 2809 815 2866 putantes,
838 2808 893 2854 et
924 2800 1165 2868 iniquam
1202 2796 1446 2853 Dioscori
1473 2796 1893 2866 dcpositionem,
1930 2797 2125 2853 Prote-

538 2893 712 2961 riique
734 2892 1016 2947 audaciam
1044 2901 1095 2946 et
1125 2890 1552 2961 improbitatem,
1582 2905 1854 2946 consensu
1895 2893 2039 2946 inter
2062 2907 2124 2947 se

535 2983 672 3037 inito
705 2982 774 3038 ab
817 2998 882 3038 eo
937 2993 1317 3049 secesserunt;
1365 2993 1762 3053 coeperuntque
1803 2984 2120 3039 Dioscorum

536 3073 901 3142 proclamare,
933 3072 1158 3142 ejusque
1188 3087 1387 3127 nomen
1437 3083 1696 3141 tanquam
1730 3072 1882 3142 probi
1917 3072 2123 3127 lidelis-

535 3180 640 3233 que
674 3165 766 3219 Dei
806 3166 1112 3220 sacerdotis
1156 3165 1296 3220 libro
1333 3166 1459 3219 vitae
1508 3164 1927 3234 inscripserunt.
1969 3164 2122 3231 Quod

538 3258 756 3328 indigne
782 3257 1073 3312 admodum
1116 3257 1298 3312 ferens
1326 3255 1628 3322 Proterius,
1660 3272 1882 3311 munera
1919 3256 2120 3312 Roma-

539 3350 623 3403 nis
653 3348 870 3414 obtulit,
906 3363 1203 3417 eorumque
1234 3362 1385 3401 arma
1440 3357 1631 3401 contra
1665 3347 1923 3416 populum
1970 3363 2122 3401 cotn-

539 3444 728 3506 movit,
761 3443 1208 3511 interemptorum
1243 3439 1510 3509 sanguine
1551 3454 1744 3493 manus
1772 3455 1901 3494 suas
1927 3457 2124 3496 cruen-

542 3545 663 3589 tans
694 3553 707 3589 :
742 3535 847 3587 vim
886 3534 1030 3588 enim
1062 3533 1335 3603 publicam
1372 3531 1575 3596 intttlit,
1623 3547 1726 3586 nec
1774 3533 1893 3587 sine
1929 3534 2124 3588 multo-

541 3641 658 3678 rum
705 3626 851 3679 ets-de
883 3622 1179 3693 pugnatum
1214 3631 1298 3678 est
1339 3623 1480 3691 apud
1515 3621 1708 3675 altaria
1759 3631 1815 3676 et
1854 3624 2121 3693 baptiste-

541 3716 700 3782 rium,
728 3717 795 3771 ad
825 3731 947 3786 qua:
976 3716 1246 3785 supplices
1269 3714 1631 3784 confugerant
1659 3712 1795 3787 (l0).

1192 3850 1349 3908 CAP.
1390 3849 1481 3905 Ill.

883 3969 956 4025 De
983 3968 1230 4024 Juvenali
1267 3974 1421 4037 atque
1461 3965 1778 4021 Theodosio.

607 4083 789 4148 Paria,
832 4082 943 4136 into
985 4082 1263 4152 graviora,
1299 4079 1506 4135 scelera
1547 4078 1600 4132 in
1645 4077 1934 4132 Palmstiua
1982 4078 2125 4132 acci-

540 4177 756 4245 derunt,
788 4192 1019 4247 quorum
1047 4190 1214 4231 causa
1245 4174 1382 4228 btec.
1419 4171 1539 4237 Quo
1573 4179 1819 4239 tempore
1846 4169 2124 4226 Iuvenalis

524 4271 935 4326 'Chalcedonem
967 4277 1227 4325 evocatus
1265 4274 1370 4328 est.
1399 4278 1522 4319 cum
1568 4278 1599 4319 e
1622 4262 1832 4319 Joanne
1872 4264 2117 4327 tribuno,

542 4363 885 4434 imperatoris
933 4360 1271 4416 voluntatem
1331 4355 1751 4425 Nestoriumque
1814 4355 1884 4409 ab
1932 4354 2125 4410 exsilio

2303 1866 2537 1922 Proinde
2588 1878 2778 1919 omnes
2824 1860 3053 1917 consilio
3099 1859 3231 1911 inito
3282 1852 3526 1910 redeunti
3567 1847 3813 1906 Juvenali

2229 1969 2603 2023 oct‘ttrrcutes,
2654 1957 2719 2011 de
2767 1953 3050 2024 promissis
3087 1950 3245 2005 factis
3291 1958 3347 2001 et
3395 1955 3583 2016 postea
3626 1942 3816 1996 fractis

2231 2056 2647 2115 admonuerunt,
2680 2051 2748 2103 ab
2789 2062 2963 2117 eoque
2994 2056 3053 2101 ut
3106 2044 3193 2099 res
3240 2055 3424 2109 gestas
3464 2040 3817 2094 anathemate

2232 2143 2583 2214 improbaret,
2618 2141 3038 2210 expostularunt
3073 2155 3087 2191 :
3117 2136 3318 2206 quibus
3348 2136 3463 2204 ipse
3492 2132 3642 2187 velut
3672 2130 3817 2183 alter

2231 2234 2436 2289 Pilatus
2493 2236 2566 2288 ait
2613 2233 2815 2299 :Quod
2880 2232 3066 2298 scripsi
3119 2228 3353 2296 scripsi‘
3403 2243 3419 2281 :
3462 2239 3571 2293 quo
3627 2222 3816 2275 audito

2230 2330 2503 2394 monachi,
2538 2344 2600 2384 se
2647 2328 2872 2383 minime
2912 2341 3036 2381 eum
3091 2333 3425 2391 recepturos,
3475 2316 3816 2389 quandoqui-e

2228 2421 2349 2475 dem
2385 2422 2767 2489 jusjurandum
2806 2416 3310 2488 promissionesque
3353 2411 3605 2480 fregisset
3633 2416 3817 2479 prote-

2227 2511 2357 2568 statl
2401 2521 2549 2567 sunt.
2599 2512 2691 2566 Sic
2733 2525 2863 2581 ergo
2894 2511 3009 2578 ipse
3039 2509 3256 2577 quidem
3305 2506 3373 2559 ad
3424 2504 3831 2571 imperatorcnr

2229 2604 2566 2675 regreditur;
2598 2604 2652 2658 lti
2679 2618 2810 2657 vero
2842 2600 3277 2672 Hierosolymam
3316 2595 3522 2652 reversi
3555 2592 3808 2663 p0pulum

2226 2707 2282 2752 et
2334 2711 2557 2750 suarum
2605 2695 2843 2764 partium
2887 2693 3178 2762 episcopos
3231 2694 3678 2743 convocaverunt
3725 2697 3815 2735 ca-

2228 2790 2407 2862 picndi
2439 2789 2654 2844 consilii
2696 2802 2887 2852 causa,
2923 2796 3085 2854 atque
3120 2784 3288 2838 alium
3322 2773 3812 2850 cpiscopumJure—

2229 2882 2334 2936 nali
2364 2880 2801 2936 substitttendum
2827 2879 3190 2933 decreverunt
3214 2895 3228 2928 :
3255 2874 3547 2942 babitaque
3578 2870 3805 2938 primum

2229 2975 2619 3030 deliberatione
2649 2972 2794 3026 circa
2833 2971 2968 3023 duos
3005 2967 3343 3023 verecundos
3373 2962 3672 3017 monachos
3709 2959 3813 3011 llo-

2229 3083 2447 3123 manmn
2498 3076 2666 3133 atque
2718 3062 3078 3125 Marcianum,
3114 3059 3360 3126 aliosque
3400 3054 3577 3109 claros
3613 3052 3818 3104 virtute

2231 3162 2499 3221 homines,
2537 3156 2792 3225 sulfragia
2822 3155 3039 3209 tandem
3068 3152 3134 3207 ad
3167 3149 3531 3206 Theodosium
3563 3146 3815 3201 contule-

2232 3263 2380 3317 runt,
2417 3251 2706 3320 praeditum
2746 3247 2864 3301 zelo
2892 3247 3090 3310 virum,
3125 3249 3181 3299 et
3212 3259 3312 3314 pro
3342 3242 3447 3297 [ide
3479 3240 3687 3312 jamdiu
3715 3239 3813 3291 de-

2225 3355 2549 3400 certantem.
2610 3342 2766 3396 llunc
2819 3340 2985 3409 igitur
3044 3339 3112 3393 ad
3166 3337 3537 3407 episcopatum
3594 3332 3646 3383 vi
3697 3344 3821 3398 pcr-

2229 3446 2533 3497 traxerunt,
2560 3434 2775 3503 rejectis
2802 3429 3054 3503 precibus
3108 3427 3225 3496 ejus
3258 3437 3423 3496 atque
3460 3421 3821 3494 adjurationi-

2229 3528 2349 3593 bus,
2380 3526 2579 3595 quibus
2611 3523 2811 3578 orabat
2855 3530 2916 3577 ttt
2946 3536 3004 3576 se
3038 3520 3348 3575 ministrum
3385 3517 3563 3587 potius
3595 3514 3820 3568 alterius

2227 3615 2459 3685 eligendi
2511 3629 2637 3669 esse
2679 3613 2962 3679 sinerent;
3020 3619 3515 3676 consecratumque
3572 3604 3628 3658 in
3687 3603 3824 3658 sede

2228 3709 2652 3762 collocaverunt.
2683 3704 2795 3760 Hac
2823 3712 3048 3772 accepta
3093 3701 3308 3765 notitia,
3348 3700 3470 3755 aliae
3515 3696 3825 3752 Palaestinae

2228 3801 2390 3854 urbes
2439 3797 2743 3852 olTerebant
2784 3796 2833 3850 ei
2880 3782 3203 3852 candidatos
3254 3793 3321 3846 ad
3364 3786 3659 3846 sacerdmii
3693 3784 3813 3841 θαί-

2232 3892 2383 3945 ciuttt
2436 3889 2859 3952 consecrandos,
2898 3887 3025 3958 quia
3065 3883 3316 3939 videlicet
3364 3879 3599 3935 hominis
3647 3878 3825 3930 virtu-

2230 3996 2335 4040 tem
2365 3984 2721 4055 veritatisque
2758 3981 2937 4037 zelum
2972 3989 3311 4050 compertum
3354 3973 3645 4029 habebant.

2875 4110 3028 4166 CAP.
3074 4109 3161 4165 IV.

2777 4225 2853 4281 De
2884 4224 3046 4280 Petro
3086 4221 3263 4277 Ibero.

2299 4367 2354 4421 ln
2395 4366 2478 4421 his
2506 4364 2627 4420 novi
2660 4364 2904 4435 episcopi
2936 4358 3368 4417 admiratoribus
3400 4356 3596 4412 Petrus
3630 4355 3824 4409 Iberus

542 4464 855 4511 revocalullt
886 4453 1092 4508 Obiissc
1128 4449 1512 4520 008t|0Vi550H
1559 4446 1696 4500 satis
1724 4453 1989 4514 Pl'anerea
2032 4462 2118 4501 εκ·
2159 4463 2203 4518 D
2233 4468 2374 4522 erat,
2410 4468 2521 4512 toto
2566 4458 2698 4511 orbe
2743 4455 2951 4522 clarus,
3002 4455 3088 4509 vir
3127 4452 3482 4516 consiliosus,
3508 4448 3822 4503 Theodosio

542 4547 810 4616 ploratum
857 4545 1063 4599 habens
1092 4555 1255 4610 quam
1303 4539 1476 4608 turpis
1515 4536 1761 4590 doctrina
1805 4537 1859 4591 in
1901 4536 2127 4608 dogma-

544 4641 651 4693 tica
710 4637 937 4708 epistola
988 4635 1401 4697 contineretur,
1456 4630 1655 4701 quippe
1708 4646 1827 4700 qua:
1873 4629 2125 4687 Nestorio

545 4746 769 4802 prorsus
799 4730 1046 4803 favebat;
1075 4725 1244 4788 clero,
1264 4723 1587 4789 monachis,
1618 4723 1922 4795 populoque
1949 4726 2123 4780 advo—

544 4832 686 4885 calo.
723 4820 967 4875 fraudem
1008 4818 1279 4889 ejusmodi
1314 4817 1572 4873 doctrina:
1604 4819 1841 4887 aperuit,
1894 4832 2128 4887 eamque

544 4912 1051 4974 anathematizavit,
1106 4911 1428 4981 animosque
1480 4911 1839 4981 plurimorum
1891 4911 1943 4965 in
1996 4924 2129 4964 vera

546 5004 652 5058 fide
694 5002 930 5058 firmavit
961 5020 975 5056 :
1012 5001 1343 5071 insuperque
1380 5002 1676 5067 mandavit,
1715 5010 1777 5055 ut
1818 5000 1862 5053 si
1899 5000 2130 5068 ipsemet

545 5095 871 5148 sententiam
896 5093 948 5147 in
980 5093 1188 5164 synodo
1211 5093 1502 5162 aliquando
1531 5099 1813 5156 mutasset,
1848 5105 2126 5159 nunquam

546 5201 606 5241 se
645 5186 901 5256 deinceps
931 5186 998 5242 ad
1034 5187 1473 5243 communionem
1507 5184 1883 5240 admitterent.
1917 5182 2131 5254 Reapse

621 5364 639 5395 ¹
667 5362 830 5419 Joan.
864 5378 979 5431 ιιι,
1014 5364 1108 5419 22.

613 5524 726 5595 (11))
766 5523 1046 5594 Evagrius,
1084 5523 1222 5579 "ist.
1251 5521 1378 5577 εδει.
1414 5521 1582 5595 tl,_8:
1616 5519 1709 5595 Τῷ
1741 5521 1988 5595 μέντοιγξ
2013 5521 2121 5595 Ζα-

546 5592 715 5668 χαρίᾳ.
743 5597 810 5649 τὰ
839 5592 966 5668 πέρὶ
995 5595 1199 5668 τούτων
1238 5592 1760 5668 διῃγᾳυμένῳμὸοκεί
1803 5593 2121 5661 πεπρᾶχθαι

550 5663 649 5734 μὲν
678 5663 745 5721 ἑὰ
777 5663 982 5720 τούῖὼν
1013 5667 1205 5726 πλείω,
1256 5664 1316 5726 ἐξ
1349 5663 1528 5734 αἰτίας
1568 5664 1623 5714 6':
1673 5664 1991 5732 ΙΙροτερὶου,
2023 5679 2121 5730 με.-

548 5732 741 5804 δτίσταξ
781 5737 1025 5808 ταραχὰς
1070 5738 1135 5806 τῇ
1180 5732 1526 5802 Ἀλεξάνδρου
1571 5735 1987 5804 ἑμποιὴτλντος·
2027 5735 2128 5785 οὐκ

2235 4548 2362 4604 olim
2398 4546 2560 4600 obses
2586 4544 2770 4609 datus,
2803 4545 2964 4614 eique
3000 4551 3054 4598 et
3099 4541 3314 4612 conjugi
3351 4539 3521 4609 ipsius
3554 4536 3823 4592 charissi-

2236 4655 2357 4694 mus
2391 4647 2610 4708 propter
2659 4646 2834 4691 actam
2871 4645 3017 4692 recte
3054 4636 3262 4701 vitam;
3309 4646 3546 4700 namque
3598 4631 3651 4684 in
3699 4628 3823 4682 aula

2239 4728 2381 4798 regia
2421 4727 2686 4782 educatus
2723 4725 2924 4792 fuerat,
2963 4734 3018 4781 ct
3070 4722 3323 4793 magistri
3368 4721 3615 4791 equitmn
3647 4717 3825 4783 digni-

2238 4832 2404 4876 tatem
2445 4821 2498 4874 in
2533 4820 2758 4889 imperio
2801 4830 3085 4873 assecutus
3127 4823 3269 4870 erat.
3308 4811 3360 4868 ls
3404 4811 3603 4867 deinde
3636 4810 3822 4865 relicta

2234 4912 2378 4976 aula,
2405 4911 2780 4967 Christianam
2822 4906 3221 4979 professionem
3256 4904 3539 4973 amplexus
3577 4909 3658 4954 est
3696 4914 3820 4953 cttm

2238 5002 2379 5057 ﬁdeli
2424 5002 2641 5073 patrino
2670 5014 2791 5065 suo,
2842 5015 2871 5052 a
2904 5013 3012 5068 quo
3045 5000 3111 5052 de
3146 4994 3299 5052 fonte
3348 4990 3580 5063 spiritali
3615 4989 3824 5044 levatus
3874 5000 3881 5010 '

2238 5091 2412 5147 fuerat
2444 5111 2458 5147 :
2494 5092 2657 5147 ambo
2695 5093 2878 5161 itaque
2920 5091 2975 5144 in
3014 5088 3159 5144 viam
3197 5086 3420 5141 virtutis
3451 5082 3609 5137 valde
3632 5093 3823 5152 prove-

2237 5185 2310 5239 cti
2348 5195 2494 5253 sunt,
2533 5184 2605 5239 ita
2645 5195 2705 5239 ut
2742 5181 3008 5238 miracula
3055 5182 3219 5236 etiam
3258 5178 3397 5232 Deus
3431 5172 3822 5230 Constantino-

2228 5523 2296 5577 ὲκ
2315 5521 2408 5577 τοῦ
2430 5521 2492 5592 δή
2502 5538 2603 5592 μοι)
2627 5517 2803 5573 ταῦτα
2826 5512 3218 5592 τξτρλξξῇσθμ,
3235 5511 3351 5567 ἀλλ’
3378 5510 3444 5565 ἑκ
3465 5525 3630 5592 ςεινων
3658 5520 3821 5592 mpet-

2230 5576 2517 5654 τιωτικῶὗξ
2546 5591 2606 5655 ἐξ
2645 5589 2967 5659 Ἰ-ῖπιστολῆς
2988 5576 3256 5658 Τι’μοθὲὀυ
3290 5580 3652 5652 πιςτοῦμξνος
3686 5576 3823 5649 πρὶς

2236 5667 2440 5717 Λέοντι
2472 5660 2873 5731 γεγενημένης.
