4070 6384
324 336 457 400 1153

1385 338 1487 399 EX
1525 338 1890 399 HISTORIA
1934 341 2538 406 Eli-CLESIASTICA.

3444 340 3580 404 1154

319 455 424 523 poli
472 467 568 521 per
595 452 716 507 illos
753 451 1021 517 ediderit;
1067 466 1172 523 qua
1216 466 1282 506 ex
1336 452 1469 506 urbe
1516 451 1802 521 fugientes,
1826 453 1892 505 ad
1924 469 1966 521 Α
2000 469 2116 508 rum
2149 455 2452 511 occisorum
2499 454 2817 524 sanguinem
2866 468 3111 520 cernere,
3160 466 3332 522 coque
3386 453 3577 518 laetari,

321 544 617 599 Palaestina:
649 547 865 598 deserta
898 558 958 597 se
1003 544 1377 606 contulerunt,
1406 542 1495 596 ubi
1537 542 1888 597 monasticam

318 637 482 689 vitam
530 634 772 689 studiose
801 634 1125 697 coluerunt;
1161 641 1474 701 quantoque
1522 632 1694 702 magis
1720 639 1894 686 semet

317 726 500 780 celare
530 726 872 790 nitebantur,
913 733 1063 779 tanto
1090 725 1157 778 de
1187 724 1322 794 ipsis
1341 724 1718 777 vehementior
1748 722 1891 775 fatua

320 815 604 871 crescebat
633 832 649 871 :
677 817 876 872 etenim
915 815 1157 886 prodigia
1198 830 1412 885 quoque
1460 828 1567 868 non
1614 826 1772 868 secus
1807 821 1894 866 at-

313 923 420 977 que
450 908 581 962 olim
608 908 838 980 apostoli
865 917 1243 974 patraverunt.
1274 905 1520 975 Denique
1552 905 1678 959 dum
1713 903 1893 957 varias

317 1000 582 1056 stationes
626 1008 860 1064 mutant,
888 998 1093 1054 Gazam
1137 1006 1303 1067 atque
1334 995 1621 1063 Majumam
1655 994 1892 1049 devene-

317 1099 444 1144 runt
478 1108 493 1146 :
526 1090 726 1159 quibus
765 1091 942 1144 omnis
966 1090 1184 1160 generis
1210 1088 1647 1156 conditionisqne
1674 1086 1776 1140 viri
1811 1094 1894 1139 at-

315 1198 423 1249 que
477 1182 692 1236 femina:
746 1181 959 1237 obviam
1009 1180 1161 1246 facti,
1211 1180 1431 1235 Petrum
1481 1179 1533 1233 vi
1583 1186 1891 1245 correptum

319 1274 750 1344 Hierosolymam
791 1274 859 1329 ad
888 1271 1254 1329 Theodosium
1283 1272 1687 1342 perduxerunt,
1726 1285 1894 1325 oran-

318 1379 400 1422 tes
435 1377 496 1422 ut
545 1382 667 1421 eum
713 1366 816 1422 sibi
857 1366 1169 1434 episcOpum
1204 1367 1376 1420 daret.
1430 1365 1494 1419 Et
1518 1363 1732 1429 Petrus
1775 1361 1893 1430 qni-

313 1462 434 1515 dem
478 1459 660 1513 multis
695 1458 878 1513 causis
923 1460 974 1512 in
1004 1458 1239 1512 medium
1277 1457 1526 1511 adductis
1562 1454 1888 1517 resistebat;

313 1561 689 1606 vermntamen
717 1549 1082 1613 Theodosius,
1114 1549 1201 1603 cui
1236 1548 1561 1603 candidatus
1604 1546 1739 1600 satis
1777 1554 1894 1600 erat

322 1644 594 1711 cognitus,
629 1642 988 1696 reluctantem
1026 1641 1278 1708 imposita
1315 1654 1476 1693 manu
1508 1638 1890 1694 consecravit:

317 1750 408 1803 qut
455 1737 507 1788 in
541 1735 627 1789 his
674 1735 945 1804 angustiis
994 1734 1208 1802 positus
1256 1732 1424 1801 cmpit
1474 1746 1533 1786 se
1582 1731 1891 1786 haereticum

1996 558 2095 599 oro
2122 554 2174 600 te
2210 558 2266 600 ut
2326 548 2398 602 ibi
2432 557 2626 602 memet
2692 548 2980 602 admoveas
3009 555 3278 615 quatenus
3326 558 3576 616 tangam:

1993 650 2158 705 quem
2194 639 2283 692 ubi
2331 639 2439 692 dux
2486 639 2748 702 admovit,
2783 641 2828 694 is
2877 646 3022 694 tacto
3079 636 3343 707 sanguine
3388 653 3581 707 manus

1992 725 2264 792 oblinivit,
2310 726 2571 797 humique
2622 743 2826 797 pronus
2859 727 2992 782 ﬂens
3033 729 3224 782 orabat
3274 737 3334 781 ut
3386 741 3578 782 eorum

1995 813 2255 883 martyrii.
2274 815 2554 884 particeps
2604 818 2776 870 lieret.
2838 818 3078 886 Moxque
3126 832 3354 886 surgens
3392 815 3613 872 oculos.

1992 919 2120 961 Suos
2141 920 2208 961 eo
2246 920 2441 961 cruore
2469 908 2743 977 perunxit,
2785 908 3122 977 sublatisque
3155 909 3206 961 in
3239 910 3434 963 coelum
3464 923 3581 961 ma-

1996 996 2175 1062 nibus,
2212 997 2400 1052 oculos
2431 999 2536 1053 sibi
2564 999 2760 1067 aperiri
2807 998 2976 1052 sensit
3027 1013 3091 1052 ac
3118 997 3272 1061 vidit,
3326 1007 3380 1051 et
3430 996 3577 1051 salu-

1996 1089 2097 1142 tari
2139 1089 2409 1157 baptismo
2461 1089 2691 1144 donatus
2743 1098 2826 1145 est
2873 1110 2885 1145 :
2936 1104 3097 1158 quam
3149 1105 3264 1143 rem
3317 1094 3581 1158 quotquot

1994 1179 2311 1243 audierunt,
2379 1180 2742 1236 admiratione
2804 1180 2933 1235 tacti
2991 1180 3149 1235 [idem
3198 1188 3578 1250 susceperunt.

1992 1272 2259 1327 Cancrum
2320 1272 2698 1327 mandatorum
2762 1275 3034 1343 regiorum
3079 1273 3352 1339 ministri,
3415 1286 3581 1341 quos-

1994 1378 2209 1433 cunque
2240 1363 2394 1419 vivos
2423 1365 2769 1431 dimiserant,
2823 1365 3020 1420 ﬁnibus
3068 1365 3282 1433 imperii
3333 1375 3581 1418 extorres

1998 1454 2270 1511 iecerunt.
2326 1455 2742 1522 Aiunt'autem,
2774 1458 2915 1526 quod
2953 1473 3072 1511 cum
3102 1456 3296 1511 Petrus
3349 1456 3458 1520 ille,
3516 1456 3582 1510 de

1994 1564 2103 1619 quo
2142 1565 2305 1619 supra
2356 1549 2565 1604 dictum
2602 1560 2713 1612 est,
2747 1549 3037 1617 tranquille
3090 1558 3299 1619 ageret,
3360 1547 3580 1602 nemine

1995 1641 2231 1706 scilicet,
2268 1642 2341 1696 ob
2374 1642 2726 1711 imperatoris
2762 1642 3072 1695 mandatum
3102 1650 3154 1695 et
3184 1641 3436 1709 Augusta:
3484 1655 3579 1709 pa-

1996 1732 2310 1795 trocinium,
2342 1732 2393 1787 ei
2436 1731 2740 1787 molestiam
2788 1733 3102 1794 exhibente,
3146 1731 3431 1784 Dominum
3486 1744 3584 1782 no-

317 1828 540 1890 dieere;
573 1840 682 1895 quo
730 1827 917 1880 audito
960 1838 1252 1893 parmnper
1290 1823 1598 1878 subsistens
1642 1819 1895 1875 Theodo-
1925 1807 1966 1861 Β
1996 1834 2167 1878 strum
2209 1838 2303 1892 per
2356 1823 2528 1877 visum
2573 1824 2919 1893 conspexerit
2969 1823 3217 1877 subirato
3268 1821 3414 1875 vultu
3471 1820 3578 1874 sibi

315 1920 429 1971 sius
471 1934 487 1972 :
531 1919 603 1972 De
657 1931 776 1982 me,
842 1916 1044 1985 inquit,
1089 1925 1144 1969 et
1186 1916 1252 1970 de
1298 1924 1350 1969 te
1400 1914 1606 1983 pariter
1660 1911 1894 1967 tribunal

313 2009 514 2064 Christi
544 2006 809 2077 iudicabit
842 2024 856 2061 :
883 2021 994 2075 quo
1018 2006 1226 2071 audito,
1261 2006 1484 2060 verbum
1518 2018 1673 2058 suum
1698 2002 1893 2058 l’etrns

313 2101 593 2162 correxit,
652 2113 820 2166 seque
876 2113 982 2152 non
1036 2099 1351 2153 haereticnm
1392 2097 1489 2150 sed
1545 2106 1889 2165 peccatorem

315 2207 434 2248 esse
466 2193 561 2245 ait.
590 2191 858 2251 Caeterum
890 2188 1249 2254 Theodosius,
1282 2189 1369 2244 cui
1401 2189 1500 2241 viri
1544 2202 1725 2241 mores
1756 2186 1892 2241 Satis

315 2282 516 2353 cogniti
548 2292 726 2349 erant,
773 2280 1115 2336 Gazensibus
1146 2281 1464 2350 episcopum
1510 2294 1632 2332 eum
1666 2279 1892 2332 ordina-

313 2379 411 2430 vit.
437 2376 568 2430 Aliie
605 2376 767 2429 etiam
812 2374 915 2428 viri
954 2373 1115 2439 huius
1149 2375 1200 2426 in
1248 2373 1472 2441 scriptis
1501 2371 1747 2424 feruntur
1781 2369 1896 2423 lau-

313 2468 432 2532 des,
462 2481 596 2538 quas
631 2480 733 2522 nos
768 2464 1058 2521 brevitatis
1102 2478 1265 2520 causa
1298 2462 1783 2534 praetermittimus.

970 2576 1123 2632 CAP.
1165 2575 1230 2631 ν.

729 2690 804 2744 De
836 2689 1117 2743 Theodosii
1146 2689 1473 2758 expulsione.

389 2802 522 2855 Dum
566 2800 682 2855 haec
734 2797 1075 2855 Theodosius
1120 2814 1378 2868 prospere
1424 2808 1658 2866 gereret,
1712 2799 1894 2855 audita

317 2910 499 2948 rerum
556 2892 747 2946 notitia
805 2893 1103 2959 imperator
1166 2889 1519 2955 Marcianus,
1581 2889 1893 2944 Juvenalcm

313 3000 436 3038 cum
466 2981 735 3036 Dorotheo
774 2980 973 3035 comite
1007 2978 1362 3048 exercituque
1393 2979 1561 3043 misit,
1599 2970 1658 3032 ut
1690 2981 1743 3033 in
1775 2979 1896 3031 vin-

314 3072 434 3127 cula
467 3070 826 3124 Theodosium
874 3069 1228 3136 conjicercnt,
1266 3068 1552 3137 episeopos
1596 3069 1664 3123 ab
1701 3084 1764 3122 eo
1793 3083 1894 3121 au-

1995 1915 2303 1969 dicentem;
2367 1914 2598 1983 Ergone,
2665 1914 2845 1979 Petre,
2905 1929 3005 1983 ego
3073 1914 3125 1968 in
3171 1913 3418 1968 lidelibus
3446 1914 3577 1966 meis

2001 2004 2444 2072 persecutionem
2499 2006 2693 2073 patior,
2731 2015 2783 2058 tu
2814 2020 2943 2060 vero
2996 2005 3234 2074 quietem
3294 2004 3581 2081 sequeris?

1993 2093 2093 2150 Cui
2128 2111 2249 2148 mox
2290 2095 2483 2150 Petrus
2534 2096 2733 2165 quietis
2788 2109 2902 2151 suae
2958 2096 3231 2164 pcenitens
3286 2097 3580 2150 obsecutus

1995 2196 2100 2252 est,
2128 2187 2427 2257 relictaque
2458 2186 2628 2252 Gaza,
2670 2202 2791 2241 cum
2830 2187 3044 2258 agmine
3100 2185 3422 2255 patientium
3489 2186 3621 2238 de-~

1996 2280 2272 2350 migravit.

2641 2393 2794 2451 CAP.
2837 2393 2923 2449 VI.

2434 2507 2511 2560 De
2542 2504 2827 2561 Salomone
2861 2506 3141 2560 monac/io.

2068 2619 2361 2690 Postquam
2409 2616 2691 2674 Juvenalis
2730 2620 2975 2675 Romano
3015 2618 3254 2673 exercitu
3297 2618 3479 2674 ﬁdeles
3518 2635 3585 2675 ac

1999 2710 2320 2773 monachos,
2349 2710 2443 2778 qni
2493 2712 2545 2763 in
2584 2708 2735 2777 pagis
2764 2709 3059 2777 degebant,
3085 2720 3403 2776 persecutus
3460 2711 3579 2773 l‘uit,

2000 2794 2432 2865 Hierosolymam
2483 2797 2653 2860 venit,
2705 2797 3001 2863 sedemque
3059 2811 3215 2850 suam
3271 2800 3582 2867 occupavit,

2000 2886 2396 2953 promissorum
2435 2901 2680 2948 suorum,
2757 2888 2985 2940 caedium
3056 2895 3413 2954 patratarum,
3461 2904 3581 2958 per-

1997 2973 2402 3044 jnriorumque,
2469 2990 2590 3043 qua:
2650 2976 2963 3042 ingressum
3016 2976 3134 3045 ejus
3159 2978 3413 3033 comitata
3470 2980 3584 3035 lue-

2001 3075 2151 3128 rant.
2187 3080 2413 3134 prorsus
2467 3066 2689 3120 oblitus.
2766 3065 2918 3119 Tunc
2977 3068 3197 3135 quidam
3255 3070 3581 3136 monachus,

311 3162 568 3217 etoritate
599 3161 813 3229 prepria
867 3159 1150 3213 ordinatos
1189 3160 1409 3211 sedibus
1440 3157 1723 3226 pellerent,
1773 3174 1894 3214 mo-
1922 3141 1965 3199 C
2001 3157 2221 3211 nomine
2238 3156 2517 3219 Salomon,
2551 3157 2893 3211 verecundiae
2923 3167 3079 3228 typus
3098 3160 3444 3225 venerabilis,
3467 3164 3586 3216 zelo

313 3253 519 3306 nachos
551 3251 912 3321 pollutamque
941 3251 1196 3318 punirent
1240 3259 1405 3317 atque
1453 3260 1730 3313 vexarent,
1770 3263 1886 3317 pro-

316 3355 504 3411 pterea
580 3343 720 3411 quod
808 3339 1176 3395 Theodosium
1247 3350 1452 3394 temere
1512 3349 1566 3395 et
1635 3341 1893 3396 audacter

312 3438 632 3506 episcopum
692 3434 1083 3501 Hierosolyma:
1142 3431 1442 3500 fecissent;
1495 3448 1606 3489 uno
1666 3444 1893 3502 excepto

312 3528 479 3584 Petro
509 3530 685 3592 Ibero,
717 3543 813 3597 pro
846 3542 951 3596 quo
979 3526 1219 3595 Augusta
1252 3526 1659 3591 intercesserat,
1690 3525 1819 3581 licet
1848 3527 1894 3581 is

313 3637 444 3676 cum
484 3621 845 3674 universitate
875 3619 1254 3687 episcoporum
1286 3618 1692 3673 communicare
1730 3634 1895 3687 nega-

316 3724 422 3767 ret.
496 3713 806 3767 Advenieus
875 3711 1039 3780 igitur
1084 3707 1364 3763 Iuvenalis
1434 3710 1631 3764 multos
1690 3710 1894 3765 invenit

319 3806 506 3859 animo
552 3804 781 3872 simplici
837 3801 1153 3866 monachos,
1197 3814 1325 3854 vera
1366 3802 1737 3856 tantummodo
1790 3803 1895 3859 lide

316 3898 587 3968 rectisque
618 3896 873 3965 operibus
922 3904 1162 3947 arnmtos
1192 3909 1206 3946 :
1237 3892 1435 3960 quibus
1480 3892 1634 3947 initio
1672 3895 1893 3962 quidem

317 3991 603 4045 blandiens
630 3998 686 4042 ut
712 4003 896 4042 secum
940 3988 1409 4044 cauimunicarent
1435 3988 1663 4054 orabat;
1701 4001 1892 4040 verum

314 4083 375 4136 bi
408 4082 549 4137 dicta
573 4083 692 4152 ejus
714 4097 938 4151 prorsus
969 4082 1378 4143 aversabantur,
1410 4080 1509 4133 nisi
1544 4081 1658 4148 ipse
1683 4093 1745 4132 ea
1775 4093 1895 4146 quae

313 4174 587 4229 violenter
627 4175 767 4244 apud
809 4172 1210 4228 Chalcedonem
1261 4184 1382 4226 acta
1419 4172 1634 4226 fuerant
1667 4171 1893 4225 anathe-

314 4268 661 4321 matizaret:
727 4267 928 4336 quibus
981 4280 1103 4319 cum
1163 4264 1506 4334 imperatoris
1565 4262 1893 4317 voluntatem

312 4368 635 4428 opponeret,
661 4358 1013 4413 nihilominus
1037 4357 1090 4412 hi
1118 4358 1463 4411 recusabant.
1495 4354 1647 4411 Tunc
1679 4357 1894 4409 denmm

317 4452 575 4506 mandato
636 4452 753 4518 ejus
808 4451 1043 4505 Romani
1105 4464 1169 4503 ac
1231 4449 1561 4503 Samaritani
1612 4460 1895 4518 cceperunt

316 4544 618 4602 monachos
650 4541 887 4596 luStibus
925 4540 1136 4595 cmdcre
1180 4550 1346 4608 atque
1377 4553 1607 4595 enecare
1632 4540 1724 4609 qui
1761 4556 1892 4594 can-

318 4647 497 4690 tantes
528 4634 748 4689 aicbant
783 4651 797 4688 :
827 4631 990 4697 Deus,
1017 4640 1264 4686 venerunt
1292 4642 1466 4700 gentes
1503 4631 1558 4685 in
1600 4630 1892 4685 [neredita-

315 4739 420 4782 tem
481 4737 661 4791 tuam,
713 4724 1010 4794 polluerunt
1061 4722 1308 4789 templum
1357 4732 1542 4785 tuum,
1601 4731 1891 4788 posuerunt

312 4814 616 4869 Jerusalem
654 4814 949 4868 desolatam
974 4813 1015 4865 ¹.
1048 4809 1194 4866 Sane
1231 4813 1475 4865 nonnulli
1525 4811 1894 4868 Romanorum

315 4906 696 4961 misericordia
763 4906 890 4960 tacti
934 4904 1167 4971 ﬂebant;
1232 4902 1322 4956 alii
1383 4911 1562 4956 tamen
1605 4902 1893 4972 conjuncta

314 5014 484 5067 opera
539 5012 663 5052 cum
708 4995 1071 5051 Samaritanis
1119 4995 1417 5063 permultos
1470 4994 1769 5048 monachos
1815 4993 1898 5046 in-

317 5090 679 5152 tet-fecerunt,
720 5089 794 5142 ita
851 5098 913 5142 ut
946 5088 1141 5141 horum
1187 5084 1452 5154 sanguine
1502 5092 1647 5138 terra
1696 5084 1896 5161 redun-

315 5182 494 5234 daret.

390 5273 616 5339 Quidam
644 5283 824 5328 autem
856 5271 1236 5329 Samaritanus
1260 5285 1437 5326 caecus
1493 5271 1683 5326 ducem
1735 5286 1891 5328 suum

316 5364 512 5421 fefellit
536 5366 761 5422 dicens:
792 5365 1058 5433 Quoniam
1103 5365 1276 5422 oculis
1310 5379 1521 5434 nequeo
1550 5363 1891 5421 Christiano-

391 5521 414 5552 ¹
450 5519 600 5576 Psal.
638 5535 864 5576 Lxxvnt.
900 5521 952 5575 1.

384 5653 496 5726 (ll)
527 5655 663 5711 llinc
703 5657 868 5712 etiam
902 5656 1118 5711 Samuel
1158 5656 1443 5711 Armenius
1491 5670 1519 5708 a
1562 5671 1646 5709 me
1686 5657 1886 5720 editus,

319 5724 387 5778 de
417 5724 568 5796 cujus
600 5729 1035 5798 monOphysismo
1076 5728 1182 5798 jam
1232 5743 1335 5781 non
1366 5727 1585 5799 dubito,
1622 5727 1810 5783 scribit
1846 5731 1898 5782 in

2000 3256 2327 3313 commotus,
2357 3247 2798 3302 benedictionem
2841 3248 2909 3301 ab
2947 3250 3359 3318 archiepiscopo
3389 3262 3580 3318 postn-

2000 3337 2113 3395 lare
2142 3352 2202 3392 se
2227 3338 2538 3404 simulavit;
2563 3350 2911 3409 sportamque
2933 3342 3117 3396 cinere
3146 3357 3209 3396 ac
3233 3343 3452 3411 pulvere
3478 3345 3586 3414 ple-
3652 3336 3657 3341 ’

2000 3446 2123 3484 nam
2151 3429 2374 3485 brachio
2390 3443 2632 3499 gestans,
2655 3428 2900 3484 Juvenali
2925 3433 3402 3501 appropinquavit,
3424 3452 3583 3505 quem

2002 3523 2093 3576 hic
2110 3523 2458 3590 conspicatus
2485 3521 2550 3573 ad
2583 3536 2641 3575 se
2666 3522 2928 3576 accedere
2959 3522 3155 3589 jussit:
3194 3527 3277 3579 cui
3303 3526 3582 3583 Salomon:

2000 3614 2432 3682 Adsum.inquit,
2463 3612 2715 3679 Domine,
2751 3625 2809 3666 ut
2852 3630 2879 3666 a
2915 3621 2969 3668 te
3008 3616 3341 3680 benedicar;
3383 3620 3585 3673 liorua-

2003 3705 2199 3774 nisque
2254 3717 2538 3757 accessum
2572 3704 2639 3757 ad
2686 3712 2974 3773 personam
3006 3708 3450 3772 concedentibus,
3499 3711 3586 3764 ille

2000 3805 2245 3866 sportam
2276 3795 2500 3864 pulvere
2528 3806 2782 3849 onustam
2838 3799 2891 3849 in
2949 3808 3112 3865 Caput
3154 3796 3428 3853 Juvenalis
3454 3801 3587 3854 elin-

2002 3890 2101 3953 dit,
2134 3887 2217 3942 bis
2246 3886 2428 3941 verbis
2458 3899 2648 3956 utens:
2711 3887 2924 3942 Pudore
2952 3899 3000 3942 et
3026 3890 3323 3959 ignominia
3347 3893 3585 3960 sti/fusus

2001 3989 2080 4033 eat
2122 3980 2347 4051 mendax
2380 3986 2429 4031 et
2461 3989 2769 4047 persecutor
2790 3995 2809 4033 :
2857 3995 3018 4049 quem
3045 3997 3168 4035 cum
3208 3980 3437 4037 Romani
3466 3999 3587 4037 vcr-

2005 4070 2245 4125 beraturi
2278 4080 2481 4134 essent,
2526 4086 2630 4125 non
2659 4072 2786 4126 sivit
2814 4070 3121 4140 Juvenalis;
3156 4088 3333 4144 neque
3375 4090 3585 4131 excan-
3666 4102 3669 4103 ν

2003 4161 2142 4225 duit,
2171 4162 2357 4216 sedeo
2392 4160 2545 4217 facto.
2580 4163 2875 4227 attonitus,
2935 4166 3212 4232 pulverem
3273 4167 3453 4237 capite
3485 4184 3585 4222 ex-

2004 4254 2199 4307 cussit.
2292 4253 2512 4307 Interim
2541 4255 2865 4308 monachum
2887 4257 3223 4323 apparitores
3253 4267 3588 4328 econspectu

2002 4341 2287 4397 iuvenalis
2320 4353 2690 4409 removerunt,
2745 4358 2908 4412 quem
2970 4345 3013 4397 is
3049 4344 3579 4400 viaticovattributo

2006 4435 2288 4489 discedere
2329 4434 2530 4504 jussit;
2588 4437 2687 4489 sed
2750 4434 2897 4489 enim
2952 4435 3249 4491 monachus
3304 4437 3590 4508 repudiata

1999 4524 2233 4595 pecunia
2262 4526 2419 4580 abiit.

2641 4637 2793 4694 CAP.
2832 4637 2950 4693 Vll.

2118 4732 2192 4787 De
2220 4730 2447 4787 Zenonis
2476 4732 2619 4787 obitu
2650 4743 2695 4787 et
2726 4734 2790 4786 de
2812 4732 3085 4787 Anastasii
3128 4732 3465 4787 exultatione.

2079 4823 2304 4879 Exactis
2327 4823 2476 4880 Zeno
2501 4824 2554 4889 in
2584 4824 2813 4892 imperio
2840 4826 2998 4880 annis
3037 4824 3133 4888 i7,
3162 4825 3323 4878 sicuti
3376 4825 3429 4877 in
3472 4824 3595 4878 libri

2002 4916 2148 4971 sexti
2177 4915 2430 4982 capitulis
2482 4914 2683 4969 dictum
2735 4914 2859 4980 fuit,
2919 4917 3057 4971 obiit
3099 4915 3405 4985 Olympiade
3464 4916 3591 4980 517,

2008 5017 2160 5058 anno
2216 5002 2538 5058 Graecorum
2595 5003 2700 5059 802
2762 5006 3058 5061 indictione
3111 5006 3198 5070 14,
3249 5005 3602 5060 hebdomade:

2018 5095 2255 5165 majoris
2289 5095 2423 5150 feria
2468 5105 2686 5165 quarta.
2747 5095 2886 5151 Huic
2938 5097 3213 5155 successit.
3256 5096 3600 5160 Anastasius,

2010 5185 2101 5246 qui
2121 5186 2341 5241 decurio
2368 5186 2699 5241 silentiarius
2723 5186 2920 5254 fuerat,
2941 5188 3075 5242 urbe
3102 5186 3402 5257 Dyrrachio
3426 5195 3601 5249 ortus,

2006 5277 2263 5346 Specioso
2299 5283 2752 5347 corpore,animo
2779 5280 3153 5349 integerrimo,
3183 5279 3440 5348 ﬁdelique
3469 5279 3604 5347 dogs

2002 5377 2154 5423 male
2185 5369 2443 5438 praeditus
2481 5371 2561 5425 vir
2591 5368 2705 5440 (it)
2730 5388 2743 5424 :
2769 5368 2863 5440 qui
2894 5370 3036 5440 apud
3085 5369 3381 5425 Ariadnem
3428 5383 3602 5438 augu-

2001 5660 2320 5716 Chronico:
2354 5659 2495 5716 Zeno
2531 5672 2579 5717 et
2615 5663 2931 5718 Anastasius
2972 5659 3262 5733 orthodoxi
3309 5658 3590 5714 habentur.

2886 5886 2895 5911 \
