4070 6382
514 305 645 372 l‘..'-5

1536 308 1940 369 ZACIIARI/E
1984 309 2419 371 MITYLENES
2456 308 2800 371 EPISCOPI

3648 311 3784 379 1156

501 433 642 476 stam
673 419 942 489 stipendia
979 418 1211 483 faciens,
1240 418 1416 488 gratia
1454 418 1576 487 ejus
1625 418 1883 489 pollebat,
1916 420 2091 476 donec
2120 426 2166 482 Α
2199 434 2410 491 magns,
2435 421 2591 488 cujus
2638 420 2821 475 Hunni
2870 418 3100 475 consilio
3148 419 3463 475 utebantur.
3524 420 3782 478 Vicissim

498 513 568 568 ad
609 513 898 582 imperium
939 510 1214 566 voluntate
1237 509 1479 578 ejusdem
1516 520 1827 581 assumptus
1854 522 1957 567 est.

1116 619 1274 677 CAP.
1325 621 1459 676 Vlll.

499 736 574 790 De
601 735 793 790 uisione
815 734 1041 788 Joannis
1078 735 1382 789 scholastici
1410 733 1730 801 Amidensis,
1767 734 1966 790 Donati
1990 752 2082 789 cu-

662 807 882 875 jusdam
909 806 1116 874 fratris,
1146 807 1290 858 circa
1323 806 1598 860 Anastasii
1622 807 1924 873 imperium.

569 941 762 996 Paucis
818 949 1110 1008 antequam
1140 940 1465 995 Anastasius
1487 954 1782 1009 purpuram
1840 949 2085 995 sumeret

497 1034 716 1094 diebus,
746 1028 984 1083 Joannes
1014 1029 1260 1097 quidam,
1307 1040 1671 1097 cognomento
1697 1027 2083 1092 scholasticus,

502 1125 695 1178 Donati
736 1124 924 1186 frater,
962 1119 1297 1185 Amideusis,
1329 1121 1414 1176 vir
1450 1120 1655 1174 illibata
1688 1120 1925 1189 justitia,
1986 1119 2081 1174 Dei

501 1230 780 1280 reverens,
805 1214 937 1268 vitio
977 1213 1123 1267 omni
1159 1213 1390 1277 alienus,
1434 1222 1487 1265 ct
1520 1212 1572 1266 in
1627 1227 1726 1265 suo
1767 1212 2082 1265 seholastici

499 1305 753 1361 Ecclesia:
803 1299 980 1356 oilicio
1009 1310 1204 1370 sponte
1229 1315 1293 1355 ac
1320 1301 1491 1355 libere
1536 1315 1919 1369 perseverans,
1955 1315 2079 1353 cum

493 1397 564 1449 ob
591 1394 780 1465 patria:
807 1407 920 1447 sua:
972 1392 1190 1460 negotia
1225 1390 1701 1459 Constantinopoli
1747 1400 2080 1457 versaretur,

496 1488 580 1542 bis
625 1501 720 1555 per
755 1485 931 1539 visum
958 1485 1220 1555 cognovit
1252 1484 1367 1538 fore
1399 1493 1459 1538 ut
1488 1484 1810 1538 Anastasius
1840 1482 2083 1537 silentia-

497 1579 611 1633 rius
645 1585 927 1648 regnaret:
986 1592 1150 1645 quem
1201 1577 1266 1629 ad
1320 1590 1380 1631 se
1418 1586 1672 1631 vocatum
1707 1575 1781 1629 ita
1815 1575 2082 1631 allocutus

491 1680 619 1726 est:
677 1668 752 1724 Te
801 1669 1130 1738 quantocius
1181 1678 1532 1737 regnaturum
1589 1667 1886 1721 vaticinor:
1947 1680 2079 1721 cura

495 1764 663 1833 igitur
688 1771 751 1816 ut
781 1776 878 1830 pro
927 1769 1017 1815 tua
1050 1759 1356 1815 excellente
1393 1760 1555 1814 animi
1628 1761 1826 1812 virtute
1880 1768 2084 1813 saneta:
2116 1776 2156 1830 Β

497 1856 588 1910 Dei
616 1854 875 1909 voluntati
900 1854 1253 1923 acquiescas:
1279 1853 1563 1923 pacificum
1596 1863 1668 1918 te,
1701 1852 2075 1922 tranquillum,

495 1944 1023 2009 huinilem,cunctis
1069 1942 1289 1998 dotibus
1350 1953 1677 1997 exornatum
1738 1943 1964 2009 exhibe,
2024 1951 2080 1998 et

490 2050 621 2103 erga
652 2048 844 2088 omnes
879 2034 1066 2088 mitem
1097 2041 1155 2088 et
1184 2047 1419 2098 comem,
1448 2040 1502 2086 et
1538 2036 1613 2085 tul
1650 2034 1866 2102 generis
1898 2033 2079 2088 omni-

491 2127 592 2182 bus
618 2126 759 2182 fave.
795 2125 981 2195 Neque
1016 2126 1129 2179 haec
1166 2122 1277 2187 aio,
1309 2122 1438 2191 quia
1476 2122 1549 2175 tui
1580 2122 1681 2176 sim
1709 2122 1951 2193 indigus,
1996 2122 2080 2176 vel

491 2228 549 2272 ut
579 2219 676 2274 tibi
714 2217 985 2272 blandiar.
1031 2211 1152 2269 Jam
1180 2229 1310 2269 vero
1343 2213 1473 2283 quia
1524 2214 1611 2269 hic
1665 2211 1903 2269 Joannes
1948 2215 2081 2268 satis

487 2320 607 2365 erat
634 2308 838 2373 clarus,
869 2307 1168 2376 multisque
1194 2306 1263 2360 ob
1297 2314 1433 2359 acta:
1467 2305 1591 2359 vita:
1644 2305 1909 2360 rationem
1943 2306 2082 2362 bene

486 2404 759 2474 eogoitus,
797 2402 967 2456 iidem
986 2401 1034 2455 ei
1066 2399 1397 2455 Anastasius
1429 2399 1550 2455 sine
1592 2400 1931 2456 dubitatione
1980 2403 2079 2456 ad-

490 2498 686 2561 hibuit,
712 2503 874 2564 atque
901 2493 1042 2564 apud
1075 2508 1201 2547 eum
1228 2492 1281 2546 in
1316 2491 1572 2547 Ecclesia:
1599 2493 1801 2563 vigiliis
1845 2502 1965 2548 erat
1992 2509 2081 2549 as-

485 2588 699 2643 siduus.
757 2586 998 2655 Contigit
1064 2593 1251 2639 autem
1311 2594 1368 2637 ut
1401 2584 1468 2638 ad
1534 2584 1745 2654 regium
1793 2583 2077 2655 fastigium

486 2689 711 2735 evectus
739 2680 970 2749 gratiam
1020 2677 1326 2746 rependere
1377 2677 1554 2732 amico
1599 2692 1702 2733 suo
1751 2678 2081 2736 Anastasius

487 2780 785 2839 satageret,
820 2770 886 2825 iis
926 2769 1183 2825 videlicet
1233 2769 1419 2832 rebus,
1480 2784 1621 2839 quas
1676 2770 1932 2825 mortales
1983 2784 2077 2839 po-

485 2864 757 2919 rissimum
784 2871 1039 2931 appetere
1061 2859 1269 2927 solent;
1305 2862 1400 2915 sed
1448 2861 1594 2914 enim
1650 2856 1892 2916 Joannes
1941 2860 2079 2915 nihil

482 2954 710 3009 omnino
743 2956 812 3008 ab
837 2954 1084 3024 Augusto
1110 2953 1361 3022 accipere
1394 2966 1588 3021 passus
1615 2961 1737 3018 est;
1780 2952 1893 3007 cito
1922 2951 2079 3007 insu-

485 3062 583 3116 per
613 3062 679 3100 ex
714 3045 849 3100 urbe
874 3046 1021 3113 regia
1057 3045 1109 3097 in
1142 3044 1381 3114 patriam
1431 3059 1584 3098 suam
1638 3043 1931 3110 discessit;
1977 3044 2080 3098 hoc

487 3154 595 3192 uno
619 3147 930 3199 contentus,
963 3137 1107 3205 quod
1160 3135 1228 3189 ab
1274 3136 1565 3191 Anastasio
1610 3134 1980 3205 impetrasset,
2019 3144 2078 3189 ut
2104 3135 2146 3193 ο

485 3245 571 3295 ea,
598 3245 720 3297 qua:
750 3227 898 3283 Zeno
929 3241 1027 3298 pro
1087 3227 1417 3284 Christianis
1464 3226 1852 3295 constituerat,
1921 3226 2077 3281 ﬁrma

488 3328 789 3374 niauereut.

1135 3432 1290 3489 CAP.
1325 3432 1420 3488 1X.

826 3544 902 3601 De
935 3546 1123 3600 Amida
1155 3563 1188 3600 a
1211 3545 1392 3599 Persis
1417 3556 1743 3616 expugnata.

556 3703 844 3776 Reguante
867 3702 1009 3773 apud
1061 3703 1258 3759 Persas
1314 3700 1585 3767 Pheroze,
1617 3720 1762 3760 anno
1796 3705 2074 3761 Anastasii

488 3797 630 3862 Xlll,
669 3796 988 3859 Hunni,viis
1036 3796 1283 3865 loeisque
1347 3798 1659 3863 montanis,
1701 3814 1840 3869 quos
1894 3798 2080 3855 Persa:

482 3890 906 3956 custodiebant,
948 3887 1247 3958 superatis,
1269 3886 1324 3942 in
1365 3887 1643 3944 Persidem
1692 3890 2075 3947 incurrerunt:

486 3995 714 4049 quorum
748 3988 959 4035 terrore
984 3977 1265 4035 Pherozes
1306 3987 1498 4036 coacto
1554 3983 1805 4037 exercitu
1859 3982 2076 4039 obviam

482 4074 590 4129 illis
614 4089 676 4129 se
702 4073 923 4139 obtulit,
956 4082 1016 4126 ut
1048 4085 1272 4128 causam
1334 4083 1517 4129 motus
1544 4090 1753 4131 teorum
1794 4085 1957 4147 atque
1989 4078 2078 4132 in-

483 4166 760 4221 cursionis
789 4165 844 4219 in
888 4165 1168 4221 Persidem
1193 4168 1539 4237 exploraret:
1569 4169 1654 4224 cui
1676 4171 2080 4240 responderunt

485 4258 584 4321 illi,
620 4257 763 4313 haud
812 4256 917 4312 sibi
956 4271 1019 4313 ea
1057 4259 1330 4328 stipendia
1360 4259 1612 4315 subicere
1634 4275 1755 4329 qua:
1810 4273 2076 4331 tanquam

484 4348 745 4403 Barbaris
779 4349 956 4403 Persa:
989 4350 1334 4418 pendebant:
1374 4349 1481 4405 Nos
1508 4350 1681 4416 enim,
1706 4351 1947 4421 aiebant,
1976 4354 2077 4409 sub

2190 527 2286 581 pro
2320 512 2454 567 essit
2484 527 2609 565 cum
2639 512 3058 582 quadringentis
3086 512 3218 566 viris
3248 510 3543 577 Pherozes,
3592 515 3783 569 simul—

2188 617 2294 674 que
2330 619 2525 659 omnes
2587 619 2895 660 conscenso
2947 614 3153 669 monte,
3198 604 3375 661 fmilus
3426 606 3691 673 inierunt,
3723 618 3783 662 et

2188 697 2589 751 communicato
2617 698 2889 763 convivio,
2935 706 3177 752 mutuam
3221 698 3451 753 sublatis
3495 699 3550 753 in
3580 699 3779 754 caelum

2188 789 2443 843 manibus
2482 788 2641 844 fidem
2687 789 2964 857 iurarunt.
3041 789 3206 856 Exin,
3240 790 3651 847 discedentibus
3707 793 3776 847 ad

2192 894 2348 933 suam
2380 880 2657 950 regionem
2688 879 2917 945 llunnis,
2961 891 3160 951 praeter
3210 881 3420 949 aliquot
3466 881 3655 949 duces,
3687 884 3778 951 qui

2186 987 2310 1025 cum
2343 971 2755 1042 quadringentis
2781 972 2885 1030 illis
2910 973 3164 1043 exigendi
3195 974 3457 1045 stipendii
3493 989 3657 1030 causa
3690 989 3775 1031 re—

2188 1074 2538 1132 manserant;
2585 1064 2861 1121 Pherozes
2892 1076 3018 1136 post
3047 1068 3235 1122 decem
3268 1069 3483 1123 dierum
3539 1069 3781 1122 curricu-

2188 1158 2296 1210 lum
2327 1157 2489 1212 fidem
2524 1157 2705 1228 fregit,
2739 1158 3055 1229 bellumque
3087 1160 3351 1215 adversus
3403 1160 3628 1216 llunnos
3691 1161 3780 1215 in-

2187 1249 2418 1303 struxit:
2447 1250 2538 1319 qui
2566 1265 2699 1306 sane
2733 1265 2856 1306 cum
2909 1252 3016 1307 illis
3062 1253 3504 1324 quadringentis,
3552 1254 3779 1324 suisque

2187 1342 2436 1406 ducibus,
2464 1344 2657 1413 pedem
2712 1342 2826 1412 jam
2887 1346 3232 1413 referebant;
3295 1346 3401 1400 nisi
3458 1345 3778 1401 Eustathius

2120 1456 2129 1459 -
2188 1432 2505 1488 Hunnorum
2540 1438 2752 1490 animos
2780 1436 3163 1502 iustaurasset,
3200 1438 3496 1507 quominus
3523 1439 3625 1492 etsi
3674 1438 3779 1491 mi-

2185 1540 2319 1581 nore
2363 1541 2591 1582 numero
2625 1529 3082 1585 extimescerent:
3126 1531 3345 1585 interim
3382 1545 3535 1595 vero,
3583 1530 3776 1585 eodem

2185 1618 2449 1673 suadente
2480 1618 2806 1685 Eustatbio,
2841 1621 2966 1676 thus
2992 1631 3049 1676 et
3071 1638 3311 1677 muscum
3337 1624 3388 1675 iu
3420 1638 3530 1693 quo
3565 1623 3682 1677 loco
3696 1627 3779 1693 ju-

2186 1717 2359 1762 ratum
2386 1708 2584 1777 fuerat,
2620 1710 2732 1767 Deo
2757 1713 3139 1779 incenderunt,
3168 1723 3225 1768 ut
3249 1715 3500 1785 perjuros
3547 1716 3776 1772 uleisce-

2187 1809 2355 1855 retur.
2415 1800 2624 1857 Deinde
2653 1801 2952 1859 Pherozem
2985 1804 3124 1861 bello
3175 1808 3419 1877 aggressi
3479 1823 3604 1863 cum
3657 1808 3776 1876 ejus

2182 1892 2437 1947 universo
2463 1896 2703 1949 exercitu
2736 1896 3025 1951 occidione
3045 1898 3391 1965 occiderunt,
3417 1910 3471 1953 et
3495 1899 3774 1955 Persidem

2181 1982 2512 2052 depopulati,
2538 1985 2591 2039 in
2627 2000 2755 2041 suas
2783 1996 2959 2042 terras
2989 2002 3110 2043 sese
3162 2000 3510 2061 receperunt.
3599 1991 3774 2045 Porro

2181 2073 2439 2131 Pherozis
2473 2077 2710 2132 cadaver
2735 2078 2921 2149 (quem
2951 2079 3005 2133 in
3037 2081 3258 2151 regione
3280 2097 3376 2137 sua
3405 2093 3775 2154 cognomento

2183 2166 2499 2224 mendacem
2536 2170 2908 2240 appellabant)
2944 2171 3209 2241 nusquam
3240 2175 3517 2243 apparuit.

2252 2257 2354 2325 Qui
2384 2270 2565 2315 autem
2616 2264 2744 2319 huic
2807 2267 3074 2320 successit
3123 2266 3178 2320 in
3254 2266 3486 2335 imperio
3530 2267 3777 2323 Cavades

2181 2348 2409 2420 ejusque
2439 2366 2691 2420 proceres
2718 2352 2947 2409 infensis
2972 2355 3232 2411 adversus
3261 2354 3537 2411 Romanos
3582 2358 3776 2413 animis

2181 2452 2360 2509 erant,
2393 2458 2599 2513 eosque
2625 2443 2955 2501 incusabant
2984 2448 3052 2502 de
3102 2446 3425 2503 Hunnorum
3471 2449 3695 2504 incursu
3720 2458 3776 2504 et

2182 2534 2248 2586 de
2276 2534 2467 2603 patriae
2490 2549 2605 2590 suae
2654 2538 2917 2594 vastitate
2967 2549 3133 2608 atque
3178 2541 3443 2610 pernicie.
3507 2541 3774 2597 Contrac-

2182 2624 2252 2680 tis
2278 2624 2463 2696 itaque
2491 2627 2664 2697 eopiis
2695 2625 2943 2686 Cavades
2985 2629 3461 2703 Theodosiopolim
3492 2632 3546 2687 in
3576 2635 3773 2688 Arme-

2180 2720 2271 2775 nia
2353 2735 2643 2791 aggressus
2672 2725 3037 2794 expugnavit;
3100 2735 3341 2781 attamen
3404 2727 3523 2796 ejus
3564 2727 3769 2784 civibus

2180 2812 2503 2868 clementem
2531 2829 2591 2870 se
2623 2816 2883 2887 praebuit,
2918 2818 3048 2887 quia
3092 2818 3238 2873 nulla
3285 2834 3408 2874 eum
3442 2821 3765 2876 contumelia

2180 2903 2453 2960 lmseraut.
2509 2905 2780 2963 Caeterum
2808 2909 3227 2966 Constantinum
3269 2912 3423 2967 urbis
3455 2913 3768 2984 praefectum

2179 3007 2363 3049 seeum
2431 2998 2681 3067 abduxit,
2714 3009 2769 3054 et
2815 3017 3004 3058 mense
3051 3002 3270 3058 Octobri
3321 3015 3448 3060 ante
3512 3005 3764 3061 Amidam

2179 3088 2431 3141 constitit
2458 3087 2865 3159 Mesopotamia:
2903 3093 3116 3159 urbem,
3149 3108 3384 3165 eamque
3417 3112 3612 3167 magno
3658 3098 3768 3151 im-

2183 3185 2307 3243 petu
2346 3178 2560 3246 sagittis
2588 3181 2884 3237 verberare
2936 3184 3101 3254 C(Bpil
3131 3192 3294 3254 atque
3318 3187 3601 3252 arietibus,
3647 3188 3772 3257 qui-

2182 3260 2283 3316 bus
2312 3265 2511 3319 moenia
2555 3278 2904 3336 prosternere
2954 3271 3253 3327 nitebatur.
3306 3271 3548 3330 Pellibus
3597 3277 3768 3341 enim,

2183 3368 2439 3427 tauquam
2483 3367 2649 3426 tecto,
2682 3362 2967 3417 machinas
2997 3361 3180 3419 Persa:
3232 3375 3607 3437 protegentes,
3651 3369 3773 3424 urbi

2181 3450 2563 3519 admovebant,
2631 3456 2939 3525 eductoque
3003 3458 3220 3514 excelso
3274 3475 3493 3532 aggere,
3552 3465 3776 3519 mceniis

2181 3546 2580 3615 co:equabant:
2636 3547 2994 3603 nihilominus
3035 3552 3281 3620 quotidie
3316 3565 3645 3625 pugnantes,
3676 3571 3775 3609 ur-

2182 3637 2303 3690 bem
2337 3637 2477 3691 haud
2510 3641 2920 3710 expugnabant,
2953 3640 3115 3695 miles
3165 3651 3346 3696 autem
3394 3643 3545 3696 varia
3606 3659 3774 3712 opera

2180 3737 2229 3781 et
2264 3727 2474 3795 prmliis
2522 3744 2852 3799 magnopere
2912 3731 3274 3789 atterebatur.
3336 3730 3440 3786 Per
3479 3733 3534 3787 id
3564 3742 3778 3804 tempus

2182 3831 2374 3887 magna
2405 3817 2456 3872 vi
2487 3819 2862 3873 conviciorum
2888 3827 2943 3875 et
2976 3822 3306 3875 derisionuin
3340 3821 3573 3877 Cavadis
3605 3839 3778 3879 aures

2179 3907 2338 3964 abiis
2362 3908 2455 3978 qui
2492 3908 2546 3963 in
2611 3909 2831 3965 mteniis
2875 3911 3246 3966 consistebant
3296 3911 3771 3970 verberabantur:

2179 3999 2381 4068 quibus
2421 3999 2511 4054 llle
2540 4014 2889 4069 summopere
2914 4000 3130 4065 dolens,
3167 4000 3324 4056 valde
3373 4003 3537 4057 etiam
3586 4006 3774 4060 animo

2180 4094 2503 4161 angebatur,
2518 4101 2768 4161 proptera
2785 4092 2927 4161 quod
2945 4100 3000 4147 et
3026 4092 3195 4161 rigida
3220 4091 3509 4162 ingruebat
3566 4095 3770 4160 hiems,

2180 4192 2236 4237 et
2260 4181 2443 4238 Persae
2478 4183 2617 4238 laxis
2646 4184 2892 4239 vestibus
2927 4185 3189 4253 implicati
3220 4183 3591 4255 languidiores
3622 4188 3777 4242 vide-

2179 4277 2398 4344 bantur,
2418 4285 2471 4330 ct
2490 4290 2681 4331 eorum
2710 4292 2871 4331 arcus
2894 4276 3117 4332 humido
3140 4293 3267 4333 aere
3297 4294 3527 4336 enerves
3551 4280 3772 4347 flebant,

2180 4365 2388 4423 frontes
2416 4367 2649 4436 donique
2683 4368 2917 4423 arietum
2960 4369 3161 4423 mmnia
3213 4369 3268 4423 in
3312 4384 3529 4426 cassum
3571 4372 3776 4428 fericno

484 4440 576 4495 dio
611 4441 719 4493 ritu
760 4440 1003 4494 ferarum
1036 4440 1271 4494 vivimus
1304 4441 1358 4493 in
1392 4442 1930 4511 septentrionalibus,
1955 4458 2075 4513 qua:

2186 4468 2267 4513 tes
2299 4457 2449 4512 nullo
2469 4458 2554 4527 his
2587 4458 2919 4515 detrimento
2938 4473 3120 4526 erant,
3155 4476 3331 4531 neque
3354 4463 3518 4522 ullam
3558 4466 3770 4519 ruinam

483 4531 552 4585 ad
582 4545 830 4585 occasum
855 4541 1090 4599 vergunt
1115 4532 1400 4599 partibus;
1439 4545 1570 4585 arcu
1594 4541 1649 4586 et
1664 4531 1849 4601 gladio
1870 4535 2074 4592 victum

484 4625 804 4692 quaerimus,
831 4633 996 4693 atque
1046 4624 1192 4679 omni
1239 4623 1488 4677 carnium
1545 4639 1745 4696 genere
1783 4631 2073 4688 vescimur.

485 4713 764 4768 Praeterea
803 4716 1171 4769 Romanorum
1201 4714 1498 4782 imperator
1521 4718 1717 4788 duplex
1770 4722 1929 4779 nobis
1978 4726 2076 4780 sti-

484 4806 738 4873 pendium
774 4821 871 4874 per
902 4807 1109 4870 legatos
1132 4817 1262 4858 suos
1290 4807 1557 4874 promisit,
1582 4809 1626 4862 si
1654 4819 1802 4866 certe
1830 4823 2076 4868 nostram

485 4895 787 4960 vobiscum,
819 4913 852 4949 ο
875 4896 1078 4958 Persas,
1125 4895 1444 4950 societatem
1479 4898 1887 4955 diremerimus.
1949 4900 2076 4956 Haec

485 4985 651 5056 igitur
680 5002 844 5041 causa
876 4996 985 5052 est,
1013 5001 1113 5041 cur
1144 4988 1377 5042 accincti
1398 4989 1501 5044 huc
1519 4993 1863 5047 venerimus:
1886 5007 2076 5063 quam-

485 5081 672 5131 obrem
730 5078 813 5131 vel
858 5078 1051 5144 nobis,
1103 5091 1364 5149 quantum
1410 5081 1680 5149 Romani,
1717 5094 1933 5155 oportet
1982 5086 2079 5141 de-

484 5170 583 5235 tis;
617 5170 698 5222 vel
722 5169 766 5223 si
803 5169 1005 5235 minus,
1036 5172 1237 5227 bellum
1273 5186 1483 5243 parate.

560 5262 652 5315 llis
705 5261 903 5316 auditis
954 5262 1277 5321 Hunnorum
1340 5268 1713 5324 molitionibus
1778 5270 2074 5342 Pherozes,

481 5368 795 5421 quanquam
826 5369 921 5409 eos
958 5357 1171 5416 minore
1251 5375 1481 5416 numero
1528 5378 1693 5432 quam
1730 5379 1858 5420 suas
1889 5367 2077 5436 copias

481 5458 607 5499 esse
633 5443 862 5512 videret,
909 5449 1264 5507 nihilominus
1326 5451 1502 5506 fallaci
1567 5468 1664 5510 eos
1706 5457 2077 5525 promissione

480 5536 731 5606 decipere
783 5538 990 5594 maluit.
1038 5542 1263 5597 Interim
1328 5543 1649 5600 Hunnorum
1717 5548 1885 5603 duces
1947 5565 2070 5604 cum

484 5630 898 5701 quadringentis
960 5635 1188 5690 armatis
1270 5648 1684 5704 processerunt,
1741 5641 2071 5709 quibuscum

480 5730 597 5773 erat
653 5720 967 5778 Eustathius
1014 5726 1235 5795 quidam
1287 5727 1646 5796 Apameensis
1691 5743 1963 5789 mercator
2017 5745 2071 5790 et

2185 4548 2527 4604 eﬂlciebant:
2557 4550 2760 4604 etenim
2792 4551 3130 4619 defensores,
3180 4553 3470 4622 juncorum
3533 4555 3775 4612 fascibus

2181 4639 2328 4694 inter
2361 4653 2421 4693 se
2450 4641 2733 4705 connexis,
2778 4642 3091 4697 ferientinm
3118 4646 3354 4698 arietum
3409 4647 3518 4701 vim
3573 4650 3776 4703 obtun-

2182 4729 2400 4794 debant,
2431 4730 2519 4783 vel
2557 4746 2585 4783 a
2621 4741 2768 4786 recto
2790 4747 2979 4801 cursu,
3007 4736 3302 4805 quominus
3334 4740 3537 4792 mmnia
3595 4738 3776 4794 diffin-

2180 4820 2396 4887 derent,
2421 4822 2793 4879 dimovebant.

2251 4909 2369 4965 Jam
2395 4912 2487 4966 ubi
2518 4913 2775 4968 machina
2798 4916 3158 4982 consistebat,
3187 4918 3337 4972 cives
3366 4918 3517 4972 urbis
3554 4931 3770 4970 murum

2180 5003 2250 5057 ab
2280 5004 2545 5059 interiore
2572 5014 2728 5074 parte
2767 5009 3135 5076 perforautes,
3169 5010 3569 5078 materiamque
3596 5006 3768 5062 effos-

2180 5111 2295 5149 sam
2360 5094 2507 5151 foras
2564 5096 2938 5166 projicientes,
2998 5099 3101 5155 loci
3130 5100 3422 5156 cavitatem
3476 5101 3772 5155 sarmentis

2180 5188 2351 5243 desub
2379 5190 2755 5260 oppleverunt.
2826 5196 2947 5262 Quo
2979 5197 3149 5265 facto,
3177 5213 3343 5267 quum
3370 5199 3424 5253 in
3458 5198 3770 5253 machinam

2180 5281 2461 5352 quingenti
2493 5285 2716 5341 circiter
2747 5288 2847 5342 viri
2875 5304 2907 5344 e
2938 5288 3131 5346 Persis
3177 5291 3370 5347 delecti
3429 5307 3552 5346 eum
3603 5291 3775 5345 armis

2179 5376 2604 5447 insecnilissent,
2630 5378 2858 5450 jamque
2912 5386 3099 5439 trabes
3127 5386 3178 5439 in
3236 5384 3439 5441 moenia
3478 5384 3775 5454 protende-

2179 5476 2323 5533 reut,
2356 5478 2416 5523 ut
2444 5483 2544 5540 per
2570 5485 2665 5526 eas
2720 5472 2992 5529 insilirent
3025 5476 3178 5547 (rege
3209 5476 3328 5545 ipso
3373 5483 3589 5530 astante
3642 5489 3769 5530 cum

2177 5562 2446 5628 exercitu,
2476 5570 2531 5614 et
2564 5562 2901 5621 clamoribus
2933 5566 3147 5622 animos
3189 5568 3446 5634 addente,
3490 5567 3659 5622 armis
3690 5567 3771 5619 in-

2178 5663 2341 5717 super
2376 5662 2432 5705 et
2460 5654 2680 5720 sagittis
2714 5671 2871 5726 opem
2903 5657 3138 5723 ferente,
3171 5669 3226 5712 et
3256 5659 3543 5731 praesentia
3577 5672 3769 5727 asper-

2180 5750 2344 5810 tuque
2370 5758 2468 5799 suo
2495 5757 2588 5801 eos
2636 5747 2975 5820 stimulante)
3018 5750 3337 5809 defensores
3387 5767 3574 5808 ervum
3642 5763 3763 5804 cum
