4070 6382
306 323 439 389 1157

1367 322 1468 383 EX
1511 321 1882 382 HISTORIA
1916 321 2515 384 ECCLESIASTICA.

3438 326 3575 393 H58

303 449 478 494 stacte
500 445 714 491 coctum
751 433 1000 489 trabibus
1036 433 1366 490 emmnibus
1420 435 1881 504 superiacit-bant,
1915 441 1958 495 Α
2062 435 2404 489 Erataudem
2429 436 2653 505 quidam
2705 437 2757 490 in
2810 437 2947 493 urbe
2993 437 3079 492 cui
3158 452 3355 495 nomen
3416 444 3576 512 vulgo

307 527 541 583 hulmlas
567 542 784 596 quoque
833 525 1001 594 pelles
1037 526 1195 594 aquis
1218 539 1341 579 cum
1372 540 1502 580 crvo
1536 526 1799 590 decoctis,
1831 535 1891 578 ut

306 621 542 675 lubricas
567 620 880 683 redderent,
926 618 1362 687 perfundehant;
1417 619 1595 686 ignem
1657 618 1889 686 denique

302 710 618 771 sarmentis,
675 724 796 778 qua:
859 710 1126 763 machina:
1189 715 1609 777 supposuerant,
1674 706 1888 775 injicie-

303 804 470 858 bant:
501 802 855 872 quamobrem
897 801 1220 856 continuato
1265 813 1361 868 per
1403 813 1496 851 sex
1530 799 1692 853 horas
1734 810 1885 867 prm-

306 897 399 961 lio,
426 898 552 952 dum
581 895 776 949 Persas
818 894 887 948 ab
922 892 1074 946 urbis
1117 892 1266 946 aditu
1307 889 1622 945 defensores
1658 888 1886 958 repelle-

307 998 461 1054 rent;
489 989 634 1060 ignis
664 996 940 1041 sarmenta
973 984 1261 1053 corripuit,
1311 984 1610 1051 statimque
1652 982 1882 1036 materia

303 1082 510 1150 reliqua
530 1081 763 1134 ﬂammis
787 1078 1019 1143 exarsit,
1057 1085 1221 1145 atque
1274 1073 1349 1128 ita
1395 1084 1717 1143 consumpta
1769 1089 1885 1126 tua-

302 1175 463 1228 china
495 1174 726 1238 corruit,
757 1171 937 1225 Persis
972 1170 1065 1239 qui
1134 1169 1188 1223 in
1226 1168 1343 1236 ipsa
1401 1178 1558 1224 erant
1615 1167 1884 1221 ambustis

301 1277 464 1336 atque
496 1266 771 1328 contritis,
808 1265 1045 1334 lapidum
1110 1277 1333 1333 quoque
1385 1261 1655 1333 grandine
1686 1261 1755 1315 ab
1816 1259 1882 1316 iis

301 1360 392 1427 qui
426 1358 478 1411 in
510 1373 664 1411 muro
691 1366 849 1410 erant
874 1356 1186 1424 percussis:
1222 1354 1294 1408 ita
1329 1363 1387 1407 ut
1418 1367 1509 1406 rex
1540 1351 1883 1421 pudibundus

298 1458 639 1516 maestusque
672 1448 987 1512 recederet;
1022 1445 1323 1514 praesertim
1362 1443 1488 1512 quia
1535 1443 1604 1497 ab
1659 1443 1884 1496 audaci-

294 1538 403 1595 bus
455 1540 814 1608 superbisque
890 1539 1104 1593 civibus
1175 1549 1507 1607 magnopere
1577 1534 1881 1590 maledictis

297 1631 606 1701 proscissus
634 1629 990 1684 irridebatur.

372 1721 581 1789 Quippe
635 1736 740 1774 non
796 1720 988 1774 aderat
1043 1720 1093 1773 in
1133 1720 1265 1773 urbe
1293 1719 1599 1788 episcopus,
1638 1715 1731 1786 qui
1785 1730 1880 1772 eos

299 1812 367 1866 ab
421 1812 509 1865 illa
578 1813 885 1866 temeritate
921 1820 1323 1879 compesceret:
1362 1824 1484 1863 nam
1515 1810 1705 1879 paucis
1752 1817 1880 1863 ante

296 1906 491 1961 diebus
524 1884 930 1958 mortem.cum
971 1903 1082 1956 vita
1142 1887 1587 1957 'comntutaverat
1642 1899 1881 1957 Joannes

295 1997 607 2065 episcopus,
657 1994 740 2048 vir
781 1993 924 2063 frugi
975 2002 1031 2047 et
1062 2002 1271 2057 castus,
1297 2002 1353 2047 et
1377 1982 1589 2047 sanctis
1635 1993 1882 2048 moribus

293 2088 581 2157 praeditus.
632 2086 735 2169 llic
758 2102 791 2141 e
825 2086 1163 2141 monasterio
1192 2084 1597 2139 Cartaminensi
1636 2085 1705 2139 ad
1760 2085 1881 2154 epi-

292 2188 582 2247 Scopatum
620 2186 956 2246 assumptus,
1017 2176 1152 2230 nihil
1180 2179 1245 2230 de
1284 2175 1513 2244 jejunio,
1552 2175 1880 2230 abstinentia

301 2271 604 2340 priscisque
652 2268 895 2322 moribus
941 2269 1345 2334 immolaverat,
1370 2269 1464 2322 sed
1492 2267 1581 2321 diu
1611 2276 1883 2335 noctuque

291 2362 349 2416 in
382 2361 722 2416 monasterio
750 2358 1069 2430 perstabat:
1103 2359 1391 2428 opulentos
1412 2368 1595 2413 autem
1619 2357 1878 2421 civitatis,

289 2452 456 2507 famis
497 2461 738 2520 tempore
762 2458 817 2505 et
850 2450 1185 2506 incursionis
1231 2448 1474 2505 Arabum
1511 2460 1676 2519 atque
1707 2450 1881 2519 pesti-

289 2543 474 2598 lentia:
501 2542 743 2612 graviter
766 2542 1150 2605 admonuerat,
1182 2556 1252 2595 ne
1284 2540 1623 2595 frumentum
1662 2541 1716 2594 in
1777 2554 1880 2594 an-

290 2649 453 2689 nona:
481 2634 748 2688 charitate
769 2634 1196 2702 supprimerent,
1230 2633 1330 2688 sed
1378 2633 1557 2701 potius
1580 2634 1880 2688 venderent

291 2724 775 2793 indigentibusque
806 2726 1195 2788 concederent,
1221 2739 1290 2778 ne
1320 2724 1459 2779 forte
1514 2728 1692 2794 ipsum
1746 2740 1882 2779 ven-

294 2816 436 2869 turis
466 2817 714 2869 hostibus
763 2826 1124 2881 reservarem,
1171 2827 1226 2869 ut
1257 2817 1332 2869 ait
1363 2816 1668 2884 Scriptura,
1723 2815 1881 2883 eujns

293 2906 620 2961 vaticinium
672 2921 834 2960 verax
865 2905 1058 2959 evasit.
1114 2905 1251 2959 Huic
1306 2905 1482 2974 palam
1535 2906 1879 2975 conspicien-

288 2999 423 3050 dum
456 3011 515 3050 se
543 2996 693 3050 dedit
719 2996 773 3050 in
807 2996 999 3049 altaris
1033 2999 1203 3049 latere
1229 2995 1481 3065 angelus,
1533 2995 1881 3063 hostiumque

288 3089 589 3143 adventum
622 3089 1033 3157 prtenuntiavit;
1061 3097 1115 3140 et
1134 3095 1401 3159 praeterea
1433 3087 1577 3157 quod
1602 3086 1739 3153 ipse,
1762 3086 1876 3154 jus-
1908 3109 1952 3168 ο

290 3180 435 3234 titia:
469 3195 579 3233 sua:
613 3194 800 3243 causa,
831 3189 992 3234 antea
1034 3180 1101 3232 ad
1133 3179 1304 3232 Deum
1339 3177 1681 3247 colligendus
1706 3188 1876 3241 esset,

288 3288 458 3341 quant
491 3273 677 3326 hostes
708 3271 896 3324 urbem
954 3271 1310 3324 invaderent:
1363 3284 1486 3339 quae
1527 3269 1709 3323 omnia
1764 3268 1880 3338 ipse

287 3366 553 3421 universo
586 3364 822 3418 civitatis
860 3362 1058 3431 populo
1090 3360 1372 3425 revelavit,
1409 3369 1468 3414 ut
1502 3359 1877 3429 pmnitentiam

286 3463 549 3526 agerent,
578 3465 632 3509 et
658 3454 1033 3507 imminentem
1063 3465 1277 3520 ptenam
1314 3452 1568 3507 vitarent.

365 3546 484 3602 tam
518 3561 648 3600 vero
679 3546 860 3600 vietus
892 3557 1014 3597 cum
1053 3558 1151 3598 suo
1180 3543 1425 3599 exercitu
1474 3551 1599 3612 post
1647 3543 1878 3612 repetita

285 3638 558 3693 adversus
586 3638 774 3691 urbem
809 3634 1104 3690 certamina
1143 3633 1408 3698 Cavades,
1429 3632 1721 3700 multisque
1747 3647 1876 3687 suo-

286 3746 418 3786 rum
471 3730 690 3785 amissis
720 3769 735 3795 ,
768 3729 950 3783 animo
990 3726 1198 3781 fractus
1252 3726 1410 3795 petiit
1447 3735 1504 3780 ut
1539 3726 1644 3781 sibi
1696 3727 1877 3781 tenuis

282 3825 504 3894 argenti
533 3838 746 3879 smnma
777 3821 1204 3890 appenderetur,
1238 3833 1348 3889 qua
1389 3827 1637 3889 accepta,
1671 3819 1740 3874 ab
1784 3834 1877 3872 ur-

286 3917 378 3973 bis
405 3917 692 3971 obsidione
743 3914 1068 3968 discederet.
1162 3911 1364 3966 Verum
1425 3911 1686 3966 Leontius
1743 3909 1875 3964 Bar-

286 4008 491 4078 Paphi,
522 4006 824 4061 nobilitatis
860 4006 1138 4073 princeps,
1161 4013 1216 4058 et
1252 4002 1428 4074 Cyrus
1478 4003 1787 4071 praefectus,
1821 4011 1876 4055 et

284 4097 492 4153 Paulus
514 4112 854 4161 (economus,
884 4096 1083 4151 Cavadi
1140 4096 1541 4164 responderunt
1600 4093 1736 4147 velle
1792 4109 1873 4160 se,

262 4202 353 4244 ‘ut
377 4191 489 4259 ipse
521 4190 699 4258 potius
724 4189 924 4256 segetis
955 4187 1132 4242 omnis
1160 4189 1391 4256 pretium
1422 4185 1682 4249 solveret,
1709 4199 1873 4255 quam

279 4280 410 4347 ejus
463 4279 741 4333 exercitus
804 4286 1236 4345 consumpserat,
1288 4284 1660 4344 praatereaque
1709 4272 1873 4330 tritici

279 4390 357 4427 ac
383 4373 513 4437 vini,
546 4370 688 4440 quod
713 4386 743 4425 e
788 4371 940 4438 pagis
986 4369 1054 4425 ad
1089 4384 1152 4426 se
1202 4370 1507 4425 vehendum
1560 4376 1869 4423 curaverat.

1991 523 2264 592 Cutricus,
2299 523 2381 578 vir
2417 526 2761 581 turbulentus
2780 536 2834 581 et
2861 542 3051 596 rapax.
3082 528 3175 598 qui
3208 544 3370 585 omne
3402 546 3574 600 genus

1992 611 2232 666 audacia?
2255 615 2520 669 adversus
2549 614 2744 671 Persas
2767 631 3118 686 expromeus,
3166 619 3464 686 plurimam
3501 638 3570 676 ex

1989 704 2068 758 eis
2098 705 2334 772 praedam
2368 709 2595 778 agebat:
2632 719 2797 778 atque
2832 710 2978 764 hunc
3014 711 3112 780 ipsi
3174 711 3376 777 Persae,
3412 728 3573 781 prout

1988 796 2056 849 ab
2089 794 2157 849 iis
2184 795 2275 864 qui
2301 799 2504 852 mtenia
2595 800 2889 853 tuebantur
2919 801 3243 868 audiebant,
3290 802 3570 858 Cutricum

1987 886 2350 957 appellabant.
2411 888 2632 944 Interim
2670 891 2983 946 Cancrakus
3048 907 3215 961 prope
3245 896 3442 948 turrim
3473 912 3573 965 per

1987 980 2347 1047 aquzetluctus‘
2383 990 2665 1035 exeuntem
2691 983 2864 1051 ipsum
2898 984 2964 1036 ad
2996 985 3231 1052 praedam
3257 986 3568 1056 regredien-

1988 1077 2206 1138 temque
2235 1069 2587 1133 observabat:
2622 1075 2750 1140 quin
2808 1075 2946 1130 adeo
3006 1079 3333 1146 quandoque
3386 1076 3575 1134 Persae

1987 1160 2211 1215 liberam
2239 1163 2287 1216 ei
2322 1163 2597 1233 praedandi
2646 1174 2972 1232 potestatem
3022 1168 3431 1235 permittebant,
3489 1170 3574 1223 in-

1988 1254 2151 1309 tentis
2179 1254 2232 1309 in
2264 1268 2387 1309 eum
2415 1254 2609 1320 oculis,
2644 1271 2878 1327 moxque
2912 1272 3035 1312 eum
3069 1261 3572 1330 persequebantur,

1984 1355 2148 1415 atque
2189 1347 2262 1402 ita
2322 1348 2502 1403 exitus
2553 1349 2867 1419 reditusque
2903 1350 3080 1406 locum
3134 1353 3568 1423 comperiebant.

1982 1432 2057 1487 Ea
2090 1451 2221 1490 vero
2261 1443 2389 1502 nox’,
2419 1452 2541 1506 quae
2584 1439 2734 1493 urbis
2779 1455 3034 1510 suprema
3083 1441 3283 1510 evasit,
3334 1442 3569 1499 obscura

1984 1527 2275 1581 admodum
2325 1538 2380 1581 et
2437 1528 2692 1597 pluvialis
2741 1528 2861 1594 fuit,
2923 1534 3262 1603 contigitque
3313 1544 3371 1589 ut
3434 1536 3572 1592 ciris

1983 1619 2198 1686 quidam
2233 1621 2515 1675 monachis
2545 1621 2830 1677 amicalem
2865 1636 3080 1678 coenam
3126 1626 3419 1684 instrueret
3446 1630 3572 1684 vino

1982 1708 2048 1760 ad
2078 1708 2302 1762 multam
2334 1720 2547 1764 noctem
2574 1710 2896 1780 propinato:
2924 1728 3093 1781 quare
3119 1715 3240 1781 ipsi,
3269 1726 3572 1787 occupantc

1913 1778 2195 1861 Βιιιοιιιιιο,
2234 1799 2492 1854 excubias
2543 1817 2641 1869 pro
2693 1817 2846 1858 more
2870 1804 3035 1858 solito
3086 1819 3192 1859 non
3256 1814 3568 1863 tenuerunt.

1982 1890 2115 1947 Cum
2143 1892 2307 1962 igitur
2330 1892 2643 1948 Cancrakus
2673 1909 2800 1949 cum
2865 1897 3055 1964 paucis
3107 1897 3243 1964 suis,
3291 1897 3572 1952 Cutricum

1980 1995 2336 2052 persequens,
2370 1982 2437 2036 ad
2511 1984 2708 2039 moenia
2742 1986 3091 2050 accessisset,
3150 2000 3327 2055 neque
3360 1987 3572 2041 clamo-

1984 2091 2098 2131 rem
2132 2076 2472 2131 sustulerunt
2512 2076 2794 2141 monachi,
2829 2092 3004 2147 neque
3037 2077 3245 2147 lapides
3281 2078 3567 2144 jecerunt:

1983 2183 2049 2223 ex
2081 2184 2191 2239 quo
2217 2169 2528 2237 intelligens
2573 2168 2888 2224 Cauerakus
2923 2171 3227 2225 monachos
3262 2186 3456 2225 somno
3487 2171 3571 2225 in-

1983 2259 2226 2329 dulgere,
2264 2261 2446 2315 statim
2509 2260 2686 2315 scalas
2746 2261 3058 2331 militesque
3105 2262 3339 2327 accivit;
3404 2275 3569 2332 atque

1983 2352 2129 2411 illico
2160 2354 2251 2422 qui
2280 2368 2402 2407 cum
2434 2368 2501 2408 eo
2532 2363 2690 2409 erant
2720 2369 2820 2423 per
2841 2356 3198 2423 aquteductus
3251 2355 3488 2424 ingressi
3512 2356 3566 2409 iu

1984 2444 2381 2497 monachorum
2408 2443 2601 2496 turrim
2663 2453 2981 2508 evaserunt,
3037 2444 3214 2513 iisque
3265 2445 3568 2500 interfectis

1983 2534 2120 2588 turri
2147 2534 2305 2602 potiti
2337 2545 2489 2598 sunt,
2526 2549 2762 2604 moxque
2790 2535 3063 2604 applicitis
3090 2537 3159 2592 ad
3191 2538 3390 2591 moenia
3445 2552 3569 2591 sca-

1986 2624 2052 2677 lis
2078 2625 2301 2678 nuntios
2334 2623 2399 2678 ad
2435 2638 2615 2693 regem
2666 2623 2949 2679 miserunt.
2986 2624 3062 2679 Eo
3108 2641 3235 2697 casu
3295 2626 3571 2681 intellecto

1979 2717 2072 2785 qui
2103 2716 2408 2785 proximam
2444 2716 2636 2769 turrim
2676 2717 3082 2778 custodiebant,
3121 2717 3363 2773 clamore
3420 2719 3569 2772 edito

1980 2809 2256 2878 suppetias
2278 2809 2564 2863 exstinctis
2586 2809 2866 2864 monachis
2896 2808 3042 2864 ferre
3070 2811 3251 2864 conati
3281 2819 3441 2877 sunt;
3472 2812 3568 2864 sed

1981 2899 2219 2965 frustra;
2247 2900 2355 2954 imo
2378 2916 2442 2955 ex
2491 2903 2571 2955 eis
2622 2902 2868 2956 nonnulli
2906 2903 3119 2971 sagittis
3158 2903 3446 2956 Persarum
3475 2903 3569 2957 icti

1982 2990 2284 3060 perierunt.
2339 2988 2475 3044 Tum
2497 2991 2674 3062 Cyrus
2704 2992 2994 3061 praefectus
3026 2994 3103 3045 rei
3134 2993 3336 3046 certior
3370 2992 3570 3057 factus,

1986 3097 2107 3135 cum
2143 3080 2485 3150 lampadibus
2518 3083 2765 3136 accensis
2796 3085 3143 3146 accurrehat,
3174 3091 3335 3150 atque
3371 3083 3444 3135 ita
3485 3081 3569 3136 fa-

1985 3170 2090 3227 cile
2117 3170 2402 3226 Persarum
2439 3173 2560 3226 telis
2597 3173 2791 3242 patuit,
2824 3175 2914 3241 qui
2947 3174 2998 3227 in
3046 3173 3281 3228 obscuro
3308 3172 3572 3243 degentes

1987 3263 2055 3318 ab
2079 3264 2313 3341 hostium
2337 3264 2536 3333 jaculis
2572 3266 2671 3320 tuti
2723 3274 2899 3319 erant.
2960 3265 3054 3320 Sic
3099 3265 3279 3335 Cyrus
3315 3266 3565 3319 vulnera-

1986 3367 2074 3411 tus
2115 3357 2394 3414 discessit.

2052 3447 2298 3502 Diluculo
2336 3456 2516 3503 autem
2563 3462 2688 3518 rege
2732 3465 2855 3504 cum
2899 3450 3072 3520 copiis
3114 3449 3568 3519 superveniente,

1982 3539 2143 3594 scalae
2174 3540 2226 3593 in
2260 3540 2457 3593 mantia
2488 3538 2708 3595 directae
2738 3549 2895 3604 sunt,
2926 3550 2982 3596 et
3014 3541 3168 3595 miles
3198 3543 3569 3597 conscendere

1977 3632 2183 3701 jussus.
2209 3630 2346 3686 Tum
2382 3633 2536 3686 multi
2564 3649 2630 3688 ex
2663 3634 2730 3688 iis
2758 3634 2851 3701 qui
2882 3635 3340 3697 conscenderant,
3372 3633 3567 3703 lapidi-

1981 3725 2082 3780 bus
2112 3724 2340 3794 telisque
2368 3726 2638 3793 percussi,
2668 3726 2981 3795 lanccisque
3011 3726 3237 3795 repulsi,
3268 3726 3523 3796 peribant
3549 3744 3562 3778 :

1979 3816 2071 3884 qui
2116 3826 2293 3870 autem
2338 3817 2533 3872 timore
2568 3817 2693 3871 victi
2735 3817 2899 3873 scalis
2941 3817 3289 3883 desiliebant,
3328 3832 3425 3872 eos
3473 3833 3568 3871 rex

1979 3923 2077 3962 ceu
2102 3906 2323 3976 pavidos
2348 3907 2713 3977 fugitivosque
2733 3908 2909 3965 occidi
2930 3908 3176 3977 iubebat.
3195 3908 3565 3975 Quamobrem

1980 4001 2274 4068 resumptis
2302 4000 2503 4055 animis
2531 4000 2732 4067 Persae,
2768 4001 2998 4070 gloriam
3029 4002 3210 4072 potius
3243 4016 3310 4056 ex
3339 4001 3565 4057 victoria

1978 4100 2033 4146 et
2068 4107 2265 4161 pugna,
2302 4093 2385 4146 vel
2421 4102 2569 4148 certe
2603 4103 2831 4148 mortem
2868 4094 3160 4164 pugnando
3195 4104 3406 4164 partam
3446 4094 3565 4147 adi-

1978 4184 2113 4253 pisci
2146 4186 2526 4248 decreverunt,
2552 4200 2715 4255 quam
2744 4199 2773 4239 a
2803 4187 3022 4256 proprio
3051 4200 3175 4257 rege
3199 4186 3476 4240 contemni
3507 4195 3562 4239 et

1977 4277 2185 4341 occidi,
2226 4278 2316 4346 qui
2357 4279 2672 4334 certaminis
2711 4288 2988 4348 spectator
3026 4280 3259 4335 astabat.
3308 4279 3373 4333 Et
3412 4280 3561 4333 cives

1979 4369 2196 4439 quidem
2241 4370 2420 4424 conati
2463 4378 2592 4425 sunt
2635 4371 2829 4425 turrim
2874 4386 3035 4440 quam
3080 4371 3337 4427 tenebant
3380 4369 3562 4427 Persae

282 4466 429 4518 Dum
459 4478 590 4532 ergo
628 4462 711 4516 his
744 4460 996 4516 omnibus
1026 4462 1296 4531 angustiis
1346 4475 1567 4531 pressus
1621 4475 1689 4515 ac
1747 4474 1873 4530 per-
1905 4461 1951 4517 D
1981 4462 2273 4529 subruere,
2300 4462 2528 4533 jamque
2555 4462 2674 4532 ejus
2707 4463 2889 4518 trabes
2921 4456 3318 4529 dissolvebant;
3350 4464 3447 4520 sed
3481 4463 3565 4517 in-

284 4557 543 4611 turbatus
575 4554 876 4609 discessum
921 4568 1019 4607 rex
1068 4554 1380 4618 moliretur,
1408 4551 1667 4608 Christus
1692 4551 1741 4606 ei
1776 4566 1874 4620 per

282 4648 467 4703 visum
500 4655 824 4702 nocturnum
850 4646 1105 4714 apparuit
1138 4645 1224 4717 (ut
1254 4647 1395 4699 idem
1439 4657 1630 4715 postea
1675 4659 1872 4700 narra-

282 4738 395 4808 vit)
422 4741 746 4808 promittens
763 4752 824 4793 se
849 4737 994 4806 intra
1032 4737 1274 4793 triduum
1306 4739 1498 4792 urbem
1525 4738 1576 4793 ei
1634 4752 1756 4793 cum
1788 4739 1875 4793 ei-

284 4830 453 4885 vibus
484 4831 831 4893 traditurum,
856 4829 949 4898 qui
996 4829 1203 4883 scelera
1255 4830 1517 4885 adversus
1560 4842 1622 4883 se
1647 4830 1874 4885 commi-

282 4928 495 4974 serant.
565 4918 675 4974 Res
696 4930 879 4973 autem
909 4921 1089 4974 isthoc
1125 4919 1283 4974 modo
1315 4928 1533 4987 peracta
1564 4930 1670 4975 est.
1730 4918 1874 4973 Tur-

287 5013 367 5067 t'is
395 5012 726 5083 quaedamin
783 5022 941 5083 parte
985 5013 1138 5068 urbis
1197 5012 1528 5067 occidentali
1582 5013 1873 5068 commissa

283 5104 469 5158 fuerat
519 5104 784 5159 custodite
848 5105 1241 5159 monachorum
1306 5105 1402 5175 qui
1480 5105 1873 5159 monasterium

281 5193 513 5251 Joannis
544 5196 683 5251 Iberi
716 5196 1046 5262 incolebant,
1068 5212 1299 5267 quorum
1325 5196 1494 5253 abbas
1520 5206 1683 5266 gente
1704 5194 1871 5251 Persa

283 5296 428 5343 erat.
496 5287 541 5341 Ε
572 5289 800 5358 regione
845 5289 1014 5344 turris
1076 5289 1236 5359 hujus
1278 5289 1534 5359 vigilibus
1588 5288 1873 5344 monachis

282 5379 531 5443 creditae,
588 5391 770 5437 castra
823 5391 1084 5450 posuerat
1120 5383 1228 5435 dux
1279 5381 1497 5451 quidam
1553 5381 1874 5437 Canerakus

288 5470 565 5542 llaghirns
590 5476 789 5540 dictus,
813 5475 906 5545 qui
926 5489 1034 5529 non
1063 5475 1240 5530 solum
1272 5484 1437 5530 noctu
1458 5473 1750 5545 diligenter
1774 5476 1869 5530 ad-

284 5565 569 5634 v‘gilahat,
602 5581 789 5621 verum
813 5566 978 5621 etiam
1009 5582 1171 5622 omne
1215 5567 1457 5622 studiqu
1491 5576 1549 5621 et
1577 5567 1871 5623 artiﬁcium

281 5656 493 5726 jamdiu
538 5659 955 5726 adhibebatrut
985 5669 1313 5730 strategema
1375 5660 1597 5732 aliquod
1647 5661 1716 5717 ad
1774 5677 1869 5719 ca-

288 5749 542 5833 piendam
575 5752 764 5806 urbem
790 5752 1143 5822 excogitaret.

1977 4555 2135 4610 terim
2170 4556 2344 4610 altera
2382 4556 2550 4609 turris
2577 4564 2839 4623 occupata
2872 4555 2990 4623 fuit,
3022 4564 3076 4610 et
3108 4570 3233 4610 mox
3267 4556 3395 4620 alia,
3429 4569 3565 4608 me»

1975 4645 2239 4716 niumque
2275 4644 2589 4701 defensores
2629 4647 2819 4702 occisi.
2858 4645 3053 4702 Petrus
3092 4656 3273 4701 autem
3318 4646 3562 4716 quidam,

1974 4738 2154 4806 patria
2204 4736 2624 4803 Hamcareusis,
2669 4738 2875 4808 ingenti
2924 4753 3157 4808 corpore
3200 4738 3305 4805 vir,
3352 4746 3563 4808 partem

1976 4833 2191 4902 aggeris
2227 4834 2578 4903 civitatisque
2616 4833 2768 4890 solus
2808 4832 3206 4889 defendendam
3245 4831 3348 4888 sibi
3385 4830 3564 4885 vindi-

1976 4925 2144 4991 cavit,
2193 4924 2375 4981 ferreo
2416 4927 2644 4982 thorace
2684 4919 2952 4990 munitus,
3000 4924 3230 4980 missilia
3279 4938 3563 4992 spargens,

1974 5016 2175 5074 Persas
2217 5017 2563 5089 propulsans,
2604 5020 2857 5087 quemvis
2904 5019 3052 5074 aditu
3095 5030 3391 5086 egressnve
3436 5030 3564 5084 pro-

1975 5112 2204 5176 bibens,
2247 5112 2481 5182 gigantis
2525 5113 2697 5169 instar
2735 5112 2925 5168 ﬁrmus
2965 5121 3130 5182 atque
3168 5111 3562 5171 inconcussus;

1975 5218 2212 5271 cumque
2251 5197 2305 5258 in
2350 5203 2476 5259 aliis
2516 5204 2726 5259 Amidae
2772 5204 3017 5273 partibus
3063 5201 3230 5256 multa
3279 5199 3561 5253 hominum

1976 5294 2146 5348 millia
2194 5295 2486 5365 perissent,
2531 5296 2584 5348 in
2634 5294 2921 5359 cuniculis,
2967 5292 3164 5362 puteis,
3210 5289 3561 5359 templisque,

1975 5387 2219 5456 quinque
2253 5387 2368 5456 jant
2416 5388 2661 5445 turribus
2701 5387 3050 5457 expugnatis,
3092 5386 3205 5453 ipse
3245 5381 3562 5444 incolumis,

1975 5479 2126 5535 nullo
2151 5480 2376 5535 vulnere
2401 5491 2649 5550 accepto,
2677 5480 2801 5551 fuga
2833 5494 2894 5535 se
2923 5478 3204 5534 subduxit.
3233 5475 3412 5531 Persae
3434 5486 3566 5528 vero

1977 5572 2205 5626 ulterius
2238 5574 2512 5642 progressi
2545 5573 2761 5628 cunctis
2792 5571 3064 5628 mentibus
3097 5565 3253 5639 potiti
3285 5577 3435 5630 sunt,
3471 5578 3563 5618 re-

1975 5664 2147 5733 pulsis
2172 5664 2478 5732 occisisqne
2504 5666 2846 5718 continenter
2870 5679 2966 5733 per
2990 5664 3126 5717 duas
3153 5671 3339 5715 noctes
3364 5670 3561 5711 unam-

1975 5772 2080 5827 que
2116 5756 2261 5811 diem
2303 5757 2622 5813 custodibus
2656 5776 2668 5810 :
2705 5771 2769 5812 ac
2807 5766 2917 5811 tum
2954 5755 3166 5811 demum
3209 5747 3563 5808 descensione
