4070 6378
486 298 625 361 1159

1514 288 1917 350 ZACHARH’.
1958 285 2390 348 MlTYLENES
2430 284 2767 347 El’lb'COPI

3627 280 3762 344 1160

486 414 628 465 facta
681 415 866 477 portas
917 411 1264 469 reserarunt,
1320 412 1486 474 atque
1532 404 1823 459 universus
1873 402 2069 471 irrupit
2099 409 2145 462 Α
2174 401 2349 456 dendo
2394 414 2522 469 rege
2562 408 2746 454 nostra
2792 397 3178 453 cohibuerunt.
3226 393 3511 452 Postremo
3553 399 3765 450 catenis

483 498 759 555 exercitus
787 511 908 551 cum
944 498 1200 549 mandato
1232 493 1398 564 regis,
1425 500 1485 548 ut
1514 492 1691 548 tribus
1721 494 1912 547 diebus
1943 493 2071 547 t0ti-

486 592 717 657 demque
746 587 996 641 noctibus
1025 584 1291 654 cujusque
1318 584 1519 654 gradus
1543 583 1899 652 diguitatisve
1925 584 2071 638 viros

485 694 549 733 ac
577 677 811 732 feminas
843 675 1244 731 interimereut.
1275 671 1516 725 Exilium
1548 671 1723 727 evasit
1751 686 1857 726 una
1889 671 2070 727 eccle-

487 772 598 834 sia,
630 784 794 838 quam
832 766 1077 836 Magnam
1113 764 1485 835 appellabant,
1518 778 1587 816 xi.
1624 763 1954 833 Martyrihus
1988 760 2074 816 di-

487 870 641 925 cata,
672 859 858 929 regulo
891 860 1125 928 quodam
1160 856 1505 919 Christiano,
1537 869 1605 909 ex
1637 856 1783 908 Arau
1820 856 2072 925 regione,

489 952 631 1023 apud
667 967 848 1021 regem
887 950 1281 1013 intercedente,
1311 950 1403 1020 qui
1436 963 1555 1004 eam
1592 946 1806 1016 plenam
1841 946 2076 1002 homini-

490 1046 592 1098 bus
624 1041 834 1098 servari
866 1041 1110 1097 indulsit.

564 1157 771 1212 Triduo
803 1157 1022 1210 demum
1057 1164 1285 1221 exacto,
1321 1160 1632 1210 vastitatem
1668 1169 1765 1210 rex
1799 1153 2073 1218 inhibuit,

492 1250 848 1318 deputatique
878 1247 1030 1302 fuere
1057 1247 1310 1303 custodes
1340 1247 1635 1315 spoliorqu
1667 1245 1861 1300 aedium
1889 1259 2078 1299 sacra-

493 1357 613 1394 rum
663 1349 825 1408 atque
871 1339 1226 1408 palatiorum,
1275 1349 1336 1394 ut
1383 1338 1645 1409 quidquid
1695 1345 2075 1392 coacervatum

493 1432 692 1497 fuerat,
715 1433 827 1501 regi
855 1438 1138 1487 servarent
1168 1453 1179 1487 :
1206 1431 1297 1500 qui
1326 1430 1492 1485 etiam
1523 1427 1822 1493 mandavit,
1849 1436 1906 1478 ut
1930 1426 2079 1480 occi-

492 1539 676 1578 sorqu
709 1523 1017 1592 conquisita
1046 1522 1311 1575 cadavera
1340 1529 1495 1575 extra
1519 1517 1916 1574 occidentalem
1946 1531 2076 1587 por-

496 1623 605 1668 tam
646 1613 994 1679 eli'errentur,
1036 1621 1095 1667 ut
1141 1614 1256 1683 ipse
1302 1621 1488 1681 postea
1533 1625 1629 1680 per
1665 1610 2076 1665 meridionalem

496 1705 890 1776 ingrederetur.
925 1704 1257 1760 Coacervata
1299 1705 1480 1773 itaque
1518 1711 1645 1757 sunt
1683 1711 1738 1756 et
1782 1703 1923 1756 inter
1952 1700 2080 1757 eﬂ'e-

2176 488 2368 553 vincti,
2398 507 2522 547 cum
2554 493 2798 546 omnium
2834 488 3106 544 artificum
3142 487 3326 552 turba,
3358 487 3509 557 regio
3538 487 3768 542 servitio

2173 602 2268 641 seu
2299 585 2599 654 captivitati
2628 584 2830 639 addicti
2864 584 2916 637 iu
2948 580 3233 638 Persidem
3263 596 3293 635 a
3327 580 3558 635 militum
3595 594 3760 634 manu

2173 678 2606 735 deducebantur.
2633 676 2765 733 Post
2790 677 2908 732 hmo
2935 676 3182 732 nonnulli
3208 675 3277 731 de
3300 674 3545 730 exercitu
3582 687 3762 745 regem

2175 771 2436 825 adeuntes
2463 770 2543 826 sic
2567 784 2690 824 eum
2718 767 2866 823 aliati
2890 776 3015 823 sunt
3045 786 3059 823 :
3083 766 3309 838 Cognati
3337 766 3513 822 nostri
3541 765 3767 821 fratres-

2175 877 2282 930 que
2307 862 2376 915 ab
2402 861 2563 930 hujus
2590 860 2740 915 urbis
2766 860 2984 916 civibus
3010 860 3063 914 iu
3095 858 3284 929 praelia
3314 860 3558 935 percussi
3589 859 3767 928 perie-

2176 963 2333 1018 runt;
2371 952 2710 1022 postulamus
2749 952 2940 1021 igitur,
2977 959 3036 1006 ut
3074 952 3320 1008 decimus
3359 950 3591 1021 quisque
3631 951 3769 1006 civis

2177 1046 2472 1100 ulciscendi
2519 1044 2694 1116 gratia
2741 1044 2897 1101 nobis
2944 1045 3212 1099 tradatur.
3254 1044 3469 1115 Reapse
3515 1045 3769 1100 instituto

2177 1135 2416 1202 calculo,
2450 1136 2496 1191 is
2531 1150 2792 1191 numerus
2822 1148 2854 1190 e
2886 1136 3086 1190 civium
3122 1144 3266 1190 coetu
3299 1150 3594 1191 concessus
3632 1135 3768 1199 fuit,

2178 1242 2315 1296 quos
2345 1228 2637 1297 exquisitis
2665 1230 3007 1286 cruciatibus
3038 1237 3397 1286 necaverunt.
3432 1226 3548 1282 Rex
3581 1237 3766 1281 autem

2178 1314 2237 1370 in
2268 1314 2461 1371 balneo
2488 1315 2809 1372 Barzaiuabi
2841 1317 2995 1384 lavit,
3019 1327 3075 1373 et
3102 1319 3281 1373 hieme
3304 1330 3497 1373 exacta
3529 1318 3663 1373 urbe
3692 1318 3771 1370 di-

2179 1407 2550 1477 grediebatur,
2591 1408 2783 1464 relicto
2825 1409 2894 1464 ad
2932 1424 3055 1465 eam
3098 1412 3388 1480 regendam
3430 1410 3633 1480 Eglone
3676 1409 3766 1463 tri-

2180 1503 2326 1557 buno
2360 1502 2608 1557 miliitum
2643 1517 2765 1558 cum
2800 1502 2922 1558 aliis
2955 1503 3168 1577 duobus
3200 1502 3459 1567 ducibus,
3494 1501 3776 1568 tribusque

2181 1594 2415 1650 militum
2436 1595 2675 1650 millibus
2699 1597 2766 1649 ad
2792 1595 3130 1663 praesidium,
3156 1610 3256 1651 nec
3281 1612 3385 1649 non
3409 1594 3618 1649 Joanne
3643 1591 3780 1646 Bar-

2182 1686 2352 1742 Balha
2380 1690 2667 1757 optimate,
2696 1699 2752 1765 et
2781 1687 2976 1759 Sergio
3007 1688 3406 1753 Barlabduni,
3435 1687 3527 1757 qui
3560 1686 3771 1741 militia

498 1799 722 1851 rendqu
752 1806 1036 1851 numerata
1058 1796 1382 1850 cadaverum
1410 1793 1685 1863 octoginta
1712 1792 1876 1847 millia
1895 1833 1911 1859 ,
1940 1807 2079 1863 pne-

2192 1790 2501 1848 praeessent.

496 1899 579 1944 ter
610 1890 699 1943 illa
732 1903 854 1958 qua:
885 1887 966 1942 vel
1000 1902 1175 1942 mersa
1206 1886 1501 1951 cuniculis,
1532 1884 1615 1940 vel
1645 1886 1699 1939 in
1733 1896 1927 1953 puteos
1958 1900 2082 1953 pro-

488 1981 670 2050 jecta,
725 1980 805 2035 vel
858 1980 911 2035 in
965 1980 1121 2033 atriis
1175 1978 1365 2033 relicta
1423 1976 1665 2032 fuerunt.
1720 1976 1924 2032 Deinde
1984 1992 2081 2031 rex

496 2072 778 2129 et't'lesiatn
825 2071 1129 2139 ingressus,
1173 2084 1296 2124 cum
1346 2067 1419 2123 ibi
1471 2066 1686 2121 Domini
1736 2066 1907 2123 nostri
1951 2065 2079 2121 Jesu

495 2165 696 2221 Christi
731 2164 824 2235 qui
858 2163 1067 2219 (ἔτιιίιωὶ
1099 2162 1285 2217 habitu
1318 2161 1569 2231 depictus
1599 2168 1748 2223 erat,
1786 2158 2079 2228 imaginem

497 2258 820 2323 aspexisset,
856 2256 1140 2327 cujusnam
1179 2269 1241 2310 ea
1276 2262 1420 2309 esset
1457 2261 1809 2323 percontatus
1841 2260 1960 2316 est;
1999 2265 2084 2305 re-

497 2350 889 2421 spondentibus
919 2359 1097 2403 autem
1129 2349 1219 2416 qui
1253 2347 1513 2412 aderant,
1544 2345 1640 2400 Dei
1673 2344 2080 2399 Nazarenorum

497 2457 615 2497 esse
637 2442 951 2510 imaginem,
977 2438 1238 2494 inclinato
1269 2453 1362 2492 rex
1391 2447 1518 2491 ante
1544 2437 1692 2490 illam
1721 2435 1933 2505 capite:
1959 2433 2076 2498 llic,

501 2535 695 2604 inquit,
741 2533 873 2588 mihi
906 2533 1082 2588 dixit:
1115 2533 1399 2597 Remane;
1445 2532 1743 2601 urbemque
1786 2546 1815 2585 a
1860 2544 1946 2585 me
1988 2531 2083 2586 tibi

502 2629 818 2681 tradendam
850 2635 1071 2695 propter
1098 2624 1300 2679 civium
1333 2623 1563 2688 scelera,
1592 2638 1745 2692 cape.

572 2720 664 2774 Sic
700 2719 861 2789 igitur
894 2717 989 2771 Dei
1026 2727 1160 2771 nutu
1200 2717 1396 2771 tradita
1434 2716 1614 2772 Persis
1649 2716 1803 2785 urbe,
1838 2715 2086 2771 Cavach

502 2809 693 2879 ingens
742 2809 950 2879 argenti
997 2809 1209 2877 pondus
1248 2822 1640 2876 sacrorumque
1684 2823 1937 2864 vasorum
1983 2823 2085 2862 au-

503 2917 754 2967 reorum,
800 2902 1074 2968 aliamque
1124 2900 1417 2970 pretiosam
1466 2901 1858 2971 supellectilem
1906 2900 2085 2971 cepit,

500 3010 622 3063 qua:
665 3004 792 3048 ante
832 3008 1031 3064 paucos
1075 3008 1247 3047 annos
1291 2993 1465 3064 legata
1513 2994 1694 3049 fuerat
1736 2994 1980 3049 ecclesiae
2021 2994 2089 3048 ab

503 3081 688 3136 lsaacn
719 3082 874 3135 Barai
906 3083 1038 3145 lilio,
1064 3081 1340 3136 consulari
1371 3082 1485 3137 viro
1511 3093 1565 3137 et
1595 3084 1738 3138 inter
1762 3083 1910 3138 cives
1934 3082 2087 3137 valde

501 3176 778 3244 opulento.
819 3173 1041 3243 Reperit
1080 3173 1245 3228 etiam
1290 3188 1541 3244 magnam
1575 3174 1768 3245 optimi
1808 3173 1918 3229 vini
1953 3174 2084 3241 vim,

504 3269 569 3319 ad
609 3266 792 3319 Luc-cut
829 3282 999 3335 usque
1034 3267 1317 3332 exsiccati,
1353 3268 1496 3336 quod
1534 3268 1700 3322 moris
1733 3277 1855 3321 erat
1888 3267 1942 3321 in
1982 3269 2094 3324 sole

508 3374 605 3426 per
628 3358 968 3426 soptcnninm
995 3358 1275 3424 collocari,
1299 3367 1466 3428 atque
1490 3358 1564 3413 ita
1592 3356 1806 3411 aridum
1833 3357 2095 3413 solidum-

504 3463 611 3517 que
646 3447 781 3500 lieri.
816 3445 925 3500 lloc
955 3448 1005 3500 in
1038 3447 1310 3516 pulverem
1344 3449 1623 3503 redactum
1657 3446 1907 3501 solebant
1940 3464 2092 3504 (eco-

512 3539 654 3592 nomi
689 3538 741 3593 in
774 3539 1058 3593 itineribus
1089 3554 1274 3594 secum
1309 3538 1477 3603 ferre,
1506 3537 1666 3593 lineis
1696 3539 1931 3594 sacculis
1960 3555 2095 3609 pure

507 3631 829 3700 repositum,
853 3629 1079 3701 ejusque
1103 3640 1321 3686 tenuem
1351 3639 1560 3699 partem
1589 3631 1792 3700 potioni
1822 3633 2095 3689 admisce-

508 3721 659 3784 bant,
706 3722 755 3774 id
796 3723 937 3791 quod
985 3722 1090 3776 vini
1139 3735 1392 3791 saporem
1439 3731 1766 3792 gusmmque
1814 3723 2094 3790 reddebat,

508 3812 711 3882 ignaris
741 3825 918 3868 autem
950 3815 1090 3867 hana
1125 3813 1176 3868 id
1206 3827 1358 3877 esse,
1395 3827 1617 3868 crocum
1652 3815 1936 3881 vidi-licet,
1971 3832 2097 3886 per-

508 3907 827 3961 suadebant.
864 3905 920 3959 id
957 3906 1065 3960 vini
1103 3921 1273 3976 genus
1307 3921 1638 3977 magnopere
1672 3908 1977 3963 admiratus
2011 3918 2096 3964 est

510 4013 624 4061 rex,
666 4013 961 4067 secumque
1001 3998 1256 4067 abstulit;
1294 4014 1483 4054 verum
1521 4015 1585 4055 ex
1628 4015 1693 4056 eo
1732 4011 1974 4070 tempore
2008 4017 2099 4056 ars

510 4090 815 4158 hujusmodi
843 4092 1259 4163 gastrimargica
1290 4094 1432 4148 inter
1454 4092 1803 4148 Christianos
1825 4096 2097 4149 oblivione

508 4182 684 4237 deleta
731 4193 835 4238 est.
877 4184 1112 4237 Aurunt'
1134 4185 1330 4239 deinde
1381 4196 1775 4254 argentumque
1821 4197 1879 4240 et
1922 4188 2099 4241 omnis

510 4273 748 4340 pretiosa
779 4272 944 4327 vestis
979 4288 1047 4327 ex
1106 4273 1315 4327 aedibus
1343 4274 1667 4341 optimatum
1701 4274 1928 4328 collecta
1959 4291 2100 4343 prae-

513 4368 669 4421 fectis
694 4365 872 4419 tmarii
905 4366 1039 4435 regii
1071 4366 1265 4420 tradita
1297 4363 1396 4419 fuit
1427 4382 1443 4419 :
1473 4375 1667 4420 statuae
1691 4381 1910 4435 quoque
1937 4369 2102 4433 depo-

2251 1869 2504 1926 Proxima
2548 1886 2677 1928 vero
2719 1882 2907 1929 aestate
2949 1860 3323 1928 adventarun't
3360 1870 3610 1925 Amidam
3660 1868 3775 1924 Ro-

2185 1961 2352 2027 mani,
2381 1958 2706 2017 ducentibus
2731 1962 3034 2017 exercitum
3062 1960 3305 2017 Patricio
3334 1974 3589 2031 supremo
3614 1960 3773 2023 duce,

2187 2064 2455 2124 provectae
2482 2054 2662 2110 aatatis
2687 2055 2838 2121 viro,
2868 2064 2924 2110 et
2952 2065 3105 2111 recto
3131 2069 3197 2110 ac
3229 2053 3370 2109 iideli
3387 2095 3404 2120 ,
3431 2055 3528 2109 sed
3559 2052 3776 2108 consilii

2185 2146 2367 2216 inope,
2391 2161 2512 2202 cum
2537 2145 2795 2218 Hypatio,
2818 2147 3009 2203 Celere
3032 2148 3316 2218 magistro,
3340 2155 3396 2201 et
3413 2144 3726 2200 Areobindo
3753 2162 3770 2200 :

2185 2241 2505 2308 quibuscum
2553 2248 2673 2295 erat
2723 2241 2885 2296 etiam
2935 2238 3183 2296 Justinus
3230 2254 3418 2294 comes
3447 2279 3467 2306 ,
3510 2239 3603 2309 qui
3653 2247 3775 2307 post

2185 2334 2534 2390 Anastasium
2563 2348 2859 2405 purpuram
2888 2334 3085 2389 induit.
3114 2333 3178 2388 Hi
3206 2332 3423 2389 collatis
3448 2333 3654 2388 viribus
3678 2348 3774 2387 ur-

2187 2427 2309 2482 bem
2345 2437 2576 2498 quatere
2611 2426 2751 2482 bello
2784 2435 3091 2497 coeperunt,
3127 2426 3370 2481 turribus
3407 2425 3621 2495 ligneis,
3653 2440 3775 2478 ma-

2187 2518 2388 2586 chinis,
2431 2519 2728 2585 cuniculis;
2772 2528 3049 2589 portaeque
3088 2518 3213 2588 ipsi,
3260 2518 3346 2573 cui
3389 2532 3584 2573 nomen
3632 2517 3780 2571 ﬂar-

2188 2611 2394 2677 Zoane,
2423 2612 2602 2681 ignem
2635 2612 2942 2681 injecerunt
2972 2626 2987 2665 :
3018 2626 3207 2665 verum
3238 2611 3488 2681 ingressu
3521 2610 3776 2679 prohibiti

2192 2712 2231 2759 a'
2255 2704 2437 2759 Persis
2467 2714 2617 2768 sunt,
2643 2704 2737 2774 qui
2769 2715 2983 2772 portam
3014 2704 3197 2760 denuo
3224 2704 3576 2769 clauserunt;
3610 2719 3781 2773 quare

2192 2798 2395 2852 frustra
2424 2797 2571 2853 fuere
2602 2797 2857 2863 Romani,
2889 2812 3064 2867 neque
3097 2798 3286 2853 urbem
3319 2806 3497 2851 marte
3524 2797 3778 2850 obtinere

2192 2901 2506 2960 potuerunt.
2539 2888 2659 2944 Jam
2693 2901 2897 2958 quanta
2927 2890 3092 2945 fuerit
3121 2890 3303 2961 populi
3334 2890 3584 2959 angustia
3619 2887 3773 2942 famis

2192 2996 2383 3047 causa,
2415 2997 2534 3051 qum
2565 2982 2619 3037 in
2650 2983 2768 3038 dies
2797 2984 3078 3049 saeviebat,
3110 2982 3248 3038 adeo
3278 2992 3338 3036 ut
3366 2982 3517 3037 cives
3547 2981 3778 3035 invicem

2197 3073 2557 3139 devorareut;
2591 3088 2867 3143 quamque
2901 3082 3039 3129 tetra
3070 3083 3123 3129 et
3157 3073 3526 3144 laerymabilis
3554 3073 3622 3125 sit
3657 3072 3778 3125 haec

2199 3166 2461 3230 narratio,
2503 3167 2556 3221 in
2594 3168 2848 3237 sequenti
2882 3169 3122 3235 capitulo
3157 3168 3337 3239 palam
3372 3169 3488 3235 flet,
3528 3163 3617 3222 ubi
3652 3163 3783 3221 belli

2196 3256 2507 3312 Amidensis
2538 3258 2826 3313 historiam
2858 3274 3178 3330 persequor.

2856 3393 3011 3451 CAP.
3053 3397 3121 3450 Χ.

2628 3508 2704 3563 De
2742 3510 3097 3579 redemptione
3129 3512 3356 3567 Amida.

2268 3618 2516 3675 Cavades
2551 3636 2667 3686 rex,
2703 3635 2828 3677 cum
2864 3623 2932 3676 ab
2969 3623 3104 3678 urbe
3136 3622 3351 3686 Amida,
3390 3624 3466 3678 uti
3504 3638 3669 3692 supra
3706 3622 3793 3679 di—

2199 3714 2345 3761 ctum
2374 3716 2479 3774 est,
2509 3724 2631 3763 cum
2658 3711 2901 3766 exercitu
2929 3711 3251 3778 discederet,
3279 3713 3501 3780 reliquit
3525 3715 3598 3769 ibi
3627 3714 3795 3784 Eglo-

2201 3812 2324 3852 nem
2358 3801 2571 3867 ducem,
2605 3802 2848 3869 duosque
2878 3802 3186 3873 prtefectos,
3214 3814 3269 3860 et
3300 3792 3407 3859 tria
3439 3806 3662 3862 circiter
3687 3808 3793 3863 mi-

2201 3890 2354 3944 litum
2401 3892 2568 3946 millia
2611 3894 2847 3963 prtesidii
2890 3910 3087 3963 causa,
3130 3912 3253 3952 cum
3295 3898 3504 3954 duobus
3551 3899 3795 3955 tribusve

2199 3984 2554 4051 Optimatibus
2583 3987 2810 4055 aliisque
2834 3989 3074 4055 ejusdem
3107 3990 3260 4044 urbis
3286 3990 3616 4047 hominibus.
3645 3990 3787 4047 Cum

2201 4087 2380 4129 autem
2427 4078 2672 4145 praedicti
2717 4080 3086 4135 Romanorum
3126 4082 3295 4138 duces
3330 4083 3579 4137 Amidam
3620 4098 3795 4153 expu-

2200 4185 2370 4239 gnare
2406 4187 2750 4241 nequaquam
2793 4174 3137 4237 potuissent,
3175 4173 3447 4231 Patricius
3479 4177 3697 4232 tandem
3734 4179 3792 4232 in

2201 4259 2495 4317 Persarum
2541 4273 2718 4317 terras
2763 4263 3084 4329 descendit,
3129 4265 3482 4336 captivosque
3528 4268 3692 4334 ferit,
3736 4280 3798 4326 et

2204 4356 2412 4408 munita
2442 4355 2668 4409 castella
2699 4355 2936 4410 obtinuit
2960 4374 2974 4412 :
3000 4357 3344 4413 Areobindns
3370 4373 3501 4414 vero
3528 4369 3584 4416 et
3613 4359 3793 4434 Hypa-

511 4457 630 4512 sitae
653 4470 799 4525 sunt,
825 4466 878 4513 et
907 4456 1179 4524 horologia
1209 4454 1457 4524 (salaria)
1481 4464 1536 4507 et
1563 4454 1775 4523 publica
1803 4470 2088 4522 marmora,

2206 4447 2313 4501 tius
2353 4444 2564 4499 Nisibin
2611 4448 2850 4515 aggressi
2897 4458 3051 4514 sunt,
3092 4463 3404 4519 quanquam
3449 4451 3570 4518 ejus
3613 4454 3796 4508 muni-

512 4557 567 4598 et
599 4561 676 4600 aes
709 4561 901 4611 omne,
932 4555 987 4599 et
1021 4544 1282 4613 quidquid
1320 4543 1530 4596 libitum
1565 4543 1695 4603 fuit,
1735 4545 2099 4602 tumultuariis

513 4634 729 4705 scaphis
774 4636 1084 4706 impositum
1134 4651 1231 4705 per
1274 4634 1512 4705 Tigrim,
1559 4636 1649 4705 qui
1695 4648 1903 4707 partem
1950 4641 2099 4695 urbis

513 4727 834 4780 orientalem
865 4723 1202 4797 praeterﬂuit,
1236 4725 1291 4778 in
1318 4724 1595 4780 Persidem
1627 4728 1995 4791 deferebatur.

586 4815 849 4886 Conquiri
891 4813 1091 4870 deinde
1131 4814 1224 4869 rex
1261 4814 1423 4882 jussit
1463 4818 1614 4873 urbis
1654 4823 2007 4892 magistratus
2043 4831 2100 4878 et

514 4908 937 4976 gubernatores,
972 4905 1131 4974 eique
1163 4907 1329 4962 oblati
1368 4919 1494 4964 sunt
1536 4908 1792 4968 Leontius
1832 4923 1888 4968 et
1924 4913 2101 4983 Cyrus

518 4996 839 5067 praefectus,
886 4997 979 5066 qui
1028 4998 1135 5052 telo
1181 4998 1499 5056 vulneratus
1542 5003 1755 5067 fuerat,
1803 5003 2103 5073 reliquique

519 5091 705 5143 duces.
730 5086 865 5143 Nam
892 5102 1234 5145 mconomum
1263 5093 1482 5163 quidem
1512 5095 1739 5149 Paulum
1768 5094 2102 5152 Bar-Zainab

520 5177 703 5233 Persa!
734 5178 1160 5246 trucidaverant,
1195 5197 1264 5237 ne
1301 5184 1347 5238 is
1382 5184 1522 5239 forte
1555 5186 1667 5255 regi
1702 5186 1808 5238 vim
1848 5201 2097 5254 magnam

520 5268 640 5322 auri
672 5270 1042 5335 renuntiaret,
1071 5284 1189 5341 qua:
1218 5274 1358 5343 apud
1390 5276 1563 5343 ipsum
1592 5285 1869 5344 comperta
1898 5275 2098 5330 fuerat.

521 5358 808 5413 Leontium
846 5361 1042 5417 deinde
1076 5373 1130 5418 et
1162 5363 1364 5435 Cyrum
1401 5374 1551 5420 veste
1585 5366 1805 5421 sordida
1846 5367 2099 5433 indutos,

522 5452 652 5507 fune
694 5451 857 5506 suillo
897 5453 1054 5509 collis
1099 5456 1344 5527 illigato,
1388 5472 1691 5527 porcasque
1738 5458 1982 5514 fetuellas
2024 5462 2104 5514 eis

524 5543 883 5611 impatientes,
904 5548 1289 5628 trahentesque
1313 5549 1549 5604 infamiae
1568 5564 1733 5605 causa
1757 5550 2101 5606 clamabant:

526 5631 641 5687 lioc
660 5636 949 5704 opprobrio
982 5638 1127 5708 digni
1163 5649 1290 5693 sunt
1324 5638 1564 5707 praefecti
1601 5640 1675 5695 illi
1710 5642 1803 5710 qui
1841 5641 1979 5696 male
2014 5659 2106 5695 ur-

524 5723 646 5779 bem
687 5742 840 5783 suam
883 5739 1162 5795 rexerunt,
1205 5746 1379 5799 neque
1419 5732 1534 5800 ejus
1578 5732 1833 5802 populum
1875 5735 1943 5788 ab
1984 5735 2105 5789 irri-

2204 4538 2381 4592 tioues
2425 4551 2695 4607 occupare
2736 4536 2938 4592 frustra
2982 4541 3163 4594 conati
3213 4552 3363 4607 sunt,
3408 4542 3624 4599 civibus
3664 4544 3797 4601 licet

2204 4632 2482 4686 Romanos
2515 4631 2984 4698 desiderantibus,
3014 4633 3247 4704 ideoque
3281 4635 3591 4705 languidius
3625 4639 3798 4693 resis-

2205 4724 2463 4779 tentibus.
2488 4723 2569 4781 Re
2596 4724 2870 4782 intellecta
2895 4726 3138 4782 Cavades
3165 4742 3292 4783 cum
3323 4731 3567 4785 exercitu
3598 4740 3794 4786 contra

2205 4816 2486 4871 Romanos
2517 4815 2798 4886 profectus
2828 4826 2948 4883 est,
2980 4818 3071 4887 qui
3102 4833 3163 4873 se
3192 4818 3337 4889 fuga
3367 4821 3796 4888 commiserunt,

2203 4908 2543 4963 Areohindus
2580 4910 2804 4979 quidem
2844 4925 2911 4965 ex
2957 4925 3089 4978 agro
3124 4911 3578 4978 Arzamenorum,
3615 4912 3801 4968 Patri-

2204 4999 2324 5054 cius
2349 5014 2481 5054 vero
2504 5010 2560 5054 et
2590 5000 2854 5071 Hypatius
2880 5017 2910 5056 e
2937 5002 3160 5071 Siphriu
3190 5004 3438 5070 castello,
3469 5006 3676 5061 relictis
3705 5020 3799 5059 ea-

2204 5091 2334 5146 stris
2366 5091 2883 5163 impedimentisque
2912 5095 3048 5157 suis,
3078 5109 3143 5149 ac
3174 5095 3360 5151 multis
3388 5096 3545 5164 equis
3576 5097 3801 5167 (pra-ter

2205 5184 2328 5238 illos
2366 5185 2567 5254 quibus
2600 5184 2701 5253 ipsi
2737 5184 3073 5255 insidebant)
3108 5187 3201 5255 qui
3236 5201 3296 5241 se
3332 5188 3557 5257 rupibus
3599 5188 3799 5256 praeci-

2205 5278 2347 5347 pites
2385 5278 2688 5341 dederunt,
2727 5288 2785 5333 et
2820 5280 2904 5333 vel
2951 5278 3195 5347 graviter
3227 5279 3501 5334 vulnerati
3542 5290 3679 5335 sunt
3713 5281 3803 5335 vel

2205 5370 2454 5424 distracti
2501 5370 2807 5438 perierunt.
2859 5370 3011 5427 Unus
3056 5373 3201 5427 inter
3243 5372 3347 5428 hos
3394 5373 3803 5430 Pharazmenes

2208 5460 2440 5515 feliciter
2466 5477 2608 5531 saepe
2634 5463 2913 5532 pugnavit,
2943 5478 3211 5533 suumque
3238 5478 3436 5520 nomen
3461 5464 3671 5533 jamdiu
3702 5480 3801 5520 no-

2211 5564 2321 5606 tum
2351 5553 2868 5624 formidandumque
2894 5554 3078 5611 Persis
3103 5557 3439 5623 reddiderat,
3465 5573 3607 5627 quos
3632 5558 3803 5613 variis

2209 5646 2657 5715 aggressiouibns
2703 5649 2934 5717 carptim
2986 5648 3265 5704 minuebat
3309 5651 3798 5719 consumebatquc.

2212 5739 2282 5790 ita
2330 5746 2387 5791 ut
2435 5738 2609 5794 timidi
2654 5751 2780 5796 aute
2823 5741 3000 5807 ipsum
3044 5751 3391 5798 corruerent.
3439 5740 3534 5797 llic
3580 5740 3800 5797 demum
