4070 6422
337 273 466 338 1161

1399 270 1507 329 ΕΧ
1543 265 1906 328 HISTORIA
1946 258 2540 324 ECCLESIASTICA.

3460 251 3596 315 1162

291 387 294 390 ’
333 405 454 446 cum
490 385 800 458 quingentis
834 384 1106 456 equitibus
1135 382 1383 438 Amidam
1420 382 1681 446 accessit,
1715 379 1906 448 coepit-
1937 381 1984 437 Α
2013 377 2347 430 conditiones
2365 371 2662 442 Persisjatn
2683 369 2973 423 debilitatis
2995 369 3189 422 obtulit
3211 370 3589 438 :quatnobrem

333 498 441 555 que
471 481 698 536 insidias
728 489 939 534 struere
966 477 1168 540 Persis,
1195 476 1282 543 qtti
1316 475 1624 544 pabulatum
1657 475 1710 527 in
1743 487 1909 542 pagos

324 575 586 636 exibant,
631 587 768 641 quos
819 570 1014 640 partim
1054 568 1370 630 occidebat,
1409 567 1614 636 partim
1657 567 1913 636 gregibus

337 665 602 733 equisque
631 662 915 732 spoliabat.

406 756 511 810 Per
534 757 584 808 id
618 765 829 821 tempus
856 752 1283 806 Pltarazmcncm
1312 751 1443 804 adiit
1467 751 1549 804 vir
1570 750 1797 804 Callidus
1821 749 1906 803 eui

331 863 530 905 nomen
561 845 832 908 Gadauas,
864 859 893 896 e
924 860 1061 913 pago
1088 843 1455 907 Achedormn,
1484 858 1642 912 quem
1671 858 1770 912 ego
1799 843 1912 910 ipse

336 943 402 995 de
429 940 564 994 facie
588 938 737 1004 novi,
762 937 1014 1004 cepitque
1038 952 1158 988 cum
1190 950 1254 990 ee
1282 935 1564 988 consilium
1590 917 1754 990 dandi
1782 949 1913 1003 ope-

336 1049 450 1088 ram
489 1041 608 1084 astu
647 1031 828 1098 aliquo
863 1038 916 1081 et
955 1027 1142 1081 fraude
1179 1040 1235 1080 ut
1265 1027 1440 1096 Eglon
1475 1025 1764 1081 Persarum
1806 1028 1912 1079 dux

337 1141 457 1177 cum
505 1123 760 1176 trecentis
797 1119 874 1173 vel
915 1119 1323 1189 quadringentis
1361 1121 1632 1188 equitibus
1671 1136 1735 1174 cx
1781 1120 1914 1174 urbe

337 1215 598 1285 prodiret.
635 1213 826 1266 Clarus
864 1222 1090 1264 venator
1124 1220 1242 1264 erat
1284 1211 1539 1266 Gadanas
1577 1212 1912 1266 silvestrium

337 1308 599 1368 l'erarmn,
629 1305 905 1373 perdicum
937 1312 993 1358 et
1022 1301 1417 1368 columbarum,
1443 1313 1668 1372 eratque
1699 1305 1745 1358 ei
1781 1305 1916 1359 liber

338 1411 592 1451 accessus
621 1397 686 1448 ad
718 1394 1002 1465 Eglonem,
1037 1395 1122 1448 cui
1156 1395 1222 1448 de
1252 1411 1350 1447 suo
1383 1407 1580 1450 venatu
1616 1407 1798 1465 partes
1829 1396 1915 1451 ol-

337 1487 567 1549 ferebal,
612 1502 807 1540 mensie
849 1501 1063 1574 quoque
1103 1487 1343 1555 ejusdem
1392 1489 1696 1554 adhibitus;
1737 1504 1766 1540 a
1809 1503 1918 1558 quo

269 1605 272 1608 -
335 1578 578 1631 vicissim
629 1579 836 1630 urbana
882 1577 1055 1631 oﬂicia
1107 1577 1248 1631 battd
1293 1589 1438 1632 certe
1487 1579 1711 1632 minoris
1756 1580 1913 1649 pretii

340 1670 684 1735 impetrabat.
722 1668 816 1721 llic
853 1671 1068 1724 tandem
1105 1670 1291 1736 Egloni
1329 1672 1482 1732 dixit,
1518 1672 1787 1726 ltumanos
1824 1687 1912 1740 pe-

339 1763 479 1816 dites
507 1763 589 1815 vix
620 1777 836 1830 aequare
863 1763 1232 1816 centenarium
1267 1780 1576 1824 numerum,
1606 1781 1726 1816 cum
1761 1766 1915 1832 quin-

339 1855 515 1918 gentis
548 1854 841 1922 equitibus,
861 1862 1174 1923 septemque
1208 1854 1426 1909 circiter
1457 1871 1707 1921 passuum
1749 1855 1913 1910 mtili-

339 1945 441 1998 bus
481 1944 550 1997 ab
587 1944 720 1996 urbe
760 1947 952 1998 abesse
995 1945 1045 1996 in
1092 1943 1208 1998 loco
1250 1945 1393 1997 dicto
1439 1945 1640 2000 Habeto
1683 1944 1861 2000 Rolien
1891 1962 1916 2001 .:

339 2049 510 2102 quare
540 2036 714 2088 amice
744 2035 791 2088 ei
827 2036 1107 2098 suadebat,
1138 2047 1196 2089 ttt
1229 2036 1294 2088 ad
1330 2037 1614 2104 pl‘il‘tlillida
1647 2047 1915 2102 armenta,

334 2124 664 2180 occidendos
693 2125 990 2190 Romanos,
1020 2126 1359 2196 gloriamque
1390 2126 1492 2181 sibi
1524 2126 1916 2180 conriliandam

337 2218 600 2287 prodiret.
638 2217 783 2272 Misit
827 2227 1004 2270 tamen
1050 2217 1218 2286 Eglon
1261 2217 1663 2287 exploratores,
1701 2219 1790 2287 qui
1835 2234 1919 2272 re-

339 2313 511 2380 gressi
561 2326 760 2378 paucos
807 2311 1078 2364 Romanos
1116 2324 1391 2379 equosque
1432 2327 1489 2363 se
1531 2311 1726 2365 vidisse
1770 2311 1921 2364 dixe-

339 2412 487 2456 runt.
516 2400 652 2466 Tum
679 2403 954 2455 accinctus
983 2402 1149 2472 Eglott
1179 2417 1298 2454 cum
1328 2401 1739 2472 quadringentis
1766 2401 1917 2470 cqui-

338 2495 480 2548 tibus
503 2494 657 2555 exiit,
685 2496 854 2560 ipsttttt
879 2492 1158 2546 Gadanam
1186 2492 1326 2548 mulo
1352 2493 1666 2562 impositum
1691 2492 1917 2556 ducens,

339 2599 366 2634 a
387 2583 568 2649 quoin
597 2583 787 2635 mcuiis
812 2582 1180 2635 [tertianorum
1205 2583 1417 2636 insidiis
1439 2584 1768 2637 constitutus
1785 2581 1918 2635 fuit:

338 2682 500 2741 atque
536 2674 602 2726 ita
643 2672 836 2726 Persas
871 2671 1098 2728 Romani
1132 2673 1406 2728 occisione
1439 2673 1790 2740 occiderunt,
1826 2686 1919 2725 ca-

339 2776 542 2834 putque
579 2763 797 2829 Eglonis
831 2765 882 2817 in
917 2765 1199 2818 castellum
1236 2766 1496 2820 tulerunt.

414 2853 537 2906 lla'c
569 2857 742 2907 (ῆι-ἀνθ
771 2854 879 2906 lilio
907 2853 1127 2922 Eglonis
1158 2870 1408 2924 magnum
1440 2870 1728 2912 mmrorem
1755 2856 1923 2913 iram-

338 2960 445 3012 que
481 2944 700 3012 injecit;
737 2949 976 3014 prtel'ecti
1013 2956 1192 3000 autem
1231 2950 1503 3004 cautiores
1541 2950 1754 3016 redditi,
1788 2952 1920 3006 civi-

341 3034 441 3090 bus
498 3036 735 3090 obsessis
798 3042 936 3090 haud

336 3126 570 3180 exeundi
604 3130 667 3180 ad
689 3130 978 3210 uutnlinas,
999 3147 1119 3200 quae
1152 3148 1318 3200 prope
1349 3133 1544 3187 mantia
1567 3133 1923 3204 ﬁebant,quo

343 3217 530 3271 rustici
561 3219 765 3283 viuum,
799 3221 1037 3273 triticum
1069 3221 1284 3292 aliaque
1314 3223 1363 3277 id
1399 3240 1568 3292 genus
1596 3240 1625 3278 e
1655 3226 1804 3296 pagis
1830 3227 1922 3279 de-

339 3305 606 3374 ferebant,
634 3321 686 3361 ut
716 3309 897 3364 Persis
923 3327 1076 3380 :rqtte
1104 3327 1170 3368 ac
1197 3315 1404 3368 civibus
1430 3317 1725 3370 venderent
1754 3333 1766 3369 :
1799 3334 1919 3369 nam

338 3400 532 3455 delecti
574 3403 783 3471 equites
823 3403 1042 3455 obviam
1087 3403 1237 3469 facti,
1279 3406 1514 3462 rusticos
1555 3406 1918 3474 excipiebant,

333 3499 502 3561 atque
537 3492 590 3545 in
629 3493 817 3546 urbem
854 3495 1198 3548 deducebant
1233 3513 1246 3550 :
1285 3511 1582 3566 nemoque,
1609 3497 1763 3564 juxta
1803 3499 1920 3551 Ian-

335 3584 570 3639 (labilem
596 3584 881 3640 Persarum
909 3587 1076 3656 legem
1105 3587 1237 3657 (lii),
1262 3603 1522 3658 pagorum
1548 3590 1736 3644 incolis
1758 3591 1918 3660 quid-

333 3691 500 3746 quam
546 3679 756 3746 eripere
799 3679 1061 3746 audebat;
1103 3683 1194 3734 sed
1243 3682 1294 3734 bi
1339 3698 1434 3749 pro
1479 3682 1627 3736 libito
1668 3698 1755 3736 res
1794 3698 1921 3738 suas

333 3771 517 3839 pretio
550 3771 884 3836 vendebant,
927 3773 1280 3842 vicissimque
1317 3775 1368 3830 in
1407 3776 1629 3828 urbanis
1667 3775 1919 3830 nundinis

330 3860 458 3928 quae
501 3861 602 3914 sibi
647 3877 782 3932 opus
829 3871 986 3916 erant
1032 3865 1372 3923 coemebant.
1418 3864 1801 3921 Verumtamen
1847 3867 1919 3922 ob

326 3948 557 4020 Eglonis
603 3950 829 4021 ejusque
872 3963 1205 4010 armatorum
1249 3955 1488 4021 caedem,
1535 3957 1615 4010 hae
1665 3960 1918 4012 nundinae

327 4043 634 4110 desierunt,
661 4057 717 4098 et
746 4045 837 4113 qui
870 4045 1059 4113 reliqui
1092 4052 1250 4099 erant
1283 4046 1334 4098 in
1369 4045 1499 4101 urbe
1527 4049 1838 4117 Optitnales,
1864 4061 1918 4105 et

324 4135 615 4190 hominum
651 4137 820 4191 ferme
857 4138 1040 4191 decem
1081 4138 1242 4191 millia
1286 4139 1336 4192 in
1373 4141 1605 4194 stadium
1646 4143 1914 4210 quoddam

326 4226 545 4280 detrusi
577 4227 796 4280 {uerunt
827 4243 856 4280 a
889 4228 1150 4287 militibus
1184 4229 1514 4284 custoditum
1553 4249 1567 4285 :
1600 4232 1691 4301 qui
1725 4233 1917 4288 alimo-

325 4315 421 4371 nia
457 4317 700 4371 destituti
740 4318 875 4372 mori
913 4331 1216 4388 creperum,
1252 4330 1534 4390 postquam
1572 4339 1667 4376 sua
1705 4324 1916 4381 calcea-

1033 3040 1285 3108 deinCt-ps
1357 3043 1566 3108 copiam
1645 3042 1992 3123 faciebantc

2013 469 2330 524 sedentibus
2357 469 2408 520 iu
2439 465 2586 518 urbis
2613 472 2762 534 porta
2794 462 3162 515 Romanorum
3195 461 3592 530 Persarumque

2017 564 2278 627 ducibus,
2317 563 2537 616 exibant
2575 561 2693 613 sine
2729 563 2896 612 armis
2932 561 3106 612 Persa:
3144 553 3402 626 quidquid
3441 564 3590 625 pote-

2019 664 2140 709 rant
2163 670 2343 709 secum
2375 654 2607 707 ferentes
2632 670 2645 707 :
2675 655 2762 721 qui
2792 665 2968 705 autem
2995 669 3024 704 e
3047 653 3256 705 civibus
3280 667 3372 705 eos
3399 665 3594 718 seque-

2015 745 2232 811 bantur,
2277 748 2427 815 optio
2477 746 2556 799 eis
2611 745 2930 797 nominatim
2988 744 3174 805 ﬁebat,
3220 755 3274 795 ut
3309 743 3590 809 siquidem

2019 855 2240 893 manere
2281 839 2504 900 vellent,
2551 837 2765 900 liceret;
2812 852 2966 890 secus
3015 835 3184 888 libere
3235 851 3354 886 cum
3411 834 3592 887 Persis

2017 933 2228 986 abirent
2266 950 2278 985 :
2318 941 2480 999 atque
2519 931 2588 984 ita
2624 944 2687 983 ex
2731 929 2862 982 utbe
2902 929 3192 996 migratum
3237 927 3354 981 fuit.
3393 926 3591 980 Cavadi

2017 1033 2195 1078 tamen
2229 1035 2442 1076 centum
2472 1037 2632 1088 supra
2665 1021 2809 1074 mille
2834 1021 2948 1073 auri
2983 1020 3158 1090 pondo
3189 1021 3313 1072 data
3345 1027 3468 1070 sunt
3501 1031 3596 1086 per

2011 1115 2258 1170 Celerem
2294 1113 2639 1181 tuagislrttttt,
2674 1112 2964 1177 redemptae
2998 1109 3148 1162 urbis
3181 1108 3434 1176 pacisque
3468 1119 3592 1174 pre-

2021 1208 2174 1260 tium.
2193 1203 2436 1259 Foaderis
2453 1203 2775 1270 conscriptae
2801 1200 2992 1254 tabulae
3016 1201 3124 1269 regi
3150 1201 3216 1253 ad
3241 1197 3592 1254 subscriben-

2017 1298 2143 1350 dum
2195 1295 2388 1350 oblatae
2439 1294 2684 1355 fuerunt;
2733 1292 2822 1361 qui
2873 1291 3194 1357 interposito
3244 1303 3455 1351 somno,
3503 1300 3598 1355 per

2019 1388 2191 1439 visum
2229 1385 2539 1440 admonitus
2573 1393 2654 1439 est
2693 1399 2759 1438 ne
2795 1397 2980 1451 pacem
3017 1390 3395 1450 componeret;
3431 1391 3598 1448 quare

2017 1486 2368 1545 experrectus
2392 1479 2650 1544 scriptum
2676 1473 2961 1538 conscidit,
2983 1483 3036 1527 et
3060 1473 3111 1526 in
3140 1471 3440 1536 Persidem,
3462 1484 3596 1522 auro

2018 1585 2198 1623 secum
2231 1566 2436 1631 ablato,
2471 1567 2717 1621 recessit.
2754 1565 2921 1619 Porro
2955 1563 3356 1618 Pbarazmenes
3391 1561 3509 1614 urbi
3542 1568 3601 1614 et

2023 1660 2215 1714 incolis
2247 1659 2690 1713 administrandis
2724 1659 3018 1721 remansit,
3049 1658 3138 1726 qui
3175 1655 3376 1710 tributo
3404 1656 3600 1709 immu-

2023 1771 2120 1809 nes
2153 1753 2372 1807 decreto
2406 1751 2637 1807 Cati-saris
2678 1767 2772 1821 per
2806 1752 3152 1818 septennium
3190 1750 3442 1816 fuerunt;
3478 1759 3602 1802 eos-

2019 1859 2124 1911 que
2156 1842 2384 1910 benigne
2413 1847 2710 1906 tractabat,
2741 1849 2795 1894 et
2827 1841 2917 1908 qui
2946 1855 2975 1893 e
3004 1838 3321 1908 captivitate
3353 1838 3602 1892 redibant

2019 1935 2296 1988 beneﬁciis
2320 1933 2571 1998 ornabat,
2589 1941 2926 2002 cunctosque
2948 1947 3046 2002 pro
3069 1931 3406 2002 singulorum
3431 1930 3600 2000 gradu

2020 2027 2240 2097 paciliee
2282 2026 2590 2095 excipiebat
2631 2043 2645 2080 :
2688 2027 3042 2095 quamobrem
3087 2025 3280 2079 civitas
3324 2024 3505 2093 quiete
3547 2031 3602 2076 et

2023 2123 2412 2192 tranquillitate
2441 2121 2544 2176 frui
2579 2123 2766 2192 coepit,
2793 2131 2957 2191 atque
2987 2123 3212 2177 aediﬁcia
3244 2122 3297 2175 in
3330 2120 3603 2175 mmnibus

2020 2216 2202 2285 augeri
2242 2233 2256 2268 :
2294 2215 2358 2268 ad
2402 2229 2632 2283 eamque
2677 2216 2875 2270 missus
2916 2225 3000 2269 est
3039 2215 3326 2284 episcopus
3363 2214 3602 2269 Thomas

2023 2305 2342 2367 monachus,
2387 2304 2468 2358 vir
2511 2305 2785 2373 paciﬁcus,
2828 2306 3001 2360 cernis
3048 2315 3210 2373 atque
3262 2304 3596 2360 misericors.

2018 2395 2245 2464 Insuper
2273 2396 2364 2449 Dei
2389 2396 2732 2464 providentia
2766 2397 2891 2450 illuc
2921 2397 3145 2450 adduxit
3173 2398 3238 2450 de
3269 2396 3601 2449 monasterio

2020 2486 2393 2541 C.tl:ll'il}0l'lllll
2439 2486 2748 2542 Samnelem
2794 2487 3109 2556 quemdam,
3156 2487 3328 2538 virum
3371 2484 3599 2554 justum,

2022 2589 2074 2630 ct
2110 2579 2492 2634 miraculorum
2525 2588 2898 2649 operatorem,
2933 2579 3088 2632 nodis
3116 2575 3468 2649 (dtemouum)
3500 2589 3600 2630 ex-

2021 2671 2304 2741 pediendis
2344 2671 2620 2734 idoneum,
2659 2671 2748 2740 qui
2791 2671 2906 2726 suis
2947 2673 3199 2740 precibus
3240 2671 3429 2724 urbem
3471 2684 3605 2726 con-

2025 2761 2281 2826 servarit,
2309 2771 2365 2818 et
2390 2762 2690 2832 quamlibet
2721 2763 2930 2818 civibus
2957 2777 3113 2832 opem
3151 2761 3426 2830 prtesutit.

2663 2897 2813 2952 CAP.
2857 2897 2943 2950 XI.

2461 3013 2536 3068 De
2567 3012 2696 3066 urbe
2735 3013 2881 3065 Dara
2912 3015 3148 3068 condita.

2090 3128 2350 3184 Graviter
2386 3128 2678 3182 admodum
2717 3127 2989 3195 increpuit
3045 3128 3372 3183 Anastasius
3415 3127 3603 3186 (laser

2027 3222 2306 3276 ltotuanos
2337 3220 2537 3274 milites
2567 3235 2872 3288 eorumque
2905 3219 3092 3283 duces,
3143 3219 3236 3288 qui
3286 3219 3352 3273 ad
3385 3219 3602 3290 imperii

2027 3314 2364 3383 ntetropolim
2420 3322 2547 3382 post
2608 3312 2809 3366 bellum
2870 3310 3148 3365 Persicum
3212 3322 3604 3381 pervenerunt,

2023 3410 2152 3476 quia
2199 3407 2412 3460 scilicet
2448 3407 2589 3459 haud
2635 3420 2700 3458 ex
2753 3405 2873 3473 ejus
2924 3406 3218 3472 sententia,
3269 3421 3431 3476 quam
3495 3405 3605 3461 Deo

2020 3495 2295 3565 placuisse
2347 3494 2626 3563 sperabat,
2685 3494 2886 3547 bellum
2933 3508 3195 3562 prospere
3241 3509 3364 3549 cum
3420 3493 3604 3549 Persis

2023 3589 2352 3659 gessissent,
2395 3601 2576 3656 neque
2602 3601 2698 3640 eos
2725 3586 2916 3652 armis,
2956 3587 3049 3640 sed
3084 3601 3218 3640 auro
3248 3602 3276 3638 a
3309 3601 3369 3640 se
3410 3586 3601 3650 misso,

2020 3679 2216 3732 Amida
2241 3678 2600 3746 expulissent.
2643 3675 2720 3729 Illi
2758 3686 2948 3730 contra
2980 3691 3041 3730 se
3080 3678 3384 3745 purgabant
3419 3678 3604 3732 dicens

2024 3781 2104 3824 tes
2153 3771 2380 3823 arduum
2422 3768 2590 3822 luisse
2628 3768 2828 3820 bellum
2857 3781 2981 3822 cum
3028 3783 3152 3836 rege
3182 3783 3391 3836 gerere,
3439 3783 3601 3836 quem

2022 3862 2149 3916 licet
2180 3863 2463 3933 Assyrium
2492 3872 2546 3915 et
2570 3861 2802 3924 hostem,
2834 3859 2975 3915 Deus
3007 3870 3186 3913 tamen
3217 3860 3270 3912 in
3299 3859 3599 3919 Romanam

2020 3956 2278 4009 ditionem
2331 3954 2638 4009 immiserat
2693 3962 3037 4021 peccatorum
3067 3949 3246 4029 causa
3297 3954 3602 4021 puniendo-

2021 4063 2163 4111 rum,
2198 4059 2252 4100 ut
2286 4047 2513 4115 ipsemet
2555 4045 2698 4101 Deus
2740 4046 3135 4111 aﬂirmaver-at;
3184 4055 3382 4114 praeter
3435 4062 3596 4114 quam

2019 4141 2160 4208 quod
2193 4139 2434 4194 exercitu
2471 4140 2633 4192 etiam
2665 4138 2820 4193 valde
2849 4153 3140 4192 numeroso
3177 4138 3412 4207 stipatus
3454 4149 3594 4203 erat,

2017 4231 2098 4287 Ad
2146 4231 2356 4292 Nisibin
2407 4233 2548 4301 quod
2598 4233 2815 4295 attinet,
2861 4247 2981 4284 eam
3031 4246 3256 4299 prorsus
3298 4234 3595 4302 expugnari

2020 4341 2125 4379 non
2159 4325 2420 4394 potuisse,
2477 4324 2701 4379 absente
2724 4324 2846 4378 licet
2883 4337 3026 4391 rege,
3071 4323 3449 4378 deﬁcientibus
3481 4325 3599 4378 ido-

325 4417 514 4463 ntenta
548 4419 601 4464 et
635 4420 878 4464 stercora
909 4414 1288 4478 comederunt,
1322 4423 1484 4484 atque
1515 4415 1728 4467 urinam
1765 4415 1913 4470 bibe-
1945 4413 1990 4469 D
2022 4417 2138 4474 neis
2173 4417 2460 4478 machinis,
2509 4416 2655 4470 nullo
2685 4416 2854 4484 quieti
2887 4425 3164 4470 nocturna:
3195 4417 3369 4486 asylo,
3400 4417 3595 4470 Itoma-

329 4511 484 4568 rant,
529 4514 806 4570 postremo
851 4504 990 4556 inter
1029 4520 1086 4558 se
1133 4515 1320 4558 tnnttto
1366 4509 1556 4559 szevire
1601 4518 1914 4575 eruperant,

325 4592 504 4646 donec
540 4609 704 4663 prope
736 4610 926 4649 omnes
963 4599 1268 4667 consumpti
1306 4604 1431 4651 sunt
1467 4615 1480 4651 :
1516 4599 1605 4668 qui
1645 4607 1824 4653 autem
1861 4601 1917 4654 in

325 4683 509 4737 stadio
531 4685 634 4738 vivi
658 4683 1061 4754 superfuerant,
1087 4697 1346 4756 tanquam
1375 4693 1570 4743 mortui
1599 4707 1627 4744 e
1649 4692 1919 4762 sepulcris

323 4776 660 4844 prodeuntes
703 4792 765 4829 ex
813 4778 946 4830 urbe
985 4776 1191 4829 dimissi
1235 4786 1384 4830 sunt.
1425 4777 1663 4832 Feminae
1704 4794 1918 4849 quoque

322 4865 475 4919 fame
504 4864 741 4920 eﬂ'eralte
774 4868 918 4920 viros
951 4869 1149 4935 passim
1184 4866 1371 4920 fraude
1404 4869 1594 4921 callida
1628 4871 1907 4926 artiﬁciis-

325 4970 434 5023 que
475 4956 872 5011 circumventos
915 4959 1234 5013 occidebant
1274 4961 1462 5031 eisque
1506 4960 1906 5022 vescebantur;

326 5049 403 5100 ita
445 5057 504 5101 ut
541 5049 638 5102 viri
683 5049 821 5102 ultra
857 5051 1184 5122 quingentos
1220 5066 1248 5103 a
1288 5051 1504 5105 feminis
1539 5052 1707 5112 vorati
1747 5054 1853 5106 sint
1893 5067 1908 5110 :

325 5149 586 5209 tantaque
616 5142 714 5195 fuit
747 5143 799 5197 itt
832 5145 930 5196 hac
963 5144 1094 5197 urbe
1121 5142 1280 5198 latinis
1307 5143 1590 5198 calamitas
1621 5154 1675 5202 ul
1710 5145 1905 5206 Sama-

321 5230 424 5284 rize
446 5245 509 5284 ac
534 5230 918 5302 Hierosolyma:
941 5235 1231 5299 excidium,
1255 5234 1322 5288 de
1344 5236 1525 5302 quoin
1550 5249 1647 5288 sua
1673 5234 1906 5293 “is'lOI'ia

316 5316 616 5391 Josepltus,
651 5324 1009 5392 superaverit.

400 5413 484 5468 Ad
505 5425 808 5470 extremum
835 5415 1234 5474 Pharaztnenes
1258 5417 1325 5468 ad
1348 5415 1538 5470 urbem
1564 5431 1902 5486 progressus,

397 5592 513 5664 (l2)
551 5595 623 5648 De
672 5595 774 5648 hac
828 5594 1044 5665 militari
1099 5595 1386 5648 Persarum
1435 5595 1552 5665 lege
1594 5593 1787 5650 confer
1827 5594 1902 5648 sis

315 5663 633 5735 fragmenta
665 5667 880 5734 politica
915 5663 1060 5718 Petri
1097 5668 1336 5733 magistri
1365 5685 1391 5718 ει
1427 5663 1509 5722 me
1533 5669 1674 5722 edita
1707 5668 1758 5723 in
1787 5665 1906 5720 Gel-

615 5765 888 5824 PATROL.
926 5764 1042 5822 (in.
1086 5763 1252 5829 LXX
1268 5766 1313 5826 Χ
1333 5765 1399 5824 ι’.

2020 4512 2103 4568 nis
2135 4510 2377 4565 castellis
2427 4507 2586 4577 longe
2622 4507 2853 4570 dissitis,
2890 4507 3226 4560 etexercitui
3263 4508 3596 4562 continendo

2019 4605 2240 4674 ineptis,
2292 4615 2492 4672 praeter
2522 4619 2752 4657 annome
2793 4613 2846 4656 et
2892 4619 3043 4669 aqua:
3097 4604 3403 4671 penuriam.
3459 4602 3597 4659 Hinc

2017 4699 2405 4766 imperatorem
2467 4695 2731 4763 rogabant
2791 4704 2847 4747 ut
2899 4695 3087 4748 urbem
3138 4695 3376 4763 aliquam
3430 4711 3597 4764 prope

2019 4797 2263 4850 montem
2310 4786 2566 4838 fabrirari
2613 4787 2921 4849 mandaret,
2968 4801 3088 4854 quae
3116 4787 3378 4841 exercitui
3412 4789 3598 4856 perluo.

2015 4874 2158 4939 giutn
2189 4882 2333 4926 esset
2362 4882 2416 4926 et
2447 4873 2630 4933 statio,
2661 4887 2936 4926 armorum
2977 4873 3212 4938 oliicina,
3272 4883 3325 4927 et
3356 4876 3596 4944 regionis

2017 4967 2264 5020 Arabica:
2296 4965 2606 5034 praesidium
2638 4966 2900 5019 adversus
2932 4964 3131 5019 Persas
3165 4967 3405 5021 latrones
3433 4978 3598 5032 atque

2016 5057 2356 5110 lsmaclitas:
2392 5072 2552 5124 porro
2584 5055 2671 5109 alii
2707 5055 2925 5119 Duram,
2961 5058 3049 5110 alii
3083 5058 3423 5113 Ammodiam
3460 5061 3560 5117 mili
3583 5087 3595 5098 -

2019 5146 2285 5205 Iicandam
2323 5148 2740 5200 municmlamvc
2774 5147 3096 5203 suadebant.

2092 5237 2233 5304 Ergo
2285 5239 2577 5304 imperatur
2636 5235 2863 5290 Τιιοιιιίιξ
2897 5241 3100 5295 t‘utttdzt:
3147 5243 3402 5308 episcopo
3449 5241 3591 5295 misit

2014 5329 2295 5397 epistolam
2326 5347 2444 5381 cum
2478 5332 2835 5385 architectis;
2882 5335 2970 5399 qui
3022 5348 3145 5383 cum
3197 5337 3346 5386 urbis
3392 5330 3593 5386 Ιιιιιιιω

2020 5419 2281 5490 graphidc
2314 5422 2463 5473 venit
2491 5423 2557 5474 ad
2589 5420 2886 5487 Caesarem,
2941 5422 3025 5478 cui
3057 5423 3260 5491 placuit
3308 5438 3431 5476 cum
3466 5439 3583 5492 pro.

2013 5593 2142 5673 l_t_-_ct.
2180 5591 2383 5673 VatLt.
2425 5592 2492 5673 ll,
2523 5610 2586 5673 p._
2611 5594 2735 5657 594,
2771 5595 2858 5648 ubi
2890 5611 3068 5652 sermo
3097 5607 3180 5651 est
3213 5596 3277 5650 de
3320 5595 3437 5665 ipso
3467 5609 3597 5673 rege

2023 5665 2262 5722 l’hcroze
2287 5663 2517 5719 Cavadis
2558 5667 2861 5722 decessme.

3214 5765 3278 5830 37
