4070 6390
457 306 619 372 ’ἶιιῖἸ

1509 303 1910 362 ZAClIARIE
1954 302 2384 363 MITYLENES
2425 303 2761 362 EPISCOPI

3621 295 3758 364 1168

457 421 652 476 ‘Juda'i
679 418 832 474 nobis
868 415 1074 471 similes
1098 414 1309 469 ﬂerent.
1341 411 1527 467 Occidi
1573 425 1778 481 autem,
1807 429 1945 482 quos
1981 428 2066 468 re-
2097 422 2139 474 A
2173 416 2466 470 liberorum
2512 411 2880 467 intolerabiles
2917 413 3114 468 luctus.
3152 409 3277 462 .‘.lihi
3323 423 3454 478 ergo
3489 408 3760 463 delibera-

483 514 620 583 peri,
655 512 733 565 bis
761 519 978 564 centum
1013 518 1066 561 et
1088 508 1361 577 octoginta
1393 506 1705 560 sacerdmes
1732 522 1745 558 :
1779 505 2066 574 Ethiopes

481 618 719 672 quoque,
755 601 846 670 qui
883 598 1167 653 ecclesiam
1199 596 1601 659 custodiebant,
1644 613 1746 648 una
1774 611 1898 650 cum
1934 596 2066 666 ipsis

482 716 511 748 e
541 696 723 749 medio
757 692 951 747 sustuli
979 709 994 758 ;
1027 706 1217 745 eorum
1250 705 1377 744 vero
1411 688 1699 744 ecclesiam
1731 689 1783 742 in
1824 702 2062 759 synagoo

482 804 602 856 gain
642 797 885 842 nostram
935 785 1198 840 converti.
1235 781 1386 836 Tunc
1418 783 1632 835 demum
1675 796 1797 834 cum
1844 792 2062 834 centum

482 899 542 934 ac
572 881 758 951 viginti
806 879 1046 932 mil-tibus
1076 877 1355 929 hominum
1390 875 1454 926 ad
1487 873 1700 942 Nagran
1743 872 1944 942 regiam
1979 885 2068 924 eo-

484 990 599 1026 rum
647 973 833 1024 urbem
873 979 1048 1022 castra
1085 967 1222 1019 tuovi
1253 982 1266 1018 :
1294 979 1454 1032 quam
1492 979 1613 1017 eum
1640 963 1830 1015 diebus
1861 960 2065 1028 aliquot

482 1066 682 1119 frustra
733 1075 1154 1131 Oppuguassem,
1211 1058 1534 1126 interposito
1571 1054 1931 1125 jurejurando
1976 1052 2060 1106 iu-

481 1158 847 1212 columitatem
885 1154 1156 1223 pollicitus
1211 1167 1330 1205 sum
1369 1169 1381 1205 :
1417 1152 1600 1203 animo
1649 1158 1832 1201 tamen
1879 1147 2062 1200 datam

481 1249 806 1304 Christianis
854 1245 1103 1300 hostibus
1155 1243 1290 1296 meis
1343 1243 1500 1294 fidem
1551 1255 1655 1293 non
1707 1236 2059 1292 observandi.

481 1341 661 1404 Quare
693 1337 965 1389 deditione
1020 1335 1158 1387 facta
1196 1332 1448 1402 pra'eepi,
1500 1340 1558 1384 ut
1602 1345 1818 1394 aurum,
1866 1342 2062 1398 argen-

482 1441 614 1490 tum,
655 1438 705 1479 ct
749 1441 939 1480 omnes
963 1440 1093 1494 Opes
1124 1440 1248 1478 suas
1289 1422 1614 1492 proferrent.
1649 1419 1898 1473 Prolatos
1937 1433 2057 1472 sus-

479 1520 596 1574 tuli.
677 1520 791 1574 Mox
871 1517 1095 1571 Paulum
1152 1531 1338 1568 eorum
1401 1515 1716 1584 episcopum
1785 1509 2057 1581 quaesivi:

477 1629 636 1681 quetu
669 1627 791 1666 cum
837 1610 908 1662 illi
952 1628 980 1661 e
1014 1608 1149 1660 vivis
1187 1606 1300 1676 jam
1332 1605 1634 1659 excessisse
1678 1601 2057 1667 aﬂirtnasseut,

480 1705 896 1772 haudquaquam
935 1699 1068 1767 ipsis
1110 1699 1267 1751 (idem
1301 1697 1552 1760 adhibui,
1589 1697 1760 1749 donec
1789 1694 2056 1748 tumulum

2170 519 2282 561 tum
2318 520 2423 569 cst,
2470 507 2552 559 his
2597 506 2852 559 omnibus
2885 490 3045 556 linem
3099 505 3246 557 dare.
3289 503 3536 554 l‘riorttm
3574 503 3760 572 itaque

2170 599 2479 667 nuptiarum
2540 596 2656 650 dies
2708 595 3018 648 l:etissimos
3061 593 3213 662 exegi
3267 611 3278 646 :
3335 601 3389 644 et
3441 608 3583 646 nunc
3636 593 3756 662 pari

2168 708 2290 744 cum
2357 689 2525 742 animi
2595 689 2698 743 tnei
2757 687 2943 740 laetitia
3009 687 3146 740 tilias
3223 685 3462 754 virgines
3518 685 3761 755 quinque

2167 781 2389 837 Christo
2429 783 2712 850 despondi.
2765 779 2879 834 lluc
2923 794 3054 847 ergo
3106 778 3245 832 ferte
3293 777 3504 841 oculos,
3561 778 3761 853 sorim;

2169 874 2454 928 intuemini
2491 871 2727 926 sodalem
2754 881 3014 930 vestram,
3051 880 3292 924 vestrum
3319 869 3370 925 iit
3405 886 3758 943 conspectuin

2167 984 2233 1020 en
2285 969 2527 1022 secundo
2571 965 2951 1035 prodeuntem.
2990 964 3445 1035 Quandoquidem
3498 968 3551 1021 in
3593 967 3762 1038 priori

2168 1060 2257 1114 illa
2299 1073 2542 1112 mearum
2569 1057 2880 1130 nuptiarum
2913 1075 3131 1130 pompa,
3167 1061 3320 1113 vobis
3356 1061 3610 1116 omnibus
3636 1075 3786 1130 spe-,

2165 1149 2465 1216 ctantibus,
2501 1153 2684 1221 sponsi
2719 1153 2918 1220 prioris
2951 1151 3170 1203 domum
3211 1151 3460 1205 traducta
3505 1168 3626 1206 sum
3661 1168 3677 1206 :
3708 1133 3785 1208 et.

2168 1257 2312 1298 nunc
2342 1251 2534 1314 aperto
2584 1242 2840 1296 similiter
2870 1241 3019 1294 vultu
3058 1241 3124 1295 ad
3173 1241 3452 1295 Christum
3488 1243 3676 1306 Deum,
3706 1249 3764 1297 et

2167 1351 2344 1391 meum
2431 1337 2779 1405 filiai-umque
2835 1351 3079 1388 mearum
3141 1334 3426 1388 Dominum
3475 1350 3761 1404 propero.

2165 1430 2639 1498 quemadmodum,
2681 1440 2733 1481 et
2776 1427 2891 1496 ipse
2945 1427 3197 1482 Christus
3249 1427 3318 1480 ob
3363 1443 3514 1480 suam
3556 1427 3608 1480 in
3660 1442 3763 1481 nos

2164 1520 2489 1575 charitateiu
2525 1521 2589 1572 ad
2643 1534 2741 1572 nos
2775 1519 3075 1577 descendit.
3114 1527 3168 1572 et
3202 1533 3300 1589 pro
3349 1519 3527 1574 salute
3570 1526 3760 1574 nostra

2166 1597 2358 1680 passus
2391 1619 2496 1663 est.

2235 1701 2370 1756 Meis
2418 1716 2546 1770 ergo
2597 1701 2847 1753 insistere
2897 1699 3172 1767 vestigiis,
3223 1715 3319 1755 vos
3371 1699 3538 1754 etiam
3588 1709 3759 1768 atque

475 1799 594 1867 ejus
627 1797 758 1850 mihi
797 1793 1157 1849 ostenderunt
1189 1811 1202 1847 :
1238 1806 1336 1861 ego
1369 1807 1498 1845 vero
1529 1805 1652 1844 ossa
1702 1790 1827 1844 inde
1858 1800 2050 1844 cxtra-
2095 1777 2134 1830 Β
2163 1794 2327 1848 etiam
2375 1810 2525 1863 rogo,
2566 1809 2700 1844 neve
2747 1794 2949 1846 caduca
2999 1793 3112 1844 oris
3147 1791 3322 1846 forma
3380 1801 3754 1846 transversum

475 1899 561 1942 cta
597 1886 854 1941 cremavi.
907 1884 1202 1938 Ecclesiam
1251 1897 1464 1952 quoque
1515 1896 1726 1944 eorum,
1773 1894 1828 1934 et
1870 1893 2057 1933 sacer-

477 1985 652 2041 dotes.
685 1991 735 2033 ct
766 1987 1028 2047 quotquot
1070 1977 1134 2027 ad
1180 1973 1470 2028 ecclesiam
1515 1972 1824 2040 confugisse
1867 1971 2058 2038 depre-

476 2072 660 2134 hendi,
699 2067 930 2120 flammis
975 2064 1277 2133 absumpsi.
1327 2063 1591 2131 llcliquos
1625 2078 1753 2117 vero
1797 2062 2055 2128 cogebant
2083 2103 2102 2116 ..

474 2161 754 2214 Christum
805 2173 1135 2224 crucemque
1179 2156 1408 2224 eiurare.
1472 2154 1623 2220 Quod
1674 2162 1852 2208 tamen
1887 2152 1960 2206 illi
1998 2166 2059 2206 se

473 2252 866 2305 commissuros
923 2255 1190 2314 negarunt
1235 2244 1534 2311 :illuuiqne
1571 2243 1735 2294 Deum
1785 2254 1948 2302 esse,
2002 2247 2054 2290 ct

473 2344 668 2398 Fdiuni
701 2339 972 2393 Benedicti
1025 2337 1406 2398 testabdttlur;
1440 2343 1494 2386 et
1533 2343 1768 2385 mortem
1811 2331 1951 2385 hanc
1983 2329 2050 2383 ob

471 2453 694 2490 causam
732 2433 1025 2502 Oppetitain
1061 2432 1182 2482 vita:
1233 2428 1664 2495 anteponendam
1696 2422 2053 2476 allirmabant.

474 2531 575 2583 Sed
613 2540 667 2582 et
694 2529 932 2596 ipsorum
966 2523 1215 2591 princeps
1257 2519 1421 2572 multa
1462 2517 1746 2581 effutiens,
1775 2523 2056 2569 contume-

473 2623 558 2674 liis
623 2618 943 2685 probrisque
973 2632 1056 2665 tne
1083 2615 1354 2665 incessere
1381 2628 1485 2664 uoti
1510 2609 1821 2664 verebatur.
1855 2606 2057 2662 Omnes

473 2715 654 2780 itaque
708 2724 896 2762 eorum
953 2720 1206 2774 proicies
1257 2703 1379 2756 duci
1440 2703 1505 2756 ad
1550 2701 1874 2771 supplicium
1917 2700 2054 2768 jussi

472 2813 617 2860 sunt.
656 2805 866 2856 lnterea
903 2800 1134 2852 feminas
1169 2809 1225 2851 ut
1264 2797 1588 2851 maritorum
1631 2797 1838 2850 exitum
1875 2799 2055 2849 animo

473 2906 790 2966 reputantes
833 2893 1216 2960 resipiscaeut
1270 2889 1646 2955 hortabamur,
1692 2887 1734 2940 si
1771 2887 1874 2942 sibi
1908 2887 2051 2941 suis-

469 3006 574 3060 que
600 2986 784 3042 liberis
815 2983 1124 3040 consultum
1152 2981 1372 3035 vellent.
1404 2977 1510 3034 Sed
1543 2978 1645 3032 illae
1671 2977 1806 3032 adeo
1845 2978 2053 3032 nostris

471 3077 943 3134 adhortationibus
980 3081 1267 3127 commota-
1315 3085 1420 3124 non
1451 3068 1693 3132 fuerunt,
1744 3077 1803 3122 ut
1833 3081 1863 3120 a
1894 3066 2054 3136 virgi-

472 3175 650 3235 nibus,
688 3184 824 3238 quas
870 3169 985 3218 uet-l
1021 3165 1428 3223 addixeramus,
1473 3159 1528 3214 iit
1558 3174 1621 3214 eo
1655 3167 1959 3229 przeveutas
1995 3173 2054 3213 se

473 3266 639 3320 fuisse
671 3269 1160 3330 conquererentur,
1208 3265 1262 3308 et
1304 3254 1444 3306 ultro
1477 3255 1529 3306 in
1571 3252 1808 3306 medium
1842 3251 2052 3305 illarum

457 3371 660 3425 agmen
690 3353 1076 3419 irrun-perent,
1115 3355 1280 3416 atque
1327 3360 1354 3397 a
1386 3343 1499 3398 suis
1531 3343 1746 3397 maritis
1788 3357 1846 3396 se
1872 3342 2050 3397 divul-

461 3467 553 3502 sus
583 3447 845 3498 dulet't‘ttl.

543 3539 611 3594 lis
644 3554 776 3608 ergo
821 3535 1011 3589 ultimo
1065 3531 1329 3602 supplicio
1373 3529 1601 3596 aﬂ'ectis,
1646 3526 1877 3583 Ruinam
1912 3529 2053 3596 regis

468 3631 735 3699 designati
775 3644 1021 3693 uxorem,
1063 3625 1205 3680 datis
1257 3640 1322 3678 ex
1365 3633 1552 3678 nostro
1583 3622 1828 3677 exercitu
1866 3629 2051 3675 custo-

467 3726 664 3788 dibus,
719 3719 1097 3776 dimittendam
1143 3717 1471 3786 putavimus,
1523 3714 1570 3769 si
1622 3713 1765 3769 forte
1818 3714 2051 3768 filiarum

466 3814 941 3872 t'ottttniseratioue
968 3823 1151 3881 capta,
1185 3808 1504 3878 religioaem
1556 3806 1926 3862 Christianam
1961 3820 2048 3861 re-

475 3909 752 3980 pudiaret,
800 3915 854 3960 et
883 3903 1164 3959 Iudaicam
1213 3901 1657 3970 amplecteretur,
1697 3899 1855 3964 filias,
1897 3912 2050 3970 opes,

467 4003 714 4056 fortunas
749 4013 936 4051 omnes
967 4008 1274 4066 receptura.
1311 3994 1378 4047 At
1412 3994 1500 4047 illa
1556 4001 1615 4046 ut
1645 4008 1675 4046 a
1707 4002 1894 4047 nostro
1929 4004 2050 4046 sese

466 4102 764 4162 conspectu
811 4091 1100 4160 proripuit,
1152 4087 1316 4141 nudat
1371 4093 1552 4152 caput,
1583 4093 1636 4138 et
1681 4093 1870 4155 aperto
1901 4082 2048 4136 vultu

467 4187 644 4258 prodit
677 4185 728 4238 in
758 4183 1053 4254 publicum,
1100 4181 1334 4235 mirante
1364 4176 1563 4248 populo
1596 4195 1609 4231 :
1644 4179 1908 4245 siquidem
1936 4174 2052 4244 ejus

467 4278 662 4333 faciem
721 4292 787 4331 ex
843 4291 949 4346 quo
996 4277 1134 4327 facta
1193 4282 1311 4326 erat
1357 4267 1740 4341 grandiuscula
1791 4283 1949 4322 neruo
1998 4268 2049 4320 in

469 4373 586 4423 toro
619 4369 990 4437 conspexisset
1019 4383 1031 4418 :
1063 4374 1225 4432 atque
1258 4378 1352 4432 per
1381 4363 1526 4415 vicos
1559 4360 1710 4413 urbis
1740 4369 1786 4412 et
1815 4360 2048 4426 compita

2161 1902 2257 1942 vos
2285 1885 2368 1957 agi
2405 1885 2599 1940 sinatis
2636 1903 2646 1936 :
2685 1901 2784 1937 nec.
2811 1883 2956 1936 enim
2987 1901 3086 1955 ego
3123 1887 3278 1938 vobis
3308 1884 3489 1938 minus
3513 1883 3754 1937 fertur-sa

2160 1997 2278 2036 sum
2324 1980 2461 2034 :sed
2510 1989 2562 2031 et
2613 1979 2785 2046 ipsam
2840 1978 2978 2031 banc
3028 1977 3464 2045 qualemcunque
3522 1976 3754 2029 formam

2161 2072 2451 2138 integram,
2496 2081 2544 2123 et
2578 2069 2816 2122 Judaicze
2854 2066 3094 2135 perfidize
3144 2067 3439 2120 immunem
3477 2067 3542 2119 ad
3595 2066 3758 2120 Chri-

2160 2173 2302 2215 stum
2347 2159 2616 2217 deferam,
2666 2167 2722 2209 ιιι
2768 2158 2880 2226 ipsa
2927 2156 3040 2208 oris
3094 2156 3304 2224 species
3359 2155 3586 2208 Domino
3632 2168 3757 2207 tneo

2161 2250 2318 2304 ﬁdem
2353 2248 2536 2309 faciat,
2569 2265 2654 2300 me
2699 2247 2766 2301 ab
2799 2247 2888 2299 illa
2941 2246 2992 2298 iu
3025 2245 3367 2298 inﬁdelitatis
3401 2245 3608 2299 cri'nen
3655 2245 3756 2299 ab-

2159 2339 2280 2394 duci
2317 2355 2656 2409 nequaquam
2690 2338 2929 2406 potuisse
2962 2355 2974 2389 :
3016 2344 3069 2387 et
3101 2351 3319 2402 aurum,
3352 2347 3408 2390 et
3441 2346 3752 2404 argentum,

2159 2444 2211 2486 et
2245 2433 2490 2502 ingentes
2518 2448 2649 2500 opes
2682 2431 2994 2492 ostcudeut,
3031 2428 3164 2480 nihil
3200 2427 3318 2496 ipso
3362 2428 3494 2480 mihi
3527 2427 3753 2480 charius

2159 2525 2347 2580 fuisse.
2386 2523 2496 2578 Rex
2541 2538 2770 2591 namque
2808 2523 3106 2592 perduellis
3145 2520 3378 2575 salutem
3409 2519 3754 2574 incolumita-

2158 2626 2398 2686 temque,
2442 2617 2485 2670 si
2522 2615 2797 2669 Christum
2834 2616 3128 2684 ejurarem,
3177 2613 3448 2683 promisit.
3494 2610 3602 2665 Sed
3652 2612 3754 2666 hoc

2157 2719 2370 2764 avertat
2420 2709 2581 2772 Deus,
2632 2707 2889 2773 sodales;
2925 2717 3155 2768 avertat,
3193 2707 3435 2775 inquam,
3485 2719 3552 2757 ne
3595 2701 3755 2758 Chri-

2157 2809 2300 2855 stum
2341 2798 2530 2860 Deum.
2570 2801 2620 2852 in
2663 2813 2822 2868 quem
2872 2800 3104 2863 credidi,
3145 2811 3290 2852 nunc
3333 2798 3580 2852 deseram
3607 2813 3628 2850 -ε
3657 2795 3750 2849 sed

2155 2892 2374 2962 quando
2415 2905 2535 2960 ego,
2586 2901 2640 2942 et
2694 2889 2818 2943 filia:
2867 2891 2918 2942 iu
2963 2890 3183 2942 nomine
3231 2886 3520 2942 Trinitatis
3566 2885 3747 2953 bapti-

2158 2992 2293 3039 zata:
2346 2980 2570 3044 fuimus,
2624 2980 2826 3035 Christi
2882 2996 3102 3032 crucem
3139 2980 3396 3043 adorare,
3454 2988 3510 3032 et
3549 2993 3649 3048 pro
3683 2990 3752 3030 eo

2163 3085 2392 3131 mortem
2418 3089 2540 3128 curn
2571 3074 2678 3126 vita
2724 3081 3086 3135 connuutare,
3120 3088 3226 3125 una
3254 3086 3379 3126 cum
3413 3070 3522 3126 illis
3550 3081 3632 3125 est
3661 3084 3752 3122 ra-

2161 3178 2272 3221 tum
2315 3167 2444 3220 mihi
2481 3182 2496 3219 :
2525 3166 2793 3236 siquidem
2842 3173 2894 3218 et
2923 3162 3176 3219 Christus
3209 3179 3306 3233 pro
3351 3164 3505 3232 nobis
3531 3161 3747 3216 crucia-

2160 3271 2267 3324 tus,
2304 3269 2358 3313 et
2410 3267 2642 3314 mortem
2691 3257 2742 3312 in
2775 3273 2875 3313 sua
2907 3273 3075 3313 carne
3103 3271 3393 3329 perpessus
3426 3265 3528 3311 est.
3565 3254 3750 3322 Quare

2159 3368 2246 3408 res
2313 3352 2480 3407 hasce
2540 3352 2798 3416 caducas,
2862 3352 3117 3422 quamvis
3169 3351 3327 3405 modo
3388 3348 3577 3404 oculos
3629 3347 3750 3401 alli-

2155 3447 2340 3512 ciant,
2390 3444 2722 3515 corporique
2775 3442 3132 3499 blandiantur
3175 3443 3506 3512 quandoque
3565 3453 3748 3493 tamen

2154 3552 2403 3601 casuras,
2427 3546 2620 3607 sponte
2650 3537 2866 3607 resigno
2889 3577 2905 3602 ,
2931 3551 3200 3606 perennes
3223 3546 3278 3590 et
3305 3545 3568 3604 perpetuo
3591 3549 3753 3588 man-

2156 3643 2317 3684 suras
2349 3643 2481 3699 opes
2512 3644 2541 3682 a
2587 3630 2815 3684 Domino
2861 3640 3179 3699 acceptura.
3210 3631 3255 3685 0
3292 3644 3384 3682 vos
3415 3628 3624 3689 beatas,
3659 3641 3750 3680 so-

2153 3719 2326 3783 dales.
2376 3721 2422 3776 si
2471 3719 2632 3776 dictis
2685 3735 2847 3776 aures
2900 3721 3158 3775 dederitis
3211 3722 3370 3783 meis,
3422 3729 3476 3773 et
3527 3717 3744 3772 veritati

2156 3825 2376 3880 manus,
2430 3809 2820 3882 Christumque
2875 3811 3043 3868 Deum
3100 3812 3443 3877 dilexeritis,
3485 3825 3582 3880 pro
3637 3824 3749 3879 quo

2153 3922 2256 3978 ego
2307 3914 2361 3962 et
2392 3905 2515 3961 lilia:
2543 3907 2837 3961 morimur!
2869 3903 3024 3960 Nunc
3052 3917 3230 3960 autem
3257 3920 3467 3972 picem,
3504 3914 3556 3956 et
3589 3912 3744 3956 tran-

2161 3997 2321 4070 quilla
2377 4007 2620 4069 tempora
2663 3997 2860 4068 populo
2890 3997 2982 4051 Dei
3022 4013 3214 4067 precor
3245 4015 3259 4051 :
3286 3996 3515 4050 fratrum
3551 4006 3605 4048 et
3649 4009 3744 4046 so-

2157 4105 2342 4172 rorum
2405 4090 2460 4145 lu
2512 4090 2612 4145 hac
2667 4093 2802 4143 urbe
2854 4104 2952 4158 pro
3009 4090 3231 4143 Christo
3285 4089 3742 4152 interemptaruru

2155 4196 2321 4236 cruor
2361 4180 2460 4250 ipsi
2487 4197 2674 4235 murus
2707 4183 2818 4245 liat,
2848 4183 2889 4236 si
2924 4192 3104 4236 tamen
3135 4181 3361 4234 Domino
3397 4195 3496 4234 suo
3522 4177 3747 4234 Christo

2157 4282 2417 4340 perpetuo
2469 4273 2781 4325 atllta‘serit.
2831 4273 2905 4326 Eu
2954 4274 3182 4325 fidenter
3235 4272 3368 4326 urbe
3413 4271 3640 4334 escedo,
3693 4270 3745 4324 iu

2155 4377 2260 4431 qua
2297 4362 2442 4415 velut
2474 4363 2524 4414 iu
2562 4365 2892 4430 temporario
2926 4366 3158 4432 quodam
3197 4362 3500 4416 diversorio
3550 4360 3741 4414 hacte-

466 4463 784 4515 discurrens
834 4457 1071 4512 clamare
1107 4467 1171 4506 ac
1205 4451 1494 4505 vociferari
1547 4451 1687 4502 hunc
1731 4450 1782 4503 in
1830 4449 2045 4502 modum
2081 4466 2126 4520 ο
2158 4470 2258 4508 nos
2292 4464 2522 4507 versata;
2565 4469 2754 4507 sumus
2787 4471 2886 4522 ego
2919 4467 2973 4509 οι
3016 4455 3137 4508 mam
3169 4470 3324 4518 mm...
3358 4454 3501 4508 tua...
3545 4454 3740 4506 ςῖνίιει.

467 4552 655 4621 ςσ·ρῐι.
691 4548 946 4603 Mulieres
985 4543 1387 4613 Nagrancnses,
1417 4549 1685 4608 quotquot
1720 4540 1928 4593 adestis
1962 4555 2051 4592 so-

468 4643 639 4706 dales,
669 4641 1014 4700 (ὶὶιιίειίιιιιιιδ,
1044 4634 1243 4688 Indica:
1283 4641 1334 4685 et
1365 4631 1617 4701 gentiles,
1660 4635 1860 4685 audite.
1895 4632 2052 4687 Chri-

467 4735 702 4787 siianam
733 4746 816 4784 me
845 4745 985 4790 esse,
1023 4736 1075 4779 et
1109 4738 1279 4794 genus
1312 4735 1364 4778 et
1395 4738 1625 4792 proavos
1659 4740 1809 4779 meos
1855 4727 2050 4788 nostis,

469 4836 522 4879 et
562 4825 834 4894 ingentem
869 4821 984 4874 auri
1023 4819 1348 4890 argentique
1386 4819 1620 4886 copiam,
1659 4817 2049 4886 patrimonium

471 4932 684 4988 quoque
731 4913 1087 4977 luculentum,
1145 4919 1199 4966 et
1239 4925 1519 4968 servorum
1575 4921 1824 4964 catervas
1851 4921 2052 4979 priesto

470 5009 602 5060 mihi
637 5021 790 5071 esse;
826 5014 879 5058 et
908 5004 950 5057 si
989 5005 1173 5066 modo,
1219 5006 1478 5074 quoniam
1513 5019 1609 5072 pro
1640 5003 1861 5058 Christo
1894 5000 2052 5054 mari-

471 5111 556 5154 tus
584 5099 816 5161 interiit,
849 5111 1019 5153 novas
1051 5099 1268 5168 nuptias
1297 5109 1488 5169 optare
1518 5099 1704 5161 libeat,
1746 5111 1851 5150 non
1887 5095 2051 5149 defu-

473 5209 646 5248 turam
677 5193 850 5245 dotem
875 5205 941 5245 ιιι
987 5192 1210 5245 millium
1249 5205 1560 5251 aureorum,
1605 5199 1658 5242 et
1692 5198 1888 5257 praeter
1921 5203 2051 5255 opes

470 5283 652 5336 abillo
687 5281 815 5334 mihi
846 5281 1080 5346 relictas,
1110 5282 1371 5336 mundum
1420 5295 1587 5352 prope
1618 5279 1886 5333 infinitum
1931 5293 2046 5332 mo-

471 5373 680 5437 riliom,
724 5387 1080 5442 gemmarum,
1124 5375 1192 5442 eq
1219 5372 1736 5442 pretiosissimarum
1771 5372 2048 5426 vesrium:

471 5473 925 5536 perspectumque
961 5465 1109 5519 vobis
1157 5473 1261 5531 est,
1296 5480 1399 5518 non
1436 5464 1570 5518 falso
1606 5465 1709 5518 ista
1763 5479 1791 5516 a
1844 5477 1930 5517 me
1958 5461 2044 5532 ja-

471 5558 631 5622 ctari,
672 5555 764 5610 sed
792 5573 890 5613 nec
920 5557 1050 5612 illud
1099 5571 1193 5610 vos
1222 5556 1392 5609 latere
1425 5555 1562 5618 scio,
1597 5554 1802 5608 nullam
1831 5555 2048 5609 feminae

467 5647 610 5705 dicm
643 5648 1020 5717 optabiliorem
1049 5664 1170 5704 esse
1199 5649 1285 5704 die
1317 5647 1628 5719 nuptiarum
1664 5663 1677 5699 :
1714 5645 1840 5701 huic
1867 5655 2042 5700 autem

472 5741 761 5796 succedere
792 5756 1086 5808 erumnas,
1129 5751 1382 5811 partuum
1424 5737 1661 5806 dolores,
1691 5748 1745 5792 et
1774 5738 1824 5792 in
1857 5735 2045 5793 funere

2156 4554 2263 4597 tetu
2291 4552 2550 4598 retentam
2577 4546 2903 4614 cogitantes,
2939 4547 2989 4599 in
3019 4563 3118 4616 qua
3147 4545 3443 4616 Sponsum,
3470 4547 3556 4599 eui
3593 4545 3743 4612 ipsas

2157 4635 2379 4698 tradidi,
2413 4645 2541 4688 sunt
2569 4636 2890 4689 inventurai.
2940 4638 3105 4692 Orate
3134 4655 3227 4705 pro
3268 4653 3373 4699 me,
3404 4636 3643 4698 sodales,
3686 4645 3743 4686 ut

2157 4725 2416 4779 liotniuus
2457 4743 2610 4780 meus
2642 4726 2894 4782 Christus
2949 4743 3034 4782 me
3084 4730 3368 4797 suscipiat,
3403 4738 3459 4782 et
3498 4729 3745 4797 ignoscat

2156 4812 2310 4875 tuihi,
2333 4817 2771 4884 qumidoquidein
2806 4820 3044 4872 triduum
3073 4821 3267 4873 marito
3301 4831 3582 4889 supermes
3609 4817 3740 4870 vixi.

2225 4904 2592 4962 Glisceutibus
2639 4925 2768 4978 ergo
2815 4926 2880 4964 ex
2931 4911 3064 4965 urbe
3108 4911 3443 4964 clamoribus
3503 4909 3741 4974 conciti,

2155 5001 2886 5068 perconlaletmurreduces,
2925 5019 3062 5072 quos
3094 5018 3158 5056 eo
3195 5001 3573 5071 legaveramus
3604 5015 3744 5054 nun-

2158 5094 2280 5155 tius,
2313 5108 2560 5160 quantum
2595 5095 2809 5147 tandem
2864 5093 3066 5149 insoliti
3117 5095 3262 5148 illius
3298 5093 3530 5161 eiulatus
3575 5105 3742 5147 causa

2151 5182 2321 5240 esset:
2371 5184 2485 5246 Isti,
2532 5200 2652 5253 (pne
2705 5201 2828 5238 mox
2881 5186 3258 5249 narrahzunus,
3313 5184 3739 5237 renuntiarunt:

2157 5276 2385 5328 Romam
2420 5275 2691 5339 \idrdicut,
2725 5273 3050 5328 fctuinarum
3091 5278 3281 5344 \ulgus
3310 5276 3376 5327 ad
3410 5287 3504 5327 eos
3538 5271 3743 5324 clamo-

2155 5383 2241 5420 res
2273 5367 2577 5420 concitasse
2607 5384 2620 5418 :
2651 5368 2935 5421 custodum
2975 5381 3168 5436 nempe
3199 5365 3429 5436 segnitia
3469 5363 3740 5418 socordia-

2152 5476 2255 5527 que
2285 5457 2485 5511 factum
2523 5460 2718 5520 fuerat,
2749 5468 2807 5511 ιιι
2847 5469 3052 5512 tantum
3085 5460 3299 5514 feminae
3333 5458 3545 5512 liceret.
3586 5454 3653 5508 Et
3685 5455 3742 5508 in

2150 5566 2244 5605 eos
2273 5549 2492 5620 quidem
2540 5549 2735 5603 ultimo
2777 5550 3046 5619 supplicio
3093 5549 3533 5606 animadvertere
3566 5557 3744 5600 ratum

2151 5655 2293 5709 erat,
2324 5643 2425 5698 nisi
2466 5642 2518 5696 iu
2563 5641 2838 5696 mitiorem
2871 5643 3199 5698 sententiam
3231 5638 3591 5712 quorumdam
3621 5651 3745 5708 pro-

2153 5749 2246 5791 ces
2269 5750 2367 5791 nos
2401 5746 2590 5805 postea
2623 5735 2924 5792 flexissent.
