4070 6380
415 359 555 429 1169

1471 358 1576 419 EX
1610 356 1978 421 HISTORIA
2017 353 2614 416 ECCLESIASTICA.

3549 335 3690 400 1170

487 471 630 528 Ecce
661 477 845 526 autem
873 471 942 525 ab
970 470 1104 526 urbe
1135 469 1334 527 femina
1365 470 1682 534 revertitur,
1709 467 1994 525 bacchanti
2027 471 2074 531 Α
2106 483 2218 533 rus,
2243 465 2511 521 reveritus
2542 459 2866 519 nobilissimi
2897 459 2998 515 viri
3032 472 3228 530 genus,
3266 463 3316 509 et
3351 452 3493 524 quod
3540 452 3682 503 idem

417 563 640 629 similis,
695 563 946 631 nudoque
993 561 1209 631 capite,
1265 570 1319 616 et
1372 560 1512 616 tilias
1549 576 1732 615 secum
1775 559 1999 614 trahens

416 656 693 726 eleganter
742 654 1120 724 concinneque
1145 663 1392 719 ornatas,
1423 654 1576 722 quasi
1600 656 1666 706 ad
1703 653 1996 707 thalamum

419 760 800 812 concessuras,
858 758 1040 801 erecta
1093 746 1275 801 fronte
1331 747 1463 815 petit
1509 755 1856 823 conspectuin
1906 761 2000 798 no-

417 849 633 894 strum.‘
663 854 786 893 mox
823 837 1018 893 solutis
1049 837 1374 908 plicatisque
1406 838 1460 890 in
1503 853 1699 891 manus
1731 836 1994 901 crinibus,

420 930 620 984 nudam
671 930 941 984 cervicem
994 929 1244 1000 porrigit,
1302 927 2000 982 inclamans:Chrisliana:

419 1041 608 1080 sumus
640 1045 656 1092 ;
700 1041 799 1094 pro
829 1026 1049 1082 Christo
1084 1025 1368 1080 morimur.
1406 1023 1678 1079 Absclnde
1728 1028 1914 1088 caput,
1947 1026 2004 1074 et

417 1117 482 1170 ad
513 1115 730 1183 fratres,
764 1133 828 1171 ac
859 1131 1100 1180 sorores,
1139 1129 1495 1184 mearumque
1531 1114 1761 1167 filiarum
1800 1125 2000 1181 paren-

420 1219 523 1262 tcm
555 1211 707 1264 ocius
737 1211 1064 1264 transmitte.
1109 1209 1220 1278 Ego
1251 1225 1380 1262 vero
1403 1219 1527 1276 post
1563 1216 1768 1260 tantam
1802 1203 1997 1258 mulie-

417 1301 492 1353 ris
524 1302 838 1364 amentiam,
863 1311 920 1353 ut
952 1301 1174 1354 Christo
1208 1301 1568 1361 renuntiaret,
1595 1298 1770 1350 adhuc
1801 1296 1999 1350 suade-

415 1393 539 1446 bam
573 1411 584 1445 :
620 1394 702 1446 sin
756 1394 968 1457 minus,
1016 1403 1222 1447 tantum
1275 1408 1341 1448 ne
1398 1393 1601 1446 diceret
1656 1407 1775 1445 eum
1829 1391 1996 1445 Deum

2101 558 2244 612 inter
2275 559 2424 628 regni
2465 570 2720 626 proceres
2759 562 2906 610 esset
2943 550 3304 610 clarissimus,
3337 557 3388 598 et
3425 545 3478 598 iu
3515 542 3680 594 armis

2099 661 2373 706 Strenuus.

2171 741 2301 795 Inde
2362 740 2589 810 profecti
2643 737 2935 794 Naamanis
2985 741 3158 788 terras
3215 730 3457 785 Sabbato
3511 725 3685 795 primo

2095 831 2289 904 jejunii
2323 834 2617 896 tenuimus,
2651 831 2832 900 ibique
2865 829 3075 898 legatus
3107 823 3361 880 exstincti
3396 820 3535 890 regis
3578 816 3684 869 llo-

2101 927 2414 980 nteritarum
2444 924 2704 990 occurrit,
2739 923 2827 991 qui
2857 935 2979 974 cum
3013 918 3214 974 eadem
3250 930 3278 968 a
3313 925 3542 983 tyranno
3585 909 3680 960 Ju-

2100 1017 2337 1072 dzeorum
2363 1017 2710 1072 commissam
2735 1028 2763 1068 a
2795 1011 2948 1066 nobis
2972 1009 3273 1067 didicissﬂ.
3309 1001 3679 1057 Naatltanilm"

2101 1110 2388 1178 quemdam
2438 1119 2595 1178 pacta
2647 1106 2894 1160 mercede
2921 1103 3073 1173 jubet
3118 1102 3170 1153 in
3217 1098 3401 1150 urbem
3448 1093 3678 1160 Nagram

2096 1200 2424 1272 quantocius
2455 1197 2748 1268 proficisci,
2779 1197 3074 1264 oumiaque
3100 1192 3299 1246 ibidem
3345 1194 3492 1254 gesta
3517 1197 3677 1252 quam

2103 1291 2519 1362 diligentissime
2557 1288 2863 1357 explorare.
2893 1287 2944 1340 is
2973 1286 3154 1354 itaque
3187 1289 3308 1351 post
3339 1279 3452 1332 dies
3477 1273 3680 1343 aliquot

2103 1380 2279 1449 legato
2307 1365 2647 1441 Christiano,
2685 1375 2841 1430 nobis
2867 1374 3240 1433 audientibus,
3284 1365 3531 1422 narravit
3561 1379 3680 1433 qute

413 1498 566 1539 esse.
610 1486 677 1538 At
721 1500 826 1538 non
875 1487 1157 1554 persuasi;
1202 1487 1331 1555 quin
1383 1485 1547 1540 etiam
1599 1485 1718 1553 ejus
1761 1484 2010 1545 filiarum
2100 1485 2264 1538 ευιπίι
2313 1469 2776 1529 Ιηυιιῒονθνίιηιιεν
2836 1465 3204 1534 διιιήοοίῑίιιιε,
3268 1473 3438 1514 0³³80⁵
3491 1457 3677 1555 inde":

417 1574 586 1627 altera
624 1590 721 1629 nos
755 1573 1105 1645 obiurgabat,
1135 1577 1225 1645 qui
1253 1577 1356 1630 ista
1391 1589 1828 1646 suggereremus.
1860 1574 1996 1630 Cum

418 1679 548 1733 ergo
582 1680 897 1733 persuasum
944 1667 1224 1733 haberem,
1255 1668 1398 1722 nulla
1427 1669 1497 1732 vi,
1523 1667 1736 1723 nullove
1777 1668 2000 1737 ingenio

415 1757 700 1811 mulierem
730 1760 1018 1814 adductum
1051 1761 1142 1825 iri,
1187 1742 1549 1815 "(Christum
1579 1760 1816 1828 ejuraret
1844 1779 1856 1815 :
1893 1776 1998 1816 ete-

2100 1565 2391 1620 occasione
2439 1571 2711 1615 trecentos
2762 1566 2816 1612 et
2857 1557 3210 1626 quadraginta
3257 1564 3533 1622 proceres,
3588 1548 3678 1618 qui

2099 1657 2154 1711 in
2215 1656 2348 1710 urbe
2400 1665 2635 1726 tyranno
2685 1659 3061 1707 occurrerant.
3120 1648 3387 1701 Prmterea
3450 1641 3677 1701 addidit,

2100 1747 2343 1803 Judaeum
2398 1746 2613 1800 Arcthm
2668 1744 2776 1797 lilio
2821 1740 2988 1797 Caleb
3050 1739 3264 1793 illorum
3324 1733 3577 1805 principi,
3625 1740 3681 1784 et

416 1849 550 1901 teris
580 1846 906 1904 Christianis
952 1863 1129 1905 metus
1177 1852 1472 1906 incutiendi
1499 1867 1659 1905 causa
1685 1867 1803 1905 eam
1843 1851 1995 1906 humi
2027 1821 2071 1878 Β
2102 1839 2293 1895 Βιιηιω
2334 1839 2567 1902 malim.
2623 1835 2914 1891 ῖιιευίιθεεθ
2965 1834 3018 1888 in
3061 1832 3176 1886 hinc
3232 1831 3439 1883 νθτιδίιε
3485 1821 3676 1878 Vide".

414 1941 690 2008 prosterni
739 1939 915 2009 jussi;
968 1943 1106 1997 filias
1159 1959 1287 1998 vero
1339 1945 1522 2000 statim
1573 1943 1807 2012 jugulari
1861 1959 2002 2010 pone

419 2039 672 2096 matrem,
713 2034 849 2086 adeo
893 2043 951 2088 ut
992 2036 1252 2090 dissectis
1283 2055 1312 2092 e
1361 2037 1670 2090 Cervicilms
1709 2053 2001 2106 erumpens

415 2135 580 2174 cruor
612 2121 664 2175 in
701 2137 764 2177 os
787 2122 903 2190 ejus
936 2124 1188 2177 influeret
1222 2142 1235 2178 :
1268 2141 1390 2179 mox
1425 2128 1597 2194 ipsam
1641 2126 1755 2194 pari
1790 2125 1997 2194 suppli-

416 2212 502 2266 cio
538 2213 744 2268 necari.
779 2213 950 2268 Deum
1000 2216 1210 2270 Adonai
1239 2218 1384 2286 juro,
1426 2217 1730 2271 incredibili
1764 2232 2000 2273 utterore

417 2301 645 2360 aﬂ'ectus
679 2321 824 2373 sum,
875 2307 1126 2377 cogitans
1157 2309 1349 2376 ipsius,
1383 2308 1726 2378 filiarumth
1761 2309 2000 2380 pulchri-

413 2396 676 2454 tudinem.

482 2488 755 2555 Quoniam
810 2507 942 2547 vero
989 2494 1380 2563 pontificibus,
1421 2496 1664 2564 mihique
1721 2496 2003 2552 videbatur

417 2579 596 2635 scelus
630 2595 773 2647 esse,
821 2583 864 2636 si
899 2585 1250 2652 peccantibus
1302 2586 1620 2654 parentibus
1657 2586 1904 2641 insontes
1940 2586 2004 2641 li-

418 2669 531 2722 beri
581 2685 772 2739 posnas
820 2677 1012 2727 darent
1069 2675 1145 2745 (id
1190 2677 1337 2730 enim
1391 2678 1555 2731 etiam
1615 2677 1759 2747 leges
1804 2687 2003 2734 nostra;

417 2759 649 2829 vetant),
700 2763 904 2817 idcirco
964 2763 1078 2830 lege
1115 2765 1223 2818 lata
1279 2765 1448 2832 edixi,
1508 2775 1563 2818 ut
1614 2767 1923 2835 impuberes
1971 2784 2000 2821 a

423 2851 626 2905 nostris
659 2852 920 2906 militibus
959 2854 1198 2921 alantur,
1234 2864 1290 2909 ut
1317 2871 1437 2910 cum
1471 2857 1536 2910 ad
1571 2857 1874 2925 pubertatis
1901 2874 2002 2910 an-

422 2956 520 2995 nos
575 2946 946 3010 pervenerint,
997 2956 1090 2999 aut
1119 2945 1403 3001 Judaicam
1458 2948 1775 3017 religionem
1829 2955 2004 3005 susci-

421 3033 590 3098 piant,
617 3043 711 3085 aut
736 3035 779 3087 si
813 3033 1182 3090 Christianam
1219 3035 1464 3105 proﬁteri
1497 3039 1716 3103 malint,
1753 3047 2002 3107 pereant.

419 3121 533 3176 Hoc
563 3124 679 3186 tibi.
715 3140 833 3191 rex,
876 3143 939 3180 eo
971 3129 1358 3196 perscribenda
1397 3131 1602 3198 putavi,
1642 3142 1698 3186 ut
1740 3132 1900 3186 simul
1949 3140 2000 3187 te

416 3213 798 3279 admonerem,
831 3233 898 3271 ne
921 3232 1254 3287 quemquam
1293 3220 1663 3276 Christianum
1698 3223 1749 3276 iu
1790 3231 1881 3277 tuo
1914 3238 2001 3277 re-

415 3318 524 3372 gno
558 3306 739 3360 vivere
775 3309 1020 3387 patiaris,
1069 3310 1172 3365 nisi
1210 3312 1371 3377 forte,
1408 3314 1501 3383 qui
1545 3330 1698 3369 suam
1738 3330 1862 3369 cum
1912 3323 2000 3370 tua

417 3395 682 3465 religione
717 3411 1054 3457 commutare
1087 3401 1341 3457 voluerit.
1375 3402 1593 3460 Juda'os
1640 3419 1769 3461 vero
1800 3404 2002 3460 fratres

416 3504 570 3544 meos
598 3506 684 3552 ea,
717 3507 824 3560 qua
865 3493 1029 3558 soles,
1074 3493 1411 3564 benignitate
1447 3495 1630 3552 fovere
1669 3512 1858 3567 perge,
1893 3497 2008 3552 fra-

416 3590 523 3634 ter.
566 3580 784 3638 Gratias
829 3597 924 3650 pro
963 3585 1064 3638 hac
1105 3596 1195 3639 tua
1244 3586 1297 3640 in
1354 3602 1449 3642 eos
1477 3587 1855 3643 benevolentia
1903 3604 2004 3657 ego

417 3672 715 3740 rependam
755 3689 1153 3744 :quoscunque
1204 3677 1298 3732 tibi
1335 3679 1689 3735 charissimos
1738 3681 1853 3736 fore
1896 3681 2005 3737 tuis

419 3764 620 3818 litteris
651 3765 762 3833 ipse
795 3782 878 3820 me
907 3767 1102 3823 feceris
1133 3769 1448 3825 certiorem.

491 3853 616 3910 Haec
643 3871 732 3910 rex
765 3857 1028 3926 proliauus
1073 3859 1292 3917 Judreus
1322 3861 1603 3917 Mondero.
1633 3863 1775 3919 Cum
1824 3879 2001 3919 amem

422 3961 521 4001 nos
546 3962 610 4002 eo
641 3950 1098 4017 pervenissemus,
1129 3953 1421 4010 Mouderus
1451 3969 1750 4011 convocato
1776 3958 1842 4010 ad
1874 3973 2006 4012 con-

422 4040 635 4093 ciouem
665 4042 938 4106 exercitu,
978 4044 1119 4115 regis
1148 4044 1358 4100 litteras
1384 4047 1596 4116 publice
1624 4049 1845 4104 recitari
1869 4049 2003 4120 jus-

421 4133 493 4184 sit
531 4149 546 4184 :
579 4146 802 4200 remque
852 4133 923 4188 ita
989 4149 1051 4189 se
1102 4135 1304 4191 habere
1353 4153 1595 4204 praesens
1645 4141 1817 4210 ipsius
1863 4143 2006 4211 regis

423 4220 628 4288 legatus
687 4224 1097 4290 attestabatur,
1131 4235 1382 4282 attexeus
1456 4229 1561 4285 alia
1633 4233 1884 4301 quaedam
1936 4232 2004 4287 de

421 4310 866 4368 Christianorum
935 4317 1128 4384 crede,
1187 4333 1490 4388 eorumque
1548 4335 1616 4375 ex
1669 4321 2008 4379 Homeritide

424 4402 569 4474 fuga.
608 4403 746 4459 Tum
781 4423 909 4462 vero
937 4406 1228 4465 Mouderus
1259 4413 1324 4464 ad
1348 4412 1712 4481 Chrisﬁanos,
1741 4431 1880 4485 quos
1903 4417 2008 4472 sub

2101 1947 2210 2001 quo
2252 1940 2336 1984 tua
2385 1939 2436 1983 te
2473 1929 2527 1982 in
2571 1928 2844 1982 Christum
2880 1924 3072 1979 fiducia
3111 1921 3427 1984 adduxerit,
3477 1917 3674 1973 bellum

2101 2025 2361 2076 adversus
2407 2035 2491 2075 me
2540 2018 2888 2074 molientem?
2922 2015 3043 2071 Jam
3071 2015 3350 2082 resipisce,
3398 2012 3584 2073 miser,
3625 2016 3682 2061 et

2101 2113 2312 2179 eiurato
2337 2111 2578 2174 Christo,
2607 2108 2870 2163 senectuti
2898 2115 3003 2162 tua:
3027 2105 3316 2166 consulere
3355 2117 3478 2156 sero
3508 2101 3678 2164 disce;

2105 2219 2172 2257 ne
2217 2212 2288 2265 te,
2324 2217 2442 2272 quae
2478 2201 2655 2256 socios
2699 2210 2840 2264 tuos,
2891 2198 3129 2252 involvat
3176 2210 3356 2264 paena.
3401 2192 3496 2246 (lui
3549 2193 3683 2244 Are-

2105 2297 2227 2350 thas
2252 2312 2265 2350 :
2292 2294 2366 2348 De
2392 2293 2532 2358 istis,
2561 2291 2756 2361 inquit,
2777 2291 2971 2344 merito
2996 2288 3106 2353 jam
3136 2302 3357 2356 queror,
3390 2283 3557 2352 utqui
3598 2294 3682 2336 me

2105 2387 2242 2442 bene
2280 2394 2589 2439 monentem
2623 2382 2884 2437 ohaudire
2916 2380 3189 2434 noluerint
3221 2395 3234 2432 :
3261 2377 3470 2430 aiebam
3504 2373 3682 2441 siqui-

2103 2479 2251 2543 dem,
2283 2475 2484 2530 nullam
2521 2475 2628 2528 luis
2666 2473 2826 2528 dictis
2860 2472 3161 2527 habendam
3199 2483 3320 2525 esse
3361 2468 3542 2530 tidem,
3577 2465 3679 2520 sed

2107 2570 2158 2626 in
2195 2568 2330 2624 urbe
2359 2566 2684 2622 manendum
2722 2585 2734 2620 :
2771 2575 2822 2618 et
2855 2564 2978 2620 imle
3013 2563 3180 2618 armis
3211 2577 3320 2616 rem
3345 2574 3466 2618 esse
3503 2567 3682 2611 trans-

2106 2661 2378 2731 igeudam,
2424 2674 2529 2711 tton
2572 2655 2752 2710 verbis
2782 2673 2794 2708 :
2825 2655 3078 2711 daturum
3137 2649 3344 2706 scilicet
3377 2648 3681 2708 Christum,

2102 2767 2264 2822 quem
2304 2751 2652 2820 optabamus,
2682 2749 2822 2802 bello
2861 2747 3020 2801 linem
3047 2759 3062 2798 :
3089 2760 3187 2799 nec
3221 2744 3406 2798 urbem
3443 2755 3682 2810 unquam

2104 2849 2466 2912 expugnatum
2505 2840 2592 2896 iri.
2632 2842 2682 2891 in
2716 2847 2859 2892 tanta
2890 2836 3188 2905 praesertim
3231 2847 3412 2889 rerum
3441 2831 3683 2885 omnium

2105 2932 2280 3000 copia.
2316 2932 2409 2985 Sic
2440 2931 2516 2984 iiii
2548 2930 2801 2984 nimirum
2836 2934 3160 2990 statuerunt,
3214 2925 3320 2977 tuis
3363 2922 3507 2990 capti
3554 2921 3690 2975 arti-

2106 3025 2225 3079 bus.
2261 3023 2625 3090 Quamobrem
2668 3021 2817 3090 regio
2861 3028 2911 3074 te
2941 3017 3158 3072 nomine
3199 3015 3478 3085 indignum
3510 3023 3639 3083 puto
3668 3029 3684 3066 :

2109 3115 2457 3184 impostorem
2511 3115 2689 3184 potius
2733 3111 2940 3166 dixero.
2988 3109 3281 3163 Enimvero
3330 3121 3504 3176 reges,
3546 3118 3683 3172 quos

2105 3208 2213 3262 vidi
2263 3205 2484 3269 multos,
2537 3213 2695 3274 pacta
2738 3210 3002 3258 conventa
3056 3207 3300 3265 servant,
3358 3207 3416 3253 et
3463 3213 3493 3251 a
3549 3197 3690 3252 dolis

2104 3297 2495 3367 fraudibusque
2521 3297 2840 3351 abhorrent.
2869 3293 3022 3360 Quod
3049 3306 3321 3346 smmuum
3367 3297 3470 3355 est,
3509 3289 3688 3344 datam

2103 3391 2325 3448 Christo
2369 3391 2475 3444 Deo
2513 3404 2631 3444 meo
2673 3387 2831 3443 fidem
2880 3401 2986 3441 non
3028 3393 3198 3448 muto,
3231 3399 3330 3438 nec
3356 3381 3574 3438 Iudaeus
3611 3382 3689 3436 tui

2107 3483 2301 3540 similis
2344 3492 2590 3553 apostata
2634 3481 2782 3536 liam.
2815 3479 2883 3533 Et
2917 3481 3102 3534 vivere
3135 3477 3380 3547 quidem,
3431 3485 3694 3531 mortem-

2108 3591 2214 3645 que
2243 3577 2497 3638 evadere,
2529 3589 2648 3630 meo
2683 3589 2830 3629 nunc
2867 3582 3017 3628 stare
3043 3571 3271 3626 arbitrio
3303 3581 3389 3624 sat
3420 3569 3555 3624 scio.
3588 3569 3688 3622 At-

2110 3678 2290 3722 tamen
2342 3668 2430 3721 tlitt
2469 3665 2580 3734 jam
2635 3667 2764 3732 vixi,
2825 3675 2879 3721 et
2928 3665 3247 3727 liberorum,
3297 3672 3690 3732 nepotumqtte,

2107 3771 2272 3829 atque
2329 3768 2682 3829 cognatorum
2741 3773 2986 3828 magnam
3042 3767 3316 3812 catervam
3380 3754 3627 3822 relinquo
3675 3772 3690 3809 :

2111 3851 2271 3906 rebus
2314 3852 2537 3921 insuper
2575 3851 2702 3908 belli
2750 3851 3005 3919 domique
3046 3849 3211 3920 gestis
3255 3864 3361 3904 non
3399 3848 3692 3912 modicam,

2107 3941 2327 3999 Christo
2353 3941 2585 4010 favente,
2632 3941 2824 4011 collegi
2852 3941 3075 3996 famam.
3119 3941 3271 4007 Quod
3321 3941 3373 3996 in
3416 3947 3694 4009 posterunt

2113 4047 2342 4106 spectat,
2402 4053 2508 4092 non
2563 4037 2742 4098 dubia,
2793 4035 2890 4090 sed
2937 4046 3087 4089 certa
3131 4034 3261 4090 mihi
3311 4049 3438 4104 spes
3487 4040 3693 4095 manet,

2112 4132 2228 4186 fore
2278 4139 2370 4195 ut,
2420 4130 2881 4200 quemadmodum
2934 4129 3061 4183 vitis
3127 4129 3352 4184 resectis
3407 4127 3697 4197 superﬂuis

2111 4223 2402 4276 sarmentis
2446 4221 2566 4275 uvis
2595 4220 2884 4285 exuberat,
2924 4220 3006 4276 sic
3046 4219 3276 4290 populus
3311 4227 3496 4274 noster
3535 4217 3696 4271 Chri-

2111 4314 2321 4366 stianus
2362 4312 2433 4366 sit
2461 4311 2697 4376 futurus,
2750 4323 2805 4366 et
2850 4311 3117 4374 Ecclesia,
3169 4326 3334 4380 quam
3380 4307 3695 4372 incendisti,

2115 4403 2553 4473 magnificentius
2590 4402 2906 4472 propediem
2965 4399 3596 4469 instauretur:iusuper
3643 4405 3700 4451 et

423 4493 592 4565 signis
625 4494 860 4551 habebat
903 4498 1087 4566 plures
1131 4517 1431 4560 conversus
1462 4523 1477 4560 :
1505 4506 1771 4573 Audistis,
1807 4511 2003 4579 inquit,

2114 4495 2423 4550 Christiana
2479 4496 2668 4564 religio
2718 4493 3008 4563 resumptis
3047 4492 3252 4548 viribus
3303 4502 3514 4561 regnet,
3558 4492 3700 4561 regl-

415 4598 542 4652 quae
573 4590 834 4644 adversus
864 4604 1058 4647 vestrm
1090 4605 1254 4650 sectas
1305 4597 1555 4654 homines
1601 4603 1820 4657 decreta
1866 4615 2010 4659 acta-

417 4690 530 4744 que
583 4677 819 4737 fuerint?
863 4683 1006 4750 Quin
1053 4701 1183 4756 ergo
1227 4704 1322 4742 vos
1368 4689 1647 4745 Christum
1695 4695 1856 4748 modo
1901 4711 2006 4750 non

420 4766 694 4836 ejuratis?
725 4771 909 4842 Neque
947 4775 1092 4829 enim
1143 4778 1386 4846 regibus,
1415 4781 1508 4848 qui
1542 4781 1884 4837 Christianos
1909 4801 2006 4838 exe

421 4860 703 4929 pellendos
742 4863 1093 4932 judicarunt,
1147 4883 1265 4922 sum
1325 4872 1440 4939 ipse
1505 4873 1716 4927 melior.
1765 4876 1846 4927 Ad
1897 4876 2012 4929 huic

421 4950 584 5005 utiles
625 4953 845 5021 quidam
891 4955 1262 5023 Christianus,
1291 4962 1380 5031 qui
1434 4963 1486 5015 in
1527 4961 1768 5018 Mouderi
1814 4967 2013 5022 castris

421 5045 760 5109 merebatur,
809 5048 993 5103 divino
1039 5049 1156 5103 zelo
1190 5052 1404 5106 excitus
1434 5065 1683 5124 prompte
1728 5055 2011 5110 confiden-

431 5141 620 5202 terque
655 5133 848 5190 :lland
906 5147 1018 5204 tua,
1071 5154 1190 5204 rex,
1245 5139 1445 5209 inquit,
1497 5152 1662 5196 aetate
1713 5143 2010 5200 Christiani

431 5237 534 5278 nos
563 5224 691 5278 facti
725 5241 938 5293 sumus,
972 5239 1030 5280 ιιι
1064 5232 1223 5284 modo
1264 5231 1538 5286 Christum
1567 5233 1783 5300 ejurare
1813 5235 2013 5290 debea-

426 5330 571 5371 mus.
605 5317 704 5372 Cui
736 5318 1028 5375 Monderus
1077 5324 1395 5378 subiratus:
1436 5326 1589 5381 Tune
1617 5366 1633 5392 ,
1686 5329 1884 5398 inquit,
1927 5343 2015 5382 me

426 5418 698 5474 praesente
735 5411 848 5465 haec
889 5409 1102 5466 elIutire
1141 5398 1352 5467 audes?
1383 5415 1453 5468 At
1485 5415 1572 5469 ille
1605 5433 1618 5470 :
1655 5415 1762 5470 Pro
1808 5418 2012 5486 pietate

427 5493 748 5566 locuturus,
821 5503 1092 5558 nemiuem
1171 5515 1412 5560 metuere
1466 5506 1654 5574 soleo,
1709 5523 1809 5562 nec
1855 5509 2014 5561 modo

428 5587 710 5646 hominum
743 5602 940 5659 metus,
999 5606 1056 5649 ut
1101 5597 1153 5650 in
1198 5612 1260 5652 ea
1293 5613 1455 5652 causa
1499 5609 1729 5662 tateam,
1774 5618 2011 5669 unquam

429 5675 651 5735 efﬁciet.
690 5681 877 5753 Neque
905 5699 1035 5740 vero
1067 5687 1198 5740 mihi
1234 5687 1694 5758 gladius-brevior
1722 5701 1804 5745 est
1832 5693 2012 5760 gladio

431 5781 782 5844 ceterorum,
823 5788 1050 5845 paratus
1081 5779 1315 5848 experiri
1363 5797 1504 5836 sum.
1544 5783 1740 5839 'l‘acuit
1792 5783 2013 5839 Munde-

2115 4588 2321 4656 busque
2364 4587 2630 4655 imperet;
2673 4583 2984 4640 Iudaeorum
3028 4594 3211 4637 autem
3261 4593 3410 4637 secta
3460 4581 3701 4636 tenebris

2111 4683 2400 4745 obruatur,
2449 4691 2598 4733 tutttn
2637 4693 2860 4747 regutttn
2898 4675 3173 4740 concidat,
3231 4682 3286 4729 et
3316 4681 3558 4743 potestas
3609 4673 3698 4726 itt-

2117 4782 2306 4828 tereat.
2347 4771 2491 4826 l’uue
2521 4785 2653 4839 ergo
2690 4769 2914 4835 fastum,
2961 4782 3100 4823 neve
3141 4766 3346 4836 aliquid
3379 4769 3701 4836 pratclarum

2117 4874 2166 4917 te
2198 4862 2431 4933 gessisse
2467 4873 2663 4929 putes:
2691 4876 2812 4916 cum
2845 4859 2991 4916 enim
3032 4858 3318 4922 clarueris,
3353 4867 3579 4927 repente
3607 4870 3702 4910 oe-

2114 4955 2287 5009 cides.

2187 5044 2316 5101 Haec
2347 5048 2522 5102 aiebat
2549 5061 2778 5117 magnus
2808 5059 2874 5100 ac
2897 5041 3224 5099 venerabilis
3247 5054 3412 5095 senex
3441 5039 3699 5094 Arethas.

2117 5136 2238 5192 Mox
2267 5138 2605 5192 Christianos
2647 5138 2736 5206 qui
2768 5135 3086 5204 frequentes
3117 5134 3262 5189 latus
3297 5135 3420 5204 ejus
3463 5135 3703 5202 stiparev

2115 5240 2242 5284 rant
2272 5231 2415 5285 hunc
2451 5232 2501 5284 itt
2540 5232 2755 5285 modmn
2794 5229 3146 5298 interpellat:
3179 5227 3444 5292 Audistis,
3480 5227 3702 5290 fratres,

2114 5325 2242 5394 quid
2286 5325 2372 5380 isti
2407 5324 2592 5378 Judseu
2629 5333 2853 5377 testatus
2879 5321 3047 5376 sum?
3068 5321 3164 5375 Cui
3194 5318 3271 5373 illi
3301 5336 3316 5373 :
3344 5317 3566 5388 Utique,
3597 5317 3700 5370 Pa-

2119 5429 2218 5471 ter.
2255 5416 2488 5472 Arethas
2519 5434 2532 5471 :
2573 5414 2707 5470 Vera
2745 5423 2872 5469 sunt
2915 5415 3027 5476 illa,
3063 5420 3277 5468 necne?
3309 5411 3446 5466 Cum
3484 5423 3708 5477 respou-

2116 5507 2322 5561 dissent
2381 5522 2504 5560 vera
2567 5522 2728 5571 esse,
2784 5504 3028 5560 subdidit
3062 5519 3076 5556 :
3106 5503 3162 5556 Si
3196 5502 3320 5570 quis
3365 5514 3494 5568 ergo
3553 5513 3704 5552 metu

2117 5599 2307 5652 mortis
2338 5614 2660 5662 concussus,
2691 5602 2873 5651 datam
2905 5595 3129 5649 Christo
3159 5594 3319 5648 fidem
3365 5600 3580 5644 mutare
3613 5605 3704 5642 eo-

2116 5692 2288 5758 gitat,
2342 5692 2675 5758 quantocius
2711 5690 2990 5744 abscedat.
3047 5687 3143 5740 llic
3200 5685 3413 5739 Sublato
3464 5684 3705 5737 clamore

2117 5780 2599 5836 uttmestdixerunt
2628 5799 2641 5836 :
2669 5778 2945 5847 Propitius
2988 5777 3060 5832 sit
3115 5777 3270 5830 nobis
3311 5773 3474 5836 Deus,
3523 5787 3589 5824 ne
3634 5768 3700 5823 ti-
