  <div class='ocr_page' id='page_1' title='image "/cluster/home/n/w/nwhite01/storage/ocr_20150623/85/coo.31924054869866/595.png"; bbox 0 0 4070 6376; ppageno 0'>
   <div class='ocr_carea' id='block_1_1' title="bbox 475 379 609 452">
    <p class='ocr_par' dir='ltr' id='par_1_1' title="bbox 475 379 609 452">
     <span class='ocr_line' id='line_1_1' title="bbox 475 379 609 452; baseline 0.052 -6"><span class='ocrx_word' id='word_1_1' title='bbox 475 387 489 446; x_wconf 86' lang='lat' dir='ltr'><strong>l</strong></span> <span class='ocrx_word' id='word_1_2' title='bbox 512 379 609 452; x_wconf 77' lang='lat'><strong>175</strong></span> 
     </span>
    </p>
   </div>
   <div class='ocr_carea' id='block_1_2' title="bbox 1065 501 1444 557">
    <p class='ocr_par' dir='ltr' id='par_1_2' title="bbox 1065 501 1444 557">
     <span class='ocr_line' id='line_1_2' title="bbox 1065 501 1444 557; baseline 0.011 -4"><span class='ocrx_word' id='word_1_3' title='bbox 1065 501 1216 555; x_wconf 68' lang='lat' dir='ltr'><strong>CAP.</strong></span> <span class='ocrx_word' id='word_1_4' title='bbox 1259 501 1444 557; x_wconf 68' lang='lat' dir='ltr'><strong>XVill.</strong></span> 
     </span>
    </p>
   </div>
   <div class='ocr_carea' id='block_1_3' title="bbox 667 609 1857 686">
    <p class='ocr_par' dir='ltr' id='par_1_3' title="bbox 667 609 1857 686">
     <span class='ocr_line' id='line_1_3' title="bbox 667 609 1857 686; baseline 0.006 -21"><span class='ocrx_word' id='word_1_5' title='bbox 667 609 741 666; x_wconf 85' lang='lat' dir='ltr'><strong>De</strong></span> <span class='ocrx_word' id='word_1_6' title='bbox 770 615 917 666; x_wconf 78' lang='lat' dir='ltr'><strong>rebus</strong></span> <span class='ocrx_word' id='word_1_7' title='bbox 946 619 1038 666; x_wconf 72' lang='lat' dir='ltr'><strong>sub</strong></span> <span class='ocrx_word' id='word_1_8' title='bbox 1066 615 1378 670; x_wconf 72' lang='lat' dir='ltr'><strong>Iustiniano</strong></span> <span class='ocrx_word' id='word_1_9' title='bbox 1412 618 1650 686; x_wconf 76' lang='lat' dir='ltr'><strong>Augusto</strong></span> <span class='ocrx_word' id='word_1_10' title='bbox 1676 619 1857 686; x_wconf 75' lang='lat' dir='ltr'><strong>gestis.</strong></span> 
     </span>
    </p>
   </div>
   <div class='ocr_carea' id='block_1_4' title="bbox 542 726 2042 798">
    <p class='ocr_par' dir='ltr' id='par_1_4' title="bbox 542 726 2042 798">
     <span class='ocr_line' id='line_1_4' title="bbox 542 726 2042 798; baseline 0.001 -13"><span class='ocrx_word' id='word_1_11' title='bbox 542 726 853 785; x_wconf 65' lang='lat' dir='ltr'><strong>Iustiniano</strong></span> <span class='ocrx_word' id='word_1_12' title='bbox 882 742 1158 794; x_wconf 74' lang='lat' dir='ltr'><strong>regnante,</strong></span> <span class='ocrx_word' id='word_1_13' title='bbox 1205 731 1378 783; x_wconf 75' lang='lat' dir='ltr'><strong>llumii</strong></span> <span class='ocrx_word' id='word_1_14' title='bbox 1409 746 1608 798; x_wconf 72' lang='lat' dir='ltr'><strong>inagna</strong></span> <span class='ocrx_word' id='word_1_15' title='bbox 1631 747 1857 785; x_wconf 82' lang='lat' dir='ltr'><strong>numero</strong></span> <span class='ocrx_word' id='word_1_16' title='bbox 1914 728 2042 786; x_wconf 79' lang='lat' dir='ltr'><strong>Per-</strong></span> 
     </span>
    </p>
   </div>
   <div class='ocr_carea' id='block_1_5' title="bbox 463 823 2034 889">
    <p class='ocr_par' dir='ltr' id='par_1_5' title="bbox 463 823 2034 889">
     <span class='ocr_line' id='line_1_5' title="bbox 463 823 2034 889; baseline 0.003 -14"><span class='ocrx_word' id='word_1_17' title='bbox 463 837 645 875; x_wconf 44' lang='lat' dir='ltr'><strong>sarum</strong></span> <span class='ocrx_word' id='word_1_18' title='bbox 675 823 1016 889; x_wconf 85' lang='lat' dir='ltr'><strong>stipendiarii</strong></span> <span class='ocrx_word' id='word_1_19' title='bbox 1050 823 1413 876; x_wconf 81' lang='lat' dir='ltr'><strong>incursionem</strong></span> <span class='ocrx_word' id='word_1_20' title='bbox 1449 826 1680 878; x_wconf 78' lang='lat' dir='ltr'><strong>subitam</strong></span> <span class='ocrx_word' id='word_1_21' title='bbox 1720 826 1772 879; x_wconf 93' lang='lat' dir='ltr'><strong>in</strong></span> <span class='ocrx_word' id='word_1_22' title='bbox 1834 823 2034 879; x_wconf 76' lang='lat' dir='ltr'><strong>Ruina-</strong></span> 
     </span>
    </p>
   </div>
   <div class='ocr_carea' id='block_1_6' title="bbox 465 911 2042 984">
    <p class='ocr_par' dir='ltr' id='par_1_6' title="bbox 465 911 2042 984">
     <span class='ocr_line' id='line_1_6' title="bbox 465 911 2042 984; baseline 0.004 -21"><span class='ocrx_word' id='word_1_23' title='bbox 465 927 588 963; x_wconf 64' lang='lat' dir='ltr'><strong>ttam</strong></span> <span class='ocrx_word' id='word_1_24' title='bbox 619 913 876 963; x_wconf 91' lang='lat' dir='ltr'><strong>ditionem</strong></span> <span class='ocrx_word' id='word_1_25' title='bbox 908 911 1172 973; x_wconf 76' lang='lat' dir='ltr'><strong>iecerunt,</strong></span> <span class='ocrx_word' id='word_1_26' title='bbox 1206 929 1361 979; x_wconf 81' lang='lat' dir='ltr'><strong>agros</strong></span> <span class='ocrx_word' id='word_1_27' title='bbox 1419 924 1723 977; x_wconf 78' lang='lat' dir='ltr'><strong>vastarunt,</strong></span> <span class='ocrx_word' id='word_1_28' title='bbox 1773 917 2042 984; x_wconf 83' lang='lat' dir='ltr'><strong>agricolas</strong></span> 
     </span>
    </p>
   </div>
   <div class='ocr_carea' id='block_1_7' title="bbox 465 1001 2042 1070">
    <p class='ocr_par' dir='ltr' id='par_1_7' title="bbox 465 1001 2042 1070">
     <span class='ocr_line' id='line_1_7' title="bbox 465 1001 2042 1070; baseline 0.003 -18"><span class='ocrx_word' id='word_1_29' title='bbox 465 1001 662 1053; x_wconf 88' lang='lat' dir='ltr'><strong>multos</strong></span> <span class='ocrx_word' id='word_1_30' title='bbox 691 1001 1027 1062; x_wconf 82' lang='lat' dir='ltr'><strong>occiderunt,</strong></span> <span class='ocrx_word' id='word_1_31' title='bbox 1069 1017 1231 1069; x_wconf 83' lang='lat' dir='ltr'><strong>pagos</strong></span> <span class='ocrx_word' id='word_1_32' title='bbox 1269 1017 1568 1070; x_wconf 76' lang='lat' dir='ltr'><strong>eorumque</strong></span> <span class='ocrx_word' id='word_1_33' title='bbox 1623 1005 1884 1057; x_wconf 82' lang='lat' dir='ltr'><strong>ecclesias</strong></span> <span class='ocrx_word' id='word_1_34' title='bbox 1957 1005 2042 1058; x_wconf 84' lang='lat' dir='ltr'><strong>in-</strong></span> 
     </span>
    </p>
   </div>
   <div class='ocr_carea' id='block_1_8' title="bbox 464 1093 2038 1162">
    <p class='ocr_par' dir='ltr' id='par_1_8' title="bbox 464 1093 2038 1162">
     <span class='ocr_line' id='line_1_8' title="bbox 464 1093 2038 1162; baseline 0.004 -19"><span class='ocrx_word' id='word_1_35' title='bbox 464 1093 834 1156; x_wconf 80' lang='lat' dir='ltr'><strong>ilatnmarttnt,</strong></span> <span class='ocrx_word' id='word_1_36' title='bbox 885 1093 1316 1162; x_wconf 80' lang='lat' dir='ltr'><strong>transmissoque</strong></span> <span class='ocrx_word' id='word_1_37' title='bbox 1367 1093 1640 1162; x_wconf 81' lang='lat' dir='ltr'><strong>Euphrate</strong></span> <span class='ocrx_word' id='word_1_38' title='bbox 1691 1095 2038 1149; x_wconf 76' lang='lat' dir='ltr'><strong>Antiochiam</strong></span> 
     </span>
    </p>
   </div>
   <div class='ocr_carea' id='block_1_9' title="bbox 465 1183 2036 1253">
    <p class='ocr_par' dir='ltr' id='par_1_9' title="bbox 465 1183 2036 1253">
     <span class='ocr_line' id='line_1_9' title="bbox 465 1183 2036 1253; baseline 0.006 -21"><span class='ocrx_word' id='word_1_39' title='bbox 465 1197 636 1250; x_wconf 89' lang='lat' dir='ltr'><strong>usque</strong></span> <span class='ocrx_word' id='word_1_40' title='bbox 690 1185 906 1237; x_wconf 80' lang='lat' dir='ltr'><strong>neruine</strong></span> <span class='ocrx_word' id='word_1_41' title='bbox 963 1183 1264 1238; x_wconf 78' lang='lat' dir='ltr'><strong>obsistente</strong></span> <span class='ocrx_word' id='word_1_42' title='bbox 1299 1196 1389 1238; x_wconf 88' lang='lat' dir='ltr'><strong>aut</strong></span> <span class='ocrx_word' id='word_1_43' title='bbox 1438 1197 1699 1253; x_wconf 78' lang='lat' dir='ltr'><strong>Carpente</strong></span> <span class='ocrx_word' id='word_1_44' title='bbox 1750 1199 2036 1242; x_wconf 64' lang='lat' dir='ltr'><strong>Venerunt.</strong></span> 
     </span>
    </p>
   </div>
   <div class='ocr_carea' id='block_1_10' title="bbox 461 1263 2036 1345">
    <p class='ocr_par' dir='ltr' id='par_1_10' title="bbox 461 1263 2036 1345">
     <span class='ocr_line' id='line_1_10' title="bbox 461 1263 2036 1345; baseline 0.003 -17"><span class='ocrx_word' id='word_1_45' title='bbox 461 1275 714 1328; x_wconf 86' lang='lat' dir='ltr'><strong>Attamen</strong></span> <span class='ocrx_word' id='word_1_46' title='bbox 741 1263 932 1329; x_wconf 62' lang='lat' dir='ltr'><strong>ilosius</strong></span> <span class='ocrx_word' id='word_1_47' title='bbox 951 1275 1168 1345; x_wconf 83' lang='lat' dir='ltr'><strong>quidam</strong></span> <span class='ocrx_word' id='word_1_48' title='bbox 1195 1276 1298 1330; x_wconf 81' lang='lat' dir='ltr'><strong>dux</strong></span> <span class='ocrx_word' id='word_1_49' title='bbox 1324 1274 1750 1332; x_wconf 70' lang='lat' dir='ltr'><strong>biail&#39;eraCtensls</strong></span> <span class='ocrx_word' id='word_1_50' title='bbox 1773 1277 1824 1332; x_wconf 90' lang='lat' dir='ltr'><strong>in</strong></span> <span class='ocrx_word' id='word_1_51' title='bbox 1851 1296 2036 1333; x_wconf 86' lang='lat' dir='ltr'><strong>eorum</strong></span> 
     </span>
    </p>
   </div>
   <div class='ocr_carea' id='block_1_11' title="bbox 463 1366 2041 1440">
    <p class='ocr_par' dir='ltr' id='par_1_11' title="bbox 463 1366 2041 1440">
     <span class='ocr_line' id='line_1_11' title="bbox 463 1366 2041 1440; baseline 0.004 -24"><span class='ocrx_word' id='word_1_52' title='bbox 463 1380 491 1417; x_wconf 84' lang='lat' dir='ltr'><strong>a</strong></span> <span class='ocrx_word' id='word_1_53' title='bbox 525 1366 669 1419; x_wconf 65' lang='lat' dir='ltr'><strong>caede</strong></span> <span class='ocrx_word' id='word_1_54' title='bbox 701 1368 894 1434; x_wconf 87' lang='lat' dir='ltr'><strong>reditu,</strong></span> <span class='ocrx_word' id='word_1_55' title='bbox 932 1367 1263 1436; x_wconf 80' lang='lat' dir='ltr'><strong>manipulum</strong></span> <span class='ocrx_word' id='word_1_56' title='bbox 1289 1370 1527 1435; x_wconf 87' lang='lat' dir='ltr'><strong>ipsormn</strong></span> <span class='ocrx_word' id='word_1_57' title='bbox 1551 1385 1858 1440; x_wconf 79' lang='lat' dir='ltr'><strong>aggressts,</strong></span> <span class='ocrx_word' id='word_1_58' title='bbox 1885 1371 2041 1438; x_wconf 89' lang='lat' dir='ltr'><strong>quin-</strong></span> 
     </span>
    </p>
   </div>
   <div class='ocr_carea' id='block_1_12' title="bbox 463 1459 2034 1530">
    <p class='ocr_par' dir='ltr' id='par_1_12' title="bbox 463 1459 2034 1530">
     <span class='ocr_line' id='line_1_12' title="bbox 463 1459 2034 1530; baseline 0.003 -22"><span class='ocrx_word' id='word_1_59' title='bbox 463 1468 654 1524; x_wconf 87' lang='lat' dir='ltr'><strong>gentos</strong></span> <span class='ocrx_word' id='word_1_60' title='bbox 689 1459 909 1512; x_wconf 78' lang='lat' dir='ltr'><strong>circiter</strong></span> <span class='ocrx_word' id='word_1_61' title='bbox 937 1475 1107 1529; x_wconf 89' lang='lat' dir='ltr'><strong>equos</strong></span> <span class='ocrx_word' id='word_1_62' title='bbox 1138 1461 1368 1527; x_wconf 79' lang='lat' dir='ltr'><strong>eripuit,</strong></span> <span class='ocrx_word' id='word_1_63' title='bbox 1388 1477 1693 1530; x_wconf 47' lang='lat' dir='ltr'><strong>magnaque</strong></span> <span class='ocrx_word' id='word_1_64' title='bbox 1740 1464 1914 1528; x_wconf 72' lang='lat' dir='ltr'><strong>praeda</strong></span> <span class='ocrx_word' id='word_1_65' title='bbox 1943 1477 2034 1526; x_wconf 89' lang='lat' dir='ltr'><strong>po-</strong></span> 
     </span>
    </p>
   </div>
   <div class='ocr_carea' id='block_1_13' title="bbox 466 1549 2020 1618">
    <p class='ocr_par' dir='ltr' id='par_1_13' title="bbox 466 1549 2020 1618">
     <span class='ocr_line' id='line_1_13' title="bbox 466 1549 2020 1618; baseline 0.003 -19"><span class='ocrx_word' id='word_1_66' title='bbox 466 1551 596 1602; x_wconf 90' lang='lat' dir='ltr'><strong>titus</strong></span> <span class='ocrx_word' id='word_1_67' title='bbox 621 1559 720 1602; x_wconf 84' lang='lat' dir='ltr'><strong>est.</strong></span> <span class='ocrx_word' id='word_1_68' title='bbox 771 1549 860 1603; x_wconf 85' lang='lat' dir='ltr'><strong>Sic</strong></span> <span class='ocrx_word' id='word_1_69' title='bbox 887 1552 1050 1604; x_wconf 89' lang='lat' dir='ltr'><strong>etiam</strong></span> <span class='ocrx_word' id='word_1_70' title='bbox 1076 1554 1214 1618; x_wconf 89' lang='lat' dir='ltr'><strong>apud</strong></span> <span class='ocrx_word' id='word_1_71' title='bbox 1254 1551 1531 1605; x_wconf 74' lang='lat' dir='ltr'><strong>Citrisiazn</strong></span> <span class='ocrx_word' id='word_1_72' title='bbox 1602 1553 1706 1604; x_wconf 78' lang='lat' dir='ltr'><strong>dm:</strong></span> <span class='ocrx_word' id='word_1_73' title='bbox 1745 1553 1887 1604; x_wconf 82' lang='lat' dir='ltr'><strong>idem</strong></span> <span class='ocrx_word' id='word_1_74' title='bbox 1939 1551 2020 1605; x_wconf 83' lang='lat' dir='ltr'><strong>vi-</strong></span> 
     </span>
    </p>
   </div>
   <div class='ocr_carea' id='block_1_14' title="bbox 461 1642 2042 1711">
    <p class='ocr_par' dir='ltr' id='par_1_14' title="bbox 461 1642 2042 1711">
     <span class='ocr_line' id='line_1_14' title="bbox 461 1642 2042 1711; baseline 0.004 -21"><span class='ocrx_word' id='word_1_75' title='bbox 461 1653 582 1694; x_wconf 78' lang='lat' dir='ltr'><strong>rtor</strong></span> <span class='ocrx_word' id='word_1_76' title='bbox 632 1643 1056 1711; x_wconf 82' lang='lat' dir='ltr'><strong>quadringentos</strong></span> <span class='ocrx_word' id='word_1_77' title='bbox 1104 1642 1272 1696; x_wconf 77' lang='lat' dir='ltr'><strong>ferme</strong></span> <span class='ocrx_word' id='word_1_78' title='bbox 1303 1642 1548 1696; x_wconf 79' lang='lat' dir='ltr'><strong>homines</strong></span> <span class='ocrx_word' id='word_1_79' title='bbox 1594 1644 1911 1711; x_wconf 68' lang='lat' dir='ltr'><strong>prostravit,</strong></span> <span class='ocrx_word' id='word_1_80' title='bbox 1951 1658 2042 1696; x_wconf 88' lang='lat' dir='ltr'><strong>co-</strong></span> 
     </span>
    </p>
   </div>
   <div class='ocr_carea' id='block_1_15' title="bbox 464 1732 1436 1800">
    <p class='ocr_par' dir='ltr' id='par_1_15' title="bbox 464 1732 1436 1800">
     <span class='ocr_line' id='line_1_15' title="bbox 464 1732 1436 1800; baseline 0.001 -17"><span class='ocrx_word' id='word_1_81' title='bbox 464 1747 692 1800; x_wconf 84' lang='lat' dir='ltr'><strong>rumque</strong></span> <span class='ocrx_word' id='word_1_82' title='bbox 723 1744 968 1786; x_wconf 84' lang='lat' dir='ltr'><strong>armenta</strong></span> <span class='ocrx_word' id='word_1_83' title='bbox 999 1733 1098 1786; x_wconf 89' lang='lat' dir='ltr'><strong>sibi</strong></span> <span class='ocrx_word' id='word_1_84' title='bbox 1122 1732 1436 1785; x_wconf 78' lang='lat' dir='ltr'><strong>vindicavit.</strong></span> 
     </span>
    </p>
   </div>
   <div class='ocr_carea' id='block_1_16' title="bbox 1491 395 2740 460">
    <p class='ocr_par' dir='ltr' id='par_1_16' title="bbox 1491 395 2740 460">
     <span class='ocr_line' id='line_1_16' title="bbox 1491 395 2740 460; baseline 0.003 -4"><span class='ocrx_word' id='word_1_85' title='bbox 1491 395 1891 457; x_wconf 72' lang='lat' dir='ltr'><strong>ZACHARLE</strong></span> <span class='ocrx_word' id='word_1_86' title='bbox 1932 396 2360 458; x_wconf 56' lang='lat' dir='ltr'><strong>MITYLEYES</strong></span> <span class='ocrx_word' id='word_1_87' title='bbox 2398 398 2740 460; x_wconf 89' lang='lat' dir='ltr'><strong>EPISCOPI</strong></span> 
     </span>
    </p>
   </div>
   <div class='ocr_carea' id='block_1_17' title="bbox 2077 507 3731 578">
    <p class='ocr_par' dir='ltr' id='par_1_17' title="bbox 2077 507 3731 578">
     <span class='ocr_line' id='line_1_17' title="bbox 2077 507 3731 578; baseline 0.004 -20"><span class='ocrx_word' id='word_1_88' title='bbox 2077 514 2117 565; x_wconf 80' lang='grc' dir='ltr'>Α</span> <span class='ocrx_word' id='word_1_89' title='bbox 2150 525 2312 576; x_wconf 76' lang='lat' dir='ltr'><strong>gnum</strong></span> <span class='ocrx_word' id='word_1_90' title='bbox 2339 510 2608 573; x_wconf 79' lang='lat' dir='ltr'><strong>traderet;</strong></span> <span class='ocrx_word' id='word_1_91' title='bbox 2643 510 2873 577; x_wconf 85' lang='lat' dir='ltr'><strong>gratiam</strong></span> <span class='ocrx_word' id='word_1_92' title='bbox 2901 509 3122 576; x_wconf 88' lang='lat' dir='ltr'><strong>insuper</strong></span> <span class='ocrx_word' id='word_1_93' title='bbox 3151 507 3452 562; x_wconf 78' lang='lat' dir='ltr'><strong>curationis</strong></span> <span class='ocrx_word' id='word_1_94' title='bbox 3479 525 3587 561; x_wconf 71' lang='lat' dir='ltr'><strong>sum</strong></span> <span class='ocrx_word' id='word_1_95' title='bbox 3616 521 3731 578; x_wconf 84' lang='lat' dir='ltr'><strong>post</strong></span> 
     </span>
    </p>
   </div>
   <div class='ocr_carea' id='block_1_18' title="bbox 3520 385 3730 467">
    <p class='ocr_par' dir='ltr' id='par_1_18' title="bbox 3520 385 3730 467">
     <span class='ocr_line' id='line_1_18' title="bbox 3520 385 3730 467; baseline -0.038 0"><span class='ocrx_word' id='word_1_96' title='bbox 3520 463 3524 467; x_wconf 85' lang='lat'><strong><em>_</em></strong></span> <span class='ocrx_word' id='word_1_97' title='bbox 3593 385 3730 462; x_wconf 77' lang='lat'><strong>1175</strong></span> 
     </span>
    </p>
   </div>
   <div class='ocr_carea' id='block_1_19' title="bbox 2154 598 3730 669">
    <p class='ocr_par' dir='ltr' id='par_1_19' title="bbox 2154 598 3730 669">
     <span class='ocr_line' id='line_1_19' title="bbox 2154 598 3730 669; baseline 0.001 -17"><span class='ocrx_word' id='word_1_98' title='bbox 2154 599 2318 652; x_wconf 80' lang='lat' dir='ltr'><strong>Deum</strong></span> <span class='ocrx_word' id='word_1_99' title='bbox 2339 601 2494 653; x_wconf 83' lang='lat' dir='ltr'><strong>beato</strong></span> <span class='ocrx_word' id='word_1_100' title='bbox 2519 598 2683 669; x_wconf 79' lang='lat' dir='ltr'><strong>Moysi</strong></span> <span class='ocrx_word' id='word_1_101' title='bbox 2702 599 2774 652; x_wconf 86' lang='lat' dir='ltr'><strong>Ta</strong></span> <span class='ocrx_word' id='word_1_102' title='bbox 2787 599 3035 654; x_wconf 83' lang='lat' dir='ltr'><strong>t&#39;melensi</strong></span> <span class='ocrx_word' id='word_1_103' title='bbox 3057 599 3282 653; x_wconf 82' lang='lat' dir='ltr'><strong>debebat</strong></span> <span class='ocrx_word' id='word_1_104' title='bbox 3304 618 3317 665; x_wconf 92' lang='lat'><strong>;</strong></span> <span class='ocrx_word' id='word_1_105' title='bbox 3343 600 3542 654; x_wconf 81' lang='lat' dir='ltr'><strong>idcirco</strong></span> <span class='ocrx_word' id='word_1_106' title='bbox 3564 603 3730 655; x_wconf 75' lang='lat' dir='ltr'><strong>filium</strong></span> 
     </span>
    </p>
   </div>
   <div class='ocr_carea' id='block_1_20' title="bbox 2148 690 3729 762">
    <p class='ocr_par' dir='ltr' id='par_1_20' title="bbox 2148 690 3729 762">
     <span class='ocr_line' id='line_1_20' title="bbox 2148 690 3729 762; baseline 0.001 -18"><span class='ocrx_word' id='word_1_107' title='bbox 2148 704 2302 744; x_wconf 88' lang='lat' dir='ltr'><strong>suum</strong></span> <span class='ocrx_word' id='word_1_108' title='bbox 2340 702 2396 743; x_wconf 88' lang='lat' dir='ltr'><strong>ut</strong></span> <span class='ocrx_word' id='word_1_109' title='bbox 2457 705 2642 758; x_wconf 78' lang='lat' dir='ltr'><strong>pacem</strong></span> <span class='ocrx_word' id='word_1_110' title='bbox 2698 690 3021 745; x_wconf 84' lang='lat' dir='ltr'><strong>concederet</strong></span> <span class='ocrx_word' id='word_1_111' title='bbox 3105 693 3265 744; x_wconf 82' lang='lat' dir='ltr'><strong>enixe</strong></span> <span class='ocrx_word' id='word_1_112' title='bbox 3332 693 3573 762; x_wconf 77' lang='lat' dir='ltr'><strong>rogavit:</strong></span> <span class='ocrx_word' id='word_1_113' title='bbox 3637 694 3729 761; x_wconf 94' lang='lat' dir='ltr'><strong>qui</strong></span> 
     </span>
    </p>
   </div>
   <div class='ocr_carea' id='block_1_21' title="bbox 2147 779 3730 851">
    <p class='ocr_par' dir='ltr' id='par_1_21' title="bbox 2147 779 3730 851">
     <span class='ocr_line' id='line_1_21' title="bbox 2147 779 3730 851; baseline 0.001 -16"><span class='ocrx_word' id='word_1_114' title='bbox 2147 796 2270 835; x_wconf 85' lang='lat' dir='ltr'><strong>eum</strong></span> <span class='ocrx_word' id='word_1_115' title='bbox 2308 781 2424 834; x_wconf 87' lang='lat' dir='ltr'><strong>auri</strong></span> <span class='ocrx_word' id='word_1_116' title='bbox 2479 796 2795 833; x_wconf 77' lang='lat' dir='ltr'><strong>summania</strong></span> <span class='ocrx_word' id='word_1_117' title='bbox 2849 779 3154 834; x_wconf 80' lang='lat' dir='ltr'><strong>Justiniauo</strong></span> <span class='ocrx_word' id='word_1_118' title='bbox 3186 782 3426 851; x_wconf 82' lang='lat' dir='ltr'><strong>Augusto</strong></span> <span class='ocrx_word' id='word_1_119' title='bbox 3473 797 3568 850; x_wconf 87' lang='lat' dir='ltr'><strong>per</strong></span> <span class='ocrx_word' id='word_1_120' title='bbox 3615 783 3730 836; x_wconf 80' lang='lat' dir='ltr'><strong>Ru-</strong></span> 
     </span>
    </p>
   </div>
   <div class='ocr_carea' id='block_1_22' title="bbox 2152 872 3730 942">
    <p class='ocr_par' dir='ltr' id='par_1_22' title="bbox 2152 872 3730 942">
     <span class='ocr_line' id='line_1_22' title="bbox 2152 872 3730 942; baseline 0.001 -16"><span class='ocrx_word' id='word_1_121' title='bbox 2152 872 2322 927; x_wconf 77' lang='lat' dir='ltr'><strong>ﬁnum</strong></span> <span class='ocrx_word' id='word_1_122' title='bbox 2373 883 2428 927; x_wconf 88' lang='lat' dir='ltr'><strong>et</strong></span> <span class='ocrx_word' id='word_1_123' title='bbox 2482 873 2880 934; x_wconf 69' lang='lat' dir='ltr'><strong>Hermogenem</strong></span> <span class='ocrx_word' id='word_1_124' title='bbox 2922 873 3126 942; x_wconf 79' lang='lat' dir='ltr'><strong>legatos</strong></span> <span class='ocrx_word' id='word_1_125' title='bbox 3167 875 3266 927; x_wconf 72' lang='lat' dir='ltr'><strong>sibi</strong></span> <span class='ocrx_word' id='word_1_126' title='bbox 3300 875 3518 925; x_wconf 88' lang='lat' dir='ltr'><strong>missam</strong></span> <span class='ocrx_word' id='word_1_127' title='bbox 3574 888 3730 928; x_wconf 81' lang='lat' dir='ltr'><strong>acce-</strong></span> 
     </span>
    </p>
   </div>
   <div class='ocr_carea' id='block_1_23' title="bbox 2151 966 3728 1034">
    <p class='ocr_par' dir='ltr' id='par_1_23' title="bbox 2151 966 3728 1034">
     <span class='ocr_line' id='line_1_23' title="bbox 2151 966 3728 1034; baseline 0 -14"><span class='ocrx_word' id='word_1_128' title='bbox 2151 969 2340 1034; x_wconf 86' lang='lat' dir='ltr'><strong>pisset,</strong></span> <span class='ocrx_word' id='word_1_129' title='bbox 2375 981 2474 1034; x_wconf 83' lang='lat' dir='ltr'><strong>pax</strong></span> <span class='ocrx_word' id='word_1_130' title='bbox 2505 966 2642 1018; x_wconf 75' lang='lat' dir='ltr'><strong>facta</strong></span> <span class='ocrx_word' id='word_1_131' title='bbox 2668 973 2770 1027; x_wconf 89' lang='lat' dir='ltr'><strong>est,</strong></span> <span class='ocrx_word' id='word_1_132' title='bbox 2811 977 2865 1018; x_wconf 86' lang='lat' dir='ltr'><strong>et</strong></span> <span class='ocrx_word' id='word_1_133' title='bbox 2913 968 3128 1034; x_wconf 73' lang='lat' dir='ltr'><strong>scriptis</strong></span> <span class='ocrx_word' id='word_1_134' title='bbox 3188 967 3594 1034; x_wconf 55' lang='lat' dir='ltr'><strong>obsignatisqne</strong></span> <span class='ocrx_word' id='word_1_135' title='bbox 3658 967 3728 1020; x_wconf 91' lang='lat' dir='ltr'><strong>li-</strong></span> 
     </span>
    </p>
   </div>
   <div class='ocr_carea' id='block_1_24' title="bbox 2148 1055 3727 1124">
    <p class='ocr_par' dir='ltr' id='par_1_24' title="bbox 2148 1055 3727 1124">
     <span class='ocr_line' id='line_1_24' title="bbox 2148 1055 3727 1124; baseline -0.001 -14"><span class='ocrx_word' id='word_1_136' title='bbox 2148 1055 2301 1110; x_wconf 81' lang='lat' dir='ltr'><strong>bellis</strong></span> <span class='ocrx_word' id='word_1_137' title='bbox 2336 1057 2684 1109; x_wconf 88' lang='lat' dir='ltr'><strong>conﬁrmata:</strong></span> <span class='ocrx_word' id='word_1_138' title='bbox 2725 1055 2943 1118; x_wconf 84' lang='lat' dir='ltr'><strong>visaque</strong></span> <span class='ocrx_word' id='word_1_139' title='bbox 2971 1066 3088 1106; x_wconf 86' lang='lat' dir='ltr'><strong>sunt</strong></span> <span class='ocrx_word' id='word_1_140' title='bbox 3126 1057 3176 1107; x_wconf 91' lang='lat' dir='ltr'><strong>in</strong></span> <span class='ocrx_word' id='word_1_141' title='bbox 3215 1055 3352 1107; x_wconf 73' lang='lat' dir='ltr'><strong>cmlo</strong></span> <span class='ocrx_word' id='word_1_142' title='bbox 3383 1055 3559 1107; x_wconf 72' lang='lat' dir='ltr'><strong>sidera</strong></span> <span class='ocrx_word' id='word_1_143' title='bbox 3613 1057 3727 1124; x_wconf 85' lang='lat' dir='ltr'><strong>ipsa</strong></span> 
     </span>
    </p>
   </div>
   <div class='ocr_carea' id='block_1_25' title="bbox 2147 1141 3726 1198">
    <p class='ocr_par' dir='ltr' id='par_1_25' title="bbox 2147 1141 3726 1198">
     <span class='ocr_line' id='line_1_25' title="bbox 2147 1141 3726 1198; baseline 0.001 -2"><span class='ocrx_word' id='word_1_144' title='bbox 2147 1145 2217 1196; x_wconf 90' lang='lat' dir='ltr'><strong>ob</strong></span> <span class='ocrx_word' id='word_1_145' title='bbox 2249 1145 2547 1196; x_wconf 81' lang='lat' dir='ltr'><strong>novitatem</strong></span> <span class='ocrx_word' id='word_1_146' title='bbox 2577 1145 2649 1197; x_wconf 89' lang='lat' dir='ltr'><strong>rei</strong></span> <span class='ocrx_word' id='word_1_147' title='bbox 2683 1144 3028 1198; x_wconf 73' lang='lat' dir='ltr'><strong>cxsnltamia.</strong></span> <span class='ocrx_word' id='word_1_148' title='bbox 3077 1141 3205 1196; x_wconf 83' lang='lat' dir='ltr'><strong>Erat</strong></span> <span class='ocrx_word' id='word_1_149' title='bbox 3233 1154 3412 1196; x_wconf 87' lang='lat' dir='ltr'><strong>autem</strong></span> <span class='ocrx_word' id='word_1_150' title='bbox 3443 1152 3605 1197; x_wconf 55' lang='lat' dir='ltr'><strong>testas</strong></span> <span class='ocrx_word' id='word_1_151' title='bbox 3634 1146 3726 1197; x_wconf 84' lang='lat' dir='ltr'><strong>in-</strong></span> 
     </span>
    </p>
   </div>
   <div class='ocr_carea' id='block_1_26' title="bbox 2148 1234 3732 1303">
    <p class='ocr_par' dir='ltr' id='par_1_26' title="bbox 2148 1234 3732 1303">
     <span class='ocr_line' id='line_1_26' title="bbox 2148 1234 3732 1303; baseline 0 -15"><span class='ocrx_word' id='word_1_152' title='bbox 2148 1234 2420 1297; x_wconf 87' lang='lat' dir='ltr'><strong>dictionis,</strong></span> <span class='ocrx_word' id='word_1_153' title='bbox 2459 1237 2766 1302; x_wconf 82' lang='lat' dir='ltr'><strong>mansitque</strong></span> <span class='ocrx_word' id='word_1_154' title='bbox 2800 1235 2915 1288; x_wconf 64' lang='lat' dir='ltr'><strong>haec</strong></span> <span class='ocrx_word' id='word_1_155' title='bbox 2941 1249 3042 1302; x_wconf 76' lang='lat' dir='ltr'><strong>pax</strong></span> <span class='ocrx_word' id='word_1_156' title='bbox 3069 1235 3226 1287; x_wconf 88' lang='lat' dir='ltr'><strong>annis</strong></span> <span class='ocrx_word' id='word_1_157' title='bbox 3256 1250 3349 1288; x_wconf 70' lang='lat' dir='ltr'><strong>se:</strong></span> <span class='ocrx_word' id='word_1_158' title='bbox 3386 1236 3466 1290; x_wconf 81' lang='lat' dir='ltr'><strong>vel</strong></span> <span class='ocrx_word' id='word_1_159' title='bbox 3517 1245 3732 1303; x_wconf 86' lang='lat' dir='ltr'><strong>septem</strong></span> 
     </span>
    </p>
   </div>
   <div class='ocr_carea' id='block_1_27' title="bbox 2149 1325 3076 1396">
    <p class='ocr_par' dir='ltr' id='par_1_27' title="bbox 2149 1325 3076 1396">
     <span class='ocr_line' id='line_1_27' title="bbox 2149 1325 3076 1396; baseline -0.004 -16"><span class='ocrx_word' id='word_1_160' title='bbox 2149 1340 2322 1396; x_wconf 80' lang='lat' dir='ltr'><strong>usque</strong></span> <span class='ocrx_word' id='word_1_161' title='bbox 2355 1326 2420 1381; x_wconf 86' lang='lat' dir='ltr'><strong>ad</strong></span> <span class='ocrx_word' id='word_1_162' title='bbox 2454 1327 2668 1381; x_wconf 84' lang='lat' dir='ltr'><strong>tertiam</strong></span> <span class='ocrx_word' id='word_1_163' title='bbox 2703 1325 3076 1380; x_wconf 71' lang='lat' dir='ltr'><strong>indictione&quot;).</strong></span> 
     </span>
    </p>
   </div>
   <div class='ocr_carea' id='block_1_28' title="bbox 2783 1435 3106 1492">
    <p class='ocr_par' dir='ltr' id='par_1_28' title="bbox 2783 1435 3106 1492">
     <span class='ocr_line' id='line_1_28' title="bbox 2783 1435 3106 1492; baseline -0.006 0"><span class='ocrx_word' id='word_1_164' title='bbox 2783 1436 2932 1492; x_wconf 63' lang='lat' dir='ltr'><strong>CAP.</strong></span> <span class='ocrx_word' id='word_1_165' title='bbox 2967 1435 3106 1491; x_wconf 75' lang='lat' dir='ltr'><strong>XIX.</strong></span> 
     </span>
    </p>
   </div>
   <div class='ocr_carea' id='block_1_29' title="bbox 2446 1523 3443 1599">
    <p class='ocr_par' dir='ltr' id='par_1_29' title="bbox 2446 1523 3443 1599">
     <span class='ocr_line' id='line_1_29' title="bbox 2446 1523 3443 1599; baseline 0.002 -16"><span class='ocrx_word' id='word_1_166' title='bbox 2446 1523 2529 1584; x_wconf 74' lang='lat' dir='ltr'><strong>Ex</strong></span> <span class='ocrx_word' id='word_1_167' title='bbox 2558 1531 2777 1599; x_wconf 75' lang='lat' dir='ltr'><strong>epistola</strong></span> <span class='ocrx_word' id='word_1_168' title='bbox 2817 1529 3025 1583; x_wconf 78' lang='lat' dir='ltr'><strong>Juliaui</strong></span> <span class='ocrx_word' id='word_1_169' title='bbox 3063 1530 3132 1582; x_wconf 83' lang='lat' dir='ltr'><strong>ad</strong></span> <span class='ocrx_word' id='word_1_170' title='bbox 3169 1527 3443 1585; x_wconf 80' lang='lat' dir='ltr'><strong>Severum.</strong></span> 
     </span>
    </p>
   </div>
   <div class='ocr_carea' id='block_1_30' title="bbox 2217 1640 3721 1714">
    <p class='ocr_par' dir='ltr' id='par_1_30' title="bbox 2217 1640 3721 1714">
     <span class='ocr_line' id='line_1_30' title="bbox 2217 1640 3721 1714; baseline 0 -18"><span class='ocrx_word' id='word_1_171' title='bbox 2217 1642 2329 1714; x_wconf 84' lang='lat' dir='ltr'><strong>Ego</strong></span> <span class='ocrx_word' id='word_1_172' title='bbox 2358 1643 2446 1712; x_wconf 89' lang='lat' dir='ltr'><strong>qui</strong></span> <span class='ocrx_word' id='word_1_173' title='bbox 2485 1657 2701 1710; x_wconf 83' lang='lat' dir='ltr'><strong>semper</strong></span> <span class='ocrx_word' id='word_1_174' title='bbox 2728 1641 2948 1696; x_wconf 82' lang='lat' dir='ltr'><strong>Patrum</strong></span> <span class='ocrx_word' id='word_1_175' title='bbox 2979 1640 3313 1710; x_wconf 82' lang='lat' dir='ltr'><strong>propositum</strong></span> <span class='ocrx_word' id='word_1_176' title='bbox 3338 1651 3558 1696; x_wconf 89' lang='lat' dir='ltr'><strong>secutus</strong></span> <span class='ocrx_word' id='word_1_177' title='bbox 3575 1656 3721 1706; x_wconf 83' lang='lat' dir='ltr'><strong>sum,</strong></span> 
     </span>
    </p>
   </div>
   <div class='ocr_carea' id='block_1_31' title="bbox 2149 1734 3721 1804">
    <p class='ocr_par' dir='ltr' id='par_1_31' title="bbox 2149 1734 3721 1804">
     <span class='ocr_line' id='line_1_31' title="bbox 2149 1734 3721 1804; baseline -0.002 -12"><span class='ocrx_word' id='word_1_178' title='bbox 2149 1738 2247 1792; x_wconf 90' lang='lat' dir='ltr'><strong>hos</strong></span> <span class='ocrx_word' id='word_1_179' title='bbox 2275 1737 2529 1790; x_wconf 77' lang='lat' dir='ltr'><strong>existimo</strong></span> <span class='ocrx_word' id='word_1_180' title='bbox 2562 1750 2736 1804; x_wconf 89' lang='lat' dir='ltr'><strong>neque</strong></span> <span class='ocrx_word' id='word_1_181' title='bbox 2765 1735 2865 1788; x_wconf 85' lang='lat' dir='ltr'><strong>sibi</strong></span> <span class='ocrx_word' id='word_1_182' title='bbox 2905 1734 3037 1802; x_wconf 88' lang='lat' dir='ltr'><strong>ipsis</strong></span> <span class='ocrx_word' id='word_1_183' title='bbox 3069 1735 3368 1798; x_wconf 85' lang='lat' dir='ltr'><strong>contraria,</strong></span> <span class='ocrx_word' id='word_1_184' title='bbox 3413 1749 3590 1802; x_wconf 87' lang='lat' dir='ltr'><strong>neque</strong></span> <span class='ocrx_word' id='word_1_185' title='bbox 3641 1735 3721 1789; x_wconf 82' lang='lat' dir='ltr'><strong>in-</strong></span> 
     </span>
    </p>
   </div>
   <div class='ocr_carea' id='block_1_32' title="bbox 531 1824 3716 1916">
    <p class='ocr_par' dir='ltr' id='par_1_32' title="bbox 531 1824 3716 1916">
     <span class='ocr_line' id='line_1_32' title="bbox 531 1824 3716 1916; baseline -0.001 -18"><span class='ocrx_word' id='word_1_186' title='bbox 531 1845 734 1900; x_wconf 81' lang='lat' dir='ltr'><strong>Cavadi</strong></span> <span class='ocrx_word' id='word_1_187' title='bbox 770 1849 1034 1901; x_wconf 85' lang='lat' dir='ltr'><strong>successit</strong></span> <span class='ocrx_word' id='word_1_188' title='bbox 1075 1849 1127 1900; x_wconf 90' lang='lat' dir='ltr'><strong>in</strong></span> <span class='ocrx_word' id='word_1_189' title='bbox 1179 1863 1356 1916; x_wconf 84' lang='lat' dir='ltr'><strong>regno</strong></span> <span class='ocrx_word' id='word_1_190' title='bbox 1396 1847 1542 1901; x_wconf 87' lang='lat' dir='ltr'><strong>ﬁlius</strong></span> <span class='ocrx_word' id='word_1_191' title='bbox 1570 1846 1842 1901; x_wconf 86' lang='lat' dir='ltr'><strong>Cosroes:</strong></span> <span class='ocrx_word' id='word_1_192' title='bbox 1882 1847 2039 1914; x_wconf 83' lang='lat' dir='ltr'><strong>cujus</strong></span> <span class='ocrx_word' id='word_1_193' title='bbox 2073 1863 2112 1915; x_wconf 75' lang='grc' dir='ltr'><strong><em>Β</em></strong></span> <span class='ocrx_word' id='word_1_194' title='bbox 2145 1833 2316 1916; x_wconf 53' lang='lat' dir='ltr'><strong>vicet“</strong></span> <span class='ocrx_word' id='word_1_195' title='bbox 2349 1846 2584 1896; x_wconf 72' lang='lat' dir='ltr'><strong>umlnam</strong></span> <span class='ocrx_word' id='word_1_196' title='bbox 2619 1829 2926 1895; x_wconf 60' lang='lat' dir='ltr'><strong>SCTiPSi‘Se-</strong></span> <span class='ocrx_word' id='word_1_197' title='bbox 2999 1825 3172 1881; x_wconf 67' lang='lat' dir='ltr'><strong>Velllli</strong></span> <span class='ocrx_word' id='word_1_198' title='bbox 3234 1824 3434 1881; x_wconf 71' lang='grc' dir='ltr'>Ρε¹¹¹¹¹¹³</span> <span class='ocrx_word' id='word_1_199' title='bbox 3493 1827 3716 1881; x_wconf 65' lang='lat' dir='ltr'><strong>dicens:</strong></span> 
     </span>
    </p>
   </div>
   <div class='ocr_carea' id='block_1_33' title="bbox 463 1937 2040 2008">
    <p class='ocr_par' dir='ltr' id='par_1_33' title="bbox 463 1937 2040 2008">
     <span class='ocr_line' id='line_1_33' title="bbox 463 1937 2040 2008; baseline 0.001 -20"><span class='ocrx_word' id='word_1_200' title='bbox 463 1946 656 2000; x_wconf 86' lang='lat' dir='ltr'><strong>mater,</strong></span> <span class='ocrx_word' id='word_1_201' title='bbox 681 1938 896 1992; x_wconf 79' lang='lat' dir='ltr'><strong>vivente</strong></span> <span class='ocrx_word' id='word_1_202' title='bbox 928 1938 1102 1992; x_wconf 86' lang='lat' dir='ltr'><strong>adhuc</strong></span> <span class='ocrx_word' id='word_1_203' title='bbox 1137 1939 1354 1992; x_wconf 85' lang='lat' dir='ltr'><strong>Cavade</strong></span> <span class='ocrx_word' id='word_1_204' title='bbox 1386 1937 1646 2008; x_wconf 76' lang='lat' dir='ltr'><strong>conjuge,</strong></span> <span class='ocrx_word' id='word_1_205' title='bbox 1665 1937 1900 2006; x_wconf 84' lang='lat' dir='ltr'><strong>maligno</strong></span> <span class='ocrx_word' id='word_1_206' title='bbox 1924 1938 2040 2005; x_wconf 81' lang='lat' dir='ltr'><strong>spi-</strong></span> 
     </span>
    </p>
   </div>
   <div class='ocr_carea' id='block_1_34' title="bbox 462 2028 2042 2100">
    <p class='ocr_par' dir='ltr' id='par_1_34' title="bbox 462 2028 2042 2100">
     <span class='ocr_line' id='line_1_34' title="bbox 462 2028 2042 2100; baseline 0 -18"><span class='ocrx_word' id='word_1_207' title='bbox 462 2029 567 2082; x_wconf 85' lang='lat' dir='ltr'><strong>ritu</strong></span> <span class='ocrx_word' id='word_1_208' title='bbox 599 2031 1034 2093; x_wconf 73' lang='lat' dir='ltr'><strong>ett-cruciabatur,</strong></span> <span class='ocrx_word' id='word_1_209' title='bbox 1068 2032 1199 2100; x_wconf 90' lang='lat' dir='ltr'><strong>quin</strong></span> <span class='ocrx_word' id='word_1_210' title='bbox 1227 2031 1393 2083; x_wconf 91' lang='lat' dir='ltr'><strong>ullum</strong></span> <span class='ocrx_word' id='word_1_211' title='bbox 1424 2032 1472 2084; x_wconf 88' lang='lat' dir='ltr'><strong>ei</strong></span> <span class='ocrx_word' id='word_1_212' title='bbox 1509 2028 2042 2083; x_wconf 48' lang='lat' dir='ltr'><strong>remedium-atmiis:</strong></span> 
     </span>
    </p>
   </div>
   <div class='ocr_carea' id='block_1_35' title="bbox 467 2121 2048 2192">
    <p class='ocr_par' dir='ltr' id='par_1_35' title="bbox 467 2121 2048 2192">
     <span class='ocr_line' id='line_1_35' title="bbox 467 2121 2048 2192; baseline 0.002 -19"><span class='ocrx_word' id='word_1_213' title='bbox 467 2131 590 2176; x_wconf 62' lang='lat' dir='ltr'><strong>Sent</strong></span> <span class='ocrx_word' id='word_1_214' title='bbox 653 2124 789 2190; x_wconf 70' lang='lat' dir='ltr'><strong>magi</strong></span> <span class='ocrx_word' id='word_1_215' title='bbox 810 2161 832 2185; x_wconf 75' lang='lat'><strong>,-</strong></span> <span class='ocrx_word' id='word_1_216' title='bbox 859 2123 1010 2176; x_wconf 83' lang='lat' dir='ltr'><strong>arioli</strong></span> <span class='ocrx_word' id='word_1_217' title='bbox 1061 2134 1226 2192; x_wconf 80' lang='lat' dir='ltr'><strong>atque</strong></span> <span class='ocrx_word' id='word_1_218' title='bbox 1257 2124 1544 2189; x_wconf 82' lang='lat' dir='ltr'><strong>astrologi,</strong></span> <span class='ocrx_word' id='word_1_219' title='bbox 1565 2123 1640 2175; x_wconf 82' lang='lat' dir='ltr'><strong>ah-</strong></span> <span class='ocrx_word' id='word_1_220' title='bbox 1661 2121 1903 2190; x_wconf 79' lang='lat' dir='ltr'><strong>ejusdem</strong></span> <span class='ocrx_word' id='word_1_221' title='bbox 1925 2123 2048 2176; x_wconf 87' lang='lat' dir='ltr'><strong>viro-</strong></span> 
     </span>
    </p>
   </div>
   <div class='ocr_carea' id='block_1_36' title="bbox 457 2214 2038 2286">
    <p class='ocr_par' dir='ltr' id='par_1_36' title="bbox 457 2214 2038 2286">
     <span class='ocr_line' id='line_1_36' title="bbox 457 2214 2038 2286; baseline 0.001 -20"><span class='ocrx_word' id='word_1_222' title='bbox 457 2214 694 2280; x_wconf 70' lang='lat' dir='ltr'><strong>(Javade,</strong></span> <span class='ocrx_word' id='word_1_223' title='bbox 719 2231 747 2266; x_wconf 90' lang='lat' dir='ltr'><strong>a</strong></span> <span class='ocrx_word' id='word_1_224' title='bbox 778 2231 882 2284; x_wconf 88' lang='lat' dir='ltr'><strong>quo</strong></span> <span class='ocrx_word' id='word_1_225' title='bbox 915 2215 1204 2280; x_wconf 87' lang='lat' dir='ltr'><strong>plurimum</strong></span> <span class='ocrx_word' id='word_1_226' title='bbox 1230 2217 1576 2286; x_wconf 74' lang='lat' dir='ltr'><strong>diligebatur,</strong></span> <span class='ocrx_word' id='word_1_227' title='bbox 1611 2215 1874 2267; x_wconf 78' lang='lat' dir='ltr'><strong>invocati:</strong></span> <span class='ocrx_word' id='word_1_228' title='bbox 1906 2218 2038 2282; x_wconf 91' lang='lat' dir='ltr'><strong>quin</strong></span> 
     </span>
    </p>
   </div>
   <div class='ocr_carea' id='block_1_37' title="bbox 460 2304 2037 2374">
    <p class='ocr_par' dir='ltr' id='par_1_37' title="bbox 460 2304 2037 2374">
     <span class='ocr_line' id='line_1_37' title="bbox 460 2304 2037 2374; baseline 0.001 -19"><span class='ocrx_word' id='word_1_229' title='bbox 460 2304 559 2370; x_wconf 82' lang='lat' dir='ltr'><strong>ipsi</strong></span> <span class='ocrx_word' id='word_1_230' title='bbox 603 2304 781 2370; x_wconf 79' lang='lat' dir='ltr'><strong>potius</strong></span> <span class='ocrx_word' id='word_1_231' title='bbox 807 2305 1072 2374; x_wconf 84' lang='lat' dir='ltr'><strong>malignos</strong></span> <span class='ocrx_word' id='word_1_232' title='bbox 1104 2306 1328 2371; x_wconf 87' lang='lat' dir='ltr'><strong>spiritus</strong></span> <span class='ocrx_word' id='word_1_233' title='bbox 1366 2306 1653 2373; x_wconf 85' lang='lat' dir='ltr'><strong>spiritibus</strong></span> <span class='ocrx_word' id='word_1_234' title='bbox 1689 2305 2037 2356; x_wconf 85' lang='lat' dir='ltr'><strong>addiderunt.</strong></span> 
     </span>
    </p>
   </div>
   <div class='ocr_carea' id='block_1_38' title="bbox 457 2393 2040 2465">
    <p class='ocr_par' dir='ltr' id='par_1_38' title="bbox 457 2393 2040 2465">
     <span class='ocr_line' id='line_1_38' title="bbox 457 2393 2040 2465; baseline 0 -17"><span class='ocrx_word' id='word_1_235' title='bbox 457 2393 583 2449; x_wconf 75' lang='lat' dir='ltr'><strong>lbec</strong></span> <span class='ocrx_word' id='word_1_236' title='bbox 618 2396 777 2465; x_wconf 84' lang='lat' dir='ltr'><strong>igitur</strong></span> <span class='ocrx_word' id='word_1_237' title='bbox 811 2397 971 2450; x_wconf 87' lang='lat' dir='ltr'><strong>missa</strong></span> <span class='ocrx_word' id='word_1_238' title='bbox 1005 2397 1102 2449; x_wconf 80' lang='lat' dir='ltr'><strong>fuit</strong></span> <span class='ocrx_word' id='word_1_239' title='bbox 1129 2398 1424 2450; x_wconf 84' lang='lat' dir='ltr'><strong>indictione</strong></span> <span class='ocrx_word' id='word_1_240' title='bbox 1475 2409 1667 2465; x_wconf 84' lang='lat' dir='ltr'><strong>quarta</strong></span> <span class='ocrx_word' id='word_1_241' title='bbox 1699 2397 1796 2449; x_wconf 87' lang='lat' dir='ltr'><strong>sub</strong></span> <span class='ocrx_word' id='word_1_242' title='bbox 1823 2395 2040 2449; x_wconf 83' lang='lat' dir='ltr'><strong>Liberio</strong></span> 
     </span>
    </p>
   </div>
   <div class='ocr_carea' id='block_1_39' title="bbox 457 2489 2049 2558">
    <p class='ocr_par' dir='ltr' id='par_1_39' title="bbox 457 2489 2049 2558">
     <span class='ocr_line' id='line_1_39' title="bbox 457 2489 2049 2558; baseline 0.001 -18"><span class='ocrx_word' id='word_1_243' title='bbox 457 2489 593 2541; x_wconf 84' lang='lat' dir='ltr'><strong>duce</strong></span> <span class='ocrx_word' id='word_1_244' title='bbox 631 2492 692 2541; x_wconf 87' lang='lat' dir='ltr'><strong>ad</strong></span> <span class='ocrx_word' id='word_1_245' title='bbox 721 2490 936 2543; x_wconf 86' lang='lat' dir='ltr'><strong>beatum</strong></span> <span class='ocrx_word' id='word_1_246' title='bbox 971 2489 1210 2558; x_wconf 78' lang='lat' dir='ltr'><strong>Moysen,</strong></span> <span class='ocrx_word' id='word_1_247' title='bbox 1237 2491 1328 2557; x_wconf 90' lang='lat' dir='ltr'><strong>qui</strong></span> <span class='ocrx_word' id='word_1_248' title='bbox 1370 2491 1421 2541; x_wconf 94' lang='lat' dir='ltr'><strong>in</strong></span> <span class='ocrx_word' id='word_1_249' title='bbox 1456 2489 1801 2541; x_wconf 81' lang='lat' dir='ltr'><strong>monasterio</strong></span> <span class='ocrx_word' id='word_1_250' title='bbox 1831 2489 2049 2542; x_wconf 83' lang='lat' dir='ltr'><strong>duobus-</strong></span> 
     </span>
    </p>
   </div>
   <div class='ocr_carea' id='block_1_40' title="bbox 458 2580 2036 2634">
    <p class='ocr_par' dir='ltr' id='par_1_40' title="bbox 458 2580 2036 2634">
     <span class='ocr_line' id='line_1_40' title="bbox 458 2580 2036 2634; baseline 0.001 -1"><span class='ocrx_word' id='word_1_251' title='bbox 458 2581 570 2634; x_wconf 56' lang='grc' dir='ltr'><strong>τετε</strong></span> <span class='ocrx_word' id='word_1_252' title='bbox 600 2581 792 2634; x_wconf 84' lang='lat' dir='ltr'><strong>stadiis</strong></span> <span class='ocrx_word' id='word_1_253' title='bbox 824 2581 894 2634; x_wconf 73' lang='lat' dir='ltr'><strong>ab</strong></span> <span class='ocrx_word' id='word_1_254' title='bbox 925 2583 1056 2633; x_wconf 83' lang='lat' dir='ltr'><strong>urbe</strong></span> <span class='ocrx_word' id='word_1_255' title='bbox 1085 2581 1217 2634; x_wconf 79' lang='lat' dir='ltr'><strong>Dura</strong></span> <span class='ocrx_word' id='word_1_256' title='bbox 1251 2582 1444 2633; x_wconf 72' lang='lat' dir='ltr'><strong>dissito</strong></span> <span class='ocrx_word' id='word_1_257' title='bbox 1481 2582 1792 2634; x_wconf 77' lang='lat' dir='ltr'><strong>morabatur</strong></span> <span class='ocrx_word' id='word_1_258' title='bbox 1827 2595 1838 2630; x_wconf 93' lang='lat'><strong>:</strong></span> <span class='ocrx_word' id='word_1_259' title='bbox 1866 2590 1920 2633; x_wconf 89' lang='lat' dir='ltr'><strong>et</strong></span> <span class='ocrx_word' id='word_1_260' title='bbox 1953 2580 2036 2634; x_wconf 79' lang='lat' dir='ltr'><strong>sui</strong></span> 
     </span>
    </p>
   </div>
   <div class='ocr_carea' id='block_1_41' title="bbox 458 2671 2036 2742">
    <p class='ocr_par' dir='ltr' id='par_1_41' title="bbox 458 2671 2036 2742">
     <span class='ocr_line' id='line_1_41' title="bbox 458 2671 2036 2742; baseline 0 -17"><span class='ocrx_word' id='word_1_261' title='bbox 458 2671 696 2725; x_wconf 78' lang='lat' dir='ltr'><strong>nominis</strong></span> <span class='ocrx_word' id='word_1_262' title='bbox 733 2672 928 2724; x_wconf 77' lang='lat' dir='ltr'><strong>fatuam</strong></span> <span class='ocrx_word' id='word_1_263' title='bbox 960 2673 1117 2740; x_wconf 82' lang='lat' dir='ltr'><strong>longe</strong></span> <span class='ocrx_word' id='word_1_264' title='bbox 1150 2673 1365 2740; x_wconf 86' lang='lat' dir='ltr'><strong>lateque</strong></span> <span class='ocrx_word' id='word_1_265' title='bbox 1417 2671 1733 2727; x_wconf 64' lang='lat' dir='ltr'><strong>tliitherat:</strong></span> <span class='ocrx_word' id='word_1_266' title='bbox 1805 2688 2036 2742; x_wconf 88' lang='lat' dir='ltr'><strong>cumque</strong></span> 
     </span>
    </p>
   </div>
   <div class='ocr_carea' id='block_1_42' title="bbox 458 2765 2040 2833">
    <p class='ocr_par' dir='ltr' id='par_1_42' title="bbox 458 2765 2040 2833">
     <span class='ocr_line' id='line_1_42' title="bbox 458 2765 2040 2833; baseline 0.001 -17"><span class='ocrx_word' id='word_1_267' title='bbox 458 2765 603 2833; x_wconf 88' lang='lat' dir='ltr'><strong>apud</strong></span> <span class='ocrx_word' id='word_1_268' title='bbox 634 2779 754 2817; x_wconf 84' lang='lat' dir='ltr'><strong>eum</strong></span> <span class='ocrx_word' id='word_1_269' title='bbox 783 2765 968 2833; x_wconf 78' lang='lat' dir='ltr'><strong>paucis</strong></span> <span class='ocrx_word' id='word_1_270' title='bbox 994 2766 1186 2819; x_wconf 83' lang='lat' dir='ltr'><strong>diebus</strong></span> <span class='ocrx_word' id='word_1_271' title='bbox 1221 2766 1537 2828; x_wconf 83' lang='lat' dir='ltr'><strong>mansisset,</strong></span> <span class='ocrx_word' id='word_1_272' title='bbox 1587 2775 1771 2818; x_wconf 75' lang='lat' dir='ltr'><strong>curata</strong></span> <span class='ocrx_word' id='word_1_273' title='bbox 1815 2777 1920 2828; x_wconf 86' lang='lat' dir='ltr'><strong>est,</strong></span> <span class='ocrx_word' id='word_1_274' title='bbox 1983 2774 2040 2819; x_wconf 86' lang='lat' dir='ltr'><strong>et</strong></span> 
     </span>
    </p>
   </div>
   <div class='ocr_carea' id='block_1_43' title="bbox 456 2856 2026 2926">
    <p class='ocr_par' dir='ltr' id='par_1_43' title="bbox 456 2856 2026 2926">
     <span class='ocr_line' id='line_1_43' title="bbox 456 2856 2026 2926; baseline 0 -17"><span class='ocrx_word' id='word_1_275' title='bbox 456 2860 510 2909; x_wconf 90' lang='lat' dir='ltr'><strong>in</strong></span> <span class='ocrx_word' id='word_1_276' title='bbox 547 2856 821 2926; x_wconf 80' lang='lat' dir='ltr'><strong>regionem</strong></span> <span class='ocrx_word' id='word_1_277' title='bbox 853 2872 1005 2910; x_wconf 90' lang='lat' dir='ltr'><strong>suam</strong></span> <span class='ocrx_word' id='word_1_278' title='bbox 1051 2857 1230 2908; x_wconf 87' lang='lat' dir='ltr'><strong>rediit.</strong></span> <span class='ocrx_word' id='word_1_279' title='bbox 1288 2856 1515 2924; x_wconf 89' lang='lat' dir='ltr'><strong>Accepit</strong></span> <span class='ocrx_word' id='word_1_280' title='bbox 1569 2867 1746 2910; x_wconf 86' lang='lat' dir='ltr'><strong>autem</strong></span> <span class='ocrx_word' id='word_1_281' title='bbox 1803 2858 1870 2908; x_wconf 88' lang='lat' dir='ltr'><strong>ab</strong></span> <span class='ocrx_word' id='word_1_282' title='bbox 1925 2858 2026 2909; x_wconf 90' lang='lat' dir='ltr'><strong>hoc</strong></span> 
     </span>
    </p>
   </div>
   <div class='ocr_carea' id='block_1_44' title="bbox 453 2947 2035 3018">
    <p class='ocr_par' dir='ltr' id='par_1_44' title="bbox 453 2947 2035 3018">
     <span class='ocr_line' id='line_1_44' title="bbox 453 2947 2035 3018; baseline -0.002 -16"><span class='ocrx_word' id='word_1_283' title='bbox 453 2958 642 3002; x_wconf 85' lang='lat' dir='ltr'><strong>sancto</strong></span> <span class='ocrx_word' id='word_1_284' title='bbox 680 2947 857 3018; x_wconf 75' lang='lat' dir='ltr'><strong>Moyse</strong></span> <span class='ocrx_word' id='word_1_285' title='bbox 887 2965 948 3000; x_wconf 76' lang='lat' dir='ltr'><strong>ex</strong></span> <span class='ocrx_word' id='word_1_286' title='bbox 987 2951 1316 3002; x_wconf 75' lang='lat' dir='ltr'><strong>mormsterio</strong></span> <span class='ocrx_word' id='word_1_287' title='bbox 1349 2948 1565 3001; x_wconf 80' lang='lat' dir='ltr'><strong>Tarmel</strong></span> <span class='ocrx_word' id='word_1_288' title='bbox 1604 2958 1912 3016; x_wconf 89' lang='lat' dir='ltr'><strong>nttncupato</strong></span> <span class='ocrx_word' id='word_1_289' title='bbox 1945 2949 2035 3000; x_wconf 82' lang='lat' dir='ltr'><strong>be—</strong></span> 
     </span>
    </p>
   </div>
   <div class='ocr_carea' id='block_1_45' title="bbox 455 3039 2032 3111">
    <p class='ocr_par' dir='ltr' id='par_1_45' title="bbox 455 3039 2032 3111">
     <span class='ocr_line' id='line_1_45' title="bbox 455 3039 2032 3111; baseline 0 -19"><span class='ocrx_word' id='word_1_290' title='bbox 455 3039 816 3092; x_wconf 76' lang='lat' dir='ltr'><strong>nedictionem</strong></span> <span class='ocrx_word' id='word_1_291' title='bbox 849 3039 1150 3111; x_wconf 88' lang='lat' dir='ltr'><strong>(reliquias)</strong></span> <span class='ocrx_word' id='word_1_292' title='bbox 1180 3055 1243 3092; x_wconf 77' lang='lat' dir='ltr'><strong>ex</strong></span> <span class='ocrx_word' id='word_1_293' title='bbox 1270 3040 1482 3094; x_wconf 87' lang='lat' dir='ltr'><strong>ossilms</strong></span> <span class='ocrx_word' id='word_1_294' title='bbox 1511 3040 1724 3108; x_wconf 85' lang='lat' dir='ltr'><strong>Cyriaci</strong></span> <span class='ocrx_word' id='word_1_295' title='bbox 1755 3040 2032 3110; x_wconf 87' lang='lat' dir='ltr'><strong>martyris,</strong></span> 
     </span>
    </p>
   </div>
   <div class='ocr_carea' id='block_1_46' title="bbox 453 3132 2032 3202">
    <p class='ocr_par' dir='ltr' id='par_1_46' title="bbox 453 3132 2032 3202">
     <span class='ocr_line' id='line_1_46' title="bbox 453 3132 2032 3202; baseline 0 -18"><span class='ocrx_word' id='word_1_296' title='bbox 453 3132 653 3200; x_wconf 84' lang='lat' dir='ltr'><strong>quibus</strong></span> <span class='ocrx_word' id='word_1_297' title='bbox 687 3133 955 3185; x_wconf 76' lang='lat' dir='ltr'><strong>custodita</strong></span> <span class='ocrx_word' id='word_1_298' title='bbox 985 3144 1147 3198; x_wconf 87' lang='lat' dir='ltr'><strong>atque</strong></span> <span class='ocrx_word' id='word_1_299' title='bbox 1177 3140 1443 3202; x_wconf 77' lang='lat' dir='ltr'><strong>protecta,</strong></span> <span class='ocrx_word' id='word_1_300' title='bbox 1472 3134 1539 3186; x_wconf 83' lang='lat' dir='ltr'><strong>ab</strong></span> <span class='ocrx_word' id='word_1_301' title='bbox 1571 3133 1835 3186; x_wconf 85' lang='lat' dir='ltr'><strong>inunundi</strong></span> <span class='ocrx_word' id='word_1_302' title='bbox 1868 3133 2032 3200; x_wconf 90' lang='lat' dir='ltr'><strong>spiri-</strong></span> 
     </span>
    </p>
   </div>
   <div class='ocr_carea' id='block_1_47' title="bbox 2151 1913 3719 1990">
    <p class='ocr_par' dir='ltr' id='par_1_47' title="bbox 2151 1913 3719 1990">
     <span class='ocr_line' id='line_1_47' title="bbox 2151 1913 3719 1990; baseline -0.004 -14"><span class='ocrx_word' id='word_1_303' title='bbox 2151 1913 2271 1976; x_wconf 81' lang='lat' dir='ltr'><strong>Non</strong></span> <span class='ocrx_word' id='word_1_304' title='bbox 2295 1933 2358 1974; x_wconf 66' lang='lat' dir='ltr'><strong>ex</strong></span> <span class='ocrx_word' id='word_1_305' title='bbox 2390 1921 2630 1990; x_wconf 76' lang='lat' dir='ltr'><strong>operibus</strong></span> <span class='ocrx_word' id='word_1_306' title='bbox 2662 1921 2750 1974; x_wconf 76' lang='lat' dir='ltr'><strong>sed</strong></span> <span class='ocrx_word' id='word_1_307' title='bbox 2783 1937 2847 1973; x_wconf 78' lang='lat' dir='ltr'><strong>ea:</strong></span> <span class='ocrx_word' id='word_1_308' title='bbox 2871 1919 2975 1987; x_wconf 80' lang='lat' dir='ltr'><strong>ﬁde</strong></span> <span class='ocrx_word' id='word_1_309' title='bbox 3011 1918 3335 1986; x_wconf 78' lang='lat' dir='ltr'><strong>jnstiﬁcutus</strong></span> <span class='ocrx_word' id='word_1_310' title='bbox 3366 1928 3441 1971; x_wconf 80' lang='lat' dir='ltr'><strong>est</strong></span> <span class='ocrx_word' id='word_1_311' title='bbox 3474 1919 3528 1981; x_wconf 87' lang='lat'><strong>&#39;;</strong></span> <span class='ocrx_word' id='word_1_312' title='bbox 3577 1917 3719 1970; x_wconf 85' lang='lat' dir='ltr'><strong>haud</strong></span> 
     </span>
    </p>
   </div>
   <div class='ocr_carea' id='block_1_48' title="bbox 2144 2003 3722 2076">
    <p class='ocr_par' dir='ltr' id='par_1_48' title="bbox 2144 2003 3722 2076">
     <span class='ocr_line' id='line_1_48' title="bbox 2144 2003 3722 2076; baseline -0.004 -10"><span class='ocrx_word' id='word_1_313' title='bbox 2144 2013 2470 2066; x_wconf 84' lang='lat' dir='ltr'><strong>contradicit</strong></span> <span class='ocrx_word' id='word_1_314' title='bbox 2499 2003 2698 2065; x_wconf 66' lang='lat' dir='ltr'><strong>Iacobo</strong></span> <span class='ocrx_word' id='word_1_315' title='bbox 2732 2011 2963 2065; x_wconf 87' lang='lat' dir='ltr'><strong>dicenti:</strong></span> <span class='ocrx_word' id='word_1_316' title='bbox 2999 2006 3158 2062; x_wconf 76' lang='lat' dir='ltr'><strong>Fides</strong></span> <span class='ocrx_word' id='word_1_317' title='bbox 3183 2011 3294 2062; x_wconf 76' lang='lat' dir='ltr'><strong>sine</strong></span> <span class='ocrx_word' id='word_1_318' title='bbox 3325 2009 3564 2076; x_wconf 77' lang='lat' dir='ltr'><strong>aperibus</strong></span> <span class='ocrx_word' id='word_1_319' title='bbox 3588 2024 3722 2062; x_wconf 60' lang='lat' dir='ltr'><strong>mors</strong></span> 
     </span>
    </p>
   </div>
   <div class='ocr_carea' id='block_1_49' title="bbox 2143 2101 3718 2172">
    <p class='ocr_par' dir='ltr' id='par_1_49' title="bbox 2143 2101 3718 2172">
     <span class='ocr_line' id='line_1_49' title="bbox 2143 2101 3718 2172; baseline -0.001 -16"><span class='ocrx_word' id='word_1_320' title='bbox 2143 2115 2234 2157; x_wconf 84' lang='lat' dir='ltr'><strong>tua</strong></span> <span class='ocrx_word' id='word_1_321' title='bbox 2269 2101 2408 2158; x_wconf 70' lang='grc' dir='ltr'><strong>αι’.</strong></span> <span class='ocrx_word' id='word_1_322' title='bbox 2447 2102 2819 2172; x_wconf 80' lang='lat' dir='ltr'><strong>Nequaquam,</strong></span> <span class='ocrx_word' id='word_1_323' title='bbox 2870 2103 3111 2168; x_wconf 89' lang='lat' dir='ltr'><strong>inquam,</strong></span> <span class='ocrx_word' id='word_1_324' title='bbox 3152 2104 3292 2155; x_wconf 85' lang='lat' dir='ltr'><strong>inter</strong></span> <span class='ocrx_word' id='word_1_325' title='bbox 3320 2118 3378 2157; x_wconf 89' lang='lat' dir='ltr'><strong>se</strong></span> <span class='ocrx_word' id='word_1_326' title='bbox 3419 2103 3718 2156; x_wconf 44' lang='lat' dir='ltr'><strong>adversati:</strong></span> 
     </span>
    </p>
   </div>
   <div class='ocr_carea' id='block_1_50' title="bbox 2145 2193 3415 2259">
    <p class='ocr_par' dir='ltr' id='par_1_50' title="bbox 2145 2193 3415 2259">
     <span class='ocr_line' id='line_1_50' title="bbox 2145 2193 3415 2259; baseline 0 -10"><span class='ocrx_word' id='word_1_327' title='bbox 2145 2205 2248 2259; x_wconf 86' lang='lat' dir='ltr'><strong>tes,</strong></span> <span class='ocrx_word' id='word_1_328' title='bbox 2274 2195 2370 2249; x_wconf 86' lang='lat' dir='ltr'><strong>sed</strong></span> <span class='ocrx_word' id='word_1_329' title='bbox 2395 2210 2516 2248; x_wconf 83' lang='lat' dir='ltr'><strong>cum</strong></span> <span class='ocrx_word' id='word_1_330' title='bbox 2552 2209 2679 2247; x_wconf 83' lang='lat' dir='ltr'><strong>vera</strong></span> <span class='ocrx_word' id='word_1_331' title='bbox 2719 2193 3007 2248; x_wconf 81' lang='lat' dir='ltr'><strong>concordia</strong></span> <span class='ocrx_word' id='word_1_332' title='bbox 3042 2195 3092 2247; x_wconf 90' lang='lat' dir='ltr'><strong>id</strong></span> <span class='ocrx_word' id='word_1_333' title='bbox 3130 2193 3415 2249; x_wconf 79' lang='lat' dir='ltr'><strong>dixerunt.</strong></span> 
     </span>
    </p>
   </div>
   <div class='ocr_carea' id='block_1_51' title="bbox 2445 2306 3419 2374">
    <p class='ocr_par' dir='ltr' id='par_1_51' title="bbox 2445 2306 3419 2374">
     <span class='ocr_line' id='line_1_51' title="bbox 2445 2306 3419 2374; baseline -0.002 -12"><span class='ocrx_word' id='word_1_334' title='bbox 2445 2307 2529 2362; x_wconf 75' lang='lat' dir='ltr'><strong>Ex</strong></span> <span class='ocrx_word' id='word_1_335' title='bbox 2565 2309 2785 2374; x_wconf 75' lang='lat' dir='ltr'><strong>epistola</strong></span> <span class='ocrx_word' id='word_1_336' title='bbox 2815 2306 2992 2363; x_wconf 74' lang='lat' dir='ltr'><strong>Severi</strong></span> <span class='ocrx_word' id='word_1_337' title='bbox 3023 2309 3090 2359; x_wconf 86' lang='lat' dir='ltr'><strong>ad</strong></span> <span class='ocrx_word' id='word_1_338' title='bbox 3117 2306 3419 2361; x_wconf 70' lang='lat' dir='ltr'><strong>lulianum.</strong></span> 
     </span>
    </p>
   </div>
   <div class='ocr_carea' id='block_1_52' title="bbox 2218 2421 3720 2490">
    <p class='ocr_par' dir='ltr' id='par_1_52' title="bbox 2218 2421 3720 2490">
     <span class='ocr_line' id='line_1_52' title="bbox 2218 2421 3720 2490; baseline -0.001 -14"><span class='ocrx_word' id='word_1_339' title='bbox 2218 2421 2360 2477; x_wconf 79' lang='lat' dir='ltr'><strong>Bene</strong></span> <span class='ocrx_word' id='word_1_340' title='bbox 2382 2432 2436 2477; x_wconf 88' lang='lat' dir='ltr'><strong>et</strong></span> <span class='ocrx_word' id='word_1_341' title='bbox 2461 2423 2850 2477; x_wconf 82' lang='lat' dir='ltr'><strong>convenienter</strong></span> <span class='ocrx_word' id='word_1_342' title='bbox 2886 2423 3092 2486; x_wconf 68' lang='lat' dir='ltr'><strong>dixisti,</strong></span> <span class='ocrx_word' id='word_1_343' title='bbox 3119 2424 3367 2476; x_wconf 86' lang='lat' dir='ltr'><strong>doctores</strong></span> <span class='ocrx_word' id='word_1_344' title='bbox 3383 2437 3720 2490; x_wconf 82' lang='lat' dir='ltr'><strong>nequaquam</strong></span> 
     </span>
    </p>
   </div>
   <div class='ocr_carea' id='block_1_53' title="bbox 2140 2512 3728 2578">
    <p class='ocr_par' dir='ltr' id='par_1_53' title="bbox 2140 2512 3728 2578">
     <span class='ocr_line' id='line_1_53' title="bbox 2140 2512 3728 2578; baseline -0.004 -8"><span class='ocrx_word' id='word_1_345' title='bbox 2140 2514 2240 2570; x_wconf 85' lang='lat' dir='ltr'><strong>sibi</strong></span> <span class='ocrx_word' id='word_1_346' title='bbox 2282 2514 2512 2567; x_wconf 76' lang='lat' dir='ltr'><strong>invicem</strong></span> <span class='ocrx_word' id='word_1_347' title='bbox 2545 2515 2940 2575; x_wconf 81' lang='lat' dir='ltr'><strong>contradicere,</strong></span> <span class='ocrx_word' id='word_1_348' title='bbox 2976 2513 3135 2566; x_wconf 74' lang='lat' dir='ltr'><strong>sicuti</strong></span> <span class='ocrx_word' id='word_1_349' title='bbox 3175 2527 3242 2566; x_wconf 87' lang='lat' dir='ltr'><strong>ne</strong></span> <span class='ocrx_word' id='word_1_350' title='bbox 3273 2512 3468 2564; x_wconf 77' lang='lat' dir='ltr'><strong>Paulus</strong></span> <span class='ocrx_word' id='word_1_351' title='bbox 3501 2512 3728 2578; x_wconf 80' lang='lat' dir='ltr'><strong>quidem</strong></span> 
     </span>
    </p>
   </div>
   <div class='ocr_carea' id='block_1_54' title="bbox 2139 2603 3721 2675">
    <p class='ocr_par' dir='ltr' id='par_1_54' title="bbox 2139 2603 3721 2675">
     <span class='ocr_line' id='line_1_54' title="bbox 2139 2603 3721 2675; baseline -0.005 -15"><span class='ocrx_word' id='word_1_352' title='bbox 2139 2620 2306 2675; x_wconf 69' lang='lat' dir='ltr'><strong>atque</strong></span> <span class='ocrx_word' id='word_1_353' title='bbox 2328 2605 2591 2666; x_wconf 68' lang='lat' dir='ltr'><strong>Iacobus:</strong></span> <span class='ocrx_word' id='word_1_354' title='bbox 2634 2620 2754 2658; x_wconf 87' lang='lat' dir='ltr'><strong>cum</strong></span> <span class='ocrx_word' id='word_1_355' title='bbox 2790 2606 2876 2658; x_wconf 85' lang='lat' dir='ltr'><strong>ille</strong></span> <span class='ocrx_word' id='word_1_356' title='bbox 2912 2605 3094 2658; x_wconf 83' lang='lat' dir='ltr'><strong>dieat:</strong></span> <span class='ocrx_word' id='word_1_357' title='bbox 3135 2603 3215 2656; x_wconf 67' lang='lat'><strong>[&#39;31:</strong></span> <span class='ocrx_word' id='word_1_358' title='bbox 3249 2603 3354 2671; x_wconf 66' lang='lat' dir='ltr'><strong>ﬁde</strong></span> <span class='ocrx_word' id='word_1_359' title='bbox 3380 2603 3721 2670; x_wconf 77' lang='lat' dir='ltr'><strong>justificatttr</strong></span> 
     </span>
    </p>
   </div>
   <div class='ocr_carea' id='block_1_55' title="bbox 2138 2693 3720 2761">
    <p class='ocr_par' dir='ltr' id='par_1_55' title="bbox 2138 2693 3720 2761">
     <span class='ocr_line' id='line_1_55' title="bbox 2138 2693 3720 2761; baseline -0.004 -10"><span class='ocrx_word' id='word_1_360' title='bbox 2138 2699 2328 2761; x_wconf 83' lang='lat' dir='ltr'><strong>homo;</strong></span> <span class='ocrx_word' id='word_1_361' title='bbox 2362 2698 2448 2751; x_wconf 91' lang='lat' dir='ltr'><strong>hic</strong></span> <span class='ocrx_word' id='word_1_362' title='bbox 2476 2707 2654 2749; x_wconf 89' lang='lat' dir='ltr'><strong>autem</strong></span> <span class='ocrx_word' id='word_1_363' title='bbox 2687 2697 2920 2750; x_wconf 82' lang='lat' dir='ltr'><strong>scribat:</strong></span> <span class='ocrx_word' id='word_1_364' title='bbox 2952 2693 3110 2748; x_wconf 77' lang='lat' dir='ltr'><strong>Fides</strong></span> <span class='ocrx_word' id='word_1_365' title='bbox 3143 2695 3257 2747; x_wconf 73' lang='lat' dir='ltr'><strong>sine</strong></span> <span class='ocrx_word' id='word_1_366' title='bbox 3305 2695 3545 2760; x_wconf 68' lang='lat' dir='ltr'><strong>aperibo:</strong></span> <span class='ocrx_word' id='word_1_367' title='bbox 3586 2711 3720 2746; x_wconf 66' lang='lat' dir='ltr'><strong>map</strong></span> 
     </span>
    </p>
   </div>
   <div class='ocr_carea' id='block_1_56' title="bbox 2137 2785 3714 2852">
    <p class='ocr_par' dir='ltr' id='par_1_56' title="bbox 2137 2785 3714 2852">
     <span class='ocr_line' id='line_1_56' title="bbox 2137 2785 3714 2852; baseline -0.003 -10"><span class='ocrx_word' id='word_1_368' title='bbox 2137 2801 2229 2843; x_wconf 83' lang='lat' dir='ltr'><strong>tua</strong></span> <span class='ocrx_word' id='word_1_369' title='bbox 2260 2800 2356 2844; x_wconf 77' lang='lat' dir='ltr'><strong>est.</strong></span> <span class='ocrx_word' id='word_1_370' title='bbox 2407 2789 2622 2843; x_wconf 85' lang='lat' dir='ltr'><strong>Etenim</strong></span> <span class='ocrx_word' id='word_1_371' title='bbox 2657 2786 2854 2842; x_wconf 84' lang='lat' dir='ltr'><strong>Paulus</strong></span> <span class='ocrx_word' id='word_1_372' title='bbox 2892 2786 2959 2840; x_wconf 88' lang='lat' dir='ltr'><strong>de</strong></span> <span class='ocrx_word' id='word_1_373' title='bbox 2999 2786 3099 2840; x_wconf 87' lang='lat' dir='ltr'><strong>ﬁde</strong></span> <span class='ocrx_word' id='word_1_374' title='bbox 3133 2785 3344 2840; x_wconf 84' lang='lat' dir='ltr'><strong>loeutus</strong></span> <span class='ocrx_word' id='word_1_375' title='bbox 3372 2795 3455 2839; x_wconf 89' lang='lat' dir='ltr'><strong>est</strong></span> <span class='ocrx_word' id='word_1_376' title='bbox 3530 2785 3714 2852; x_wconf 85' lang='lat' dir='ltr'><strong>bapti-</strong></span> 
     </span>
    </p>
   </div>
   <div class='ocr_carea' id='block_1_57' title="bbox 2137 2879 3716 2950">
    <p class='ocr_par' dir='ltr' id='par_1_57' title="bbox 2137 2879 3716 2950">
     <span class='ocr_line' id='line_1_57' title="bbox 2137 2879 3716 2950; baseline -0.001 -16"><span class='ocrx_word' id='word_1_377' title='bbox 2137 2894 2311 2934; x_wconf 83' lang='lat' dir='ltr'><strong>smum</strong></span> <span class='ocrx_word' id='word_1_378' title='bbox 2345 2880 2697 2950; x_wconf 71' lang='lat' dir='ltr'><strong>prmcedente,</strong></span> <span class='ocrx_word' id='word_1_379' title='bbox 2728 2893 2847 2948; x_wconf 79' lang='lat' dir='ltr'><strong>qua:</strong></span> <span class='ocrx_word' id='word_1_380' title='bbox 2889 2894 3010 2932; x_wconf 86' lang='lat' dir='ltr'><strong>cum</strong></span> <span class='ocrx_word' id='word_1_381' title='bbox 3043 2879 3382 2932; x_wconf 81' lang='lat' dir='ltr'><strong>confessione</strong></span> <span class='ocrx_word' id='word_1_382' title='bbox 3431 2894 3496 2931; x_wconf 76' lang='lat' dir='ltr'><strong>ex</strong></span> <span class='ocrx_word' id='word_1_383' title='bbox 3553 2879 3716 2932; x_wconf 80' lang='lat' dir='ltr'><strong>corde</strong></span> 
     </span>
    </p>
   </div>
   <div class='ocr_carea' id='block_1_58' title="bbox 2138 2967 3718 3036">
    <p class='ocr_par' dir='ltr' id='par_1_58' title="bbox 2138 2967 3718 3036">
     <span class='ocr_line' id='line_1_58' title="bbox 2138 2967 3718 3036; baseline 0 -14"><span class='ocrx_word' id='word_1_384' title='bbox 2138 2985 2274 3036; x_wconf 92' lang='lat' dir='ltr'><strong>puro</strong></span> <span class='ocrx_word' id='word_1_385' title='bbox 2295 2969 2578 3036; x_wconf 76' lang='lat' dir='ltr'><strong>conjuncta</strong></span> <span class='ocrx_word' id='word_1_386' title='bbox 2606 2971 2677 3022; x_wconf 85' lang='lat' dir='ltr'><strong>sit</strong></span> <span class='ocrx_word' id='word_1_387' title='bbox 2703 2986 2716 3022; x_wconf 91' lang='lat'><strong>:</strong></span> <span class='ocrx_word' id='word_1_388' title='bbox 2750 2969 2877 3036; x_wconf 89' lang='lat' dir='ltr'><strong>quin</strong></span> <span class='ocrx_word' id='word_1_389' title='bbox 2914 2976 3089 3022; x_wconf 78' lang='lat' dir='ltr'><strong>tamen</strong></span> <span class='ocrx_word' id='word_1_390' title='bbox 3117 2980 3272 3020; x_wconf 87' lang='lat' dir='ltr'><strong>antea</strong></span> <span class='ocrx_word' id='word_1_391' title='bbox 3299 2967 3593 3036; x_wconf 85' lang='lat' dir='ltr'><strong>quidquam</strong></span> <span class='ocrx_word' id='word_1_392' title='bbox 3629 2967 3718 3022; x_wconf 80' lang='lat' dir='ltr'><strong>bo-</strong></span> 
     </span>
    </p>
   </div>
   <div class='ocr_carea' id='block_1_59' title="bbox 2141 3059 3711 3130">
    <p class='ocr_par' dir='ltr' id='par_1_59' title="bbox 2141 3059 3711 3130">
     <span class='ocr_line' id='line_1_59' title="bbox 2141 3059 3711 3130; baseline -0.003 -14"><span class='ocrx_word' id='word_1_393' title='bbox 2141 3077 2331 3116; x_wconf 89' lang='lat' dir='ltr'><strong>normn</strong></span> <span class='ocrx_word' id='word_1_394' title='bbox 2357 3075 2583 3130; x_wconf 77' lang='lat' dir='ltr'><strong>Opernm</strong></span> <span class='ocrx_word' id='word_1_395' title='bbox 2611 3063 2663 3114; x_wconf 93' lang='lat' dir='ltr'><strong>in</strong></span> <span class='ocrx_word' id='word_1_396' title='bbox 2707 3062 2977 3114; x_wconf 86' lang='lat' dir='ltr'><strong>mundana</strong></span> <span class='ocrx_word' id='word_1_397' title='bbox 3009 3062 3113 3113; x_wconf 88' lang='lat' dir='ltr'><strong>vita</strong></span> <span class='ocrx_word' id='word_1_398' title='bbox 3151 3061 3310 3112; x_wconf 90' lang='lat' dir='ltr'><strong>homo</strong></span> <span class='ocrx_word' id='word_1_399' title='bbox 3338 3075 3446 3127; x_wconf 80' lang='lat' dir='ltr'><strong>pra:</strong></span> <span class='ocrx_word' id='word_1_400' title='bbox 3485 3073 3541 3112; x_wconf 90' lang='lat' dir='ltr'><strong>se</strong></span> <span class='ocrx_word' id='word_1_401' title='bbox 3574 3059 3711 3113; x_wconf 86' lang='lat' dir='ltr'><strong>tule-</strong></span> 
     </span>
    </p>
   </div>
   <div class='ocr_carea' id='block_1_60' title="bbox 2138 3149 3705 3224">
    <p class='ocr_par' dir='ltr' id='par_1_60' title="bbox 2138 3149 3705 3224">
     <span class='ocr_line' id='line_1_60' title="bbox 2138 3149 3705 3224; baseline -0.003 -17"><span class='ocrx_word' id='word_1_402' title='bbox 2138 3155 2246 3208; x_wconf 89' lang='lat' dir='ltr'><strong>rit:</strong></span> <span class='ocrx_word' id='word_1_403' title='bbox 2281 3155 2479 3224; x_wconf 89' lang='lat' dir='ltr'><strong>quippe</strong></span> <span class='ocrx_word' id='word_1_404' title='bbox 2512 3153 2816 3222; x_wconf 76' lang='lat' dir='ltr'><strong>hujusmodi</strong></span> <span class='ocrx_word' id='word_1_405' title='bbox 2851 3151 3011 3205; x_wconf 89' lang='lat' dir='ltr'><strong>homo</strong></span> <span class='ocrx_word' id='word_1_406' title='bbox 3040 3152 3332 3215; x_wconf 88' lang='lat' dir='ltr'><strong>credendo,</strong></span> <span class='ocrx_word' id='word_1_407' title='bbox 3387 3149 3705 3212; x_wconf 86' lang='lat' dir='ltr'><strong>conﬁtendo,</strong></span> 
     </span>
    </p>
   </div>
   <div class='ocr_carea' id='block_1_61' title="bbox 455 3224 2034 3312">
    <p class='ocr_par' dir='ltr' id='par_1_61' title="bbox 455 3224 2034 3292">
     <span class='ocr_line' id='line_1_61' title="bbox 455 3224 2034 3292; baseline 0.001 -16"><span class='ocrx_word' id='word_1_408' title='bbox 455 3235 542 3278; x_wconf 91' lang='lat' dir='ltr'><strong>tus</strong></span> <span class='ocrx_word' id='word_1_409' title='bbox 578 3224 887 3278; x_wconf 90' lang='lat' dir='ltr'><strong>incursione</strong></span> <span class='ocrx_word' id='word_1_410' title='bbox 917 3225 1086 3277; x_wconf 75' lang='lat' dir='ltr'><strong>libera</strong></span> <span class='ocrx_word' id='word_1_411' title='bbox 1123 3237 1265 3278; x_wconf 74' lang='lat' dir='ltr'><strong>esset</strong></span> <span class='ocrx_word' id='word_1_412' title='bbox 1303 3243 1316 3278; x_wconf 89' lang='lat'><strong>:</strong></span> <span class='ocrx_word' id='word_1_413' title='bbox 1361 3242 1477 3292; x_wconf 73' lang='lat' dir='ltr'><strong>quze</strong></span> <span class='ocrx_word' id='word_1_414' title='bbox 1508 3236 1716 3278; x_wconf 78' lang='lat' dir='ltr'><strong>secreto</strong></span> <span class='ocrx_word' id='word_1_415' title='bbox 1752 3224 2034 3277; x_wconf 73' lang='lat' dir='ltr'><strong>tedilicavit</strong></span> 
     </span>
    </p>
   </div>
   <div class='ocr_carea' id='block_1_62' title="bbox 2140 3224 3716 3312">
    <p class='ocr_par' dir='ltr' id='par_1_62' title="bbox 2141 3239 3716 3312">
     <span class='ocr_line' id='line_1_62' title="bbox 2141 3239 3716 3312; baseline -0.004 -14"><span class='ocrx_word' id='word_1_416' title='bbox 2141 3243 2597 3312; x_wconf 79' lang='lat' dir='ltr'><strong>suscipiendaque</strong></span> <span class='ocrx_word' id='word_1_417' title='bbox 2659 3241 2986 3309; x_wconf 87' lang='lat' dir='ltr'><strong>baptismum</strong></span> <span class='ocrx_word' id='word_1_418' title='bbox 3057 3241 3408 3308; x_wconf 83' lang='lat' dir='ltr'><strong>justiﬁeatur.</strong></span> <span class='ocrx_word' id='word_1_419' title='bbox 3483 3239 3716 3294; x_wconf 79' lang='lat' dir='ltr'><strong>Jacobns</strong></span> 
     </span>
    </p>
   </div>
   <div class='ocr_carea' id='block_1_63' title="bbox 455 3315 2028 3388">
    <p class='ocr_par' dir='ltr' id='par_1_63' title="bbox 455 3315 2028 3388">
     <span class='ocr_line' id='line_1_63' title="bbox 455 3315 2028 3388; baseline 0.001 -20"><span class='ocrx_word' id='word_1_420' title='bbox 455 3333 508 3369; x_wconf 89' lang='lat' dir='ltr'><strong>Ill</strong></span> <span class='ocrx_word' id='word_1_421' title='bbox 538 3316 761 3382; x_wconf 65' lang='lat' dir='ltr'><strong>regione</strong></span> <span class='ocrx_word' id='word_1_422' title='bbox 789 3333 880 3367; x_wconf 70' lang='lat' dir='ltr'><strong>sua</strong></span> <span class='ocrx_word' id='word_1_423' title='bbox 919 3318 1243 3381; x_wconf 82' lang='lat' dir='ltr'><strong>oratm-ium,</strong></span> <span class='ocrx_word' id='word_1_424' title='bbox 1285 3319 1372 3371; x_wconf 91' lang='lat' dir='ltr'><strong>ubi</strong></span> <span class='ocrx_word' id='word_1_425' title='bbox 1413 3330 1615 3388; x_wconf 76' lang='lat' dir='ltr'><strong>martyr</strong></span> <span class='ocrx_word' id='word_1_426' title='bbox 1650 3317 1865 3369; x_wconf 80' lang='lat' dir='ltr'><strong>t‘oiiltlt‘.</strong></span> <span class='ocrx_word' id='word_1_427' title='bbox 1918 3315 2028 3369; x_wconf 78' lang='lat' dir='ltr'><strong>Me-</strong></span> 
     </span>
    </p>
   </div>
   <div class='ocr_carea' id='block_1_64' title="bbox 456 3405 2028 3477">
    <p class='ocr_par' dir='ltr' id='par_1_64' title="bbox 456 3405 2028 3477">
     <span class='ocr_line' id='line_1_64' title="bbox 456 3405 2028 3477; baseline 0 -19"><span class='ocrx_word' id='word_1_428' title='bbox 456 3421 573 3459; x_wconf 87' lang='lat' dir='ltr'><strong>mor</strong></span> <span class='ocrx_word' id='word_1_429' title='bbox 591 3416 775 3458; x_wconf 77' lang='lat' dir='ltr'><strong>autem</strong></span> <span class='ocrx_word' id='word_1_430' title='bbox 805 3407 1049 3460; x_wconf 83' lang='lat' dir='ltr'><strong>beneﬁcii</strong></span> <span class='ocrx_word' id='word_1_431' title='bbox 1084 3407 1148 3460; x_wconf 81' lang='lat' dir='ltr'><strong>ab</strong></span> <span class='ocrx_word' id='word_1_432' title='bbox 1168 3410 1265 3460; x_wconf 71' lang='lat' dir='ltr'><strong>hoc:</strong></span> <span class='ocrx_word' id='word_1_433' title='bbox 1293 3408 1452 3462; x_wconf 82' lang='lat' dir='ltr'><strong>beato</strong></span> <span class='ocrx_word' id='word_1_434' title='bbox 1481 3406 1663 3477; x_wconf 70' lang='lat' dir='ltr'><strong>Moyse</strong></span> <span class='ocrx_word' id='word_1_435' title='bbox 1689 3405 2028 3458; x_wconf 78' lang='lat' dir='ltr'><strong>&#39;l’armelensi</strong></span> 
     </span>
    </p>
   </div>
   <div class='ocr_carea' id='block_1_65' title="bbox 456 3494 2028 3566">
    <p class='ocr_par' dir='ltr' id='par_1_65' title="bbox 456 3494 2028 3566">
     <span class='ocr_line' id='line_1_65' title="bbox 456 3494 2028 3566; baseline 0 -20"><span class='ocrx_word' id='word_1_436' title='bbox 456 3496 663 3563; x_wconf 80' lang='lat' dir='ltr'><strong>accepti</strong></span> <span class='ocrx_word' id='word_1_437' title='bbox 696 3494 967 3548; x_wconf 80' lang='lat' dir='ltr'><strong>Romanos</strong></span> <span class='ocrx_word' id='word_1_438' title='bbox 999 3510 1096 3564; x_wconf 85' lang='lat' dir='ltr'><strong>pro</strong></span> <span class='ocrx_word' id='word_1_439' title='bbox 1132 3512 1188 3550; x_wconf 87' lang='lat' dir='ltr'><strong>re</strong></span> <span class='ocrx_word' id='word_1_440' title='bbox 1229 3507 1374 3562; x_wconf 81' lang='lat' dir='ltr'><strong>nuta,</strong></span> <span class='ocrx_word' id='word_1_441' title='bbox 1412 3514 1574 3566; x_wconf 89' lang='lat' dir='ltr'><strong>quam</strong></span> <span class='ocrx_word' id='word_1_442' title='bbox 1617 3495 1756 3549; x_wconf 81' lang='lat' dir='ltr'><strong>infra</strong></span> <span class='ocrx_word' id='word_1_443' title='bbox 1788 3510 2028 3548; x_wconf 86' lang='lat' dir='ltr'><strong>comme-</strong></span> 
     </span>
    </p>
   </div>
   <div class='ocr_carea' id='block_1_66' title="bbox 459 3587 1065 3654">
    <p class='ocr_par' dir='ltr' id='par_1_66' title="bbox 459 3587 1065 3654">
     <span class='ocr_line' id='line_1_66' title="bbox 459 3587 1065 3654; baseline 0.005 -16"><span class='ocrx_word' id='word_1_444' title='bbox 459 3587 810 3652; x_wconf 80' lang='lat' dir='ltr'><strong>morabimns,</strong></span> <span class='ocrx_word' id='word_1_445' title='bbox 838 3588 1065 3654; x_wconf 81' lang='lat' dir='ltr'><strong>adjuvit.-</strong></span> 
     </span>
    </p>
   </div>
   <div class='ocr_carea' id='block_1_67' title="bbox 524 3696 2028 3769">
    <p class='ocr_par' dir='ltr' id='par_1_67' title="bbox 524 3696 2028 3769">
     <span class='ocr_line' id='line_1_67' title="bbox 524 3696 2028 3769; baseline -0.003 -17"><span class='ocrx_word' id='word_1_446' title='bbox 524 3697 738 3752; x_wconf 82' lang='lat' dir='ltr'><strong>Etenim</strong></span> <span class='ocrx_word' id='word_1_447' title='bbox 763 3700 1232 3755; x_wconf 81' lang='lat' dir='ltr'><strong>Justinianusres</strong></span> <span class='ocrx_word' id='word_1_448' title='bbox 1272 3709 1456 3769; x_wconf 78' lang='lat' dir='ltr'><strong>gestas</strong></span> <span class='ocrx_word' id='word_1_449' title='bbox 1519 3700 1572 3752; x_wconf 88' lang='lat' dir='ltr'><strong>in</strong></span> <span class='ocrx_word' id='word_1_450' title='bbox 1619 3696 2028 3767; x_wconf 74' lang='lat' dir='ltr'><strong>Mesopotamia,</strong></span> 
     </span>
    </p>
   </div>
   <div class='ocr_carea' id='block_1_68' title="bbox 455 3792 2038 3862">
    <p class='ocr_par' dir='ltr' id='par_1_68' title="bbox 455 3792 2038 3862">
     <span class='ocr_line' id='line_1_68' title="bbox 455 3792 2038 3862; baseline -0.004 -17"><span class='ocrx_word' id='word_1_451' title='bbox 455 3801 574 3862; x_wconf 78' lang='lat' dir='ltr'><strong>qua:</strong></span> <span class='ocrx_word' id='word_1_452' title='bbox 607 3792 744 3844; x_wconf 88' lang='lat' dir='ltr'><strong>intra</strong></span> <span class='ocrx_word' id='word_1_453' title='bbox 797 3794 930 3846; x_wconf 84' lang='lat' dir='ltr'><strong>lines</strong></span> <span class='ocrx_word' id='word_1_454' title='bbox 984 3792 1195 3860; x_wconf 86' lang='lat' dir='ltr'><strong>imperii</strong></span> <span class='ocrx_word' id='word_1_455' title='bbox 1243 3801 1348 3852; x_wconf 85' lang='lat' dir='ltr'><strong>est,</strong></span> <span class='ocrx_word' id='word_1_456' title='bbox 1399 3800 1688 3860; x_wconf 78' lang='lat' dir='ltr'><strong>reputans,</strong></span> <span class='ocrx_word' id='word_1_457' title='bbox 1769 3800 2038 3855; x_wconf 83' lang='lat' dir='ltr'><strong>suumque</strong></span> 
     </span>
    </p>
   </div>
   <div class='ocr_carea' id='block_1_69' title="bbox 455 3877 2032 3952">
    <p class='ocr_par' dir='ltr' id='par_1_69' title="bbox 455 3877 2032 3952">
     <span class='ocr_line' id='line_1_69' title="bbox 455 3877 2032 3952; baseline -0.004 -13"><span class='ocrx_word' id='word_1_458' title='bbox 455 3885 755 3939; x_wconf 72' lang='lat' dir='ltr'><strong>exercitum</strong></span> <span class='ocrx_word' id='word_1_459' title='bbox 803 3900 829 3936; x_wconf 87' lang='lat' dir='ltr'><strong>a</strong></span> <span class='ocrx_word' id='word_1_460' title='bbox 867 3883 1044 3952; x_wconf 76' lang='lat' dir='ltr'><strong>Persis</strong></span> <span class='ocrx_word' id='word_1_461' title='bbox 1107 3897 1213 3937; x_wconf 89' lang='lat' dir='ltr'><strong>non</strong></span> <span class='ocrx_word' id='word_1_462' title='bbox 1269 3883 1434 3937; x_wconf 87' lang='lat' dir='ltr'><strong>semel</strong></span> <span class='ocrx_word' id='word_1_463' title='bbox 1494 3897 1716 3946; x_wconf 71' lang='lat' dir='ltr'><strong>cmsum,</strong></span> <span class='ocrx_word' id='word_1_464' title='bbox 1763 3877 2032 3950; x_wconf 80' lang='lat' dir='ltr'><strong>agricolas</strong></span> 
     </span>
    </p>
   </div>
   <div class='ocr_carea' id='block_1_70' title="bbox 453 3969 2030 4047">
    <p class='ocr_par' dir='ltr' id='par_1_70' title="bbox 453 3969 2030 4047">
     <span class='ocr_line' id='line_1_70' title="bbox 453 3969 2030 4047; baseline -0.004 -18"><span class='ocrx_word' id='word_1_465' title='bbox 453 3977 654 4047; x_wconf 90' lang='lat' dir='ltr'><strong>passim</strong></span> <span class='ocrx_word' id='word_1_466' title='bbox 683 3977 887 4031; x_wconf 86' lang='lat' dir='ltr'><strong>deletos</strong></span> <span class='ocrx_word' id='word_1_467' title='bbox 920 3975 999 4030; x_wconf 90' lang='lat' dir='ltr'><strong>vel</strong></span> <span class='ocrx_word' id='word_1_468' title='bbox 1025 3977 1077 4029; x_wconf 91' lang='lat' dir='ltr'><strong>in</strong></span> <span class='ocrx_word' id='word_1_469' title='bbox 1109 3976 1423 4030; x_wconf 77' lang='lat' dir='ltr'><strong>servitutem</strong></span> <span class='ocrx_word' id='word_1_470' title='bbox 1458 3974 1524 4027; x_wconf 90' lang='lat' dir='ltr'><strong>ab</strong></span> <span class='ocrx_word' id='word_1_471' title='bbox 1585 3969 1796 4027; x_wconf 83' lang='lat' dir='ltr'><strong>Iiunnis</strong></span> <span class='ocrx_word' id='word_1_472' title='bbox 1856 3971 2030 4025; x_wconf 84' lang='lat' dir='ltr'><strong>abdu-</strong></span> 
     </span>
    </p>
   </div>
   <div class='ocr_carea' id='block_1_71' title="bbox 452 4061 2027 4140">
    <p class='ocr_par' dir='ltr' id='par_1_71' title="bbox 452 4061 2027 4140">
     <span class='ocr_line' id='line_1_71' title="bbox 452 4061 2027 4140; baseline -0.002 -18"><span class='ocrx_word' id='word_1_473' title='bbox 452 4079 594 4134; x_wconf 91' lang='lat' dir='ltr'><strong>ctos,</strong></span> <span class='ocrx_word' id='word_1_474' title='bbox 629 4084 793 4140; x_wconf 61' lang='lat' dir='ltr'><strong>pagos</strong></span> <span class='ocrx_word' id='word_1_475' title='bbox 823 4067 1053 4137; x_wconf 87' lang='lat' dir='ltr'><strong>denique</strong></span> <span class='ocrx_word' id='word_1_476' title='bbox 1083 4068 1134 4122; x_wconf 91' lang='lat' dir='ltr'><strong>in</strong></span> <span class='ocrx_word' id='word_1_477' title='bbox 1167 4084 1226 4122; x_wconf 83' lang='lat' dir='ltr'><strong>ea</strong></span> <span class='ocrx_word' id='word_1_478' title='bbox 1253 4068 1356 4122; x_wconf 89' lang='lat' dir='ltr'><strong>late</strong></span> <span class='ocrx_word' id='word_1_479' title='bbox 1383 4068 1602 4138; x_wconf 79' lang='lat' dir='ltr'><strong>regione</strong></span> <span class='ocrx_word' id='word_1_480' title='bbox 1631 4061 2027 4128; x_wconf 76' lang='lat' dir='ltr'><strong>inﬂammatos;</strong></span> 
     </span>
    </p>
   </div>
   <div class='ocr_carea' id='block_1_72' title="bbox 453 4156 2038 4231">
    <p class='ocr_par' dir='ltr' id='par_1_72' title="bbox 453 4156 2038 4231">
     <span class='ocr_line' id='line_1_72' title="bbox 453 4156 2038 4231; baseline -0.004 -16"><span class='ocrx_word' id='word_1_481' title='bbox 453 4176 595 4231; x_wconf 69' lang='lat' dir='ltr'><strong>aegre</strong></span> <span class='ocrx_word' id='word_1_482' title='bbox 646 4162 939 4217; x_wconf 70' lang='lat' dir='ltr'><strong>&quot;admodum</strong></span> <span class='ocrx_word' id='word_1_483' title='bbox 970 4162 1340 4217; x_wconf 75' lang='lat' dir='ltr'><strong>adducebatur</strong></span> <span class='ocrx_word' id='word_1_484' title='bbox 1377 4173 1433 4215; x_wconf 91' lang='lat' dir='ltr'><strong>ut</strong></span> <span class='ocrx_word' id='word_1_485' title='bbox 1461 4163 1527 4215; x_wconf 87' lang='lat' dir='ltr'><strong>de</strong></span> <span class='ocrx_word' id='word_1_486' title='bbox 1585 4175 1727 4214; x_wconf 88' lang='lat' dir='ltr'><strong>novo</strong></span> <span class='ocrx_word' id='word_1_487' title='bbox 1767 4156 2038 4212; x_wconf 74' lang='lat' dir='ltr'><strong>mittendo-</strong></span> 
     </span>
    </p>
   </div>
   <div class='ocr_carea' id='block_1_73' title="bbox 452 4251 2034 4321">
    <p class='ocr_par' dir='ltr' id='par_1_73' title="bbox 452 4251 2034 4321">
     <span class='ocr_line' id='line_1_73' title="bbox 452 4251 2034 4321; baseline -0.004 -13"><span class='ocrx_word' id='word_1_488' title='bbox 452 4254 721 4317; x_wconf 77' lang='lat' dir='ltr'><strong>exercitu,</strong></span> <span class='ocrx_word' id='word_1_489' title='bbox 757 4264 812 4307; x_wconf 93' lang='lat' dir='ltr'><strong>et</strong></span> <span class='ocrx_word' id='word_1_490' title='bbox 849 4255 912 4307; x_wconf 90' lang='lat' dir='ltr'><strong>de</strong></span> <span class='ocrx_word' id='word_1_491' title='bbox 959 4251 1096 4309; x_wconf 89' lang='lat' dir='ltr'><strong>bello</strong></span> <span class='ocrx_word' id='word_1_492' title='bbox 1127 4271 1247 4307; x_wconf 87' lang='lat' dir='ltr'><strong>cum</strong></span> <span class='ocrx_word' id='word_1_493' title='bbox 1281 4253 1507 4316; x_wconf 83' lang='lat' dir='ltr'><strong>Cosroe,</strong></span> <span class='ocrx_word' id='word_1_494' title='bbox 1555 4252 1644 4321; x_wconf 92' lang='lat' dir='ltr'><strong>qui</strong></span> <span class='ocrx_word' id='word_1_495' title='bbox 1697 4262 1814 4319; x_wconf 86' lang='lat' dir='ltr'><strong>post</strong></span> <span class='ocrx_word' id='word_1_496' title='bbox 1865 4251 2034 4304; x_wconf 86' lang='lat' dir='ltr'><strong>Cava-</strong></span> 
     </span>
    </p>
   </div>
   <div class='ocr_carea' id='block_1_74' title="bbox 453 4341 2030 4418">
    <p class='ocr_par' dir='ltr' id='par_1_74' title="bbox 453 4341 2030 4418">
     <span class='ocr_line' id='line_1_74' title="bbox 453 4341 2030 4418; baseline -0.006 -17"><span class='ocrx_word' id='word_1_497' title='bbox 453 4347 574 4401; x_wconf 89' lang='lat' dir='ltr'><strong>dem</strong></span> <span class='ocrx_word' id='word_1_498' title='bbox 610 4349 891 4417; x_wconf 78' lang='lat' dir='ltr'><strong>regnabat,</strong></span> <span class='ocrx_word' id='word_1_499' title='bbox 927 4348 1162 4418; x_wconf 86' lang='lat' dir='ltr'><strong>gerendo</strong></span> <span class='ocrx_word' id='word_1_500' title='bbox 1217 4348 1522 4418; x_wconf 72' lang='lat' dir='ltr'><strong>cogitaret:</strong></span> <span class='ocrx_word' id='word_1_501' title='bbox 1554 4341 1852 4412; x_wconf 79' lang='lat' dir='ltr'><strong>praesertim</strong></span> <span class='ocrx_word' id='word_1_502' title='bbox 1905 4341 2030 4410; x_wconf 83' lang='lat' dir='ltr'><strong>quia</strong></span> 
     </span>
    </p>
   </div>
   <div class='ocr_carea' id='block_1_75' title="bbox 452 4433 2032 4506">
    <p class='ocr_par' dir='ltr' id='par_1_75' title="bbox 452 4433 2032 4506">
     <span class='ocr_line' id='line_1_75' title="bbox 452 4433 2032 4506; baseline -0.004 -12"><span class='ocrx_word' id='word_1_503' title='bbox 452 4437 687 4494; x_wconf 88' lang='lat' dir='ltr'><strong>Cosroes</strong></span> <span class='ocrx_word' id='word_1_504' title='bbox 715 4439 890 4492; x_wconf 79' lang='lat' dir='ltr'><strong>Ruﬁni</strong></span> <span class='ocrx_word' id='word_1_505' title='bbox 925 4441 1134 4493; x_wconf 77' lang='lat' dir='ltr'><strong>amirus</strong></span> <span class='ocrx_word' id='word_1_506' title='bbox 1173 4449 1311 4501; x_wconf 89' lang='lat' dir='ltr'><strong>erat,</strong></span> <span class='ocrx_word' id='word_1_507' title='bbox 1340 4444 1625 4506; x_wconf 84' lang='lat' dir='ltr'><strong>propterea</strong></span> <span class='ocrx_word' id='word_1_508' title='bbox 1663 4434 1806 4502; x_wconf 90' lang='lat' dir='ltr'><strong>quod</strong></span> <span class='ocrx_word' id='word_1_509' title='bbox 1832 4433 2032 4487; x_wconf 86' lang='lat' dir='ltr'><strong>Cavadi</strong></span> 
     </span>
    </p>
   </div>
   <div class='ocr_carea' id='block_1_76' title="bbox 453 4527 2034 4596">
    <p class='ocr_par' dir='ltr' id='par_1_76' title="bbox 453 4527 2034 4596">
     <span class='ocr_line' id='line_1_76' title="bbox 453 4527 2034 4596; baseline -0.003 -9"><span class='ocrx_word' id='word_1_510' title='bbox 453 4531 682 4587; x_wconf 79' lang='lat' dir='ltr'><strong>Ruﬁnus</strong></span> <span class='ocrx_word' id='word_1_511' title='bbox 712 4543 958 4587; x_wconf 87' lang='lat' dir='ltr'><strong>suaserat</strong></span> <span class='ocrx_word' id='word_1_512' title='bbox 1021 4541 1077 4584; x_wconf 90' lang='lat' dir='ltr'><strong>ut</strong></span> <span class='ocrx_word' id='word_1_513' title='bbox 1117 4530 1374 4584; x_wconf 88' lang='lat' dir='ltr'><strong>Cosroem</strong></span> <span class='ocrx_word' id='word_1_514' title='bbox 1413 4528 1560 4596; x_wconf 81' lang='lat' dir='ltr'><strong>regni</strong></span> <span class='ocrx_word' id='word_1_515' title='bbox 1589 4527 1856 4582; x_wconf 74' lang='lat' dir='ltr'><strong>inerede</strong></span> <span class='ocrx_word' id='word_1_516' title='bbox 1889 4527 2034 4583; x_wconf 50' lang='lat' dir='ltr'><strong>face-</strong></span> 
     </span>
    </p>
   </div>
   <div class='ocr_carea' id='block_1_77' title="bbox 2142 3328 3716 3404">
    <p class='ocr_par' dir='ltr' id='par_1_77' title="bbox 2142 3328 3716 3404">
     <span class='ocr_line' id='line_1_77' title="bbox 2142 3328 3716 3404; baseline -0.004 -14"><span class='ocrx_word' id='word_1_517' title='bbox 2142 3352 2270 3392; x_wconf 84' lang='lat' dir='ltr'><strong>vero</strong></span> <span class='ocrx_word' id='word_1_518' title='bbox 2310 3337 2465 3390; x_wconf 87' lang='lat' dir='ltr'><strong>Iidem</strong></span> <span class='ocrx_word' id='word_1_519' title='bbox 2500 3335 2766 3404; x_wconf 65' lang='lat' dir='ltr'><strong>baptismo</strong></span> <span class='ocrx_word' id='word_1_520' title='bbox 2790 3335 3143 3402; x_wconf 88' lang='lat' dir='ltr'><strong>posteriorem</strong></span> <span class='ocrx_word' id='word_1_521' title='bbox 3181 3333 3310 3386; x_wconf 78' lang='lat' dir='ltr'><strong>dit-it</strong></span> <span class='ocrx_word' id='word_1_522' title='bbox 3342 3345 3610 3386; x_wconf 87' lang='lat' dir='ltr'><strong>mortuam</strong></span> <span class='ocrx_word' id='word_1_523' title='bbox 3669 3328 3716 3383; x_wconf 79' lang='lat' dir='ltr'><strong>si</strong></span> 
     </span>
    </p>
   </div>
   <div class='ocr_carea' id='block_1_78' title="bbox 2141 3426 3718 3496">
    <p class='ocr_par' dir='ltr' id='par_1_78' title="bbox 2141 3426 3718 3496">
     <span class='ocr_line' id='line_1_78' title="bbox 2141 3426 3718 3496; baseline -0.003 -13"><span class='ocrx_word' id='word_1_524' title='bbox 2141 3428 2393 3496; x_wconf 72' lang='lat' dir='ltr'><strong>Oper-ibus</strong></span> <span class='ocrx_word' id='word_1_525' title='bbox 2425 3440 2640 3492; x_wconf 77' lang='lat' dir='ltr'><strong>careat;</strong></span> <span class='ocrx_word' id='word_1_526' title='bbox 2669 3427 2919 3480; x_wconf 80' lang='lat' dir='ltr'><strong>videlicet</strong></span> <span class='ocrx_word' id='word_1_527' title='bbox 2948 3429 3047 3481; x_wconf 91' lang='lat' dir='ltr'><strong>nisi</strong></span> <span class='ocrx_word' id='word_1_528' title='bbox 3075 3443 3192 3480; x_wconf 87' lang='lat' dir='ltr'><strong>eam</strong></span> <span class='ocrx_word' id='word_1_529' title='bbox 3219 3429 3378 3480; x_wconf 89' lang='lat' dir='ltr'><strong>homo</strong></span> <span class='ocrx_word' id='word_1_530' title='bbox 3403 3426 3562 3480; x_wconf 87' lang='lat' dir='ltr'><strong>rectis</strong></span> <span class='ocrx_word' id='word_1_531' title='bbox 3589 3439 3718 3493; x_wconf 69' lang='lat' dir='ltr'><strong>ope-</strong></span> 
     </span>
    </p>
   </div>
   <div class='ocr_carea' id='block_1_79' title="bbox 2141 3513 3719 3586">
    <p class='ocr_par' dir='ltr' id='par_1_79' title="bbox 2141 3513 3719 3586">
     <span class='ocr_line' id='line_1_79' title="bbox 2141 3513 3719 3586; baseline -0.008 -10"><span class='ocrx_word' id='word_1_532' title='bbox 2141 3523 2290 3576; x_wconf 87' lang='lat' dir='ltr'><strong>ribus</strong></span> <span class='ocrx_word' id='word_1_533' title='bbox 2313 3521 2615 3582; x_wconf 87' lang='lat' dir='ltr'><strong>conﬁrmet,</strong></span> <span class='ocrx_word' id='word_1_534' title='bbox 2652 3519 3083 3586; x_wconf 82' lang='lat' dir='ltr'><strong>quamloquidem</strong></span> <span class='ocrx_word' id='word_1_535' title='bbox 3115 3517 3410 3585; x_wconf 83' lang='lat' dir='ltr'><strong>baptismus</strong></span> <span class='ocrx_word' id='word_1_536' title='bbox 3451 3515 3602 3567; x_wconf 79' lang='lat' dir='ltr'><strong>bona:</strong></span> <span class='ocrx_word' id='word_1_537' title='bbox 3638 3513 3719 3565; x_wconf 82' lang='lat' dir='ltr'><strong>vi-</strong></span> 
     </span>
    </p>
   </div>
   <div class='ocr_carea' id='block_1_80' title="bbox 2143 3606 3716 3675">
    <p class='ocr_par' dir='ltr' id='par_1_80' title="bbox 2143 3606 3716 3675">
     <span class='ocr_line' id='line_1_80' title="bbox 2143 3606 3716 3675; baseline -0.007 -9"><span class='ocrx_word' id='word_1_538' title='bbox 2143 3623 2207 3666; x_wconf 78' lang='lat' dir='ltr'><strong>ta:</strong></span> <span class='ocrx_word' id='word_1_539' title='bbox 2252 3612 2412 3664; x_wconf 86' lang='lat' dir='ltr'><strong>arrha</strong></span> <span class='ocrx_word' id='word_1_540' title='bbox 2445 3620 2546 3664; x_wconf 89' lang='lat' dir='ltr'><strong>est.</strong></span> <span class='ocrx_word' id='word_1_541' title='bbox 2601 3608 2736 3662; x_wconf 83' lang='lat' dir='ltr'><strong>Ecce</strong></span> <span class='ocrx_word' id='word_1_542' title='bbox 2769 3609 2909 3662; x_wconf 86' lang='lat' dir='ltr'><strong>enim</strong></span> <span class='ocrx_word' id='word_1_543' title='bbox 2950 3608 3064 3675; x_wconf 89' lang='lat' dir='ltr'><strong>ipse</strong></span> <span class='ocrx_word' id='word_1_544' title='bbox 3098 3607 3376 3671; x_wconf 77' lang='lat' dir='ltr'><strong>Dominus,</strong></span> <span class='ocrx_word' id='word_1_545' title='bbox 3415 3606 3716 3674; x_wconf 63' lang='lat' dir='ltr'><strong>quiexemo</strong></span> 
     </span>
    </p>
   </div>
   <div class='ocr_carea' id='block_1_81' title="bbox 2142 3695 3718 3772">
    <p class='ocr_par' dir='ltr' id='par_1_81' title="bbox 2142 3695 3718 3772">
     <span class='ocr_line' id='line_1_81' title="bbox 2142 3695 3718 3772; baseline -0.004 -19"><span class='ocrx_word' id='word_1_546' title='bbox 2142 3703 2255 3772; x_wconf 88' lang='lat' dir='ltr'><strong>plar</strong></span> <span class='ocrx_word' id='word_1_547' title='bbox 2288 3713 2532 3757; x_wconf 89' lang='lat' dir='ltr'><strong>nostrum</strong></span> <span class='ocrx_word' id='word_1_548' title='bbox 2565 3710 2668 3764; x_wconf 87' lang='lat' dir='ltr'><strong>est,</strong></span> <span class='ocrx_word' id='word_1_549' title='bbox 2703 3699 3062 3752; x_wconf 81' lang='lat' dir='ltr'><strong>sanetiﬁcatis</strong></span> <span class='ocrx_word' id='word_1_550' title='bbox 3113 3715 3205 3768; x_wconf 92' lang='lat' dir='ltr'><strong>per</strong></span> <span class='ocrx_word' id='word_1_551' title='bbox 3249 3698 3574 3766; x_wconf 86' lang='lat' dir='ltr'><strong>baptismum</strong></span> <span class='ocrx_word' id='word_1_552' title='bbox 3611 3695 3718 3747; x_wconf 89' lang='lat' dir='ltr'><strong>mi-</strong></span> 
     </span>
    </p>
   </div>
   <div class='ocr_carea' id='block_1_82' title="bbox 2143 3786 3722 3862">
    <p class='ocr_par' dir='ltr' id='par_1_82' title="bbox 2143 3786 3722 3862">
     <span class='ocr_line' id='line_1_82' title="bbox 2143 3786 3722 3862; baseline -0.007 -12"><span class='ocrx_word' id='word_1_553' title='bbox 2143 3795 2368 3850; x_wconf 86' lang='lat' dir='ltr'><strong>nisterio</strong></span> <span class='ocrx_word' id='word_1_554' title='bbox 2405 3793 2631 3848; x_wconf 79' lang='lat' dir='ltr'><strong>Joannis</strong></span> <span class='ocrx_word' id='word_1_555' title='bbox 2651 3802 2960 3862; x_wconf 86' lang='lat' dir='ltr'><strong>susceptum</strong></span> <span class='ocrx_word' id='word_1_556' title='bbox 2992 3792 3165 3860; x_wconf 87' lang='lat' dir='ltr'><strong>aquis,</strong></span> <span class='ocrx_word' id='word_1_557' title='bbox 3192 3786 3722 3855; x_wconf 84' lang='lat' dir='ltr'><strong>factoqnehaptism&#39;r</strong></span> 
     </span>
    </p>
   </div>
   <div class='ocr_carea' id='block_1_83' title="bbox 2143 3878 3722 3949">
    <p class='ocr_par' dir='ltr' id='par_1_83' title="bbox 2143 3878 3722 3949">
     <span class='ocr_line' id='line_1_83' title="bbox 2143 3878 3722 3949; baseline -0.007 -10"><span class='ocrx_word' id='word_1_558' title='bbox 2143 3886 2317 3949; x_wconf 88' lang='lat' dir='ltr'><strong>initio,</strong></span> <span class='ocrx_word' id='word_1_559' title='bbox 2349 3893 2586 3938; x_wconf 90' lang='lat' dir='ltr'><strong>montem</strong></span> <span class='ocrx_word' id='word_1_560' title='bbox 2613 3883 2946 3947; x_wconf 87' lang='lat' dir='ltr'><strong>conscendit,</strong></span> <span class='ocrx_word' id='word_1_561' title='bbox 2976 3881 3258 3937; x_wconf 82' lang='lat' dir='ltr'><strong>tentatoris</strong></span> <span class='ocrx_word' id='word_1_562' title='bbox 3307 3879 3590 3935; x_wconf 87' lang='lat' dir='ltr'><strong>certamini</strong></span> <span class='ocrx_word' id='word_1_563' title='bbox 3615 3878 3722 3930; x_wconf 84' lang='lat' dir='ltr'><strong>ob-</strong></span> 
     </span>
    </p>
   </div>
   <div class='ocr_carea' id='block_1_84' title="bbox 2141 3972 3719 4049">
    <p class='ocr_par' dir='ltr' id='par_1_84' title="bbox 2141 3972 3719 4049">
     <span class='ocr_line' id='line_1_84' title="bbox 2141 3972 3719 4049; baseline -0.007 -17"><span class='ocrx_word' id='word_1_564' title='bbox 2141 3978 2284 4034; x_wconf 75' lang='lat' dir='ltr'><strong>vlam</strong></span> <span class='ocrx_word' id='word_1_565' title='bbox 2318 3979 2434 4042; x_wconf 87' lang='lat' dir='ltr'><strong>ivit,</strong></span> <span class='ocrx_word' id='word_1_566' title='bbox 2475 3979 2701 4049; x_wconf 81' lang='lat' dir='ltr'><strong>ejusque</strong></span> <span class='ocrx_word' id='word_1_567' title='bbox 2738 3978 2842 4030; x_wconf 85' lang='lat' dir='ltr'><strong>vim</strong></span> <span class='ocrx_word' id='word_1_568' title='bbox 2875 3993 3088 4031; x_wconf 86' lang='lat' dir='ltr'><strong>onmem</strong></span> <span class='ocrx_word' id='word_1_569' title='bbox 3131 3975 3290 4044; x_wconf 65' lang='lat' dir='ltr'><strong>iri-git</strong></span> <span class='ocrx_word' id='word_1_570' title='bbox 3319 3991 3331 4035; x_wconf 89' lang='lat'><strong>;</strong></span> <span class='ocrx_word' id='word_1_571' title='bbox 3366 3972 3582 4026; x_wconf 82' lang='lat' dir='ltr'><strong>scilicet</strong></span> <span class='ocrx_word' id='word_1_572' title='bbox 3617 3987 3719 4022; x_wconf 89' lang='lat' dir='ltr'><strong>no-</strong></span> 
     </span>
    </p>
   </div>
   <div class='ocr_carea' id='block_1_85' title="bbox 2141 4063 3718 4142">
    <p class='ocr_par' dir='ltr' id='par_1_85' title="bbox 2141 4063 3718 4142">
     <span class='ocr_line' id='line_1_85' title="bbox 2141 4063 3718 4142; baseline -0.011 -11"><span class='ocrx_word' id='word_1_573' title='bbox 2141 4075 2226 4131; x_wconf 86' lang='lat' dir='ltr'><strong>bis</strong></span> <span class='ocrx_word' id='word_1_574' title='bbox 2253 4073 2589 4142; x_wconf 80' lang='lat' dir='ltr'><strong>signiﬁcans,</strong></span> <span class='ocrx_word' id='word_1_575' title='bbox 2622 4080 2872 4142; x_wconf 84' lang='lat' dir='ltr'><strong>Oportere</strong></span> <span class='ocrx_word' id='word_1_576' title='bbox 2901 4080 2957 4122; x_wconf 91' lang='lat' dir='ltr'><strong>ut</strong></span> <span class='ocrx_word' id='word_1_577' title='bbox 2980 4080 3098 4138; x_wconf 85' lang='lat' dir='ltr'><strong>post</strong></span> <span class='ocrx_word' id='word_1_578' title='bbox 3119 4068 3356 4120; x_wconf 82' lang='lat' dir='ltr'><strong>divinam</strong></span> <span class='ocrx_word' id='word_1_579' title='bbox 3385 4063 3718 4118; x_wconf 86' lang='lat' dir='ltr'><strong>oblationem</strong></span> 
     </span>
    </p>
   </div>
   <div class='ocr_carea' id='block_1_86' title="bbox 2142 4154 3721 4230">
    <p class='ocr_par' dir='ltr' id='par_1_86' title="bbox 2142 4154 3721 4230">
     <span class='ocr_line' id='line_1_86' title="bbox 2142 4154 3721 4230; baseline -0.008 -10"><span class='ocrx_word' id='word_1_580' title='bbox 2142 4178 2416 4220; x_wconf 86' lang='lat' dir='ltr'><strong>certamen</strong></span> <span class='ocrx_word' id='word_1_581' title='bbox 2451 4173 2693 4218; x_wconf 86' lang='lat' dir='ltr'><strong>nostrum</strong></span> <span class='ocrx_word' id='word_1_582' title='bbox 2723 4162 2982 4230; x_wconf 77' lang='lat' dir='ltr'><strong>operibus</strong></span> <span class='ocrx_word' id='word_1_583' title='bbox 3017 4170 3417 4228; x_wconf 70' lang='lat' dir='ltr'><strong>exprmnamus,</strong></span> <span class='ocrx_word' id='word_1_584' title='bbox 3455 4154 3721 4224; x_wconf 82' lang='lat' dir='ltr'><strong>legitime-</strong></span> 
     </span>
    </p>
   </div>
   <div class='ocr_carea' id='block_1_87' title="bbox 2142 4243 3715 4326">
    <p class='ocr_par' dir='ltr' id='par_1_87' title="bbox 2142 4243 3715 4326">
     <span class='ocr_line' id='line_1_87' title="bbox 2142 4243 3715 4326; baseline -0.008 -18"><span class='ocrx_word' id='word_1_585' title='bbox 2142 4270 2246 4326; x_wconf 89' lang='lat' dir='ltr'><strong>que</strong></span> <span class='ocrx_word' id='word_1_586' title='bbox 2269 4271 2390 4309; x_wconf 86' lang='lat' dir='ltr'><strong>cum</strong></span> <span class='ocrx_word' id='word_1_587' title='bbox 2422 4253 2578 4308; x_wconf 84' lang='lat' dir='ltr'><strong>hoste</strong></span> <span class='ocrx_word' id='word_1_588' title='bbox 2623 4252 2905 4314; x_wconf 84' lang='lat' dir='ltr'><strong>luctemur,</strong></span> <span class='ocrx_word' id='word_1_589' title='bbox 2941 4265 3044 4318; x_wconf 92' lang='lat' dir='ltr'><strong>quo</strong></span> <span class='ocrx_word' id='word_1_590' title='bbox 3087 4251 3313 4302; x_wconf 86' lang='lat' dir='ltr'><strong>virtutes</strong></span> <span class='ocrx_word' id='word_1_591' title='bbox 3367 4257 3567 4299; x_wconf 74' lang='lat' dir='ltr'><strong>nostra:</strong></span> <span class='ocrx_word' id='word_1_592' title='bbox 3623 4243 3715 4297; x_wconf 85' lang='lat' dir='ltr'><strong>in-</strong></span> 
     </span>
    </p>
   </div>
   <div class='ocr_carea' id='block_1_88' title="bbox 2139 4346 2458 4400">
    <p class='ocr_par' dir='ltr' id='par_1_88' title="bbox 2139 4346 2458 4400">
     <span class='ocr_line' id='line_1_88' title="bbox 2139 4346 2458 4400; baseline -0.016 0"><span class='ocrx_word' id='word_1_593' title='bbox 2139 4346 2458 4400; x_wconf 86' lang='lat' dir='ltr'><strong>clarescant.</strong></span> 
     </span>
    </p>
   </div>
   <div class='ocr_carea' id='block_1_89' title="bbox 2214 4423 3720 4500">
    <p class='ocr_par' dir='ltr' id='par_1_89' title="bbox 2214 4423 3720 4500">
     <span class='ocr_line' id='line_1_89' title="bbox 2214 4423 3720 4500; baseline -0.01 -9"><span class='ocrx_word' id='word_1_594' title='bbox 2214 4438 2319 4491; x_wconf 87' lang='lat' dir='ltr'><strong>Sed</strong></span> <span class='ocrx_word' id='word_1_595' title='bbox 2342 4436 2486 4490; x_wconf 89' lang='lat' dir='ltr'><strong>enim</strong></span> <span class='ocrx_word' id='word_1_596' title='bbox 2511 4432 2888 4488; x_wconf 81' lang='lat' dir='ltr'><strong>adversabttur</strong></span> <span class='ocrx_word' id='word_1_597' title='bbox 2909 4431 3104 4500; x_wconf 89' lang='lat' dir='ltr'><strong>aliquis</strong></span> <span class='ocrx_word' id='word_1_598' title='bbox 3137 4429 3354 4482; x_wconf 79' lang='lat' dir='ltr'><strong>dicens:</strong></span> <span class='ocrx_word' id='word_1_599' title='bbox 3384 4425 3544 4494; x_wconf 81' lang='lat' dir='ltr'><strong>Atqui</strong></span> <span class='ocrx_word' id='word_1_600' title='bbox 3575 4423 3720 4477; x_wconf 82' lang='lat' dir='ltr'><strong>Pau-</strong></span> 
     </span>
    </p>
   </div>
   <div class='ocr_carea' id='block_1_90' title="bbox 2141 4528 3720 4594">
    <p class='ocr_par' dir='ltr' id='par_1_90' title="bbox 2141 4528 3720 4594">
     <span class='ocr_line' id='line_1_90' title="bbox 2141 4528 3720 4594; baseline -0.01 -9"><span class='ocrx_word' id='word_1_601' title='bbox 2141 4531 2226 4585; x_wconf 89' lang='lat' dir='ltr'><strong>lus</strong></span> <span class='ocrx_word' id='word_1_602' title='bbox 2258 4529 2566 4582; x_wconf 87' lang='lat' dir='ltr'><strong>Abrahamo</strong></span> <span class='ocrx_word' id='word_1_603' title='bbox 2607 4528 2778 4580; x_wconf 91' lang='lat' dir='ltr'><strong>utitur</strong></span> <span class='ocrx_word' id='word_1_604' title='bbox 2816 4536 3072 4594; x_wconf 86' lang='lat' dir='ltr'><strong>tanquam</strong></span> <span class='ocrx_word' id='word_1_605' title='bbox 3103 4530 3444 4592; x_wconf 82' lang='lat' dir='ltr'><strong>argumento,</strong></span> <span class='ocrx_word' id='word_1_606' title='bbox 3479 4528 3533 4572; x_wconf 92' lang='lat' dir='ltr'><strong>ut</strong></span> <span class='ocrx_word' id='word_1_607' title='bbox 3595 4531 3720 4585; x_wconf 90' lang='lat' dir='ltr'><strong>pro-</strong></span> 
     </span>
    </p>
   </div>
   <div class='ocr_carea' id='block_1_91' title="bbox 455 4589 3720 4695">
    <p class='ocr_par' dir='ltr' id='par_1_91' title="bbox 455 4589 3720 4695">
     <span class='ocr_line' id='line_1_91' title="bbox 455 4589 3720 4695; baseline -0.005 -17"><span class='ocrx_word' id='word_1_608' title='bbox 455 4636 559 4679; x_wconf 89' lang='lat' dir='ltr'><strong>rct.</strong></span> <span class='ocrx_word' id='word_1_609' title='bbox 618 4623 1024 4695; x_wconf 80' lang='lat' dir='ltr'><strong>Ruﬁnusigitur</strong></span> <span class='ocrx_word' id='word_1_610' title='bbox 1059 4623 1172 4675; x_wconf 64' lang='lat' dir='ltr'><strong>haec</strong></span> <span class='ocrx_word' id='word_1_611' title='bbox 1196 4619 1397 4675; x_wconf 71' lang='lat' dir='ltr'><strong>Czesari</strong></span> <span class='ocrx_word' id='word_1_612' title='bbox 1431 4634 1662 4673; x_wconf 84' lang='lat' dir='ltr'><strong>narrans</strong></span> <span class='ocrx_word' id='word_1_613' title='bbox 1701 4635 1849 4691; x_wconf 86' lang='lat' dir='ltr'><strong>spem</strong></span> <span class='ocrx_word' id='word_1_614' title='bbox 1918 4621 2034 4690; x_wconf 88' lang='lat' dir='ltr'><strong>inji-</strong></span> <span class='ocrx_word' id='word_1_615' title='bbox 2066 4589 2110 4644; x_wconf 64' lang='grc' dir='ltr'><strong>θ</strong></span> <span class='ocrx_word' id='word_1_616' title='bbox 2140 4621 2232 4674; x_wconf 89' lang='lat' dir='ltr'><strong>bet</strong></span> <span class='ocrx_word' id='word_1_617' title='bbox 2259 4621 2530 4673; x_wconf 87' lang='lat' dir='ltr'><strong>hominem</strong></span> <span class='ocrx_word' id='word_1_618' title='bbox 2563 4618 2664 4670; x_wconf 85' lang='lat' dir='ltr'><strong>ﬁde</strong></span> <span class='ocrx_word' id='word_1_619' title='bbox 2689 4619 2972 4687; x_wconf 87' lang='lat' dir='ltr'><strong>jnstillcari</strong></span> <span class='ocrx_word' id='word_1_620' title='bbox 2996 4618 3110 4668; x_wconf 74' lang='lat' dir='ltr'><strong>sine</strong></span> <span class='ocrx_word' id='word_1_621' title='bbox 3136 4614 3421 4682; x_wconf 80' lang='lat' dir='ltr'><strong>operibus;</strong></span> <span class='ocrx_word' id='word_1_622' title='bbox 3452 4613 3525 4663; x_wconf 88' lang='lat' dir='ltr'><strong>ait</strong></span> <span class='ocrx_word' id='word_1_623' title='bbox 3547 4609 3720 4662; x_wconf 88' lang='lat' dir='ltr'><strong>enim:</strong></span> 
     </span>
    </p>
   </div>
   <div class='ocr_carea' id='block_1_92' title="bbox 453 4710 2032 4784">
    <p class='ocr_par' dir='ltr' id='par_1_92' title="bbox 453 4710 2032 4784">
     <span class='ocr_line' id='line_1_92' title="bbox 453 4710 2032 4784; baseline -0.003 -16"><span class='ocrx_word' id='word_1_624' title='bbox 453 4711 652 4777; x_wconf 83' lang='lat' dir='ltr'><strong>ciebat,</strong></span> <span class='ocrx_word' id='word_1_625' title='bbox 687 4715 1114 4784; x_wconf 88' lang='lat' dir='ltr'><strong>spondebatque,</strong></span> <span class='ocrx_word' id='word_1_626' title='bbox 1140 4711 1184 4765; x_wconf 89' lang='lat' dir='ltr'><strong>si</strong></span> <span class='ocrx_word' id='word_1_627' title='bbox 1222 4711 1442 4778; x_wconf 89' lang='lat' dir='ltr'><strong>quidem</strong></span> <span class='ocrx_word' id='word_1_628' title='bbox 1477 4710 1589 4778; x_wconf 87' lang='lat' dir='ltr'><strong>ipse</strong></span> <span class='ocrx_word' id='word_1_629' title='bbox 1621 4727 1796 4780; x_wconf 83' lang='lat' dir='ltr'><strong>regem</strong></span> <span class='ocrx_word' id='word_1_630' title='bbox 1835 4713 2032 4774; x_wconf 87' lang='lat' dir='ltr'><strong>adiret,</strong></span> 
     </span>
    </p>
   </div>
   <div class='ocr_carea' id='block_1_93' title="bbox 454 4802 2036 4878">
    <p class='ocr_par' dir='ltr' id='par_1_93' title="bbox 454 4802 2036 4878">
     <span class='ocr_line' id='line_1_93' title="bbox 454 4802 2036 4878; baseline -0.004 -16"><span class='ocrx_word' id='word_1_631' title='bbox 454 4804 572 4864; x_wconf 78' lang='lat' dir='ltr'><strong>fore</strong></span> <span class='ocrx_word' id='word_1_632' title='bbox 603 4818 659 4861; x_wconf 90' lang='lat' dir='ltr'><strong>ut</strong></span> <span class='ocrx_word' id='word_1_633' title='bbox 687 4807 913 4878; x_wconf 86' lang='lat' dir='ltr'><strong>quiquid</strong></span> <span class='ocrx_word' id='word_1_634' title='bbox 941 4806 1086 4874; x_wconf 89' lang='lat' dir='ltr'><strong>juste</strong></span> <span class='ocrx_word' id='word_1_635' title='bbox 1113 4804 1260 4856; x_wconf 88' lang='lat' dir='ltr'><strong>circa</strong></span> <span class='ocrx_word' id='word_1_636' title='bbox 1293 4818 1479 4871; x_wconf 81' lang='lat' dir='ltr'><strong>pacem</strong></span> <span class='ocrx_word' id='word_1_637' title='bbox 1529 4802 1596 4856; x_wconf 86' lang='lat' dir='ltr'><strong>ab</strong></span> <span class='ocrx_word' id='word_1_638' title='bbox 1642 4805 1888 4873; x_wconf 27' lang='lat' dir='ltr'><strong>Augusto</strong></span> <span class='ocrx_word' id='word_1_639' title='bbox 1935 4819 2036 4873; x_wconf 88' lang='lat' dir='ltr'><strong>0p-</strong></span> 
     </span>
    </p>
   </div>
   <div class='ocr_carea' id='block_1_94' title="bbox 458 4897 2040 4968">
    <p class='ocr_par' dir='ltr' id='par_1_94' title="bbox 458 4897 2040 4968">
     <span class='ocr_line' id='line_1_94' title="bbox 458 4897 2040 4968; baseline -0.001 -15"><span class='ocrx_word' id='word_1_640' title='bbox 458 4913 624 4955; x_wconf 87' lang='lat' dir='ltr'><strong>tatam</strong></span> <span class='ocrx_word' id='word_1_641' title='bbox 660 4899 979 4968; x_wconf 86' lang='lat' dir='ltr'><strong>postularet,</strong></span> <span class='ocrx_word' id='word_1_642' title='bbox 1013 4897 1259 4966; x_wconf 90' lang='lat' dir='ltr'><strong>protinus</strong></span> <span class='ocrx_word' id='word_1_643' title='bbox 1294 4898 1632 4963; x_wconf 88' lang='lat' dir='ltr'><strong>impetraret.</strong></span> <span class='ocrx_word' id='word_1_644' title='bbox 1691 4899 1880 4968; x_wconf 85' lang='lat' dir='ltr'><strong>Itaque</strong></span> <span class='ocrx_word' id='word_1_645' title='bbox 1908 4898 2040 4952; x_wconf 87' lang='lat' dir='ltr'><strong>mis-</strong></span> 
     </span>
    </p>
   </div>
   <div class='ocr_carea' id='block_1_95' title="bbox 457 4988 2036 5059">
    <p class='ocr_par' dir='ltr' id='par_1_95' title="bbox 457 4988 2036 5059">
     <span class='ocr_line' id='line_1_95' title="bbox 457 4988 2036 5059; baseline -0.003 -13"><span class='ocrx_word' id='word_1_646' title='bbox 457 5009 550 5047; x_wconf 75' lang='lat' dir='ltr'><strong>sus</strong></span> <span class='ocrx_word' id='word_1_647' title='bbox 585 4991 689 5045; x_wconf 81' lang='lat' dir='ltr'><strong>iuit</strong></span> <span class='ocrx_word' id='word_1_648' title='bbox 725 4988 976 5052; x_wconf 75' lang='lat' dir='ltr'><strong>Ruﬁnus,</strong></span> <span class='ocrx_word' id='word_1_649' title='bbox 1020 4989 1312 5043; x_wconf 89' lang='lat' dir='ltr'><strong>comitante</strong></span> <span class='ocrx_word' id='word_1_650' title='bbox 1376 4989 1715 5059; x_wconf 79' lang='lat' dir='ltr'><strong>Hermogene</strong></span> <span class='ocrx_word' id='word_1_651' title='bbox 1774 4990 2036 5058; x_wconf 75' lang='lat' dir='ltr'><strong>magistro</strong></span> 
     </span>
    </p>
   </div>
   <div class='ocr_carea' id='block_1_96' title="bbox 458 5077 2030 5149">
    <p class='ocr_par' dir='ltr' id='par_1_96' title="bbox 458 5077 2030 5149">
     <span class='ocr_line' id='line_1_96' title="bbox 458 5077 2030 5149; baseline -0.003 -11"><span class='ocrx_word' id='word_1_652' title='bbox 458 5083 750 5138; x_wconf 86' lang='lat' dir='ltr'><strong>indictione</strong></span> <span class='ocrx_word' id='word_1_653' title='bbox 778 5077 981 5133; x_wconf 81' lang='lat' dir='ltr'><strong>decima</strong></span> <span class='ocrx_word' id='word_1_654' title='bbox 1022 5096 1141 5133; x_wconf 90' lang='lat' dir='ltr'><strong>cum</strong></span> <span class='ocrx_word' id='word_1_655' title='bbox 1175 5080 1369 5136; x_wconf 86' lang='lat' dir='ltr'><strong>litteris</strong></span> <span class='ocrx_word' id='word_1_656' title='bbox 1398 5086 1461 5134; x_wconf 89' lang='lat' dir='ltr'><strong>ad</strong></span> <span class='ocrx_word' id='word_1_657' title='bbox 1485 5081 1764 5147; x_wconf 88' lang='lat' dir='ltr'><strong>Cosroem,</strong></span> <span class='ocrx_word' id='word_1_658' title='bbox 1798 5096 2030 5149; x_wconf 89' lang='lat' dir='ltr'><strong>quocum</strong></span> 
     </span>
    </p>
   </div>
   <div class='ocr_carea' id='block_1_97' title="bbox 455 5171 2032 5243">
    <p class='ocr_par' dir='ltr' id='par_1_97' title="bbox 455 5171 2032 5243">
     <span class='ocr_line' id='line_1_97' title="bbox 455 5171 2032 5243; baseline -0.003 -13"><span class='ocrx_word' id='word_1_659' title='bbox 455 5171 545 5231; x_wconf 83' lang='lat' dir='ltr'><strong>diu</strong></span> <span class='ocrx_word' id='word_1_660' title='bbox 591 5173 840 5229; x_wconf 90' lang='lat' dir='ltr'><strong>collocuti</strong></span> <span class='ocrx_word' id='word_1_661' title='bbox 875 5184 1018 5226; x_wconf 92' lang='lat' dir='ltr'><strong>sunt.</strong></span> <span class='ocrx_word' id='word_1_662' title='bbox 1076 5174 1416 5243; x_wconf 83' lang='lat' dir='ltr'><strong>thuoniam</strong></span> <span class='ocrx_word' id='word_1_663' title='bbox 1449 5175 1538 5229; x_wconf 87' lang='lat' dir='ltr'><strong>hic</strong></span> <span class='ocrx_word' id='word_1_664' title='bbox 1586 5173 1814 5226; x_wconf 78' lang='lat' dir='ltr'><strong>Ruﬁnus</strong></span> <span class='ocrx_word' id='word_1_665' title='bbox 1873 5185 2032 5227; x_wconf 86' lang='lat' dir='ltr'><strong>notus</strong></span> 
     </span>
    </p>
   </div>
   <div class='ocr_carea' id='block_1_98' title="bbox 454 5258 2032 5335">
    <p class='ocr_par' dir='ltr' id='par_1_98' title="bbox 454 5258 2032 5335">
     <span class='ocr_line' id='line_1_98' title="bbox 454 5258 2032 5335; baseline -0.001 -17"><span class='ocrx_word' id='word_1_666' title='bbox 454 5265 529 5321; x_wconf 83' lang='lat' dir='ltr'><strong>ibi</strong></span> <span class='ocrx_word' id='word_1_667' title='bbox 566 5274 704 5331; x_wconf 89' lang='lat' dir='ltr'><strong>erat,</strong></span> <span class='ocrx_word' id='word_1_668' title='bbox 739 5271 920 5331; x_wconf 87' lang='lat' dir='ltr'><strong>utpote</strong></span> <span class='ocrx_word' id='word_1_669' title='bbox 949 5258 1036 5334; x_wconf 82' lang='lat' dir='ltr'><strong>qui</strong></span> <span class='ocrx_word' id='word_1_670' title='bbox 1077 5281 1216 5335; x_wconf 66' lang='lat' dir='ltr'><strong>saepe</strong></span> <span class='ocrx_word' id='word_1_671' title='bbox 1242 5267 1306 5318; x_wconf 87' lang='lat' dir='ltr'><strong>ad</strong></span> <span class='ocrx_word' id='word_1_672' title='bbox 1341 5265 1607 5318; x_wconf 84' lang='lat' dir='ltr'><strong>Cavadem</strong></span> <span class='ocrx_word' id='word_1_673' title='bbox 1635 5264 1844 5332; x_wconf 80' lang='lat' dir='ltr'><strong>legatus</strong></span> <span class='ocrx_word' id='word_1_674' title='bbox 1877 5264 2032 5331; x_wconf 87' lang='lat' dir='ltr'><strong>ierat,</strong></span> 
     </span>
    </p>
   </div>
   <div class='ocr_carea' id='block_1_99' title="bbox 454 5351 2028 5427">
    <p class='ocr_par' dir='ltr' id='par_1_99' title="bbox 454 5351 2028 5427">
     <span class='ocr_line' id='line_1_99' title="bbox 454 5351 2028 5427; baseline -0.002 -16"><span class='ocrx_word' id='word_1_675' title='bbox 454 5351 683 5427; x_wconf 66' lang='lat' dir='ltr'><strong>eiusque</strong></span> <span class='ocrx_word' id='word_1_676' title='bbox 723 5370 960 5409; x_wconf 84' lang='lat' dir='ltr'><strong>amorem</strong></span> <span class='ocrx_word' id='word_1_677' title='bbox 997 5357 1100 5412; x_wconf 87' lang='lat' dir='ltr'><strong>sibi</strong></span> <span class='ocrx_word' id='word_1_678' title='bbox 1127 5357 1538 5420; x_wconf 87' lang='lat' dir='ltr'><strong>conciliaverat,</strong></span> <span class='ocrx_word' id='word_1_679' title='bbox 1581 5366 1633 5408; x_wconf 86' lang='lat' dir='ltr'><strong>et</strong></span> <span class='ocrx_word' id='word_1_680' title='bbox 1678 5355 1828 5425; x_wconf 88' lang='lat' dir='ltr'><strong>regni</strong></span> <span class='ocrx_word' id='word_1_681' title='bbox 1891 5356 2028 5423; x_wconf 80' lang='lat' dir='ltr'><strong>opti-</strong></span> 
     </span>
    </p>
   </div>
   <div class='ocr_carea' id='block_1_100' title="bbox 461 5443 2035 5514">
    <p class='ocr_par' dir='ltr' id='par_1_100' title="bbox 461 5443 2035 5514">
     <span class='ocr_line' id='line_1_100' title="bbox 461 5443 2035 5514; baseline 0.003 -18"><span class='ocrx_word' id='word_1_682' title='bbox 461 5459 632 5500; x_wconf 75' lang='lat' dir='ltr'><strong>n-ates</strong></span> <span class='ocrx_word' id='word_1_683' title='bbox 691 5445 872 5500; x_wconf 89' lang='lat' dir='ltr'><strong>multis</strong></span> <span class='ocrx_word' id='word_1_684' title='bbox 947 5446 1263 5503; x_wconf 80' lang='lat' dir='ltr'><strong>numeribns</strong></span> <span class='ocrx_word' id='word_1_685' title='bbox 1315 5443 1601 5510; x_wconf 70' lang='lat' dir='ltr'><strong>affecerat;</strong></span> <span class='ocrx_word' id='word_1_686' title='bbox 1665 5447 1847 5514; x_wconf 87' lang='lat' dir='ltr'><strong>regina</strong></span> <span class='ocrx_word' id='word_1_687' title='bbox 1908 5461 2035 5500; x_wconf 88' lang='lat' dir='ltr'><strong>vero</strong></span> 
     </span>
    </p>
   </div>
   <div class='ocr_carea' id='block_1_101' title="bbox 455 5535 2028 5609">
    <p class='ocr_par' dir='ltr' id='par_1_101' title="bbox 455 5535 2028 5609">
     <span class='ocr_line' id='line_1_101' title="bbox 455 5535 2028 5609; baseline 0 -19"><span class='ocrx_word' id='word_1_688' title='bbox 455 5535 678 5591; x_wconf 78' lang='lat' dir='ltr'><strong>Gosrois</strong></span> <span class='ocrx_word' id='word_1_689' title='bbox 691 5547 861 5592; x_wconf 88' lang='lat' dir='ltr'><strong>mater</strong></span> <span class='ocrx_word' id='word_1_690' title='bbox 876 5553 1088 5593; x_wconf 87' lang='lat' dir='ltr'><strong>summo</strong></span> <span class='ocrx_word' id='word_1_691' title='bbox 1105 5539 1354 5592; x_wconf 81' lang='lat' dir='ltr'><strong>eumdem</strong></span> <span class='ocrx_word' id='word_1_692' title='bbox 1377 5552 1562 5592; x_wconf 88' lang='lat' dir='ltr'><strong>amore</strong></span> <span class='ocrx_word' id='word_1_693' title='bbox 1581 5536 2028 5609; x_wconf 86' lang='lat' dir='ltr'><strong>prosequebatur,</strong></span> 
     </span>
    </p>
   </div>
   <div class='ocr_carea' id='block_1_102' title="bbox 460 5629 2028 5698">
    <p class='ocr_par' dir='ltr' id='par_1_102' title="bbox 460 5629 2028 5698">
     <span class='ocr_line' id='line_1_102' title="bbox 460 5629 2028 5698; baseline 0.004 -19"><span class='ocrx_word' id='word_1_694' title='bbox 460 5631 584 5696; x_wconf 73' lang='lat' dir='ltr'><strong>quia</strong></span> <span class='ocrx_word' id='word_1_695' title='bbox 621 5630 906 5685; x_wconf 85' lang='lat' dir='ltr'><strong>consilium</strong></span> <span class='ocrx_word' id='word_1_696' title='bbox 947 5629 1150 5685; x_wconf 76' lang='lat' dir='ltr'><strong>Cavadi</strong></span> <span class='ocrx_word' id='word_1_697' title='bbox 1209 5631 1469 5698; x_wconf 89' lang='lat' dir='ltr'><strong>dedisset,</strong></span> <span class='ocrx_word' id='word_1_698' title='bbox 1503 5639 1561 5686; x_wconf 89' lang='lat' dir='ltr'><strong>ut</strong></span> <span class='ocrx_word' id='word_1_699' title='bbox 1617 5630 1725 5685; x_wconf 89' lang='lat' dir='ltr'><strong>lilio</strong></span> <span class='ocrx_word' id='word_1_700' title='bbox 1785 5645 1882 5686; x_wconf 83' lang='lat' dir='ltr'><strong>suo</strong></span> <span class='ocrx_word' id='word_1_701' title='bbox 1941 5645 2028 5685; x_wconf 87' lang='lat' dir='ltr'><strong>re-</strong></span> 
     </span>
    </p>
   </div>
   <div class='ocr_carea' id='block_1_103' title="bbox 527 5789 1407 5869">
    <p class='ocr_par' dir='ltr' id='par_1_103' title="bbox 527 5789 1407 5869">
     <span class='ocr_line' id='line_1_103' title="bbox 527 5789 1407 5869; baseline -0.008 -7"><span class='ocrx_word' id='word_1_702' title='bbox 527 5789 744 5862; x_wconf 65' lang='lat' dir='ltr'><strong>‘Gaiat.</strong></span> <span class='ocrx_word' id='word_1_703' title='bbox 778 5822 836 5869; x_wconf 89' lang='grc' dir='ltr'><strong>ιι,</strong></span> <span class='ocrx_word' id='word_1_704' title='bbox 875 5805 956 5860; x_wconf 84' lang='lat' dir='ltr'><strong>l6.</strong></span> <span class='ocrx_word' id='word_1_705' title='bbox 1037 5804 1054 5834; x_wconf 85' lang='grc'><strong>·</strong></span> <span class='ocrx_word' id='word_1_706' title='bbox 1078 5801 1191 5860; x_wconf 80' lang='lat' dir='ltr'><strong>Jac.</strong></span> <span class='ocrx_word' id='word_1_707' title='bbox 1226 5818 1286 5869; x_wconf 84' lang='grc' dir='ltr'>ιι,</span> <span class='ocrx_word' id='word_1_708' title='bbox 1317 5801 1407 5856; x_wconf 77' lang='lat'><strong>20.</strong></span> 
     </span>
    </p>
   </div>
   <div class='ocr_carea' id='block_1_104' title="bbox 2135 4705 3715 4782">
    <p class='ocr_par' dir='ltr' id='par_1_104' title="bbox 2135 4705 3715 4782">
     <span class='ocr_line' id='line_1_104' title="bbox 2135 4705 3715 4782; baseline -0.008 -17"><span class='ocrx_word' id='word_1_709' title='bbox 2135 4711 2306 4782; x_wconf 81' lang='lat' dir='ltr'><strong>Igitur</strong></span> <span class='ocrx_word' id='word_1_710' title='bbox 2325 4711 2413 4782; x_wconf 86' lang='lat' dir='ltr'><strong>qui</strong></span> <span class='ocrx_word' id='word_1_711' title='bbox 2437 4714 2487 4764; x_wconf 87' lang='lat' dir='ltr'><strong>itt</strong></span> <span class='ocrx_word' id='word_1_712' title='bbox 2521 4712 2642 4778; x_wconf 72' lang='lat' dir='ltr'><strong>fide,</strong></span> <span class='ocrx_word' id='word_1_713' title='bbox 2672 4711 3060 4764; x_wconf 72' lang='lat' dir='ltr'><strong>benedirt&#39;nlur</strong></span> <span class='ocrx_word' id='word_1_714' title='bbox 3080 4723 3197 4764; x_wconf 88' lang='lat' dir='ltr'><strong>ctttn</strong></span> <span class='ocrx_word' id='word_1_715' title='bbox 3219 4709 3357 4760; x_wconf 86' lang='lat' dir='ltr'><strong>lidcli</strong></span> <span class='ocrx_word' id='word_1_716' title='bbox 3382 4705 3715 4760; x_wconf 85' lang='lat' dir='ltr'><strong>Abt&#39;abamo.</strong></span> 
     </span>
    </p>
   </div>
   <div class='ocr_carea' id='block_1_105' title="bbox 2134 4799 3715 4872">
    <p class='ocr_par' dir='ltr' id='par_1_105' title="bbox 2134 4799 3715 4872">
     <span class='ocr_line' id='line_1_105' title="bbox 2134 4799 3715 4872; baseline -0.007 -14"><span class='ocrx_word' id='word_1_717' title='bbox 2134 4805 2290 4858; x_wconf 80' lang='grc' dir='ltr'><strong>-Εἰ</strong></span> <span class='ocrx_word' id='word_1_718' title='bbox 2341 4819 2470 4858; x_wconf 84' lang='lat' dir='ltr'><strong>vero</strong></span> <span class='ocrx_word' id='word_1_719' title='bbox 2517 4805 2604 4872; x_wconf 89' lang='lat' dir='ltr'><strong>qui</strong></span> <span class='ocrx_word' id='word_1_720' title='bbox 2637 4818 2738 4856; x_wconf 91' lang='lat' dir='ltr'><strong>non</strong></span> <span class='ocrx_word' id='word_1_721' title='bbox 2769 4812 3046 4872; x_wconf 80' lang='lat' dir='ltr'><strong>operatur,</strong></span> <span class='ocrx_word' id='word_1_722' title='bbox 3105 4801 3345 4855; x_wconf 88' lang='lat' dir='ltr'><strong>credenti</strong></span> <span class='ocrx_word' id='word_1_723' title='bbox 3400 4809 3578 4852; x_wconf 87' lang='lat' dir='ltr'><strong>tamen</strong></span> <span class='ocrx_word' id='word_1_724' title='bbox 3663 4799 3715 4849; x_wconf 90' lang='lat' dir='ltr'><strong>in</strong></span> 
     </span>
    </p>
   </div>
   <div class='ocr_carea' id='block_1_106' title="bbox 2140 4892 3718 4964">
    <p class='ocr_par' dir='ltr' id='par_1_106' title="bbox 2140 4892 3718 4964">
     <span class='ocr_line' id='line_1_106' title="bbox 2140 4892 3718 4964; baseline -0.008 -14"><span class='ocrx_word' id='word_1_725' title='bbox 2140 4911 2263 4951; x_wconf 90' lang='lat' dir='ltr'><strong>eum</strong></span> <span class='ocrx_word' id='word_1_726' title='bbox 2297 4894 2388 4964; x_wconf 90' lang='lat' dir='ltr'><strong>qui</strong></span> <span class='ocrx_word' id='word_1_727' title='bbox 2451 4903 2628 4962; x_wconf 79' lang='lat' dir='ltr'><strong>potest</strong></span> <span class='ocrx_word' id='word_1_728' title='bbox 2682 4892 2982 4960; x_wconf 77' lang='lat' dir='ltr'><strong>justitiCaI-e</strong></span> <span class='ocrx_word' id='word_1_729' title='bbox 3039 4902 3374 4958; x_wconf 70' lang='lat' dir='ltr'><strong>peccatores,</strong></span> <span class='ocrx_word' id='word_1_730' title='bbox 3434 4895 3718 4956; x_wconf 83' lang='lat' dir='ltr'><strong>reputatur</strong></span> 
     </span>
    </p>
   </div>
   <div class='ocr_carea' id='block_1_107' title="bbox 2142 4979 3714 5055">
    <p class='ocr_par' dir='ltr' id='par_1_107' title="bbox 2142 4979 3714 5055">
     <span class='ocr_line' id='line_1_107' title="bbox 2142 4979 3714 5055; baseline -0.008 -15"><span class='ocrx_word' id='word_1_731' title='bbox 2142 4986 2275 5040; x_wconf 73' lang='lat' dir='ltr'><strong>ﬁdes</strong></span> <span class='ocrx_word' id='word_1_732' title='bbox 2298 4985 2416 5055; x_wconf 81' lang='lat' dir='ltr'><strong>ejus</strong></span> <span class='ocrx_word' id='word_1_733' title='bbox 2464 4987 2528 5036; x_wconf 86' lang='lat' dir='ltr'><strong>ad</strong></span> <span class='ocrx_word' id='word_1_734' title='bbox 2587 4984 2872 5054; x_wconf 78' lang='lat' dir='ltr'><strong>justitiam.</strong></span> <span class='ocrx_word' id='word_1_735' title='bbox 2931 4982 3170 5036; x_wconf 63' lang='lat' dir='ltr'><strong>Iacobus</strong></span> <span class='ocrx_word' id='word_1_736' title='bbox 3230 4997 3355 5032; x_wconf 79' lang='lat' dir='ltr'><strong>vero</strong></span> <span class='ocrx_word' id='word_1_737' title='bbox 3415 4981 3466 5032; x_wconf 90' lang='lat' dir='ltr'><strong>in</strong></span> <span class='ocrx_word' id='word_1_738' title='bbox 3525 4979 3714 5030; x_wconf 87' lang='lat' dir='ltr'><strong>eodem</strong></span> 
     </span>
    </p>
   </div>
   <div class='ocr_carea' id='block_1_108' title="bbox 2144 5069 3715 5140">
    <p class='ocr_par' dir='ltr' id='par_1_108' title="bbox 2144 5069 3715 5140">
     <span class='ocr_line' id='line_1_108' title="bbox 2144 5069 3715 5140; baseline -0.008 -10"><span class='ocrx_word' id='word_1_739' title='bbox 2144 5077 2460 5130; x_wconf 85' lang='lat' dir='ltr'><strong>Abrahamo</strong></span> <span class='ocrx_word' id='word_1_740' title='bbox 2496 5075 2912 5138; x_wconf 76' lang='lat' dir='ltr'><strong>octnoustravit,</strong></span> <span class='ocrx_word' id='word_1_741' title='bbox 2965 5091 3067 5126; x_wconf 88' lang='lat' dir='ltr'><strong>non</strong></span> <span class='ocrx_word' id='word_1_742' title='bbox 3115 5070 3402 5140; x_wconf 83' lang='lat' dir='ltr'><strong>jnstiﬁcari</strong></span> <span class='ocrx_word' id='word_1_743' title='bbox 3439 5069 3715 5122; x_wconf 77' lang='lat' dir='ltr'><strong>imminent</strong></span> 
     </span>
    </p>
   </div>
   <div class='ocr_carea' id='block_1_109' title="bbox 2141 5160 3717 5231">
    <p class='ocr_par' dir='ltr' id='par_1_109' title="bbox 2141 5160 3717 5231">
     <span class='ocr_line' id='line_1_109' title="bbox 2141 5160 3717 5231; baseline -0.007 -9"><span class='ocrx_word' id='word_1_744' title='bbox 2141 5183 2204 5222; x_wconf 86' lang='lat' dir='ltr'><strong>ex</strong></span> <span class='ocrx_word' id='word_1_745' title='bbox 2242 5167 2346 5222; x_wconf 74' lang='lat' dir='ltr'><strong>fide</strong></span> <span class='ocrx_word' id='word_1_746' title='bbox 2377 5179 2608 5231; x_wconf 86' lang='lat' dir='ltr'><strong>tantum,</strong></span> <span class='ocrx_word' id='word_1_747' title='bbox 2642 5167 2734 5220; x_wconf 88' lang='lat' dir='ltr'><strong>sed</strong></span> <span class='ocrx_word' id='word_1_748' title='bbox 2764 5168 2924 5219; x_wconf 85' lang='lat' dir='ltr'><strong>etiam</strong></span> <span class='ocrx_word' id='word_1_749' title='bbox 2961 5180 3024 5218; x_wconf 73' lang='lat' dir='ltr'><strong>ex</strong></span> <span class='ocrx_word' id='word_1_750' title='bbox 3059 5166 3315 5231; x_wconf 81' lang='lat' dir='ltr'><strong>Operil:tts</strong></span> <span class='ocrx_word' id='word_1_751' title='bbox 3376 5162 3478 5214; x_wconf 85' lang='lat' dir='ltr'><strong>iide</strong></span> <span class='ocrx_word' id='word_1_752' title='bbox 3523 5160 3717 5212; x_wconf 72' lang='lat' dir='ltr'><strong>contir-</strong></span> 
     </span>
    </p>
   </div>
   <div class='ocr_carea' id='block_1_110' title="bbox 2142 5252 3715 5326">
    <p class='ocr_par' dir='ltr' id='par_1_110' title="bbox 2142 5252 3715 5326">
     <span class='ocr_line' id='line_1_110' title="bbox 2142 5252 3715 5326; baseline -0.005 -14"><span class='ocrx_word' id='word_1_753' title='bbox 2142 5260 2323 5315; x_wconf 86' lang='lat' dir='ltr'><strong>malis.</strong></span> <span class='ocrx_word' id='word_1_754' title='bbox 2381 5259 2577 5324; x_wconf 84' lang='lat' dir='ltr'><strong>Quidni</strong></span> <span class='ocrx_word' id='word_1_755' title='bbox 2625 5259 2788 5326; x_wconf 81' lang='lat' dir='ltr'><strong>igitur</strong></span> <span class='ocrx_word' id='word_1_756' title='bbox 2855 5259 2969 5310; x_wconf 74' lang='lat' dir='ltr'><strong>inec</strong></span> <span class='ocrx_word' id='word_1_757' title='bbox 3021 5260 3162 5310; x_wconf 88' lang='lat' dir='ltr'><strong>inter</strong></span> <span class='ocrx_word' id='word_1_758' title='bbox 3219 5271 3278 5307; x_wconf 86' lang='lat' dir='ltr'><strong>se</strong></span> <span class='ocrx_word' id='word_1_759' title='bbox 3318 5262 3587 5322; x_wconf 84' lang='lat' dir='ltr'><strong>pugnant,</strong></span> <span class='ocrx_word' id='word_1_760' title='bbox 3640 5252 3715 5304; x_wconf 80' lang='lat' dir='ltr'><strong>si-</strong></span> 
     </span>
    </p>
   </div>
   <div class='ocr_carea' id='block_1_111' title="bbox 2138 5345 3715 5422">
    <p class='ocr_par' dir='ltr' id='par_1_111' title="bbox 2138 5345 3715 5422">
     <span class='ocr_line' id='line_1_111' title="bbox 2138 5345 3715 5422; baseline -0.008 -16"><span class='ocrx_word' id='word_1_761' title='bbox 2138 5353 2352 5422; x_wconf 91' lang='lat' dir='ltr'><strong>quidem</strong></span> <span class='ocrx_word' id='word_1_762' title='bbox 2384 5369 2523 5404; x_wconf 85' lang='lat' dir='ltr'><strong>unus</strong></span> <span class='ocrx_word' id='word_1_763' title='bbox 2549 5351 2796 5418; x_wconf 86' lang='lat' dir='ltr'><strong>idetttqtlc</strong></span> <span class='ocrx_word' id='word_1_764' title='bbox 2823 5348 3160 5401; x_wconf 81' lang='lat' dir='ltr'><strong>Abrabamns</strong></span> <span class='ocrx_word' id='word_1_765' title='bbox 3195 5345 3471 5412; x_wconf 79' lang='lat' dir='ltr'><strong>exemplar</strong></span> <span class='ocrx_word' id='word_1_766' title='bbox 3499 5351 3581 5395; x_wconf 85' lang='lat' dir='ltr'><strong>est</strong></span> <span class='ocrx_word' id='word_1_767' title='bbox 3621 5356 3715 5394; x_wconf 84' lang='lat' dir='ltr'><strong>eo-</strong></span> 
     </span>
    </p>
   </div>
   <div class='ocr_carea' id='block_1_112' title="bbox 2137 5433 3713 5512">
    <p class='ocr_par' dir='ltr' id='par_1_112' title="bbox 2137 5433 3713 5512">
     <span class='ocr_line' id='line_1_112' title="bbox 2137 5433 3713 5512; baseline -0.007 -17"><span class='ocrx_word' id='word_1_768' title='bbox 2137 5459 2255 5495; x_wconf 90' lang='lat' dir='ltr'><strong>rum</strong></span> <span class='ocrx_word' id='word_1_769' title='bbox 2291 5444 2380 5512; x_wconf 88' lang='lat' dir='ltr'><strong>qni</strong></span> <span class='ocrx_word' id='word_1_770' title='bbox 2417 5443 2556 5496; x_wconf 87' lang='lat' dir='ltr'><strong>haud</strong></span> <span class='ocrx_word' id='word_1_771' title='bbox 2584 5443 2792 5511; x_wconf 82' lang='lat' dir='ltr'><strong>operati</strong></span> <span class='ocrx_word' id='word_1_772' title='bbox 2828 5449 2972 5505; x_wconf 87' lang='lat' dir='ltr'><strong>sttnt,</strong></span> <span class='ocrx_word' id='word_1_773' title='bbox 3013 5440 3105 5490; x_wconf 81' lang='lat' dir='ltr'><strong>sed</strong></span> <span class='ocrx_word' id='word_1_774' title='bbox 3132 5436 3505 5490; x_wconf 82' lang='lat' dir='ltr'><strong>tantummodo</strong></span> <span class='ocrx_word' id='word_1_775' title='bbox 3537 5433 3713 5487; x_wconf 78' lang='lat' dir='ltr'><strong>credi-</strong></span> 
     </span>
    </p>
   </div>
   <div class='ocr_carea' id='block_1_113' title="bbox 2131 5527 3710 5605">
    <p class='ocr_par' dir='ltr' id='par_1_113' title="bbox 2131 5527 3710 5605">
     <span class='ocr_line' id='line_1_113' title="bbox 2131 5527 3710 5605; baseline -0.009 -17"><span class='ocrx_word' id='word_1_776' title='bbox 2131 5533 2365 5601; x_wconf 84' lang='lat' dir='ltr'><strong>derunt;</strong></span> <span class='ocrx_word' id='word_1_777' title='bbox 2397 5535 2636 5605; x_wconf 85' lang='lat' dir='ltr'><strong>itenque</strong></span> <span class='ocrx_word' id='word_1_778' title='bbox 2683 5547 2868 5587; x_wconf 88' lang='lat' dir='ltr'><strong>eorum</strong></span> <span class='ocrx_word' id='word_1_779' title='bbox 2923 5531 3011 5599; x_wconf 90' lang='lat' dir='ltr'><strong>qui</strong></span> <span class='ocrx_word' id='word_1_780' title='bbox 3066 5531 3220 5581; x_wconf 80' lang='lat' dir='ltr'><strong>ﬁdem</strong></span> <span class='ocrx_word' id='word_1_781' title='bbox 3277 5527 3526 5596; x_wconf 86' lang='lat' dir='ltr'><strong>operibus</strong></span> <span class='ocrx_word' id='word_1_782' title='bbox 3561 5538 3710 5578; x_wconf 87' lang='lat' dir='ltr'><strong>com-</strong></span> 
     </span>
    </p>
   </div>
   <div class='ocr_carea' id='block_1_114' title="bbox 2128 5617 3636 5697">
    <p class='ocr_par' dir='ltr' id='par_1_114' title="bbox 2128 5617 3636 5697">
     <span class='ocr_line' id='line_1_114' title="bbox 2128 5617 3636 5697; baseline -0.008 -15"><span class='ocrx_word' id='word_1_783' title='bbox 2128 5625 2460 5697; x_wconf 84' lang='lat' dir='ltr'><strong>probarunt?</strong></span> <span class='ocrx_word' id='word_1_784' title='bbox 2501 5627 2861 5692; x_wconf 75' lang='lat' dir='ltr'><strong>Qurestionem</strong></span> <span class='ocrx_word' id='word_1_785' title='bbox 2887 5639 2947 5677; x_wconf 85' lang='lat' dir='ltr'><strong>ex</strong></span> <span class='ocrx_word' id='word_1_786' title='bbox 2977 5621 3148 5676; x_wconf 83' lang='lat' dir='ltr'><strong>sacris</strong></span> <span class='ocrx_word' id='word_1_787' title='bbox 3171 5619 3392 5675; x_wconf 83' lang='lat' dir='ltr'><strong>Litteris</strong></span> <span class='ocrx_word' id='word_1_788' title='bbox 3411 5617 3636 5672; x_wconf 81' lang='lat' dir='ltr'><strong>solvam.</strong></span> 
     </span>
    </p>
   </div>
  </div>
