4070 6390
385 386 522 462 ll'l'l

1436 394 1539 454 ex
1583 394 1950 453 Hlb'thtA
1989 389 2580 459 LLLLEbtASTlCA.

3499 402 3638 475 1.173

453 513 555 582 Qui
581 511 877 568 Ahrahami
915 520 1158 583 tempora
1195 517 1405 566 attente
1457 511 1772 567 consideret
1835 506 1950 579 (qui
1982 507 2029 564 Δ
2056 509 2242 573 verba,
2272 526 2448 581 neque
2486 512 2575 568 illa
2600 524 2719 584 qua:
2743 511 2792 569 in
2826 510 3024 571 Vetere
3048 513 3398 572 Testamento
3432 522 3634 591 scripta

382 607 667 675 utriusque
694 605 767 660 rei
789 602 1070 673 exemplar
1098 603 1228 672 est),
1260 616 1391 656 sane
1421 600 1788 671 deprehendet
1812 597 1958 667 quod

386 700 545 754 ﬁdem
572 708 696 752 ante
729 697 1055 767 baptismum
1088 711 1210 749 cum
1243 693 1417 748 salute
1462 693 1748 762 proﬁtetur
1796 691 1959 744 homo

387 790 439 845 iu
460 788 739 844 Christum
771 787 1001 842 credens
1032 805 1046 841 :
1095 785 1185 839 illa
1221 796 1424 847 autem,
1479 798 1600 854 qua:
1631 780 1956 849 baptismum

386 885 763 954 subsequitur,
793 883 1048 950 cperibus
1074 880 1386 947 conjuncta,
1420 878 1657 946 antiquae
1700 875 1752 929 in
1794 887 1962 928 carne

388 975 820 1033 circumcisiunis
853 973 1259 1040 repraesentatio
1292 980 1396 1035 est,
1428 985 1546 1039 qtne
1573 966 1821 1038 praaputii
1877 969 1961 1019 in-

391 1069 701 1125 ﬁdelitatem
728 1067 979 1129 destruit,
1013 1077 1222 1132 nosque
1259 1065 1324 1115 ad
1347 1044 1692 1130 adoptionem
1728 1060 1960 1112 ﬁliorum

395 1163 485 1217 Dei
523 1161 787 1232 perducit.
846 1158 976 1211 Nam
1013 1159 1179 1211 etiam
1215 1154 1423 1225 Moyses
1461 1153 1733 1209 Pharaoni
1776 1152 1965 1206 dicere

386 1248 571 1324 jussus
598 1251 731 1305 fuit:
765 1242 841 1303 Tu
869 1259 1042 1303 autem
1074 1248 1285 1315 loquere
1316 1243 1606 1307 Pharaoni,
1637 1243 1781 1310 ﬁlius
1816 1258 1964 1297 meus

392 1342 771 1413 priusogenitus
799 1338 1022 1394 Israel'.
1058 1338 1288 1404 Propter
1314 1335 1458 1404 quod
1484 1335 1705 1402 scripsit
1761 1332 1966 1388 Paulus

394 1436 460 1490 ad
487 1434 838 1489 Colossenses
882 1432 965 1485 his
1009 1429 1222 1484 verbis:
1281 1426 1345 1480 Et
1379 1426 1435 1479 in
1489 1425 1604 1495 ipso
1663 1421 1965 1477 circumcisi

395 1526 518 1579 estis
543 1524 941 1577 circumcisione
977 1521 1090 1574 sine
1119 1518 1384 1581 manibus,
1417 1533 1536 1569 cum
1584 1515 1809 1569 exuistis
1854 1529 1970 1587 car-

395 1634 509 1673 nem
540 1627 875 1686 peccatorum
903 1631 994 1678 per
1021 1611 1470 1667 circumcisionem
1504 1607 1724 1668 Christi,
1769 1614 1822 1659 et
1884 1621 1970 1658 se-

395 1709 529 1778 pulti
557 1711 681 1763 estis
713 1722 830 1760 cum
859 1723 918 1760 eo
943 1718 1036 1774 per
1061 1704 1377 1772 baptismum
1401 1702 1443 1755 ⁸.
1495 1702 1589 1755 Ait
1618 1700 1780 1770 igitur
1801 1697 1972 1752 Abra-

2059 600 2343 671 leguntur:
2372 606 2466 661 sed
2501 615 2689 661 contra
2720 608 2919 677 potius,
2948 625 3109 663 unam
3126 614 3483 684 eamdemque
3515 630 3640 670 esse

2060 695 2410 761 sententiam,
2436 698 2504 752 ab
2527 715 2632 752 uno
2666 700 2857 769 spiritu
2886 701 3148 770 prolatam
3173 718 3186 754 :
3215 706 3390 773 primo
3419 707 3638 774 quidem

2062 785 2128 840 de
2158 786 2260 840 ﬁde
2295 788 2618 857 baptismum
2656 793 3016 860 praecedente,
3055 811 3175 865 qua:
3220 813 3324 850 tina
3376 814 3439 853 ac
3487 799 3640 854 brevi

2064 883 2407 938 confessione
2430 895 2683 938 contenta
2711 886 2829 940 sine
2864 903 3029 955 opere
3083 904 3207 943 eum
3254 889 3518 957 justiﬁeat
3548 891 3640 960 qui

2063 971 2129 1023 ad
2158 970 2430 1028 lavacrum
2487 977 2669 1030 venit:
2717 993 2950 1046 namque
2981 980 3095 1047 ipse
3150 978 3452 1049 baptismns
3508 982 3644 1035 satis

2064 1074 2149 1119 est
2170 1066 2237 1120 ad
2261 1066 2514 1130 salutem,
2546 1069 2589 1122 si
2615 1069 2738 1138 quis
2761 1069 2903 1124 illico
2926 1085 2956 1124 e
2992 1071 3194 1125 mundo
3225 1072 3522 1142 demigret;
3554 1087 3644 1126 se-

2065 1159 2245 1213 cundo
2274 1167 2453 1212 autem
2476 1161 2543 1214 de
2569 1160 2670 1213 alia
2700 1160 2826 1224 ﬁde,
2853 1175 2974 1231 qua:
2994 1163 3324 1232 baptismum
3358 1165 3646 1232 subsequi-

2068 1262 2176 1318 tur,
2209 1266 2438 1323 quteque
2471 1251 2732 1308 bonorum
2763 1268 2988 1324 Operam
3033 1257 3400 1310 ostensionetu
3456 1268 3647 1324 postu-

2068 1344 2163 1410 lat,
2188 1354 2352 1413 atqne
2375 1344 2656 1400 hominem
2691 1347 2757 1399 ad
2785 1346 3057 1401 excelsum
3090 1348 3441 1416 perfectionis
3466 1348 3647 1417 digni-

2069 1439 2304 1507 tatisque
2331 1438 2555 1506 gradum
2580 1438 2781 1493 evehit.
3038 1504 3044 1509 _

2142 1531 2295 1598 Quod
2331 1542 2508 1584 autem
2535 1533 2673 1596 apud
2706 1532 3041 1587 l‘lzeclticlent
3063 1532 3380 1601 prophetam
3410 1530 3646 1586 dicitur:

2073 1621 2265 1679 Omnia
2289 1638 2457 1694 genua
2490 1625 2776 1677 manabunt
2809 1625 3054 1691 aquis“;
3094 1625 3147 1679 id
3177 1624 3231 1677 in
3260 1622 3449 1679 Cresco
3465 1638 3653 1678 exem-

2072 1717 2209 1791 plari
2234 1718 2313 1772 sic
2332 1717 2592 1771 habetur:
2626 1714 2820 1769 Omnia
2842 1715 3045 1784 femora
3075 1715 3377 1783 polluantur
3396 1714 3654 1779 humore;

398 1805 618 1858 hamum
649 1800 1004 1871 iustiﬁcatam
1058 1797 1227 1852 fuisse
1278 1810 1342 1849 ex
1398 1795 1503 1848 ﬁde
1546 1793 1671 1847 sine’
1691 1791 1968 1862 operibus,

2086 1821 2130 1865 et
2159 1812 2225 1865 de
2259 1809 2571 1878 pestilentia
2607 1809 2806 1861 dicitur
2855 1806 2990 1876 (l5).
3045 1805 3342 1875 Aptissime
3370 1805 3536 1875 igitur
3583 1804 3654 1858 de

396 1899 521 1949 dum
559 1895 735 1949 adhuc
762 1894 813 1948 in
848 1893 1114 1960 prchutio
1142 1896 1269 1944 ante
1320 1887 1796 1942 circnmcisionem
1848 1898 1975 1939 ver-

394 2000 647 2044 saretur:
686 1998 846 2056 atque
887 1987 957 2039 ita
1007 1982 1404 2038 confessionem
1453 1987 1581 2033 ante
1644 1979 1972 2046 baptismqu

395 2081 517 2136 sine
550 2080 806 2149 cperihns
858 2075 1273 2132 demonstravit.
1333 2071 1535 2127 Scribit
1580 2070 1726 2125 enim
1757 2070 1824 2121 ad
1868 2065 1979 2121 llo-

398 2187 621 2226 manus:
696 2170 950 2237 lleputata
1002 2176 1079 2221 est
1108 2166 1192 2220 illi
1221 2165 1351 2234 ﬁdes
1381 2164 1496 2234 ejus
1546 2163 1616 2215 ad
1635 2161 1907 2230 justitiam
1930 2155 1974 2212 ⁸.

395 2261 721 2330 Quomodo?
750 2276 855 2314 non
892 2260 944 2313 in
970 2257 1407 2320 circumcisione,
1448 2255 1542 2309 sed
1586 2255 1640 2307 in
1693 2252 1976 2321 praeputio.

394 2354 609 2426 Quippe
642 2370 746 2408 non
787 2355 996 2424 negavit
1032 2351 1404 2405 testiinonium
1431 2342 1656 2416 Moysis,
1690 2347 1778 2415 qui
1813 2346 1977 2399 Deum

399 2450 712 2505 Abrahamo
744 2448 1012 2503 dicentem
1047 2446 1256 2499 inducit
1283 2461 1297 2497 :
1331 2434 1549 2508 Suspice
1578 2439 1762 2493 cotlum
1803 2444 1853 2492 et
1881 2453 1979 2490 nu-

398 2557 543 2596 mera
577 2540 773 2603 stellas,
805 2539 852 2593 si
901 2547 1042 2593 certe
1091 2546 1238 2605 potes
1269 2551 1360 2589 eas
1408 2547 1711 2589 numerare.
1775 2529 1978 2597 Aitque

401 2633 502 2701 ipsi
541 2651 555 2687 :
595 2631 686 2687 Sic
713 2632 810 2686 erit
839 2647 1013 2685 semen
1040 2641 1211 2684 tuum.
1261 2627 1498 2682 Credidit
1526 2626 1797 2679 Abraham
1848 2623 1979 2687 Deo,

399 2735 450 2776 et
489 2733 784 2790 reputatum
812 2731 886 2775 est
920 2721 1004 2774 illi
1027 2721 1095 2773 ad
1116 2721 1388 2789 justitiam
1421 2717 1465 2749 ¹⁰

475 2813 707 2869 Jacobus
736 2813 938 2880 pariter
968 2813 1155 2866 eodem
1190 2811 1501 2862 Abrahamo
1525 2807 1711 2870 utitur,
1736 2805 1846 2874 iam
1876 2805 1984 2859 cir-

405 2904 667 2969 cumciso,
703 2918 806 2957 non
846 2911 1026 2956 autem
1082 2900 1342 2955 retinenti
1377 2899 1724 2968 przeputinm,
1782 2906 1842 2950 nt
1889 2898 1985 2951 de-

408 3005 674 3050 monstret
736 2995 891 3049 ﬁlcm
922 3003 1042 3063 post
1077 2992 1405 3062 baptismum
1456 3005 1560 3043 non
1610 2991 1731 3044 sine
1759 3002 1983 3058 operum

406 3087 673 3142 cantitata
707 3087 938 3141 salvere.
995 3085 1158 3153 quue
1186 3100 1250 3138 ex
1287 3086 1401 3150 ejus
1425 3084 1631 3151 scripto
1658 3095 1986 3151 cognowcrc

2080 1907 2182 1962 hac
2216 1912 2486 1972 postrema
2514 1903 2652 1957 dixit
2674 1899 2949 1956 lacubus:
2984 1897 3068 1952 Ex
3095 1899 3336 1968 operibus
3363 1896 3497 1967 ﬁdes
3537 1910 3663 1965 pere
3725 1953 3730 1959 .

2077 1997 2289 2070 ﬁcitur;
2323 2012 2447 2050 nam
2476 1997 2692 2065 sapiens
2708 2007 2924 2064 quoque
2947 1991 3147 2047 Paulus
3175 1990 3366 2045 eadem
3396 1988 3527 2044 alibi
3550 1986 3656 2043 do-

2080 2100 2186 2152 cet.
2212 2092 2356 2160 quod
2390 2103 2581 2155 nempe
2607 2087 2738 2141 ﬁdes
2771 2101 2834 2141 ex
2864 2084 3121 2155 operibus
3149 2081 3488 2152 perﬁciatur.
3545 2076 3658 2133 Ga-

2081 2188 2202 2242 latae
2224 2191 2476 2252 suscepto
2498 2180 2788 2248 baptismo,
2815 2186 2868 2232 et
2907 2192 3004 2246 per
3025 2174 3286 2243 Spiritum
3320 2172 3462 2226 inter
3515 2168 3659 2223 illius

2082 2278 2178 2333 Dei
2225 2273 2494 2331 numerati
2527 2274 2592 2325 ad
2639 2269 2983 2325 Judaismum
3023 2274 3196 2321 semet
3269 2268 3661 2319 converterunt

2081 2371 2253 2426 ascita
2285 2364 2724 2429 circumcisione,
2779 2377 2915 2415 vana
2947 2374 3042 2428 spe
3096 2357 3268 2423 ducti,
3325 2355 3441 2409 fore
3496 2360 3558 2407 ut
3594 2350 3662 2405 de

2081 2464 2304 2520 Christo
2343 2458 2536 2516 melius
2560 2468 2901 2512 mererentur
2926 2452 2973 2506 si
2994 2450 3382 2521 pncputiorum
3421 2445 3663 2501 circum-

2084 2556 2348 2610 cisionem
2389 2552 2665 2606 fecissent.
2729 2547 2881 2612 Quod
2932 2546 2985 2599 in
3018 2598 3027 2612 ,
3062 2542 3196 2612 ipsis
3260 2538 3664 2609 reprehendens

2086 2647 2396 2719 Apostolus,
2429 2645 2502 2699 ita
2534 2641 2783 2711 scripsit:
2840 2637 2979 2693 Nam
3006 2639 3061 2691 in
3088 2635 3299 2691 Christo
3325 2633 3456 2688 .lesu
3501 2645 3668 2700 neque

2087 2740 2420 2796 circumcisio
2446 2753 2611 2805 neque
2643 2732 2959 2803 pra-patiam
2995 2728 3201 2798 prodest
3232 2726 3543 2797 quidquam,
3574 2721 3667 2778 sed

2086 2832 2220 2902 fides
2253 2846 2369 2899 quia
2399 2828 2658 2882 charitate
2695 2821 3051 2894 perﬁcitur“.
3118 2814 3196 2873 Ex
3228 2819 3315 2874 his
3341 2818 3508 2885 igitur
3543 2829 3671 2901 rer-

2088 2889 2170 2980 bis
2205 2936 2394 2977 rursus
2419 2928 2631 2974 constat
2683 2889 2841 2970 ﬁdem
2872 2914 3146 2983 baptismo
3170 2910 3529 2979 posteriorem
3561 2889 3673 2959 uti-

2088 3016 2191 3070 lem
2222 3028 2367 3074 esse,
2424 3010 2733 3076 hominique
2782 3007 3012 3061 salutem
3064 3000 3404 3068 alien-re,qni
3455 3011 3671 3054 cumea

2092 3106 2413 3162 charitatem
2438 3101 2754 3170 coniungat,
2791 3100 2952 3167 eique
3003 3092 3260 3164 operibus
3310 3089 3670 3146 obsecundet.

407 3193 695 3249 possumus
728 3219 743 3242 ,
797 3180 938 3246 quod
967 3178 1041 3232 ita
1084 3192 1142 3230 se
1196 3176 1393 3231 habet:
1431 3175 1523 3229 Vis
1559 3182 1738 3228 autem
1776 3173 1928 3237 scire,
1958 3189 1983 3223 ο

2091 3199 2222 3267 Qua:
2252 3198 2362 3252 sint
2392 3205 2569 3249 autem
2600 3190 2886 3246 cbaritatis
2916 3202 3100 3257 opera,
3125 3187 3269 3240 idem
3312 3182 3510 3238 Paulus
3540 3181 3668 3235 sub-

409 3269 583 3331 homo,
622 3271 762 3337 quod
787 3269 918 3335 ﬁdes
950 3266 1143 3336 absque
1168 3266 1410 3331 operibus
1441 3278 1647 3319 mortua
1678 3275 1751 3318 est
1773 3265 1799 3316 .9
1832 3261 1990 3317 Pater

406 3368 588 3414 noster
619 3359 885 3412 Abraham
909 3374 974 3412 es:
1003 3359 1244 3426 operibus
1269 3356 1604 3426 jitsliﬁcatus
1634 3365 1733 3421 est,
1762 3354 1990 3425 oﬁ'erens

413 3450 574 3506 Isaac
602 3452 771 3521 ﬁliam
806 3468 956 3504 suun-
1010 3450 1065 3504 in
1116 3450 1507 3503 holocaustum.
1592 3448 1781 3501 Vidisti
1829 3447 1989 3515 ﬁdem

407 3546 719 3614 adjumento
749 3545 914 3614 fuisse
969 3543 1134 3610 ipsius
1174 3542 1442 3611 operibus,
1488 3540 1717 3609 atquein
1749 3536 1991 3605 operibus

412 3640 696 3711 perfectam
729 3637 894 3705 fuisse
912 3651 931 3690 :
959 3647 1006 3689 et
1031 3634 1249 3703 impleta
1275 3644 1348 3686 est
1374 3632 1652 3700 Scriptura
1689 3648 1804 3700 qua:
1821 3631 1951 3684 dicit
1973 3646 1991 3683 :

414 3728 653 3784 Credidit
690 3728 954 3780 Abraham
991 3724 1116 3787 Deo,
1142 3725 1618 3777 etadnumeratum
1666 3729 1744 3774 est
1795 3719 1876 3772 illi
1921 3719 1992 3771 ad

404 3822 698 3894 justitiam,
726 3828 775 3871 et
806 3818 1010 3870 amicus
1036 3815 1149 3884 ejus
1181 3823 1396 3868 vocatus
1429 3825 1501 3867 est
1525 3812 1589 3868 “.
1655 3810 1877 3880 Lt‘geuti
1931 3809 1995 3862 lio

416 3915 545 3967 hros
599 3912 863 3967 Mosaicos
896 3926 1121 3979 pronum
1163 3917 1244 3963 est
1289 3907 1595 3977 intelligere
1649 3921 1714 3959 ex
1771 3904 1994 3970 Genesi,

413 4006 783 4062 Ahrahamum
815 4012 933 4074 post
976 4002 1449 4058 circumcisionem
1500 3998 1764 4055 obtulisse
1822 3998 1992 4053 lsaaci

417 4098 820 4159 holocaustum,
851 4096 1052 4165 Deique
1097 4094 1410 4148 mandatum
1455 4101 1792 4155 exsecutum,
1829 4104 1998 4158 seque

409 4192 673 4260 operibus
698 4188 1060 4256 justiﬁcasse;
1090 4197 1254 4255 atque
1285 4186 1356 4239 ita
1398 4184 1555 4240 nobis
1588 4183 1711 4238 ﬁdei
1767 4166 1996 4253 ﬁguram

413 4283 690 4350 baptismo
716 4280 1032 4349 posterioris
1062 4277 1398 4340 exhibuisse,
1432 4291 1552 4346 quae
1603 4285 1690 4329 est
1717 4274 2003 4329 circumci-

414 4373 504 4429 sio
540 4373 783 4443 quaedam
837 4370 1136 4432 rationalis,
1189 4369 1448 4440 operibus
1507 4368 1782 4421 hominem
1831 4365 1999 4433 justi-

2085 3289 2299 3362 jnugit:
2362 3285 2608 3344 Charitas
2631 3282 2948 3351 longanimis
2971 3289 3072 3342 est,
3099 3277 3321 3347 benigna
3352 3284 3452 3339 est,
3497 3272 3675 3325 chari-

2093 3395 2177 3437 tas
2212 3396 2313 3435 non
2338 3375 2558 3441 int-idet,
2583 3393 2686 3431 non
2719 3384 2797 3429 est
2832 3370 3158 3431 turbulenta,
3198 3365 3510 3437 pudibunda
3573 3371 3674 3428 est,

2092 3492 2196 3529 non
2229 3472 2488 3541 superbit,
2511 3486 2616 3523 non
2643 3466 2832 3536 quam't
2860 3481 2978 3534 qua:
3000 3479 3101 3518 sua
3149 3471 3294 3524 sunt,
3349 3475 3453 3512 non
3486 3455 3675 3510 irasci-

2091 3578 2200 3630 tur,
2242 3581 2406 3635 neque
2436 3563 2633 3632 cogitat
2659 3559 2888 3612 malum:
2918 3573 3023 3609 non
3063 3553 3359 3608 delectatur
3401 3547 3677 3613 violentia,

2092 3662 2183 3715 sed
2217 3659 2410 3730 gaudet
2441 3657 2701 3711 veritate:
2734 3654 2915 3706 omnia
2959 3658 3160 3719 sperat,
3211 3646 3386 3699 omnia
3435 3642 3665 3711 excipit,

2093 3753 2324 3806 charitas
2365 3764 2469 3803 non
2501 3746 2694 3801 excidit
2731 3740 2987 3798 subito“.
3037 3741 3213 3807 Atque
3262 3736 3379 3790 h;ec
3431 3734 3497 3787 ad
3534 3731 3672 3786 diri~

2093 3842 2325 3913 gentiam
2359 3853 2604 3909 operam,
2662 3835 2929 3897 laborem,
2980 3830 3344 3895 sudoremque
3393 3822 3675 3879 hominum
3734 3892 3738 3896 ‘

2096 3937 2372 3998 dicuntur,
2426 3938 2484 3984 ut
2541 3928 2917 3984 hzcreditatetn
2975 3921 3376 3990 adipiscantur,
3426 3925 3481 3970 et
3540 3913 3677 3969 salvi

2098 4027 2253 4089 ﬁant,
2284 4026 2329 4079 si
2368 4022 2490 4078 ﬁdei
2531 4019 2759 4073 ﬁrmiter
2789 4017 3127 4070 adhaereant.
3200 4011 3332 4077 Quis
3379 4023 3508 4063 vero
3564 4007 3682 4061 lucc

2099 4127 2341 4189 spernat,
2380 4104 2817 4185 quandoquidem
2874 4107 3136 4161 Dominus
3183 4105 3298 4172 ipse
3352 4111 3537 4157 noster
3576 4099 3682 4163 ait,

2101 4212 2163 4269 Si
2192 4210 2419 4278 diligitis
2447 4223 2550 4272 me,
2581 4204 2836 4258 mandata
2868 4216 2981 4254 mea
3015 4208 3216 4253 serrate
3244 4195 3310 4251 ίτ.
3380 4197 3457 4249 Ac
3508 4191 3679 4248 veluti

2098 4317 2273 4359 sacrze
2300 4299 2519 4354 Littera:
2544 4293 2843 4362 Patresquc
2886 4287 3056 4343 nostri
3097 4283 3425 4341 concordem
3469 4292 3685 4348 semper

2105 4395 2410 4451 doctrinam
2440 4390 2596 4445 nobis
2617 4385 2999 4447 tradiderunt;
3050 4380 3128 4434 sic
3170 4378 3335 4433 etiam
3369 4375 3509 4429 hanc
3536 4385 3684 4441 quaa-

419 4465 612 4563 ξωηῶ
658 4463 871 4563 {meum}
892 4462 1161 4563 fﬁript‘im
1198 4471 1316 4515 es”
1348 4460 1702 4563 cum"ny
1729 4468 1803 4512 πί
1830 4457 2003 4563 ἐγὼ
2037 4507 2081 4563 ι)
2109 4476 2339 4547 stionem
2366 4485 2553 4540 eadem
2604 4493 2826 4550 prorsus
2852 4472 3146 4530 concordia
3183 4485 3282 4525 nos
3346 4467 3680 4529 docuerunt;

418 4557 546 4612 itam
582 4566 632 4611 et
657 4553 858 4609 Ismael
878 4554 1024 4623 ﬁlius
1058 4554 1192 4623 ejus,
1225 4562 1274 4607 et
1299 4569 1477 4608 omnes
1502 4554 1601 4607 viri
1626 4554 1810 4605 domus
1834 4550 2000 4616 illius,

415 4659 527 4701 tam
561 4647 830 4703 vernaculi
869 4648 1008 4715 ejus,
1049 4662 1209 4716 quam
1240 4645 1400 4714 empti
1449 4656 1668 4714 argento
1723 4645 1893 4715 ipsius
1938 4659 2004 4699 ea:

419 4741 662 4811 gentibus
690 4738 1000 4807 alienigenis
1024 4737 1091 4792 “.
1148 4734 1273 4791 Post
1300 4738 1415 4792 hac
1451 4749 1628 4791 autem
1668 4737 1809 4792 Deus
1832 4739 2003 4791 Abra-

422 4836 642 4886 batnum
674 4840 890 4885 tentans
920 4832 1029 4885 ait:
1072 4829 1220 4884 Tolle
1265 4830 1440 4898 ﬁlium
1466 4839 1637 4895 tuum,
1684 4846 1836 4899 quem
1868 4830 2000 4885 dili-

418 4923 525 4995 gis,
561 4918 742 4984 Isaac,
776 4931 825 4975 et
857 4920 984 4974 vade
1003 4922 1057 4974 in
1091 4920 1350 4990 regionem
1379 4920 1658 4984 excelsam,
1682 4922 1859 4991 ibique
1872 4922 2004 4993 ole-

421 5032 507 5068 res
539 5031 656 5068 eum
691 5014 1053 5067 holocaustum
1082 5012 1146 5066 ¹³.
1208 5012 1350 5081 Ergo
1403 5014 1836 5068 demonstratum
1891 5026 1995 5079 est,

420 5119 769 5174 nequaquam
810 5103 911 5156 sibi
957 5102 1334 5157 contradicere
1393 5117 1569 5171 neque
1622 5104 1996 5172 aposmlorum

497 5227 716 5299 "Egol.
750 5227 947 5299 tV._92.
1025 5228 1046 5259 ⁸
1069 5227 1273 5299 Coloss.
1303 5243 1367 5299 ιι.
1400 5227 1487 5299 Η.
1534 5229 1618 5284 ΓΞ.
1686 5232 1707 5263 ⁹
1734 5231 1895 5287 Rom.
1930 5249 2005 5299 tv,

418 5297 517 5358 26.
547 5297 638 5353 27.
745 5298 788 5329 “
810 5297 949 5352 Gen.
978 5314 1114 5356 χχιι,
1146 5299 1200 5351 2.
1242 5294 1259 5307 ‘
1302 5298 1347 5331 “
1375 5298 1574 5353 Ezech.
1626 5316 1722 5355 vn.
1774 5302 1864 5358 Π.

499 5421 612 5493 (Ιὸ)
652 5420 779 5476 llaec
812 5420 1081 5489 ,pericopa
1131 5420 1306 5493 aliena
1355 5420 1473 5476 sine
1521 5419 1686 5493 dubio
1727 5440 1756 5476 ιι
1815 5424 2001 5479 Severi

424 5491 705 5561 proposito
754 5504 859 5553 cst,
924 5503 1085 5559 atque
1140 5491 1323 5560 aliquo
1368 5504 1557 5544 errore
1622 5491 1892 5558 obtrusa;
1953 5505 2008 5548 et

430 5566 644 5628 qudem
677 5563 730 5616 in
773 5562 880 5614 alio
920 5562 1107 5616 codice
1139 5561 1367 5631 Syriaco
1402 5561 1674 5628 relegatur
1708 5564 1773 5616 ad
1803 5564 2006 5632 margi-

430 5649 574 5689 nem.

502 5705 610 5773 (16)
642 5701 764 5757 llaec
795 5713 1002 5773 tantum
1042 5703 1295 5769 pericopa
1347 5700 1540 5773 legitur
1582 5701 1884 5773 itrcodice.
1912 5699 2012 5756 Se-

430 5771 674 5843 q'tuntur
714 5784 896 5826 atttctn
933 5771 1154 5828 ibidem.
1194 5773 1246 5825 iu
1286 5771 1528 5827 utiscello
1562 5771 1771 5828 scilicet
1794 5774 2007 5834 codice,

488 5868 568 5930 (et)
604 5866 727 5917 Vide
760 5881 905 5929 supra
929 5869 1021 5916 col.
1058 5864 1187 5916 1187.

1941 5295 2000 5337 ¹³’
2015 5298 2197 5357 Galat.
2232 5315 2308 5361 rt,
2343 5295 2428 5348 13.

2108 4581 2212 4638 nisi
2241 4581 2380 4634 forte
2415 4572 2582 4642 aliqui
2639 4582 2875 4625 erroneo
2925 4566 3085 4621 modo
3136 4563 3343 4633 legunt,
3367 4568 3422 4613 et
3476 4557 3686 4626 impru-

2103 4674 2294 4729 denter
2321 4666 2653 4732 intelligunt.
2717 4659 2993 4714 Hactenus
3060 4669 3160 4724 ego
3222 4649 3500 4707 dilectioni
3558 4655 3682 4708 tuae,

2103 4772 2265 4836 prout
2290 4758 2522 4817 cilicium
2547 4754 2985 4809 Christianorum
3014 4756 3122 4810 est,
3142 4745 3441 4814 prudenter
3462 4735 3685 4806 scripsi.

2171 4855 2369 4910 Africae
2416 4846 2692 4920 provincia
2728 4842 3014 4916 (Romam)
3056 4837 3400 4907 protenditur
3430 4833 3481 4885 in
3522 4830 3686 4884 latum

2107 4958 2443 5019 parasangas
2483 4939 2705 4995 circiter
2750 4932 3166 5006 quinquaginta,
3221 4930 3272 4980 in
3326 4939 3502 4994 caque
3561 4927 3691 4974 sunt

2108 5012 2276 5097 urbes
2303 5012 2425 5108 plus
2456 5030 2589 5099 I59;
2617 5032 2778 5083 sedes
2830 5034 3011 5079 autem
3041 5020 3188 5091 regni
3227 5017 3503 5085 Carthago
3548 5012 3688 5085 (16).

2035 5231 2091 5288 3.
2170 5229 2211 5263 ¹⁰
2237 5227 2373 5282 Gen.
2408 5237 2493 5281 \‘v,
2616 5218 2669 5269 ϐ.
2713 5214 2753 5245 ”
2782 5213 2897 5266 Jac.
2940 5224 2998 5288 tt,
3031 5207 3101 5288 (Ξο
3301 5203 3345 5236 ts
3370 5202 3508 5257 Ge".
3549 5216 3684 5288 “zu.

2531 5271 2619 5340 (θί
2653 5286 2779 5340 [ὶιιτ.
2810 5295 2931 5342 xttt,
2967 5278 3087 5332 4-8.
3163 5275 3206 5306 ⁸⁷
3235 5272 3404 5335 Joan-
3435 5286 3550 5335 κεν.
3597 5271 3686 5324 “3-

2105 5423 2209 5477 aiia
2241 5416 2488 5489 quaedam
2520 5411 2584 5463 de
2610 5407 2794 5488 [luitur
2851 5399 3150 5489 oriulipihus
3185 5406 3239 5451 et
3289 5392 3692 5489 adificiisqut‘e

2577 5463 2969 5537 edidimus,sed
2991 5469 3175 5522 Latina
3201 5483 3305 5522 non
3342 5463 3689 5563 iecimusju),

2188 5562 2191 5563 ,
2282 5556 2319 5563 _
2398 5556 2409 5563 .
2501 5552 2512 5562 .
2601 5547 2622 5563 ι-
2658 5559 2665 5563 .
2751 5561 2760 5563 -
2811 5558 2909 5563 μ---
2959 5537 3389 5563 -..:-.:.......:......~
3478 5533 3558 5563 ‘ms
3606 5550 3662 5563 ν..

2601 5547 2765 5623 fetum
2798 5533 3415 5623 Διιὸιι-ιξιιίξίίιιιιιιῖίιιιιιξεἲ
3448 5533 3693 5623 fite-terp-

2275 5604 2440 5679 multa
2478 5613 2903 5694 alia_d_eper.llt:e
2932 5606 3218 5694 zacharizc
3248 5605 3426 5694 nostri
3449 5604 3692 5694 historiae

2111 5672 2595 5766 i‘,‘;;g..;g.‘;i;{apmt
2632 5672 2941 5755 Eragrium,
2969 5680 3062 5735 lib.
3091 5693 3132 5734 tt
3168 5686 3224 5732 et
3256 5691 3337 5742 ut,
3366 5672 3556 5729 Grece
3589 5673 3689 5743 legi

2108 5774 2333 5840 quicum.
