4070 6394
344 361 482 428 Ῑῖἓῖι

1232 368 1602 429 HISTORIA
1644 364 1976 428 CONCILIJ
2020 364 2328 427 NlCdﬁNI.
2372 392 2439 400 —
2480 368 2629 426 LIB.
2673 367 2723 426 Ι.

3488 356 3622 423 1194

340 476 484 531 κατὰ
508 474 616 529 τῶν
649 477 940 547 μοχθηρῶν
972 478 1066 532 καὶ
1111 476 1327 531 ἀσεϐῶν
1357 479 1649 548 δογμάτων
1683 476 1778 531 τοῦ
1811 477 1932 530 θεο-

2062 477 2183 530 tudo
2219 476 2388 539 dicta,
2424 476 2565 530 facta
2602 484 2655 530 ct
2682 474 2981 530 constituta
3011 468 3618 542 hierant,jampriuem,

344 568 520 637 μάχου
563 568 774 638 Ἀρείου
798 585 809 596 ·
844 568 1023 623 πάντα
1059 569 1127 621 τὰ
1162 572 1218 622 ἐν
1256 569 1441 642 ἐκείνῃ
1468 572 1535 639 τῇ
1567 569 1808 637 ἐναρέτῳ
1835 571 1932 621 καὶ

343 659 477 729 ἁγίᾳ
507 659 713 730 συνόδῳ
743 660 1000 730 λεχθέντα
1028 677 1088 713 τε
1136 662 1229 713 καὶ
1263 660 1577 732 πραχθέντα
1615 661 1710 713 καὶ
1741 660 1930 714 διατυ-

343 752 599 805 πωθέντα
631 753 798 806 πάλαι
823 771 883 806 τε
914 754 1009 807 καὶ
1050 753 1329 825 πρόπαλαι
1366 753 1635 820 ἀναγνοὺς
1672 751 1755 804 ἐτι
1778 753 1835 803 ὲν
1863 754 1931 822 τῇ

346 843 578 916 πατρῴᾳ
601 846 749 917 οίκίᾳ
767 846 987 915 διάγων,
1008 846 1261 918 εὑρηκὼς
1278 843 1419 899 αὐτᾶ
1441 847 1498 898 ὲν
1521 842 1692 915 βίϐλῳ
1708 846 1933 913 ἀρχαιο-

346 939 484 1010 τάτῃ
510 939 942 1010 ἐγγεγραμμένα
964 940 1021 991 ἐν
1051 940 1399 1011 μεμϐράναις
1447 937 1666 992 ἅπαντα.
1720 939 1937 1006 ἀπαρα-

345 1029 581 1094 λείπτως
598 1032 851 1101 ἐχούσαις
868 1049 882 1062 ο
909 1033 1213 1103 γενομένης
1236 1032 1333 1101 μὲν
1358 1030 1454 1084 τοῦ
1477 1029 1626 1084 θείου
1653 1030 1747 1084 καὶ
1767 1028 1930 1082 ἀοιδίι

350 1140 454 1192 μου
465 1122 571 1175 Δαλ
578 1140 683 1193 ματ
693 1123 770 1176 ίου
788 1124 883 1176 τοῦ
901 1124 1330 1194 άρχιεπισκόπου
1347 1124 1639 1194 γενομένου
1654 1123 1754 1191 τῆς
1776 1122 1937 1188 ἁγίας

349 1213 446 1266 καὶ
471 1212 767 1283 καθολικῆς
800 1214 1130 1284 Ἐκκλησίας
1169 1214 1269 1284 τῆς
1298 1214 1410 1267 τῶν
1437 1212 1766 1283 Κυζικηνῶν
1792 1211 1937 1281 λαμ-

349 1306 495 1374 πρᾶς
522 1306 929 1377 μητροπόλεως,
964 1306 1359 1379 περιελθούσης
1384 1306 1439 1359 δὲ
1467 1307 1546 1369 εἰς
1568 1305 1660 1357 τὸν
1686 1304 1780 1358 τοῦ
1806 1321 1937 1357 ποτε

346 1400 624 1469 ἡμετέρου
656 1399 808 1452 οἴκου
843 1399 1133 1469 δεσπότην,
1168 1398 1312 1468 λέγω
1343 1399 1408 1466 δὴ
1461 1398 1553 1451 τὸν
1588 1397 1727 1451 κατὰ
1760 1398 1940 1469 σάρκα

345 1492 566 1562 πατέρα
593 1491 746 1562 ἐμὸν,
764 1493 864 1560 τῆς
891 1492 1062 1563 αὐτῆς
1097 1492 1411 1561 ἁγιωτάτης
1426 1490 1757 1562 Ἐκκλησίας
1807 1507 1942 1561 πρες

346 1583 643 1654 σϐυτερίου
672 1584 996 1655 ἠξιωμένον.
1020 1578 1202 1658 ᾞτινι
1218 1585 1341 1655 ίερᾷ
1367 1583 1537 1655 βίϐλῳ
1563 1583 1822 1654 ἐντυχὼν,
1848 1585 1942 1636 καὶ

349 1675 552 1747 σχολὴν
585 1676 790 1747 πολλὴν
835 1679 894 1730 ἐν
930 1678 1069 1748 αὐτῇ
1121 1678 1520 1747 ποιησάμενος,
1576 1677 1672 1729 ἐπὶ
1718 1675 1942 1746 μνήμης

352 1772 460 1840 μὲν
485 1771 674 1841 φέρειν
705 1770 884 1825 πάντα
914 1772 1013 1843 οὐχ
1041 1767 1152 1835 οἶός
1184 1789 1246 1825 τε
1275 1772 1455 1844 ἥμην·
1487 1770 1608 1823 οὐδὲ
1629 1770 1738 1841 γάρ
1768 1771 1833 1824 ἄν
1860 1787 1944 1833 τις

2042 581 2165 621 cum
2205 569 2386 622 adhuc
2435 569 2487 621 in
2520 577 2747 638 paterna
2774 568 2936 622 domo
2970 566 3136 620 vitam
3168 566 3441 635 degerem,
3494 563 3622 634 legi,

2044 673 2168 712 cum
2200 659 2287 711 illa
2319 659 2649 713 invenissem
2681 660 2733 712 in
2780 658 3164 728 antiquissimo
3195 658 3333 711 libro
3364 655 3415 711 in
3452 672 3612 709 mem-

2040 752 2231 807 branis
2260 752 2418 821 plane
2466 752 2695 823 integris
2749 752 3042 822 descripta,
3074 752 3166 821 qui
3216 749 3317 804 fuit
3363 748 3528 805 divini
3576 757 3626 801 et

2044 843 2276 898 celebris
2305 844 2576 910 Dalmatii,
2606 845 2658 898 in
2694 843 2891 899 illustri
2920 841 3315 915 Cyzicenorunt
3346 839 3627 909 metropoli

2050 947 2255 990 sanctae
2309 946 2475 1008 alque
2544 939 2828 994 catholicae
2880 939 3136 993 Ecclesia:
3186 936 3629 1007 archiepiscOpi;

2045 1030 2248 1098 quique
2279 1031 2498 1084 tandem
2525 1030 2591 1084 ad
2611 1030 2830 1085 familia:
2863 1041 3065 1087 nostra:
3089 1031 3365 1087 dominum
3393 1029 3629 1089 devenit,

2047 1133 2257 1192 patrem
2290 1123 2414 1177 dico
2450 1141 2627 1178 meum
2664 1125 2960 1179 secundum
2993 1139 3243 1188 carnem,
3275 1122 3500 1193 dignum
3538 1121 3637 1175 ba-
3711 1168 3716 1173 .

2049 1215 2221 1270 bitum
2286 1216 2378 1286 qui
2436 1217 2490 1271 in
2547 1218 2794 1272 ordinent
2877 1220 3318 1290 presbyterorum
3390 1213 3633 1282 ejusdem

2048 1306 2307 1362 Ecclesia:
2344 1320 2715 1380 coeptaretur.
2746 1312 2805 1364 lu
2832 1327 2991 1381 quem
3024 1326 3240 1366 sacrum
3275 1309 3473 1364 librum
3504 1322 3629 1360 cum

2006 1394 2009 1397 ’
2049 1396 2385 1465 incidissem,
2418 1400 2759 1470 multumque
2797 1403 2941 1456 ineo
2979 1402 3283 1472 posuissem
3311 1398 3498 1462 studii,
3536 1412 3635 1451 nec

2051 1491 2348 1559 pomissem
2400 1492 2665 1547 memoria
2719 1494 2900 1547 omnia
2964 1495 3201 1547 retinere
3253 1491 3437 1563 (nemo
3491 1491 3633 1544 enim

2052 1581 2332 1636 hominum
2369 1584 2695 1639 immensum
2731 1586 2865 1639 illud
2900 1602 3051 1641 mare
3078 1586 3260 1640 omnia
3308 1600 3430 1656 qua:
3476 1585 3529 1637 in
3572 1602 3637 1634 cn

2052 1673 2513 1742 recondebantnr,
2543 1677 2859 1731 memoriter
2886 1677 2938 1731 in
2963 1693 3059 1733 ore
3093 1677 3293 1732 habere
3343 1674 3636 1746 poterit‘).

2052 1764 2285 1833 plurima
2338 1766 2595 1820 annotavi
2651 1776 2965 1822 sanctorum
3026 1777 3333 1821 nostrorum
3390 1763 3636 1823 Patrum.

348 1862 664 1934 ἀνθρώπων
690 1865 752 1918 τὸ
791 1865 1000 1934 ἄρρατον
1036 1867 1217 1918 ἐκεῖνο
1258 1864 1497 1932 πέλαγος
1541 1863 1652 1917 τῶν
1700 1863 1759 1916 ἐν
1804 1862 1945 1935 αὑτῇ

2057 1869 2204 1908 same
2226 1856 2491 1911 doctrinae
2511 1857 2889 1928 episcoporum
2920 1858 3198 1927 dogmata,
3223 1870 3449 1926 quaeque
3478 1856 3638 1909 iitlen.

354 1956 699 2027 ἐγκειμένων
745 1959 838 2010 ἐπὶ
875 1959 1099 2028 μνήμης
1122 1957 1213 2011 διά
1259 1959 1528 2028 στόματος
1569 1958 1759 2027 φέρειν
1791 1955 1948 2027 δυνη-

352 2048 478 2117 θείη
500 2063 517 2078 ο
537 2049 763 2103 πλεῖστά
785 2066 842 2102 τε
872 2051 974 2103 ὅσα
998 2049 1462 2121 έπεσημηνάμην,
1491 2051 1561 2102 τά
1585 2065 1646 2101 τε
1673 2048 1782 2102 τῶν
1800 2048 1952 2119 ,ἠμε-

351 2140 533 2212 τέρων
566 2141 739 2209 ἁγίων
761 2141 1022 2213 Πατέρων
1052 2142 1146 2195 καὶ
1179 2142 1497 2195 ἐπισκόπων
1520 2140 1621 2211 τῆς
1646 2138 1741 2193 τοῦ
1773 2139 1951 2209 ὑγιαί-

355 2250 543 2297 νοντος
576 2233 738 2301 λόγου
785 2235 1143 2298 διδασκαλίας
1200 2234 1385 2288 αὐτῶν
1435 2233 1707 2305 δόγματα,
1761 2234 1862 2298 τάς
1891 2251 1950 2288 τε

354 2322 501 2394 πρὸς
523 2323 652 2387 τοὺς
692 2322 1109 2393 Ἀρειομανίτας
1140 2323 1320 2378 αὐτῶν
1346 2324 1672 2389 ἀντιθέσεις,
1704 2326 1803 2378 καὶ
1824 2326 1952 2388 τοὺς

355 2416 506 2468 κατὰ
534 2415 635 2485 τῆς
665 2415 889 2469 ἐκείνων
926 2415 1279 2487 βλασφημίας
1320 2418 1636 2489 ἐγγράφους
1671 2417 1951 2488 ἐλέγχους,

348 2500 427 2576 ἧς
459 2504 897 2577 ἐϐλασφήμησαν
927 2507 978 2560 οί
1013 2508 1202 2578 μιαροὶ
1234 2508 1646 2582 Ἀρειομανῖται
1682 2509 1824 2563 κατὰ
1856 2507 1951 2561 τοῦ

356 2593 495 2646 Υίοῦ
524 2594 619 2648 τοῦ
658 2595 819 2663 Θεοῦ,
850 2596 911 2649 οὗ
946 2597 1056 2668 μὴν
1079 2597 1140 2651 δὲ
1179 2596 1317 2652 ἀλλὰ
1351 2600 1447 2652 καὶ
1488 2602 1632 2654 κατά
1671 2599 1767 2653 τοῦ
1795 2599 1952 2668 ἁγίου

354 2686 717 2757 Πνεῦματος·
742 2688 841 2751 τάς
884 2705 946 2742 τε
989 2689 1098 2743 τῶν
1145 2690 1435 2760 μισθωτῶν
1487 2692 1698 2762 Ἀρείου
1726 2675 1954 2762 edit/cpt-

350 2777 610 2845 λοσόφων
638 2779 775 2848 πρὸς
802 2778 928 2841 τοὺς
969 2779 1305 2843 ἐπισκόπους
1346 2783 1720 2854 ἀντιρρήσεις,
1749 2784 1850 2846 τάς
1893 2799 1954 2836 τε

356 2867 476 2920 τῶν
505 2869 790 2938 ἡμετέρων
836 2868 976 2938 πρὸς
1016 2868 1260 2932 ἐκείνους
1298 2869 1387 2924 διὰ
1425 2871 1721 2943 Γραφικῶν
1769 2872 1953 2942 διδαγ-

356 2960 559 3030 μάτων
586 2962 731 3013 κατὰ
757 2959 868 3014 τῶν
904 2960 1086 3014 αὐτῶν
1128 2963 1481 3033 σοφισμάτων
1530 2966 1784 3035 ἐναργεῖς
1832 2966 1955 3018 ἐπι-

357 3052 552 3118 λύσεις
576 3067 589 3082 °
621 3054 752 3125 περί
794 3070 855 3107 τε
899 3057 1000 3126 τῆς
1030 3054 1272 3126 ἀνάρχου
1321 3057 1416 3110 καὶ
1444 3057 1531 3111 ἀεὶ
1571 3058 1650 3129 τῷ
1699 3057 1819 3129 Θεῷ
1860 3060 1956 3113 καὶ

356 3146 544 3216 llatth
569 3144 1027 3217 συνυπαρχούσης
1054 3146 1151 3200 τοῦ
1181 3146 1310 3201 Υίοῦ
1348 3149 1518 3203 αὑτοῦ
1546 3152 1642 3207 καὶ
1671 3151 1766 3204 τοῦ
1794 3153 1952 3221 ἁγίου

354 3237 688 3307 ιινεύματος
722 3241 1052 3308 προαιωνίου
1095 3242 1223 3310 μιᾶς
1270 3241 1544 3314 θεότητος,
1590 3246 1720 3316 περί
1755 3263 1815 3298 τε
1854 3252 1955 3317 τῆς

350 3330 535 3385 αὐτοῦ
579 3331 675 3384 τοῦ
729 3330 860 3385 Υίοῦ
889 3332 984 3384 τοῦ
1013 3331 1150 3386 Θεοῦ
1192 3333 1369 3402 Λόγου
1410 3336 1498 3388 ἐπ’
1550 3338 1817 3407 ἐσχάτων,
1856 3341 1957 3408 τῆς

356 3423 647 3493 ἡμετέρας
669 3421 833 3474 ἓνεκα
863 3423 1159 3493 σωτηρίας,
1185 3425 1249 3477 ἔκ
1269 3428 1370 3496 τῆς
1397 3424 1650 3480 θεοτόκου
1674 3428 1954 3501 Παρθένου

356 3512 588 3584 Μαρίας
610 3513 923 3585 ἀπορρήτου
950 3513 1302 3586 σαρκώσεως,
1331 3517 1428 3570 καὶ
1454 3516 1560 3571 τῶν
1585 3518 1686 3589 τῆς
1722 3521 1955 3594 Ἐκκλη-

357 3609 491 3671 σίας
516 3607 894 3661 ἀποστολικῶν
939 3607 1354 3675 διατυπώσεων,
1398 3612 1580 3666 πᾶσαν
1621 3614 1810 3678 ἁπλῶς
1854 3617 1957 3682 τὴν

353 3701 551 3753 ἐκεῖσε
580 3699 957 3770 γεγενημένην
987 3701 1379 3770 πραγματείαν
1415 3703 1775 3775 ὲνιστορὴσας
1804 3708 1863 3760 ἐν
1888 3709 1955 3779 τῇ

353 3789 748 3862 προρρηθείσῃ
791 3791 913 3861 ἱερᾷ
963 3789 1152 3861 βίόλῳ,
1206 3793 1315 3863 πρὸ
1359 3810 1424 3862 γε
1464 3796 1684 3850 πάντων
1730 3798 1828 3862 τὰς
1862 3799 1956 3853 τοῦ

352 3883 699 3935 πιστοτάτου
740 3880 1005 3952 βασιλέως
1033 3884 1476 3954 Κωνσταντίνου,
1512 3887 1608 3941 τοῦ
1640 3890 1698 3942 ὲν
1731 3894 1799 3963 τῇ
1828 3908 1957 3945 συν-

350 3973 462 4045 όδῳ
494 3972 978 4044 συνεδρεύσαντος.
1008 3973 1163 4039 θείας
1205 3977 1300 4029 καὶ
1333 3977 1553 4049 άληθῶς
1593 3982 1958 4048 ἀποστολικὰς

350 4063 582 4126 ἐννοίας
601 4079 616 4095 ·
647 4062 825 4134 ἥσθην
847 4064 927 4127 είς
953 4062 1211 4118 τοσοῦτον
1244 4068 1359 4132 τοῖς
1386 4070 1452 4140 τῇ
1490 4068 1662 4140 βίϐλῳ
1685 4071 1870 4146 ἐκείνῃ
1891 4077 1956 4146 τῇ

351 4156 481 4227 ἱερᾷ
523 4154 960 4224 περιεχομένοις,
997 4153 1140 4208 ὥστε
1189 4157 1364 4210 εἰπεῖν
1419 4175 1486 4228 με
1537 4160 1673 4230 πρὸς
1702 4163 1795 4215 τὸν
1842 4162 1959 4216 Κύ-

349 4262 511 4317 ριον·
565 4262 585 4295 ‹
638 4244 725 4308 Ὠς
761 4246 969 4314 γλυκέα
994 4241 1073 4315 τῷ
1114 4244 1354 4318 λάρυγγί
1386 4265 1489 4317 μου
1521 4249 1590 4302 τά
1633 4249 1793 4319 λόγιά
1840 4267 1956 4319 σου,

349 4339 503 4410 ὑπὲρ
542 4336 671 4408 μέλι
700 4339 779 4410 τῷ
826 4341 1057 4411 στόματί
1104 4359 1228 4412 μου.
1269 4360 1289 4393 ι
1325 4340 1513 4406 Οὕτως
1564 4343 1959 4415 ὑπερηγάσθην

347 4435 410 4485 ὲν
436 4435 564 4495 τοῖς
600 4433 719 4483 ἐκεῖ
751 4432 1270 4506 ἀναγεγραμμένοις
1307 4436 1439 4506 περὶ
1467 4436 1563 4506 τῆς
1604 4438 1838 4490 ἀσπίλου
1864 4439 1958 4491 καὶ

2054 1947 2318 2003 adversus
2347 1950 2720 2004 Ariomanitas
2773 1950 3093 2019 objecerunt
3125 1969 3138 2004 :
3176 1961 3230 2003 et
3277 1951 3511 2018 St-riptas
3553 1965 3643 2003 re-

2053 2039 2408 2108 dargntiones
2457 2040 2720 2096 adversus
2776 2040 2990 2095 illorum
3050 2041 3466 2111 blasphemiam,
3533 2056 3641 2111 qua

2054 2131 2273 2186 scelesti
2300 2146 2407 2186 non
2436 2132 2613 2188 solum
2638 2142 2825 2188 contra
2851 2131 3074 2198 Fill’um,
3104 2148 3287 2187 verum
3314 2133 3480 2187 etiam
3514 2147 3644 2186 can-

2057 2233 2139 2275 tra
2177 2223 2439 2291 Spiritum
2472 2233 2721 2279 sanctum
2754 2223 3227 2294 blasphentabant,
3262 2235 3317 2278 et
3356 2238 3639 2278 mercena-

2058 2314 2261 2369 riorum
2289 2317 2404 2371 Arii
2436 2317 2882 2387 philosophorum
2909 2318 3172 2373 adversus
3207 2318 3494 2388 episcopos
3521 2331 3646 2372 con-

2057 2407 2438 2476 tradictiones,
2475 2419 2530 2464 et
2556 2420 2869 2465 nostrorum
2901 2410 3164 2466 adversus
3187 2410 3404 2464 illorum
3451 2409 3642 2478 sopbi—

2057 2509 2233 2553 smata
2267 2514 2364 2570 per
2393 2500 2698 2555 doctrinam
2733 2516 2765 2556 e
2793 2498 3078 2571 Scriptura
3118 2503 3340 2570 petitam
3374 2500 3563 2555 ﬁrmas
3592 2510 3649 2552 et

2056 2602 2276 2662 apertas
2332 2592 2635 2648 solutiones
2685 2609 2700 2647 :
2737 2602 2793 2648 et
2837 2595 2906 2648 de
2951 2608 3056 2647 una
3102 2591 3387 2647 divinitate
3431 2591 3550 2646 Filii
3593 2604 3649 2645 et

2059 2684 2301 2754 Spiritus
2331 2685 2531 2751 sancti,
2586 2700 2709 2756 quae
2740 2694 2866 2740 ante
2895 2684 3094 2741 saecula
3142 2684 3374 2749 exstitit,
3420 2698 3648 2754 quaeque

2057 2776 2389 2845 principium
2418 2793 2526 2834 non
2554 2779 2740 2846 habet,
2763 2779 2858 2834 sed
2890 2793 3104 2848 semper
3126 2792 3249 2832 cum
3272 2776 3381 2833 Deo
3407 2787 3464 2832 et
3485 2777 3648 2831 Patre

2057 2869 2308 2925 subsistit
2339 2887 2355 2924 :
2393 2881 2449 2924 et
2479 2873 2546 2927 de
2573 2871 2816 2941 ejusdem
2848 2870 2970 2926 Filii
3004 2870 3098 2926 Dei
3126 2867 3292 2926 Verbi
3330 2872 3381 2925 in
3414 2870 3651 2926 novissi-

2059 2960 2164 3014 mis
2198 2960 2533 3030 temporibus
2570 2976 2668 3031 pro
2695 2961 2870 3016 salute
2905 2970 3089 3017 nostra
3126 2976 3197 3017 ex
3240 2961 3469 3027 Deipara
3517 2960 3642 3017 Vir-

2057 3051 2184 3121 gine
2216 3050 2385 3106 Maria
2425 3052 2686 3107 inell‘abili
2724 3054 3126 3121 incarnatione,
3179 3063 3234 3109 et
3288 3055 3354 3108 de
3385 3053 3645 3122 apostoli-

2059 3143 2140 3198 cis
2169 3143 2433 3199 Ecclesia:
2462 3142 2968 3212 constitutionibus,
2999 3160 3218 3201 onmem
3243 3148 3470 3205 omnino
3529 3159 3646 3200 tra-

2058 3232 2355 3288 ctationem
2396 3233 2505 3289 illic
2538 3235 2779 3291 habitam
2812 3251 2934 3292 cum
2974 3237 3028 3291 in
3064 3251 3225 3293 sacro
3273 3236 3363 3293 illo
3396 3237 3533 3293 libro
3565 3238 3641 3293 le-

2057 3333 2279 3402 gissem,
2315 3342 2371 3389 et
2394 3333 2637 3389 omnium
2670 3335 2908 3389 maxime
2952 3334 3246 3392 ﬁdelissimi
3293 3337 3641 3408 imperatoris

2057 3424 2423 3489 Constantini,
2465 3426 2556 3495 qui
2609 3426 2663 3480 in
2714 3426 2921 3495 synodo
2966 3426 3549 3494 consederat,divinas
3592 3440 3648 3485 et

2059 3532 2184 3572 vere
2226 3516 2550 3587 apostolicas
2600 3519 2944 3574 sententias:
2982 3519 3057 3573 ita
3085 3518 3383 3575 delectatus
3426 3535 3543 3574 sum
3581 3520 3648 3575 iis

2062 3624 2184 3679 quae
2218 3608 2272 3662 in
2323 3624 2481 3664 sacro
2534 3608 2627 3664 illo
2671 3609 2810 3664 libro
2862 3610 3298 3675 continebantur,
3319 3620 3378 3665 ut
3421 3611 3648 3666 subinde

2058 3698 2703 3761 ad‘Dominumvdixerim
2731 3722 2743 3756 ε
2772 3719 2791 3752 ι
2816 3685 2989 3767 Quam
3020 3700 3204 3756 dulcia
3229 3700 3485 3757 faucibus
3507 3701 3646 3756 meis

2059 3793 2276 3863 eloquia
2323 3802 2435 3860 tua,
2469 3808 2636 3863 super
2661 3792 2766 3847 mel
2806 3792 2890 3848 ori
2936 3808 3057 3848 meo
3078 3793 3119 3847 ’.
3146 3812 3166 3845 ι
3208 3790 3301 3848 Sic
3337 3808 3500 3862 supra
3528 3808 3646 3849 mer

2061 3886 2189 3937 dum
2214 3882 2518 3938 admiratus
2546 3898 2665 3939 sum
2689 3897 2809 3952 quze
2840 3883 2952 3939 illic
2979 3883 3186 3954 scripta
3212 3892 3370 3939 erant
3396 3884 3463 3939 de
3488 3898 3650 3952 pura,

2061 3975 2468 4044 irreprehensa,
2520 3976 2828 4031 orthodoxa
2875 3986 2931 4030 et
2974 3974 3269 4045 apostolica
3340 3975 3470 4030 ﬁde.
3516 3973 3651 4030 Post

2061 4068 2270 4137 aliquot
2297 4082 2471 4123 annos
2505 4081 2627 4122 cum
2657 4068 2786 4133 huc,
2838 4070 2891 4123 in
2939 4068 3274 4140 provinciam
3303 4069 3427 4123 dico
3457 4066 3650 4140 Bithy-

2062 4176 2275 4225 norum,
2305 4159 2522 4217 volente
2548 4161 2659 4216 Deo
2692 4160 3082 4231 pervenissent,
3137 4171 3194 4214 et
3221 4159 3519 4214 commotio
3566 4172 3652 4214 at-

2061 4267 2169 4321 que
2200 4250 2484 4322 inquisitio
2516 4251 2751 4321 plurima
2788 4251 2946 4308 ﬁeret
2973 4251 3074 4306 sub
3102 4250 3254 4321 impii
3291 4249 3537 4306 Basilisci
3569 4252 3648 4318 (2)

2063 4343 2353 4413 tyrannide
2383 4346 2652 4399 adversus
2677 4342 3004 4399 catholicam
3041 4350 3099 4397 et
3145 4343 3504 4413 apostolicam
3554 4342 3647 4396 Dei

2063 4434 2387 4504 Ecclesium,
2425 4444 2481 4491 et
2528 4435 2693 4491 fidem
2745 4435 3101 4507 apostolicam
3155 4434 3209 4488 in
3252 4450 3315 4489 ea
3350 4434 3647 4504 vigentem,

349 4522 697 4595 ἀμωμήτου,
720 4523 1000 4594 ὀρθοδόξου
1024 4527 1119 4580 καὶ
1139 4526 1506 4597 ἀποστολικῆς
1528 4529 1785 4590 πίστεως.
1805 4529 1950 4583 Μετά

2066 4526 2432 4580 succendente
2481 4525 2823 4596 potissimum
2870 4533 3035 4597 atque
3082 4532 3461 4579 commovente
3505 4523 3649 4594 regis

348 4616 407 4670 es
437 4615 681 4686 καιρούς
711 4632 867 4680 τινας
913 4618 1127 4687 φθάσας
1161 4618 1421 4682 ἐνταῦθα,
1451 4622 1518 4690 τῇ
1560 4620 1674 4673 τῶν
1715 4620 1961 4675 Βιθυνῶν

349 4706 612 4779 ἐπαρχίᾳ
647 4706 811 4776 λέγω,
841 4709 963 4761 κατ’
991 4708 1244 4762 εὐδοκίαν
1286 4710 1381 4762 τοῦ
1409 4709 1566 4781 Θεοῦ,
1602 4714 1869 4784 κινήσεώς
1896 4731 1961 4768 τε

349 4804 450 4856 καὶ
505 4799 869 4870 συζητήσεως
910 4800 1170 4871 πλείστης
1212 4801 1402 4871 οὔσης,
1444 4804 1823 4875 γεγενημένης
1867 4807 1960 4859 ἐπὶ

347 4894 456 4963 τῆς
492 4892 799 4960 ἀνταρσίας
820 4890 915 4945 τοῦ
944 4892 1162 4945 ἀνοσίου
1193 4892 1521 4948 Βασιλίσκου
1545 4899 1690 4949 κατὰ
1711 4897 1811 4968 τῆς
1831 4899 1961 4952 ἀπο-

351 4983 630 5052 στολικῆς
670 4983 766 5048 καὶ
808 4984 1107 5055 καθολικῆς
1163 4987 1497 5057 Ἐκκλησίας
1537 4988 1630 5041 τοῦ
1674 4988 1812 5042 Θεοῦ
1865 4994 1964 5045 καὶ

347 5075 457 5146 τῆς
503 5077 569 5128 ἐν
618 5075 756 5147 αὐτῇ
811 5075 1240 5151 πολιτευομένης
1281 5079 1651 5152 άποστολικῆς
1697 5081 1958 5147 πίστεως,

352 5165 789 5222 ὑπεκκαιόντων
843 5168 1083 5238 μάλιστα
1124 5170 1218 5222 καὶ
1262 5169 1556 5223 κινούντων
1602 5170 1672 5224 τά
1713 5170 1961 5242 βασίλεια

349 5260 470 5313 τῶν
506 5259 614 5326 τῆς
659 5257 754 5311 τοῦ
800 5260 1081 5329 αἱρετικοῦ
1130 5260 1408 5331 Εὐτυχοῦς
1458 5262 1780 5332 ὀμοςορόνων
1819 5280 1959 5333 συμο

354 5351 595 5423 μορίας,
620 5350 1075 5422 προϐαλλομένων
1100 5355 1236 5424 ἡμῖν
1260 5352 1532 5419 ὑπούλως,
1558 5354 1659 5426 τὴν
1681 5355 1958 5427 ἐνΝικαία

432 5526 453 5562 ³
497 5528 746 5595 Socrat.,
778 5529 874 5586 lib.
914 5545 1007 5597 vn,
1040 5545 1162 5600 cap.
1195 5530 1286 5586 28.
1366 5531 1387 5562 ³
1421 5530 1561 5586 Psal.
1593 5546 1786 5599 cum,
1825 5533 1948 5591 105.

2063 4614 2247 4667 aulam
2279 4627 2472 4669 eorum
2525 4614 2764 4672 factione
2792 4613 2885 4684 qui
2928 4614 3189 4669 lueretico
3235 4612 3467 4685 Eutychi
3512 4626 3648 4668 con-

2060 4706 2371 4762 sentiebant
2424 4726 2438 4762 :
2489 4708 2582 4777 qui
2639 4707 2798 4763 nobis
2843 4707 3072 4763 subdole
3120 4707 3361 4775 aiebant,
3391 4722 3454 4762 se
3486 4706 3646 4762 ﬁdem

2061 4796 2310 4865 Patrum,
2336 4797 2639 4865 Nicaanam,
2693 4803 2936 4870 inquam,
2969 4808 3178 4856 tenere.
3217 4798 3327 4856 Sed
3363 4801 3654 4856 convince-

2064 4892 2265 4947 bantur
2295 4909 2325 4946 a
2357 4894 2513 4949 nobis
2541 4893 2688 4950 illius
2717 4895 2841 4950 lidei
2876 4897 3084 4951 hostes.
3131 4894 3318 4964 Neque
3361 4895 3507 4949 enim
3548 4910 3653 4950 no-

2065 4995 2256 5042 verant
2299 5000 2420 5056 quae
2477 4987 2745 5055 dicerent,
2795 4999 2889 5043 aut
2932 4990 3001 5044 de
3051 4990 3248 5058 quibus
3296 4985 3649 5042 aﬂirmarent.

2061 5076 2196 5132 Nam
2232 5094 2372 5134 .curn
2428 5076 2736 5150 proferrem
2770 5097 2891 5151 qua:
2921 5083 2974 5137 in
3018 5096 3173 5136 sacra
3205 5079 3294 5134 illa
3326 5094 3521 5134 corona
3554 5092 3648 5133 or-

2063 5173 2429 5227 thodoxorum
2482 5172 2576 5227 Dei
2611 5178 2959 5229 sacerdotum
3007 5174 3060 5227 in
3113 5172 3318 5242 Spiritu
3350 5177 3540 5227 sancto
3582 5170 3653 5224 de

2063 5264 2293 5319 Domino
2352 5279 2454 5336 per
2509 5279 2605 5320 eos
2658 5263 2877 5321 fuerant
2921 5264 3214 5334 explicata,
3270 5261 3587 5317 resiliebant
3625 5281 3653 5313 ει

2063 5355 2218 5410 nobis
2245 5356 2455 5422 miseri,
2511 5359 2756 5431 pejorem
2790 5356 2993 5412 Ariana
3035 5354 3434 5427 blasphemiam
3467 5351 3650 5421 lingua

414 5707 504 5779 (τι)
534 5706 823 5763 Zenonem
855 5709 990 5764 solio
1038 5709 1236 5780 dejeeit
1293 5710 1585 5767 Basiliscus
1635 5727 1777 5767 anno
1825 5727 1947 5767 :nrce
2012 5716 2334 5772 Christianae
2373 5718 2501 5785 475,
2538 5729 2592 5775 et
2656 5735 2784 5776 cum
2820 5721 3004 5778 Marco
3046 5722 3156 5777 ﬁlio
3194 5696 3533 5780 orthodoxos
3569 5721 3651 5776 in.

342 5791 505 5841 secta
513 5790 611 5835 tus
644 5790 750 5834 CSI.
1228 5828 1233 5831 .

655 5874 929 5934 l'A'rnOL.
967 5872 1086 5936 Gtt.
1126 5873 1403 5938 LXXXV.

3137 5883 3209 5944 33
