4070 6442
433 320 570 388 1195

1720 316 2021 377 οεωειῐ
2062 316 2407 395 cumam

3582 312 3719 382 Ῑὶθῦ

431 454 527 493 sua
568 433 917 505 proferentcs
970 442 1157 488 contra
1190 448 1252 488 ea
1285 448 1407 504 qum
1443 432 1550 488 illic
1597 431 1817 487 delinita
1870 443 2016 496 sunt,

2132 434 2292 503 φημὶ,
2323 434 2427 485 ὑπὸ
2458 432 2565 485 τῶν
2602 432 2864 503 Πατέρων
2901 433 3126 504 κρατεῖν
3160 431 3379 486 πίστινο
3407 430 3457 485 οἳ
3503 433 3721 504 διηλέγ-

432 541 486 582 ct
510 530 799 583 anathema
826 526 1093 597 jaeientes
1124 528 1389 580 adversus
1420 542 1515 582 eos
1537 526 1629 598 qui
1656 528 1726 580 ita
1758 527 2015 581 sentiunt.

432 623 668 690 Propter
704 621 816 673 iure
847 617 1067 687 aliaque
1099 618 1265 672 multa
1299 633 1419 687 qua:
1444 616 1800 672 movebantur
1830 627 2019 671 contra

433 716 594 766 tidem
633 711 936 780 antiquam,
968 711 1202 781 primum
1227 727 1256 764 a
1278 710 1487 765 sanctis
1514 708 1796 779 apostolis,
1827 710 2023 763 deinde

432 816 486 857 et
510 821 538 857 a
575 805 783 858 sanctis
808 802 1068 859 Patribus
1101 805 1306 858 nostris
1333 801 1527 857 Nicaea!
1560 803 1932 873 congregatis,
1967 803 2019 855 in

384 949 397 959 ,
433 894 530 951 Dei
562 894 805 952 Ecclesia
838 907 1015 950 matre
1056 907 1237 952 nostra
1271 895 1565 967 vigentem,
1593 895 1879 966 plurimam
1907 911 2023 950 nm-

435 988 566 1042 nino
605 1000 657 1043 et
690 988 894 1059 ubique
947 988 1281 1059 diligentiam
1313 989 1557 1053 adhibui,
1613 1000 1689 1052 cl,
1743 989 1885 1057 quod
1916 988 2020 1041 tliei

432 1080 593 1144 solet,
647 1096 866 1135 munem
923 1081 1205 1136 rudentem
1257 1082 1421 1147 movi,
1475 1089 1533 1133 ut
1591 1081 2020 1150 pervestigarent

433 1185 556 1239 qua:
591 1172 644 1224 in
680 1181 865 1259 sanet’a
900 1170 989 1222 illa
1015 1171 1221 1241 synodo
1249 1183 1369 1222 acta
1421 1180 1548 1222 sunt
1578 1185 1677 1238 pro
1726 1179 1926 1223 sancta:
1971 1177 2025 1222 ct

436 1261 753 1329 apostolica!
787 1261 910 1316 lidei
944 1262 1425 1326 determinatione,
1454 1276 1618 1331 quam
1654 1261 1746 1315 Dei
1783 1261 2021 1315 Ecclesia

437 1370 545 1407 non
581 1356 647 1407 ab
678 1353 1013 1419 lmininibus,
1043 1367 1219 1422 neque
1264 1368 1361 1422 per
1389 1355 1639 1409 homines
1669 1354 1903 1424 acerpit,
1936 1370 2029 1409 ve-

435 1464 555 1502 rum
607 1448 676 1501 ab
741 1447 859 1515 ipso
912 1447 1156 1500 omnium
1212 1457 1459 1500 nostrum
1490 1446 1778 1502 Salvatore
1805 1462 1871 1502 ac
1916 1445 2025 1503 Deo

433 1537 560 1595 Jesu
602 1538 842 1600 Christo,
883 1537 977 1592 Dei
1006 1538 1240 1593 viventis
1268 1536 1430 1601 Filio,
1470 1538 1561 1608 qui
1597 1548 1716 1608 post
1762 1538 2028 1594 adventus

433 1632 518 1687 sui
549 1632 599 1684 in
627 1645 846 1684 carnem
879 1631 1267 1698 oeconomiam,
1305 1648 1324 1683 ι
1358 1647 1611 1703 magnum
1633 1639 1784 1687 certe
1803 1632 2027 1702 pietatis

434 1724 782 1793 mysterium,
861 1720 1006 1775 sicut
1051 1720 1314 1791 scriptum
1385 1732 1490 1786 est,
1534 1721 1918 1777 manil'estatus
1970 1722 2025 1777 in

437 1832 627 1882 Carne,
655 1826 710 1872 et
741 1816 954 1887 angelis
977 1816 1132 1873 visus
1154 1817 1173 1847 ³
1200 1832 1215 1870 :
1252 1834 1271 1867 ι
1336 1831 1508 1886 neque
1531 1818 1677 1871 enim
1706 1817 1791 1871 vel
1822 1818 2028 1889 angelis

435 1907 671 1963 visibilis
705 1918 789 1964 est
823 1906 1144 1979 Unigeuitus
1175 1908 1227 1961 iu
1259 1923 1374 1963 suae
1414 1908 1719 1964 divinitatis
1764 1908 2025 1973 essentia,

438 2000 542 2054 nisi
573 2015 794 2054 carnem
842 2000 1230 2070 assumpsisset
1285 2017 1299 2054 :
1360 2008 1648 2071 postquam
1675 2001 1858 2057 Omnia
1907 2014 2029 2070 qua:

438 2089 506 2143 ad
543 2089 907 2144 oeconomiam
964 2082 1358 2145 incarnationis
1394 2105 1504 2145 sua:
1528 2089 1848 2161 spectabant
1876 2105 2028 2145 com-

436 2181 715 2250 plevisset,
745 2182 1109 2236 voluntariam
1147 2196 1245 2252 pro
1283 2181 1440 2238 nobis
1475 2182 1811 2252 passionem,
1842 2182 2026 2253 sepul-

438 2284 615 2327 turam
646 2284 701 2329 et
768 2274 1221 2329 resurrectionem
1256 2275 1310 2329 in
1346 2274 1434 2329 illa
1462 2284 1649 2329 sancta
1695 2284 1753 2329 et
1805 2286 2028 2346 peccato

435 2382 546 2421 non
577 2366 810 2422 olnioxia
843 2380 1012 2421 carne
1057 2381 1179 2431 sua,
1228 2379 1326 2436 per
1374 2380 1539 2435 quam
1574 2379 1746 2436 genus
1773 2375 2023 2421 nostrum

436 2476 467 2513 a
500 2469 676 2515 morte
727 2457 1000 2524 liberavit,
1070 2456 1337 2513 secedens
1382 2456 1533 2521 hinc,
1591 2467 1646 2511 et
1716 2457 1769 2511 in
1824 2458 2025 2513 emtum

437 2552 761 2615 ascendens,
797 2550 958 2620 huius
980 2560 1185 2606 sanctae
1216 2560 1270 2605 et
1297 2549 1693 2620 irreprehensae
1742 2550 1862 2605 fidei
1893 2552 2030 2607 divi-

440 2659 565 2697 nam
600 2654 653 2698 et
683 2643 1018 2697 sdoramlam
1051 2641 1283 2697 formam
1313 2657 1411 2712 per
1454 2640 1697 2710 seipsum
1743 2642 2027 2709 stabilivit,

437 2742 493 2786 et
527 2747 782 2801 magnum
813 2731 1075 2798 intonuit,
1105 2732 1250 2785 sicut
1294 2731 1557 2801 scriptum
1612 2740 1734 2786 est:
1793 2749 1812 2783 ι
1846 2731 2030 2788 Domi-

437 2839 545 2878 nus
574 2824 633 2878 in
688 2823 861 2878 ctelos
900 2821 1172 2888 ascendit,
1219 2833 1275 2878 et
1306 2821 1628 2885 intonuit‘,
1680 2840 1700 2874 ι
1760 2833 1816 2878 et
1858 2823 2025 2881 alibi:

443 2935 464 2967 ι
503 2915 831 2970 Etintonuit
858 2915 925 2970 de
956 2916 1096 2970 caelo
1125 2915 1413 2983 Dominus,
1438 2925 1494 2974 et
1522 2918 1852 2976 Altissimus
1881 2917 2029 2974 dedit

437 3023 633 3081 vocent
664 3023 824 3064 suam
860 3009 901 3061 ⁸.
935 3026 954 3060 ι
1029 3008 1096 3062 Et
1153 3009 1280 3077 quid
1326 3008 1608 3067 intonuit?
1652 3028 1811 3081 quam
1842 3027 2026 3067 vocem

2125 542 2281 595 χοντο
2321 524 2458 594 πρὸς
2502 525 2661 595 ἡμῶν
2698 523 2951 594 πολέμιοι
2982 523 3211 588 ἐκείνοις
3248 523 3609 594 ὑπάρχοντες.
3641 526 3718 576 (ὶύ

2123 617 2233 690 γὰρ
2259 617 2482 688 ᾔδεισαν
2511 617 2562 668 τί
2599 616 2874 685 λέγουσιν,
2909 615 2942 687 ἢ
2982 616 3112 687 περὶ
3137 614 3299 668 τίνων
3336 613 3720 668 διαϐεϐαιοῦν-

2122 726 2233 763 ται.
2264 709 2640 781 Προφέροντος
2671 709 2782 778 γάρ
2813 726 2916 779 μου
2945 707 3013 761 τὰ
3057 710 3115 761 ὲν
3141 704 3327 778 ἐκείνῃ
3362 710 3428 778 τῇ
3474 707 3605 778 ἁγία
3628 722 3720 775 χο·-

2126 800 2251 872 ρείᾳ
2277 800 2386 853 τῶν
2416 799 2717 867 ὀρθοδόξων
2764 798 2861 852 τοῦ
2901 798 3038 852 Θεοῦ
3092 798 3287 869 ίερέων
3330 799 3388 849 ὲν
3435 795 3720 866 Πνεῦματι

2124 893 2267 964 ἁγίῳ
2296 893 2363 946 τὰ
2393 890 2502 963 [Yon
2531 891 2689 963 περὶ]
2727 891 2820 945 τοῦ
2870 892 3077 962 Κυρίου
3120 891 3189 945 δι’
3231 889 3417 943 αὐτῶν
3466 892 3721 959 ἐκφωνη-

2127 986 2309 1049 θέντα,
2339 985 2635 1054 ἀπεπήδων
2661 987 2755 1055 ἀφ’
2781 984 2964 1056 ἡμῶν,
2989 983 3209 1054 χείρονα
3230 982 3340 1037 τῶν
3371 981 3464 1035 τοῦ
3503 981 3721 1053 Ἀρείου

2129 1077 2495 1149 βλασφημιῶν
2526 1077 2670 1130 κατά
2708 1077 2821 1129 τῶν
2848 1079 3027 1129 ἐκεῖσε
3065 1074 3394 1146 ὁρισθέντων
3427 1073 3518 1127 διὰ
3539 1072 3722 1142 γλὼτο

2125 1188 2225 1241 της
2258 1169 2663 1240 προσφέροντες
2704 1168 2813 1240 ιῐσ.
2853 1166 3269 1240 προφέροντες],
3311 1170 3406 1221 καὶ
3443 1167 3728 1236 ἀναθεμα-

2125 1261 2321 1330 τισμὸν
2353 1260 2635 1332 ῥίπτοντες
2654 1261 2795 1314 κατά
2816 1260 2922 1313 τῶν
2949 1260 3122 1313 ταῦτα
3158 1259 3335 1324 οὕτως
3365 1261 3720 1331 φρονούντων

2126 1355 2176 1407 oi
2203 1354 2400 1408 ἄθλιοι.
2427 1354 2526 1407 Διά
2554 1352 2728 1406 ταῦτα
2760 1354 2858 1408 καὶ
2882 1352 2949 1406 δι’
2970 1352 3107 1407 ἄλλα
3133 1354 3425 1423 κινηθέντα
3456 1354 3599 1407 κατά
3623 1354 3727 1422 τῆς

2129 1448 2294 1516 ἁγίας
2324 1448 2418 1500 καὶ
2449 1446 2737 1518 ὁρθοδόξου
2764 1449 3002 1511 πίστεως
3026 1446 3206 1517 ἡμῶν,
3239 1447 3339 1516 τῆς
3365 1448 3632 1500 ἀνέκαθεν
3660 1447 3730 1500 ἐκ

2125 1556 2187 1593 τε
2229 1538 2338 1592 τῶν
2395 1540 2565 1607 ἁγίων
2619 1539 2939 1593 ἀποστόλων
2993 1539 3090 1593 καὶ
3139 1538 3249 1592 τῶν
3296 1538 3730 1611 προρρηθέντων

2128 1632 2305 1699 ἁγίων
2333 1632 2494 1702 ἡμῶν
2535 1631 2679 1684 Πατέ
2688 1648 2799 1700 ρων
2833 1630 2942 1686 τῶν
2973 1633 3034 1685 ὲν
3062 1634 3131 1703 τῇ
3157 1631 3417 1685 Νικαέων
3445 1632 3730 1700 συνειλεγ·

2133 1724 2332 1792 μένων,
2365 1725 2423 1777 ὲν
2468 1727 2536 1796 τῇ
2575 1723 2671 1777 τοῦ
2711 1722 2849 1777 Θεοῦ
2904 1723 3205 1797 Ἐκκλησία
3242 1726 3309 1796 τῇ
3365 1725 3537 1797 μητρὶ
3564 1724 3727 1794 ήμῶν

2131 1814 2581 1884 πολιτευομένης,
2631 1811 2897 1886 πλείστην
2926 1814 3059 1882 ὅσην
3098 1813 3331 1884 ἔρευναν
3372 1812 3729 1882 ἐποιησάμην

2131 1905 2309 1977 πάντη
2343 1922 2404 1959 τε
2438 1904 2535 1958 καὶ
2563 1903 2867 1976 πανταχοῦ,
2898 1904 2960 1957 τὸ
2983 1904 3046 1974 δὴ
3073 1904 3391 1974 λεγόμενον,
3423 1903 3602 1958 πάντα
3627 1904 3729 1957 κά-

2130 1997 2239 2051 λων
2270 1998 2522 2067 κινήσας,
2550 1996 2916 2067 ἁνερευνῆσαι
2943 1997 3014 2050 τὰ.
3044 1997 3102 2048 ὲν
3128 1996 3313 2067 ἐκείνη
3342 1998 3409 2066 τῇ
3449 1994 3570 2066 ἱερᾷ
3595 2009 3727 2050 συν-

2130 2089 2236 2159 όδῳ
2291 2089 2665 2160 πεπραγμένα
2725 2087 2870 2159 ὑπὲρ
2916 2088 3011 2142 τοῦ
3059 2088 3159 2158 τῆς
3203 2088 3376 2158 αὐτῆς
3428 2087 3591 2157 ἁγίας
3630 2089 3728 2142 καὶ

2131 2181 2498 2251 ἁποστολικῆς
2538 2168 2778 2244 πίστεως
2821 2181 2973 2252 ὅρου,
3007 2183 3073 2252 ἦν
3113 2182 3214 2235 οὐκ
3261 2182 3361 2237 ἀπ’
3389 2181 3724 2253 ἀνθρώπων,

2129 2275 2256 2330 οὔτε
2279 2273 2347 2328 δι’
2379 2273 2690 2346 ἀνθρώπων
2717 2275 2751 2344 ἡ
2783 2274 2878 2327 τοῦ
2923 2273 3062 2327 Θεοῦ
3105 2275 3406 2347 Ἐκκλησία
3450 2274 3726 2346 παρείλη-

2132 2383 2257 2436 φεν.
2293 2365 2408 2419 ἀλλ’
2437 2365 2532 2417 ἀπ’
2576 2363 2744 2418 αὑτοῦ
2780 2363 2877 2418 τοῦ
2910 2364 3132 2420 πάντων
3153 2366 3313 2436 ἡμῶν
3345 2367 3600 2438 Σωτῆρος
3630 2368 3728 2422 καὶ

2129 2458 2267 2513 Θεοῦ
2310 2458 2489 2529 Ἰησοῦ
2519 2457 2784 2529 Χριστοῦ,
2806 2456 2900 2511 τοῦ
2927 2457 3055 2512 Υίοῦ
3084 2458 3177 2512 τοῦ
3199 2458 3336 2513 Θεοῦ
3366 2458 3460 2514 τοῦ
3483 2460 3689 2525 ζῶντος
3707 2477 3724 2491 ·

2130 2552 2189 2617 ὃς
2214 2551 2355 2623 μετὰ
2383 2551 2481 2623 τὴν
2516 2551 2613 2622 τῆς
2658 2549 2929 2621 ὲνσὰρκου
2959 2549 3126 2604 αὑτοῦ
3171 2551 3481 2623 παρουσίας
3518 2553 3730 2605 οἰκονο-

2134 2644 2286 2715 μίαν,
2325 2663 2343 2696 ι
2380 2644 2442 2697 τὸ
2469 2644 2615 2714 μέγα
2648 2642 2868 2715 ἀληθῶς
2892 2643 2992 2714 τῆς
3019 2643 3305 2708 εὐσεϐείας
3333 2646 3661 2716 μυστήριον,
3697 2663 3717 2695 ι

2132 2736 2316 2803 καθὼς
2344 2737 2688 2808 γέγραπται,
2721 2756 2739 2789 ε
2768 2737 3107 2808 φανερωθείς
3126 2754 3186 2790 τε
3220 2739 3409 2809 σαρκὶ,
3440 2739 3537 2791 καὶ
3565 2737 3724 2805 ἀγγά-

2130 2830 2242 2894 λοις
2272 2828 2481 2898 ὀφθείς.
2520 2849 2541 2882 ι
2592 2828 2730 2883 οὔτε
2764 2830 2872 2900 γὰρ
2912 2828 3167 2897 ἀγγέλοις
3197 2828 3441 2892 θεατδςὸ
3476 2830 3723 2898 Mavors-

2130 2920 2228 2991 νὴς
2255 2920 2396 2976 κατὰ
2430 2921 2532 2993 τὴν
2556 2920 2653 2992 τῆς
2683 2920 2936 2990 θεότητος
2959 2921 3171 2987 οὐσίαν,
3211 2922 3260 2975 εί
3286 2922 3363 2992 μὴ
3390 2920 3683 2993 ἐσαρκώθη
3702 2937 3721 2955 °

2131 3013 2197 3068 τὰ
2230 3014 2408 3068 πάντα
2446 3011 2746 3084 πληρώσας
2778 3013 2847 3066 τὰ
2888 3012 3033 3067 κατὰ
3059 3014 3159 3086 τὴν
3196 3014 3536 3084 οἰκονομίαν,
3565 3014 3625 3067 τό
3659 3030 3721 3067 τε

437 3101 591 3156 dedit
635 3100 1005 3155 Altissimus?
1059 3119 1077 3152 ι
1109 3100 1336 3167 Euntes,
1375 3102 1573 3174 inquit,
1639 3104 1707 3157 ad
1755 3103 2027 3174 apostolos

2133 3102 2272 3173 ὑπὲρ
2303 3103 2459 3174 ἡμῶν
2488 3103 2737 3158 ἑκούσιον
2761 3103 2955 3171 πάθος,
2993 3104 3090 3156 καὶ
3126 3105 3224 3176 τήν
3257 3106 3462 3176 ταφὴν,
3495 3106 3582 3159 καὶ
3614 3107 3717 3175 τὴν

438 3194 691 3264 loquens,
738 3192 932 3248 docete
966 3208 1157 3250 omnes
1190 3201 1405 3265 gentes,
1443 3194 1787 3266 baptizantes
1835 3209 1933 3250 eos
1964 3194 2020 3248 in

438 3287 664 3342 nomine
724 3285 928 3352 Patris,
990 3296 1043 3340 et
1093 3284 1240 3354 Filii,
1301 3294 1357 3341 et
1400 3285 1644 3358 Spiritus
1698 3288 1877 3342 sancti
1925 3288 1967 3339 ⁸.
2006 3306 2024 3337 ι

440 3377 705 3444 Quamvis
720 3368 872 3431 enim
902 3385 1119 3447 propter
1144 3391 1299 3431 suam
1328 3391 1455 3445 erga
1505 3377 1752 3433 homines
1789 3376 2031 3432 Charita-

443 3478 574 3534 tem,
610 3478 854 3521 nostram
885 3479 1103 3521 carnem
1132 3480 1254 3521 cum
1293 3466 1472 3520 anima
1508 3475 1564 3521 et
1617 3476 1797 3522 mente
1825 3483 1891 3522 ex
1941 3481 2029 3522 ve-

442 3561 684 3616 neranda
716 3558 875 3631 plane
898 3567 954 3615 et
977 3566 1166 3614 saneta
1197 3556 1424 3628 Virgine
1448 3557 1614 3613 Maria
1642 3560 1904 3629 suscepit,
1937 3559 2028 3614 illa

443 3659 624 3714 tamen
681 3647 863 3703 carnis
925 3645 1318 3715 susceptione,
1385 3644 1529 3703 nulla
1589 3649 1658 3703 ad
1707 3645 2029 3705 Trinitatem

442 3741 645 3806 Patris,
697 3739 840 3807 Filii,
888 3749 945 3797 et
973 3738 1215 3810 Spiritus
1240 3739 1417 3795 sancti
1452 3739 1594 3795 facta
1626 3748 1709 3795 est
1751 3742 2031 3806 accessio,

442 3839 538 3889 sed
575 3833 819 3889 Trinitas
847 3844 1031 3889 manet
1059 3831 1322 3889 Trinitas.
1360 3851 1379 3886 ι
1418 3833 1625 3889 Euntes
1654 3833 1818 3906 igitur
1844 3835 2033 3890 docete

440 3942 633 3982 attines
682 3937 894 3998 gentes,
924 3925 1269 3994 baptizantes
1311 3939 1407 3982 eos
1463 3926 1516 3980 in
1565 3927 1781 3982 nomine
1833 3926 2032 3997 Patris,

440 4027 497 4075 et
558 4018 807 4089 Eilii,et
860 4017 1099 4088 Spiritus
1147 4018 1344 4072 sancti.
1403 4035 1423 4070 ι
1479 4015 1628 4072 lianc
1676 4027 1921 4073 sanctam
1979 4027 2034 4071 et

441 4112 772 4167 sdoramlam
855 4121 1060 4166 sauctte
1108 4120 1163 4166 et
1228 4110 1623 4183 irrepreheusm
1696 4110 1819 4166 lldei
1877 4125 2034 4181 regu-

441 4204 549 4258 lam
606 4220 729 4258 cum
793 4203 966 4258 sancti
1024 4203 1253 4273 apostoli
1299 4205 1370 4259 ab
1414 4203 1535 4273 ipso
1595 4202 1827 4257 Domino
1875 4216 2032 4257 acce-

442 4296 680 4366 pissent,
733 4297 789 4353 in
849 4296 1101 4352 universa
1163 4297 1264 4351 sub
1300 4296 1439 4351 cmlo
1484 4297 1578 4350 Dei
1635 4293 1878 4350 Ecclesia
1913 4310 2031 4347 eam

441 4388 879 4454 pradlcaverunt
929 4404 944 4443 :
998 4396 1057 4441 ut
1090 4388 1162 4441 ita
1197 4386 1581 4456 prepheticum
1629 4384 1907 4438 oraculum
1941 4383 2035 4435 im-

441 4479 702 4550 pleretur,
757 4492 867 4549 quo
899 4477 1102 4533 dicitur
1149 4496 1162 4533 :

438 4586 613 4627 sonus
628 4586 839 4637 eorum,
856 4578 912 4626 et
933 4571 989 4625 in
1008 4570 1147 4625 lines
1184 4568 1338 4624 orbis
1361 4579 1520 4624 terra:
1541 4568 1704 4621 verba
1725 4581 1915 4621 eorum
1940 4565 1980 4622 ⁷.
2009 4586 2027 4621 ι

442 4663 573 4719 Post
629 4679 796 4733 quam
855 4664 979 4718 lidei
1041 4675 1337 4725 summam,
1386 4669 1442 4713 et
1496 4657 1830 4713 adorandum
1888 4659 2030 4714 istud

443 4755 647 4809 donum
676 4756 834 4810 nobis
876 4769 975 4826 per
1012 4762 1231 4807 sanctos
1260 4748 1533 4819 apostolos
1560 4764 1587 4803 a
1618 4749 1711 4805 Dei
1743 4748 1879 4806 Filio
1902 4766 2034 4804 con-

445 4859 687 4913 cessum,
720 4862 843 4901 cum
874 4847 1058 4916 plures
1080 4841 1193 4911 jam
1221 4857 1397 4898 annos
1434 4843 1685 4899 Ecclesiae
1725 4844 2031 4913 persecutio

445 4950 734 5008 cessasset,
790 4949 992 4995 nostrae
1027 4936 1221 4992 salutis
1263 4937 1438 4992 hostis
1468 4937 1663 4993 iterum
1698 4953 1794 5008 per
1842 4937 2027 4990 Arium

445 5041 637 5086 contra
670 5039 916 5085 sanctam
968 5035 1026 5084 et
1074 5027 1511 5099 irrepreltensam
1562 5030 1724 5083 tidem
1760 5034 2026 5086 armatur,

447 5123 710 5177 inusitata
738 5121 985 5191 quaedam
1018 5119 1336 5189 blasphema
1366 5121 1527 5175 verba
1555 5129 1744 5174 contra
1774 5116 2027 5171 Salvato-

446 5230 560 5271 rem
616 5223 864 5268 nostrum
925 5214 1298 5280 introducens,
1353 5214 1548 5283 quibus
1601 5211 1697 5265 Dei
1735 5209 2028 5264 Eeclcsiam

447 5304 502 5358 iu
535 5313 649 5360 toto
676 5303 810 5355 orbe
839 5309 1106 5356 terrarum
1154 5304 1526 5357 conturbavit.
1579 5300 1751 5366 Quam
1790 5299 1859 5351 ob
1906 5313 2031 5351 cau-

447 5411 563 5451 sam
599 5393 952 5449 ﬁdelissimus
998 5395 1294 5465 imperator
1343 5394 1734 5450 Constantinus
1780 5406 2029 5444 munero-

447 5502 564 5542 sam
627 5486 777 5541 illam
830 5486 882 5541 in
932 5487 1068 5545 urbe
1106 5487 1287 5544 Nic-ma
1333 5487 1599 5556 synodum
1654 5484 2028 5552 congregavit.

519 5663 543 5698 ³
578 5665 593 5719 l
626 5663 769 5719 Tim.
801 5679 878 5734 ltl,
909 5669 992 5723 lti.
1072 5668 1093 5701 ⁸
1118 5667 1262 5722 Psal.
1296 5681 1463 5732 vatt,
1486 5667 1586 5721 5t.
1659 5663 1680 5695 ⁸
1712 5662 1856 5717 Psal.
1903 5676 2032 5721 u'tt,
2070 5658 2152 5713 Η.
2229 5655 2461 5711 “Matth.
2496 5672 2689 5723 xxviii,
2722 5657 2810 5723 19,
2840 5656 2931 5714 20.

457 5736 619 5795 3'13.

2132 3194 2431 3247 ἀνάστασιν
2452 3197 2518 3265 τῇ
2545 3194 2678 3267 ἁγίᾳ
2699 3195 2886 3268 ἐκείνη
2906 3196 3001 3249 καὶ
3024 3195 3398 3268 ἀναμαρτήτῳ
3432 3196 3594 3268 σαρκὶ
3617 3197 3719 3250 αὐ-

2131 3283 2226 3338 τοῦ
2264 3283 2482 3358 [αὐτῆς]
2515 3288 2950 3359 παραχωρήσας,
2990 3288 3057 3340 δι’
3093 3283 3161 3360 ἦς
3204 3289 3264 3342 τὸ
3308 3291 3578 3361 ἡμέτερον
3615 3293 3724 3345 ἀπ·

2133 3378 2418 3433 εθανὰτισε
2438 3377 2614 3447 γένος,
2637 3377 2945 3431 ἀναῧαίνων
2963 3380 3044 3442 είς
3063 3380 3191 3444 τοὺς
3211 3380 3496 3450 οὐρανοὺς,
3515 3379 3723 3451 ταύτης

2131 3468 2231 3539 τῆς
2254 3467 2416 3537 ἁγίας
2443 3468 2538 3522 καὶ
2556 3468 2863 3538 ἀμωμήτου
2891 3467 3127 3531 πίστεως
3148 3466 3240 3521 τὸν
3266 3467 3410 3520 θεῖον
3431 3468 3530 3521 καὶ
3553 3483 3729 3536 προσ-

2133 3559 2366 3631 κυνητδν
2396 3560 2523 3631 ὅρον
2552 3558 2621 3613 δι’
2655 3558 2851 3612 ἑαυτοῦ
2884 3556 3077 3628 ἔπηξε,
3108 3558 3204 3612 καὶ
3239 3557 3384 3629 μέγα
3417 3557 3727 3630 βροντήσας

2133 3653 2275 3707 κατὰ
2297 3651 2359 3705 τὸ
2388 3651 2780 3724 γεγραμμένον
2798 3667 2811 3680 ⁸
2849 3670 2866 3704 σ
2896 3650 3103 3721 Κύριος
3131 3649 3301 3721 ἁνέόη
3331 3652 3413 3714 είς
3433 3651 3726 3722 οὐρανοὺς.

2134 3746 2231 3800 καὶ
2256 3743 2579 3815 ἐϐρόντησε.
2620 3762 2638 3790 ι
2674 3742 2782 3796 Καὶ
2827 3742 2886 3795 ἐν
2940 3742 3145 3814 ἑτέρῳ·
3186 3759 3205 3789 ι
3249 3740 3609 3814 Ἐερὸντησεν
3662 3742 3728 3807 ἐξ

2133 3834 2367 3907 οὐρανοῦ
2390 3836 2419 3888 ὁ
2447 3833 2672 3904 Κύριος,
2705 3833 2800 3887 καὶ
2828 3835 2857 3887 ὁ
2887 3832 3154 3903 ’Υψιστος
3196 3832 3367 3887 ἔδωκε
3399 3835 3587 3905 φωνὴν
3623 3833 3730 3888 αὑ-

2132 3928 2252 3983 τοῦ.
2294 3946 2313 3979 )
2347 3928 2456 3981 Καὶ
2493 3926 2546 3979 τί
2578 3927 2937 3997 sapa/mm;
2966 3925 3126 3980 ποίαν
3164 3925 3222 3979 δὲ
3251 3927 3437 3996 φωνὴν
3465 3927 3666 3981 ἔδωκεν
3693 3930 3733 3983 ὁ

2138 4020 2435 4089 ’Υψιστοςς
2476 4039 2493 4071 ι
2519 4017 2927 4091 Πορευθέντες,
2972 4020 3130 4091 φησὶ,
3161 4019 3299 4090 πρὸς
3327 4020 3455 4082 τοὺς
3487 4019 3729 4073 ἀποστό-

2136 4109 2262 4172 λους
2286 4108 2486 4177 λέγων,
2519 4107 2902 4181 μαθητεύσατε
2938 4109 3118 4163 πάντα
3144 4108 3215 4162 τὰ
3248 4107 3401 4177 ἔθνη,
3434 4106 3730 4177 βαπτίζον-

2135 4217 2227 4266 τες
2258 4202 2459 4265 αὺτοὺς
2490 4202 2572 4264 εἰς
2607 4201 2668 4253 τὸ
2700 4200 2873 4270 ὄνομα
2902 4198 2997 4254 τοῦ
3030 4200 3265 4271 Πατρὸς,
3311 4201 3408 4255 καὶ
3449 4199 3542 4255 τοῦ
3567 4200 3727 4264 Υἱοῦ,

2136 4291 2359 4348 καὶτοῦ
2392 4292 2549 4361 ἁγίου
2585 4290 2926 4364 Πνεῦματος.
2969 4309 2988 4343 ι
3029 4292 3090 4345 Εί
3133 4292 3244 4362 γὰρ
3286 4290 3727 4361 φιλανθρωπίαν.

2135 4386 2236 4459 τὴν
2275 4383 2438 4458 ήμῶν
2482 4384 2661 4455 σάρκα
2694 4384 2936 4455 ἔμψυχον
2979 4384 3072 4439 καὶ
3103 4384 3289 4438 ἔννουν
3322 4384 3387 4437 ἑκ
3431 4383 3535 4453 τῆς
3582 4399 3719 4436 παν-

1227 4492 1248 4528 ι
1278 4475 1333 4529 in
1374 4489 1591 4530 omnem
1626 4483 1830 4528 terram
1863 4472 2027 4528 exivit

2140 4456 2341 4547 σέμνου
2397 4474 2495 4531 καὶ
2535 4474 2697 4543 ἁγίας
2737 4475 3014 4546 Παρθένου
3067 4474 3288 4547 Μαρίας
3332 4474 3733 4545 προσιίληφεν,

2140 4568 2256 4624 ἀλλ’
2289 4569 2321 4638 ή
2348 4570 2449 4638 τῆς
2476 4566 2682 4638 σαρκὸς
2708 4568 3014 4640 πρόσληψις
3039 4569 3361 4641 προσθήκην
3389 4571 3456 4641 τῇ
3484 4568 3582 4622 τοῦ
3617 4570 3731 4622 Ila-

2136 4658 2267 4729 τρὸς
2304 4657 2401 4711 καὶ
2428 4657 2559 4714 Υίοῦ
2589 4658 2683 4715 καὶ
2725 4660 2820 4713 τοῦ
2857 4661 3015 4728 ἁγίου
3049 4661 3371 4732 Πνεύματος
3404 4660 3596 4731 Τριάδι
3623 4659 3729 4713 οὐκ

2137 4747 2416 4819 ἐποίησεν,
2433 4746 2575 4801 ἀλλὰ·
2590 4748 2745 4818 μένει
2766 4749 3005 4821 ηΤριάς.
3025 4771 3043 4803 ι
3065 4749 3537 4823 Πορευθέπεςοῦν
3556 4749 3727 4821 μαθη-

2136 4840 2365 4892 τεύσατε
2381 4839 2558 4893 πάντα
2569 4840 2635 4895 τὰ
2647 4840 2795 4911 ἔθνη,
2812 4840 3167 4911 βαπτίζοντες
3180 4842 3376 4906 αὐτοὺς
3391 4842 3473 4907 είς
3485 4841 3543 4897 τὸ
3553 4842 3727 4911 ὄνομα

2137 4933 2233 4985 τοῦ
2255 4933 2492 5004 Πατρὸς,
2516 4933 2609 4986 καὶ
2631 4931 2727 4987 τοῦ
2748 4932 2902 4999 Υίοῦ,
2924 4937 3018 4987 καὶ
3041 4934 3133 4987 τοῦ
3158 4934 3316 5003 ἁγίου
3332 4934 3672 5004 Πνεύματος.
3700 4949 3724 4985 s

2138 5023 2342 5076 Τοῦτον
2362 5023 2454 5076 τὸν
2486 5023 2642 5091 ἅγιον
2665 5023 2757 5077 καὶ
2778 5023 3158 5094 προσκυνητὸν
3181 5025 3306 5095 ὅρον
3325 5024 3423 5094 τῆς
3437 5023 3606 5093 ὀρθῆς
3629 5023 3729 5075 καὶ

2138 5113 2445 5184 ἀμωμήτου
2497 5112 2733 5175 πίστεως
2787 5112 2935 5183 παρά
2983 5112 3077 5166 τοῦ
3132 5114 3339 5183 Κυρίου
3382 5112 3643 5175 λασόντες
3674 5113 3726 5164 oi.

2139 5205 2276 5274 ἱεροὶ
2306 5203 2618 5268 ἀπόστολοι,
2658 5204 2808 5280 πάσῃ
2832 5207 2897 5276 τῇ
2935 5205 3041 5258 ὑπὸ
3070 5205 3166 5258 τὸν
3204 5203 3436 5277 οὐρανὸν
3465 5204 3562 5259 τοῦ
3588 5203 3726 5257 Θεοῦ

2150 5294 2456 5368 Ἐκκλησία
2500 5296 2809 5366 ἐκήρυξανο
2857 5296 2932 5360 ὼς
2989 5297 3351 5368 πληρωθῆναι
3403 5298 3488 5349 ἐπ’
3555 5295 3727 5354 αὑτοῦ

2139 5386 2254 5459 [ἷσ.
2284 5385 2489 5459 αὐτῶν]
2519 5387 2579 5439 τὸ
2607 5388 2948 5459 προφητικὸν
2975 5388 3177 5457 λόγιον,
3202 5389 3263 5442 τὸ
3291 5390 3504 5458 φάσκον
3524 5406 3537 5419 ·
3574 5407 3592 5439 ι
3631 5389 3729 5449 El;

2137 5480 2320 5532 πᾶσαν
2353 5478 2455 5549 τὴν
2478 5481 2581 5548 γῆν
2611 5477 2834 5549 ἐξῆλθεν
2859 5482 2887 5537 ὁ
2916 5480 3154 5551 φθόγγος
3186 5480 3388 5545 αὐτῶν,
3422 5480 3516 5534 καὶ
3556 5482 3635 5542 εἰς
3658 5481 3728 5531 τὰ

3036 5658 3057 5691 "
3100 5656 3244 5715 Psal.
3279 5656 3527 5725 unus:
3561 5655 3721 5713 Rom.
