4070 6390
334 394 466 459 1197

1215 386 1581 450 HISTORIA
1622 384 1955 445 CONCILII
1990 384 2294 443 NICJENI.
2334 410 2401 418 -
2438 385 2585 443 LIB.
2630 385 2679 442 Ι.

3470 376 3606 439 ιιτιξς

334 516 545 585 πέρατα
588 512 687 580 τῆς
740 506 1069 580 οἰκουμένης
1110 506 1178 560 τὰ
1224 505 1448 576 ῥήματα
1498 501 1700 555 αὐτῶν,
1736 520 1753 551 ι
1790 501 1917 553 Ὄν-

2030 500 2195 569 Cujus
2225 511 2341 553 acta
2374 498 2558 554 omnia
2584 513 2731 562 cum,
2765 504 2821 552 ut
2852 512 3013 568 supra
3042 495 3175 561 dixi,
3229 492 3608 567 cognovissent

330 622 453 658 τινα
477 602 632 677 [Μεθ’
662 598 867 673 ὅντινα]
899 601 1026 673 ὅρον
1056 598 1152 653 καὶ
1172 596 1271 668 τὴν
1300 593 1688 666 προσκυνητὴν
1718 591 1925 663 ταύτην

328 695 572 768 δωρεὰν,
624 695 725 764 τὴν
766 696 843 758 είς
889 695 1042 763 ἡμᾶς
1092 690 1183 745 διὰ
1229 688 1339 743 τῶν
1392 687 1553 741 θείων
1610 684 1924 739 ἀποστόλων

331 787 487 858 παρά
516 785 611 840 τοῦ
640 784 771 839 Υἱοῦ
802 784 894 839 τοῦ
937 783 1074 837 Θεοῦ
1105 781 1419 851 δεδομένην,
1459 776 1597 848 μετά
1638 777 1926 839 πλείστους

343 878 502 940 ὅσους
534 874 870 948 [πλείστους]
900 873 1127 945 καιροὺς
1163 869 1519 940 παυσαμένου
1541 867 1635 921 τοῦ
1666 866 1807 921 κατὰ
1826 868 1926 938 τῆς

346 968 676 1040 Ἐκκλησίας
711 966 807 1020 τοῦ
858 965 994 1020 Θεοῦ
1029 963 1299 1034 διωγμοῦ,
1337 962 1406 1015 δι’
1453 961 1668 1032 Ἀρείου
1704 959 1870 1013 πάλιν
1896 960 1926 1010 ό

334 1060 526 1130 ἐχθρὸς
548 1060 646 1129 τῆς
678 1058 959 1129 ἡμετέρας
979 1057 1254 1129 σωτηρίας
1277 1054 1417 1109 κατά
1438 1054 1539 1125 τῆς
1560 1053 1735 1123 αὐτῆς
1761 1052 1926 1120 ἀγίας

333 1151 749 1222 καὶάμωμήτου
790 1150 1070 1215 όπλίζεται
1102 1149 1360 1213 πίστεως,
1383 1147 1508 1213 ξένα
1536 1145 1658 1201 τινὰ
1690 1161 1923 1216 παρεισ·

339 1239 524 1309 φέρων
585 1239 728 1291 κατά
754 1237 848 1292 τοῦ
881 1238 1133 1309 Σωτῆρος
1163 1237 1462 1307 βλάσφημα
1485 1236 1727 1306 ῥήματα,
1759 1232 1826 1287 δι’
1851 1226 1925 1285 ὧν

336 1327 435 1397 τὴν
466 1330 547 1391 είς
583 1329 765 1381 πᾶσαν
807 1328 909 1400 τὴν
949 1328 1280 1398 οἰκουμένην
1322 1325 1653 1397 Ἐκκλησίαν
1688 1324 1780 1378 τοῦ
1815 1325 1927 1379 Κυ-

336 1417 457 1486 ρίου
484 1416 769 1488 ἐτάραξεν.
797 1413 871 1471 υἷι
898 1417 1057 1486 χάριν
1080 1417 1175 1469 καὶ
1194 1417 1293 1485 τὴν
1322 1414 1749 1486 πολυάνθρωπον
1792 1411 1931 1467 ὲκεί-

337 1525 436 1577 νην
470 1509 563 1562 ἐπὶ
594 1510 694 1580 τὴν
732 1509 843 1562 τῶν
881 1508 1137 1563 Νικαέων
1177 1510 1331 1562 πόλιν
1357 1509 1389 1561 ὁ
1419 1508 1740 1571 πιστότατος
1772 1507 1928 1578 βασι-

330 1598 463 1663 λεὺς
512 1603 927 1665 Κωνσταντίνος
986 1602 1265 1671 συνήγαγε
1318 1598 1559 1666 σύνοδον,
1609 1592 1677 1670 ἧς
1707 1597 1778 1650 τὰ
1825 1614 1926 1650 πε-

339 1694 641 1764 πραγμένα
683 1694 865 1748 πάντα
917 1691 1307 1765 προεγνωκὼς,
1344 1691 1421 1754 ὡς
1467 1690 1726 1762 ἀνωτέρω
1766 1689 1923 1761 ἔφην.

334 1786 434 1838 καὶ
463 1784 975 1857 διερευνησάμενος,
1017 1785 1171 1855 μόλις
1203 1783 1471 1855 ἐδυνήθην
1502 1784 1687 1855 εὑρεῖν
1714 1781 1926 1852 φανερά

2030 591 2198 659 prius,
2245 589 2587 660 perquisivi:
2642 590 2733 643 vix
2765 597 2944 645 tamen
2989 587 3233 643 invenire
3278 587 3428 656 potui
3476 601 3610 641 nona

2026 682 2174 738 nul.a
2203 699 2267 738 ex
2310 684 2375 739 iis
2424 698 2546 753 quae
2579 681 2688 737 illic
2721 691 2950 737 tractata
2984 690 3038 738 et
3071 681 3383 752 conscripta
3426 690 3608 744 erant,

2027 777 2169 843 apud
2223 775 2407 845 plures
2437 775 2590 830 viros
2644 775 2947 829 litterarum
2998 773 3291 840 studiosos,
3353 783 3410 826 ut
3466 772 3610 843 apud

2031 866 2300 923 Joannem
2328 867 2616 936 quemdam
2672 865 3069 936 presbyterum,
3116 865 3397 934 antiquum
3432 865 3608 917 virum

2036 967 2093 1014 et
2124 958 2406 1013 scribendi
2434 958 2723 1013 admodum
2751 959 3007 1026 peritum,
3066 956 3117 1010 in
3161 956 3612 1027 quateruionihns
3657 954 3715 962 Ψ

2035 1052 2195 1106 valde
2243 1052 2532 1121 antiquis:
2591 1066 2767 1120 neque
2821 1059 2998 1105 tamen
3046 1049 3228 1103 omnia
3262 1049 3384 1103 inde
3425 1048 3609 1111 habui,

2027 1145 2121 1197 sed
2153 1156 2217 1198 ex
2240 1143 2362 1198 aliis
2400 1142 2563 1196 etiam
2594 1142 2951 1211 scriptoribus
2979 1142 3160 1206 variis,
3194 1150 3250 1194 ut
3284 1156 3348 1195 ex
3381 1140 3613 1193 Eusebio

2028 1233 2295 1305 Pamphili
2327 1235 2583 1304 episcopo
2611 1232 2894 1300 Caesareae,
2937 1242 2990 1287 et
3028 1232 3242 1288 ltul‘iino
3276 1231 3353 1305 (5)
3386 1232 3613 1302 presby-

2033 1338 2147 1381 tero
2179 1326 2425 1381 Romano
2480 1327 2577 1396 (ό),
2634 1328 2723 1396 qui
2765 1328 2926 1380 etiam
2966 1335 3164 1381 sanctae
3198 1325 3269 1379 illi
3297 1304 3499 1396 synodo
3529 1304 3637 1379 iu-l

2035 1420 2355 1485 terruerunt,
2408 1419 2637 1489 aliisque
2661 1418 2925 1488 plurimis.
2993 1416 3175 1489 Neque
3222 1429 3400 1472 tamen
3452 1417 3616 1471 totius

2032 1510 2335 1566 harmoniae
2387 1510 2830 1581 consequentiam
2868 1510 3068 1577 inveni,
3124 1521 3183 1565 nt
3224 1510 3277 1564 in
3324 1525 3480 1565 sacro
3524 1510 3616 1564 illo

2030 1606 2238 1668 t-odiee,
2290 1605 2343 1659 in
2376 1618 2563 1674 quem,
2614 1612 2673 1658 ut
2715 1619 2877 1673 supra
2913 1604 3042 1669 dixi,
3094 1603 3243 1672 prius
3282 1603 3611 1670 incideram.

2033 1696 2194 1751 Solus
2226 1711 2461 1766 namque
2494 1695 2846 1750 admirandus
2886 1694 2978 1750 ille
3024 1695 3294 1750 Eusebius
3347 1693 3613 1764 Pamphili

2041 1798 2368 1844 roustanler
2409 1789 2679 1860 publicam
2716 1789 2929 1842 veritati
2961 1788 3104 1842 viam
3141 1789 3208 1842 ab
3238 1787 3475 1842 adventu
3509 1787 3615 1841 Do-

336 1873 448 1926 τῶν
475 1875 653 1928 ἐκεῖσε
686 1877 1047 1946 ἐσκεμμένων
1076 1875 1172 1927 καὶ
1200 1873 1593 1944 ἐγγραφέντων
1631 1873 1784 1942 παρά
1812 1889 1922 1924 τισι

2032 1882 2161 1936 mini
2190 1896 2362 1952 usque
2387 1882 2453 1936 ad
2486 1880 2666 1951 magni
2690 1879 3031 1936 Constantini
3058 1890 3304 1950 tempora
3335 1880 3615 1950 ingressus

330 1965 621 2037 διαφόροις
671 1966 1032 2036 φιλομαθέσιν
1080 1966 1363 2037 ἀνδράσιν,
1417 1966 1637 2035 Ἰωάννῃ
1672 1965 1774 2033 μέν
1816 1981 1926 2017 τινι

334 2055 704 2127 πρεσϐυτέρῳ
738 2056 897 2125 ἀνδρὶ
942 2054 1182 2124 παλαιῷ,
1236 2056 1377 2124 ἄγαν
1425 2053 1705 2126 γραφικῷ,
1741 2056 1800 2107 ὲν
1841 2070 1930 2106 τε·

337 2148 581 2217 τραδίοις
616 2145 867 2213 παλαιοῖς
892 2149 1036 2215 λίαν,
1063 2149 1124 2202 οὐ
1158 2147 1266 2218 μὴν
1288 2147 1405 2202 ὅλα.
1433 2148 1540 2202 Καὶ
1570 2146 1629 2213 ἐξ
1665 2147 1842 2202 ἄλλων
1872 2146 1930 2200 δὲ

338 2240 752 2310 συγγραφέων,
806 2239 1075 2294 Εὑσεϐίου
1130 2239 1226 2292 τοῦ
1274 2240 1562 2309 Παμφίλου
1621 2240 1929 2293 ἐπισκόπου

340 2330 712 2402 Καισαρείας,
764 2333 860 2386 καὶ
922 2332 1209 2401 Ῥουφίνου
1262 2330 1642 2403 πρεσϐυτέρου
1688 2330 1927 2403 Ῥώμης,

336 2422 451 2477 τῶν
480 2423 576 2477 καὶ
630 2423 750 2495 [καὶ
800 2422 934 2495 τῶν]
966 2426 1029 2494 τῇ
1071 2424 1204 2495 ἀγίᾳ
1247 2424 1433 2496 ἐκείνῃ
1482 2423 1931 2493 κοινωνησάντων

341 2513 566 2584 συνόδῳ,
596 2516 691 2569 καὶ
718 2515 897 2571 ἄλλων
936 2516 1211 2569 πλείστων
1237 2517 1400 2570 ὅσων.
1432 2514 1508 2569 Οὐ
1532 2513 1641 2585 μὴν
1669 2513 1769 2584 τὴν
1797 2517 1927 2570 ἀκο-

338 2606 561 2660 λουθίαν
610 2607 714 2678 τῆς
756 2608 887 2677 ὅλης
926 2607 1195 2679 ἁρμονίας
1242 2603 1402 2678 εὖρον
1449 2606 1593 2663 κατά
1626 2605 1737 2677 τὴν
1779 2605 1933 2677 ἱερὰν

340 2697 559 2768 ἐκείνην
582 2693 830 2771 βίϐλον,ᾖ
852 2699 1316 2771 προ[σ]ενέτυχον,
1339 2699 1417 2761 ὡς
1448 2697 1708 2770 ἀνωτέρω
1737 2714 1828 2767 μοι
1853 2698 1934 2751 εί-

344 2804 530 2857 ρηται.
561 2790 737 2853 Μόνος
764 2807 875 2860 γαρ
900 2790 1163 2853 Εὐσέϐιος
1194 2793 1223 2844 ό
1251 2790 1558 2861 θαυμάσιος
1586 2790 1615 2840 ὁ
1641 2789 1933 2858 Παμφίλου

344 2880 582 2949 ἀτρεπτὶ
613 2883 677 2953 τῇ
709 2881 972 2951 λεωφόρῳ
998 2880 1099 2950 τῆς
1133 2880 1396 2952 ἀληθείας
1438 2880 1547 2953 ἀπὸ
1571 2880 1671 2949 τῆς
1696 2881 1790 2933 τοῦ
1823 2882 1935 2932 Κυ-

340 2973 466 3042 ρίου
506 2973 811 3044 παρουσίας
838 2973 943 3037 eo;
976 2973 1084 3027 τῶν
1122 2973 1218 3026 τοῦ
1247 2973 1488 3043 μεγάλου
1517 2973 1933 3027 Κωνσταντίνου

341 3062 555 3133 χρόνων
606 3064 918 3121 διιέλδευσεν.
960 3065 1104 3118 Ἀλλ’
1151 3066 1274 3118 οὐδὲ
1298 3066 1367 3119 τὰ
1398 3067 1494 3119 ὅλα
1520 3066 1703 3135 εὑρεῖν
1734 3065 1933 3135 ἠδυνή-

336 3153 468 3224 θην,
496 3156 637 3227 πλὴν
681 3157 783 3211 ὅσα
818 3155 1077 3227 γνώριμά
1112 3174 1202 3227 μοι
1236 3157 1330 3210 καὶ
1368 3158 1467 3227 τῆς
1505 3157 1768 3226 ἀληθείας
1802 3156 1952 3219 ίδια,·

2029 1983 2134 2028 est.
2185 1972 2292 2029 Sed
2328 1987 2504 2042 neque
2534 1972 2716 2027 omnia
2750 1969 2996 2025 invenire
3028 1970 3205 2040 potui,
3252 1980 3453 2039 praeter
3485 1977 3613 2024 nota

2028 2064 2161 2119 mihi
2193 2075 2249 2120 et
2283 2064 2529 2121 veritatis
2557 2062 2800 2135 propria,
2852 2078 2921 2117 ex
2962 2076 3026 2117 eo
3060 2061 3201 2115 libro
3249 2075 3411 2130 quem
3460 2061 3615 2131 prius

2029 2169 2130 2225 ego
2168 2153 2427 2225 legeram.
2463 2152 2598 2208 Cum
2639 2161 2822 2206 autem
2854 2165 2923 2205 ex
2985 2149 3231 2219 utrisque
3278 2147 3459 2218 aliqua
3499 2148 3614 2201 col-

2031 2246 2307 2315 legissem,
2346 2245 2719 2301 necessarium
2751 2243 3063 2299 existimavi
3115 2241 3207 2297 illa
3240 2242 3293 2296 in
3328 2242 3433 2296 hoc
3474 2240 3612 2295 libro

2031 2337 2344 2393 describere
2369 2341 2435 2393 ad
2467 2353 2811 2393 communem
2845 2337 3161 2403 utilitatem,
3199 2345 3364 2406 atque
3407 2335 3613 2390 coniirv

2033 2432 2330 2486 mationem
2382 2445 2571 2487 eorum
2608 2430 2699 2500 qui
2759 2429 2814 2484 in
2866 2430 2981 2484 hzee
3033 2429 3235 2498 scripta
3296 2427 3611 2483 inciderint.

2034 2523 2401 2578 Exordiemur
2424 2522 2680 2591 deinceps
2707 2536 3014 2577 sermonem
3039 2530 3287 2575 nostrum
3315 2520 3615 2592 (prmeunte

2033 2623 2199 2683 atque
2248 2613 2481 2670 ducente
2516 2628 2614 2666 nos
2662 2609 2775 2666 Deo
2812 2609 2990 2666 Verbo
3033 2625 3247 2680 semper
3296 2608 3531 2675 vivente)
3585 2624 3615 2662 ιι

2035 2704 2369 2774 temporibus
2403 2703 2554 2774 regni
2589 2701 2983 2772 religiosissimi
3018 2714 3074 2756 et
3107 2698 3417 2769 christigeri
3472 2697 3618 2767 regis

2033 2793 2402 2859 Constantini,
2445 2792 2537 2862 qui
2573 2791 2841 2864 synodum
2874 2792 3258 2860 episcoporum
3307 2790 3361 2843 in
3397 2787 3618 2842 civitate

2035 2884 2212 2938 Niczea
2248 2882 2569 2952 congregari
2612 2883 2795 2950 jussit.
2859 2880 2917 2933 In
2961 2881 3070 2934 alio
3107 2878 3521 2943 commentario,
3568 2878 3614 2933 si

2038 2973 2145 3027 lico
2173 2972 2367 3040 placet,
2429 2971 2768 3025 uatitilatem
2803 2970 2971 3040 ipsius
3000 2969 3109 3025 Deo
3138 2968 3443 3025 charissimi
3475 2966 3614 3022 Con.

2035 3062 2279 3130 Statttitti,
2328 3078 2393 3119 ae
2438 3073 2640 3117 statum
2700 3071 2999 3133 temporum
3056 3061 3251 3130 quibus
3301 3070 3455 3130 pater
3502 3056 3618 3126 ejus

2037 3154 2304 3226 regnavit,
2342 3154 2600 3210 referam.

335 3249 488 3304 κατὰ
510 3250 609 3315 τὴν
647 3251 1206 3321 προαναγνωσθεῖσάν
1245 3268 1335 3321 μοι
1373 3250 1576 3320 βίϐλον,
1612 3240 1794 3321 εὗρον.
1823 3250 1937 3303 Καὶ
1975 3249 2036 3313 ἐξ
2064 3248 2338 3319 ἑκατέρων
2404 3246 2826 3317 ἀναλεξάμενος,
2882 3247 3180 3316 ἀναγκαῖον
3205 3244 3393 3317 ᾠήθην
3417 3244 3620 3315 ἐγγράο

331 3344 441 3412 ψαι
473 3341 611 3410 τῷδε
639 3341 717 3412 τῷ
760 3341 951 3413 βιϐλίῳ
983 3342 1119 3412 πρὸς
1162 3343 1678 3415 ὡφέλειανάοινὴν,
1714 3345 1809 3399 καὶ
1842 3346 2125 3415 στήριγμα
2147 3344 2255 3397 τῶν
2324 3342 2721 3413 ἐντευξομένων
2796 3341 2932 3413 τῷδε
2964 3342 3045 3413 τῷ
3100 3342 3409 3414 γράμματι.
3435 3342 3623 3413 "Apis.

331 3455 434 3490 ται
460 3436 523 3507 δή
557 3453 646 3504 μοι
678 3436 863 3489 λοιπὸν
893 3437 922 3488 ό
959 3434 1139 3505 λόγος,
1173 3436 1656 3506 προοδοποιοῦντὸς

1736 3455 1825 3509 μοι
1866 3438 1961 3492 καὶ
2002 3436 2367 3507 ποδηγοῦντος
2451 3436 2541 3491 τοῦ
2584 3436 2673 3489 ἀεῖ
2716 3434 2918 3501 ζῶντος
2959 3434 3098 3489 Θεοῦ
3137 3435 3332 3505 Λόγου,
3362 3435 3471 3488 ἀπὸ
3513 3436 3621 3488 τῶν

330 3528 553 3600 χρόνων
575 3526 672 3596 τῆς
700 3525 981 3596 βασιλείας
1007 3527 1101 3580 τοῦ
1142 3527 1538 3581 εὐσεϐεστάτου
1602 3529 1699 3582 καὶ
1734 3529 2118 3600 Χριστοφόρου
2186 3528 2455 3599 βασιλέως
2523 3527 2966 3590 Κωνσταντίνου,
3008 3526 3102 3581 τοῦ
3142 3527 3234 3582 καί
3271 3528 3372 3597 τὴν
3404 3527 3620 3581 σύνοδον

327 3625 451 3678 τῶν
474 3625 789 3677 ἐπισκόπων
861 3624 920 3676 ὲν
979 3626 1049 3695 τῇ
1084 3623 1338 3678 Νικαέων
1406 3624 1862 3698 συναθροισθῆναι
1894 3627 2301 3699 προστάξαντος
2346 3625 2518 3681 πόλει.
2567 3625 2656 3677 Ἐν
2717 3623 2893 3696 ἑτέρῳ
2920 3625 3053 3694 γὰρ,
3083 3624 3134 3676 εί
3170 3622 3248 3694 τῷ
3290 3622 3409 3693 Θεῷ
3444 3622 3656 3691 φίλον.’

323 3718 412 3771 τὰ
439 3717 536 3787 τῆς
565 3717 834 3784 γενέσεως
863 3715 1174 3779 αὑτοῦ,καὶ
1203 3718 1312 3771 τῶν
1378 3720 1589 3789 χρόνων
1652 3720 1753 3791 τῆς
1811 3720 1907 3773 τοῦ
1956 3721 2165 3791 πατρὸς
2214 3720 2380 3774 αὑτοῦ
2425 3717 2838 3774 Κωνσταντίνου
2889 3716 2982 3772 τοῦ
3030 3706 3451 3788 θεοφιλεηστάτου
3502 3715 3618 3789 [ἵσ.

327 3808 782 3881 Κωνσταντίνου]
817 3809 1095 3879 βασιλείας
1121 3812 1221 3883 τὴν
1247 3813 1525 3884 διαγωγὴν
1555 3815 1769 3882 ὲντάξω
1800 3816 2217 3887 συγγράμματι.

766 3927 1165 3984 ΚΕΦΑΛΑΙΟΝ
1200 3929 1477 3985 ΠΡΩΤΟΝ
1482 3971 1497 3986 .

417 4056 437 4089 ι
479 4040 636 4099 Μετά
678 4039 775 4111 τὴν
818 4041 1082 4096 ἀπόθεσιν
1119 4043 1220 4116 τῆς
1270 4044 1558 4116 βασιλικῆς
1609 4046 1929 4118 ἀλουργίδος

322 4133 443 4203 τῆς
498 4132 609 4187 τῶν
652 4132 931 4204 τυράννων
971 4136 1355 4207 Διοκλητιανοῦ
1398 4138 1493 4191 καὶ
1540 4138 1925 4210 Μαξιμιανοῦ,

320 4224 434 4277 τὸν
484 4224 753 4278 ἰδιωτικὸν
804 4226 1190 4297 ἀπειληφότων
1245 4227 1425 4285 αὐτῶν
1468 4229 1605 4299 βίον,
1648 4230 1791 4285 καΟά
1820 4247 1929 4301 φη·-

324 4332 431 4368 σιν
462 4314 744 4380 Εὐσέϐιος,
778 4318 973 4387 χρόνου
1006 4320 1067 4371 οὐ
1094 4318 1350 4373 πλείστου
1383 4320 1589 4392 μεταξὺ
1608 4322 1923 4393 γενομένου,

322 4407 601 4479 βασιλεὺς
665 4409 1102 4473 Κωνσταντὶνος,
1156 4411 1287 4482 (τὸν
1321 4412 1501 4467 πάντα
1544 4412 1659 4484 βίον
1686 4413 1928 4486 πραότα-

320 4499 485 4569 τος),
545 4500 643 4554 καὶ
701 4504 813 4565 τοῖς
843 4501 1107 4574 ὑπηκόοις
1143 4503 1554 4571 εὖνοῖκώτατος,
1591 4506 1670 4577 τῷ
1708 4523 1766 4559 τε
1797 4506 1927 4576 θείῳ

318 4592 486 4662 λόγῳ
560 4592 1027 4663 προσφιλέστατον
1082 4595 1276 4649 ἑαυτὸν
1350 4594 1666 4667 διαθέμενος
1690 4638 1705 4664 ,
1765 4599 1927 4652 παῖδα

317 4684 563 4752 γνήσιον
615 4685 1025 4739 Κωνσταντῖνον
1071 4687 1453 4759 αὐτοκράτορα
1507 4690 1605 4743 καὶ
1665 4688 1926 4744 σεϐαστδν

316 4775 460 4831 ἀνθ’
491 4775 688 4829 ἑαυτοῦ
719 4776 1058 4842 καταλιπὼν,
1087 4778 1252 4849 κοινῷ
1286 4778 1501 4849 φύσεως
1533 4781 1682 4852 νόμῳ
1700 4781 1928 4854 τελευτᾷ

315 4867 426 4921 τὸν
470 4865 605 4937 βίον.
639 4866 885 4938 Ἀπάσης
919 4868 1058 4938 μετά
1087 4868 1338 4937 θάνατον,
1370 4872 1468 4941 ὅση
1506 4872 1721 4942 βασιλεῖ
1744 4891 1828 4938 τις
1860 4875 1928 4928 ἂν

312 4956 627 5025 ὠφείλετο,
656 4960 823 5029 τιμῆς
861 4959 1185 5031 ἠξιωμένος,
1220 4963 1605 5032 χρηστότατος,
1638 4965 1731 5017 καὶ
1751 4966 1927 5033 ὴπιὼο

313 5066 502 5112 τατος
532 5047 786 5118 βασιλεὺς
823 5054 1095 5121 γεγονὼς²
1128 5053 1195 5118 -ὂς
1236 5054 1301 5125 δὴ
1337 5054 1431 5107 καὶ
1468 5054 1627 5125 μόνος
1652 5055 1761 5107 τῶν
1804 5054 1923 5108 καθ’

312 5142 487 5212 ἡμᾶς
517 5138 756 5206 ὲπαξίως
790 5143 889 5213 τῆς
915 5144 1214 5214 ἡγεμονίας
1260 5147 1351 5199 τὸν
1389 5148 1570 5200 πάντα
1608 5147 1709 5217 τῆς
1751 5148 1924 5218 ἀρχῆς

305 5230 652 5295 διατελέσας
687 5233 899 5303 χρόνον,
940 5237 1036 5288 καὶ
1076 5235 1145 5289 τὰ
1177 5237 1311 5291 ἄλλα
1349 5240 1462 5300 τοῖς
1497 5239 1631 5291 πᾶσι
1670 5238 1926 5304 δεξιώτα-

396 5376 425 5408 ⁸
460 5373 603 5430 Hist.
633 5376 728 5432 lib.
765 5392 805 5442 ι,
835 5375 926 5433 26.

397 5515 772 5583 (5)1iufﬁntts
813 5527 990 5571 tamen
1052 5515 1303 5569 laudatur
1361 5514 1815 5587 alipillieronymo
1862 5515 1915 5568 in

301 5587 399 5644 Ch
412 5588 599 5641 ronico
626 5589 690 5639 ad
719 5605 808 5641 an.
828 5587 957 5651 577,
982 5587 1140 5651 longe
1166 5591 1286 5653 post
1304 5586 1591 5639 concilium
1616 5586 1912 5640 Nicaeuum.

311 5661 345 5714 \
371 5661 477 5710 ide
502 5667 662 5725 caput
698 5671 949 5725 sequens.
988 5656 1164 5710 "Ann.

392 5725 487 5793 (ὁ)
514 5725 576 5778 Et
602 5745 665 5782 ea:
684 5724 827 5787 aliis,
854 5727 963 5794 qui,
994 5738 1125 5789 ete.,
1155 5725 1312 5779 habet
1342 5725 1548 5779 Alfonsi
1583 5724 1760 5777 Pisani
1787 5742 1909 5779 ver-

295 5802 431 5860 sio,
476 5810 636 5865 quam
674 5798 967 5852 identidem
1002 5795 1351 5865 interpolavit
1385 5794 1665 5849 Ball'orcus
1707 5797 1910 5850 ειιὶιδιί-

1108 5905 1131 5933 ο

2535 3929 2766 3986 CAPUT
2807 3926 3100 3984 PRIMUM.

2112 4062 2131 4094 ι
2167 4042 2281 4096 Non
2320 4043 2490 4098 multo
2525 4053 2647 4112 post
2679 4052 2921 4111 tempore
2955 4040 3036 4111 (ut
3069 4041 3243 4109 inquit
3286 4040 3553 4096 Eu~ebius
3568 4040 3613 4110 ³)

2031 4152 2194 4206 quam
2224 4136 2442 4206 tyranni
2478 4135 2842 4191 Diocletianus
2875 4142 2929 4187 et
2977 4130 3339 4187 Maximianus
3372 4131 3613 4201 deposita

2029 4228 2196 4300 regali
2228 4242 2490 4298 purpura,
2525 4227 2792 4299 privatam
2832 4226 2997 4281 vitam
3036 4224 3339 4293 elegerunt,
3378 4224 3615 4292 impera-

2030 4334 2116 4378 tor
2159 4322 2512 4379 Constantius
2558 4322 2716 4393 (t0ta
2774 4320 2884 4374 vita
2940 4315 3448 4385 clementissimus)
3485 4315 3613 4371 sub-

2023 4415 2183 4486 jectis
2230 4413 2795 4478 benevolentissimus,
2838 4419 2893 4467 et
2924 4425 3053 4481 erga
3098 4409 3337 4464 divinmn
3373 4408 3610 4464 Verbum

2027 4506 2361 4563 amicissime
2409 4505 2807 4571 aﬂ‘eetus,cum
2867 4516 3181 4574 germanum
3246 4501 3414 4557 tilium
3454 4518 3611 4557 suum

2027 4597 2442 4655 Constantinum
2505 4599 2889 4665 imperatorem
2940 4602 2995 4650 ct
3031 4593 3336 4664 Augustum
3388 4607 3487 4664 pro
3553 4608 3613 4648 se

2032 4689 2374 4758 reliquisset,
2410 4686 2684 4743 communi
2732 4695 2943 4741 natura
3006 4683 3123 4746 lege
3182 4684 3344 4740 tinem
3394 4683 3611 4739 vivendi

2030 4781 2179 4837 fecit.
2209 4779 2341 4836 Post
2367 4787 2594 4834 mortem
2624 4778 2824 4848 dignus
2858 4776 3077 4833 habitus
3105 4775 3251 4830 omni
3283 4776 3494 4831 honore
3518 4776 3612 4844 qui

2031 4872 2347 4943 imperatori
2396 4870 2736 4936 debebatur,
2784 4869 2985 4940 quippe
3035 4868 3118 4922 vir
3169 4877 3224 4923 et
3273 4868 3510 4937 optinms
3557 4878 3615 4921 et

2028 4962 2497 5017 mansuetissimus
2523 4961 2644 5028 fuit,
2685 4961 2888 5030 quique
2932 4959 3080 5014 solus
3120 4958 3264 5013 inter
3313 4959 3609 5028 imperato-

2030 5069 2119 5110 res
2164 5063 2364 5109 nostrre
2405 5053 2703 5117 memoriae,
2746 5062 2917 5107 totum
2948 5051 3099 5121 regni
3140 5050 3224 5105 sui
3273 5058 3512 5118 tempus,
3551 5061 3611 5103 ιιι

2030 5147 2239 5217 imperii
2278 5145 2517 5214 dignitas
2561 5145 2822 5217 postulat.
2873 5143 3055 5215 exegit
3086 5153 3180 5198 :et
3214 5157 3337 5197 cum
3383 5142 3437 5195 in
3486 5141 3608 5196 aliis

2030 5238 2282 5293 omnibus
2327 5238 2782 5294 humanissimum
2811 5246 2867 5296 et
2896 5234 3449 5291 beneﬂcentissimum
3488 5246 3610 5290 sese

2029 5515 2239 5584 tuitque
2270 5531 2335 5569 ea;
2363 5516 2430 5570 iis
2447 5518 2538 5585 qui
2578 5528 2764 5571 sancta
2785 5517 2887 5581 illi,
2923 5527 3028 5572 etc.
3068 5517 3295 5573 Romani
3333 5532 3461 5573 vero
3478 5517 3608 5572 eili-

2027 5597 2171 5639 tores
2221 5585 2324 5637 illis
2379 5589 2603 5640 sublatis
2653 5598 2707 5641 et
2737 5588 3029 5642 substitute
3058 5589 3321 5655 particula
3353 5588 3512 5643 etiam
3548 5598 3607 5641 nt

2024 5656 2216 5709 melius
2244 5660 2594 5724 responderet
2621 5657 2815 5712 Graeco
2875 5661 3070 5720 textui.
3111 5675 3224 5714 rem
3256 5674 3473 5713 omnem
3508 5659 3607 5712 oh-

2022 5726 2498 5799 scurarunt._thtn_i
2561 5727 2830 5782 Bullinum
2867 5745 2973 5781 non
3029 5744 3189 5784 secus
3239 5743 3402 5799 atque
3434 5729 3605 5785 Euse-

2024 5798 2169 5851 bium
2193 5797 2424 5853 conciliu
2449 5794 2665 5854 Nicaeae
2694 5809 3015 5869 promentem
3053 5794 3356 5855 insinuant.
