4070 6384
383 337 514 402 1231

1266 344 1629 403 HISTORIA
1670 344 2001 404 CONClLlI
2045 344 2347 404 NlC.'ENl.
2386 370 2447 378 —-
2493 343 2640 402 LIB.
2688 341 2736 401 Ῑ.

3510 331 3645 393 1202

379 454 626 523 κηδείαν,
677 453 770 507 καὶ
816 452 913 518 τάς
957 454 1320 525 νομιζομένας
1354 457 1540 525 τιμάς,
1582 456 1786 526 ζημίαν
1821 456 1954 526 ἡγήρ

2087 468 2169 520 ιρι,
2207 468 2259 511 et
2292 467 2579 510 consuetos
2614 452 2967 521 'persolvisset
3006 450 3258 512 honores,
3288 447 3459 500 etiam
3498 448 3548 497 iu
3581 460 3645 498 ca

381 560 514 597 σατο
542 544 645 614 τῆς
687 545 969 615 Ῥωμαίων
1020 550 1304 618 συμφορᾶς
1346 546 1465 618 [ἵσ.
1500 548 1593 600 ἐπὶ
1629 549 1751 609 ταῖς
1786 547 1955 618 Ῥωμ.

382 634 717 707 συμφοραῖς]
747 635 844 706 τὴν
869 637 1123 707 ἡσυχίαν.
1159 639 1360 690 Ἦκουε
1388 639 1497 708 γάρ
1532 636 1630 706 τὴν
1670 636 1955 706 Ῥωμαίων

385 725 539 779 πόλιν
574 728 890 796 κάμνουσαν
937 732 1051 790 τοῖς
1102 728 1406 792 Μαξείντὶου
1452 730 1678 791 κακοῖς·
1735 727 1815 790 εἰς
1857 724 1966 799 γὰρ

383 816 648 888 ὠμότητα
671 818 985 889 τυραννίδος
1014 822 1043 872 ὁ
1075 819 1174 888 τῆς
1216 818 1496 888 βασιλείας
1524 815 1672 885 αὐτῷ
1705 814 1970 886 μετεϐάλ-

386 907 510 960 λετο
540 909 758 978 τρόπος.
786 909 1020 972 Πολλούς
1057 926 1117 962 τε
1160 910 1268 980 γὰρ
1313 908 1553 978 ἀκρίτως
1593 908 1701 959 τῶν
1739 908 1797 960 ἐν
1824 906 1967 959 τέλει

387 1000 605 1068 θανάτῳ
638 1001 980 1071 παραδιδοὺς,
1015 1000 1218 1071 ζημίας
1268 1019 1328 1054 τε
1382 1000 1475 1054 καὶ
1510 1001 1687 1068 φυγὰς
1729 998 1829 1052 καὶ
1869 998 1971 1067 τῆς

387 1091 492 1159 γῆς
537 1090 870 1160 ἀναδασμὺν,
920 1092 1011 1145 καὶ
1058 1092 1421 1161 προτιμῆσεις
1466 1090 1837 1155 ἀνεξετάστως
1868 1089 1972 1141 ἐπ-

387 1181 650 1234 έϐαλλενο
678 1182 779 1254 ἤδη
821 1183 878 1235 δὲ
918 1184 1010 1251 καί
1061 1184 1336 1251 γυναικῶν
1387 1182 1685 1253 ἀλλοτρίων
1734 1181 1896 1252 ἐρῶν,
1935 1179 1970 1251 ἢ

388 1275 503 1335 τοῖς
529 1274 901 1341 ἐπιτάγμασιν
935 1274 1182 1337 ἐϐιάζετο
1202 1289 1215 1303 ⁸
1242 1275 1335 1327 καὶ
1355 1275 1542 1327 λοιπὸν
1571 1272 1880 1342 ἀνασφαλὲς
1902 1268 1970 1341 ἦν

392 1367 630 1431 γυναῖκα
660 1366 803 1434 ἔχειν
823 1366 1096 1437 εὐπρεπῆ·
1112 1366 1207 1418 καὶ
1226 1365 1316 1418 διὰ
1350 1366 1705 1435 σωφροσύνης
1727 1364 1973 1435 φυλακὴν

394 1455 567 1526 πολλή
600 1473 682 1519 τις
712 1452 780 1526 ἦν
813 1459 952 1510 κατὰ
990 1460 1088 1530 τὴν
1125 1457 1279 1511 πόλιν
1314 1458 1617 1528 μιαιφονία.
1651 1458 1694 1509 Τ
1698 1457 1840 1511 αὔτα
1881 1456 1977 1510 καὶ

396 1542 630 1598 πλεῖστα
668 1545 836 1617 ἕτερα
867 1547 1085 1600 ἀκούων
1120 1550 1147 1601 ὁ
1177 1546 1592 1614 θεοφιλέστατος
1631 1548 1979 1601 Κωνσταντῖ-

393 1653 510 1698 νος,
538 1635 574 1690 ἆ
599 1637 671 1706 μὴ
695 1639 787 1706 τῆς
819 1639 1097 1709 παρούσης
1122 1641 1238 1692 ἐστὶ
1264 1638 1588 1705 συντάξεως,
1606 1635 1975 1708 παρωξύνετο.

396 1725 553 1779 Ποιεῖ
590 1726 697 1795 γάρ
726 1727 931 1780 οἰκείαν
961 1727 1138 1797 λύπην
1185 1730 1302 1792 τοῖς
1344 1728 1607 1795 φιλοθέοκ
1654 1726 1909 1798 ἀνδράσιν
1943 1725 1977 1794 ή

394 1816 508 1870 τῶν
531 1816 826 1888 ἀλλοτρίων
862 1819 1203 1890 πραγμάτων
1223 1819 1425 1873 ἀδικία.

1011 1955 1057 2005 Κ
1068 1955 1261 2007 ΕιῐιᾹᾹ.
1304 1952 1378 2007 Γ¹.

400 2064 698 2145 Umbro?)
738 2066 1063 2145 ,βασιλέως
1082 2068 1566 2145 Κωτστςιντὶνου,
1621 2069 1781 2134 ὅπως
1830 2067 1984 2123 κατὰ

474 2136 578 2188 τοῦ
611 2136 906 2202 τυράννου
932 2136 1265 2200 Μαξεντίου
1293 2138 1907 2205 ἐστρατοπεδεύσατο.

487 2243 694 2296 Ἐδόκει
717 2244 780 2313 δὴ
808 2244 954 2315 αὐτῷ
984 2245 1167 2298 λοιπὸν
1204 2245 1314 2299 τῶν
1357 2246 1538 2300 ὅπλων
1572 2247 1863 2315 ἅπτεσθαι,
1890 2249 1986 2301 καὶ

394 2336 512 2396 τοῖς
538 2334 763 2388 τοιαῦτα
792 2338 1063 2406 πάσχουσι
1103 2337 1396 2405 Ῥωμαίοις
1426 2337 1739 2408 ἐπαμῦναι·
1776 2339 1837 2392 τὸ
1874 2341 1998 2409 γάρ·

400 2425 645 2489 ἐκείνους
684 2427 793 2480 τῶν
823 2427 1006 2481 κακῶν
1050 2427 1347 2496 ἐξελέσθαι,
1395 2430 1508 2483 ἴσον
1544 2426 1633 2501 ἦν,
1676 2428 1849 2497 εἶπεν,
1892 2432 1987 2484 καὶ

399 2521 613 2584 πάντας
653 2518 971 2590 ἀνθρώπους
1012 2521 1297 2579 διασῶσαι.
1338 2522 1541 2596 Βουλὴν
1583 2524 1641 2577 δὲ
1681 2523 1972 2595 λαμϐάνει,

402 2614 673 2682 πρότερον
714 2612 813 2673 τὰς
862 2614 1277 2678 ἀποστατούσας
1326 2616 1512 2679 πόλεις
1548 2616 1653 2687 τῆς
1695 2617 1986 2688 Ῥωμαίων

400 2702 701 2771 ἡγεμονίας
729 2703 1193 2766 ἀνακαλέσασθαι,
1229 2705 1327 2769 τὰς
1359 2707 1458 2776 μὲν
1502 2710 1612 2769 τοῖς
1655 2707 1860 2776 λόγοις,
1890 2708 1988 2772 τὰς

399 2792 464 2845 δὲ
486 2796 597 2854 τοῖς
620 2793 822 2856 ὅπλοις,
852 2796 949 2858 τὰς
972 2795 1030 2847 δὲ
1060 2797 1124 2864 τῇ
1163 2797 1263 2864 τῆς
1292 2796 1702 2866 φιλανθρωπίας
1739 2800 1983 2870 εὐποιία.

403 2883 547 2946 Tati;
592 2900 652 2936 τε
684 2884 795 2954 γάρ
841 2887 1043 2955 φόρους
1085 2888 1268 2948 αὐτοῖς
1308 2888 1671 2957 κουφοτέρους
1715 2890 1986 2961 ἀπέφηνε,

404 2973 505 3025 καὶ
554 2974 651 3042 τὴν
701 2974 801 3044 τῆς
849 2976 1166 3047 ἀκροάσεως
1214 2976 1436 3047 ἰσότητα
1481 2981 1734 3050 παρεῖχε,
1778 2981 1877 3045 τάς
1928 2998 1990 3035 τε

399 3065 829 3134 νεωτεροποιίας
853 3068 949 3124 καὶ
984 3068 1242 3133 ἀπονοίας
1271 3070 1510 3133 συνετῶς
1533 3070 1745 3138 διέλυε,
1768 3073 1990 3127 σιωπῶν

2068 547 2434 602 Romanorum
2487 546 2797 601 calamitate
2847 542 2948 596 sibi
2999 544 3251 594 damnum
3295 553 3419 592 esse
3469 537 3644 590 duxit.

2067 639 2288 694 Audivit
2309 640 2451 692 enim
2483 637 2708 689 linttiam
2736 631 2993 688 Maxentii
3031 630 3376 699 improbitate
3410 626 3648 696 graviter

2073 730 2256 798 allligi,
2294 729 2387 798 qui
2435 727 2583 798 regni
2625 726 3054 781 moderationem
3086 723 3137 776 in
3172 737 3368 776 smvam
3407 718 3648 789 tyranni-

2072 822 2192 877 dem
2241 828 2689 876 eommutaverat.
2741 815 2933 870 Multos
2975 814 3120 866 enim
3175 812 3447 882 principes
3498 810 3646 863 viros

2074 913 2271 966 indicta
2313 926 2473 964 causa
2515 911 2630 964 neci
2662 909 2813 963 dedit
2845 926 2858 961 :
2890 906 3149 975 supplicia
3186 913 3240 957 et
3285 903 3475 957 exsilia
3510 901 3649 954 irro-

2072 1007 2252 1077 gabat,
2308 1020 2467 1074 agros
2514 1014 2567 1060 et
2612 1005 2854 1058 honores
2903 1002 3022 1056 sine
3070 998 3282 1053 delectu
3335 994 3643 1047 tribuebat:

2075 1097 2281 1150 alienas
2318 1096 2610 1166 conjuges,
2655 1108 2885 1164 quarum
2931 1105 3116 1144 amore
3172 1086 3509 1156 capiebatur,
3559 1092 3654 1135 aut.

2079 1188 2264 1242 framle
2309 1189 2361 1240 in
2393 1199 2637 1256 stuprum
2668 1185 2859 1249 illexit,
2901 1191 2994 1238 aut
3024 1181 3270 1251 imperiis
3298 1178 3362 1231 ad
3394 1174 3652 1246 ﬂagitium

2078 1277 2328 1346 impulit:
2365 1276 2491 1329 nulli
2543 1284 2716 1329 tutum
2768 1282 2889 1328 erat
2933 1272 3231 1325 formosam
3280 1281 3505 1320 uxorem
3558 1264 3657 1316 lia-

2079 1370 2249 1423 bere:
2282 1362 2549 1435 pudicitiae
2583 1363 2817 1419 tutandze
2865 1377 3029 1417 causa
3081 1360 3243 1413 multa
3296 1366 3411 1411 erat
3450 1355 3500 1409 in
3542 1361 3652 1406 tota

2079 1461 2213 1512 urbe
2242 1459 2435 1512 «aedes.
2471 1455 2607 1510 Cum
2658 1455 2770 1509 htce
2803 1453 3015 1521 aliaque
3060 1449 3312 1520 plurima,
3342 1459 3462 1514 quae
3495 1441 3660 1510 hujus

2080 1550 2312 1604 instituti
2364 1564 2467 1602 non
2523 1556 2667 1610 sunt,
2705 1544 3096 1600 Constantinus
3143 1540 3250 1593 Deo
3299 1535 3657 1592 cbarissimus

2082 1641 2401 1703 audivisset,
2432 1639 2671 1709 graviter
2704 1641 3007 1691 commotus
3040 1642 3141 1686 est.
3179 1627 3321 1683 Viris
3366 1626 3509 1681 enim
3558 1622 3662 1692 piis

2084 1731 2366 1801 proprium
2399 1729 2639 1784 dolorem
2669 1732 2975 1782 commovet
3011 1722 3187 1776 aliena
3232 1716 3455 1787 injuria.

2726 1942 2883 2003 CAP.
2933 1943 3019 2004 llI.

2086 2062 2160 2116 De
2220 2076 2336 2130 rege
2390 2052 3092 2130 Couslwuino,__quomodo
3136 2050 3422 2130 exercitum
3478 2054 3662 2098 contra

2437 2138 2721 2197 tyrannum
2769 2120 3096 2176 Maxentium
3127 2120 3275 2173 duxit
3289 2160 3300 2172 .

2159 2244 2365 2300 Placuit
2395 2258 2525 2313 ergo
2550 2239 2906 2296 Constantino
2937 2251 3083 2290 arma
3118 2248 3331 2304 capere,
3366 2242 3424 2287 et
3459 2231 3663 2285 Ilonm-

2088 2350 2187 2389 nos
2219 2350 2247 2388 a
2284 2332 2482 2388 talibus
2527 2330 2741 2399 injuriis
2768 2328 3086 2392 vindicare;
3118 2340 3239 2378 nam
3279 2323 3417 2395 illos
3448 2337 3513 2376 ex
3546 2335 3663 2373 ma—

2089 2427 2155 2481 lis
2188 2425 2398 2495 eripere
2426 2423 2651 2492 perinde
2695 2435 2815 2475 esse
2843 2419 3075 2482 dicebat,
3127 2425 3287 2485 atque
3342 2428 3535 2468 omnes
3563 2413 3662 2465 bo-

2093 2516 2266 2572 mines
2296 2529 2544 2570 servare.
2574 2511 2813 2566 Primum
2842 2510 3032 2565 statuit
3068 2520 3324 2563 revocare
3353 2507 3516 2561 urbes
3548 2518 3669 2573 qua

2090 2626 2119 2663 a
2148 2608 2396 2663 Romano
2431 2606 2661 2675 imperio
2697 2603 3071 2667 desciverant;
3113 2600 3246 2653 alias
3275 2598 3491 2668 quidem
3532 2609 3668 2648 vcr-

2094 2702 2199 2763 bis,
2240 2700 2374 2754 alias
2399 2714 2529 2753 vero
2559 2695 2746 2761 armis,
2793 2694 3079 2750 nonnullas
3104 2691 3269 2746 etiam
3302 2685 3672 2743 beneﬁcentia:

2091 2803 2146 2846 et
2183 2789 2537 2845 humanitatis
2568 2787 2779 2843 oﬂiciis.
2828 2785 2963 2841 Nam
3017 2783 3216 2839 tributa
3254 2780 3453 2835 leviora
3493 2777 3671 2833 reddi.

2091 2882 2189 2946 dit,
2225 2883 2277 2936 in
2320 2882 2628 2935 hominibus
2674 2878 2959 2933 audiendis
2996 2872 3456 2939 admittendisque
3488 2883 3672 2937 aequa-

2094 2973 2254 3026 bilem
2302 2987 2361 3027 se
2390 2969 2618 3041 praebuit
2650 2986 2667 3031 ι
2696 2982 2876 3022 rerum
2920 2979 3183 3019 novarum
3217 2961 3413 3024 studia.
3434 2969 3490 3014 et
3522 2960 3672 3015 inse-

2095 3063 2289 3119 lentias
2337 3071 2495 3118 caute
2529 3060 2770 3126 sustulit,
2809 3057 3026 3112 silentio
3071 3054 3245 3123 magis
3275 3067 3435 3121 quam
3471 3061 3614 3103 metu
3648 3065 3666 3102 :

398 3154 614 3230 μᾶλλον
642 3156 675 3228 ἦ
709 3158 889 3226 φοϐῶν
911 3177 924 3190 ·
957 3158 1113 3223 εἰδὼς
1151 3159 1222 3213 τά
1253 3160 1477 3231 Σαύρων
1506 3163 1600 3217 καὶ
1630 3164 1696 3218 τὰ
1722 3166 1982 3236 Φράγκων

2093 3157 2271 3211 sciens
2301 3153 2623 3219 Saurorum,
2651 3152 2987 3206 Francorum
3017 3158 3072 3203 et
3121 3147 3514 3205 Germanorum
3538 3157 3673 3211 gen.-

397 3246 504 3303 καὶ
532 3247 600 3300 τὰ
630 3247 927 3318 Γερμανῶν
961 3249 1087 3321 ἔθνη
1129 3252 1421 3321 φιλόκαινά
1441 3271 1500 3307 τε
1534 3252 1695 3322 εἶναι,
1729 3260 1823 3312 καὶ
1856 3262 1991 3329 πρὸς

393 3337 508 3399 τὰς
540 3337 651 3392 τῶν
700 3340 970 3409 βασιλέων
1018 3343 1424 3408 ἐπαναστάσεις
1481 3347 1799 3418 εὺρίπιστον
1847 3350 1991 3422 ἔχειν

391 3428 605 3499 ὁρμὴν,
639 3431 735 3483 καὶ
783 3431 949 3500 νόμον
993 3431 1258 3498 πολλάκις
1289 3434 1389 3506 τὴν
1421 3435 1647 3508 γνώμην
1696 3441 1988 3493 ποιεῖσθαι.

405 3520 771 3591 ’Υπηγάγετο
800 3522 857 3574 δὲ
883 3524 974 3576 καὶ
1008 3524 1273 3589 Σπάνους,
1299 3528 1397 3580 καὶ
1427 3527 1748 3600 Βρετανοὺς,
1782 3531 1993 3595 καὶτὰς

388 3611 595 3666 αὐτόθι
618 3613 835 3682 νήσους,
870 3613 965 3667 καὶ
998 3613 1065 3668 τά
1096 3614 1258 3669 λοιπὰ
1285 3616 1439 3687 γένη,
1472 3618 1566 3672 καὶ
1594 3618 1840 3684 ἅπαντας
1870 3623 1994 3687 τοὺς

386 3702 516 3756 τῶν
541 3702 636 3755 τοῦ
672 3703 821 3773 ἡλίου
859 3703 1082 3775 δυσμῶν
1127 3707 1450 3776 γινομένους
1491 3710 1809 3782 μάρτυραςο
1853 3712 1994 3771 εἰδέ-

386 3810 491 3848 ναι
518 3792 597 3865 (6)
631 3795 818 3862 φασιν,
872 3794 984 3848 εἴτε
1017 3796 1233 3867 ἀληθῶς
1257 3797 1335 3868 τῷ
1386 3800 1615 3871 ὠκεανῷ
1641 3802 1992 3865 καταδύεται,

383 3885 516 3939 εἴτε
552 3884 651 3937 καὶ
684 3885 815 3956 περὶ
844 3886 905 3939 τὸ
925 3886 1068 3958 ὕδωρ
1092 3888 1327 3956 φθάσας,
1361 3890 1526 3945 πάλιν
1552 3891 1618 3945 δι’
1650 3893 1846 3964 ἑτέρας
1873 3893 1994 3947 ὁδοῦ

383 3977 543 4050 πρὸς
579 3977 726 4046 ἡμᾶς
755 3979 1142 4046 ἀνακάμπτειο
1185 3976 1298 4033 εἷλε
1327 3981 1384 4033 δὲ
1422 3982 1516 4034 καὶ
1542 3981 1621 4053 τῷ
1656 3985 1849 4055 κράτει
1885 3984 1996 4040 τῶν

2097 3260 2176 3306 tes
2214 3249 2472 3303 novitatis
2511 3247 2805 3309 studiosas,
2850 3252 3056 3299 contra.
3094 3255 3250 3310 reges
3301 3246 3479 3291 tantus
3514 3234 3675 3288 facile

2093 3342 2390 3405 concitare,
2426 3354 2492 3394 ac
2538 3351 2682 3407 saepe
2724 3334 2890 3390 animi
2938 3340 3453 3399 seusum.tanqn:un
3502 3327 3676 3393 legem

2094 3433 2270 3501 sequi.
2305 3430 2543 3485 Adduxit
2563 3428 2729 3485 etiam
2760 3427 3052 3496 Hispanos,
3086 3422 3406 3485 Britannos,
3433 3428 3489 3473 et
3521 3420 3677 3472 insu—

2098 3520 2270 3574 larum
2314 3534 2436 3588 quaa
2469 3518 2580 3574 illic
2620 3525 2748 3572 sunt
2794 3513 3022 3580 incolas,
3050 3522 3219 3580 atque
3256 3512 3505 3566 nationes
3550 3505 3678 3561 reli-

2098 3624 2497 3685 quas:omnes
2541 3608 2708 3664 etiam
2769 3619 3008 3663 occaSus.
3045 3603 3175 3658 solis
3233 3612 3418 3667 testes,
3475 3599 3568 3670 qui
3620 3612 3680 3652 se

2097 3704 2240 3758 scire
2260 3701 2560 3772 gloriantur
2588 3708 2766 3752 utrum
2791 3696 2871 3752 sol
2903 3709 3028 3748 vere
3053 3693 3272 3749 Oceano
3298 3693 3676 3757 innuergatur.

2099 3795 2213 3849 sive
2245 3793 2448 3850 circum
2481 3807 2649 3861 aquas
2675 3803 2933 3859 currens,
2964 3802 3177 3841 rursum
3217 3786 3323 3839 alia
3358 3785 3443 3839 via
3479 3783 3546 3842 ad
3577 3796 3679 3836 nos

2100 3887 2288 3942 redeat
2316 3903 2333 3941 :
2367 3884 2625 3939 barbaras
2662 3881 2770 3937 illic
2809 3888 2996 3951 gentes
3024 3878 3077 3933 vi
3098 3887 3153 3932 et
3181 3877 3351 3931 armis
3380 3875 3544 3946 cepit,
3577 3874 3681 3927 bac

2100 3978 2249 4032 velut
2295 3976 2416 4031 belli
2468 3976 2781 4030 accessione
2834 3973 2917 4034 ad,
2946 3978 3256 4038 susceptum
3306 3970 3442 4033 Opus
3476 3977 3680 4035 oppor-

2103 4080 2231 4125 tune
2259 4084 2408 4123 usus.
2456 4068 2532 4123 Ex
2581 4067 2649 4121 iis
2680 4065 2824 4121 enim
2856 4061 3070 4133 populis
3107 4060 3245 4114 alios
3286 4057 3505 4128 quidem
3547 4055 3682 4109 sub-

2100 4163 2232 4233 egit,
2266 4160 2385 4215 aliis
2406 4158 2676 4230 stipendia
2710 4155 2892 4220 solvit,
2916 4152 3201 4207 nonnullos
3233 4150 3393 4204 etiam
3414 4162 3481 4202 ex
3513 4145 3681 4201 bosti-

379 4065 589 4120 ὃπλων
624 4065 691 4117 τὰ
721 4066 910 4119 αὐτόθι
944 4067 1198 4139 βάρϐαρα
1245 4068 1408 4137 φῦλα,
1442 4071 1707 4143 παρέργῳ
1747 4073 1847 4143 τῆς
1889 4074 1998 4144 μά-

380 4172 506 4228 χης
542 4153 683 4225 πρὸς
715 4154 774 4207 τὸ
826 4155 986 4226 ἔργον
1028 4159 1499 4229 συγχρησάμενος.
1553 4161 1693 4225 Τοὺς
1743 4163 1843 4232 μὲν
1888 4163 1998 4235 γὰρ

378 4243 705 4308 ὑποτάξας.
738 4248 862 4310 τοὺς
910 4247 968 4301 δὲ
1002 4248 1421 4319 μισθοδοτήσας,
1465 4252 1592 4314 τοὺς
1643 4252 1831 4319 φίλους
1877 4254 1982 4307 ἁνττ

2103 4256 2201 4310 bus
2257 4254 2481 4317 amicos,
2541 4266 2610 4308 ex
2660 4249 2933 4305 veteribus
2984 4244 3220 4300 inimicis
3269 4241 3575 4297 familiares
3629 4246 3688 4294 et.

380 4338 707 4407 πολεμίων,
741 4340 832 4391 καὶ
862 4338 1119 4409 συνήθεις
1166 4343 1287 4396 ἀντὶ
1341 4343 1588 4401 παλαιῶν
1638 4344 1852 4416 ἐχθρῶν
1897 4363 1982 4400 και

2104 4347 2430 4415 conjunctos
2473 4342 2710 4399 reddidit
2739 4358 2754 4395 :
2783 4355 2973 4395 omnes
2999 4352 3124 4391 vero
3155 4333 3320 4389 futuri
3347 4331 3473 4388 belli
3499 4331 3679 4386 socias

377 4425 713 4494 ταστήσας,
761 4427 1081 4497 ἐπανήγαγε
1131 4431 1342 4494 πάντας
1402 4431 1749 4502 συμμάχους,
1812 4432 1982 4488 οὐδένα

2105 4440 2207 4493 sibi
2238 4436 2508 4505 adiunxit,
2538 4433 2806 4488 neminem
2843 4431 3063 4495 laedens,
3112 4443 3212 4482 nec
3249 4425 3532 4481 obsidione
3562 4436 3688 4491 pre-

375 4520 684 4590 λυπήσας,
713 4520 833 4573 οὐδὲ
854 4521 1245 4592 πολιορκήσας,
1280 4524 1375 4577 καὶ
1407 4526 1499 4579 ἐπὶ
1528 4526 1628 4597 τὴν
1658 4525 1860 4599 ἑτέρων
1891 4544 1982 4585 σω-

2108 4544 2283 4593 mens,
2318 4536 2373 4582 et
2420 4526 2486 4580 ad
2530 4525 2759 4578 aliorum
2810 4521 3041 4576 salutem
3099 4533 3291 4587 magna
3335 4513 3686 4570 festinatione

371 4613 611 4684 τηρίαν
641 4612 938 4682 ἐπειχθείς.
970 4612 1144 4669 Ὅπου
1174 4616 1282 4687 γὰρ
1311 4618 1338 4670 ὁ
1364 4617 1497 4681 Θεὸς
1529 4620 1829 4689 συμμαχεῖ,
1865 4619 1982 4674 πάν-

2109 4634 2429 4690 properans.
2483 4617 2594 4672 Deo
2645 4605 2790 4671 enim
2836 4614 2960 4668 belli
3006 4604 3488 4679 adjutoretoxmtia
3540 4610 3688 4659 recte

370 4723 457 4760 τα
494 4703 925 4767 κατευθύνεται,
958 4707 1051 4758 καὶ
1066 4707 1157 4759 τὸν
1174 4707 1514 4777 ἀνθρώπινον
1541 4709 1804 4780 λογισμὸν
1831 4710 1982 4780 ὑπερ-

2105 4720 2384 4780 geruntur,
2417 4719 2471 4764 et
2511 4725 2598 4764 res
2643 4724 2804 4776 supra
2856 4708 3088 4761 humana
3137 4700 3359 4757 consilia
3403 4699 3468 4752 ad
3500 4695 3688 4750 melio-

370 4797 579 4868 αἱρει.
624 4796 782 4848 Μετὰ
839 4796 1093 4868 τοιαύτης
1144 4798 1394 4867 φιλοθὲου
1453 4800 1680 4871 γνώμης
1736 4804 1765 4855 ὁ
1819 4802 1982 4856 πάντα

2105 4817 2191 4856 res
2240 4801 2611 4868 provelmutur
2656 4798 2855 4852 exitus.
2903 4795 3039 4852 Cum
3072 4795 3174 4855 hoc
3216 4792 3378 4862 igitur
3402 4801 3508 4843 tam
3540 4787 3687 4854 pium

372 4885 735 4950 πιστότατος
762 4889 1167 4952 Κωνσταντῖνος
1203 4891 1292 4946 τὸν
1336 4890 1526 4961 Ῥῆνον
1575 4892 1667 4944 ἐπὶ
1705 4891 1857 4964 δεξιᾷ
1883 4893 1982 4947 δια·

2102 4892 2388 4947 consilium
2455 4891 2508 4944 in
2563 4889 2746 4943 animo
2820 4887 3046 4942 haberet
3109 4883 3456 4938 ﬁdelissimus
3520 4880 3692 4945 impc-

369 4980 524 5044 ϐάς,
566 4976 663 5029 καὶ
689 4977 857 5031 πολλὰ
890 4979 987 5048 μὲν
1022 4978 1149 5051 ὅρη,
1186 4979 1413 5045 πολλοὺς
1448 4981 1502 5034 δὲ
1546 4984 1826 5051 ποταμοὺς
1866 4984 1982 5035 ἀνω⁴

2106 4992 2259 5037 rator
2309 4983 2699 5037 Constantinus
2725 5021 2757 5048 ,,
2788 4979 3036 5035 Bbenum
3083 4974 3282 5029 ﬂutneu
3328 4971 3393 5025 ad
3445 4970 3692 5037 dextram

370 5072 445 5124 νύ
457 5085 619 5140 μους
645 5068 810 5138 ὀλίγῳ
834 5069 1050 5141 στρατῴ
1075 5072 1428 5142 περαιωθεὶς,
1450 5071 1622 5125 πολλά
1648 5090 1707 5125 τε
1741 5072 1982 5145 βάρϐαρα

2107 5073 2359 5142 trajecit;
2413 5073 2608 5128 multos
2658 5083 2907 5138 montes,
2957 5069 3155 5125 multos
3205 5066 3367 5122 etiam
3415 5061 3531 5117 sine
3594 5073 3693 5115 nos

365 5162 533 5229 ἔθνη
578 5159 1004 5229 χειρωσάμενος,
1038 5160 1257 5214 Γάλλων
1303 5179 1385 5227 τε,
1441 5164 1534 5216 καὶ
1579 5164 1868 5234 Φράγκων,
1903 5164 1982 5218 κα¹

2104 5167 2249 5221 mine
2300 5164 2507 5225 ﬂuvios,
2551 5180 2671 5219 cum
2731 5164 2941 5233 exiguis
2999 5161 3231 5230 primum
3289 5155 3458 5224 copiis
3515 5162 3693 5209 trans-

364 5251 642 5305 Σπάνων
686 5250 821 5302 δέκα
855 5250 982 5321 ἔθνη
1034 5253 1464 5323 προσαγόμενος,
1522 5256 1764 5326 προσῆγε
1812 5254 1982 5308 λοιπὸπ

2102 5258 2251 5312 misit
2294 5275 2311 5313 :
2348 5257 2539 5311 deinde
2591 5255 2843 5311 Barbaris
2890 5254 3074 5308 multis
3099 5247 3358 5311 subactis,
3388 5245 3689 5306 Gallorum,

362 5344 495 5413 τῆς
547 5339 792 5421 Ἰταλίας
826 5342 977 5413 ὄρεσι
1023 5342 1084 5396 τὸ
1115 5345 1447 5416 στράτευμα.
1480 5345 1664 5398 Ταῦτα
1698 5345 1982 5399 ἀκούσαντι

2102 5348 2145 5403 F
2152 5363 2458 5409 raucorum,
2488 5356 2544 5401 et
2594 5346 2949 5416 Hispanorum
3001 5344 3185 5397 decem
3228 5336 3540 5399 nationibus
3585 5332 3688 5386 sibi

359 5433 463 5503 τῷ
501 5428 830 5500 Μαξεντίῳ,
866 5434 1081 5504 ταραχή
1126 5453 1211 5498 τις
1250 5431 1318 5506 ἦν
1363 5435 1645 5507 ἀδόκητος.
1680 5438 1755 5489 Οὐ
1791 5435 1899 5507 γὰρ
1932 5437 1982 5491 tit

2101 5438 2371 5508 adjunctis
2408 5476 2425 5503 ,
2480 5438 2744 5508 reliquum
2812 5450 3026 5490 omnem
3079 5434 3382 5497 exercitum
3420 5429 3487 5483 ad
3526 5426 3692 5479 Italiae

362 5538 537 5578 ποτε
589 5520 860 5591 τοσαύτην
897 5523 1084 5596 χώραν
1137 5525 1389 5595 διαϐῆναι
1434 5528 1762 5597 προσεδόκα,
1820 5527 1982 5599 ὄρεσι,

2102 5540 2314 5592 montes
2366 5530 2639 5603 perduxit.
2706 5526 3036 5591 Maxentium
3089 5535 3194 5583 tam
3262 5522 3555 5595 inopinata:
3614 5514 3695 5579 rei

450 5683 549 5753 (6)
596 5682 775 5747 Forte,
812 5681 864 5736 εἴ
899 5683 1114 5739 εἰδέναι.
1146 5684 1316 5744 llam».
