4070 6404
460 289 599 354 Ῑὲυἱὶ

1738 289 2043 348 GELASH
2086 288 2433 349 αγιιιλΕΝι

3610 286 3747 350 1ζο4

457 406 679 460 nuntius
710 418 1038 474 magnopere
1079 402 1393 456 commovit.
1444 400 1733 472 Nunquam
1766 402 1913 454 enim
1946 417 2045 470 pu-

2161 400 2248 453 καὶ
2288 402 2583 471 ποταμοῖς,
2611 401 2704 453 καὶ
2759 401 3024 464 ποικίλοις
3073 399 3371 472 βαρεάροις
3417 399 3745 468 πεφραγμέ-

458 496 593 550 tavit
638 493 775 558 fore,
822 502 879 546 ut
914 492 1182 562 quispiam
1236 490 1541 546 exercitum
1596 506 1691 560 per
1741 499 1852 544 tam
1903 491 2042 544 latas

464 586 716 658 regiones
763 584 1063 654 trajiceret,
1124 597 1328 652 easque
1386 583 1684 649 montibus,
1731 583 1935 648 ﬂuviis,
1988 593 2044 639 et

457 678 751 733 multorum
776 676 1135 731 barbarorum
1159 675 1329 730 armis
1356 674 1709 741 interclusas,
1738 684 1903 746 atque
1923 675 2043 730 aliis

457 758 621 823 etiam
670 767 1113 831 diiiicultatihus,
1177 780 1299 836 qua:
1358 767 1409 821 in
1473 765 1608 822 locis
1660 768 1894 823 desertis
1947 782 2043 823 sua

459 871 652 929 sponte
706 857 1058 929 preveniunt.
1131 857 1446 927 Regnorum
1514 857 1661 912 enim
1731 857 2045 928 praesidium

461 951 760 1005 maximum
819 950 1144 1021 plerumque
1203 950 1263 1003 lit
1317 950 1431 1017 ipsa
1482 947 1725 1004 locorum
1787 948 2042 1004 solitudo.

458 1043 674 1098 Placuit
734 1041 952 1096 interim
998 1040 1300 1096 exercitum
1354 1040 1496 1096 clam
1553 1040 1724 1096 Roma
1762 1055 2045 1111 egressum

462 1134 630 1189 multa
661 1149 782 1188 cum
820 1133 1102 1188 celeritate
1147 1134 1438 1188 adversum
1475 1132 1696 1198 dueere,
1737 1141 1793 1186 et
1835 1133 2045 1187 hostem

464 1225 534 1279 ab
559 1224 714 1279 italia
740 1223 1033 1293 depellere.
1071 1222 1179 1280 Ubi
1203 1239 1333 1279 vero
1362 1234 1551 1279 contra
1580 1225 1868 1279 instructae
1890 1234 2050 1280 erant

462 1317 635 1382 acies,
667 1325 725 1371 et
764 1316 877 1371 visa
934 1315 1193 1385 utrinque
1235 1316 1496 1371 militaria
1540 1316 1739 1385 signa;
1790 1325 1902 1371 tum
1939 1332 2047 1372 non

463 1408 656 1464 eadem
690 1422 785 1477 spe
814 1407 1102 1476 pugnaturi
1142 1408 1484 1463 videbantur.
1518 1408 1747 1464 Romani
1778 1410 1923 1465 enim
1949 1425 2049 1464 ex-

464 1502 651 1573 positi,
686 1510 742 1557 et
782 1514 879 1571 per
927 1499 1226 1571 phalanges
1280 1500 1460 1570 eiiusi,
1492 1500 1605 1556 tum
1659 1502 1826 1558 multa
1871 1518 2053 1559 cessa-

446 1596 615 1667 ,tione
656 1602 711 1651 et
751 1593 938 1665 quiete
978 1595 1232 1660 recreati,
1267 1596 1413 1664 digni
1462 1595 1789 1651 videbantur
1818 1597 1910 1667 qui
1950 1613 2052 1668 pu-

464 1701 627 1755 gnam
688 1700 813 1741 cum
862 1684 1019 1739 hoste
1068 1686 1506 1752 committerent,
1546 1686 1776 1756 spiritus
1826 1702 2054 1759 magnos

466 1785 725 1845 gerentes
761 1783 817 1831 et
845 1777 980 1830 urbe
1008 1776 1123 1845 ipsa
1161 1777 1374 1846 dignos.
1415 1776 1758 1837 Constantini
1790 1793 1922 1833 vero
1950 1779 2053 1835 mi-
2087 1763 2131 1819 Β

464 1864 591 1923 lites
615 1868 669 1923 in
702 1869 871 1925 armis
890 1879 1101 1926 stantes
1131 1869 1409 1934 instructi,
1437 1869 1662 1923 multam
1690 1859 1910 1939 quidem
1935 1880 2045 1926 ter-

464 1973 584 2016 ram
634 1969 1055 2030 occupaverant,
1107 1960 1277 2015 multa
1329 1976 1459 2015 vero
1505 1961 1674 2031 spolia
1724 1970 1779 2017 et
1825 1963 2053 2019 exuvias

2145 499 2265 561 νην,
2301 494 2395 545 καὶ
2445 493 2570 555 ταῖς
2620 492 2920 560 αὐτοφυέσι
2950 492 3049 561 τῆς
3092 489 3333 561 ἐρημίας
3374 487 3750 557 δυσχερείαις.

2146 583 2423 652 Μέγιστον
2455 583 2569 653 γάρ
2617 582 2832 651 γίνεται
2875 583 3138 647 πολλάκις
3188 580 3547 651 ἐπιτείχισμα
3595 579 3752 649 βασι-

2144 674 2295 738 λείας
2321 676 2355 745 ἡ
2380 674 2488 728 τῶν
2509 676 2694 730 τόπων
2724 676 2959 748 ἐρημία.
2988 676 3102 729 Καὶ
3138 674 3205 745 δὴ
3251 673 3452 737 ἐδόκει,
3487 673 3585 726 σὺν
3618 671 3750 724 πολ-

2146 766 2224 838 λῷ
2251 768 2407 837 τάχει
2434 772 2533 839 τῆς
2575 766 2796 839 Ῥώμης
2839 766 3198 834 ὑπεξελθόντα
3230 765 3323 819 τὸν
3359 764 3591 835 στρατὸν
3627 764 3753 816 ἀνθ-

2147 858 2439 929 υπεξάγειν
2466 900 2483 926 ,
2542 861 2642 914 καὶ
2691 860 2790 930 τῆς
2845 859 3077 923 Ἰταλίας
3135 875 3240 912 που
3292 856 3751 929 προανακρούσα-

2151 952 2297 1007 σθαι.
2352 953 2440 1017 Ὠς
2466 953 2524 1007 δὲ
2552 952 3107 1023 ἀντιπαρετάττοντο,
3135 951 3233 1004 καὶ
3271 950 3339 1004 τά
3374 951 3579 1018 σημεῖα
3611 946 3752 1001 εἶδον

2150 1043 2419 1114 ἀλλήλων,
2462 1044 2701 1099 ἐνταῦθα
2749 1045 2782 1115 ἡ
2818 1044 2967 1115 μάχη
3027 1042 3216 1096 λοιπὸν
3264 1042 3452 1096 ἄνισον
3505 1034 3618 1108 εἶχε
3651 1038 3757 1109 τὴν

2149 1137 2365 1192 ἐλπίδα.
2396 1138 2461 1191 Oi
2490 1137 2589 1208 μὲν
2618 1136 2729 1207 γάρ
2758 1136 2867 1190 άπὸ
2918 1133 3141 1206 Ῥώμης
3174 1131 3627 1205 προεκτεθέντες,
3653 1131 3754 1183 καὶ

2151 1230 2294 1285 κατά
2322 1231 2611 1301 φάλαγγας
2639 1230 2981 1301 ἐκχεόμενοι,
3008 1228 3105 1282 καὶ⁵
3127 1229 3190 1282 ὲκ
3213 1225 3418 1296 πολλῆς
3441 1224 3759 1294 ἐκεχειρίας

2150 1323 2565 1388 διαναπαύσεως
2597 1322 2773 1390 ὄντες,
2805 1321 3025 1375 ἐδόκουν
3062 1320 3354 1391 ἀξιόμαχοι
3409 1319 3753 1387 καταφαίνε-

2154 1413 2281 1467 σθαι
2308 1412 2571 1484 φρόνημα
2592 1414 2781 1484 φέρειν
2806 1410 2957 1478 ἄξιον
2976 1411 3075 1482 τῆς
3102 1410 3314 1473 πόλεως
3335 1407 3656 1479 ἐφάμιλλον.
3687 1409 3754 1462 Oi

2153 1505 2211 1559 δὲ
2249 1506 2390 1577 μετά
2429 1505 2849 1560 Κωνσταντίνου
2885 1503 3363 1576 παραταττόμενοι
3400 1500 3606 1572 πολλὴν
3651 1501 3754 1571 μὲν

2156 1597 2588 1668 κατειλήφεισαν
2617 1597 2745 1668 γῆν,
2772 1596 2947 1651 πολλά
2972 1595 3030 1649 δὲ
3055 1595 3276 1667 λάφυρα
3314 1593 3410 1647 καὶ
3446 1593 3617 1646 σκῦλα
3655 1591 3757 1645 τοῦ

2157 1689 2398 1761 πολέμου
2439 1692 2739 1762 συνήγοντο
2779 1690 2933 1761 πόθῳ
2952 1730 2967 1755 ,
2999 1688 3186 1762 δρόμῳ
3211 1688 3269 1742 δὲ
3303 1686 3508 1759 μᾶλλον
3544 1685 3644 1754 τῆς
3675 1684 3758 1739 νί-

2157 1800 2281 1852 κης,
2315 1783 2349 1854 ἢ
2382 1783 2684 1837 ἀπολαύσει
2706 1783 2816 1837 τῶν
2838 1781 3195 1853 εἰλημμένων
3221 1779 3586 1853 χρησάμενοι.
3609 1776 3755 1847 Ἤδη

2158 1873 2216 1928 δὲ
2247 1872 2433 1927 λοιπὸν
2492 1870 2634 1945 ἦσαν
2682 1875 2821 1945 πρὸς
2860 1874 2953 1928 τὸν
3002 1874 3250 1943 κάματον
3289 1868 3755 1943 ἀπαγορεύοντες,

2160 1967 2257 2018 καὶ
2291 1967 2428 2038 πρὸς
2468 1965 2567 2038 τὴν
2605 1967 2920 2037 πυκνότητα
2948 1965 3059 2019 τῶν
3086 1964 3263 2017 πόνων
3296 1963 3610 2024 ἐνδιδόντες.

467 2053 592 2110 belli
644 2053 1012 2124 collegerant,
1066 2068 1229 2109 cursu
1281 2055 1453 2124 magis
1528 2054 1775 2111 victoriae
1830 2062 2082 2122 utentes,
2123 2072 2286 2127 quam
2328 2058 2562 2112 fructum
2612 2058 2847 2129 aliquem
2921 2056 3288 2127 percipientes
3337 2068 3402 2109 ex
3455 2054 3618 2108 rebus
3659 2064 3763 2104 cae

468 2149 593 2218 ptis.
652 2147 922 2204 Caeterum
973 2146 1131 2219 longa
1190 2148 1585 2221 defatigatione
1637 2150 1817 2217 fracti,
1882 2152 2049 2207 nimia
2092 2153 2338 2209 laborum
2368 2152 2694 2209 assiduitate
2720 2152 3041 2224 languentes
3071 2161 3226 2207 erant
3257 2160 3309 2205 et
3348 2148 3579 2204 remissi.

1113 2325 1269 2383 CAP.
1312 2327 1407 2385 iV.

589 2459 668 2515 De
689 2477 845 2517 cruce
870 2478 991 2535 qua
1023 2463 1271 2534 apparuit
1303 2460 1658 2517 Constantino
1693 2462 1748 2515 in
1776 2464 1927 2515 caelo.

538 2685 674 2741 Cum
719 2687 785 2740 ad
823 2688 969 2743 hunc
1016 2686 1238 2742 modum
1285 2699 1530 2756 pugnare
1571 2685 1968 2750 decrevissent,
2003 2697 2057 2743 et

470 2780 641 2849 copiae
684 2780 891 2835 viribus
953 2793 1114 2849 pares
1161 2778 1422 2849 utrinque
1468 2787 1678 2834 starent
1738 2779 2054 2845 instructm,

470 2872 613 2926 Dens
636 2870 1057 2926 Constantinum
1093 2870 1313 2927 coalitus
1353 2880 1551 2936 armat,
1582 2872 1881 2928 ostendens
1912 2872 1962 2927 ei
2003 2872 2056 2926 in

470 2964 611 3019 cutio
642 2964 882 3019 salutare
918 2964 1100 3019 erucis
1148 2963 1365 3034 signum
1398 2978 1465 3019 ex
1498 2964 1638 3019 lueis
1666 2964 1957 3036 splendore
2002 2964 2055 3019 in

469 3055 612 3113 cosio
642 3055 975 3127 ﬁguratum;
1007 3055 1202 3111 littera
1242 3070 1379 3111 vero
1420 3055 1650 3112 visionis
1681 3056 1790 3111 vim
1837 3071 2056 3112 onmem

2781 2332 3032 2387 ΚΕΦΑΛ.
3068 2335 3139 2387 Δν.

2157 2473 2297 2542 Περὶ
2337 2472 2443 2527 τοῦ
2484 2470 2756 2539 σταυροῦ
2808 2470 2915 2542 τοῦ
2955 2468 3243 2542 ἀρθέντος
3291 2467 3363 2520 ἐν
3407 2462 3642 2534 υίφανῷ
3674 2458 3758 2529 τῷ

2576 2539 2832 2607 βασιλεῖ
2873 2539 3327 2604 Κωνσταντίνφ.

2235 2698 2393 2752 Οὕτω
2419 2697 2474 2752 δὲ
2524 2693 2861 2768 κεκριμένης
2899 2692 3001 2763 τῆς
3046 2690 3248 2763 μάχης,
3295 2687 3389 2742 καὶ
3429 2687 3531 2757 τῆς
3579 2703 3764 2757 παρα-

2162 2791 2371 2859 τάξεως
2422 2788 2714 2863 ἰσορρόπου
2762 2786 2967 2858 οὔσης,
3023 2783 3321 2857 οὐρανόθεν
3353 2783 3382 2835 δ
3427 2781 3563 2843 Θεὸς
3602 2781 3766 2834 Κωνο

2167 2887 2445 2938 σταντϊνον
2485 2880 2719 2948 ὁπλίζει,
2780 2877 2960 2945 δείξας
3021 2875 3174 2948 αὑτῷ
3230 2875 3293 2929 τὸ
3340 2874 3615 2945 σωτήριον
3663 2869 3766 2925 τοῦ

2167 2976 2405 3048 σταυροῦ
2442 2973 2710 3045 σύμϐολον
2735 2969 3041 3041 φωτοειδῶς
3076 2970 3134 3023 ὲν
3164 2964 3381 3039 οὐρανῷ
3402 2983 3417 2997 ο
3452 2965 3766 3038 γράμματα

2166 3070 2225 3124 δὲ
2253 3069 2457 3140 ἐμήνυε
2482 3067 2583 3137 τῆς
2614 3065 2795 3136 ὂψεως
2822 3064 2923 3134 τὴν
2966 3061 3221 3132 δύναμιν,
3264 3058 3497 3137 λέγοντα
3522 3074 3537 3090 ·
3569 3054 3763 3125 τούτῳ

470 3157 524 3203 et
575 3162 793 3204 sensum
855 3147 1225 3216 explicabatur,
1274 3148 1475 3217 quibus
1523 3148 1914 3204 scribebatur:
1946 3148 2057 3204 Hoc

2167 3135 2326 3216 νίκα·
2348 3135 2509 3214 τοῦτο
2530 3135 2591 3211 τὸ
2614 3135 2862 3229 διήγημα
2900 3157 3015 3219 τοῖς
3049 3155 3149 3223 μὲν
3184 3151 3440 3215 ἀπίστοις
3482 3148 3643 3221 μῦθος
3669 3142 3757 3199 εἶ-

475 3240 648 3295 vince.
677 3239 802 3296 Haec
833 3239 1079 3294 narratio
1121 3239 1432 3296 inﬁdelibus
1456 3238 1639 3295 fabula
1683 3252 1736 3295 et
1782 3254 2063 3297 commen-

479 3343 592 3385 tum
623 3345 746 3387 esse
780 3332 995 3385 videtur
1021 3331 1074 3386 in
1125 3330 1358 3402 gratiam
1400 3331 1664 3387 doctrinae
1692 3342 1934 3389 nostrae:
1965 3333 2063 3389 sed

472 3437 602 3477 vera
649 3422 875 3478 credere
921 3423 1177 3489 assuetis,
1224 3431 1375 3478 certa
1416 3423 1495 3479 rei
1543 3432 1709 3494 gesta:
1745 3424 2061 3480 declaratio.

478 3513 615 3570 Nam
650 3514 797 3570 Dens
832 3515 923 3585 qui
962 3514 1176 3585 signum
1224 3514 1367 3570 istud
1415 3516 1613 3584 pinxit,
1661 3517 1840 3587 reipsa
1876 3527 2063 3587 postea

477 3608 723 3664 ostendit
766 3608 993 3679 gratiam
1026 3607 1222 3664 litteris
1273 3607 1662 3677 signiﬁcatam,
1714 3608 1941 3663 minime
1968 3621 2064 3661 va-

474 3716 605 3755 nam
655 3699 846 3756 fuisse.
906 3700 1058 3767 Quod
1104 3699 1150 3754 si
1197 3698 1439 3754 nondum
1480 3699 1875 3769 persuademus
1920 3697 2065 3767 quod

485 3793 778 3850 scribimus
806 3791 983 3865 (prius
1010 3792 1155 3848 enim
1188 3791 1470 3848 historiam
1494 3792 1803 3856 scribimus,
1823 3805 1890 3847 eo
1920 3790 2064 3863 quod

477 3899 593 3940 rem
649 3897 866 3939 omnem
917 3883 1078 3953 paulo
1132 3883 1298 3941 altius
1338 3892 1703 3950 arcessentes,
1747 3882 2067 3954 colligamus

477 3991 599 4045 quae
634 3975 825 4031 abillo
865 3975 1075 4033 utiliter
1103 3984 1255 4048 gesta
1301 3985 1431 4034 sunt
1473 3977 1529 4031 in
1573 3975 1731 4042 vita),
1770 3989 1963 4030 verum
2000 3974 2068 4031 iis

478 4083 600 4139 qua
630 4068 894 4139 deinceps
935 4079 1239 4140 sequuntur
1278 4071 1504 4126 credere
1533 4077 1769 4139 oportet,
1795 4082 1916 4137 qum
1940 4082 2068 4123 eum

2164 3265 2255 3301 ναι
2298 3245 2574 3300 δοκεῖκαὶ
2620 3244 2868 3315 πλάσμα,
2917 3244 3032 3306 τοῖς
3078 3240 3135 3295 δὲ
3186 3239 3483 3312 ἡμετέροις
3526 3236 3766 3307 δόγμασι

2167 3338 2568 3409 κεχαρισμένον
2592 3354 2608 3370 ο
2643 3338 2757 3399 τοῖς
2786 3336 2831 3390 δ’
2877 3333 3054 3407 ἀληθῆ
3101 3331 3385 3387 πιστεύειν
3417 3328 3771 3399 συνειθισμέ-

2165 3445 2299 3494 νοις,
2346 3426 2584 3498 ἐναργὴς
2633 3425 2728 3480 τοῦ
2765 3425 3091 3497 πράγματος
3129 3425 3164 3494 ἠ
3214 3422 3511 3489 ἀπόδειξις.
3556 3421 3618 3475 '0
3653 3419 3773 3491 γάρ

2164 3520 2261 3575 τοῦ
2314 3520 2589 3591 συμϐόλου
2625 3518 2921 3591 ζωγράφος
2973 3517 3108 3582 Θεὸς
3161 3515 3367 3582 ἔδειξεν
3420 3514 3569 3585 ἔργῳ
3623 3512 3773 3584 μετὰ

2166 3611 2341 3667 ταῦτα
2372 3610 2473 3682 τὴν
2513 3610 2900 3680 ἀληθεύσασαν
2946 3608 3045 3663 τοῦ
3083 3608 3417 3680 γράμματος
3463 3605 3646 3676 χάριν.
3701 3602 3772 3657 Ei

2166 3704 2225 3759 δὲ
2262 3705 2433 3776 μήπω
2465 3702 2729 3774 πείθομεν
2755 3701 3102 3774 ἀγράφομεν
3121 3715 3137 3729 ο
3179 3698 3448 3770 πρότερον
3478 3696 3588 3766 γάρ
3632 3696 3776 3749 ἱστο-

2170 3797 2294 3868 ρίας
2327 3796 2638 3868 γράφομεν,
2672 3794 2763 3848 διά
2786 3793 2847 3847 τὸ
2878 3792 3078 3864 μικρὸν
3106 3789 3320 3845 ἀνωθεν
3344 3790 3496 3861 ἡμᾶς
3533 3788 3602 3841 τά
3634 3786 3777 3857 χρὴ·

2171 3907 2309 3960 σιμα
2335 3889 2619 3958 συλλέγειν
2646 3886 2757 3941 τῶν
2789 3886 2984 3957 ἐκείνῳ
3010 3883 3382 3956 βεϐιωμένων.
3412 3880 3557 3934 Ἀλλ’
3583 3879 3685 3932 οὐκ
3710 3879 3775 3931 ὲν

2168 3986 2282 4047 τοῖς
2318 3981 2520 4053 ἑφεξῆς
2553 3981 2805 4035 ἀπιστεῖν
2838 3979 2941 4042 δεῖ,
2983 3976 3019 4032 ἃ
3063 3977 3157 4032 καὶ
3209 3975 3302 4029 ἐπὶ
3340 3974 3441 4044 τῆς
3493 3970 3776 4043 ἡμετέρας

2171 4070 2365 4138 γενεᾶς
2394 4068 2445 4122 oi
2474 4066 2844 4138 Κωνσταντίῳ
2877 4065 2956 4138 τῷ
2986 4064 3404 4119 Κωνσταντίνου
3438 4060 3591 4115 παιδὶ
3628 4076 3775 4128 συμο

385 4356 392 4364 ’
480 4347 758 4403 deiitalem
794 4348 951 4403 novis
982 4344 1288 4401 visionibus
1321 4354 1609 4399 sanarnnt.
1641 4343 1696 4397 Si
1726 4342 1939 4397 Hebraei
1982 4341 2070 4395 his

481 4171 668 4217 nostra
696 4161 862 4217 etiam
906 4171 1066 4219 astate
1092 4163 1185 4233 qui
1230 4163 1335 4218 sub
1363 4161 1690 4218 Constantio
1718 4158 2067 4216 Constantini

481 4254 592 4309 tilio
627 4252 959 4318 militabant,
995 4256 1113 4310 suis
1148 4254 1415 4308 vidissent
1441 4253 1635 4320 oculis,
1674 4261 1912 4307 veterem
1945 4249 2069 4304 inii—

2171 4161 2617 4235 παραταξάμενοι
2645 4202 2661 4227 ,
2696 4163 2789 4216 καὶ
2846 4162 3291 4231 αὑτοπτήσαντες
3322 4200 3336 4223 ,
3364 4156 3463 4229 τὴν
3528 4153 3775 4211 παλαιὰν

2171 4254 2429 4308 ἀπιστίαν
2491 4254 2717 4324 νεαραῖς
2754 4253 2942 4323 ὄψεσιν
3006 4252 3407 4323 ἐθεράπευσαν.
3474 4249 3599 4301 Εἴτε
3659 4244 3776 4316 γάρ

2185 4346 2428 4417 Ἑϐραῖοι
2450 4342 2562 4399 εἷεν
2592 4346 2643 4399 οἱ
2674 4344 2886 4410 τούτοις
2918 4344 3318 4413 ἀντιλέγοντες,
3356 4339 3537 4411 πολλῷ
3562 4339 3777 4392 τούτων

479 4438 936 4503 contradixerint,
964 4434 1135 4489 multa
1168 4448 1236 4486 ex
1268 4447 1455 4488 eorum
1485 4431 1640 4485 libris
1665 4429 2057 4484 incredibilium

2174 4430 2566 4509 ἀτὶιθανώτερα
2610 4437 2680 4490 τὰ
2710 4439 2768 4491 ὲν
2797 4439 2918 4501 ταῖς
2944 4437 3170 4491 ἐκείνων
3198 4433 3401 4506 βίϐλοις
3440 4429 3776 4499 πιστευόμε-

479 4529 711 4597 prol'crri
745 4534 994 4597 possunt,
1026 4538 1146 4594 quae
1190 4533 1370 4576 tamen
1399 4537 1523 4575 vera
1556 4535 1678 4576 esse
1717 4521 2015 4575 creduntur
2046 4539 2057 4575 :

2172 4547 2274 4585 να·
2323 4529 2571 4584 θάλασσα
2626 4528 2993 4599 πεζευομένη,
3040 4528 3135 4581 καὶ
3184 4526 3328 4596 ὓδωρ
3384 4523 3651 4597 τειχίζον,
3675 4521 3776 4574 καὶ

481 4631 541 4676 ut
568 4622 738 4674 maria
798 4617 1024 4689 pedibus
1083 4612 1398 4684 peragrari,
1446 4627 1617 4678 aquas
1674 4613 1820 4667 velut
1877 4628 2057 4669 muros

2171 4623 2406 4691 πέλαγος
2451 4621 2927 4694 δδοιπορούμενον,
2983 4621 3079 4675 καὶ
3123 4620 3254 4683 Θεὸς
3296 4621 3355 4671 ὲν
3404 4616 3553 4687 βάτῳ
3597 4613 3774 4685 φθεγ-

481 4720 779 4768 concretas
822 4720 970 4765 stare
1020 4716 1077 4761 et
1115 4706 1343 4772 solidas,
1385 4719 1481 4774 per
1514 4706 1734 4777 pelagus
1784 4707 1888 4761 iter
1921 4706 2057 4770 fieri,

2164 4715 2417 4784 γόμενος,
2471 4713 2567 4767 καὶ
2616 4713 2748 4781 φλὸξ
2800 4711 3194 4783 νομοθετοῦσα,
3231 4709 3325 4763 καὶ
3361 4706 3600 4775 σάλπιγξ
3636 4705 3777 4759 ἄνευ

482 4804 650 4858 Deum
684 4802 737 4856 in
784 4801 921 4856 rubo
970 4799 1138 4869 loqui,
1182 4795 1453 4852 ﬂammam
1492 4797 1637 4869 leges
1669 4799 1836 4865 ferre,
1882 4799 2057 4853 tubam

2170 4806 2409 4877 ὀργάνου
2439 4807 2537 4876 τὴν
2570 4805 2778 4879 ἔρημον
2810 4803 3141 4875 συνοικοῦσα,
3202 4803 3298 4855 καὶ
3350 4800 3574 4869 ἄγγελοι
3624 4814 3773 4865 συμ-

480 4898 600 4952 sine
647 4906 859 4965 organo
906 4892 961 4946 in
1023 4888 1318 4946 solitudine
1360 4904 1677 4961 personare,
1728 4890 1948 4960 angelos
2004 4906 2057 4942 ιιι

2174 4898 2664 4971 παραταττόμενοι,
2716 4897 2810 4951 καὶ
2857 4895 3291 4968 ἀρχιστράτηγον.
3340 4892 3624 4958 δυνάμεως
3666 4892 3775 4943 Κυ-

480 4987 729 5056 prmlium
752 4983 973 5050 instrui,
999 4981 1279 5052 principes
1308 4983 1519 5040 militiae
1548 4983 1762 5039 Domini
1789 4997 1888 5054 pro
1913 4996 2057 5037 exere

2179 4992 2293 5064 ρίου
2341 4991 2439 5061 τῆς
2474 4990 2756 5059 φάλαγγος
2798 4985 3279 5058 ὑπερμαχοῦντες,
3312 4986 3405 5040 καὶ
3430 4983 3572 5037 λίθοι
3595 4981 3773 5052 χαλά-

438 5078 445 5085 ’
479 5080 590 5134 cito
622 5092 891 5150 pugnare,
919 5086 976 5130 et
1006 5075 1213 5145 lapides
1239 5076 1383 5131 velut
1414 5078 1734 5147 grandinem
1767 5076 1983 5141 cadere,
2014 5086 2057 5129 et

2181 5082 2301 5155 ζης,
2339 5086 2435 5137 καὶ
2483 5083 2613 5154 βέλη
2664 5081 2837 5153 πυρὸς
2887 5082 3012 5136 ἀντὶ
3055 5080 3164 5134 τῶν
3219 5079 3468 5151 συνήθων
3521 5078 3776 5150 δοράτων

483 5174 589 5229 tela
621 5173 777 5244 ignea
805 5184 905 5240 pro
935 5170 1214 5225 consuetis
1255 5170 1429 5226 hastis
1458 5169 1631 5224 emitti
1667 5186 1681 5222 :
1712 5165 2057 5224 nihilominut

2181 5175 2517 5247 βαλλόμενα³
2567 5175 2662 5229 καὶ
2717 5176 2868 5246 ὅμως
2914 5173 3288 5238 ἀνεξετάστως
3341 5173 3551 5235 πάντες
3600 5172 3650 5225 oi
3707 5164 3773 5225 εὗ

481 5276 673 5316 omnes
696 5260 786 5330 qui
820 5269 967 5316 recte
993 5260 1257 5330 sapimus,
1287 5261 1410 5315 istis
1441 5260 1578 5315 citra
1606 5273 1836 5314 examen
1874 5272 2057 5313 assen-

2179 5268 2503 5342 φρονοῦντες
2548 5267 2933 5338 συντιθέμεθα.
2975 5265 3111 5320 Θεοῦ
3155 5266 3265 5337 γάρ
3308 5264 3636 5335 βουλομένου
3681 5265 3774 5317 οὐ-

485 5356 673 5408 timur.
708 5351 822 5407 Deo
867 5353 1010 5407 enim
1045 5352 1282 5418 volente,
1323 5350 1460 5406 nihil
1488 5359 1572 5406 est
1604 5349 1748 5420 quod
1795 5348 1911 5405 fieri
1963 5363 2057 5404 non

2177 5361 2266 5416 δὲν
2294 5362 2577 5433 ἀνήνυτον.
2617 5359 2740 5413 Εἴτε
2770 5359 3036 5432 Ἕλληνες
3084 5355 3195 5413 εἷεν
3251 5359 3298 5412 οἱ
3359 5358 3419 5411 τὸ
3451 5356 3637 5427 θαῦμα
3695 5353 3774 5426 μὴ

480 5446 679 5515 possit.
727 5444 785 5500 Si
840 5460 971 5501 vero
1017 5446 1248 5517 gentiles
1301 5445 1627 5500 miraculum
1686 5444 1833 5499 istud
1890 5443 2057 5499 minus

2173 5450 2634 5524 παραδεχόμενοι,
2670 5448 2842 5504 πολλά
2894 5449 3093 5521 ἔχομεν
3131 5450 3328 5516 εἰπεῖν,
3386 5447 3423 5502 ἃ
3466 5447 3543 5518 μὴ
3578 5445 3770 5518 βουλό-

486 5539 864 5608 probaverint,
907 5538 1075 5594 multa
1104 5539 1288 5595 dicere
1328 5551 1643 5607 possumus,
1681 5536 1877 5608 quibus
1927 5550 2057 5591 nunt

2178 5543 2317 5615 μεθα
2341 5542 2542 5609 λέγειν.
2567 5540 2720 5594 Πόσα
2753 5540 3087 5613 Ἀλεξάνδρῳ
3112 5538 3361 5610 μέλλοντι
3405 5536 3767 5609 περαιοῦσθαι

486 5647 775 5688 censemus
840 5646 961 5688 esse
1033 5631 1513 5700 supersedendum.
1568 5629 1779 5697 Quanta
1845 5629 2057 5683 Alexan‘

2174 5633 2266 5687 τὴν
2295 5632 2387 5686 ἐπὶ
2425 5628 2677 5702 Γρανικῷ
2712 5629 2972 5700 πόλεμον,
3018 5629 3113 5684 καὶ
3144 5628 3242 5699 τὴν
3272 5628 3364 5681 ἐπὶ
3396 5626 3624 5696 Δαρείου
3657 5641 3763 5677 πα-

487 5724 586 5781 dro
635 5723 833 5780 volenti
882 5724 1067 5795 copias
1124 5722 1417 5778 Granicum
1482 5723 1681 5777 fiumen
1742 5722 1987 5791 trajicere
2020 5737 2049 5774 e

2182 5724 2405 5797 ράταξιν
2444 5762 2457 5788 ,
2507 5720 2836 5776 ὲπεθείασαν
2886 5721 2934 5774 οἱ
2984 5719 3407 5793 χρησμολόγοι;
3456 5717 3634 5772 καίτοι
3691 5713 3759 5767 τά
