4070 6410
387 334 522 397 12ὓῦ

1268 336 1638 397 HISTORIA
1671 334 2006 397 CONCJLII
2050 336 2357 397 NJC.'ENI.
2398 362 2463 371 —
2509 333 2652 394 LIB.
2696 333 2746 394 Ι.

3519 334 3655 399 1206

381 442 605 495 ἐκείνων
655 442 955 512 πλάσματα
1003 444 1102 513 τὴν
1157 445 1493 515 φαινομένην
1539 444 1813 510 ἀπόδειξιν
1872 445 1967 497 οὐκ

2078 445 2272 515 bellum
2331 442 2492 497 Dario
2555 441 2792 506 inferre,
2844 440 3124 495 Vaticinati
3175 453 3302 496 sunt
3367 444 3523 498 arioli
3571 444 3656 497 “il

384 531 516 601 ἔχει.
562 532 685 595 Πῶς
726 548 785 584 τε
818 532 1102 603 Σωκράτει
1132 533 1209 605 τῷ
1241 533 1518 606 φιλοσόφῳ
1567 536 1843 604 δαιμόνιον
1883 535 1971 588 διὰ

384 623 570 692 φωνῆς
594 624 905 694 προεμήνυε
929 623 1037 677 τῶν
1073 626 1145 695 μὴ
1167 627 1456 697 πρακτέων
1476 626 1574 696 τὴν
1593 626 1818 679 ἔκϐασιν
1837 666 1851 689 ,
1880 628 1973 679 καὶ

382 716 450 768 τὰ
486 714 614 784 περὶ
635 714 962 786 Πυθαγόρου
985 715 1080 768 τοῦ
1112 715 1320 785 Σαμίου
1350 715 1453 769 ὑπὸ
1481 716 1593 769 τῶν
1622 716 1832 769 ἐκείνου
1871 733 1966 786 μα-

382 805 562 874 θητῶν
609 806 1009 877 συνταχθέντα;
1064 806 1138 860 ἐῶ
1166 807 1343 875 λέγειν
1371 809 1463 859 καὶ
1492 808 1559 860 τὰ
1595 809 1704 860 τῶν
1732 808 1971 877 ποιητῶν

383 894 697 963 πλάσματα,
748 896 843 948 καὶ
876 896 994 959 πῶς
1044 913 1189 959 τινες
1233 897 1342 950 τῶν
1375 896 1505 968 παρ’
1539 887 1972 961 αὑτοῖςέύδοκί-

384 1002 521 1053 μων,
546 987 638 1038 καὶ
669 986 1041 1056 συμπολεμεῖν
1075 990 1260 1051 αὐτοῖς
1285 1005 1436 1052 τινας
1465 988 1572 1041 τῶν
1609 987 1741 1058 παρ’
1786 988 1969 1051 αὐτοῖς

381 1077 750 1144 νομισθέντων
780 1077 946 1131 θεῶνδ
978 1078 1066 1132 ἵνα
1113 1082 1186 1150 μή
1216 1096 1301 1141 τις
1344 1080 1411 1133 τὰ
1443 1079 1657 1151 μυθώδη
1692 1083 1803 1143 τοῖς
1835 1079 1968 1149 ἁλη-

379 1166 521 1230 θέσι,
557 1169 652 1222 καὶ
690 1169 759 1222 τὰ
806 1169 1074 1241 μηδαμῶς
1124 1171 1437 1240 πραχθέντα
1489 1173 1601 1234 τοῖς
1649 1170 1969 1241 πραχθεῖσιν

381 1257 760 1322 ἀντεξετάζειν
791 1259 1012 1330 νομίσῃ.
1047 1259 1159 1329 Τὴν
1184 1260 1294 1331 γάρ
1320 1259 1691 1330 πολυδύναμον
1713 1263 1808 1313 τοῦ
1831 1261 1966 1314 Θεοῦ

381 1345 669 1421 [Χριστοῦ]
717 1351 898 1421 χάριν,
940 1351 1033 1419 ἀφ’
1067 1342 1241 1422 οὗπερ
1285 1352 1363 1415 είς
1399 1351 1720 1416 ἀνθρώπους
1740 1351 1964 1422 ἧνθησε,

378 1440 476 1495 καὶ
501 1441 558 1492 ἐν
595 1441 834 1513 οὐρανῷ,
865 1445 961 1497 καὶ
994 1445 1087 1497 ἐπὶ
1124 1444 1248 1514 γῆς,
1278 1446 1371 1497 καὶ
1398 1445 1456 1497 ἐν
1496 1443 1759 1515 θαλάσσῃ,
1787 1445 1879 1496 καὶ
1909 1446 1968 1498 ἐν

379 1534 590 1600 φυτοῖς,
623 1536 721 1586 καὶ
750 1535 810 1585 ἐν
844 1535 1045 1603 ξύλοις,
1077 1538 1171 1591 καὶ
1201 1540 1258 1591 ἐν
1289 1537 1547 1607 ἱματίοις,
1577 1539 1672 1590 καὶ⁸
1709 1537 1767 1589 ἐν
1802 1536 1965 1605 νόσῳ,

379 1623 476 1675 καὶ
519 1626 574 1677 ἐν
608 1624 788 1696 ὑγεία,
827 1627 922 1680 καὶ
954 1628 1012 1679 ἐν
1043 1627 1297 1700 βρωτοῖς,
1323 1629 1419 1683 καὶ
1453 1630 1512 1681 ἐν
1552 1631 1757 1692 ποτοῖς,
1789 1628 1967 1692 ἀλεξι-

377 1712 671 1781 φάρμακόν
703 1730 763 1765 τε
791 1716 1114 1787 γενομένην,
1164 1720 1256 1771 καὶ.
1289 1718 1582 1789 γινομένην
1627 1719 1719 1771 καὶ
1770 1718 1966 1788 ἐσομέ-

2074 535 2223 602 atqui
2256 534 2370 587 haec
2408 546 2597 587 eorum
2641 540 2949 585 commenta
2984 529 3185 584 nullam
3229 528 3540 585 evidentem
3572 533 3656 586 sui

2076 624 2597 679 demonstrationem
2630 622 2854 677 habent.
2884 621 3165 689 Quomodo
3195 621 3442 677 Socratis
3480 623 3657 693 philo-

2074 716 2230 780 sophi
2266 714 2593 770 tltenmnium
2640 727 2772 769 voce
2795 715 3191 783 pra-nuntiabat
3223 714 3297 768 illi
3335 729 3516 769 rerum
3551 730 3658 770 non

2078 805 2411 871 agendarum
2450 801 2718 858 eventus?
2741 800 3024 868 Quomodo
3053 816 3183 854 vero
3212 816 3332 871 qua:
3364 801 3432 855 de
3459 800 3658 870 Pytha-

2073 910 2204 965 gora
2251 893 2440 949 Samio
2486 896 2554 949 ab
2582 894 2751 964 ipsius
2781 892 3063 963 discipulis
3091 895 3294 964 scripta
3327 893 3492 947 sunt?
3517 891 3655 946 Puc-

2076 996 2249 1040 tarum
2280 987 2560 1058 ﬁgmenta,
2591 1001 2657 1041 ac
2699 1000 2805 1054 quo
2837 994 2992 1055 pacto
3043 987 3187 1039 inter
3245 985 3366 1040 illos
3413 984 3652 1039 nonnulli

2075 1077 2218 1132 fama
2249 1078 2512 1146 celebres,
2550 1078 2812 1147 quosdam
2849 1090 3038 1131 eorum
3070 1091 3207 1146 quos
3240 1077 3369 1131 deos
3387 1091 3509 1130 esse
3533 1077 3651 1130 exi-

2072 1172 2320 1235 stimant,
2348 1185 2453 1222 una
2482 1183 2604 1223 cum
2643 1167 2773 1239 ipsis
2804 1168 3039 1224 militare
3064 1176 3123 1222 et
3151 1166 3353 1222 beliare
3381 1167 3648 1231 scribant,

2069 1261 2320 1317 consulto
2354 1271 2636 1332 przetereo,
2681 1277 2748 1317 ne
2797 1262 2919 1332 quis
2950 1259 3194 1316 fabulosa
3226 1274 3352 1315 cum
3405 1257 3568 1316 veris.
3600 1265 3657 1311 et

2070 1371 2192 1425 quae
2225 1369 2488 1426 nusquam
2517 1363 2670 1425 gesta
2711 1371 2833 1409 cum
2867 1354 3035 1425 gestis
3060 1366 3386 1423 comparare
3425 1365 3512 1405 me
3557 1366 3653 1419 pu-

2074 1458 2171 1502 tet.
2226 1445 2622 1514 Prmpotentem
2678 1445 2822 1500 enim
2873 1444 3074 1500 Christi
3120 1443 3374 1513 gratiam,
3427 1454 3495 1495 ex
3543 1454 3653 1506 quo

2072 1538 2213 1592 inter
2241 1536 2488 1592 liotnines
2518 1550 2584 1592 ea
2613 1536 2929 1591 exuberavit
2958 1546 3013 1590 et
3046 1537 3097 1589 in
3127 1535 3285 1600 coelo,
3308 1543 3366 1589 et
3391 1534 3445 1587 in
3487 1541 3652 1597 terra,

2068 1635 2125 1681 et
2156 1627 2211 1681 in
2244 1627 2400 1695 mari,
2441 1635 2496 1681 et
2533 1626 2584 1680 in
2620 1626 2840 1695 plantis,
2889 1634 2940 1680 et
2981 1626 3034 1680 in
3076 1624 3259 1693 lignus,
3301 1632 3357 1678 et
3388 1623 3444 1677 in
3476 1621 3648 1676 vesti-

2070 1716 2192 1782 bus,
2233 1726 2289 1772 et
2333 1718 2383 1770 in
2432 1717 2642 1781 morbo,
2669 1725 2727 1771 et.
2762 1717 2814 1769 in
2845 1715 3095 1780 sanitate,
3144 1724 3198 1769 et
3234 1714 3287 1767 in
3323 1713 3470 1778 cibo,
3500 1722 3554 1766 et
3595 1711 3652 1765 in

377 1819 480 1872 νην
507 1803 824 1872 θεραπείαν,
863 1808 956 1861 καὶ
986 1809 1038 1862 οἱ
1072 1811 1458 1881 πειρασθέντες
1500 1810 1600 1881 μὲν
1647 1809 1825 1875 ἴσασι,
1874 1811 1967 1864 καὶ

2072 1817 2219 1877 potu,
2251 1809 2580 1863 tutissimum
2612 1807 2948 1878 prazsidium,
2988 1819 3045 1862 et
3070 1807 3338 1861 malorum
3369 1816 3476 1860 tam
3512 1820 3654 1874 prau-

377 1895 542 1964 ήμείς
569 1895 625 1948 δὲ
658 1898 798 1951 κατὰ
823 1899 915 1952 τὶν
968 1900 1098 1956 ῑδιον
1129 1901 1320 1974 καιρὸν
1363 1903 1660 1976 προϊούσης
1684 1906 1784 1975 τῆς
1815 1905 1965 1958 ίστο--

379 1987 505 2058 pia;
537 1987 906 2059 ἐκθησόμεθα,

986 2194 1235 2248 ΚΕΦΛΛ.
1288 2194 1363 2254 Ε⁹.

377 2300 516 2367 Περὶ
572 2303 679 2374 τοῦ
723 2305 943 2374 σι’γνου
998 2302 1072 2363 οὗ
1100 2307 1391 2374 ἐποίησεν
1420 2311 1452 2360 ὁ
1472 2308 1774 2372 ,βασιλεὺς
1800 2313 1966 2364 Κων-

448 2373 770 2448 στειγςτῖνος
793 2373 1123 2448 ἀντίτυπον
1147 2373 1266 2431 τοῦ
1283 2376 1574 2448 ὀφθέντος
1596 2378 1759 2445 αὐτῷ
1784 2396 1962 2436 σταυ-

442 2443 561 2509 ροῦ
580 2443 652 2497 ἐν
674 2446 931 2513 οὐρανῷ.

456 2552 516 2604 '0
539 2551 583 2604 δ’
618 2548 712 2606 οὖν
740 2554 1148 2619 Κωνσταντίνος
1168 2556 1267 2629 τὴν
1298 2555 1390 2610 τοῦ
1421 2556 1698 2630 θαύματος
1727 2559 1850 2631 ὖψιν
1887 2563 1969 2627 είς

374 2649 637 2717 τροπαίου
682 2651 868 2721 σχῆμα
904 2651 1244 2722 μεταϐαλὼν,
1287 2654 1382 2706 καὶ
1407 2655 1863 2728 χρυσοκολλήτοις
1885 2657 1969 2711 λίθ

376 2737 491 2800 θοις
519 2740 887 2809 συναρμόσας,
920 2743 1000 2805 εἰς
1032 2743 1256 2813 δόρατός
1299 2761 1359 2796 τε
1402 2747 1716 2816 ἀπαρτίσας
1774 2748 1971 2819 ὑψηλο-

373 2828 539 2882 τάτου
594 2831 750 2900 ὄψιν,
799 2833 971 2886 ἐδίδου
1028 2835 1216 2905 φέρειν
1268 2838 1383 2899 τοῖς
1427 2839 1804 2907 προῖππεῦσι,
1868 2842 1966 2912 τὴν

372 2921 483 2974 τῶν
535 2924 882 2995 γραμμάτων
914 2925 1206 2995 ὑπόσχεσιν
1249 2926 1339 2979 διὰ
1391 2927 1500 2980 τῶν
1547 2929 1727 3001 ἔργων
1783 2929 1968 2986 λοιπὸν

374 3009 671 3078 ἐπιζητῶν.
706 3012 814 3065 Καὶ
838 3013 936 3083 τῆς
978 3013 1193 3076 ἐλπίδος
1225 3016 1285 3068 ού
1312 3015 1581 3088 διήμαρτε
1604 3059 1619 3084 ,
1644 3018 1837 3074 θᾶττον
1867 3021 1969 3091 μὲν

372 3093 456 3161 οἷς
478 3098 730 3154 τεθέαται
762 3101 1083 3167 πιστεύσας,
1119 3105 1428 3177 ταχυτέραν
1452 3106 1509 3160 δὲ
1535 3108 1632 3180 τῆς
1663 3108 1840 3180 ὅψεως
1868 3111 1964 3184 τὴν
1992 3121 2035 3178 c

374 3190 533 3261 νίκην
558 3193 983 3264 ὑποδεξάμενος.

980 3287 1233 3342 ΚΕΦΑΛ.
1272 3290 1364 3356 (τ’.

369 3393 514 3464 Περὶ
540 3395 658 3472 τῆς.
685 3397 853 3472 κατάῌ
871 3396 976 3472 τοᾷ
998 3397 1261 3472 ἀσεϐοῦς
1288 3378 1627 3463 Μαξεντίου
1657 3404 1833 3472 νίκης
1857 3404 1966 3460 τοῦ

600 3466 893 3533 εὐσεϐοῦς
913 3467 1224 3534 ,ϐασιλέως
1251 3472 1736 3527 Κωνσταντίνου.

460 3578 518 3629 Ὁ
543 3578 638 3649 μὲν
669 3573 763 3631 οὖν
794 3580 1203 3644 Κωνσταντίνος
1244 3580 1336 3634 τὸν
1371 3582 1539 3636 πολὺν
1580 3584 1672 3638 τοῦ
1723 3587 1964 3657 πολέμου

366 3670 625 3739 κάματον
660 3673 727 3742 τῇ
760 3670 942 3723 πίστει
983 3670 1441 3742 ὑποτεμνόμενος,
1475 3674 1571 3728 καὶ
1609 3677 1699 3729 τὸν
1732 3678 1841 3731 ἀπὸ
1863 3679 2003 3750 τῆς-

374 3758 609 3828 Ῥώμης
652 3757 887 3831 στρατὸν
925 3759 1025 3829 οὐχ
1064 3760 1450 3831 ὑφορώμενος,
1491 3764 1761 3832 γενναίως
1814 3768 1965 3821 ἀντι-

364 3850 777 3920 παρετάττετο.
807 3850 1111 3917 Μαξέντιος
1133 3851 1191 3904 δὲ
1217 3852 1318 3921 τὴν
1350 3854 1769 3911 Κωνσταντίνου
1789 3856 1963 3930 ἀλκὴν

361 3942 580 4005 δείσας,
616 3941 697 3995 ἔτι
731 3958 791 3994 τε
827 3943 1010 3996 καὶτὸ
1055 3946 1212 4012 μῖσος
1253 3945 1542 4016 Ῥωμαίων
1572 3948 1958 4021 ὑφορώμενος·

366 4033 516 4104 πρὸς
559 4032 671 4104 γὰρ
722 4035 849 4097 τοὺς
902 4034 1190 4097 πλείστους
1236 4035 1326 4089 διὰ
1362 4036 1457 4109 τὴν
1510 4039 1753 4093 ἀσωτίαν
1793 4043 1959 4097 αὑτοῦ

362 4124 722 4193 διεϐέϐλητο·
782 4125 1054 4196 ἐσκέψατο
1105 4127 1243 4198 δόλῳ
1284 4127 1385 4199 τὴν
1433 4130 1727 4201 ἐπιϐουλὴν
1767 4135 1960 4202 μετελ-

361 4215 490 4270 θεῖν
512 4234 525 4247 ’
553 4218 581 4269 6
609 4216 665 4269 δὲ
690 4217 841 4281 δόλος
873 4219 1089 4290 γέφυρα
1132 4215 1199 4291 ἦν
1247 4221 1326 4283 είς
1373 4223 1630 4294 μηχανῆς
1674 4219 1813 4288 εἶδος
1852 4225 1963 4280 ἀπὸ

362 4306 486 4359 τῶν
525 4306 784 4360 τοιούτων
831 4312 1209 4378 συμπαγεῖσα.
1258 4310 1331 4362 Τὸ
1392 4310 1491 4382 μὲν
1538 4313 1650 4383 γὰρ
1698 4316 1962 4384 φαινόμε-

363 4409 468 4447 νον
504 4393 734 4459 ἄνωθεν,
784 4394 1036 4458 διάϐασις
1083 4392 1154 4467 ἦν
1208 4398 1301 4453 τὸν
1353 4401 1762 4456 Κωνσταντίνον
1826 4404 1960 4458 ὑπο-

365 4579 588 4632 ὲκείνου
632 4576 843 4650 βήμασι
904 4580 1244 4636 συντεθεῖσα.
1291 4582 1554 4653 Διαϐἧναι
1610 4586 1722 4659 γάρ
1771 4588 1968 4659 μικρὸν

367 4671 508 4738 ἔδει,
561 4671 657 4725 καὶ
710 4671 773 4725 τὸ
822 4673 1126 4744 μηχάνημα
1182 4673 1410 4742 λέλυτο,
1477 4680 1574 4733 καὶ
1625 4683 1655 4733 ὁ
1706 4680 1968 4751 πολέμιος

363 4765 625 4834 εἴληπτο,
650 4765 823 4833 τάφον
867 4764 1133 4834 ἀδόκητον
1186 4767 1287 4837 τῆς
1334 4769 1609 4833 ἀπωλείας
1656 4771 1748 4825 τὸν
1802 4774 1968 4827 τόπον

368 4855 591 4909 λαϐὼν⁸
634 4856 750 4909 ἀλλ’
776 4857 805 4910 ὁ
851 4857 951 4927 μὲν
1001 4855 1176 4921 οὕτως
1224 4858 1492 4913 ἐσκεύασε
1522 4862 1620 4931 τῆς
1658 4863 1966 4930 ἐπιϐάσεως

372 4946 444 4999 τὰ
485 4945 773 5016 θήρατραο
818 4945 938 5001 θεία
972 4947 1030 5001 δὲ
1064 4949 1225 5019 χάρις
1254 4953 1367 5014 τοῖς
1410 4951 1637 5015 οἰκείοις
1684 4954 1960 5025 σοφίσμα-

376 5054 432 5090 σι
486 5036 579 5089 τδν
608 5038 719 5090 τῶν
755 5038 945 5092 κακῶν
976 5040 1230 5111 τεχνίτην
1279 5041 1620 5112 περιϐάλλει.
1668 5044 1808 5114 Πρὶν
1852 5044 1963 5117 γὰρ

314 5170 325 5175 μ
374 5130 793 5183 Κωνσταντῖνον
850 5128 1095 5197 ἁλῶναι,
1153 5131 1367 5200 φθάσας
1439 5132 1605 5197 αὐτὸς
1661 5134 1963 5189 ὑποπίπτει

373 5224 497 5285 ταῖς
526 5221 758 5284 οἰκείαις
792 5222 1012 5292 τέχναις
1040 5224 1069 5275 6
1099 5223 1383 5293 τύραννος,
1416 5225 1582 5278 κάκεῖ
1599 5227 1963 5296 τυραννοκτό-

374 5331 468 5377 νος
498 5312 692 5367 tau-:05
723 5312 987 5383 γεγονὼς,
1043 5316 1139 5369 καί⁸
1181 5316 1426 5386 χρηστὴν
1484 5316 1780 5387 ἐπιϐουλὴν
1838 5318 1961 5372 καθ’

375 5406 572 5460 ἑαυτοῦ
605 5407 881 5470 σκευάσας
922 5407 1029 5478 πρὸ
1056 5408 1155 5475 τῆς
1190 5406 1431 5479 Ῥώμης,
1474 5410 1603 5479 περὶ
1634 5409 1735 5480 τὴν
1769 5409 1964 5463 καλουο

379 5499 552 5570 μένην
613 5499 891 5552 Μουλαίαν
943 5500 1226 5572 γέφυραν,
1279 5503 1307 5555 6
1358 5501 1698 5573 προρρηθεὶς
1748 5500 1963 5567 Μαξέν-

379 5604 492 5652 τιος
536 5589 700 5653 αὐτὸς
756 5589 989 5654 καταδὺς
1045 5593 1125 5654 είς
1171 5591 1263 5644 τὸν
1314 5591 1583 5661 ποταμὸν,
1633 5591 1960 5659 ἀποπνιγεὶς

449 5742 786 5800 "Plutarch.
822 5745 872 5800 iu
895 5744 1159 5800 Αιςχηιιιι.

2070 1901 2305 1955 sentiam
2354 1916 2517 1970 quam
2567 1900 2873 1955 futurorum
2919 1900 3217 1965 remedium
3254 1912 3397 1964 esse,
3443 1896 3654 1966 experti

1982 2050 1993 2059 ,
2070 2004 2289 2059 norunt,
2337 2002 2390 2048 et
2441 2009 2537 2049 nos
2584 1994 2745 2049 etiam
2802 1994 2857 2048 in
2905 2007 3196 2063 progressu
3257 1990 3503 2048 historias
3555 2003 3654 2045 suo

2068 2091 2313 2152 tvmpore
2345 2096 2704 2152 exponemus.

2727 2197 2880 2252 CAP.
2927 2196 2987 2249 V.

2071 2302 2144 2359 De
2168 2306 2356 2360 vexillo
2403 2309 2543 2378 quod
2589 2310 2708 2383 fecit
2769 2310 3148 2366 Constantinus
3216 2314 3286 2366 ad
3348 2308 3643 2383 exempiuut

2481 2382 2649 2435 crucis
2682 2382 2735 2435 in
2782 2383 2908 2435 caelo
2937 2400 2968 2435 ιι
2997 2399 3051 2437 se
3079 2387 3225 2438 visa}.

2139 2544 2528 2606 Constantinus
2582 2549 2746 2622 igitur
2796 2553 3009 2623 signum
3067 2554 3214 2624 quod
3270 2554 3479 2611 viderat
3510 2595 3527 2621 ,
3593 2557 3653 2612 in

2072 2638 2327 2693 vexillum
2375 2654 2531 2695 suum
2580 2643 2877 2708 transtulit,
2909 2644 3071 2713 idque
3105 2660 3241 2699 auro
3285 2654 3340 2701 et
3379 2645 3652 2717 lapidibus

2072 2728 2324 2798 pretiosis
2352 2731 2619 2787 intextum
2649 2750 2663 2787 :
2693 2747 2759 2788 ac
2782 2732 2835 2787 in
2877 2734 3205 2803 longissima:
3233 2737 3402 2791 hasta:
3430 2738 3655 2806 cuspide

2071 2818 2391 2887 praeﬁgens',
2456 2821 2647 2889 primis
2699 2822 2975 2891 equitibus
3036 2823 3414 2892 perferendum
3472 2827 3653 2892 dedit,

2074 2907 2377 2963 litterarum
2412 2910 2676 2980 promissa
2720 2914 2896 2983 reipsa
2928 2913 3189 2985 deinceps
3239 2917 3524 2986 explorare
3556 2933 3655 2973 cu-

2071 3000 2245 3069 piens.
2281 3000 2390 3057 Nec
2424 3017 2520 3072 spe
2566 3017 2664 3058 sua
2698 3002 2995 3061 frustratus
3027 3016 3153 3062 est:
3181 3008 3291 3062 cito
3334 3008 3480 3062 enim
3527 3024 3651 3064 cum

2071 3091 2392 3147 credidisset
2445 3094 2514 3150 iis
2561 3110 2681 3165 qua:
2729 3095 2959 3166 viderat,
3014 3113 3153 3169 pene
3204 3098 3371 3156 citius
3422 3100 3651 3158 victoria

2074 3185 2277 3256 petitus
2305 3196 2410 3243 est.
2784 3170 2793 3181 \

2715 3280 2872 3337 CAP.
2919 3280 3008 3338 VI.

2077 3392 2155 3449 De
2170 3395 2393 3449 uictoria
2412 3411 2571 3466 quam
2591 3395 2710 3479 pius
2735 3395 3119 3479 Constantinus
3147 3398 3212 3452 ab
3239 3398 3401 3468 impio
3428 3397 3486 3454 Μ
3490 3412 3661 3453 axem

2661 3469 2733 3522 tio
2759 3469 3070 3536 reportavit.

2142 3578 2533 3635 Constantinus
2568 3596 2820 3650 tnaguum
2863 3579 2987 3635 belli
3037 3580 3281 3637 laborem
3317 3582 3424 3638 lide
3455 3583 3654 3653 praeei-

2073 3666 2227 3731 deus,
2261 3677 2315 3721 et
2343 3667 2648 3723 Romanum
2679 3670 2981 3724 exercitum
3015 3669 3238 3725 minime
3263 3670 3653 3735 reformidans,

2072 3776 2199 3814 suos
2226 3773 2414 3815 contra
2448 3761 2662 3817 fortiter
2689 3761 2969 3818 instruxit.
3008 3762 3309 3820 Maxentius
3339 3779 3468 3820 vero
3505 3765 3655 3820 Con-

2072 3850 2298 3905 stantini
2329 3851 2470 3907 vires
2499 3863 2769 3917 metuens,
2797 3862 2853 3907 et
2879 3853 3246 3908 [tertianorum
3291 3854 3346 3908 in
3380 3869 3441 3910 se
3463 3855 3657 3909 odium

2071 3953 2385 4011 suspectum
2437 3942 2645 3997 habens
2685 3943 2974 4012 (plurimis
3023 3945 3170 4000 enim
3226 3945 3298 4001 ob
3350 3946 3648 4017 nequitiam

2071 4050 2226 4090 suam
2278 4035 2486 4102 invisus
2521 4034 2675 4106 erat)
2702 4035 2827 4091 dolo
2870 4036 3198 4092 moliebatur
3242 4037 3468 4095 insidias
3500 4053 3518 4093 :
3550 4039 3659 4093 do«

2070 4125 2180 4180 lum
2229 4127 2282 4181 in
2329 4137 2494 4195 ponte
2544 4128 2790 4196 parabat,
2830 4142 2989 4197 quem
3041 4129 3146 4183 hac
3190 4137 3310 4184 arte
3355 4129 3647 4200 compegit.

2070 4216 2225 4282 Quod
2257 4226 2444 4286 aperte
2484 4219 2735 4273 exstabat
2777 4228 2836 4273 et
2873 4220 3191 4286 apparebat,
3224 4219 3662 4279 Constantinum:

2071 4310 2316 4379 recipere
2375 4316 2432 4365 et
2484 4309 2773 4365 transitum
2813 4310 3059 4380 praebere
3110 4325 3268 4383 posse
3312 4310 3647 4366 videbatur:

2030 4402 2161 4456 'sed
2217 4401 2416 4456 latebat
2459 4401 2672 4456 occulte
2724 4402 3061 4472 deceptionis
3104 4403 3348 4473 laqueus,
3396 4406 3462 4457 ad
3502 4403 3658 4460 illius.

1992 4476 2039 4535 υ
2067 4494 2230 4535 nmio-.3
2276 4492 2602 4535 iri-minutim:
2629 4503 2867 4535 nul-2mm
2904 4493 3038 4535 Nam
3073 4497 3323 4535 ιιι-ηεινριιί
3369 4496 3545 4535 enimn
3595 4496 3647 4535 in

363 4485 639 4556 δεξομένη
662 4501 677 4516 °
707 4485 770 4539 τδ
811 4486 868 4540 δὲ
896 4486 1181 4552 λανθάνον,
1230 4493 1398 4558 παγίς
1429 4491 1533 4561 τῆς
1571 4493 1799 4565 πλάνης,
1847 4498 1961 4562 τοῖς

2066 4494 2230 4564 pedes
2276 4492 2602 4548 irretieudos
2627 4503 2868 4564 paratus.
2903 4493 3039 4550 Nam
3073 4497 3324 4567 progredi
3368 4496 3546 4551 solum
3595 4496 3659 4550 in.

2063 4602 2129 4643 eo
2178 4586 2396 4657 paulum
2449 4588 2735 4657 Oportebat
2787 4588 3023 4654 hostem,
3070 4597 3129 4643 ut
3171 4588 3345 4643 soluta
3399 4588 3650 4644 mat-bina

2065 4688 2279 4748 captus,
2309 4677 2589 4746 inopinata
2632 4686 2810 4733 morte
2857 4679 2910 4734 in
2957 4694 3025 4735 eo
3057 4678 3178 4736 loco
3208 4681 3436 4750 periret.
3470 4681 3650 4748 Atque

2034 4773 2145 4831 ,sic
2178 4772 2269 4828 ille
2295 4771 2494 4827 nomen
2545 4771 2861 4842 trajectus-is
2908 4773 3044 4829 retia
3084 4775 3288 4844 posuit.
3325 4772 3430 4828 Sed
3463 4773 3649 4829 divina

2065 4865 2237 4933 gratia
2276 4863 2541 4917 malorum
2595 4863 2865 4918 artiﬁcem
2913 4864 3030 4919 suis
3071 4864 3243 4934 ipsius
3292 4864 3505 4921 technis
3542 4864 3648 4918 im-

2066 4955 2274 5025 plicuit.
2333 4955 2468 5010 Nam
2525 4965 2817 5026 antequam
2870 4967 3160 5027 caperetur
3219 4957 3646 5023 Constantinus,

2067 5055 2328 5115 tyrannus
2362 5046 2477 5115 ipse
2520 5047 2673 5115 prior
2716 5062 3039 5117 progressus
3079 5047 3131 5102 in
3181 5062 3279 5103 sua
3315 5048 3511 5103 incidit
3557 5062 3648 5102 re-

2068 5137 2174 5202 tia;
2212 5147 2268 5191 et
2294 5136 2402 5193 illic
2443 5138 2527 5192 sui
2572 5136 2743 5206 ipsius
2776 5138 3118 5209 tyrannicida
3145 5138 3345 5205 factus,
3376 5152 3480 5192 non
3525 5137 3648 5192 inu-

2066 5228 2189 5283 tiles
2219 5229 2336 5297 ipse
2366 5229 2468 5283 sibi
2513 5228 2743 5283 insidias
2773 5228 2826 5283 in
2859 5237 3153 5297 conspectu
3187 5227 3374 5284 Romae
3399 5227 3647 5299 posuisse
3708 5218 3717 5227 “

2059 5319 2236 5385 .visus,
2274 5318 2339 5373 ad
2383 5327 2603 5389 pontem
2640 5317 2881 5373 Milvium
2924 5317 3156 5384 dictum,
3191 5316 3497 5372 Maxentius
3531 5316 3649 5387 ipse

2064 5411 2374 5466 demersum
2418 5411 2470 5464 in
2504 5410 2726 5477 ﬂunten,
2762 5409 3062 5466 suﬂ'ocatns
3112 5409 3379 5479 periit“;
3427 5416 3485 5462 ut
3526 5424 3646 5463 me-

2066 5502 2170 5555 rito
2195 5500 2668 5571 (quemadmodum
2701 5500 2879 5571 inquit
2914 5499 3181 5555 Eusebius
3212 5497 3503 5568 Pamphili)
3548 5513 3642 5553 eat-

2066 5590 2314 5646 clamarit
2353 5591 2641 5647 universus
2671 5591 2899 5661 populus
2934 5588 3211 5646 Romanus
3244 5607 3258 5644 :
3300 5606 3319 5639 ι
3350 5587 3653 5643 Cantemus

1242 5745 1281 5776 “
1310 5744 1429 5802 LFb.
1454 5762 1508 5802 ιχ
1549 5746 1689 5802 llist.
1719 5736 2048 5818 σταιτίτην.
2078 5745 2132 5800 8.
