4070 6382
454 289 590 357 ῙΞΟἿ

1725 287 2027 348 GELASII
2070 286 2411 347 CYZICENI

3572 289 3713 353 1:208

446 405 677 460 Domino
701 447 714 469 ,
740 401 970 473 gloriose
1007 398 1151 455 enim
1202 396 1571 468 magnificatus
1611 403 1716 457 est,
1748 407 1944 461 equum
1986 405 2039 448 et

2144 393 2332 448 ῶλετο.
2364 397 2525 449 ’Ὥστε
2560 397 2659 451 τὸν
2700 398 2877 469 δῆμον
2908 400 3030 455 ὅλον
3070 397 3389 467 Ῥωμαίων,
3432 397 3578 451 καθά
3614 414 3720 466 φη-

450 508 792 549 ascensorcm
825 490 1029 558 deiecit
1059 490 1109 543 in
1162 503 1311 542 mare
1343 504 1357 541 :
1391 486 1606 557 adiutor
1658 493 1707 540 et
1762 475 2033 552 protector

452 588 622 639 factus
676 592 760 637 est
822 582 952 635 mihi
1014 582 1082 635 ad
1133 578 1463 644 salutem“;
1513 594 1534 630 ι
1585 584 1733 633 εις(
1772 574 1905 641 Quis
1961 577 2037 631 si-

448 677 593 730 milis
655 675 749 727 tibi
791 674 844 727 in
877 673 997 736 diis,
1033 671 1288 725 Domine?
1309 670 1431 739 quis
1458 670 1649 724 similis
1677 669 1795 734 libi,
1838 669 2034 739 glorio-

451 782 544 818 sus
571 766 623 818 in
646 766 846 817 sanctis
868 802 881 823 ,
909 760 1243 815 admirabilis
1302 761 1353 812 in
1386 759 1652 824 laudibus,
1678 758 1881 812 faciens
1911 771 2036 825 pro-

453 856 592 926 digia
620 854 705 909 “l
737 872 758 905 ι
819 853 1025 917 Odibns
1069 852 1184 905 haec
1233 850 1406 921 (addit
1452 848 1655 918 idem),
1704 849 1916 917 aliaque
1950 848 2034 900 iu-

452 962 619 1015 snper
658 947 743 1000 bis
788 944 986 999 similia
1009 952 1064 999 et
1103 957 1356 1010 germana
1378 938 1770 995 Constantinus
1791 940 2031 993 omnium

453 1042 645 1093 ducem
698 1047 750 1092 et
798 1037 1042 1091 victoriae
1087 1043 1364 1089 auctorem
1395 1031 1562 1087 Deum
1608 1040 1665 1086 et
1697 1030 2030 1101 unigenitum

455 1130 574 1197 ejus
604 1128 802 1183 Filium
833 1126 1016 1181 Jesnm
1046 1125 1326 1180 Christum
1370 1124 1546 1192 reipsa
1579 1122 1883 1185 celebrans,
1921 1119 2031 1173 Ro-

457 1236 602 1275 mam
646 1235 771 1274 cum
802 1218 1078 1285 triumpho
1129 1226 1186 1270 et
1215 1214 1419 1269 celebri
1463 1230 1657 1284 pompa
1709 1213 2030 1281 ingreditur,

454 1311 707 1365 omnibus
758 1308 1088 1373 confertim,
1157 1317 1264 1361 tam
1331 1305 1421 1374 qui
1474 1304 1753 1359 senatorio
1810 1304 2029 1367 ordine,

456 1416 621 1470 quam
681 1401 772 1471 qni
828 1400 954 1456 aliis
1013 1399 1339 1469 dignitatum
1390 1396 1730 1451 ornamentis
1792 1394 2034 1448 illustres

454 1501 634 1556 erant,
663 1507 786 1546 eum
835 1500 951 1545 toto
994 1489 1192 1560 populo
1237 1487 1505 1548 Romano,
1545 1486 1839 1540 infantibus
1870 1484 2031 1538 simul

455 1591 513 1635 et
546 1580 888 1659 mulieribus,
924 1579 1046 1634 Isto
1091 1577 1374 1633 oculorum
1421 1577 1614 1630 obtutu
1655 1582 1706 1629 et
1742 1574 2033 1628 libentibus

460 1673 683 1737 animis,
714 1679 973 1740 tanquam
1002 1669 1371 1731 liberatorem,
1414 1675 1748 1721 servatorem
1782 1674 1837 1718 et
1865 1665 2032 1719 benc-

2137 502 2222 539 σιν
2244 487 2501 552 Εὐσέϐιος
2530 491 2558 542 6
2576 490 2885 560 Παμφίλου,
2907 490 3098 563 βοῆσαι
3123 491 3353 559 λέγοντα
3371 506 3385 519 ’
3412 508 3429 540 ι
3462 488 3721 558 ’ᾼσωμεν

2134 580 2212 650 τῷ
2254 580 2461 650 Κυρίῳ,
2497 580 2725 645 ἐνδόξως
2779 582 2889 654 γὰρ
2934 580 3262 646 δεδόξασται,
3308 580 3508 650 φησίν·
3550 579 3720 632 ἵππω

2136 672 2231 725 καὶ
2274 672 2556 741 ἀναϐάτην
2593 671 2817 744 ἔρριψεν
2872 676 2953 736 είς
3003 672 3304 727 θάλασσαν.
3370 670 3573 738 Βοηθὸς
3623 671 3720 722 καὶ

2135 764 2450 833 σκεπαστὴς
2477 765 2697 833 ἐγένετό
2732 783 2820 835 μοι
2865 769 2944 829 εἰς
2988 765 3283 835 σωτηρίαν.
3320 782 3345 818 ι
3372 763 3519 817 Καί·
3561 780 3582 814 ι
3622 761 3719 824 Τίς

2132 856 2317 925 ὅμοιός
2350 872 2431 909 σοι
2464 858 2523 909 ἐν
2540 856 2703 921 θεοῖς,
2731 857 2900 927 Κύριε
2922 876 2937 923 ;
2966 858 3049 920 τίς
3067 858 3250 927 ὅμοιός
3268 873 3370 916 σοι.
3395 854 3718 921 δεδοξασμέ-

2133 963 2223 1009 νος
2249 946 2307 997 ἐν
2338 946 2537 1013 ἁγίοις,
2565 947 2881 1015 Θαυμαστὸς
2909 950 2966 1000 ἐν
2984 930 3187 1010 δόξαις,
3223 944 3395 998 ποιῶν
3418 944 3657 1013 τέρατας
3693 962 3713 993 ι

2133 1032 2227 1100 Οἷς
2258 1036 2501 1105 ἐπιλέγει
2522 1037 2551 1088 ὁ
2577 1036 2738 1100 αὐτὸς
2773 1035 2977 1101 ταῦτα,
3015 1036 3111 1088 καὶ
3135 1036 3235 1088 ὃσα
3271 1032 3483 1095 τούτοις
3515 1030 3721 1098 ἁδελφά

2133 1143 2191 1180 τε
2221 1127 2316 1179 καὶ
2351 1127 2567 1196 ἐμφερῆ
2589 1128 2996 1189 Κωνσταντῖνος
3021 1126 3113 1180 τὸν
3133 1121 3488 1195 πανηγεμὸνα
3506 1123 3604 1176 καὶ
3618 1121 3720 1189 τῆς
3809 1132 3819 1140 ’

2133 1217 2289 1286 νίκης
2323 1217 2496 1270 αἴτιον
2524 1217 2679 1281 Θεὸν,
2707 1217 2803 1271 καὶ
2830 1216 2922 1269 τὸν
2949 1215 3215 1287 μονογενῆ
3252 1213 3419 1267 αὐτοῦ
3439 1212 3566 1265 Υίὸν
3607 1212 3719 1281 Ἰη-

2134 1307 2262 1360 σοῦν
2299 1308 2536 1378 Χριστὸν
2566 1309 2751 1371 αὐτοῖς
2779 1308 2965 1379 ἔργοις
3003 1304 3461 1377 ἁνυμνήσας,ἐπ“ι
3496 1301 3723 1371 Ῥώμην

2137 1399 2257 1469 μετ’
2303 1400 2584 1454 ἐπινικίων
2640 1400 2958 1470 είσήλαυνε,
3006 1398 3228 1452 πάντων
3284 1395 3500 1467 ἀθρόως
3549 1393 3721 1446 αὐτὸν

2133 1490 2243 1544 τῶν
2261 1508 2322 1544 τε
2354 1490 2463 1544 ἀπὸ
2489 1492 2589 1560 τῆς
2620 1492 2931 1561 συγκλήτου
2976 1490 3196 1561 βουλῆς,
3254 1488 3350 1542 καὶ
3387 1486 3498 1540 τῶν
3538 1484 3722 1545 ἄλλως

2132 1582 2543 1652 διασημοτάτων
2572 1624 2589 1650 ,
2649 1584 2749 1636 σὺν
2802 1584 2965 1637 παντὶ
3029 1582 3188 1653 δήμῳ
3258 1579 3546 1650 Ῥωμαίων
3603 1577 3725 1647 ἅμα

2134 1676 2332 1746 κομιδῇ
2356 1674 2571 1743 νηπίοις
2599 1674 2694 1727 καὶ
2718 1672 2958 1741 γυναιξὶ,
2980 1671 3228 1742 φαιδροῖς
3244 1670 3511 1740 ὄμμασιν,
3529 1667 3725 1727 αὐταῖς

460 1763 626 1817 ﬁcum
660 1772 950 1831 patronum
998 1777 1188 1824 suum,
1229 1776 1353 1815 cum
1394 1760 1588 1814 faustis
1622 1758 2030 1813 acclamationi-

2144 1740 2357 1834 φυγαῖς,
2409 1740 2506 1818 -οἷα
2554 1740 2860 1834 λυτῳτὴν,
2900 1740 3126 1833 σωτῆρά
3165 1777 3225 1815 τε
3266 1761 3364 1814 καὶ
3418 1758 3724 1830 εὐεργέτην

458 1855 561 1908 bus
606 1862 665 1909 et
718 1852 1010 1908 insatiabili
1043 1854 1241 1923 gaudio
1290 1852 1435 1906 illum
1475 1851 1893 1921 excipientibus.
1946 1848 2038 1905 llle

460 1961 599 2003 vero
635 1946 795 2003 insita
829 1946 882 2000 in
915 1943 1085 1999 Deum
1119 1945 1319 2014 pietate
1355 1944 1616 2005 imbutus,
1649 1942 1908 2012 applausu
1946 1942 2039 1995 illo

450 2039 805 2107 strepituque
832 2036 1076 2105 populari
1109 2037 1255 2090 nullo
1288 2046 1445 2105 pacto
1476 2034 1673 2102 elatus,
1725 2033 1820 2089 sed
1851 2033 2038 2088 auxilii

461 2146 490 2180 a
526 2127 634 2183 Deo
681 2128 829 2182 allati
876 2128 979 2182 sibi
1030 2127 1196 2197 probe
1237 2127 1510 2194 conscius,
1564 2125 2041 2183 statim.salntaris

462 2218 733 2291 passionis
766 2227 1025 2288 tropaeum
1068 2219 1121 2272 itt
1157 2233 1315 2272 mann
1350 2218 1583 2289 propriae
1626 2218 1877 2289 imaginis
1906 2218 2030 2289 ponti

455 2311 608 2377 jubet
637 2328 649 2364 :
679 2319 733 2364 et
758 2325 877 2364 cum
908 2320 1144 2366 statuam
1180 2311 1353 2380 ipsius
1380 2310 1568 2364 dextra
1605 2310 1786 2363 crucis
1815 2310 2031 2378 signum

464 2410 759 2464 tenentem,
795 2399 979 2456 Roma:
1016 2401 1067 2455 in
1096 2400 1216 2455 loco
1255 2400 1437 2470 populi
1465 2400 1768 2470 frequentia
1802 2402 2037 2469 maxime

462 2491 664 2545 celebri
706 2490 1089 2558 collocassent,
1138 2491 1274 2546 hanc
1324 2491 1734 2560 inscriptionem
1777 2489 1863 2546 bis
1909 2491 2042 2560 ipsis

460 2586 642 2639 verbis
669 2583 862 2640 Latino
900 2598 1150 2639 sermone
1200 2584 1254 2638 in
1287 2598 1349 2639 ea
1392 2582 1553 2637 incidi
1585 2581 1857 2635 mandavit
1884 2599 1900 2635 :
1926 2579 2042 2637 Hoc

464 2677 691 2731 salutari
735 2676 912 2747 signo,
941 2691 1072 2732 vero
1115 2675 1451 2731 fortitudinis
1490 2671 1712 2735 indicio,
1759 2672 2038 2728 civitatem

462 2776 702 2820 vestram
738 2766 1040 2836 tyrannidis
1074 2764 1205 2833 jugo
1235 2763 1484 2828 liberavi,
1515 2773 1569 2818 et
1596 2761 1652 2816 S.
1689 2760 1751 2816 P.
1781 2761 1849 2828 Q.
1884 2762 1950 2816 Β.
1985 2765 2036 2817 in

468 2858 775 2913 libertatem
801 2858 1108 2923 vindicans,
1136 2856 1383 2926 pristina:
1406 2855 1748 2926 amplitudini
1781 2863 1836 2910 ct
1858 2856 2040 2925 splen-

466 2949 581 3004 dori
618 2950 849 3004 restitui.
883 2948 1012 3004 Haec
1040 2946 1308 3002 Eusebius
1333 2946 1397 2999 ⁸⁸.
2025 2945 2042 2955 ’

2140 1856 2257 1925 μετ’
2282 1854 2569 1926 εὐφημιῶν
2602 1854 2699 1908 καὶ
2729 1855 3007 1925 ἀπλήστου
3055 1853 3233 1923 χαρᾶς
3278 1850 3720 1920 ὑποδεχομένων.

2147 1948 2208 2001 Ὀ
2244 1947 2299 2001 δὲ
2328 1948 2568 2018 ἔμφυτον
2596 1948 2693 2019 τὴν
2721 1948 2802 2009 εἰς
2842 1944 2932 1999 τὸν
2956 1944 3088 1999 Θεὸν
3110 1943 3398 1997 εὐσέϐειαν
3443 1940 3724 2011 κεκτημέ-

2138 2056 2249 2103 νος,
2287 2040 2411 2110 μηδ⁹
2448 2039 2588 2103 ὅλως
2628 2040 2722 2093 ἐπὶ
2750 2040 2869 2101 ταῖς
2902 2036 3054 2107 βοαῖς
3089 2035 3624 2106 παρασαλευόμενος,
3659 2029 3722 2087 εὗ

2143 2132 2291 2202 μάλα
2315 2132 2414 2202 τῆς
2458 2133 2521 2185 ἐκ
2562 2130 2697 2184 Θεοῦ
2731 2127 3153 2198 συναισθόμενος
3209 2126 3485 2198 βοηθείας,
3521 2125 3725 2177 αὐτίκα

2136 2225 2197 2277 τὸ
2226 2224 2319 2277 τοῦ
2348 2223 2641 2295 ’σωτηρίου
2692 2220 2896 2283 πάθους
2925 2221 3184 2291 τρόπαιον
3235 2219 3343 2271 ὑπὸ
3393 2219 3551 2288 χεῖρα
3584 2216 3722 2277 ίδὶας

2138 2314 2345 2380 εἰκόνος
2378 2314 2702 2384 ἀνατεθῆναι
2735 2311 3080 2384 προστάττει.
3110 2310 3221 2364 Καὶ
3246 2308 3309 2380 δὴ
3346 2305 3579 2379 σταυροῦ
3624 2323 3725 2377 ση-

2144 2406 2293 2475 μεῖον
2325 2406 2382 2456 ὲν
2399 2406 2464 2475 τῇ
2491 2404 2637 2475 δεξιᾷ
2656 2403 2955 2472 κατέχοντα
2975 2401 3137 2454 αὐτὸν
3159 2402 3215 2453 ἐν
3232 2399 3310 2469 τῷ
3344 2398 3586 2469 μάλιστα
3608 2396 3721 2450 τῶν

2141 2497 2238 2550 ἐπὶ
2282 2495 2499 2568 Ῥώμης
2538 2495 3044 2568 δεδημοσιευμένων
3075 2493 3227 2562 τόπῳ
3258 2492 3557 2562 στήσαντες
3577 2529 3594 2552 ,
3621 2488 3726 2541 αὐ·-

2144 2585 2241 2655 τὴν
2287 2586 2352 2657 δὴ
2385 2586 2587 2657 ταύτην
2648 2587 2973 2658 προγραφὴν
3017 2576 3723 2655 ἐνταχθῆναι[ἐγχαράξαιι

2147 2678 2388 2750 ῥήμασιν
2428 2678 2609 2743 αὐτοῖς
2655 2678 3023 2747 ἐγκελεύεται,
3077 2679 3143 2747 τῇ
3204 2674 3492 2743 Ῥωμαίων
3546 2673 3727 2740 φωνῇ’

2146 2768 2334 2839 Τούτῳ
2363 2767 2439 2838 τῷ
2478 2768 2811 2841 σωηριώδει
2863 2768 3078 2839 σημείῳ
3104 2763 3182 2836 τῷ
3208 2762 3452 2833 ἀληθινῷ
3506 2761 3721 2832 ἐλέγχῳ

2143 2858 2242 2929 τῆς
2275 2859 2521 2931 ἀνδρίας,
2549 2861 2649 2932 τὴν
2678 2862 2833 2915 πόλιν
2867 2860 3020 2931 ὐμῶν
3042 2859 3151 2912 ἀπὸ
3182 2854 3353 2926 ζυγοῦ
3384 2854 3494 2908 τῶν
3526 2852 3728 2919 τυράν-

2143 2968 2249 3004 νων
2262 2951 2536 3018 διασώσας
2563 2953 2918 3025 ἠλευθέρωσα
2942 2969 2956 2983 ·
2990 2952 3071 3004 ἐτι
3098 2951 3206 3021 μὴν
3233 2949 3327 3004 καὶ
3356 2946 3454 3017 τὴν
3481 2944 3722 3013 σύγκλη-

432 3057 555 3097 ,τον
579 3039 791 3093 καὶτὸν
837 3039 1008 3109 δῆμον
1054 3038 1339 3107 Ῥωμαίων
1372 3040 1438 3109 τῇ
1490 3037 1692 3109 ἀρχαίᾳ
1722 3038 2013 3108 ἐπιφανείᾳ
2052 3038 2148 3093 καὶ
2188 3040 2538 3117 λαμπρότητι
2592 3043 2966 3119 ἐλευθερώσας
3016 3036 3724 3114 ἀποκατέστησα.Τοσαῦτα

468 3131 745 3194 Εὐσέϐιος.

1102 3220 1255 3277 CAP.
1286 3220 1393 3277 ΠΙ.

465 3315 542 3370 De
578 3312 778 3372 Licinio
812 3328 842 3366 a
871 3309 1220 3384 Constantino
1243 3313 1327 3384 pio
1352 3313 1510 3366 misso
1540 3321 1722 3368 contra
1753 3322 2039 3384 tyrannum

961 3384 1050 3452 qui
1080 3382 1133 3435 in
1170 3381 1383 3435 Oriente
1411 3392 1545 3436 erat.

537 3535 789 3592 Bullinus
820 3545 1001 3592 autem
1026 3536 1164 3607 (sive
1186 3535 1461 3608 Gelasins)
1497 3537 1577 3593 sic
1607 3538 1718 3593 ait:
1771 3537 1903 3594 Post
1925 3538 2041 3595 haec

469 3630 681 3701 rogavit
710 3639 933 3685 senatus
963 3628 1231 3684 Licinium
1258 3628 1595 3685 Constantia;
1652 3633 1858 3687 sororis
1890 3633 2040 3689 Con-

467 3721 693 3775 stantini
723 3721 866 3775 illius
896 3720 967 3790 pii
1000 3721 1279 3786 maritum,
1313 3731 1371 3776 ut
1401 3738 1505 3775 una
1534 3738 1655 3777 cum
1685 3723 2044 3779 Cmtstantino

471 3821 756 3883 regnaret:
791 3814 932 3866 Itunc
960 3813 1145 3867 statim
1188 3814 1243 3868 in
1287 3813 1562 3869 Orientem
1615 3825 1804 3869 contra
1856 3823 2044 3886 tyran-

471 3920 599 3959 num
628 3905 720 3974 qui
753 3904 861 3959 illic
895 3915 1014 3960 erat
1042 3906 1209 3969 misit,
1246 3904 1472 3961 salutem
1494 3904 1931 3961 Christianorum
1951 3907 2042 3977 qui

471 3993 578 4050 illic
604 4003 782 4061 erant,
816 4011 1141 4066 procurans.
1188 3995 1315 4050 Pius
1357 3997 1503 4051 enim
1551 3998 1848 4067 imperator
1883 4000 2046 4054 tantis

468 4086 747 4141 beneficiis
771 4103 800 4142 a
836 4087 945 4142 Deo
980 4089 1227 4156 all‘ectus,
1265 4089 1462 4144 bonam
1515 4090 1746 4155 gratiam
1802 4089 2047 4145 bcnelico

471 4178 767 4247 rependere
797 4178 947 4233 omni
980 4178 1163 4234 studio
1192 4179 1495 4235 contendit.
1526 4178 1601 4233 Ea
1625 4191 1745 4234 erat
1776 4180 2047 4236 Christia-

472 4283 664 4323 norum
695 4268 1038 4325 aﬂlictionem
1072 4271 1256 4340 quiete
1292 4269 1473 4339 aliqua
1505 4277 1561 4323 et
1608 4270 1931 4325 remissione
1968 4271 2048 4325 le-

468 4377 619 4428 vare,
644 4370 697 4417 et
746 4363 882 4419 alios
932 4366 999 4419 de
1028 4364 1224 4419 exsilio
1259 4364 1541 4425 reducere,
1575 4364 1838 4432 quosdam
1871 4377 1901 4417 e
1931 4378 2050 4416 car-

469 4467 593 4507 cere
626 4462 683 4507 et
712 4453 945 4509 vinculis
974 4454 1246 4515 emittere,
1278 4450 1567 4505 nonnullos
1596 4467 1718 4505 cum
1752 4452 1910 4507 bonis
1938 4453 2051 4509 suis

471 4544 795 4610 publicatos,
852 4545 905 4598 in
943 4545 1212 4613 integrum
1260 4541 1570 4605 restituere,
1599 4548 1655 4594 et
1686 4541 1923 4611 ipsorum
1959 4560 2050 4598 ec-

470 4634 668 4689 clesias
697 4636 1046 4689 instaurare:
1079 4632 1260 4686 omnia
1294 4645 1424 4685 vero
1479 4645 1690 4686 summa
1717 4649 1839 4689 cum
1883 4636 2049 4691 animi

432 4770 435 4775 .
474 4724 758 4779 alacritate
804 4724 953 4788 fecit,
983 4738 1044 4777 ea
1069 4737 1190 4793 quur
1214 4719 1415 4776 Christi
1451 4733 1578 4776 sunt
1610 4726 1829 4795 sapiens
1861 4727 1913 4781 in
1931 4741 2049 4782 om-

432 4817 663 4872 .nibns.
746 4817 879 4870 Cum
931 4815 1279 4870 Christianus
1330 4825 1496 4881 esset,
1549 4818 1731 4871 omnia
1794 4826 2048 4888 tanquam

429 4966 437 4973 ,
476 4908 816 4964 Christianus
845 4908 992 4971 fecit,
1026 4906 1117 4960 Dei
1163 4905 1377 4974 quidem
1434 4908 1696 4964 ecclesias
1739 4919 2051 4972 exstruens,

476 5007 532 5051 et
557 5000 814 5067 pretiosis
836 5012 1045 5054 ornans
1068 4997 1345 5066 donariis;
1371 5001 1649 5069 gentilium
1685 5016 1817 5055 vero
1855 5001 2051 5071 templa

479 5093 620 5147 dirui
651 5093 847 5159 jubctts
880 5099 936 5144 et
966 5088 1203 5144 incendi.

2738 3225 2984 3279 ΚΕΦΔΔ.
3030 3226 3105 3278 Z'.

2147 3312 2288 3378 Περὶ
2337 3312 2607 3367 Λικινίου
2658 3312 3043 3380 πεμπομένου
3084 3310 3245 3376 παρὰ
3274 3308 3379 3362 τοῦ
3431 3307 3725 3380 εὐσεϐοῦς

2218 3377 2681 3467 Κωνσταντίνου
2731 3377 2884 3435 κατᾶ
2927 3381 3034 3436 τοῦ
3089 3380 3183 3433 ἐπ’
3228 3377 3560 3446 Ἀνατολῆς
3617 3395 3723 3431 τυ-

2209 3468 2464 3521 ραννου.

2218 3545 2287 3597 Ὅ
2315 3560 2378 3612 γε
2419 3542 2524 3614 μὴν
2584 3541 2865 3611 Ῥουφῖνος
2892 3582 2907 3609 ,
2939 3542 3109 3614 ἧγουν
3185 3539 3441 3604 Γελάσιος
3470 3578 3486 3604 ,
3546 3538 3729 3592 ταῦτα

2148 3636 2295 3704 λέγει
2318 3631 2460 3688 ὧδεο
2490 3635 2645 3689 Μετά
2676 3634 2852 3705 ταῦτα
2908 3633 3152 3688 Λικίνιον
3208 3631 3461 3703 γαμϐρὸν
3522 3631 3731 3700 τυγχά-

2148 3745 2308 3784 νοντα
2329 3726 2427 3781 τοῦ
2481 3726 2767 3796 θεοφιλοῦς
2818 3725 3231 3780 Κωνσταντίνου
3266 3725 3359 3777 ἐπὶ
3401 3726 3468 3794 τῇ
3520 3722 3729 3791 ἀδελφῇ

2150 3817 2529 3889 Κωνσταντία,
2588 3815 3012 3887 συμϐασιλεύειν
3074 3813 3151 3886 τῷ
3230 3813 3629 3882 Κωνσταντίνῳ
3694 3815 3731 3879 ἠ

2162 3908 2449 3979 Ῥωμαίων
2495 3910 2738 3979 ᾐτήσατο
2792 3906 3094 3977 σύγκλητος
3125 3922 3139 3937 ·
3194 3906 3379 3959 ὅντινα
3433 3899 3591 3968 αὖθις
3636 3904 3734 3956 ἐπὶ

2152 3999 2250 4068 τὴν
2280 4000 2421 4069 ἑῴαν
2450 3998 2727 4067 ἐξέπεμψε
2764 3996 2907 4051 κατά
2932 3996 3027 4055 τοῦ
3080 3996 3261 4049 ἐκεῖσε
3290 3994 3582 4066 τυράννου,
3630 3993 3732 4064 τὴν

2155 4091 2428 4162 σωτηρίαν
2487 4091 2595 4143 τῶν
2632 4091 2812 4142 ἐκεῖσε
2851 4086 3196 4158 Χριστιανῶν
3248 4085 3724 4158 «potando-ipsae;

2166 4184 2503 4245 Ἀπολαύσας
2546 4182 2657 4253 γὰρ
2706 4183 2815 4235 τῶν
2868 4181 3204 4252 τηλικούτων
3255 4180 3588 4250 εὐεργεσιῶν
3634 4178 3731 4232 τοῦ

2153 4275 2290 4329 Θεοῦ
2314 4278 2341 4328 6
2361 4274 2592 4346 εὐσεϐὴς
2612 4276 3039 4338 Κωνσταντῖνος,
3064 4273 3462 4343 εὐχαριστὴρια
3483 4269 3562 4341 τῷ
3577 4271 3735 4339 εὐερ-

2154 4360 2289 4434 γέτῃ
2322 4362 2651 4432 προσφέρειν
2689 4361 3008 4424 ἐσπούδαζε.
3040 4360 3228 4414 Ταῦτα
3262 4360 3322 4412 δὲ
3352 4356 3420 4430 ἦν
3447 4359 3733 4412 τὸάνεῖναι

2154 4454 2282 4514 τοὺς
2306 4453 2667 4521 Χριστιανοὺς
2688 4452 2781 4505 τοῦ
2817 4451 3132 4516 διώκεσθαι,
3168 4453 3261 4505 καὶ⁵
3309 4453 3434 4513 τούς
3464 4452 3523 4505 ἐν
3547 4450 3735 4521 ἐξορίᾳ

2157 4540 2317 4602 ὄντας
2350 4540 2760 4608 ἀνακαλεῖσθαι,
2800 4544 2927 4606 τούς
2956 4544 3014 4596 ἐν
3033 4542 3431 4613 δεσμωτηρίοις
3454 4540 3734 4611 ἀφίεσθαι,

2158 4631 2252 4684 καὶ
2285 4633 2394 4693 τοῖς
2432 4631 2754 4702 δημευθεῖσι
2779 4635 2874 4697 τὰς
2903 4634 3090 4697 οὐσίας
3126 4633 3309 4688 αὐτῶν
3363 4633 3735 4686 ἀποκαθίστα-

2159 4721 2302 4785 σθαι,
2368 4722 2465 4783 sti;
2510 4739 2571 4775 τε
2611 4725 2934 4796 Ἑκκλησίας
2982 4726 3163 4779 αὐτῶν
3203 4723 3605 4796 ἀνορθοῦσθαι·
3642 4722 3739 4777 καὶ

2158 4813 2337 4866 πάντα
2369 4814 2540 4868 ἐποίει
2568 4818 2665 4871 σὺν
2692 4818 2972 4890 προθυμίᾳ
3000 4819 3192 4889 πολλῇ,
3244 4818 3312 4871 τά
3364 4818 3458 4872 τοῦ
3491 4816 3736 4886 Χριστοῦ

2122 4926 2126 4929 ·
2160 4905 2391 4977 φρονῶν.
2455 4908 2536 4962 Τά
2574 4909 2746 4963 πάντα
2788 4910 3113 4980 Χριστιανὸς
3141 4909 3239 4974 ῶν,
3276 4909 3352 4971 ὡς
3410 4904 3741 4978 Χριστιανὸς

2160 4998 2340 5051 πάντα
2405 4999 2702 5069 ἔπραττεν,
2743 5001 3042 5073 ἀνεγείρων
3098 5003 3197 5065 si;
3256 5000 3583 5071 Ἑκκλησίας
3644 4994 3742 5048 τοῦ

2162 5090 2322 5155 Θεοῦ,
2347 5094 2441 5146 καὶ
2475 5093 2797 5149 πολυτελέσι
2819 5095 2997 5165 τιμῶν
3024 5094 3397 5165 ἀναθήμασιν,
3447 5093 3530 5145 ἔτι
3557 5091 3612 5143 δὲ
3643 5101 3742 5146 καὶ

475 5189 604 5252 τούς
642 5184 909 5253 Ἑλλήνων
921 5181 1084 5246 ναοὺς
1105 5180 1509 5253 καθαιρεῖσθαι,
1533 5184 1627 5237 καὶ
1643 5201 1715 5236 πυ
1726 5185 1778 5255 pi.
1792 5182 2199 5255 διαφθείρεσθαι
2239 5186 2611 5256 προστάττων.

1093 5276 1247 5332 CAP.
1292 5277 1429 5334 Vlll.

640 5371 719 5425 De
759 5366 1047 5423 Maximini
1077 5368 1307 5425 Orientis
1356 5371 1569 5441 tyranni
1599 5370 1885 5426 dementia.

554 5522 798 5580 Orientis
826 5532 1005 5579 autem
1025 5536 1286 5600 tyrannus
1314 5523 1404 5578 Dei
1430 5522 1702 5580 Eccle-ias
1730 5527 1931 5584 interea
1961 5531 2054 5585 de-

567 5685 605 5715 "
630 5682 795 5738 llxod.
835 5700 920 5746 xv,
956 5683 1003 5737 l.
1086 5683 1125 5714 ’³
1152 5683 1282 5738 ibid.
1317 5682 1398 5735 ll.
1476 5681 1678 5736 "Luco
1708 5684 1801 5739 cit.

2766 5284 3016 5337 ΚΕΦΑΛ.
3069 5285 3154 5337 Η’.

2165 5373 2303 5440 Περὶ
2329 5371 2437 5440 τῆς
2455 5372 2560 5428 τοῦ
2578 5375 2727 5428 κατὰ
2752 5375 2973 5459 d3:ato.1
2987 5375 3059 5441 ὴν
3082 5374 3381 5442 τυράννου
3404 5370 3752 5439 Μαξιμίνου

2793 5460 3002 5498 amaro;
3012 5462 3105 5509 ας.

2249 5535 2305 5587 Ὀ
2339 5536 2519 5605 μέντοι
2552 5536 2694 5589 κατὰ
2725 5537 2824 5606 τὴν
2873 5537 3163 5608 Ἀνατολὴν
3212 5535 3474 5611 τύραννος
3525 5532 3631 5599 τὰς
3655 5529 3753 5589 ῖοῦ
