4070 6382
329 273 467 390 tene

1214 327 1580 388 HISTORIA
1620 325 1953 388 CONCILII
1998 325 2306 387 NIGENI.
2345 351 2415 362 -
2454 325 2600 384 LIB.
2644 323 2696 384 Ι.

3469 303 3603 368 1210

328 432 465 486 θεοῦ
533 432 860 505 Ἐκκλησίας
908 432 1156 504 ἐπόρθει.
1221 434 1581 506 Ἐκπεριῆλθε
1636 435 1694 488 δὲ
1743 435 1907 488 αὑτὸν

2035 435 2390 502 populabatur.
2463 431 2677 498 Decepit
2732 428 2907 498 ipsum
2945 417 3248 493 hujusmodi
3279 431 3463 472 causa.
3496 412 3605 466 Ma-

328 525 554 594 τοιαῦτη
603 542 687 588 τις
733 526 918 579 αἰτία·
949 525 1024 578 Τὸ
1073 525 1303 594 μέγεθος
1344 528 1445 596 τῆς
1495 526 1558 579 οὐ
1591 528 1712 580 κατ’
1749 524 1908 590 ἀξίαν

331 616 480 688 αὑτῴ
513 618 915 690 ἐπιτραπείσης
953 619 1252 689 ἡγεμονίας
1281 621 1418 690 μήτε
1478 616 1590 681 οἶός
1635 637 1692 673 τε
1726 619 1914 689 φέρειν

331 706 428 768 ῶν,
455 708 590 761 ἀλλά
609 708 678 762 δι’
709 709 968 780 ἀπειρίαν
999 709 1278 781 σώφρονος
1317 711 1411 764 καὶ
1435 709 1716 780 βασιλικοῦ
1763 711 1914 777 λογι-

336 801 474 871 σμοῦ
521 803 901 873 ἀπειροκάλως
954 807 1067 865 τοῖς
1110 803 1432 874 πράγμασιν
1481 803 1768 874 ἐγχειρῶν,
1825 801 1918 854 ἐπὶ

337 891 470 944 πᾶσι
495 891 550 944 δὲ
577 891 960 962 ὑπερηφανίας
989 894 1334 963 μεγαλαυχία
1367 893 1465 963 τὴν
1494 891 1674 963 ψυχὴν
1703 892 1918 958 ἀλόγως

339 983 547 1054 ἀρθεὶς,
575 983 676 1054 ἤδη
718 985 807 1037 καὶ
851 985 992 1036 κατὰ
1041 985 1151 1037 τῶν
1184 985 1284 1054 τῆς
1313 984 1590 1055 βασιλείας
1621 984 1918 1047 κοινωνῶν,

339 1077 434 1128 καὶ
469 1073 564 1127 τοῦ
613 1075 852 1145 μάλιστα
897 1076 1336 1142 Κωνσταντίνου,
1381 1074 1477 1128 τοῦ
1522 1077 1702 1128 πάντα
1753 1073 1919 1127 αὐτοῦ

339 1164 728 1234 διαφέροντος,
781 1166 928 1233 γένει
959 1183 1019 1218 τε
1081 1167 1176 1220 καὶ
1241 1167 1414 1236 τροφῇ
1503 1167 1600 1218 καὶ
1677 1165 1920 1236 παιδεία,

341 1255 612 1326 ἀξιώματί
667 1273 727 1309 τε
777 1257 870 1310 καὶ
909 1257 1146 1324 συνέσει,
1183 1258 1279 1309 καὶ
1331 1257 1459 1325 τόγε
1507 1257 1728 1310 πάντων
1759 1223 1924 1327 κορυ-

342 1349 655 1416 φαιότατον,
695 1349 1041 1422 σωφροσύνῃ,
1081 1349 1174 1402 καὶ
1215 1351 1282 1418 τῇ
1313 1349 1444 1419 περὶ⁵
1465 1348 1557 1401 τὸν
1582 1347 1759 1418 ἀληθῆ
1790 1348 1924 1401 Θεὸν

341 1439 594 1511 εὐσεϐείᾳ
625 1441 1046 1515 διαλάμποντος,
1101 1441 1306 1511 τολμᾷν
1343 1439 1574 1512 ὥρμητο
1619 1441 1927 1512 Μαξιμῖνος

341 1531 730 1600 θρασύνεσθαι,
772 1533 868 1585 καὶ
915 1531 1130 1602 πρῶτον
1163 1530 1355 1584 ἑαυτὸν
1398 1533 1522 1594 ταῖς
1574 1533 1764 1598 τιμαῖς
1823 1531 1928 1584 ὐπ-

341 1621 647 1692 αγορεὺειν.
687 1623 996 1686 Ἐπιτείνας
1022 1623 1077 1676 δὲ
1103 1625 1182 1686 εἰς
1212 1623 1476 1676 ἀπόνοιαν
1497 1623 1723 1693 μανίας,
1743 1624 1843 1686 τάς
1867 1639 1928 1677 τε

343 1715 650 1783 συνθήκας,
701 1713 768 1777 ἀς
812 1715 948 1786 πρὸς
988 1715 1230 1768 Λικίνιον
1282 1715 1568 1784 πεποίητο.
1597 1711 1928 1786 ,παρασπον-

2016 531 2345 602 guitudinem
2407 525 2656 596 imperii,
2690 521 2831 592 quod
2865 517 2914 573 ei
2974 529 3136 584 supra
3196 510 3446 566 meritum
3508 507 3605 559 ob-

2019 627 2213 695 ligarat
2241 660 2257 684 ,
2292 619 2432 674 ferre
2489 595 2658 686 atque
2713 613 2982 666 sustinere
3049 622 3153 662 non
3216 609 3468 674 poterat,
3504 595 3602 650 sed

2019 719 2227 770 honesti
2258 713 2494 785 regiique
2543 707 2739 778 ingenii
2774 719 2967 773 expers
2987 744 3002 769 ,
3030 702 3208 768 inepte
3237 705 3290 750 et
3320 702 3604 764 perperam

2019 827 2108 867 res
2147 809 2387 880 gerebat.
2435 803 2598 862 Gravi
2661 801 2875 856 tamlem
2941 805 3104 864 atque
3152 784 3475 843 intolerabili
3511 797 3608 835 ar-

2022 902 2260 974 rogantia
2300 901 2509 963 elatus,
2541 896 2702 950 etiam
2755 900 2942 946 centra
3002 882 3212 954 imperii
3250 879 3610 942 soeios;nta~

2021 999 2164 1054 xime
2218 1008 2344 1046 vero
2399 999 2585 1044 contra
2647 983 3061 1042 Constantinum
3112 972 3236 1047 {qui
3274 973 3436 1024 rebus
3487 981 3608 1021 om-

2024 1089 2180 1143 nibus
2209 1085 2286 1137 illi
2329 1084 2484 1150 longe
2527 1076 2910 1136 antecellebat,
2975 1083 3197 1141 genere,
3258 1062 3604 1123 educatione,

2025 1177 2386 1236 institutione.
2413 1171 2676 1242 dignitate
2735 1176 2788 1222 et
2815 1161 3137 1234 prudentia;
3193 1158 3414 1228 quippe,
3464 1150 3606 1220 quod

2024 1267 2267 1325 omnium
2298 1274 2461 1335 caput
2496 1271 2603 1322 est,
2633 1259 2798 1314 animi
2833 1253 3208 1310 moderatione
3237 1261 3292 1303 et
3319 1261 3449 1302 vera
3477 1259 3606 1313 erga

2025 1365 2197 1419 Deum
2225 1362 2426 1430 pietate
2456 1353 2828 1426 praefulgebat)
2871 1348 3074 1402 audere
3105 1343 3310 1412 quamvis
3339 1349 3394 1394 et
3433 1348 3608 1392 atten-

2029 1468 2143 1512 tare
2172 1456 2410 1508 animum
2441 1447 2673 1510 induxit,
2713 1452 2768 1496 et
2795 1443 2845 1493 in
2875 1439 3173 1493 honoribus
3203 1434 3452 1500 votisque
3518 1443 3611 1496 pu-

2030 1547 2186 1604 blicis
2215 1557 2334 1599 sese
2366 1540 2541 1610 primo
2565 1538 2682 1588 loco
2707 1529 3054 1590 renuntiare;
3087 1540 3208 1579 mox
3228 1519 3513 1577 stultitiam
3551 1515 3606 1568 in

2028 1642 2265 1697 furorem
2295 1643 2530 1695 vertens,
2563 1627 2932 1681 fmiera'cum
2969 1617 3174 1672 Licinio
3217 1623 3371 1682 pacta
3415 1610 3600 1677 rnpil:

2033 1729 2319 1787 achellmn
2367 1735 2522 1780 atrox
2549 1715 2866 1774 concitavit.
2939 1710 3224 1763 Postremo
3269 1717 3390 1758 cum
3456 1699 3606 1754 brevi

339 1805 532 1874 δῆσας,
585 1806 820 1875 πόλεμον
869 1806 1132 1860 ἄσπονδον
1181 1809 1439 1878 αἱρεῖται.
1477 1805 1614 1860 Εἶτα
1643 1808 1700 1858 ὲν
1732 1806 1926 1877 βραχεῖ

2033 1823 2213 1879 omnia
2277 1817 2607 1877 miscuisset,
2667 1818 2970 1874 omnesque
3000 1800 3250 1854 civitates
3309 1791 3607 1851 turbasset,

339 1897 408 1950 τὰ
435 1899 612 1951 πάντα
664 1900 932 1968 κυκήσας,
971 1899 1153 1952 πᾶσάν
1179 1915 1238 1952 τε
1266 1898 1420 1953 πόλιν
1465 1897 1790 1970 ἐκταράξεις,
1826 1898 1925 1950 καὶ

342 1993 451 2046 πᾶν
483 1993 848 2064 στρατόπεδον
879 1993 1207 2063 μυρίανδρον
1249 1993 1310 2045 τὸ
1338 1991 1543 2060 πλῆθος
1564 1988 1923 2058 συναγωγῶν,

340 2083 541 2148 ἔξεισιν
572 2086 649 2148 είς
681 2083 858 2154 μάχην
889 2085 1032 2154 πρὸς
1063 2084 1326 2144 Λικίνιον,
1361 2084 1504 2137 κατά
1533 2100 1588 2135 τε
1623 2082 1789 2136 αὑτοῦ
1831 2081 1928 2134 καὶ

340 2175 438 2229 τοῦ
471 2175 634 2228 αὑτὸν
671 2177 982 2240 στείλαντος
1009 2177 1444 2231 Κωνσταντίνου.
1477 2175 1586 2228 Καὶ
1623 2175 1686 2245 δὴ
1719 2174 1929 2240 συμὸα-

339 2265 452 2320 λὼν
496 2268 588 2330 εἰς
637 2271 848 2338 χεῖρας,
899 2267 1104 2338 ἔρημος
1148 2269 1245 2338 τῆς
1303 2269 1368 2319 ἐκ
1404 2265 1540 2319 Θεοῦ
1599 2267 1928 2319 καθίσταται

341 2359 666 2429 ἐπισκοπῆς,
699 2359 758 2426 ἐξ
813 2359 978 2412 αὑτοῦ
1008 2359 1106 2428 τῆς
1145 2359 1303 2428 νίκης
1339 2357 1435 2410 τοῦ
1492 2357 1712 2410 πάντων
1763 2356 1925 2424 μόνου

339 2449 476 2502 Θεοῦ
509 2449 978 2519 πρυτανευθείσης
1027 2448 1106 2519 τῷ
1137 2449 1260 2501 τότε
1299 2447 1592 2519 κρατοῦντι
1630 2449 1925 2500 Κωνσταν-

339 2543 497 2612 τίνῳ.
561 2541 848 2596 ’Λπόλλυσι
907 2539 1006 2611 μὲν
1065 2541 1260 2612 πρῶτα
1318 2541 1380 2594 τὸ
1425 2542 1513 2610 ἐφ’
1555 2532 1599 2608 ᾧ
1645 2536 1928 2592 ἐπεποίθει

341 2633 624 2686 ὁπλιτικὸν
677 2631 880 2703 πλῆθος
911 2634 939 2684 ὀ
967 2631 1278 2700 ἀλιτήριος·
1330 2630 1441 2684 τῶν
1484 2647 1545 2682 τε
1593 2625 1928 2699 ἀμφάῦτδν

342 2723 656 2794 δορυφόρων
717 2723 1048 2792 γυμνωθεὶς,
1100 2723 1194 2776 καὶ
1245 2721 1458 2774 πάντων
1499 2720 1705 2790 ἔρημον
1763 2718 1930 2772 αὐτὸν

343 2813 836 2876 καταλελοιπότων,
866 2812 944 2885 τῷ
967 2829 1027 2866 τε
1056 2812 1347 2883 κρατοῦντι
1395 2811 1928 2881 προσπεφευγότων,

345 2905 584 2968 ὑπεκδὺς
615 2905 643 2957 ὁ
671 2905 905 2966 δείλαιος
949 2905 1026 2988 ώς
1077 2906 1342 2974 τάχιστα,
1383 2905 1475 2958 τὸν
1537 2903 1598 2956 οὒ
1649 2903 1933 2975 πρέποντα

342 2995 494 3067 αὐτῷ
547 2997 822 3067 βασιλικὸν
863 2997 1067 3067 κόσμον
1104 2996 1294 3060 δειλῶς
1355 2997 1450 3054 καὶ
1505 2993 1789 3066 δυσμενῶς
1837 2995 1932 3048 κσλ

340 3089 625 3159 ἀνάνδρως
653 3088 880 3152 ἀποδὺς,
912 3087 1169 3142 ὑποδῦνει
1203 3089 1264 3140 τὸ
1315 3087 1520 3158 πλῆθος
1541 3127 1556 3151 ,
1616 3087 1713 3140 καὶ
1736 3085 1928 3140 ἔπειτα

339 3179 742 3253 διαδιδράσκει,
771 3179 1218 3250 κρυπταζόμενός
1244 3196 1304 3232 τε
1337 3179 1441 3233 ἀνά
1463 3181 1588 3243 τοὺς
1611 3180 1815 3252 ἀγροὺς
1838 3180 1933 3232 καὶ

337 3269 440 3334 τὰς
481 3270 676 3341 κώμας
703 3310 717 3333 ,
755 3271 906 3342 μόλις
939 3269 1047 3324 τῶν
1075 3270 1422 3340 πολεμιστῶν
1473 3269 1574 3334 τάς
1619 3273 1810 3344 χεῖρας
1851 3269 1932 3323 δι-

340 3362 534 3428 έξεισι,
566 3363 636 3416 τά
667 3362 768 3432 τῆς
823 3361 1102 3432 σωτηρίας
1137 3361 1288 3432 αὐτῷ
1343 3362 1764 3434 προμνώμενος.
1801 3362 1934 3434 Ἔρ-

337 3472 464 3523 γοις
487 3454 670 3518 αὐτοῖς
695 3450 754 3508 εὖ
792 3453 938 3525 μάλα
968 3455 1192 3519 πιστοὺς
1227 3443 1327 3508 καὶ
1355 3454 1574 3526 ἀληθεῖς
1598 3456 1722 3518 τοὺς
1757 3454 1935 3520 θείους

337 3547 624 3617 ἀποφῆναι
679 3545 889 3600 ἔνεστιν
945 3537 1046 3598 ὧδε
1089 3547 1408 3616 χρησμοὺς,
1457 3549 1516 3600 ἐν
1558 3544 1640 3611 οἷς
1673 3547 1891 3618 εἴρηται
1916 3563 1933 3579 ·

345 3659 368 3691 ε
412 3640 486 3694 Οὐ
521 3638 754 3702 σώζεται
787 3637 1042 3708 βασιλεὺς
1071 3636 1159 3690 διὰ
1193 3635 1392 3705 πολλὴν
1425 3636 1675 3709 δύναμιν,
1719 3638 1814 3692 καὶ
1847 3637 1936 3706 γί-

337 3747 452 3798 γας
483 3729 544 3782 οὐ
579 3728 886 3799 σωθήσεται
940 3728 997 3781 ἐν
1029 3728 1224 3800 πλήθει
1262 3729 1452 3799 ἰσχύος
1498 3727 1686 3784 αὐτοῦ.
1717 3731 1938 3799 Ψευδῆς

341 3823 518 3884 ἵππος
541 3822 620 3883 είς
649 3819 926 3892 σωτηρίαν
947 3835 962 3850 ’
996 3820 1052 3872 ἐν
1091 3819 1149 3872 δὲ
1182 3820 1376 3891 πλήθει
1427 3820 1713 3891 δυνάμεως
1767 3822 1937 3876 αὐτοῦ

341 3913 414 3965 οὐ
477 3909 808 3978 σωθήσεται.
893 3909 1027 3964 Ἰδοὺ
1085 3911 1134 3962 οἱ
1219 3909 1491 3982 ὀφθαλμοὶ
1557 3911 1762 3981 Κυρίου
1845 3911 1939 3964 ἐπὶ

335 4004 475 4064 τοὺς
511 4000 880 4072 φοϐουμένους
923 3999 1122 4064 αὑτὸν,
1163 4001 1292 4063 τοὺς
1351 3999 1681 4064 ἐλπίζοντας
1736 4000 1828 4052 ἐπὶ
1877 3999 1938 4052 τὸ

336 4094 496 4158 ἕλεος
519 4093 713 4148 αὐτοῦ’
738 4091 1007 4165 ῥύσασθαι
1027 4095 1090 4146 ἐκ
1113 4093 1346 4148 θανάτου
1365 4093 1466 4158 τὰς
1487 4093 1668 4166 ψυχάς
1683 4093 1880 4164 αὐτῶν.
1913 4112 1933 4145 ι

351 4186 422 4238 ’0
443 4185 499 4238 δὲ
527 4184 794 4256 δυσσεϐὴς
815 4185 986 4258 ἀθρόᾳ
1023 4185 1158 4239 Θεοῦ
1183 4186 1416 4258 πληγεὶς
1443 4187 1690 4256 μάστιγι,
1733 4187 1792 4238 ἐν
1815 4186 1938 4239 δευ-

334 4277 486 4348 τέρᾳ
507 4277 748 4348 πολέμου
775 4279 1017 4350 συμϐολῇ
1043 4281 1415 4350 καταστρέφει
1435 4279 1526 4332 τὸν
1557 4278 1692 4350 βίον.
1725 4278 1941 4333 Γίνεται

336 4371 410 4425 δὲ
446 4369 596 4442 αὐτῷ
641 4370 710 4424 τά
757 4371 856 4442 τῆς
885 4371 1292 4442 καταστροφῆς,
1327 4371 1427 4442 οὐχ
1465 4365 1556 4426 οἵα
1614 4374 1942 4442 στρατηγοῖς

341 4461 731 4534 ⁸πολεμάρχαις
768 4463 909 4534 ὑπὲρ
964 4464 1167 4534 ἀρετῆς
1193 4463 1290 4518 καὶ
1338 4463 1636 4534 γνωρίμων
1679 4463 1940 4528 πολλάκις

337 4554 761 4627 ἀνδριζομένοις
791 4557 850 4609 ἐν
869 4556 1090 4628 πολέμῳ
1115 4557 1214 4626 τὴν
1245 4557 1440 4626 εὐκλεῆ
1469 4557 1728 4624 τελευτὴν
1741 4556 1942 4626 εὐθαρ-

341 4645 467 4710 σῶς
498 4649 795 4717 ὑπομεῖναι
831 4647 1053 4716 συνέϐη.
1102 4647 1264 4700 Ἀλλά
1291 4647 1400 4718 γάρ
1433 4649 1527 4700 an:
1552 4665 1633 4712 τις
1664 4645 1936 4718 δυσσεϐὴς

339 4743 451 4796 καὶ
483 4739 789 4812 θεομάχος,
840 4739 938 4809 τῆς
995 4739 1353 4807 παρατάξεως
1401 4739 1476 4793 ἐτ’
1525 4738 1676 4811 αὐτῷ
1711 4738 1818 4808 πρὸ
1846 4738 1940 4792 τοῦ

341 4833 536 4890 πεδίου
557 4831 926 4902 συνεστώσης,
953 4831 1094 4885 οἴκοι
1121 4831 1299 4902 μένων
1331 4830 1492 4893 αὐτὸς
1519 4831 1614 4884 καὶ
1635 4827 1942 4902 κρυπταζό·

342 4943 539 4995 μενος,
576 4924 675 4996 τὴν
705 4926 1090 4999 προσήκουσαν
1135 4921 1410 4992 τιμωρίαν
1460 4921 1676 4992 ὑπέχει,
1725 4921 1942 4990 ἀθρόως

338 5017 491 5070 Θεοῦ
555 5013 788 5086 πληγεὶς
841 5013 1102 5084 μάστιγι’
1153 5013 1228 5075 ὡς
1277 5010 1539 5082 ἀλγηδόσι
1591 5010 1796 5072 δειναῖς
1847 5007 1944 5061 καὶ

343 5107 742 5180 περιωδυνίαι-τ
775 5105 1152 5176 ἐλαυνόμενος.
1188 5104 1320 5174 πρὶν
1373 5103 1405 5176 ἢ
1471 5104 1828 5162 καταπεσεῖν,
1863 5101 1946 5153 λι-

345 5198 448 5271 μῷ
503 5215 564 5252 τε
624 5199 1056 5268 διαφθείρεσθαι,
1090 5199 1188 5260 τάς
1237 5213 1295 5253 τε
1339 5196 1551 5267 σάρκας
1603 5193 1771 5250 αὑτοῦ
1809 5193 1942 5256 ὅλας

302 5344 313 5353 _
344 5291 578 5360 ἀοράτῳ
617 5291 710 5342 καὶ
744 5289 994 5364 θεηλάτῳ
1027 5290 1160 5360 πυρὶ
1187 5287 1598 5358 κατατήκεσθαι
1623 5303 1638 5318 ·
1670 5287 1768 5350 ὡς,
1787 5286 1942 5357 8mg-

347 5381 564 5452 ρεῦσαν
595 5381 656 5434 τὸ
694 5381 794 5451 μὲν
829 5381 938 5434 πᾶν
967 5376 1108 5444 εἶδος
1153 5381 1253 5450 τῆς
1283 5379 1520 5443 παλαιᾶς
1555 5379 1772 5450 μορφῆς
1800 5380 1947 5447 ἀξα·

341 5471 640 5543 νισθῆναι,
669 5469 830 5542 ξηρὸν
881 5471 924 5524 δ’
965 5471 1127 5524 αὑτὸν
1181 5470 1341 5542 μόνον
1399 5469 1586 5523 ὀστέον
1635 5468 1944 5536 γεγονέναι,

339 5558 472 5620 οἶόν
532 5583 573 5618 έι
629 5563 827 5634 μακρῷ
879 5564 1055 5634 χρόνῳ
1107 5561 1668 5632 κατεσκελετευμένον
1726 5559 1947 5613 εἴδωλον

1521 5674 1532 5700 l

441 5747 483 5779 ¹⁵
521 5747 660 5804 l‘sal.
693 5764 860 5812 nan,
899 5746 1077 5799 iii-l9.

2028 1922 2188 1984 atque
2221 1903 2720 1964 nttnterosissimum
2753 1895 3084 1974 confecisset
3136 1887 3457 1948 exercitum,
3495 1881 3612 1935 exit

2029 2009 2093 2060 ad
2120 2017 2376 2076 pugnam,
2415 2009 2520 2052 tam
2555 2003 2743 2048 contra
2777 1971 3043 2043 Licinium
3077 1983 3272 2052 ipsmn,
3305 1990 3466 2046 quam
3509 1971 3602 2041 qui

2031 2075 2178 2153 illum
2210 2097 2454 2155 miserat,
2499 2083 2940 2143 Constantinum.
3002 2075 3109 2130 Sed
3175 2085 3368 2125 manus
3420 2079 3618 2122 conse-

2034 2203 2177 2250 rens,
2205 2184 2386 2238 diviua
2417 2193 2521 2247 0pc
2574 2173 2910 2232 destituitur,
2958 2164 3187 2220 victoria
3221 2172 3348 2215 tunc
3385 2157 3452 2210 ab
3499 2157 3616 2223 ipso

2033 2293 2141 2331 uno
2169 2273 2411 2330 omnium
2436 2269 2546 2322 Deo
2589 2278 2770 2318 rermn
2825 2257 3052 2330 potienti
3085 2251 3443 2308 Constantino
3487 2245 3613 2298 sult-

2031 2368 2358 2424 ministrata.
2421 2357 2661 2413 Primunt
2693 2351 2992 2408 sceleratus
3014 2347 3104 2402 ille
3125 2360 3247 2398 eam
3273 2351 3611 2395 armatorum

2035 2439 2262 2513 militum
2297 2465 2538 2510 manum,
2567 2446 2651 2501 cui
2701 2442 3027 2501 confidebat,
3079 2434 3294 2489 amisit:
3331 2445 3454 2484 mox
3519 2442 3616 2482 sa-

2037 2551 2264 2607 tellitum
2303 2541 2557 2614 przcsidio
2599 2536 2854 2596 nudatus,
2876 2532 3021 2588 etab
3061 2527 3184 2581 aliis
3210 2523 3486 2583 omnibus,
3515 2518 3608 2587 qui

2037 2643 2223 2699 relicto
2257 2637 2345 2693 illo
2373 2637 2439 2690 ad
2462 2635 2720 2687 victorem
2757 2623 3135 2693 confugerant,
3179 2617 3450 2675 desertus,
3481 2611 3619 2663 clam

2037 2732 2294 2792 discessit
2329 2730 2614 2790 miser;et
2673 2719 2880 2789 regium
2939 2721 3216 2776 ornatum,
3279 2707 3370 2775 qui
3422 2717 3615 2774 parum

2035 2840 2169 2880 sane
2205 2823 2354 2876 illum
2387 2815 2637 2877 decebat,
2695 2808 2881 2866 timide
2941 2803 3102 2858 simul
3159 2808 3215 2854 et
3267 2796 3523 2851 iracunde
3566 2800 3622 2844 et

2037 2913 2375 2974 muliebriter
2396 2921 2626 2971 exuens,
2652 2897 2986 2956 multitudini
3017 2909 3135 2948 sese
3161 2891 3461 2952 immiscet;
3499 2883 3621 2952 fuga

2037 3007 2234 3064 deinde
2269 3004 2510 3072 elapsus,
2551 2996 2690 3052 etin
2737 2993 2884 3064 agris
2933 2991 3176 3056 vicisque
3229 2981 3470 3044 latitans,
3533 2977 3624 3028 vix

1959 3126 2001 3183 ο
2041 3100 2274 3159 hostium
2311 3108 2501 3150 manus
2525 3087 2775 3147 evitavit,
2801 3082 2962 3139 saluti
2995 3095 3107 3134 sine
3147 3074 3462 3132 consulens.
3522 3069 3620 3122 At-

2036 3195 2126 3267 qui
2160 3192 2286 3246 inde
2313 3187 2488 3256 reipsa
2521 3180 2808 3237 ostendere
2849 3176 2996 3238 licet,
3031 3179 3179 3225 certa
3205 3165 3492 3222 admodum
3523 3176 3620 3216 ve-

2037 3252 2206 3354 r'aque
2232 3293 2353 3335 esse
2382 3252 2566 3331 divina
2590 3269 2834 3335 oracula,
2863 3269 2917 3321 in
2953 3263 3150 3335 quibus
3173 3259 3377 3316 dicitur
3405 3275 3420 3310 :
3462 3252 3616 3309 «Non

2035 3378 2280 3432 salvator
2303 3386 2396 3425 rex
2429 3383 2526 3440 per
2579 3363 2776 3418 multas
2825 3361 3010 3429 copias
3036 3371 3187 3421 suas,
3219 3363 3270 3408 et
3303 3351 3454 3422 gigas
3512 3361 3620 3402 non

2037 3465 2338 3524 salvabitur
2373 3439 2806 3516 inimultitudine
2845 3449 3183 3506 fortitudinis
3241 3458 3370 3499 suae.
3432 3439 3620 3494 Fallax

2037 3573 2210 3629 equus
2245 3555 2312 3610 ad
2343 3551 2609 3608 Salutem:
2653 3547 2707 3601 in
2765 3541 3094 3599 abundantia
3170 3544 3351 3590 autem
3408 3530 3628 3585 virtutis

2039 3628 2152 3704 sua:
2185 3663 2290 3703 non
2318 3642 2638 3702 salvabitur.
2698 3637 2839 3692 Ecce
2866 3634 3008 3690 oculi
3057 3628 3274 3686 Domini
3313 3640 3478 3694 super
3513 3635 3628 3676 me-

2042 3751 2255 3796 tuentes
2281 3753 2428 3800 eum,
2463 3743 2518 3788 et
2549 3732 2602 3786 in
2631 3730 2700 3785 iis
2735 3729 2824 3798 qui
2857 3733 3078 3796 sperant
3107 3735 3266 3791 super
3315 3716 3627 3772 misericor-

2039 3833 2126 3889 dia
2181 3832 2332 3900 ejus;
2385 3836 2443 3880 ut
2503 3833 2656 3880 eruat
2695 3836 2726 3876 a
2777 3828 2949 3873 morte
2997 3815 3207 3868 animas
3265 3825 3452 3866 eorum
3490 3806 3556 3862 ".
3597 3823 3621 3858 ι

2037 3925 2207 3982 Porro
2236 3919 2432 3986 impius
2459 3917 2550 3972 iile
2591 3914 2636 3946 ¹⁶
2671 3911 2950 3982 repentina
3002 3905 3094 3960 Dei
3129 3904 3284 3974 plaga
3315 3913 3627 3972 percussus,

2041 4016 2093 4072 iu
2125 4012 2362 4070 secunda
2395 4009 2518 4064 belli
2563 4002 2968 4061 conﬂictatione
2991 3995 3288 4060 occumbit,
3317 3992 3480 4045 alium
3503 3990 3628 4042 vita;

2039 4110 2242 4165 exitum
2302 4104 2550 4167 sortitus,
2591 4113 2752 4170 quam
2793 4093 2883 4166 qni
2927 4091 3156 4146 ducibus
3197 4084 3471 4170 bellicosis
3506 4097 3629 4135 cou-

2041 4202 2248 4270 tiugere
2281 4195 2439 4259 solet,
2467 4193 2556 4262 qui
2586 4158 2681 4261 pro
2709 4158 2910 4242 virtute
2951 4192 3007 4238 et
3029 4197 3128 4252 pro
3161 4158 3357 4234 amicis
3409 4174 3624 4230 fortiter

2040 4303 2100 4344 se
2131 4296 2404 4356 gerentes,
2449 4281 2632 4335 fidenti
2663 4281 2844 4345 animo
2877 4274 3166 4344 gloriosam
3201 4279 3429 4325 mortem
3461 4282 3628 4336 oppe-

2040 4387 2186 4435 tunt.
2238 4376 2336 4432 Ille
2369 4389 2498 4428 vero
2524 4369 2722 4440 impius
2761 4379 2814 4422 et
2851 4367 2944 4421 Dei
2974 4364 3342 4426 adversarius,
3374 4361 3501 4414 dum
3527 4357 3630 4410 add

1972 4486 2017 4542 ι)
2049 4474 2152 4528 huc
2175 4468 2453 4526 exercitus
2477 4479 2606 4521 suus
2629 4463 2683 4517 in
2731 4462 2904 4516 armis
2952 4466 3148 4522 staret,
3193 4457 3309 4526 ipse
3339 4450 3482 4506 domi
3513 4461 3628 4502 mo-

2047 4575 2218 4627 ratus,
2250 4561 2391 4615 intra
2427 4557 2663 4629 parietes
2709 4553 2952 4614 latitans,
3006 4549 3222 4602 debitas
3271 4543 3369 4596 luit
3413 4553 3624 4612 pmuas,

2046 4655 2326 4722 inopinato
2353 4652 2445 4704 Dei
2505 4645 2720 4717 flagello
2753 4657 3084 4714 percussus:
3121 4639 3202 4694 sic
3238 4647 3301 4692 ut
3333 4635 3481 4706 gravi
3533 4633 3628 4686 do-

2046 4747 2185 4808 lore,
2219 4753 2274 4798 et
2299 4741 2496 4797 acerbo
2529 4739 2808 4794 cruciatus
2835 4749 2997 4790 sensu
3021 4731 3276 4802 agitatus,
3312 4727 3626 4798 priusquam

2045 4835 2343 4918 occideret,
2374 4832 2492 4885 dira
2521 4829 2664 4882 fame
2695 4829 3093 4889 conficeretur;
3126 4821 3246 4884 eius
3281 4821 3448 4874 etiam
3496 4829 3628 4869 caro

2049 4915 2301 4980 universa
2324 4922 2434 4994 igni
2455 4936 2560 4976 non
2592 4919 2894 4986 conspicuo
2921 4928 2975 4972 et
2997 4931 3093 4985 per
3113 4914 3201 4968 Dei
3228 4913 3363 4965 iram
3386 4908 3629 4963 immisso

2049 5013 2432 5074 intabescerct,
2459 5011 2540 5067 sic
2567 5019 2624 5062 ut
2655 5007 2904 5062 diffluens
2932 5005 3174 5076 pristina:
3197 5001 3384 5054 forma:
3422 4996 3627 5066 eﬂigies

2051 5115 2162 5161 tota
2195 5105 2486 5169 deleretur,
2527 5103 2940 5169 exsiccatusque
2975 5098 3026 5150 in
3065 5094 3204 5149 nuda
3241 5105 3366 5146 ossa
3393 5091 3514 5158 ipse
3543 5102 3632 5142 re—

2051 5197 2346 5265 digeretnr,
2386 5203 2442 5249 et
2469 5203 2728 5262 tanquam
2795 5189 3144 5245 simulacrum
3196 5182 3464 5252 quoddam
3512 5179 3630 5232 Ion-

2053 5285 2361 5355 ginquitate
2385 5283 2641 5354 temporis
2675 5281 3002 5337 exhaustum
3048 5284 3500 5338 attenuatumque
3539 5284 3630 5324 re-

2051 5377 2427 5445 linqueretur:
2463 5376 2536 5428 ita
2573 5373 2742 5443 utqui
2775 5380 2970 5439 przesto
3001 5368 3248 5428 aderant,
3280 5361 3398 5432 eius
3427 5373 3632 5430 corpus

2055 5466 2190 5522 nihil
2225 5465 2371 5520 aliud
2407 5481 2528 5522 esse
2559 5465 2955 5525 existimarent,
2983 5475 3145 5530 quant
3174 5455 3484 5524 sepulcrum
3510 5449 3632 5504 ani-

2055 5576 2154 5614 ma:
2185 5574 2304 5629 qua:
2334 5560 2387 5614 in
2415 5575 2480 5614 eo
2509 5559 2618 5629 jam
2644 5569 2858 5614 mortuo
2895 5553 3125 5624 etplane
3153 5549 3372 5621 putrido
3415 5543 3632 5602 defossa

1161 5747 1198 5772 ""
1233 5746 1430 5802 Euseb.
1468 5746 1558 5800 lib.
1596 5763 1646 5800 lx
1685 5743 1820 5798 Hiaf.
1860 5745 2043 5798 rcu’es.
2076 5760 2192 5808 σιψ.
2233 5740 2284 5792 8.
