4070 6400
530 286 661 351 1211

1796 277 2099 338 GELASII
2142 277 2484 339 C‘iZlCENI

3662 267 3796 331 ιι.εὲ

525 411 686 455 esset.
742 395 898 452 Esto
925 408 1087 465 porro
1118 392 1339 445 intimas
1388 389 1566 443 adhuc
1619 386 1888 441 medullas
1939 386 2100 439 vehe-

2207 384 2597 455 ὑπολειφθῆναι
2624 401 2638 415 ·
2667 384 2741 447 ὡς
2779 384 2945 454 μηδὲν
2974 381 3103 439 ἀλλο
3124 399 3179 435 τι
3208 378 3453 451 νομίζειν
3476 377 3603 440 τούς
3654 397 3795 451 παρ·

527 490 757 543 tnenlins
791 495 1103 555 perurentc,
1125 482 1442 535 cxsilicruut
1472 480 1519 534 ei
1546 480 1711 542 oculi,
1732 486 1789 532 et
1818 493 1849 531 e
1876 477 1991 531 suis
2014 494 2102 530 se-

525 578 681 631 dibus
711 574 1041 635 excidentes,
1074 586 1274 624 czrcum
1315 570 1685 638 reliquerunt:
1720 566 1810 635 qui
1838 575 1956 635 post
1985 567 2098 620 haec

523 681 665 735 a-gre
698 666 947 741 Spiritum
970 665 1195 724 ducens,
1228 660 1453 714 Domino
1482 658 1792 724 conﬁtetur,
1836 667 2096 711 mortem-

525 772 630 824 que
660 757 907 810 invocat:
931 754 997 806 ad
1021 764 1324 806 extremum
1355 749 1639 805 eonl‘essus
1670 765 1731 803 se
1753 749 1855 804 ista
1877 758 2102 819 propter

525 847 838 908 amentiam,
869 859 973 913 qua
1006 854 1189 895 contra
1215 841 1488 896 Christum
1516 856 1644 895 usus
1672 839 1867 905 fuerat,
1901 839 2094 894 merito

526 937 752 1004 perpeti,
791 936 1025 988 animam
1061 933 1279 986 emittit.

2211 477 2368 539 ὄντας
2389 515 2404 539 ,
2449 475 2481 547 ἦ
2513 476 2684 544 τάφον
2711 474 2858 544 αὐτῷ
2878 475 2977 544 τῆς
3003 473 3183 543 ψυχῆς
3211 471 3495 539 γεγονέναι
3524 469 3586 522 τὸ
3610 469 3790 541 σῶμα,

2206 570 2263 621 ὲν
2310 568 2409 637 ἤδη
2456 566 2634 636 νεκρῷ
2698 567 2788 620 καὶ
2846 563 3128 627 παντελῶς
3196 559 3603 629 ἀποῤῥεύσαντι
3662 577 3796 613 κατ-

2205 658 2563 728 ωρυγμένης·
2605 656 2963 729 σφοδρότερον
3005 655 3061 709 δὲ
3092 656 3174 708 ἔτι
3215 654 3417 724 μᾶλλον
3456 653 3557 723 τῆς
3584 653 3798 724 θέρμης

2205 748 2367 801 αὐτὸν
2399 749 2462 799 ὲκ
2486 746 2683 816 βάθους
2716 745 2932 814 μυελῶν
2976 742 3450 812 κιταφλεγούσης,
3488 741 3787 812 προπηδῶ-

2208 856 2291 892 σιν
2330 841 2386 893 δὲ
2414 838 2583 893 αὐτοῦ
2617 838 2687 892 τὰ
2712 838 2956 909 ὄμματα.
2984 840 3079 892 καὶ
3106 838 3206 906 τῆς
3240 837 3378 899 ἰδίας
3407 835 3616 906 λήξεως
3647 836 3791 889 dum

2208 931 2463 997 πεσόντα,
2522 930 2696 1001 πηρὸν
2746 931 2910 984 αὐτὸν
2936 930 3182 997 ἀφιᾶσιν.
3211 928 3271 980 Ὀ
3330 928 3389 980 δὲ
3436 927 3531 980 ἐπὶ
3575 929 3797 990 τούτοις

523 1028 831 1089 ἀναπνέων,
884 1024 1415 1094 ἀνθομολογούμενος
1472 1022 1549 1092 τῷ
1604 1021 1793 1094 Κυρίῳ
1820 1061 1835 1086 ,
1870 1021 2104 1074 θάνατον
2166 1022 2490 1076 ἐπεκαλεῖτο
2516 1040 2530 1055 ·
2569 1024 2663 1077 καὶ
2702 1023 2763 1076 τὸ
2836 1020 3183 1103 πανύστατον
3229 1019 3457 1083 ἐνδίκως
3480 1015 3655 1071 ταῦτα
3692 1017 3797 1087 τῆς

524 1123 668 1175 κατὶ
692 1119 784 1174 τοῦ
830 1120 1067 1191 Χριστοῦ
1095 1119 1350 1189 παροινία
1362 1138 1380 1181 ;
1410 1118 1573 1171 ἕνεκα
1602 1116 1929 1171 πεπονθέναι
1959 1116 2318 1187 ὁμολογήσας,
2352 1116 2561 1186 ἀφίησι,
2576 1117 2676 1188 τὴν
2700 1116 2899 1188 ψυχήν.

1187 1255 1345 1310 CAP.
1376 1254 1478 1309 [Χ.

849 1369 924 1423 De
948 1369 1288 1423 ecclesiarum
1330 1368 1745 1422 instauratione.

593 1483 726 1539 Cum
777 1484 842 1536 ad
869 1482 1011 1535 lumc
1041 1480 1257 1533 modum
1292 1479 1637 1545 Maximinus,
1676 1480 1820 1534 inter
1872 1480 2108 1548 reliquos

524 1575 740 1641 pietatis
770 1575 948 1626 hostes
976 1571 1132 1640 longe
1188 1571 1539 1634 deterrimus,
1574 1584 1603 1623 ο
1635 1573 1812 1626 medio
1857 1572 2104 1626 sublatus

523 1676 665 1720 esset
708 1683 721 1718 :

525 1755 893 1809 lnndamentis
914 1753 1289 1821 erigebantur,
1312 1764 1367 1806 et
1399 1752 1603 1807 Christi
1631 1751 1855 1807 verbum
1888 1753 1953 1806 ad
1990 1753 2104 1822 glo-

528 1848 661 1899 riam
697 1845 786 1917 Dei
827 1843 1269 1917 rerumomnium
1304 1843 1661 1896 moderatoris
1728 1841 2100 1909 elllurescens,

528 1938 715 2006 lltnjOl‘l
743 1916 905 2005 unum
937 1944 1093 1989 antea
1126 1934 1375 1987 libertate
1417 1934 1836 2004 pnedicabatur.
1890 1936 2014 1991 llaec
2041 1936 2094 1991 in

528 2043 672 2082 nono
723 2027 863 2081 libro
888 2025 1275 2081 ecclesiasticae
1307 2024 1557 2080 Historia:
1612 2025 1831 2096 scripsit
1868 2028 2106 2098 Optimus

527 2123 618 2175 illo
653 2120 919 2175 Eusebius
943 2118 1210 2188 Pamphili
1245 2134 1258 2171 :
1294 2132 1358 2171 ex
1414 2116 1557 2171 illius
1587 2119 1731 2171 enim
1772 2127 1829 2173 et
1875 2119 2103 2174 aliorum

524 2214 822 2277 laboribus,
856 2221 915 2266 ut
940 2225 1101 2279 supra
1132 2210 1267 2275 dixi,
1315 2224 1529 2265 summa
1566 2210 1747 2279 capita
1780 2210 2101 2279 decerpens,

526 2311 845 2372 praesentem
882 2303 1024 2356 hunc
1048 2298 1284 2355 libellum
1312 2315 1417 2370 qua
1443 2314 1663 2369 possunt
1689 2299 1959 2354 brevitate
1975 2314 2105 2354 con-

525 2409 668 2460 texo,
708 2396 923 2449 summo
980 2394 1160 2449 studio
1196 2393 1462 2449 festinans
1482 2407 1796 2448 sermonem
1835 2391 2104 2449 deducere

524 2487 588 2538 ad
624 2501 896 2541 summum
934 2484 1107 2549 illum,
1153 2484 1445 2551 illustrem,
1472 2495 1720 2540 sanctum
1756 2494 1812 2540 et
1859 2485 2100 2540 divinum

526 2585 766 2630 montem
803 2576 1116 2645 apOStolicm
1150 2577 1291 2630 illius
1309 2586 1364 2631 et
1392 2575 1678 2631 laudabilis
1700 2577 1889 2647 synodi
1923 2592 2105 2632 sacer-

528 2665 709 2717 tlnlttttt
754 2663 867 2727 Dei,
904 2681 1022 2733 qua:
1050 2664 1241 2721 Nicma:
1270 2664 1373 2719 fuit
1408 2679 1422 2719 :
1458 2667 1693 2721 maxime
1724 2683 1844 2721 cum
1874 2668 2107 2736 prophe-

528 2763 635 2806 tam
673 2754 818 2807 velut
877 2770 1037 2808 manu
1089 2755 1516 2824 prehendentem
1569 2772 1655 2811 me
1679 2764 1735 2812 et
1794 2758 2103 2813 hortantem

525 2845 776 2899 videam:
833 2845 1077 2911 «Venite,
1109 2847 1304 2915 inquit,
1339 2849 1701 2904 ascendamns
1746 2849 1812 2903 ad
1864 2860 2103 2904 montem

523 2936 762 3001 Domini,
790 2948 846 2992 et
872 2941 939 2992 ad
987 2938 1204 2993 domum
1264 2937 1357 2994 Dei
1392 2938 1561 2994 Jacob
1602 2959 1614 2994 :
1653 2947 1709 2995 et
1760 2941 2104 2996 annuntiabit
2131 2969 2173 3027 ο

525 3028 683 3082 nobis
714 3030 855 3082 viam
892 3045 1071 3094 suam,
1131 3039 1184 3085 et
1207 3030 1606 3087 ambulabimus
1636 3033 1687 3087 in
1716 3047 1802 3089 ea.
1864 3032 1942 3087 Ει
1970 3033 2101 3089 Sion

523 3120 667 3173 enim
699 3122 866 3175 exibit
892 3123 997 3185 lex,
1021 3132 1076 3175 et
1107 3122 1328 3177 verbum
1362 3123 1572 3178 Domini
1622 3139 1689 3179 ex
1729 3123 2092 3181 Jerusalem.»

523 3212 664 3267 Vere
697 3213 839 3267 enim
872 3212 1003 3268 Sion
1037 3225 1091 3268 et
1115 3212 1444 3287 Jerusalem,
1479 3226 1534 3269 et
1566 3232 1728 3271 mons
1765 3218 1973 3273 Domini
2022 3218 2104 3272 al-

524 3305 786 3369 tissimus,
811 3315 865 3359 et
888 3306 1081 3361 domus
1117 3307 1208 3361 Dei
1232 3305 1422 3373 Jacob,
1444 3318 1529 3364 est
1557 3309 1772 3364 divinus
1798 3310 1889 3365 ille
1914 3313 2104 3365 ortho-

523 3396 793 3450 doxorum
837 3397 931 3451 Dei
986 3399 1331 3452 sacerdotum
1391 3412 1589 3466 cattus,
1643 3402 1734 3472 qui
1787 3402 1839 3456 in
1897 3402 2101 3471 Spiritu

522 3499 716 3544 sancto
741 3490 1070 3559 perscrutati
1113 3491 1415 3546 docuerunt
1464 3508 1561 3561 per
1603 3493 1925 3565 Scripturas
1979 3512 2106 3564 pro-

521 3582 789 3649 pheticas,
818 3583 1164 3654 evangelicas
1192 3593 1247 3639 et
1273 3585 1630 3653 apostolicos,
1665 3586 1732 3642 de
1763 3588 1929 3643 verbo
1957 3589 2102 3657 vitre,

524 3679 629 3728 hoc
661 3684 763 3742 est,
789 3672 927 3728 Filio
960 3674 1075 3739 Dei,
1119 3676 1263 3745 quod
1301 3691 1429 3731 vere
1467 3676 1747 3733 increatus
1778 3677 1849 3732 sit
1902 3693 2104 3735 secun-

523 3763 649 3817 dum
675 3772 925 3817 naturam
955 3762 1276 3828 divinitatis,
1308 3781 1415 3820 non
1455 3775 1691 3834 creatus,
1737 3771 2099 3837 quemadmo-

522 3854 648 3908 dum
686 3864 873 3911 contra
911 3856 1061 3910 illum
1095 3858 1489 3928 blasphemavit
1539 3859 1631 3915 Dei
1682 3861 1857 3916 hostis
1893 3871 1948 3916 et
2000 3862 2104 3916 im-

521 3946 644 4011 pius
671 3944 760 3999 ille
786 3944 982 4000 Arius:
1016 3946 1161 4017 quod
1193 3948 1434 4017 ejusdem
1465 3958 1672 4004 natura!
1693 3960 1750 4005 et
1782 3951 2105 4006 substantia:

521 4035 739 4090 sitcum
776 4034 937 4092 Patre
965 4038 1055 4108 qui
1081 4054 1201 4093 eum
1234 4049 1362 4096 ante
1405 4042 1588 4097 omnia
1632 4043 1829 4098 smcula
1877 4043 2101 4115 genuit:

521 4127 665 4196 quod
701 4127 936 4197 denique
965 4138 1020 4183 et
1051 4128 1288 4199 Spiritus
1330 4142 1553 4186 sanctus
1600 4130 1844 4201 ejusdem
1898 4136 2103 4204 pariter

527 4217 828 4272 divinitatis
850 4228 904 4272 et
931 4222 1188 4275 essentia:
1216 4220 1286 4274 sit
1316 4234 1439 4274 cum
1470 4219 1637 4276 Patre
1660 4232 1713 4276 et
1743 4221 1900 4290 Filio,
1932 4225 2103 4277 niani-

2822 1251 3074 1306 ΚΕΦΛΛ.
3116 1251 3192 1303 Θ’.

2372 1368 2505 1437 Περὶ
2547 1365 2655 1436 τῆς
2684 1365 2805 1421 τῶν
2856 1361 3203 1434 ἐκκλησιῶν
3231 1359 3647 1431 ἀνανεώσεως.

2278 1482 2436 1538 Οῦτω
2489 1483 2628 1553 δῆτα
2676 1479 2991 1552 Μαξιμίνου
3054 1476 3307 1533 ἐκποδὼν
3360 1476 3682 1546 γενομένου,
3733 1474 3795 1538 ὃς

2207 1574 2502 1627 ἐπιλοίπων
2538 1572 2648 1625 τῶν
2680 1572 2777 1642 τῆς
2806 1567 3117 1632 θεοσεϐείας
3151 1566 3363 1638 ἐχθρῶν
3392 1567 3652 1621 ἀπάντων
3677 1567 3799 1637 χεί-

781 1635 1253 1731 Εςειεείίιε,ἐτιιιίςι
1288 1662 1376 1715 Dei
1422 1664 1830 1732 onm‘poteutis,
1865 1664 1933 1716 ab
1972 1662 2102 1730 ipsis

2208 1678 2390 1732 ριστος
2418 1635 2755 1731 ἀναπέφηνε,
2783 1657 2851 1710 τὰ
2885 1657 2985 1727 μὲν
3013 1658 3112 1728 τῆς
3133 1635 3264 1710 τῶν
3290 1655 3631 1724 Ἐκκλησιῶν
3660 1635 3798 1708 ἀνα-

2205 1752 2451 1815 νεὼσεως
2491 1754 2557 1803 ἐκ
2585 1749 2854 1815 θεμελίων
2906 1750 3093 1821 χάριτι
3124 1745 3261 1801 Θεοῦ
3288 1747 3384 1801 τοῦ
3416 1747 3796 1816 παντοκράτο-

2206 1859 2299 1913 ρος
2325 1842 2575 1912 ἠγείρετο
2603 1857 2617 1871 ’
2650 1841 2678 1894 ὃ
2707 1858 2764 1894 τε
2794 1840 2889 1893 τοῦ
2917 1838 3158 1911 Χριστοῦ
3205 1837 3365 1908 λόγος
3397 1839 3477 1902 είς
3503 1838 3664 1905 δόξαν
3693 1838 3793 1893 τοῦ

2203 1932 2312 1985 τῶν
2345 1933 2483 1986 ὅλων
2512 1931 2647 1986 Θεοῦ
2698 1932 3047 2003 διαλάμπων,
3089 1929 3313 2001 μείζονα
3344 1931 3441 2000 τῆς
3467 1928 3789 1999 ἔμπροσθεν

2204 2024 2557 2095 ἀπελάμϐανε
2590 2025 2928 2098 παρρησίαν.
2962 2023 3151 2078 Ταῦτα
3188 2025 3246 2077 ὲν
3273 2024 3481 2094 ὲννάτῳ
3515 2025 3668 2093 τόμῳ
3688 2022 3792 2091 τῆς

2205 2115 2667 2186 ὲκκλησιαστικῆς
2713 2114 2982 2186 Ἱστορίας
3004 2113 3033 2167 6
3071 2113 3252 2167 πάντα
3283 2099 3506 2184 ἀριστος
3535 2113 3797 2165 συντέταο

2205 2224 2298 2278 χεν
2325 2209 2354 2260 6
2388 2204 2671 2277 Παμφίλου
2704 2206 2965 2270 Εὐσέϐιος
3001 2223 3016 2237 ·
3046 2205 3158 2259 τῶν
3211 2204 3321 2276 γὰρ
3379 2203 3545 2259 αὐτοῦ
3582 2204 3790 2269 πόνων,

2205 2300 2281 2364 ὡς
2313 2299 2570 2371 ἀνωτέρω
2602 2317 2693 2371 μοι
2726 2298 2967 2371 εἴρηται,
2999 2298 3097 2353 καὶ
3121 2298 3231 2353 τῶν
3262 2298 3441 2354 ἀλλων
3470 2298 3572 2371 τὴν
3593 2297 3795 2353 ἀνάλι-

2207 2391 2288 2456 ξιν
2316 2389 2669 2461 ποιούμενος,
2711 2389 2805 2444 τοῦ
2864 2390 3128 2461 βιϐλιδξου
3188 2391 3380 2444 τούτου
3422 2390 3512 2443 διὰ
3542 2389 3796 2461 βραχέων

2205 2480 2529 2552 ἐγχαράττω
2554 2479 2656 2551 τὴν
2704 2478 2981 2546 σύνταξιν,
3025 2480 3257 2555 πλείστῃ
3307 2482 3409 2552 ὅσῃ
3452 2480 3659 2551 σπουδῇ
3691 2479 3795 2549 τήν

2206 2572 2433 2641 πορείαν
2469 2571 2562 2624 τοῦ
2606 2570 2763 2640 λόγου
2810 2572 3133 2642 ποιούμενος
3185 2574 3279 2627 ἐπὶ
3317 2575 3379 2628 τὸ
3429 2573 3634 2644 ὑψηλὸν
3698 2574 3794 2627 καὶ

2204 2662 2597 2734 λαμπροφανὲς
2624 2662 2781 2731 ἆγιον
2804 2663 2900 2716 καὶ
2929 2661 3072 2716 θεῖον
3099 2663 3225 2735 ὅρος
3249 2664 3351 2734 τῆς
3384 2665 3529 2718 κατά
3556 2665 3797 2718 Νίκαιαν

2207 2754 2573 2825 ἁποστολικῆς
2611 2755 2707 2809 καὶ
2777 2755 3037 2826 ἐναρέτου
3101 2756 3209 2809 τῶν
3257 2756 3354 2810 τοῦ
3404 2756 3540 2810 Θεοῦ
3602 2756 3797 2827 ἱερέων

2209 2844 2458 2897 συνόδου·
2491 2845 2634 2917 ὁρῶν
2665 2846 2903 2917 μάλιστα
2923 2846 3014 2899 τὸν
3042 2847 3334 2917 προφήτην
3365 2846 3675 2916 κρατοῦντά
3726 2863 3794 2916 με

2206 2937 2304 3006 τῆς
2318 2936 2498 3007 χειρὸς
2514 2937 2609 2989 ml.
2622 2936 3020 3008 προτρέποντα·
3045 2936 3262 3004 (Δεῦτε,
3289 2937 3478 3007 φησὶν,
3500 2937 3798 3007 ἀναδῶμεν

2206 3031 2285 3093 εἰς
2321 3028 2383 3082 τὸ
2434 3029 2558 3101 ὅρος
2591 3028 2687 3083 τοῦ
2725 3028 2954 3101 Κυρίου,
2988 3029 3084 3084 καὶ
3114 3031 3194 3095 εἰς
3224 3030 3314 3083 τὸν
3349 3024 3500 3084 οἶκον
3532 3029 3626 3083 τοῦ
3651 3030 3796 3083 Θεοῦ

2219 3118 2412 3173 Ἰακώϐ
2432 3137 2446 3152 ο
2481 3120 2578 3175 καὶ
2608 3121 2904 3190 ἀναγγελεῖ
2931 3123 3062 3194 ἡμῖν
3091 3123 3190 3190 τὴν
3215 3121 3331 3176 ὁδὸν
3358 3121 3544 3188 αὐτοῦ,
3570 3122 3663 3175 καὶ
3690 3138 3795 3175 πο-

2209 3212 2513 3284 ρευσόμεθα
2552 3214 2611 3284 ὲν
2642 3214 2802 3286 αὐτῇ.
2850 3213 2947 3268 Ἐκ
2987 3215 3096 3284 γὰρ
3141 3213 3279 3268 Σιὼν
3328 3213 3668 3279 ἐξελεύσεται
3705 3212 3798 3266 νό⁹

2209 3323 2328 3377 μος,
2359 3306 2454 3360 καὶ
2502 3306 2661 3376 λόγος
2708 3307 2914 3379 Κυρίου
2968 3308 3028 3375 ἐξ
3072 3304 3456 3380 Ἰερουσαλήμ.
3489 3327 3508 3360 ι
3556 3307 3800 3377 Ἀληθῶς

2206 3399 2313 3469 γὰρ
2344 3397 2483 3452 Σιὼν
2531 3400 2628 3453 καὶ
2670 3399 3052 3471 Ἰερουσαλὴμ,
3108 3401 3201 3454 καὶ
3238 3398 3365 3471 ὄρος
3407 3399 3619 3471 Κυρίου
3656 3398 3801 3470 ὑψη-

2206 3490 2448 3556 λότατον,
2476 3492 2570 3545 καὶ
2601 3489 2748 3556 οἷκος
2766 3491 2860 3545 τοῦ
2892 3492 3029 3546 Θεοῦ
3077 3491 3295 3557 Ἰακὼϐ,
3327 3492 3356 3545 6
3388 3491 3534 3555 θεῖος
3580 3492 3795 3555 ἐκεῖνος

2206 3584 2315 3636 τῶν
2343 3581 2437 3637 τοῦ
2503 3582 2641 3637 Θεοῦ
2672 3582 2971 3655 όρθοδόξων
3031 3584 3224 3656 ίερέων
3251 3583 3461 3655 ὅμιλος,
3516 3581 3801 3654 Πνεύματι

2208 3674 2348 3747 ἁγίῳ
2420 3674 2872 3748 διασκεψαμένων
2915 3676 3012 3731 καὶ
3086 3676 3563 3747 παραστησάντων
3609 3674 3701 3729 διά
3736 3691 3802 3728 τε

2178 3832 2181 3835 δ
2206 3764 2439 3836 Γραφῶν
2471 3767 2849 3839 προφητικῶν,
2879 3765 2976 3820 καὶ
3003 3765 3399 3835 εὐαγγελικῶν,
3429 3766 3527 3820 καὶ
3562 3767 3805 3820 ἀποστο-

2207 3856 2372 3910 λικῶν
2416 3859 2544 3929 περὶ
2578 3858 2676 3911 τοῦ
2729 3858 2908 3926 Λόγου
2966 3858 3068 3926 τῆς
3107 3858 3275 3929 ζωῆς,
3311 3856 3459 3911 τοῦτ’
3514 3855 3631 3910 ἔστι
3662 3854 3804 3909 Υἱοῦ

2205 3948 2300 4002 τοῦ
2332 3949 2489 4015 Θεοῦ,
2530 3949 2605 4014 ὡς
2635 3950 2853 4022 ἀληθῶς
2899 3951 3157 4015 ᾶκτιστος
3181 3953 3247 4023 τῇ
3278 3953 3376 4021 τῆς
3402 3950 3663 4025 θεότητος
3692 3950 3808 4018 φύ-

2209 4061 2310 4109 σει,
2339 4043 2435 4096 καὶ
2471 4043 2530 4096 οὐ
2564 4041 2793 4113 κτίσμα,
2822 4041 3005 4106 καθὼς
3024 4044 3053 4097 6
3076 4041 3344 4113 θεομάχος
3376 4042 3473 4096 καὶ
3500 4041 3808 4097 ἀσεϐέστα-

2204 4151 2296 4200 τος
2344 4135 2464 4187 κατ’
2504 4132 2669 4187 αὐτοῦ
2696 4132 3124 4203 ἐϐλασφήμησεν
3176 4134 3398 4204 ’Δρειος
3421 4148 3435 4162 ·
3472 4132 3563 4186 καὶ
3588 4133 3671 4185 ὅτι
3698 4133 3807 4202 τῆς

2206 4226 2378 4297 αὐτῆς
2421 4224 2629 4291 οὐσίας,
2689 4220 2756 4296 ἧς
2802 4224 2900 4277 καὶ
2929 4226 2958 4277 6
2988 4225 3257 4295 γεννήσας
3316 4225 3480 4278 αὐτὸν
3537 4225 3645 4296 πρὸ
3687 4225 3806 4279 τῶν

525 4308 821 4365 festissime
844 4313 1222 4366 ostenderunt.
1288 4310 1355 4365 Et
1410 4327 1539 4367 vere
1586 4313 1730 4367 altus
1782 4313 1875 4369 Dei
1921 4332 2098 4381 mons,

2208 4318 2420 4372 αἰώνων
2472 4316 2730 4370 ἁπάντων
2777 4316 3018 4386 ὑπάρχει
3068 4315 3260 4387 Πατὴρ
3287 4356 3303 4383 ,
3338 4316 3435 4369 καὶ
3490 4315 3585 4369 τοῦ
3631 4316 3806 4370 αὐτοῦ

521 4418 642 4471 quae
673 4403 827 4457 nobis
856 4404 924 4457 ab
956 4403 1110 4457 initio
1132 4412 1241 4466 est,
1275 4411 1334 4456 ut
1358 4408 1514 4456 antea
1558 4403 1860 4457 declaravit
1892 4420 2098 4476 sermo,

521 4496 589 4547 ab
620 4494 735 4563 ipso
760 4495 985 4550 Domino
1019 4509 1113 4563 per
1130 4493 1401 4561 apostolos
1427 4493 1583 4547 nobis
1631 4496 1851 4563 tradita,
1875 4506 1928 4551 et
1961 4515 2101 4556 nunc

523 4600 619 4651 per
642 4585 812 4653 ipsius
843 4588 1155 4640 sacerdotes
1198 4584 1393 4638 Nicaea:
1426 4595 1784 4655 congregatos
1802 4588 2100 4661 Scriptura:

524 4675 849 4730 testimoniis
877 4674 1025 4730 clare
1061 4672 1323 4741 explicata
1365 4679 1670 4731 veneranda
1700 4680 1787 4734 illa
1820 4693 1876 4738 et
1905 4697 2095 4740 sancta

522 4763 645 4816 lidei
701 4764 904 4834 regula,
933 4763 998 4817 de
1035 4777 1139 4831 qua
1176 4762 1399 4828 clarius,
1433 4763 1656 4833 juvante
1707 4770 1837 4834 Deo,
1874 4788 2096 4844 progre-

520 4853 702 4907 diente
729 4854 939 4924 longius
973 4867 1225 4906 sermone
1258 4869 1288 4907 a
1326 4855 1481 4910 nobis
1510 4857 1831 4916 disseretur.
1889 4863 1996 4919 Sed
2030 4865 2096 4920 ad

522 4946 861 5011 propositum
894 4941 1276 5000 ecclesiastica:
1311 4946 1552 5002 historia!
1581 4963 1963 5022 argumentum
2011 4972 2099 5010 re-

521 5044 817 5098 vertamur,
850 5041 1154 5100 repetentes
1186 5050 1271 5101 ea,
1326 5039 1522 5106 quibus
1567 5039 1711 5097 Dens
1760 5045 1960 5114 populo
1997 5062 2098 5103 suo

522 5122 854 5182 subvenerit,
880 5132 934 5177 et
966 5134 1227 5194 tyrannos
1254 5143 1285 5182 e
1322 5130 1500 5185 medio
1547 5133 1829 5187 sustulerit
1878 5150 1975 5206 per
2015 5137 2099 5193 di-

519 5208 718 5268 lectum
751 5228 964 5268 servum
999 5232 1151 5270 suum
1201 5219 1582 5289 imperatorem
1633 5225 2094 5285 Constantinum:

521 5319 682 5373 quam
714 5321 808 5374 per
831 5308 1076 5362 eumdem
1109 5325 1294 5378 pacem
1326 5315 1703 5371 conciliaverit
1734 5319 1848 5374 suis
1879 5320 1932 5373 in
1980 5330 2096 5375 toto

521 5396 655 5449 orbe
683 5397 952 5453 ecclesiis.
989 5417 1006 5450 ι
1053 5397 1217 5457 Solus
1255 5419 1485 5474 magnus
1509 5404 1797 5473 Dominus,
1833 5409 1925 5478 qui
1966 5409 2099 5465 facit

522 5485 795 5540 mirabilia
820 5505 1009 5561 magna
1042 5494 1194 5548 solus
1226 5494 1293 5556 "',
1326 5503 1379 5546 et
1420 5495 1821 5562 inscrutabilia,
1855 5516 2091 5572 quorum

598 5668 644 5700 "
671 5673 684 5690 ‘
718 5670 821 5726 lsn.
862 5687 917 5739 tt,
949 5674 1000 5728 5.
1084 5675 1124 5705 ⁸⁷
1165 5675 1305 5728 l‘.~al.
1338 5658 1533 5741 cuti/ty
1576 5677 1625 5730 1.

2208 4411 2520 4480 χρήματος·
2554 4405 2761 4475 ὁμοίως
2793 4406 2851 4459 δὲ
2886 4408 2981 4460 καὶ
3015 4407 3077 4460 τδ
3136 4405 3363 4477 Πνεῦμα
3397 4407 3458 4460 τὸ
3503 4407 3662 4475 ἅγιον
3692 4407 3805 4478 τῆς

2207 4500 2376 4570 αὐτῆς
2409 4498 2661 4568 θεότητος
2709 4498 2802 4550 καὶ
2835 4498 3047 4562 οὐσίας,
3074 4492 3142 4569 ἦς
3166 4499 3194 4551 6
3221 4499 3412 4570 Πατὴρ
3466 4500 3560 4552 καὶ
3584 4500 3612 4551 6
3643 4498 3803 4565 Υἱὸς,

2208 4590 2518 4659 σαφέστατα
2558 4587 2784 4651 ἔδειξαν.
2816 4589 2929 4642 Καὶ
2957 4588 3175 4660 ἀληθῶς
3226 4588 3433 4660 ὑψηλὸν
3465 4588 3591 4660 ὅρος
3630 4588 3799 4654 Θεοῦ,

2201 4678 2407 4734 ἀνωθεν
2437 4681 2587 4751 ήμϊν,
2617 4680 2761 4734 καθὰ
2790 4680 3168 4751 προεδήλωσεν
3203 4681 3231 4733 6
3259 4681 3420 4751 λόγος
3460 4681 3590 4752 παρ’
3617 4681 3802 4735 αὐτοῦ

2199 4770 2295 4824 τοῦ
2353 4771 2557 4843 Κυρίου
2585 4771 2673 4825 διὰ
2705 4773 2815 4825 τῶν
2846 4772 3163 4826 ἀποστόλων
3193 4772 3391 4839 δοθεὶς,
3444 4774 3538 4826 καὶ
3573 4772 3669 4826 νῦν
3702 4772 3808 4827 διὰ

2200 4862 2309 4917 τῶν
2362 4864 2526 4919 αὐτοῦ
2588 4867 2777 4937 ἱερέων
2827 4867 2972 4921 κατά
3027 4866 3126 4938 τὴν
3176 4867 3430 4922 Νικαέων
3483 4869 3808 4939 Γραφικαῖς

2204 4955 2532 5026 μαρτυρίαις
2578 4955 2907 5027 τρανωθεὶς,
2967 4959 2995 5010 6
3050 4957 3431 5027 προσκυνητδς
3491 4951 3649 5020 οὗτος
3697 4957 3808 5010 καὶ

2199 5043 2354 5112 ἅγιος
2378 5046 2475 5116 τῆς
2500 5047 2803 5117 ἀμωμήτου
2822 5048 3060 5113 πίστεως
3089 5049 3213 5118 ὅρος
3234 5063 3246 5077 ’
3275 5048 3400 5119 περὶ
3429 5042 3490 5103 οῦ
3518 5048 3797 5117 σαφέστεο

2200 5152 2291 5206 ρος
2325 5137 2457 5207 ἡμῖν
2516 5137 2774 5209 συνεργίᾳ
2834 5137 2935 5207 τῆς
2975 5136 3070 5190 τοῦ
3115 5136 3251 5190 Θεοῦ
3288 5139 3513 5208 χάριτος
3573 5136 3796 5208 προῖὼν

2199 5228 2519 5294 ἁποδείξειδ
2545 5228 2723 5297 λόγος.
2761 5227 2902 5282 ’Λλλ’
2942 5230 3036 5282 ἐπὶ
3087 5230 3189 5299 τὴν
3226 5232 3602 5301 προκειμένην
3654 5231 3802 5300 ἡμῖν

2196 5317 2295 5387 τῆς
2322 5316 2786 5388 ἐκκλησιαστικῆς
2806 5318 3049 5389 ἱστορίας
3080 5318 3339 5372 ὑπόθεσιν
3369 5319 3799 5389 ἐπανέλθωμεν,

2199 5409 2633 5496 ἐπαναλαὸόντες
2653 5410 2721 5464 τὰ
2749 5410 2991 5483 περὶτῆς
3008 5411 3102 5464 τοῦ
3123 5411 3389 5482 βασιλέως
3410 5411 3548 5464 Θεοῦ
3589 5414 3673 5475 είς
3695 5411 3798 5466 τὸν

2199 5503 2359 5557 αὐτὸν
2382 5502 2595 5577 [αὐτοῦ]
2623 5504 2751 5558 λαὸν
2779 5504 3116 5576 ἀντιλήψεως
3138 5544 3153 5570 ,
3182 5505 3278 5558 καὶ
3311 5504 3412 5576 τῆς
3440 5502 3551 5558 τῶν
3578 5502 3802 5574 τυράν-
