4070 6382
340 308 477 374 1213

1223 309 1592 369 HISTORIA
1632 306 1969 369 CONCILiI
2013 306 2315 369 NICENI.
2359 335 2426 346 -
2467 308 2614 369 LIB.
2653 308 2704 369 Ι.

3470 304 3604 370 1214

329 437 435 476 νων
455 421 836 493 καταστροφῆς
854 420 943 474 διὰ
966 419 1056 473 τοῦ
1075 420 1407 491 θεράποντος
1423 420 1588 474 αὑτοῦ
1611 420 1702 473 τοῦ
1724 420 1907 487 θεοερι-

2036 436 2124 475 ιοιι
2144 432 2226 477 est
2243 436 2506 476 numerus
2527 421 2599 474 ηε
2620 421 2714 491 qui
2738 434 2918 475 rerum
2943 417 3382 489 opportunitates
3399 430 3452 473 et
3469 427 3602 473 tem-

330 510 454 573 Αοῦς
470 510 882 564 Κωνσταντίνου
900 510 995 563 τοῦ
1008 510 1293 581 βασιλέως
1322 512 1389 582 ἢν
1411 496 1475 565 δι’
1490 511 1654 564 αὑτοῦ
1688 512 1912 581 εἰρήνην

331 601 701 670 ὲπρυτάνευσε
723 605 840 666 ταῖς
862 602 1002 656 κατά
1035 602 1133 672 τὴν
1153 602 1654 673 οἰκουμένηναὺτοῦ
1689 603 1916 673 Ἐκκλη-

333 691 475 750 σίαις
505 705 520 719 ο
567 706 602 752 ιε
628 688 686 742 '0
709 690 866 756 μόνος
901 690 1071 760 μέγας
1107 691 1336 760 Κύριος,
1377 692 1405 743 6
1438 689 1606 744 ποιῶν
1636 689 1916 759 θαυμάσια

337 779 547 847 μεγαλα
576 781 737 850 μόνος
791 780 888 834 καὶ
921 781 1326 852 ἀνεξιχνίαστα,
1360 775 1435 835 ὧν
1474 783 1576 836 οὐκ
1614 781 1766 834 ἔστιν
1793 782 1914 850 ἀριο

337 870 472 940 θμός
493 886 507 898 ·
541 871 570 921 6
594 871 824 924 ἀλλοιῶν
854 875 1082 942 καιροὺς
1106 873 1201 926 καὶ
1234 874 1481 944 χρόνους,
1517 873 1789 943 μεθιστῶν
1817 872 1917 942 βα-

335 963 503 1025 σιλεῖς
541 980 601 1014 τε
628 962 724 1016 καὶ
754 963 1053 1027 καθιστῶν,
1104 963 1335 1036 ἐγείρων
1362 964 1471 1016 ἀπὸ
1520 964 1625 1034 γῆς
1672 965 1916 1033 πτωχὸν,

335 1052 433 1104 καί
454 1052 560 1103 ἀπο
591 1053 825 1123 κοπρίας
849 1052 1071 1121 ἀνυψῶν
1111 1053 1323 1124 πένητα
1348 1077 1363 1099 ι
1397 1053 1617 1107 καθεῖλε
1647 1054 1916 1117 δυνάστας

336 1143 444 1195 ἀπὸ
471 1141 698 1211 θρόνων,
749 1144 843 1196 καὶ
883 1141 1066 1212 ὖψωσε
1110 1142 1435 1208 ταπεινούς⁶
1488 1145 1791 1208 πεινῶντας
1833 1148 1918 1198 ὲν-

338 1231 577 1302 έπλησεν
617 1232 857 1300 ἀγαθῶν,
892 1233 986 1286 καί⁵
1018 1233 1381 1298 πλουτοῦντας
1422 1234 1774 1300 ἐξαπέστειλε
1815 1251 1910 1288 κε-

335 1327 482 1388 νοὺς,
514 1325 608 1377 καὶ
623 1325 914 1396 βραχίονας
930 1326 1296 1398 ὑπερηφάνων
1315 1327 1636 1398 συνέτριψεν
1660 1344 1673 1358 ο
1696 1346 1715 1380 ι
1738 1330 1766 1380 6
1789 1327 1921 1381 θαυ-

340 1417 670 1486 ματουργὸς,
707 1419 734 1471 6
783 1418 1174 1490 μεγαλουργὸς,
1205 1421 1235 1473 6
1264 1419 1373 1475 τῶν
1394 1420 1530 1473 ὅλων
1562 1420 1860 1490 Δεσπότης,
1891 1421 1921 1472 6

334 1509 432 1562 τοῦ
455 1507 767 1578 σύμπαντος
791 1510 999 1580 κόσμου
1018 1510 1370 1581 δημιουργὸς,
1388 1514 1416 1565 6
1445 1512 1861 1582 παντοκράτωρ,
1892 1511 1921 1564 ό

340 1601 679 1670 πανάγαθος,
697 1605 725 1655 6
748 1597 829 1665 εἷς
852 1602 948 1657 καὶ
968 1605 1127 1674 μόνος
1145 1604 1276 1667 Θεός
1299 1620 1315 1635 ο
1348 1622 1366 1654 ι
1391 1598 1463 1675 ᾯ
1484 1604 1544 1657 τὸ
1566 1603 1752 1657 καινὸν
1770 1598 1923 1673 ᾆσμα

338 1694 776 1765 ἀναπέμπωμεν,
810 1693 1321 1766 προσυπακούοντες
1343 1693 1421 1764 τῷ
1444 1693 1682 1746 ποιοῦντι
1702 1692 1802 1746 θαυ
1812 1693 1919 1762 μά-

2018 528 2151 582 pora
2188 521 2512 579 commutat,
2549 513 2641 580 qui
2669 510 2893 581 deponit
2920 526 3081 580 reges
3110 522 3164 565 et
3198 511 3486 564 constituit
3519 510 3599 562 ’σε

2019 604 2307 659 Suscitans
2326 619 2354 657 a
2377 614 2520 658 terra
2542 604 2758 672 inopem
2778 612 2829 656 ct
2859 602 2926 656 de
2947 612 3195 657 stercore
3223 603 3443 671 erigens
3466 618 3604 672 pau-

2019 712 2203 767 perem
2224 695 2302 749 ²⁰ι
2332 694 2585 765 deposuit
2605 702 2858 763 potentes
2878 693 2945 747 de
2975 692 3125 759 sede,
3149 694 3480 748 etexaltavit
3500 696 3604 747 bu-

2022 788 2182 848 mi‘es
2231 803 2260 840 a
2295 795 2439 841 terra
2485 805 2498 839 :
2544 786 2854 841 esurientes
2910 784 3154 853 implevit
3215 785 3395 843 bonis.
3432 794 3485 838 et
3517 783 3603 838 di-

2018 879 2158 933 vites
2210 876 2421 933 dimisit
2474 877 2667 931 inanes
2702 876 2784 940 ²¹,
2822 892 2840 925 ›
2873 881 2928 929 et
2971 874 3193 928 brachia
3241 876 3601 944 superborum

2020 969 2276 1024 contrivit
2318 985 2333 1023 :
2371 967 2462 1038 qui
2493 977 2577 1022 est
2610 983 2787 1021 rerum
2837 964 3235 1020 admirabilium
3275 965 3477 1032 epifex,
3511 963 3602 1032 qui

2022 1075 2336 1131 magnarum
2381 1056 2732 1128 architectus,
2763 1059 2853 1128 qui
2904 1059 3279 1113 universorum
3323 1054 3604 1118 Dominus,

2020 1152 2113 1220 qui
2150 1153 2316 1205 totius
2347 1149 2534 1204 mundi
2564 1149 2885 1215 fabricator,
2912 1149 3001 1219 qui
3048 1148 3413 1216 omnipotens,
3460 1154 3604 1200 totus

2023 1244 2217 1308 bonus,
2260 1256 2401 1296 unus
2445 1250 2498 1295 et
2532 1241 2681 1296 solus
2723 1240 2888 1308 Deus,
2950 1240 3038 1294 cui
3082 1255 3279 1294 novum
3330 1237 3601 1292 canticum

2021 1344 2323 1399 Cantemus,
2350 1332 2502 1387 illud
2541 1333 2802 1387 addentes
2837 1350 2852 1386 :
2889 1350 2910 1385 ι
2947 1331 3009 1385 Ei
3031 1332 3120 1400 qui
3177 1329 3307 1384 facit
3336 1326 3601 1382 mirabilia

2026 1439 2221 1496 magna
2276 1425 2449 1488 solus,
2504 1424 2765 1492 quoniam
2811 1422 2864 1476 in
2912 1422 3167 1477 sarculum
3226 1416 3603 1473 misericordia

2023 1518 2180 1587 eius:
2214 1516 2305 1584 qui
2336 1515 2607 1584 percussit
2650 1526 2806 1582 reges
2843 1528 3094 1582 magnos,
3126 1521 3179 1566 et
3200 1510 3400 1565 occidit
3443 1524 3604 1575 reges

2027 1607 2213 1673 fortes,
2239 1607 2494 1677 quoniam
2526 1606 2578 1659 in
2604 1603 2859 1659 saeculum
2886 1601 3260 1657 misericordia
3293 1600 3412 1670 ejus
3437 1617 3450 1652 :
3478 1599 3605 1668 quia

2030 1701 2083 1755 in
2118 1700 2421 1755 humilitate
2452 1705 2637 1752 nostra
2685 1695 3001 1751 recordatus
3054 1701 3140 1748 est
3196 1692 3365 1747 nostri
3420 1689 3606 1745 Domi-

341 1803 433 1841 σια
464 1787 675 1857 μεγάλα
708 1787 883 1857 μόνῳ,
912 1788 994 1840 ὅτι
1023 1789 1102 1851 εἰς
1125 1787 1217 1840 τὸν
1242 1785 1414 1841 αἰῶνα
1442 1785 1504 1839 τὸ
1539 1784 1686 1848 ἔλεος
1718 1783 1885 1838 αὐτοῦ
1905 1800 1919 1814 θ

2034 1791 2253 1846 nns“.i
2309 1787 2529 1842 Obliaec
2550 1786 2732 1842 Omnia
2763 1799 3036 1855 nunquam
3081 1781 3397 1836 desinamus
3460 1778 3608 1834 cele-

338 1879 420 1949 τῷ
446 1868 744 1945 πατάξαντι
796 1878 1036 1949 βασιλεῖς
1069 1879 1337 1949 μεγάλους
1359 1917 1374 1940 ,
1406 1878 1501 1932 καὶ
1533 1876 1920 1930 ἀποκτείναντι

343 1969 583 2041 βασιλεῖς
606 1968 900 2041 κραταιούς
925 1987 937 2001 ·
964 1971 1047 2023 ὅτι
1067 1972 1147 2033 εἰς
1175 1969 1264 2023 τὸν
1295 1967 1466 2023 αἰῶνα
1484 1968 1544 2021 τὸ
1563 1967 1708 2031 ἔλεος
1722 1963 1888 2020 αὐτοῦ
1905 1982 1919 1996 ο

341 2067 427 2119 ὅτι
449 2066 506 2117 ὲν
527 2066 596 2132 τῇ
612 2063 941 2117 ταπεινώσει
963 2064 1122 2133 ἡμῶν
1151 2064 1397 2135 ἐμνήσθη
1418 2063 1574 2134 ἡμῶν
1600 2065 1628 2116 ό
1657 2062 1913 2133 Κύριος.)

353 2156 471 2226 Ἐφ’
520 2151 602 2217 οἷς
650 2154 855 2209 ἅπασιν
885 2154 1250 2224 ἀνυμνοῦντες
1308 2154 1383 2225 μὴ
1422 2154 1785 2223 διαλείψωμεν
1831 2153 1922 2205 τὸν

338 2247 451 2300 τῶν
500 2246 636 2299 ὅλων
665 2246 821 2312 Θεὸν,
847 2247 941 2299 καὶ
975 2247 1066 2298 τὸν
1105 2246 1295 2299 τούτου
1333 2245 1598 2316 μονογενῆ
1632 2245 1763 2298 Υἰδν
1810 2245 1915 2314 ’1η-

341 2338 473 2392 σοῦν
504 2339 740 2407 Χριστὸν
775 2337 867 2390 τὸν
902 2336 1107 2408 Κύριον
1136 2337 1318 2408 ἡμῶν,
1356 2338 1446 2390 τὸν
1498 2339 1595 2390 σὺν
1633 2338 1710 2407 τῷ
1746 2335 1923 2404 Πατρί

342 2432 561 2485 πάντων
592 2430 624 2500 ἡ
634 2430 723 2500 μίν
742 2428 849 2481 τῶν
870 2428 1092 2497 ἀγαθῶν
1118 2429 1317 2492 αἴτιον,
1348 2429 1438 2483 τὸν
1470 2428 1570 2496 τῆς
1593 2428 1924 2496 θεογνωσίας

342 2521 510 2575 αὐτοῦ
533 2520 830 2593 εἰσηγητὴν
867 2521 1047 2592 ἡμῶν,
1081 2522 1171 2574 τὸν
1199 2523 1297 2591 τῆς
1331 2523 1410 2584 εἰς
1445 2520 1608 2573 αὐτὸν
1636 2518 1919 2582 εὐσεϐείας

339 2611 684 2676 διδάσκαλον,
739 2612 831 2664 τὸν
868 2611 977 2665 τῶν
1022 2609 1236 2663 ἀσεϐῶν
1291 2610 1551 2681 ὀλετῆρα,
1601 2609 1694 2662 τὸν
1726 2624 1926 2678 τυραν-

342 2705 614 2766 νοκτόνον,
642 2704 733 2756 τὸν
753 2702 848 2756 τοῦ
885 2703 1001 2773 βίου
1029 2702 1347 2772 διορθωτὴν,
1380 2701 1471 2753 τὸν
1525 2700 1635 2753 τῶν
1679 2701 1927 2767 ἀπεγνω-

347 2795 564 2862 σμένων
593 2794 820 2863 Σωτῆρα
855 2792 1059 2861 Ἰησοῦν
1089 2793 1147 2844 ὲν
1179 2793 1257 2844 ἑνὶ
1276 2792 1504 2860 στόματι
1534 2792 1627 2843 καὶ
1667 2792 1765 2861 μιᾷ
1788 2808 1926 2861 καρ-

343 2881 434 2951 δία
473 2881 669 2943 πάντες
707 2880 1021 2950 δοξάζωμεν
1040 2896 1054 2910 ’
1090 2880 1173 2933 ὅτι
1193 2879 1261 2948 δὴ
1285 2879 1467 2948 μόνος,
1498 2873 1588 2931 οἷα
1606 2878 1926 2942 παναγάθου

324 2970 558 3041 Πατρὸς
588 2968 898 3041 μονώτατος
956 2969 1217 3040 ὑπάρχων
1276 2968 1594 3037 πανάγαθος
1637 2969 1816 3033 Παῖς,
1867 2971 1927 3021 ὲν

346 3061 514 3132 βουλῇ
536 3063 634 3131 τῆς
650 3062 945 3132 πατρικῆς,
965 3063 1061 3114 καὶ
1084 3060 1302 3125 ἑαυτοῦ,
1338 3062 1433 3114 καί
1454 3060 1548 3113 τοῦ
1581 3062 1735 3130 ἁγίου
1753 3061 1927 3114 Πνεύ-

345 3168 521 3224 ματος
565 3152 984 3224 φιλανθρωπίας
1009 3192 1023 3213 ,
1084 3151 1197 3204 τῶν
1235 3134 1386 3204 κάτω
1423 3167 1528 3203 που
1571 3151 1842 3222 κειμένων
1871 3152 1927 3204 ἐν

342 3241 526 3312 φθορᾷ
555 3241 653 3310 τὴν
679 3242 957 3312 σωτηρίαν
983 3240 1143 3311 ἡμῶν
1168 3240 1625 3311 προμηθούμενος
1649 3281 1663 3303 ,
1696 3237 1754 3294 εὖ
1785 3241 1930 3312 μάλα

337 3332 645 3405 προθύμως
663 3334 764 3404 τὴν
795 3333 1074 3403 ἡμετέραν
1113 3333 1310 3389 ὑποδὺς
1338 3333 1521 3401 φύσιν,
1552 3332 1810 3404 καθάπερ
1843 3351 1930 3397 τις

338 3425 569 3494 ἄριστος
625 3423 810 3494 ἰατρδς
852 3424 952 3487 τὰς
978 3422 1269 3486 ἀσθενείας
1298 3423 1455 3492 ἡμῶν
1497 3422 1804 3488 ἀναλαϐὼν,
1838 3425 1932 3477 καὶ

338 3515 451 3578 τὰς
484 3515 676 3578 νόσους
732 3515 936 3584 φέρων,
995 3515 1089 3566 καὶ
1120 3514 1240 3567 τότε
1283 3513 1379 3566 καὶ
1410 3513 1498 3567 ἀεὶ
1538 3513 1815 3583 σωτηρίαν
1838 3515 1933 3566 καὶ

337 3606 495 3677 ζωὴν
546 3607 626 3677 τῷ
668 3607 776 3659 τῶν
804 3604 1107 3677 ἀνθρώπων
1165 3605 1574 3676 κατειργάσατο
1628 3605 1799 3674 γένει.
1833 3608 1935 3669 ’⁸ος

334 3700 412 3771 δὴ
442 3701 695 3770 βασιλεὺς
724 3700 1009 3770 βασιλέων,
1038 3700 1242 3753 καὶτοῦ
1271 3700 1400 3753 ίδίου
1423 3699 1553 3753 λαοῦ
1585 3701 1672 3754 ἀεὶ
1703 3718 1935 3772 προμη-

335 3792 633 3862 θούμενος,
666 3792 759 3845 τὸν
784 3792 936 3862 αὐτῷ
967 3793 1119 3861 φίλον
1158 3796 1250 3845 καὶ
1273 3791 1583 3863 θεράποντα
1610 3793 1741 3847 ἴδιον
1779 3795 1940 3847 Κων-

1957 3110 2004 3171 C

2032 1886 2190 1939 brare
2220 1879 2594 1936 universorum
2644 1877 2834 1941 Deum,
2866 1874 3203 1944 unigenitum
3252 1871 3370 1939 ejus
3406 1870 3604 1925 Filium

2029 1973 2211 2030 Jesum
2239 1972 2517 2026 Christum
2552 1969 2835 2023 Dominum
2868 1975 3134 2031 nostrum,
3170 1963 3318 2018 illum
3355 1977 3477 2017 cum
3505 1960 3611 2013 Pa-

2032 2073 2113 2118 tre
2146 2061 2385 2117 omnium
2423 2060 2691 2113 bonorum
2720 2055 2874 2110 nobis
2899 2063 3199 2117 auctorem,
3227 2051 3424 2106 divina:
3450 2048 3608 2103 nobis

2031 2142 2356 2223 cognitionis
2382 2150 2681 2214 doctorem,
2711 2162 2855 2200 verae
2885 2160 3013 2215 erga
3042 2144 3219 2213 ipsum
3252 2142 3468 2213 pietatis
3494 2155 3613 2194 ma-

2032 2247 2282 2317 gistrum,
2310 2241 2597 2311 impiorum
2650 2252 2985 2302 eversorem,
3067 2233 3470 2289 interfectorem
3523 2241 3611 2301 ty-

2036 2349 2354 2398 rannorum,
2379 2332 2509 2386 vita:
2539 2339 2738 2385 nostra:
2770 2328 3194 2383 moderatorem.
3249 2333 3302 2378 et
3362 2332 3610 2376 nostrum

2032 2425 2297 2490 omnium,
2324 2439 2446 2478 cum
2487 2422 2744 2490 rejectiet
2776 2418 3042 2488 repudiati
3074 2429 3321 2470 essemus
3344 2453 3359 2475 .
3419 2411 3613 2467 Salva-

2035 2531 2204 2573 torem
2230 2514 2439 2578 Jesum,
2463 2528 2570 2568 uno
2629 2525 2818 2566 omnes
2846 2524 2962 2575 ore,
3000 2521 3217 2575 unoque
3256 2505 3423 2560 corde
3476 2502 3616 2557 cele-

2034 2610 2289 2663 bremus:
2329 2604 2473 2673 quod
2509 2603 2657 2658 solus
2704 2609 2957 2668 tanquam
3015 2596 3205 2667 optimi
3259 2594 3439 2648 Patris
3473 2606 3614 2646 unus

2037 2700 2153 2768 ipse
2179 2697 2417 2767 optimus
2458 2693 2649 2758 Filius,
2682 2701 2933 2761 paterna,
2970 2703 3066 2743 sua
3100 2687 3272 2757 ipsius
3302 2695 3356 2739 et
3380 2680 3617 2753 Spiritus

2034 2792 2198 2845 etiam
2234 2787 2407 2842 sancti
2434 2783 2750 2845 clementia,
2783 2781 2945 2836 saluti
2975 2790 3195 2842 nostrae,
3253 2793 3376 2832 eum
3411 2775 3461 2829 iu
3499 2788 3618 2843 pec-

2036 2889 2283 2935 catorum
2312 2875 2660 2944 corruptione
2682 2883 2737 2928 et
2761 2873 3012 2927 sordibus
3036 2869 3370 2937 iaceremus,
3395 2867 3615 2936 prospi-

2036 2970 2212 3035 ciens,
2252 2974 2504 3020 naturam
2532 2971 2773 3017 nostram
2811 2962 3042 3015 libenter
3070 2959 3344 3013 induerit:
3398 2969 3453 3012 et
3493 2965 3616 3009 tan-

2034 3077 2197 3133 quam
2229 3058 2467 3128 optitnus
2488 3055 2729 3110 medicus
2770 3053 3141 3107 inﬁrmitatem
3170 3062 3413 3106 nostram
3442 3048 3619 3103 susci-

2038 3154 2211 3223 piens,
2244 3158 2300 3204 et
2325 3147 2543 3202 morbos
2574 3143 2849 3208 auferens,
2885 3152 3014 3196 tunc
3035 3150 3090 3196 et
3142 3155 3358 3211 semper
3383 3138 3616 3194 salutem

2038 3255 2094 3301 et
2124 3245 2292 3298 vitam
2320 3249 2508 3295 nostro
2540 3239 2721 3307 generi
2761 3236 3081 3290 restituerit.
3143 3234 3247 3300 0,·ιὶ
3300 3248 3390 3286 rex
3428 3246 3616 3301 reg-im

2036 3334 2215 3415 populi
2247 3334 2332 3388 stti
2364 3345 2550 3386 curaui
2612 3342 2805 3395 agens,
2871 3325 3132 3380 dilectum
3177 3338 3397 3378 servum
3457 3335 3616 3375 suum

2035 3410 2453 3484 Constantinum
2481 3419 2702 3491 pietatis
2734 3432 2860 3488 erga
2889 3432 2948 3471 se
2976 3425 3031 3470 et
3058 3414 3180 3469 fidei
3230 3413 3400 3467 armis
3449 3410 3624 3465 inuui-

2034 3531 2170 3585 tum,
2201 3520 2256 3573 in
2283 3516 2480 3586 impios
2512 3526 2798 3584 tyrannos,
2832 3510 3163 3564 Maxentium
3186 3508 3375 3562 Romae
3410 3513 3463 3559 et
3502 3504 3625 3558 Ma-
3694 3541 3701 3547 ι

2032 3613 2302 3667 xintinum
2335 3609 2387 3662 iu
2420 3607 2667 3669 Oriente,
2696 3602 3025 3658 concitavit:
3053 3599 3248 3669 quibus
3280 3612 3375 3667 per
3409 3597 3558 3649 illum
3593 3609 3624 3647 e

2034 3702 2217 3759 medio
2243 3699 2495 3758 sublatis,
2532 3709 2800 3750 summam
2835 3702 2891 3746 et
2922 3689 3271 3759 tranquillam
3307 3700 3495 3756 pacem
3527 3699 3624 3755 po-

2039 3795 2164 3864 pulo
2188 3807 2289 3846 suo
2321 3788 2580 3844 reddidit.

336 3886 628 3938 σταντῖνον
659 3885 772 3946 τοῖς
796 3882 896 3951 τῆς
926 3882 1007 3944 εἰς
1034 3882 1198 3939 αὐτὸν
1236 3883 1519 3946 εὐσεϐείας
1550 3885 1643 3936 καὶ
1710 3884 1948 3947 πίστεως
1981 3883 2167 3947 ὅπλοις
2207 3881 2441 3951 φράξας,
2503 3879 2647 3934 κατά
2683 3875 2793 3929 τῶν
2824 3872 3037 3927 ἀσεϐῶν
3094 3869 3391 3942 τυράννων.
3424 3866 3531 3920 Τοῦ
3564 3883 3627 3919 τε

334 3973 494 4028 κατὰ
542 3973 764 4043 Ῥώμην
813 3972 1142 4040 Μαξεντίου,
1173 3975 1269 4028 καὶ
1292 3975 1387 4027 τοῦ
1434 3975 1572 4044 μετά
1611 3974 1709 4047 τὴν
1762 3975 2053 4047 Ἀνατολὴν
2092 3974 2404 4045 Μαξιμίνου
2460 3974 2871 4043 ἀνεγήγερκεν·
2940 3964 3033 4028 οὓς
3078 3964 3150 4017 δι’
3181 3960 3348 4016 αὐτοῦ
3393 3958 3626 4028 ἀνελὼν⁹

333 4068 586 4140 φαιδρὰν
623 4067 721 4121 καὶ
757 4067 980 4137 βαθεῖαν
1009 4068 1234 4139 εἰρήνην
1264 4069 1343 4140 τῷ
1371 4069 1558 4142 οἰκείῳ
1599 4067 1713 4142 λαῷ
1737 4069 2104 4124 ἀποδέδωκεν.

960 4205 1211 4277 ΚΕΦΑΛ.
1267 4203 1325 4260 I'.

602 4315 745 4384 Περί
799 4315 912 4385 τῆς
945 4318 1220 4373 Λικινίου
1263 4319 1688 4387 κακοτροπίας.

2686 4193 2838 4250 CAP.
2866 4192 2936 4245 Χ.

2436 4311 2507 4365 De
2531 4310 2705 4379 pravis
2745 4306 2939 4360 Licinii
2972 4303 3229 4357 moribus.

423 4451 539 4505 Οὐκ
569 4446 635 4521 ἦν
675 4451 731 4504 δὲ
779 4451 923 4524 ἄρας
939 4452 1105 4522 φησὶν
1134 4454 1161 4506 6
1194 4453 1483 4524 Παμφίλου
1526 4453 1812 4518 Εὐσέϐιος,
1853 4451 1926 4524 τῷ

2111 4450 2311 4507 Verum
2344 4446 2559 4501 invidia:
2593 4442 2881 4514 probitatis
2929 4438 3070 4493 boin
3102 4436 3302 4509 (inquit
3360 4433 3625 4489 Eusebius

340 4543 634 4615 μισοκάλῳ
651 4542 853 4612 φθόνῳ,
876 4541 953 4613 τῷ
980 4559 1039 4595 τε
1074 4544 1417 4615 φιλοπονήρῳ
1447 4545 1660 4615 δαίμονι
1696 4545 1939 4615 φορητὸς

336 4636 379 4707 ἡ
416 4634 522 4687 τῶν
545 4635 839 4706 δρωμένων
870 4634 966 4688 θέα
986 4652 1000 4664 ·
1036 4634 1225 4705 ὥσπερ
1247 4633 1339 4689 οὖν
1362 4637 1483 4689 οὐδὲ
1512 4637 1743 4707 Λικινίῳ
1775 4652 1941 4707 μεταο

335 4727 619 4798 τραπέντι
652 4729 950 4796 ἐτύγχανεν
982 4727 1228 4799 αὐτάρκη
1246 4729 1380 4800 πρὸς
1402 4727 1656 4799 σώφρονα
1680 4728 1941 4798 λογισμὸν

338 4818 423 4873 τὰ
452 4821 565 4882 τοῖς
603 4818 912 4888 ἔμπροσθεν
957 4816 1347 4890 δεδηλωμένρις
1362 4823 1647 4891 τυράννοις
1665 4821 1941 4891 συμϐεϐη⁹

341 4910 510 4963 κότα.
551 4911 645 4971 Ὃς
687 4905 747 4963 εὖ
785 4910 1095 4980 φερομένης
1123 4910 1272 4979 αύτῷ
1298 4912 1399 4981 τῆς
1437 4912 1632 4983 ἀρχῆς,
1661 4913 1759 4981 τῆς
1784 4912 1940 4982 βασι-

342 4998 496 5058 λέως
528 4998 768 5067 μεγάλου
796 4999 1210 5052 Κωνσταντίνου
1241 4997 1573 5070 δευτερεύων
1595 5000 1785 5071 τιμῆς,
1816 5001 1940 5053 ἐπι-

341 5089 636 5160 γαμϐρίας
686 5108 743 5143 τε
778 5090 871 5141 καὶ
931 5090 1221 5160 συγγενείᾳ
1265 5090 1604 5161 ἠξιωμένος,
1653 5094 1942 5163 μιμήσεως

352 5181 464 5252 μὲν
492 5182 591 5250 τῆς
616 5181 723 5234 τῶν
758 5182 940 5234 καλῶν
989 5181 1424 5251 ἁπελιμπάνετο,
1469 5184 1569 5254 τῆς
1598 5183 1655 5236 δὲ
1692 5183 1800 5238 τῶν
1820 5185 1944 5237 ἀσεο

346 5270 474 5325 σῶν
517 5274 801 5341 τυράννων
829 5270 1132 5342 μοχθηρίας
1161 5269 1355 5344 ἐζήλου
1403 5274 1500 5345 τὴν
1530 5275 1898 5345 κακοτροπίαν
1923 5290 1936 5305 ·

346 5362 456 5416 καὶ
510 5355 585 5415 ὧν
611 5361 705 5416 τοῦ
759 5362 876 5433 βίου
920 5363 1020 5433 τὴν
1066 5365 1455 5437 καταστροφὴν
1509 5367 1718 5420 ἐπεῖδεν
1756 5367 1938 5429 αὐτοῖς

344 5452 660 5524 ὀφθαλμοῖς
684 5493 701 5519 ,
740 5454 945 5508 τούτων
971 5455 1201 5510 ἔπεσθαι
1233 5460 1300 5528 τῇ
1329 5456 1525 5531 γνώμῃ
1561 5458 1785 5525 μᾶλλον,
1811 5457 1842 5528 ἢ
1872 5460 1938 5529 τῇ

435 5630 477 5663 ¹δ
504 5631 622 5686 Job.
649 5647 704 5691 ν.
734 5632 790 5686 9.

865 5632 1124 5704 h’rEiiseb.
1152 5633 1293 5704 librxf
1332 5631 1470 5687 ΙΙὶδι.
1505 5634 1685 5688 εει-[ες.
1717 5650 1835 5704 cap.
1870 5641 1916 5687 ι.

350 5702 379 5755 1
400 5702 454 5767 7,
494 5703 575 5768 18,
596 5703 685 5757 23.

762 5702 809 5733 ’³
840 5701 957 5756 Lib.
996 5717 1046 5765 κ,
1077 5716 1197 5771 Cap.
1244 5702 1325 5756 l8.

1996 5632 2201 5688 ιοιιμςιι.
2230 5631 2431 5698 ετιι,7.

2046 4540 2317 4611 Pamphili
2339 4539 2409 4610 ")
2437 4537 2726 4605 omnisque
2786 4532 3081 4603 impietatis
3141 4530 3341 4584 fautori
3404 4527 3628 4584 diabolo

2048 4647 2389 4703 nequaquam
2419 4631 2612 4685 barum
2640 4643 2824 4682 rerum
2860 4614 3228 4693 spectaculum
3250 4698 3257 4701 Α
3281 4620 3624 4675 tolerandum

2044 4729 2367 4784 videbatur:
2402 4737 2579 4792 neque
2614 4721 2801 4774 itidem
2834 4716 3046 4772 Licinio
3072 4715 3218 4769 velut
3250 4714 3362 4783 jam
3394 4720 3630 4775 mutato,

2045 4837 2108 4876 ea
2132 4833 2250 4888 quae
2279 4814 2522 4887 tyrannis
2553 4813 2824 4883 prioribus
2850 4812 3178 4880 obtigerant,
3220 4806 3355 4860 satis
3394 4803 3629 4873 exempli

2045 4914 2113 4967 ad
2141 4909 2462 4964 modestiam
2501 4914 2552 4960 et
2585 4904 2752 4958 animi
2795 4903 3221 4957 moderationem
3275 4897 3634 4952 excolendam

2047 5005 2334 5058 dederunt.
2391 4999 2493 5066 Qui
2528 5014 2648 5053 eum
2688 4995 2915 5065 imperio
2950 5007 3208 5063 pres-pere
3260 4991 3549 5051 frueretur,
3575 4994 3631 5041 et

2048 5096 2315 5152 Secundas
2344 5093 2395 5146 in
2429 5092 2635 5146 honore
2663 5100 2783 5157 post
2811 5088 3189 5155 imperatorem
3210 5078 3633 5135 Constantinum

2047 5185 2294 5256 Magnum
2323 5183 2614 5244 obtineret,
2640 5190 2695 5236 et
2739 5174 3119 5256 conjunctione
3169 5180 3331 5239 atque
3367 5166 3634 5222 aliiuitate

2046 5275 2163 5345 ejus
2193 5275 2384 5345 dignus
2420 5272 2635 5327 habitus
2685 5277 2828 5322 esset
2858 5282 2872 5318 :
2903 5248 3086 5317 relicia
3112 5268 3293 5312 tamen
3339 5253 3633 5325 praeclaro-

2050 5384 2165 5420 rum
2208 5365 2483 5419 hominum
2509 5361 2830 5422 imitatione,
2861 5355 3101 5426 perditos
3129 5353 3416 5420 impiormn
3438 5358 3628 5418 tyran-

2048 5472 2240 5512 norqu
2271 5469 2447 5509 mores
2491 5451 2777 5508 aemulatus
2806 5458 2890 5503 est
2928 5463 2943 5501 :
2997 5452 3052 5499 et
3085 5456 3316 5513 quorum
3364 5437 3629 5492 miserum

2510 5630 2550 5661 ²¹
2582 5625 2713 5681 Luc.
2745 5641 2782 5692 I,
2811 5622 2905 5688 52,
2937 5619 3023 5676 55.
3101 5618 3145 5650 ²²
3173 5615 3310 5673 Psal.
3340 5618 3621 5684 cxxxr,.5,
