4070 6418
475 294 610 360 1215

1739 287 2042 348 GELASII
2076 284 2423 350 CYZICENI

3609 273 3744 338 1216

469 411 594 460 vitm
624 403 827 460 exitum
867 401 1042 460 oculis
1089 399 1491 469 conspexisset,
1543 411 1730 454 eorum
1777 398 2044 466 perditam

2171 395 2247 448 τοῦ
2280 396 2595 466 κρείττονος
2619 393 2775 466 φιλίᾳ
2803 407 2862 446 τε
2894 392 2991 446 καὶ
3017 391 3260 446 διαθέσει
3287 387 3551 461 ἐμμένειν
3573 388 3744 464 ᾑὸού-

473 507 707 552 mcntrm
745 494 900 563 sequi
924 491 1133 556 maluit,
1181 506 1344 562 quam
1398 489 1452 543 in
1513 488 1910 558 praestantioris
1946 488 2048 540 viri

475 590 708 644 amicitia
773 596 935 654 atque
1023 583 1303 652 proposito
1373 591 1747 648 perseverare.
1841 575 2051 630 Invidia

474 681 616 732 enim
649 688 833 730 contra
864 673 1302 735 Constantinum,
1335 689 1364 726 a
1394 686 1501 742 quo
1531 669 1758 740 plurima
1789 667 2048 724 beneﬁcia

477 771 705 837 accepit,
733 767 1124 826 inﬂammatus.
1152 762 1465 833 pestiferum
1494 771 1545 815 et
1585 761 1805 814 crudele
1857 759 2054 812 bellum

478 859 551 912 illi
573 856 771 912 infert:
807 874 912 910 non
945 869 1153 909 natura:
1180 854 1322 920 leges
1351 849 1637 914 reveritus,
1666 864 1772 902 non
1820 847 2055 917 jurisju-

477 952 652 1013 randi,
679 966 781 1002 non
807 948 1105 1018 sanguinis,
1132 961 1234 998 non
1261 945 1525 998 foederum
1554 942 1886 996 recordatus.
1913 941 2058 994 Con-

477 1041 752 1095 stantinus
795 1039 936 1091 enim
972 1048 1228 1106 tanquam
1257 1035 1493 1102 optimus
1524 1033 1794 1104 princeps,
1848 1047 1956 1101 quo
2005 1031 2055 1084 itt

480 1148 603 1185 cum
653 1131 796 1184 clara
849 1145 991 1182 verte
1041 1127 1428 1182 benevolentiae
1474 1125 1667 1178 indit-ia
1719 1123 2056 1184 ostenderet,

481 1239 633 1278 suam
673 1223 841 1289 ipsius
928 1219 1242 1273 aﬂittitatetn
1281 1218 1354 1270 illi
1413 1232 1518 1270 non
1559 1216 1772 1278 invidit,
1821 1214 2059 1267 illustres

483 1315 700 1382 nuptias
747 1314 952 1367 sororis
987 1311 1060 1366 illi
1103 1325 1206 1365 non
1240 1311 1545 1378 denegavit.
1593 1306 1656 1360 Et
1693 1315 1810 1374 post
1843 1320 2051 1374 pauca:

484 1406 591 1460 Sed
624 1406 817 1472 impius
847 1404 1085 1458 Licinius
1111 1402 1380 1458 contraria
1419 1400 1502 1455 his
1543 1397 1848 1459 admittere,
1871 1408 2060 1450 omnes

483 1497 761 1550 machinas
822 1495 1063 1564 quotidie
1119 1502 1310 1548 contra
1359 1488 1786 1560 prmstantiorem
1844 1485 2061 1556 excogi-

481 1597 621 1648 tare,
653 1603 841 1642 omnes
905 1585 1223 1640 iusidiarunt
1279 1584 1392 1636 vias
1445 1579 1771 1648 investigare
1859 1577 2055 1646 capit,

485 1689 544 1732 ut
604 1694 700 1747 pro
770 1677 996 1730 sutntnis
1059 1674 1338 1730 beneﬁciis
1403 1671 1661 1725 tnalelicia
1723 1671 2057 1738 repende-ret.

485 1769 690 1834 Quibus
751 1769 865 1821 [nec
927 1767 1146 1835 insuper
1209 1765 1355 1818 addit
1413 1780 1428 1820 :

489 1857 864 1926 (Constantino
914 1855 1198 1924 inquiens)
1257 1855 1464 1908 amicus
1507 1853 1628 1931 fuit,
1681 1861 1900 1909 curator
1941 1852 2060 1922 cjus

488 1959 541 2004 et
586 1959 810 2016 custos,
845 1947 932 2014 qui
982 1947 1209 2002 insidias
1257 1947 1310 2000 in
1357 1946 1570 2000 occulto
1620 1954 1675 2000 et
1725 1945 1962 2001 tenebris
2013 1945 2061 2001 ei

489 2053 519 2092 a
557 2049 787 2109 tyranno
845 2047 1216 2103 comparatas,
1269 2037 1322 2090 itt
1375 2036 1546 2090 lucem
1596 2035 1856 2105 produxit
1899 2046 2064 2106 atque

489 2129 770 2200 patefecit.
825 2126 1057 2181 Tantum
1113 2137 1298 2180 sancta
1330 2127 1550 2196 pietatis
1578 2140 1729 2181 arma
1766 2127 1833 2180 ad
1874 2125 2064 2196 depul-

489 2220 694 2274 sionem
729 2218 990 2284 hostiutn,
1043 2225 1095 2270 et
1127 2219 1193 2270 ad
1233 2215 1424 2270 salutis
1463 2215 1628 2270 etiam
1687 2223 1889 2268 nostrte
1939 2227 2064 2282 pro-

489 2309 874 2378 pugnationem
911 2307 1150 2378 prmsidii
1182 2307 1422 2360 habent:
1459 2305 1655 2374 quibus
1684 2305 2067 2361 sanctissimus

490 2399 786 2468 imperator
834 2409 1020 2453 noster
1077 2399 1337 2467 praeclare
1388 2409 1597 2466 septus,
1651 2397 1980 2464 multiplices
2013 2405 2065 2452 et

489 2493 715 2548 callidas
745 2490 1107 2546 exsecrabilis
1140 2489 1316 2545 hostis
1358 2489 1585 2543 insidias
1631 2487 1816 2543 divino
1862 2488 2066 2543 auxilio

491 2582 697 2653 cﬂ‘ugit.
752 2581 998 2636 Licinius
1049 2580 1248 2635 deinde
1299 2579 1389 2634 ubi
1421 2578 1790 2636 clandestinos
1839 2587 2068 2634 conatus

488 2688 616 2728 suos
654 2675 962 2742 neutiquam
995 2687 1062 2725 ex
1090 2670 1257 2725 animi
1293 2670 1562 2726 sententia
1608 2668 1900 2726 succedere
1935 2669 2070 2724 vidit

493 2766 660 2835 (Deus
691 2765 832 2818 enim
867 2779 1078 2818 omnem
1120 2763 1300 2817 dolum
1333 2777 1396 2816 ac
1424 2760 1688 2814 fallaciam
1719 2761 1806 2831 pio
1839 2762 2070 2834 impera-

504 2855 607 2908 tori
650 2853 987 2924 aperuerat),
1029 2868 1127 2908 nec
1165 2861 1347 2922 posset
1389 2851 1620 2920 amplius
1656 2850 1865 2905 facinus
1908 2867 2064 2906 suum

494 2944 701 3005 celare.
735 2944 929 3000 bellum
963 2943 1136 3012 palam
1184 2953 1364 2998 movet
1417 2958 1430 2994 :
1477 2957 1542 2997 ac
1588 2943 1714 2996 dum
1750 2957 1872 2996 cunt
1920 2940 2067 2995 Con-

491 3037 734 3092 stantino
788 3036 984 3088 belltun
1041 3033 1318 3102 suscipere
1372 3033 1680 3098 constituit,
1733 3033 1846 3103 jam
1902 3033 2066 3086 etiam

490 3139 682 3184 contra
719 3129 1093 3182 universorum
1138 3127 1307 3180 Deum
1357 3125 1704 3182 Constantini
1756 3126 2066 3193 custodem,

491 3234 764 3289 quemque
816 3228 974 3274 norat
1020 3216 1436 3273 Coustantimun
1490 3216 1704 3281 colere,
1755 3217 1927 3270 aciem
1985 3217 2070 3270 in-

489 3320 706 3365 struere
739 3309 1018 3364 instituit:
1059 3321 1113 3362 et
1148 3309 1214 3363 ab
1251 3325 1316 3362 co
1357 3319 1598 3377 tempore
1651 3309 1770 3378 pios
1825 3308 2071 3363 homines

493 3401 723 3468 imperio
751 3415 848 3452 suo
875 3401 1122 3455 subditos
1151 3401 1348 3453 misere
1384 3397 1619 3451 vexavit.
1676 3399 1739 3452 Et
1796 3409 1919 3470 post
1963 3399 2069 3454 alia

493 3491 740 3561 qttmdam
775 3507 788 3543 :
828 3489 1013 3545 Modus
1041 3500 1219 3544 autem
1253 3500 1308 3543 et
1336 3491 1478 3545 ratio
1507 3489 1674 3544 caedis
1696 3504 1800 3558 qua
1833 3503 1925 3543 eos
1953 3505 2073 3559 per-

495 3584 625 3636 dere
651 3583 950 3648 constituit,
981 3584 1264 3653 peregriua
1305 3581 1430 3646 fuit,
1485 3590 1539 3636 et
1587 3589 1741 3636 antea
1797 3596 2072 3651 nunquam

497 3675 606 3730 ulla
662 3675 979 3732 surculorum
1026 3676 1285 3728 memoria
1349 3673 1558 3727 audita.
1613 3671 1745 3726 Nam
1797 3675 2072 3726 Amasiam

495 3775 552 3820 et
602 3767 838 3834 reliquas
899 3765 1054 3819 Ponti
1101 3766 1371 3830 civitates,
1431 3765 1650 3832 quantis
1702 3763 1860 3818 malis
1909 3761 2071 3832 amlgi

493 3857 676 3926 jussil,
705 3872 922 3910 omnem
954 3858 1398 3925 exsuperantiam
1446 3855 1784 3910 crudelitatis
1834 3864 2072 3922 superat.

497 3947 614 4004 Illic
651 3963 714 4002 ett
745 3950 989 4005 ecclesiis
1023 3949 1112 4002 Dei
1146 3949 1282 4004 alias
1320 3949 1517 4015 deiecit
1549 3955 1606 4001 et
1657 3947 1773 4001 solo
1827 3947 2076 4013 adaequa-

508 4039 606 4102 vit,
647 4039 781 4091 alias
813 4040 1024 4093 occludi
1054 4039 1240 4108 jussit,
1293 4054 1360 4092 ne
1415 4039 1702 4107 quisquam
1754 4048 1940 4087 eorum
1984 4031 2074 4102 qui

497 4145 592 4184 eas
625 4127 969 4201 frequentare
1010 4138 1386 4191 consueverat,
1442 4143 1507 4182 eo
1538 4133 1901 4184 eommearet.
1938 4138 2076 4178 neve

499 4222 708 4274 debitos
741 4222 919 4274 cultus
951 4231 1006 4275 et
1037 4234 1156 4275 vola
1181 4222 1292 4275 Deo
1333 4222 1601 4274 redderet.
1633 4219 1748 4274 Non
1789 4219 1936 4272 enim
1971 4231 2070 4286 pro

497 4329 558 4368 se
607 4315 695 4368 illa
747 4313 861 4368 lict'i
915 4315 1266 4368 existimabat.
1321 4313 1620 4382 (quomodo
1698 4311 1842 4364 enim
1918 4310 2080 4364 aliter

2160 486 2309 540 λετο.
2347 485 2739 555 Διαφθονηθεὶς
2771 483 3062 553 τοιγαροῦν
3103 481 3182 551 τῷ
3209 479 3607 550 πανευεργέτῃ,
3643 478 3744 531 πό-

2159 572 2330 643 λεμον
2376 573 2589 644 δυσαγῆ
2640 573 2736 626 καὶ
2771 572 3078 625 δεινότατον
3111 570 3252 640 πρὸς
3277 569 3444 622 αὑτὸν
3494 569 3745 637 ἐκφέρει,

2161 663 2221 714 ού
2267 661 2484 729 φύσεως
2513 662 2694 731 νόμων
2726 661 3078 730 φεισάμενος,
3107 659 3206 728 οὐχ
3233 657 3612 726 ὁρκωμοσιῶν,
3647 657 3748 726 οὐχ

2162 751 2415 819 αἵματος,
2452 751 2512 804 οὐ
2561 749 2847 819 συνθηκῶν
2894 750 3118 819 μνήμην
3169 749 3227 801 ὲν
3276 747 3485 816 διανοίᾳ
3539 744 3745 798 λαϐὼν.

2141 843 2232 897 "0
2295 843 2394 912 μὲν
2466 843 2576 913 γὰρ
2653 839 2806 911 αὐτῷ
2839 880 2854 905 ,
2909 835 3000 893 οἷα
3049 839 3366 906 πανάγαθος
3435 837 3692 907 βασιλεὺς
3728 879 3745 902 ,

2163 935 2376 998 εὐνοίας
2445 935 2705 1004 παρέχων
2773 933 3008 1002 ἀληθοῦς
3081 931 3325 1002 σύμϐολα
3355 970 3371 992 ,
3425 930 3750 998 συγγενείας

2163 1027 2262 1095 τῆς
2323 1025 2461 1094 πρὸς
2511 1025 2676 1078 αὑτὸν
2749 1025 2852 1076 οὐκ
2911 1022 3212 1092 ἐφθόνησε,
3265 1021 3463 1092 γάμων
3505 1038 3564 1072 τε
3611 1021 3754 1088 λαμ-

2163 1116 2320 1186 πρῶν
2373 1115 2611 1186 ἀδελφῆς
2671 1114 2966 1185 μετουσίαν
3027 1114 3128 1167 οὐκ
3196 1113 3576 1182 ἀπηρνήσατο.
3642 1112 3755 1164 Καὶ

2167 1208 2286 1278 μεθ’
2348 1207 2541 1278 ’ἐτερα’
2589 1207 2752 1261 Ἀλλὰ
2806 1205 3016 1270 τούτοις
3063 1205 3324 1259 τάναντία
3376 1205 3614 1266 Λικίνιος
3675 1205 3757 1257 δι-

2165 1300 2491 1370 επράττετο,
2522 1297 2782 1361 παντοίας
2826 1297 3100 1369 ὁσημέραι
3133 1296 3278 1349 κατᾶ
3304 1295 3402 1348 τοῦ
3441 1296 3758 1364 κρείττονος

2168 1392 2420 1462 μηχανὰς
2467 1390 2910 1461 ἐπιτεχνώμενος
2963 1391 2992 1442 ὁ
3057 1389 3349 1459 μισόθεος,
3423 1387 3631 1450 πάντας
3695 1403 3758 1439 τε

2163 1481 2395 1534 ἐπινοῶν
2415 1480 2711 1550 ἐπιϐουλῆς
2737 1481 2995 1551 τρόπους,
3013 1477 3088 1541 ὡς
3120 1476 3187 1532 ἆν
3209 1479 3398 1540 κακοῖς
3417 1477 3508 1530 τὸν
3526 1478 3758 1546 εὐεργέ-

2164 1593 2264 1643 την
2288 1574 2607 1646 ἀμείῂται.
2639 1571 2733 1636 Οἷς
2773 1573 3016 1638 ἐπιλέγει
3043 1589 3056 1604 ο
3091 1570 3182 1640 Τῷ
3211 1571 3268 1624 δὲ
3295 1566 3364 1640 ἦν
3409 1570 3518 1638 ἄρα
3556 1572 3586 1623 ὁ
3621 1570 3762 1631 Θεὸς

2167 1667 2343 1736 φίλος,
2387 1666 2643 1737 κηδεμὼν
2701 1665 2797 1722 καὶ
2851 1663 3047 1734 φύλαξ,
3102 1663 3180 1733 τῷ
3227 1661 3622 1732 Κωνσταντίνῳ
3671 1663 3760 1715 λέ-

1483 1763 1678 1816 Verum
1747 1762 1885 1818 Deus
1939 1763 2062 1817 huic

2171 1776 2300 1828 γων,
2334 1759 2394 1822 ὃς
2447 1759 2596 1830 αὐτῷ
2651 1759 2751 1825 τὰς
2804 1761 2862 1812 ὲν
2907 1759 3210 1830 ἀπορρήτῳ
3263 1755 3360 1810 καὶ
3409 1755 3596 1809 σκότει
3645 1771 3762 1824 μη-

2162 1850 2486 1922 χανωμένας
2531 1851 2638 1905 ὑπὸ
2691 1850 2786 1906 τοῦ
2849 1850 3118 1920 τυράννου
3172 1847 3470 1911 ἱτιϐουλὰς
3514 1849 3596 1910 εἰς
3637 1847 3758 1916 φῶς

2162 1941 2310 2010 ἄγων
2335 1943 2605 2013 διήλεγχε.
2629 1941 2901 1996 Τοσοῦτον
2933 1941 3137 2012 ἀρετῆς
3159 1938 3379 2012 [ἀρετὴ]
3407 1939 3467 1993 τὸ
3493 1939 3636 2008 μέγα
3659 1939 3764 2008 τῆς

2166 2032 2482 2098 θεοσεϐείας
2534 2034 2699 2088 ὅπλον
2759 2034 2900 2104 πρὸς
2957 2033 3176 2103 ἄμυναν
3237 2031 3338 2102 μὲν
3394 2031 3630 2104 ἐχθρῶν,
3679 2033 3763 2084 ol-

2165 2125 2318 2190 κείας
2348 2127 2404 2179 δὲ
2431 2126 2678 2197 φυλακὴν
2721 2124 3000 2196 σωτηρίας
3035 2125 3234 2196 ἰσχύει.
3280 2118 3354 2196 ’ῼ
3389 2124 3454 2194 δὴ
3513 2141 3763 2195 πεφραγ-

2169 2217 2331 2287 μένος
2375 2219 2404 2271 ό
2437 2218 2849 2285 θεοφιλέστατος
2895 2217 3055 2288 ἡμῶν
3100 2217 3361 2288 βασιλεὺς
3413 2219 3762 2270 Κωνσταντί-

2165 2324 2276 2370 νος.
2308 2309 2374 2377 τῇ
2423 2307 2488 2360 ἐκ
2543 2305 2639 2359 τοῦ
2703 2306 2839 2360 Θεοῦ
2887 2304 3110 2377 βοηθείᾳ
3156 2305 3254 2367 τὰς
3287 2303 3383 2358 τοῦ
3433 2301 3762 2372 δυσωνύμου

2167 2397 2539 2460 πολυπλόκους
2585 2397 2882 2461 ἐπιϐουλὰς
2929 2397 3322 2467 διεδίδρασκεν.
3367 2395 3428 2450 ὐ
3460 2397 3518 2448 δὲ
3559 2395 3766 2465 τύραν-

2166 2507 2256 2553 νος
2283 2490 2383 2560 τὴν
2411 2488 2676 2558 λαθραίαν
2729 2487 3006 2558 συσκευὴν
3044 2487 3120 2550 ὡς
3151 2485 3406 2556 οὐδαμῶς
3447 2483 3597 2554 ἐώρα
3615 2483 3764 2537 κατὰ

2167 2579 2393 2651 γνώμην
2439 2580 2764 2653 χωροῦσαν
2818 2579 2914 2633 τοῦ
2949 2578 3088 2632 Θεοῦ
3137 2580 3314 2634 πάντα
3363 2577 3516 2634 δόλον
3559 2593 3618 2629 τε
3667 2577 3762 2628 καὶ

2170 2671 2525 2743 ῥᾳδιουργίαν
2573 2669 2650 2738 τῷ
2693 2669 2936 2737 θεοφιλεῖ
2967 2667 3178 2738 βασιλεί
3208 2667 3512 2738 κατάφωρα
3546 2665 3765 2720 ποιοῦν-

2167 2779 2294 2828 τος’
2337 2764 2438 2816 οὐκ
2473 2762 2554 2815 ἔτι
2597 2755 2710 2826 οἷός
2753 2777 2812 2814 τε
2855 2759 2932 2814 ὢν
2988 2757 3450 2831 ἐπικρύπτεσθαι.
3506 2757 3762 2829 προφανῆ

2169 2854 2406 2924 πόλεμον
2439 2857 2676 2926 αἱρεῖται
2703 2869 2718 2883 ’
2765 2853 2931 2922 ὁμόσε
2965 2851 3100 2921 δῆτα
3161 2850 3556 2921 Κωνσταντίνῳ
3599 2849 3764 2904 πολε-

2172 2946 2294 3014 μεῖν
2313 2943 2584 3012 διαγνοὺς,
2615 2943 2715 3018 ἤδη
2749 2943 2844 2998 καὶ
2887 2943 3030 3018 κατὰ
3058 2941 3152 2996 τοῦ
3197 2941 3334 2998 Θεοῦ
3371 2942 3478 2996 τῶν
3507 2942 3643 2996 ὅλων
3684 2943 3766 3004 ὡς

2172 3033 2414 3106 φρουροῦ
2445 3033 2884 3094 Κωνσταντίνου.
2907 3013 2992 3088 ’ὃν
3021 3034 3296 3103 ἠπίστατο
3335 3032 3522 3086 σέϐειν
3569 3031 3758 3095 αὑτὸν,

2173 3125 2622 3195 παρατάττεσθαι
2653 3123 2947 3197 ὥρμηται*
3009 3124 3249 3178 κᾶπειτα
3305 3123 3435 3187 τοὺς
3469 3122 3555 3176 ὑπ’
3603 3119 3760 3190 αὺτῷ

2173 3214 2441 3282 θεοσεϐεῖς
2477 3216 2697 3286 ἤλαυνε.
2745 3216 2858 3270 Καὶ
2885 3215 3004 3286 μεθ’
3032 3215 3198 3288 ἕτερα
3217 3233 3230 3246 ·
3260 3215 3370 3268 Καὶ
3405 3215 3436 3268 ό
3465 3213 3662 3285 τρόπος
3701 3211 3763 3268 δὲ

2171 3308 2265 3361 τοῦ
2291 3308 2414 3362 κατ’
2441 3307 2621 3362 αὐτῶν
2651 3307 2812 3378 φόνου
2851 3307 3003 3374 ξένος
3051 3324 3134 3372 τις
3165 3302 3263 3379 ἦν,
3313 3307 3412 3362 καὶ
3445 3301 3559 3370 οἷος
3607 3305 3764 3360 οὐδε-

2173 3398 2394 3452 πώποτε
2424 3397 2695 3469 ἠκούσθη.
2720 3398 2833 3462 Τὰς
2868 3397 2999 3468 γοῦν
3038 3399 3182 3469 ἀμφὶ
3205 3399 3304 3471 τὴν
3343 3399 3640 3469 ’Δμάσειαν
3666 3400 3767 3453 καὶ

2175 3490 2277 3554 τὰς
2307 3489 2506 3554 λοιπὰς
2535 3489 2632 3543 τοῦ
2665 3491 2868 3544 Πόντου
2925 3490 3109 3552 πόλεις
3151 3491 3298 3554 ὅσοις
3335 3491 3530 3552 κακοῖς
3577 3489 3768 3554 πιέζε-

2179 3583 2304 3636 σθαι
2329 3581 2656 3654 προσέταξε,
2691 3584 2874 3638 πᾶσαν
2927 3583 3233 3654 ὑπερϐολὴν
3268 3583 3553 3653 ὠμότητος
3594 3583 3768 3655 ὑπερ-

2182 3673 2491 3743 ηκόντισεν.
2522 3672 2692 3726 Ἔνθα
2716 3672 2826 3726 τῶν
2855 3672 3163 3744 ἐκκλησιῶν
3193 3672 3290 3732 τοῦ
3317 3673 3454 3728 Θεοῦ
3476 3674 3535 3728 αἱ
3561 3674 3664 3744 μὲν
3703 3673 3766 3740 ἐξ

2177 3763 2347 3836 ὕψους
2379 3766 2458 3828 εἰς
2495 3764 2694 3832 ἔδαφος
2723 3759 2876 3826 αὖθις
2920 3763 3368 3836 κατερῤίπτογτο,
3394 3765 3495 3828 τὰς
3535 3763 3594 3820 δὲ
3629 3765 3770 3820 ἁπο-

2177 3855 2454 3908 κλείεσθαι
2478 3853 2802 3918 ἐκέλευσεν,
2839 3854 2916 3918 ὡς
2965 3854 3032 3910 ἂν
3067 3854 3141 3925 μὴ
3172 3854 3457 3924 συνάγοιτό
3518 3872 3609 3920 τις
3655 3856 3770 3910 τῶν

2176 3945 2468 4012 εἰωθότων,
2512 3945 2647 4016 μηδὲ
2692 3945 2769 4016 τῷ
2813 3945 2930 4016 Θεῷ
2955 3945 3054 4010 τὰς
3095 3946 3450 4016 ὀφειλομένας
3505 3946 3768 4018 λατρείας

2181 4039 2276 4094 καὶ
2302 4038 2468 4108 εὐχὰς
2499 4037 2818 4094 ἀποδίδωσι.
2855 4038 3235 4093 Συντελεῑσθαι
3279 4039 3391 4110 γὰρ
3427 4040 3526 4110 οὐχ
3578 4041 3770 4111 ἠγεῖτο

2187 4129 2328 4200 ὑπὲρ
2368 4128 2534 4182 αὐτοῦ
2577 4129 2785 4183 ταῦτα·
2829 4129 2947 4193 πῶς
2975 4129 3085 4201 γὰρ
3108 4123 3220 4183 οἷόν
3249 4147 3309 4183 τε
3346 4126 3416 4199 ἦν
3469 4131 3631 4185 τοῦτο
3671 4133 3764 4184 ἑν-

2179 4224 2319 4275 νοεῖν
2349 4221 2440 4274 τὸν
2469 4220 2758 4290 μισόθεον;
2803 4219 2994 4292 φαύλῳ
3033 4222 3296 4275 συνειδότι
3339 4221 3500 4277 τοῦτο
3545 4223 3765 4291 λογιζό-

2183 4329 2342 4381 μενος
2363 4351 2378 4378 ,
2409 4313 2548 4382 ὑπὲρ
2583 4311 2640 4364 δὲ
2685 4313 3100 4366 Κωνσταντίνου
3139 4313 3238 4367 τοῦ
3287 4313 3572 4384 θεοφιλοῦς
3603 4315 3764 4385 βασιο

503 4409 742 4474 cogitare
785 4407 960 4472 potttit
1010 4406 1101 4473 qui
1158 4404 1324 4458 Deutu
1356 4403 1492 4467 odit,
1541 4416 1705 4469 prava
1743 4403 2067 4456 conscientia

2185 4403 2322 4466 λέως
2360 4403 2624 4474 πράττειν
2662 4403 2830 4473 ἡμᾶς,
2881 4404 2976 4458 καὶ
3029 4404 3121 4458 τὸν
3149 4405 3282 4458 Θεδν
3321 4403 3595 4459 ίλεοῦσθαι
3629 4405 3766 4459 επέ-

506 4494 632 4548 illud
657 4511 839 4548 set-um
869 4496 985 4562 ipse
1019 4506 1271 4562 reputans
1291 4492 1360 4557 Ἰ),
1393 4493 1482 4544 st-d
1511 4507 1609 4545 nos
1632 4507 1729 4558 pto
1752 4491 2077 4560 imperatore

501 4585 596 4654 pio
653 4585 1007 4639 Constantino
1058 4586 1236 4638 omnia
1295 4597 1480 4649 agere,
1531 4591 1582 4634 et
1639 4579 1805 4635 Deum
1865 4585 2079 4652 placare

506 4689 826 4742 perSuaSum
875 4677 1128 4730 habebat.
1184 4673 1298 4726 liae
1336 4674 1522 4738 itaque
1559 4674 1813 4742 Opinione
1843 4679 2082 4729 rom-ita-

506 4777 614 4828 tus,
649 4783 861 4820 omnem
897 4767 1094 4818 luroris
1125 4767 1206 4818 sui
1240 4764 1499 4831 ituprtutu
1537 4765 1587 4818 itt
1621 4781 1718 4820 nos
1763 4767 2080 4837 intorquere.

505 4859 713 4912 statuit.
762 4855 826 4912 Et
877 4857 1036 4924 paulo
1096 4865 1216 4926 post
1267 4869 1282 4908 :
1342 4853 1492 4908 Multi
1527 4857 1904 4927 episcoporum
1962 4860 2081 4914 sine

503 4966 663 5004 Causa
697 4949 1103 5017 abripiebantur
1143 4947 1208 5002 ad
1238 4948 1580 5016 supplicium,
1610 4957 1664 5004 et
1708 4952 2075 5020 puniebantur

506 5051 762 5110 tanquam
791 5039 994 5104 sicarii,
1034 5041 1123 5110 qui
1159 5041 1289 5094 nihil
1323 5043 1445 5094 ntali
1495 5044 1922 5108 commiserant;
1983 5060 2080 5098 no-

509 5149 635 5185 vmn
677 5131 864 5182 tum-tis
895 5147 1064 5198 genus
1114 5133 1414 5188 subibant:
1468 5149 1696 5202 corpora
1736 5149 1922 5187 eorum
1967 5137 2078 5202 pri—

508 5239 651 5275 ltttttlt
712 5220 887 5288 gladio
941 5221 994 5274 in
1047 5225 1241 5277 multas
1300 5223 1590 5292 particulas
1643 5224 2078 5291 (lissecabantnr,

507 5309 702 5363 deinde
738 5318 857 5377 post
903 5311 1120 5366 crudele
1157 5311 1283 5366 illud
1332 5323 1385 5368 ct
1418 5313 1748 5367 horrendum
1793 5325 2081 5382 spectaeuo

505 5400 614 5454 lum
647 5401 698 5453 in
731 5401 869 5456 altus
916 5402 1082 5456 maris
1115 5405 1378 5473 gurgites.
1433 5419 1542 5473 quo
1572 5419 1600 5458 a
1641 5400 1882 5473 piscibus
1913 5405 2080 5461 devo-

507 5501 775 5557 rarentur,
831 5493 1241 5562 abjiciebautur.
1310 5495 1390 5548 Ad
1441 5497 1557 5550 lucc
1617 5511 1807 5551 rursus
1860 5499 2075 5567 piorum

505 5583 742 5637 omnium
782 5583 940 5656 fugae,
972 5585 1207 5641 virorum
1240 5587 1447 5656 pariter
1487 5595 1540 5640 et
1589 5587 1876 5641 mulierum
1915 5598 2078 5658 atque

506 5675 669 5729 ctiant
721 5677 1049 5733 infantium:
1106 5689 1158 5732 ct
1211 5693 1275 5734 ex
1314 5679 1402 5732 Dri
1440 5678 1610 5734 servis
1661 5679 1750 5733 alii
1806 5681 1856 5734 itt
1893 5695 2072 5750 agt-os,

2182 4511 2390 4548 πειστο.
2423 4493 2588 4547 Ὅθεν
2615 4495 2678 4546 ἐκ
2697 4495 2887 4547 τούτου
2912 4497 3314 4566 παρορμηθεὶς,
3330 4497 3422 4548 τὸν
3447 4495 3620 4566 θυμὸν
3642 4495 3764 4551 καθ’

2180 4588 2336 4657 ἡμῶν
2382 4585 2733 4656 ἐπισκήπτει.
2783 4589 2893 4640 Καὶ
2933 4587 3070 4657 μετὰ
3112 4589 3352 4660 βραχέα·
3399 4587 3506 4640 Καὶ
3545 4587 3610 4656 δὴ
3662 4587 3768 4640 ἀπ-

2180 4679 2375 4746 ήγοντο
2405 4676 2592 4730 πολλοϊ
2618 4679 2729 4734 τῶν
2763 4681 3099 4742 ἐπισκόπων.
3121 4683 3216 4736 καὶ
3244 4681 3564 4746 ἐκολάζοντο
3595 4682 3770 4752 ἀπρο-

2182 4768 2482 4837 φασίστως,
2507 4771 2709 4841 ὁμοίως
2739 4777 2853 4838 τοῖς
2888 4775 3200 4844 μιαιφόνοις
3221 4777 3270 4830 oi
3305 4775 3472 4846 μηδὲν
3504 4775 3770 4844 ἠδικηκό-

2179 4875 2290 4921 τες.
2347 4862 2675 4932 καινοτέραν
2725 4865 3093 4934 ὑπομένοντες
3145 4866 3437 4938 τελευτὴν,
3495 4865 3642 4934 ξίφει
3706 4865 3772 4919 τὸ

2183 4951 2346 5022 σῶμα
2373 4955 2451 5017 είς
2482 4955 2656 5008 πολλὰ
2694 4960 2960 5027 τμήματα
3004 4958 3634 5029 κατακρεουργούμενοι,
3675 4961 3772 5011 καὶ

2184 5045 2322 5114 μετὰ
2356 5047 2456 5115 τὴν
2490 5048 2672 5118 ἀπηνῆ
2705 5050 2910 5119 ταύτην
2949 5053 3038 5105 καὶ
3073 5051 3445 5121 φρικτοτάτην
3473 5050 3625 5108 θέαν.
3655 5053 3772 5113 τοῖς

2179 5131 2280 5201 τῆς
2308 5133 2584 5203 θαλάσσης
2611 5135 2814 5206 βυθοῖς,
2867 5141 2983 5204 τοῖς
3035 5140 3249 5208 ἰχθύσιν
3289 5142 3368 5201 εἰς
3409 5138 3576 5210 βορὰν
3614 5138 3770 5210 ἐρρι-

2180 5241 2398 5278 πτοντο.
2433 5227 2609 5296 Φυγαὶ
2663 5229 2721 5282 δὲ
2755 5230 2913 5294 αὖθις
2967 5231 3059 5284 ἐπὶ
3095 5229 3306 5294 τούτοις
3344 5231 3452 5284 τῶν
3496 5229 3770 5284 θεοσεϐᾧν

2181 5315 2436 5368 ἁπάντων
2469 5317 2635 5386 ὁμόσε
2701 5319 2910 5390 ἀνδρῶν
2965 5321 3060 5373 καὶ
3109 5319 3386 5388 γυναικῶν
3419 5322 3520 5374 σὺν
3567 5317 3769 5388 κομιδῇ

2180 5406 2394 5474 tinniat;
2424 5409 2698 5476 ἐγίνοντο·
2752 5412 2847 5464 καὶ
2897 5411 3059 5466 πάλιν
3105 5411 3287 5481 ἀγροὶ,
3320 5411 3414 5462 καὶ
3445 5408 3608 5460 πάλιν
3641 5410 3772 5476 ἐρη-

2185 5497 2325 5567 μίαις
2363 5499 2531 5554 νάπαι
2562 5516 2620 5554 τε
2648 5503 2742 5556 καὶ
2769 5503 2868 5572 ὅρη
2907 5504 3032 5565 τοὺς
3068 5501 3161 5555 τοῦ
3199 5497 3440 5572 Χριστοῦ
3493 5499 3770 5568 θεραπον-

2181 5603 2280 5650 τας
2332 5590 2677 5660 ὑπεδέχοντο,
2737 5594 2880 5648 κατὰ
2933 5593 3151 5648 πάντων
3205 5591 3636 5662 ἅνακινήσαντος
3669 5585 3769 5642 τοῦ

2181 5674 2472 5743 δισσεΰοῦς
2503 5682 2592 5735 τὸν
2625 5680 2878 5753 πόλεμον.
