  <div class='ocr_page' id='page_1' title='image "/cluster/home/n/w/nwhite01/storage/ocr_20150623/85/coo.31924054869866/616.png"; bbox 0 0 4070 6386; ppageno 0'>
   <div class='ocr_carea' id='block_1_1' title="bbox 322 352 459 428">
    <p class='ocr_par' dir='ltr' id='par_1_1' title="bbox 322 352 459 428">
     <span class='ocr_line' id='line_1_1' title="bbox 322 352 459 428; baseline -0.015 0"><span class='ocrx_word' id='word_1_1' title='bbox 322 352 459 428; x_wconf 73' lang='grc'><strong>1217</strong></span> 
     </span>
    </p>
   </div>
   <div class='ocr_carea' id='block_1_2' title="bbox 1200 354 3004 420">
    <p class='ocr_par' dir='ltr' id='par_1_2' title="bbox 1200 354 3004 420">
     <span class='ocr_line' id='line_1_2' title="bbox 1200 354 3004 420; baseline -0.002 -3"><span class='ocrx_word' id='word_1_2' title='bbox 1200 358 1567 417; x_wconf 65' lang='lat' dir='ltr'><strong>HISTORIA</strong></span> <span class='ocrx_word' id='word_1_3' title='bbox 1606 354 1943 418; x_wconf 72' lang='lat' dir='ltr'><strong>CONCILII</strong></span> <span class='ocrx_word' id='word_1_4' title='bbox 1977 358 2285 420; x_wconf 71' lang='grc' dir='ltr'><strong>ΝΙΟᾹΞΝΙ.</strong></span> <span class='ocrx_word' id='word_1_5' title='bbox 2328 384 2395 395; x_wconf 69' lang='grc' dir='ltr'>σ-</span> <span class='ocrx_word' id='word_1_6' title='bbox 2431 361 2578 420; x_wconf 82' lang='lat' dir='ltr'><strong>LIB.</strong></span> <span class='ocrx_word' id='word_1_7' title='bbox 2620 360 2671 417; x_wconf 94' lang='grc' dir='ltr'><strong>Ι.</strong></span> <span class='ocrx_word' id='word_1_8' title='bbox 2979 392 3004 413; x_wconf 80' lang='lat'><strong>.</strong></span> 
     </span>
    </p>
   </div>
   <div class='ocr_carea' id='block_1_3' title="bbox 3442 353 3577 417">
    <p class='ocr_par' dir='ltr' id='par_1_3' title="bbox 3442 353 3577 417">
     <span class='ocr_line' id='line_1_3' title="bbox 3442 353 3577 417; baseline 0 0"><span class='ocrx_word' id='word_1_9' title='bbox 3442 353 3577 417; x_wconf 72' lang='lat'><strong>1218</strong></span> 
     </span>
    </p>
   </div>
   <div class='ocr_carea' id='block_1_4' title="bbox 322 462 3578 534">
    <p class='ocr_par' dir='ltr' id='par_1_4' title="bbox 322 462 3578 534">
     <span class='ocr_line' id='line_1_4' title="bbox 322 462 3578 534; baseline -0.002 -10"><span class='ocrx_word' id='word_1_10' title='bbox 322 469 561 524; x_wconf 74' lang='lat' dir='ltr'><strong>nmmulli</strong></span> <span class='ocrx_word' id='word_1_11' title='bbox 605 468 656 521; x_wconf 91' lang='lat' dir='ltr'><strong>iu</strong></span> <span class='ocrx_word' id='word_1_12' title='bbox 694 464 1032 530; x_wconf 79' lang='lat' dir='ltr'><strong>solitudines,</strong></span> <span class='ocrx_word' id='word_1_13' title='bbox 1099 466 1316 533; x_wconf 81' lang='lat' dir='ltr'><strong>quidam</strong></span> <span class='ocrx_word' id='word_1_14' title='bbox 1360 464 1414 517; x_wconf 89' lang='lat' dir='ltr'><strong>in</strong></span> <span class='ocrx_word' id='word_1_15' title='bbox 1459 466 1627 518; x_wconf 81' lang='lat' dir='ltr'><strong>silvas</strong></span> <span class='ocrx_word' id='word_1_16' title='bbox 1675 478 1794 518; x_wconf 80' lang='lat' dir='ltr'><strong>sese</strong></span> <span class='ocrx_word' id='word_1_17' title='bbox 1868 464 2217 530; x_wconf 68' lang='lat' dir='ltr'><strong>abdidi-runt,</strong></span> <span class='ocrx_word' id='word_1_18' title='bbox 2284 482 2408 520; x_wconf 89' lang='lat' dir='ltr'><strong>cum</strong></span> <span class='ocrx_word' id='word_1_19' title='bbox 2464 482 2619 534; x_wconf 74' lang='lat' dir='ltr'><strong>a-qne</strong></span> <span class='ocrx_word' id='word_1_20' title='bbox 2664 465 2915 519; x_wconf 82' lang='lat' dir='ltr'><strong>omnibus</strong></span> <span class='ocrx_word' id='word_1_21' title='bbox 2967 463 3203 520; x_wconf 74' lang='lat' dir='ltr'><strong>nefarius</strong></span> <span class='ocrx_word' id='word_1_22' title='bbox 3258 462 3345 519; x_wconf 89' lang='lat' dir='ltr'><strong>ille</strong></span> <span class='ocrx_word' id='word_1_23' title='bbox 3382 464 3578 517; x_wconf 78' lang='lat' dir='ltr'><strong>bellum</strong></span> 
     </span>
    </p>
   </div>
   <div class='ocr_carea' id='block_1_5' title="bbox 322 562 626 616">
    <p class='ocr_par' dir='ltr' id='par_1_5' title="bbox 322 562 626 616">
     <span class='ocr_line' id='line_1_5' title="bbox 322 562 626 616; baseline -0.013 0"><span class='ocrx_word' id='word_1_24' title='bbox 322 562 626 616; x_wconf 82' lang='lat' dir='ltr'><strong>indixisset.</strong></span> 
     </span>
    </p>
   </div>
   <div class='ocr_carea' id='block_1_6' title="bbox 387 640 1919 725">
    <p class='ocr_par' dir='ltr' id='par_1_6' title="bbox 387 645 1903 725">
     <span class='ocr_line' id='line_1_6' title="bbox 387 645 1903 725; baseline -0.008 -16"><span class='ocrx_word' id='word_1_25' title='bbox 387 657 499 709; x_wconf 78' lang='grc' dir='ltr'><strong>Καὶ</strong></span> <span class='ocrx_word' id='word_1_26' title='bbox 532 653 671 725; x_wconf 81' lang='grc' dir='ltr'><strong>μετά</strong></span> <span class='ocrx_word' id='word_1_27' title='bbox 705 651 911 722; x_wconf 75' lang='grc' dir='ltr'>βραχέα</span> <span class='ocrx_word' id='word_1_28' title='bbox 934 670 946 686; x_wconf 87' lang='grc'><strong>·</strong></span> <span class='ocrx_word' id='word_1_29' title='bbox 976 651 1039 703; x_wconf 73' lang='lat' dir='ltr'><strong>Et</strong></span> <span class='ocrx_word' id='word_1_30' title='bbox 1090 649 1163 720; x_wconf 79' lang='grc' dir='ltr'>μὴ</span> <span class='ocrx_word' id='word_1_31' title='bbox 1189 650 1418 718; x_wconf 81' lang='grc' dir='ltr'>τάχιστα</span> <span class='ocrx_word' id='word_1_32' title='bbox 1458 647 1521 700; x_wconf 82' lang='grc' dir='ltr'>τὺ</span> <span class='ocrx_word' id='word_1_33' title='bbox 1556 646 1750 717; x_wconf 85' lang='grc' dir='ltr'>μέλλον</span> <span class='ocrx_word' id='word_1_34' title='bbox 1783 645 1903 698; x_wconf 78' lang='grc' dir='ltr'>ἔσε-</span> 
     </span>
    </p>
   </div>
   <div class='ocr_carea' id='block_1_7' title="bbox 2020 640 2773 725">
    <p class='ocr_par' dir='ltr' id='par_1_7' title="bbox 2087 640 2773 711">
     <span class='ocr_line' id='line_1_7' title="bbox 2087 640 2773 711; baseline 0.001 -16"><span class='ocrx_word' id='word_1_35' title='bbox 2087 642 2148 695; x_wconf 81' lang='lat' dir='ltr'><strong>Et</strong></span> <span class='ocrx_word' id='word_1_36' title='bbox 2180 642 2363 711; x_wconf 79' lang='lat' dir='ltr'><strong>paucis</strong></span> <span class='ocrx_word' id='word_1_37' title='bbox 2410 640 2712 710; x_wconf 73' lang='lat' dir='ltr'><strong>interiectis</strong></span> <span class='ocrx_word' id='word_1_38' title='bbox 2758 659 2773 696; x_wconf 89' lang='lat'><strong>:</strong></span> 
     </span>
    </p>
   </div>
   <div class='ocr_carea' id='block_1_8' title="bbox 322 737 1898 817">
    <p class='ocr_par' dir='ltr' id='par_1_8' title="bbox 322 737 1898 817">
     <span class='ocr_line' id='line_1_8' title="bbox 322 737 1898 817; baseline -0.008 -16"><span class='ocrx_word' id='word_1_39' title='bbox 322 750 445 801; x_wconf 78' lang='grc' dir='ltr'>σθαι</span> <span class='ocrx_word' id='word_1_40' title='bbox 485 743 776 817; x_wconf 76' lang='grc' dir='ltr'>προλαϐὼν</span> <span class='ocrx_word' id='word_1_41' title='bbox 820 745 848 795; x_wconf 99' lang='lat'><strong>6</strong></span> <span class='ocrx_word' id='word_1_42' title='bbox 900 743 1009 795; x_wconf 80' lang='grc' dir='ltr'><strong>τῶν</strong></span> <span class='ocrx_word' id='word_1_43' title='bbox 1062 741 1279 794; x_wconf 79' lang='grc' dir='ltr'><strong>οἰκείων</strong></span> <span class='ocrx_word' id='word_1_44' title='bbox 1331 737 1519 808; x_wconf 72' lang='grc' dir='ltr'>ψυχῶν</span> <span class='ocrx_word' id='word_1_45' title='bbox 1578 737 1898 808; x_wconf 79' lang='grc' dir='ltr'>ὐπέρμαχος</span> 
     </span>
    </p>
   </div>
   <div class='ocr_carea' id='block_1_9' title="bbox 316 827 1899 905">
    <p class='ocr_par' dir='ltr' id='par_1_9' title="bbox 316 827 1899 905">
     <span class='ocr_line' id='line_1_9' title="bbox 316 827 1899 905; baseline -0.009 -14"><span class='ocrx_word' id='word_1_46' title='bbox 316 840 470 901; x_wconf 46' lang='grc' dir='ltr'>Θυὸς,</span> <span class='ocrx_word' id='word_1_47' title='bbox 519 838 592 900; x_wconf 81' lang='grc' dir='ltr'><strong>ὡς</strong></span> <span class='ocrx_word' id='word_1_48' title='bbox 632 838 690 888; x_wconf 85' lang='grc' dir='ltr'><strong>ὲν</strong></span> <span class='ocrx_word' id='word_1_49' title='bbox 744 834 897 905; x_wconf 79' lang='grc' dir='ltr'>βαθεῖ</span> <span class='ocrx_word' id='word_1_50' title='bbox 952 832 1128 901; x_wconf 80' lang='grc' dir='ltr'><strong>σκότῳ</strong></span> <span class='ocrx_word' id='word_1_51' title='bbox 1175 831 1269 885; x_wconf 78' lang='grc' dir='ltr'>καὶ</span> <span class='ocrx_word' id='word_1_52' title='bbox 1311 830 1467 883; x_wconf 74' lang='grc' dir='ltr'>νυκτὶ</span> <span class='ocrx_word' id='word_1_53' title='bbox 1517 827 1899 899; x_wconf 79' lang='grc' dir='ltr'>ζοφωδεστάτῃ</span> 
     </span>
    </p>
   </div>
   <div class='ocr_carea' id='block_1_10' title="bbox 319 915 1901 995">
    <p class='ocr_par' dir='ltr' id='par_1_10' title="bbox 319 915 1901 995">
     <span class='ocr_line' id='line_1_10' title="bbox 319 915 1901 995; baseline -0.008 -16"><span class='ocrx_word' id='word_1_54' title='bbox 319 926 588 995; x_wconf 74' lang='grc' dir='ltr'>ςωστῆρα</span> <span class='ocrx_word' id='word_1_55' title='bbox 632 924 806 993; x_wconf 85' lang='grc' dir='ltr'>μέγαν</span> <span class='ocrx_word' id='word_1_56' title='bbox 835 922 1045 991; x_wconf 71' lang='grc' dir='ltr'>ἀθρόως</span> <span class='ocrx_word' id='word_1_57' title='bbox 1074 921 1171 973; x_wconf 77' lang='grc' dir='ltr'>καὶ</span> <span class='ocrx_word' id='word_1_58' title='bbox 1213 919 1433 988; x_wconf 70' lang='grc' dir='ltr'>σωτῆρα</span> <span class='ocrx_word' id='word_1_59' title='bbox 1463 920 1576 979; x_wconf 84' lang='grc' dir='ltr'>τοῖς</span> <span class='ocrx_word' id='word_1_60' title='bbox 1615 917 1782 969; x_wconf 80' lang='grc' dir='ltr'>πᾶσιν</span> <span class='ocrx_word' id='word_1_61' title='bbox 1810 915 1901 978; x_wconf 76' lang='grc' dir='ltr'>ἐξ·</span> 
     </span>
    </p>
   </div>
   <div class='ocr_carea' id='block_1_11' title="bbox 318 1004 1900 1089">
    <p class='ocr_par' dir='ltr' id='par_1_11' title="bbox 318 1004 1900 1089">
     <span class='ocr_line' id='line_1_11' title="bbox 318 1004 1900 1089; baseline -0.01 -17"><span class='ocrx_word' id='word_1_62' title='bbox 318 1018 529 1089; x_wconf 70' lang='grc' dir='ltr'>ἔλαμψε</span> <span class='ocrx_word' id='word_1_63' title='bbox 584 1017 676 1069; x_wconf 82' lang='grc' dir='ltr'><strong>τὸν</strong></span> <span class='ocrx_word' id='word_1_64' title='bbox 713 1004 878 1067; x_wconf 73' lang='grc' dir='ltr'>αὐτοῦ</span> <span class='ocrx_word' id='word_1_65' title='bbox 915 1013 1222 1082; x_wconf 76' lang='grc' dir='ltr'>θεράποντα</span> <span class='ocrx_word' id='word_1_66' title='bbox 1253 1010 1680 1072; x_wconf 80' lang='grc' dir='ltr'>Κωνσταντῖνον,</span> <span class='ocrx_word' id='word_1_67' title='bbox 1713 1005 1900 1075; x_wconf 71' lang='grc' dir='ltr'>ὑψηλῷ</span> 
     </span>
    </p>
   </div>
   <div class='ocr_carea' id='block_1_12' title="bbox 320 1098 1901 1182">
    <p class='ocr_par' dir='ltr' id='par_1_12' title="bbox 320 1098 1901 1182">
     <span class='ocr_line' id='line_1_12' title="bbox 320 1098 1901 1182; baseline -0.008 -20"><span class='ocrx_word' id='word_1_68' title='bbox 320 1109 587 1182; x_wconf 74' lang='grc' dir='ltr'><strong>βραχίονι,</strong></span> <span class='ocrx_word' id='word_1_69' title='bbox 618 1106 979 1176; x_wconf 76' lang='grc' dir='ltr'>γενναιοτάτη</span> <span class='ocrx_word' id='word_1_70' title='bbox 999 1104 1056 1156; x_wconf 80' lang='grc' dir='ltr'><strong>δὲ</strong></span> <span class='ocrx_word' id='word_1_71' title='bbox 1078 1104 1223 1174; x_wconf 73' lang='grc' dir='ltr'>χειρὶ</span> <span class='ocrx_word' id='word_1_72' title='bbox 1248 1102 1688 1173; x_wconf 77' lang='grc' dir='ltr'>χειραγωγήσας.</span> <span class='ocrx_word' id='word_1_73' title='bbox 1713 1098 1901 1168; x_wconf 83' lang='grc' dir='ltr'>Τούτῳ</span> 
     </span>
    </p>
   </div>
   <div class='ocr_carea' id='block_1_13' title="bbox 322 1190 1903 1273">
    <p class='ocr_par' dir='ltr' id='par_1_13' title="bbox 322 1190 1903 1273">
     <span class='ocr_line' id='line_1_13' title="bbox 322 1190 1903 1273; baseline -0.01 -18"><span class='ocrx_word' id='word_1_74' title='bbox 322 1203 420 1273; x_wconf 80' lang='grc' dir='ltr'><strong>μὲν</strong></span> <span class='ocrx_word' id='word_1_75' title='bbox 461 1197 554 1254; x_wconf 77' lang='grc' dir='ltr'><strong>οὖν</strong></span> <span class='ocrx_word' id='word_1_76' title='bbox 588 1199 796 1253; x_wconf 83' lang='grc' dir='ltr'>ἄνωθεν</span> <span class='ocrx_word' id='word_1_77' title='bbox 826 1198 887 1262; x_wconf 82' lang='grc' dir='ltr'>ἐξ</span> <span class='ocrx_word' id='word_1_78' title='bbox 927 1196 1172 1267; x_wconf 73' lang='grc' dir='ltr'>οὐρανῶν</span> <span class='ocrx_word' id='word_1_79' title='bbox 1215 1193 1429 1263; x_wconf 82' lang='grc' dir='ltr'>καρπὸν</span> <span class='ocrx_word' id='word_1_80' title='bbox 1487 1190 1767 1251; x_wconf 85' lang='grc' dir='ltr'>εὐσεϐείας</span> <span class='ocrx_word' id='word_1_81' title='bbox 1806 1190 1903 1240; x_wconf 82' lang='grc' dir='ltr'>ἐπ-</span> 
     </span>
    </p>
   </div>
   <div class='ocr_carea' id='block_1_14' title="bbox 316 1280 1902 1363">
    <p class='ocr_par' dir='ltr' id='par_1_14' title="bbox 316 1280 1902 1363">
     <span class='ocr_line' id='line_1_14' title="bbox 316 1280 1902 1363; baseline -0.011 -15"><span class='ocrx_word' id='word_1_82' title='bbox 316 1296 488 1359; x_wconf 82' lang='grc' dir='ltr'>άξιον,</span> <span class='ocrx_word' id='word_1_83' title='bbox 522 1293 761 1363; x_wconf 79' lang='grc' dir='ltr'>τρόπαια</span> <span class='ocrx_word' id='word_1_84' title='bbox 795 1290 937 1343; x_wconf 87' lang='grc' dir='ltr'><strong>κατά</strong></span> <span class='ocrx_word' id='word_1_85' title='bbox 965 1289 1074 1339; x_wconf 84' lang='grc' dir='ltr'>τῶν</span> <span class='ocrx_word' id='word_1_86' title='bbox 1106 1285 1318 1339; x_wconf 70' lang='grc' dir='ltr'>ἀσεϐᾆν</span> <span class='ocrx_word' id='word_1_87' title='bbox 1346 1282 1779 1354; x_wconf 77' lang='grc' dir='ltr'>παρεῖχε-νίκης,</span> <span class='ocrx_word' id='word_1_88' title='bbox 1810 1280 1902 1331; x_wconf 75' lang='grc' dir='ltr'><strong>τὸν</strong></span> 
     </span>
    </p>
   </div>
   <div class='ocr_carea' id='block_1_15' title="bbox 314 1371 1905 1452">
    <p class='ocr_par' dir='ltr' id='par_1_15' title="bbox 314 1371 1905 1452">
     <span class='ocr_line' id='line_1_15' title="bbox 314 1371 1905 1452; baseline -0.009 -15"><span class='ocrx_word' id='word_1_89' title='bbox 314 1385 371 1437; x_wconf 87' lang='grc' dir='ltr'>δὲ</span> <span class='ocrx_word' id='word_1_90' title='bbox 413 1383 694 1452; x_wconf 76' lang='grc' dir='ltr'>ἀλιτήριον</span> <span class='ocrx_word' id='word_1_91' title='bbox 742 1381 923 1442; x_wconf 84' lang='grc' dir='ltr'>αὐτοῖς</span> <span class='ocrx_word' id='word_1_92' title='bbox 977 1376 1302 1447; x_wconf 78' lang='grc' dir='ltr'>συμϐούλοις</span> <span class='ocrx_word' id='word_1_93' title='bbox 1362 1374 1534 1427; x_wconf 78' lang='grc' dir='ltr'>ἅπασι</span> <span class='ocrx_word' id='word_1_94' title='bbox 1582 1373 1677 1426; x_wconf 73' lang='grc' dir='ltr'><strong>καὶ</strong></span> <span class='ocrx_word' id='word_1_95' title='bbox 1732 1371 1905 1440; x_wconf 77' lang='grc' dir='ltr'>φίλοις</span> 
     </span>
    </p>
   </div>
   <div class='ocr_carea' id='block_1_16' title="bbox 316 1461 1905 1535">
    <p class='ocr_par' dir='ltr' id='par_1_16' title="bbox 316 1461 1905 1535">
     <span class='ocr_line' id='line_1_16' title="bbox 316 1461 1905 1535; baseline -0.008 -10"><span class='ocrx_word' id='word_1_96' title='bbox 316 1472 423 1525; x_wconf 77' lang='grc' dir='ltr'>ὑπὸ</span> <span class='ocrx_word' id='word_1_97' title='bbox 480 1476 595 1535; x_wconf 83' lang='grc' dir='ltr'>τοῖς</span> <span class='ocrx_word' id='word_1_98' title='bbox 646 1468 1058 1525; x_wconf 78' lang='grc' dir='ltr'>Κωνσταντίνου</span> <span class='ocrx_word' id='word_1_99' title='bbox 1117 1467 1244 1518; x_wconf 74' lang='grc' dir='ltr'>ποσὶ</span> <span class='ocrx_word' id='word_1_100' title='bbox 1282 1465 1464 1535; x_wconf 82' lang='grc' dir='ltr'>πρηνῆ</span> <span class='ocrx_word' id='word_1_101' title='bbox 1516 1461 1816 1516; x_wconf 84' lang='grc' dir='ltr'>κατέϐαλεν</span> <span class='ocrx_word' id='word_1_102' title='bbox 1876 1461 1905 1512; x_wconf 94' lang='lat'><strong>6</strong></span> 
     </span>
    </p>
   </div>
   <div class='ocr_carea' id='block_1_17' title="bbox 318 1553 1904 1626">
    <p class='ocr_par' dir='ltr' id='par_1_17' title="bbox 318 1553 1904 1626">
     <span class='ocr_line' id='line_1_17' title="bbox 318 1553 1904 1626; baseline -0.01 -9"><span class='ocrx_word' id='word_1_103' title='bbox 318 1563 730 1617; x_wconf 79' lang='grc' dir='ltr'>Κωνσταντίνου</span> <span class='ocrx_word' id='word_1_104' title='bbox 760 1561 856 1614; x_wconf 72' lang='grc' dir='ltr'><strong>καὶ</strong></span> <span class='ocrx_word' id='word_1_105' title='bbox 894 1560 1113 1612; x_wconf 76' lang='grc' dir='ltr'>πάντων</span> <span class='ocrx_word' id='word_1_106' title='bbox 1146 1557 1304 1626; x_wconf 79' lang='grc' dir='ltr'>ἡμῶν</span> <span class='ocrx_word' id='word_1_107' title='bbox 1352 1555 1505 1617; x_wconf 83' lang='grc' dir='ltr'>Θεός.</span> <span class='ocrx_word' id='word_1_108' title='bbox 1546 1554 1634 1615; x_wconf 79' lang='grc' dir='ltr'>Ὠς</span> <span class='ocrx_word' id='word_1_109' title='bbox 1671 1553 1779 1622; x_wconf 81' lang='grc' dir='ltr'><strong>γὰρ</strong></span> <span class='ocrx_word' id='word_1_110' title='bbox 1824 1553 1904 1612; x_wconf 81' lang='grc' dir='ltr'>εἰς</span> 
     </span>
    </p>
   </div>
   <div class='ocr_carea' id='block_1_18' title="bbox 316 1645 1899 1727">
    <p class='ocr_par' dir='ltr' id='par_1_18' title="bbox 316 1645 1899 1727">
     <span class='ocr_line' id='line_1_18' title="bbox 316 1645 1899 1727; baseline -0.008 -18"><span class='ocrx_word' id='word_1_111' title='bbox 316 1655 523 1727; x_wconf 73' lang='grc' dir='ltr'>ἔσχατα</span> <span class='ocrx_word' id='word_1_112' title='bbox 549 1654 744 1725; x_wconf 86' lang='grc' dir='ltr'>μανίας</span> <span class='ocrx_word' id='word_1_113' title='bbox 765 1654 834 1706; x_wconf 81' lang='grc' dir='ltr'><strong>τά</strong></span> <span class='ocrx_word' id='word_1_114' title='bbox 867 1653 991 1705; x_wconf 80' lang='grc' dir='ltr'>κατ’</span> <span class='ocrx_word' id='word_1_115' title='bbox 1039 1649 1202 1704; x_wconf 82' lang='grc' dir='ltr'>αὐτὸν</span> <span class='ocrx_word' id='word_1_116' title='bbox 1257 1648 1519 1718; x_wconf 80' lang='grc' dir='ltr'>ἧλαυνεν,</span> <span class='ocrx_word' id='word_1_117' title='bbox 1572 1645 1672 1699; x_wconf 86' lang='grc' dir='ltr'><strong>οὐκ</strong></span> <span class='ocrx_word' id='word_1_118' title='bbox 1705 1645 1778 1698; x_wconf 79' lang='grc' dir='ltr'><strong>ἔτ’</strong></span> <span class='ocrx_word' id='word_1_119' title='bbox 1810 1646 1899 1697; x_wconf 85' lang='grc' dir='ltr'>ἀν-</span> 
     </span>
    </p>
   </div>
   <div class='ocr_carea' id='block_1_19' title="bbox 315 1734 1907 1814">
    <p class='ocr_par' dir='ltr' id='par_1_19' title="bbox 315 1734 1907 1814">
     <span class='ocr_line' id='line_1_19' title="bbox 315 1734 1907 1814; baseline -0.009 -12"><span class='ocrx_word' id='word_1_120' title='bbox 315 1749 477 1802; x_wconf 71' lang='grc' dir='ltr'>εκτὸν</span> <span class='ocrx_word' id='word_1_121' title='bbox 493 1743 632 1801; x_wconf 74' lang='grc' dir='ltr'>εἶναι</span> <span class='ocrx_word' id='word_1_122' title='bbox 666 1744 1028 1814; x_wconf 77' lang='grc' dir='ltr'><strong>λογισάμενος</strong></span> <span class='ocrx_word' id='word_1_123' title='bbox 1055 1740 1308 1812; x_wconf 79' lang='grc' dir='ltr'>βασιλεὺς</span> <span class='ocrx_word' id='word_1_124' title='bbox 1339 1740 1746 1801; x_wconf 83' lang='grc' dir='ltr'>Κωνσταντῖνος</span> <span class='ocrx_word' id='word_1_125' title='bbox 1775 1738 1803 1788; x_wconf 90' lang='lat'><strong>6</strong></span> <span class='ocrx_word' id='word_1_126' title='bbox 1829 1734 1907 1806; x_wconf 81' lang='grc' dir='ltr'>τῷ</span> 
     </span>
    </p>
   </div>
   <div class='ocr_carea' id='block_1_20' title="bbox 316 1826 1906 1909">
    <p class='ocr_par' dir='ltr' id='par_1_20' title="bbox 316 1826 1906 1909">
     <span class='ocr_line' id='line_1_20' title="bbox 316 1826 1906 1909; baseline -0.01 -17"><span class='ocrx_word' id='word_1_127' title='bbox 316 1839 437 1909; x_wconf 82' lang='grc' dir='ltr'><strong>Θεῷ</strong></span> <span class='ocrx_word' id='word_1_128' title='bbox 463 1839 636 1908; x_wconf 84' lang='grc' dir='ltr'>φίλος,</span> <span class='ocrx_word' id='word_1_129' title='bbox 678 1837 770 1890; x_wconf 80' lang='grc' dir='ltr'><strong>τὸν</strong></span> <span class='ocrx_word' id='word_1_130' title='bbox 805 1836 1048 1906; x_wconf 75' lang='grc' dir='ltr'>ἔμφυτον</span> <span class='ocrx_word' id='word_1_131' title='bbox 1099 1834 1355 1902; x_wconf 84' lang='grc' dir='ltr'>σώφρονα</span> <span class='ocrx_word' id='word_1_132' title='bbox 1404 1830 1498 1883; x_wconf 73' lang='grc' dir='ltr'><strong>καὶ</strong></span> <span class='ocrx_word' id='word_1_133' title='bbox 1542 1826 1743 1896; x_wconf 82' lang='grc' dir='ltr'>εὐσεϐῆ</span> <span class='ocrx_word' id='word_1_134' title='bbox 1779 1843 1906 1880; x_wconf 69' lang='grc' dir='ltr'>συν-</span> 
     </span>
    </p>
   </div>
   <div class='ocr_carea' id='block_1_21' title="bbox 318 1915 1909 1997">
    <p class='ocr_par' dir='ltr' id='par_1_21' title="bbox 318 1915 1909 1997">
     <span class='ocr_line' id='line_1_21' title="bbox 318 1915 1909 1997; baseline -0.009 -16"><span class='ocrx_word' id='word_1_135' title='bbox 318 1925 546 1997; x_wconf 87' lang='grc' dir='ltr'>αγαγὼν</span> <span class='ocrx_word' id='word_1_136' title='bbox 573 1925 855 1995; x_wconf 87' lang='grc' dir='ltr'>λογισμὸν,</span> <span class='ocrx_word' id='word_1_137' title='bbox 885 1921 1093 1977; x_wconf 76' lang='grc' dir='ltr'>καὶτὸν</span> <span class='ocrx_word' id='word_1_138' title='bbox 1112 1919 1337 1992; x_wconf 72' lang='grc' dir='ltr'>στερρὸν</span> <span class='ocrx_word' id='word_1_139' title='bbox 1351 1918 1444 1971; x_wconf 74' lang='grc' dir='ltr'><strong>τοῦ</strong></span> <span class='ocrx_word' id='word_1_140' title='bbox 1474 1916 1683 1970; x_wconf 76' lang='grc' dir='ltr'>δικαίου</span> <span class='ocrx_word' id='word_1_141' title='bbox 1705 1915 1909 1987; x_wconf 84' lang='grc' dir='ltr'>τρόπον</span> 
     </span>
    </p>
   </div>
   <div class='ocr_carea' id='block_1_22' title="bbox 2827 641 3581 699">
    <p class='ocr_par' dir='ltr' id='par_1_22' title="bbox 2827 641 3581 699">
     <span class='ocr_line' id='line_1_22' title="bbox 2827 641 3581 699; baseline 0.007 -5"><span class='ocrx_word' id='word_1_142' title='bbox 2827 641 2938 696; x_wconf 64' lang='lat' dir='ltr'><strong>Nisi</strong></span> <span class='ocrx_word' id='word_1_143' title='bbox 2977 642 3116 697; x_wconf 87' lang='lat' dir='ltr'><strong>Deus</strong></span> <span class='ocrx_word' id='word_1_144' title='bbox 3142 657 3420 698; x_wconf 82' lang='lat' dir='ltr'><strong>servorum</strong></span> <span class='ocrx_word' id='word_1_145' title='bbox 3451 660 3581 699; x_wconf 81' lang='lat' dir='ltr'><strong>suo-</strong></span> 
     </span>
    </p>
   </div>
   <div class='ocr_carea' id='block_1_23' title="bbox 2008 732 3585 801">
    <p class='ocr_par' dir='ltr' id='par_1_23' title="bbox 2008 732 3585 801">
     <span class='ocr_line' id='line_1_23' title="bbox 2008 732 3585 801; baseline 0.003 -16"><span class='ocrx_word' id='word_1_146' title='bbox 2008 749 2124 786; x_wconf 82' lang='lat' dir='ltr'><strong>:um</strong></span> <span class='ocrx_word' id='word_1_147' title='bbox 2184 746 2553 801; x_wconf 83' lang='lat' dir='ltr'><strong>propugnator</strong></span> <span class='ocrx_word' id='word_1_148' title='bbox 2612 732 2898 787; x_wconf 83' lang='lat' dir='ltr'><strong>celerrime</strong></span> <span class='ocrx_word' id='word_1_149' title='bbox 2957 735 3101 801; x_wconf 84' lang='lat' dir='ltr'><strong>quod</strong></span> <span class='ocrx_word' id='word_1_150' title='bbox 3159 735 3395 788; x_wconf 85' lang='lat' dir='ltr'><strong>futurum</strong></span> <span class='ocrx_word' id='word_1_151' title='bbox 3464 746 3585 791; x_wconf 86' lang='lat' dir='ltr'><strong>erat</strong></span> 
     </span>
    </p>
   </div>
   <div class='ocr_carea' id='block_1_24' title="bbox 2003 824 3586 894">
    <p class='ocr_par' dir='ltr' id='par_1_24' title="bbox 2003 824 3586 894">
     <span class='ocr_line' id='line_1_24' title="bbox 2003 824 3586 894; baseline 0.001 -16"><span class='ocrx_word' id='word_1_152' title='bbox 2003 826 2390 894; x_wconf 64' lang='lat' dir='ltr'><strong>praevertisset,</strong></span> <span class='ocrx_word' id='word_1_153' title='bbox 2425 837 2479 880; x_wconf 89' lang='lat' dir='ltr'><strong>et</strong></span> <span class='ocrx_word' id='word_1_154' title='bbox 2519 825 2940 879; x_wconf 83' lang='lat' dir='ltr'><strong>Constantinum</strong></span> <span class='ocrx_word' id='word_1_155' title='bbox 2979 824 3240 878; x_wconf 89' lang='lat' dir='ltr'><strong>famulum</strong></span> <span class='ocrx_word' id='word_1_156' title='bbox 3273 842 3426 879; x_wconf 88' lang='lat' dir='ltr'><strong>suum</strong></span> <span class='ocrx_word' id='word_1_157' title='bbox 3464 838 3586 881; x_wconf 75' lang='lat' dir='ltr'><strong>tan-</strong></span> 
     </span>
    </p>
   </div>
   <div class='ocr_carea' id='block_1_25' title="bbox 2001 915 3585 984">
    <p class='ocr_par' dir='ltr' id='par_1_25' title="bbox 2001 915 3585 984">
     <span class='ocr_line' id='line_1_25' title="bbox 2001 915 3585 984; baseline 0.003 -16"><span class='ocrx_word' id='word_1_158' title='bbox 2001 931 2162 984; x_wconf 90' lang='lat' dir='ltr'><strong>quam</strong></span> <span class='ocrx_word' id='word_1_159' title='bbox 2193 916 2326 970; x_wconf 88' lang='lat' dir='ltr'><strong>lucis</strong></span> <span class='ocrx_word' id='word_1_160' title='bbox 2353 916 2622 984; x_wconf 76' lang='lat' dir='ltr'><strong>quoddam</strong></span> <span class='ocrx_word' id='word_1_161' title='bbox 2671 916 3008 984; x_wconf 88' lang='lat' dir='ltr'><strong>splendidum</strong></span> <span class='ocrx_word' id='word_1_162' title='bbox 3053 915 3213 984; x_wconf 80' lang='lat' dir='ltr'><strong>jubar</strong></span> <span class='ocrx_word' id='word_1_163' title='bbox 3254 917 3305 969; x_wconf 90' lang='lat' dir='ltr'><strong>in</strong></span> <span class='ocrx_word' id='word_1_164' title='bbox 3338 919 3585 972; x_wconf 84' lang='lat' dir='ltr'><strong>obscnris</strong></span> 
     </span>
    </p>
   </div>
   <div class='ocr_carea' id='block_1_26' title="bbox 2002 1007 3587 1076">
    <p class='ocr_par' dir='ltr' id='par_1_26' title="bbox 2002 1007 3587 1076">
     <span class='ocr_line' id='line_1_26' title="bbox 2002 1007 3587 1076; baseline 0.001 -15"><span class='ocrx_word' id='word_1_165' title='bbox 2002 1007 2243 1061; x_wconf 80' lang='lat' dir='ltr'><strong>tenebris</strong></span> <span class='ocrx_word' id='word_1_166' title='bbox 2294 1016 2347 1060; x_wconf 91' lang='lat' dir='ltr'><strong>ct</strong></span> <span class='ocrx_word' id='word_1_167' title='bbox 2380 1008 2676 1076; x_wconf 81' lang='lat' dir='ltr'><strong>caliginosa</strong></span> <span class='ocrx_word' id='word_1_168' title='bbox 2705 1018 2861 1060; x_wconf 75' lang='lat' dir='ltr'><strong>nocte</strong></span> <span class='ocrx_word' id='word_1_169' title='bbox 2894 1018 3114 1074; x_wconf 85' lang='lat' dir='ltr'><strong>repente</strong></span> <span class='ocrx_word' id='word_1_170' title='bbox 3141 1007 3483 1072; x_wconf 72' lang='lat' dir='ltr'><strong>ostendisset,</strong></span> <span class='ocrx_word' id='word_1_171' title='bbox 3531 1020 3587 1062; x_wconf 90' lang='lat' dir='ltr'><strong>et</strong></span> 
     </span>
    </p>
   </div>
   <div class='ocr_carea' id='block_1_27' title="bbox 2005 1097 3582 1163">
    <p class='ocr_par' dir='ltr' id='par_1_27' title="bbox 2005 1097 3582 1163">
     <span class='ocr_line' id='line_1_27' title="bbox 2005 1097 3582 1163; baseline 0 -12"><span class='ocrx_word' id='word_1_172' title='bbox 2005 1099 2354 1152; x_wconf 77' lang='lat' dir='ltr'><strong>liberatorem</strong></span> <span class='ocrx_word' id='word_1_173' title='bbox 2383 1097 2680 1152; x_wconf 74' lang='lat' dir='ltr'><strong>excitasset</strong></span> <span class='ocrx_word' id='word_1_174' title='bbox 2705 1098 2980 1157; x_wconf 85' lang='lat' dir='ltr'><strong>omnibus,</strong></span> <span class='ocrx_word' id='word_1_175' title='bbox 3010 1107 3064 1149; x_wconf 91' lang='lat' dir='ltr'><strong>et</strong></span> <span class='ocrx_word' id='word_1_176' title='bbox 3085 1097 3303 1149; x_wconf 69' lang='lat' dir='ltr'><strong>excelso</strong></span> <span class='ocrx_word' id='word_1_177' title='bbox 3340 1098 3582 1163; x_wconf 86' lang='lat' dir='ltr'><strong>brachio,</strong></span> 
     </span>
    </p>
   </div>
   <div class='ocr_carea' id='block_1_28' title="bbox 2004 1188 3585 1260">
    <p class='ocr_par' dir='ltr' id='par_1_28' title="bbox 2004 1188 3585 1260">
     <span class='ocr_line' id='line_1_28' title="bbox 2004 1188 3585 1260; baseline -0.003 -15"><span class='ocrx_word' id='word_1_178' title='bbox 2004 1206 2068 1245; x_wconf 88' lang='lat' dir='ltr'><strong>ac</strong></span> <span class='ocrx_word' id='word_1_179' title='bbox 2096 1204 2359 1260; x_wconf 80' lang='lat' dir='ltr'><strong>generosa</strong></span> <span class='ocrx_word' id='word_1_180' title='bbox 2393 1204 2556 1242; x_wconf 85' lang='lat' dir='ltr'><strong>manu</strong></span> <span class='ocrx_word' id='word_1_181' title='bbox 2607 1190 2852 1243; x_wconf 78' lang='lat' dir='ltr'><strong>duxisset</strong></span> <span class='ocrx_word' id='word_1_182' title='bbox 2903 1206 2917 1240; x_wconf 87' lang='lat'><strong>:</strong></span> <span class='ocrx_word' id='word_1_183' title='bbox 2979 1190 3065 1241; x_wconf 91' lang='lat' dir='ltr'><strong>cui</strong></span> <span class='ocrx_word' id='word_1_184' title='bbox 3113 1188 3333 1257; x_wconf 78' lang='lat' dir='ltr'><strong>quidem</strong></span> <span class='ocrx_word' id='word_1_185' title='bbox 3384 1198 3585 1257; x_wconf 66' lang='lat' dir='ltr'><strong>tropma</strong></span> 
     </span>
    </p>
   </div>
   <div class='ocr_carea' id='block_1_29' title="bbox 2007 1277 3584 1347">
    <p class='ocr_par' dir='ltr' id='par_1_29' title="bbox 2007 1277 3584 1347">
     <span class='ocr_line' id='line_1_29' title="bbox 2007 1277 3584 1347; baseline -0.003 -12"><span class='ocrx_word' id='word_1_186' title='bbox 2007 1281 2254 1335; x_wconf 79' lang='lat' dir='ltr'><strong>victoria:</strong></span> <span class='ocrx_word' id='word_1_187' title='bbox 2284 1290 2474 1334; x_wconf 87' lang='lat' dir='ltr'><strong>contra</strong></span> <span class='ocrx_word' id='word_1_188' title='bbox 2510 1280 2723 1347; x_wconf 87' lang='lat' dir='ltr'><strong>impios,</strong></span> <span class='ocrx_word' id='word_1_189' title='bbox 2755 1279 2911 1347; x_wconf 86' lang='lat' dir='ltr'><strong>quasi</strong></span> <span class='ocrx_word' id='word_1_190' title='bbox 2939 1277 3170 1333; x_wconf 88' lang='lat' dir='ltr'><strong>fructum</strong></span> <span class='ocrx_word' id='word_1_191' title='bbox 3205 1279 3377 1347; x_wconf 88' lang='lat' dir='ltr'><strong>ipsius</strong></span> <span class='ocrx_word' id='word_1_192' title='bbox 3399 1280 3584 1347; x_wconf 76' lang='lat' dir='ltr'><strong>pietati</strong></span> 
     </span>
    </p>
   </div>
   <div class='ocr_carea' id='block_1_30' title="bbox 2007 1368 3581 1439">
    <p class='ocr_par' dir='ltr' id='par_1_30' title="bbox 2007 1368 3581 1439">
     <span class='ocr_line' id='line_1_30' title="bbox 2007 1368 3581 1439; baseline -0.003 -13"><span class='ocrx_word' id='word_1_193' title='bbox 2007 1372 2244 1426; x_wconf 83' lang='lat' dir='ltr'><strong>debitum</strong></span> <span class='ocrx_word' id='word_1_194' title='bbox 2304 1368 2521 1426; x_wconf 71' lang='lat' dir='ltr'><strong>cmlitus</strong></span> <span class='ocrx_word' id='word_1_195' title='bbox 2578 1370 2804 1439; x_wconf 82' lang='lat' dir='ltr'><strong>largitus</strong></span> <span class='ocrx_word' id='word_1_196' title='bbox 2858 1379 2962 1435; x_wconf 90' lang='lat' dir='ltr'><strong>est,</strong></span> <span class='ocrx_word' id='word_1_197' title='bbox 3030 1370 3353 1439; x_wconf 79' lang='lat' dir='ltr'><strong>sacrilegum</strong></span> <span class='ocrx_word' id='word_1_198' title='bbox 3403 1379 3581 1422; x_wconf 89' lang='lat' dir='ltr'><strong>autem</strong></span> 
     </span>
    </p>
   </div>
   <div class='ocr_carea' id='block_1_31' title="bbox 2006 1461 3582 1516">
    <p class='ocr_par' dir='ltr' id='par_1_31' title="bbox 2006 1461 3582 1516">
     <span class='ocr_line' id='line_1_31' title="bbox 2006 1461 3582 1516; baseline -0.001 -1"><span class='ocrx_word' id='word_1_199' title='bbox 2006 1462 2157 1516; x_wconf 90' lang='lat' dir='ltr'><strong>illum</strong></span> <span class='ocrx_word' id='word_1_200' title='bbox 2191 1478 2294 1514; x_wconf 87' lang='lat' dir='ltr'><strong>una</strong></span> <span class='ocrx_word' id='word_1_201' title='bbox 2329 1478 2450 1515; x_wconf 90' lang='lat' dir='ltr'><strong>cum</strong></span> <span class='ocrx_word' id='word_1_202' title='bbox 2490 1461 2817 1514; x_wconf 73' lang='lat' dir='ltr'><strong>rmisiliariis</strong></span> <span class='ocrx_word' id='word_1_203' title='bbox 2844 1462 3095 1515; x_wconf 86' lang='lat' dir='ltr'><strong>omnibus</strong></span> <span class='ocrx_word' id='word_1_204' title='bbox 3142 1472 3198 1516; x_wconf 86' lang='lat' dir='ltr'><strong>et</strong></span> <span class='ocrx_word' id='word_1_205' title='bbox 3239 1463 3429 1516; x_wconf 80' lang='lat' dir='ltr'><strong>amicis</strong></span> <span class='ocrx_word' id='word_1_206' title='bbox 3479 1464 3582 1516; x_wconf 92' lang='lat' dir='ltr'><strong>sub</strong></span> 
     </span>
    </p>
   </div>
   <div class='ocr_carea' id='block_1_32' title="bbox 2007 1549 3587 1619">
    <p class='ocr_par' dir='ltr' id='par_1_32' title="bbox 2007 1549 3587 1619">
     <span class='ocr_line' id='line_1_32' title="bbox 2007 1549 3587 1619; baseline -0.001 -14"><span class='ocrx_word' id='word_1_207' title='bbox 2007 1550 2350 1605; x_wconf 77' lang='lat' dir='ltr'><strong>Constantini</strong></span> <span class='ocrx_word' id='word_1_208' title='bbox 2412 1550 2636 1619; x_wconf 75' lang='lat' dir='ltr'><strong>pedibus</strong></span> <span class='ocrx_word' id='word_1_209' title='bbox 2707 1549 3040 1618; x_wconf 78' lang='lat' dir='ltr'><strong>prostravit,</strong></span> <span class='ocrx_word' id='word_1_210' title='bbox 3108 1551 3449 1604; x_wconf 77' lang='lat' dir='ltr'><strong>Constantini</strong></span> <span class='ocrx_word' id='word_1_211' title='bbox 3528 1562 3587 1606; x_wconf 87' lang='lat' dir='ltr'><strong>et</strong></span> 
     </span>
    </p>
   </div>
   <div class='ocr_carea' id='block_1_33' title="bbox 2007 1637 3586 1706">
    <p class='ocr_par' dir='ltr' id='par_1_33' title="bbox 2007 1637 3586 1706">
     <span class='ocr_line' id='line_1_33' title="bbox 2007 1637 3586 1706; baseline -0.001 -11"><span class='ocrx_word' id='word_1_212' title='bbox 2007 1648 2250 1695; x_wconf 79' lang='lat' dir='ltr'><strong>nostrum</strong></span> <span class='ocrx_word' id='word_1_213' title='bbox 2300 1641 2540 1693; x_wconf 67' lang='lat' dir='ltr'><strong>uirtutium</strong></span> <span class='ocrx_word' id='word_1_214' title='bbox 2584 1638 2747 1693; x_wconf 87' lang='lat' dir='ltr'><strong>Deus.</strong></span> <span class='ocrx_word' id='word_1_215' title='bbox 2783 1638 2916 1692; x_wconf 63' lang='lat' dir='ltr'><strong>Nam</strong></span> <span class='ocrx_word' id='word_1_216' title='bbox 2963 1639 3051 1691; x_wconf 90' lang='lat' dir='ltr'><strong>ubi</strong></span> <span class='ocrx_word' id='word_1_217' title='bbox 3103 1637 3217 1706; x_wconf 81' lang='lat' dir='ltr'><strong>ejus</strong></span> <span class='ocrx_word' id='word_1_218' title='bbox 3263 1640 3467 1693; x_wconf 85' lang='lat' dir='ltr'><strong>insania</strong></span> <span class='ocrx_word' id='word_1_219' title='bbox 3517 1640 3586 1693; x_wconf 88' lang='lat' dir='ltr'><strong>ad</strong></span> 
     </span>
    </p>
   </div>
   <div class='ocr_carea' id='block_1_34' title="bbox 2007 1730 3589 1799">
    <p class='ocr_par' dir='ltr' id='par_1_34' title="bbox 2007 1730 3589 1799">
     <span class='ocr_line' id='line_1_34' title="bbox 2007 1730 3589 1799; baseline -0.003 -14"><span class='ocrx_word' id='word_1_220' title='bbox 2007 1738 2304 1785; x_wconf 82' lang='lat' dir='ltr'><strong>extremam</strong></span> <span class='ocrx_word' id='word_1_221' title='bbox 2345 1744 2630 1799; x_wconf 83' lang='lat' dir='ltr'><strong>progressa</strong></span> <span class='ocrx_word' id='word_1_222' title='bbox 2678 1738 2761 1783; x_wconf 88' lang='lat' dir='ltr'><strong>est</strong></span> <span class='ocrx_word' id='word_1_223' title='bbox 2793 1730 3082 1782; x_wconf 76' lang='lat' dir='ltr'><strong>sitientiam</strong></span> <span class='ocrx_word' id='word_1_224' title='bbox 3110 1768 3125 1790; x_wconf 92' lang='lat'><strong>,</strong></span> <span class='ocrx_word' id='word_1_225' title='bbox 3157 1730 3446 1796; x_wconf 85' lang='lat' dir='ltr'><strong>imperator</strong></span> <span class='ocrx_word' id='word_1_226' title='bbox 3481 1730 3589 1784; x_wconf 86' lang='lat' dir='ltr'><strong>Deo</strong></span> 
     </span>
    </p>
   </div>
   <div class='ocr_carea' id='block_1_35' title="bbox 2009 1821 3590 1891">
    <p class='ocr_par' dir='ltr' id='par_1_35' title="bbox 2009 1821 3590 1891">
     <span class='ocr_line' id='line_1_35' title="bbox 2009 1821 3590 1891; baseline -0.002 -14"><span class='ocrx_word' id='word_1_227' title='bbox 2009 1826 2360 1877; x_wconf 81' lang='lat' dir='ltr'><strong>charuS&#39;non</strong></span> <span class='ocrx_word' id='word_1_228' title='bbox 2411 1822 2646 1891; x_wconf 80' lang='lat' dir='ltr'><strong>amplius</strong></span> <span class='ocrx_word' id='word_1_229' title='bbox 2687 1822 2965 1876; x_wconf 89' lang='lat' dir='ltr'><strong>ferendmu</strong></span> <span class='ocrx_word' id='word_1_230' title='bbox 3028 1823 3253 1891; x_wconf 87' lang='lat' dir='ltr'><strong>putavit,</strong></span> <span class='ocrx_word' id='word_1_231' title='bbox 3306 1823 3398 1875; x_wconf 87' lang='lat' dir='ltr'><strong>sed</strong></span> <span class='ocrx_word' id='word_1_232' title='bbox 3431 1821 3590 1875; x_wconf 84' lang='lat' dir='ltr'><strong>insita</strong></span> 
     </span>
    </p>
   </div>
   <div class='ocr_carea' id='block_1_36' title="bbox 2010 1910 3597 1978">
    <p class='ocr_par' dir='ltr' id='par_1_36' title="bbox 2010 1910 3597 1978">
     <span class='ocr_line' id='line_1_36' title="bbox 2010 1910 3597 1978; baseline -0.002 -12"><span class='ocrx_word' id='word_1_233' title='bbox 2010 1911 2112 1966; x_wconf 90' lang='lat' dir='ltr'><strong>sibi</strong></span> <span class='ocrx_word' id='word_1_234' title='bbox 2160 1922 2215 1966; x_wconf 87' lang='lat' dir='ltr'><strong>et</strong></span> <span class='ocrx_word' id='word_1_235' title='bbox 2262 1911 2502 1966; x_wconf 88' lang='lat' dir='ltr'><strong>modesta</strong></span> <span class='ocrx_word' id='word_1_236' title='bbox 2552 1910 2715 1964; x_wconf 92' lang='lat' dir='ltr'><strong>animi</strong></span> <span class='ocrx_word' id='word_1_237' title='bbox 2786 1910 2996 1964; x_wconf 85' lang='lat' dir='ltr'><strong>ratione</strong></span> <span class='ocrx_word' id='word_1_238' title='bbox 3043 1911 3236 1977; x_wconf 85' lang='lat' dir='ltr'><strong>piaquc</strong></span> <span class='ocrx_word' id='word_1_239' title='bbox 3277 1925 3388 1963; x_wconf 76' lang='lat' dir='ltr'><strong>rein</strong></span> <span class='ocrx_word' id='word_1_240' title='bbox 3436 1925 3597 1978; x_wconf 84' lang='lat' dir='ltr'><strong>repu-</strong></span> 
     </span>
    </p>
   </div>
   <div class='ocr_carea' id='block_1_37' title="bbox 320 1984 1919 2090">
    <p class='ocr_par' dir='ltr' id='par_1_37' title="bbox 320 1984 1906 2090">
     <span class='ocr_line' id='line_1_37' title="bbox 320 1984 1906 2090; baseline -0.012 -18"><span class='ocrx_word' id='word_1_241' title='bbox 320 1984 710 2090; x_wconf 68' lang='grc' dir='ltr'>φίλανθρωπίᾳ</span> <span class='ocrx_word' id='word_1_242' title='bbox 737 1984 1167 2085; x_wconf 43' lang='grc' dir='ltr'>,κερασάμενοῇ</span> <span class='ocrx_word' id='word_1_243' title='bbox 1208 1984 1514 2077; x_wconf 52' lang='grc' dir='ltr'>’ἐπαμῦναι</span> <span class='ocrx_word' id='word_1_244' title='bbox 1572 1984 1752 2076; x_wconf 72' lang='grc' dir='ltr'>κρίνεί</span> <span class='ocrx_word' id='word_1_245' title='bbox 1796 2005 1906 2065; x_wconf 88' lang='grc' dir='ltr'>τοῖς</span> 
     </span>
    </p>
   </div>
   <div class='ocr_carea' id='block_1_38' title="bbox 2020 1984 3596 2090">
    <p class='ocr_par' dir='ltr' id='par_1_38' title="bbox 2020 2000 3596 2071">
     <span class='ocr_line' id='line_1_38' title="bbox 2020 2000 3596 2071; baseline -0.002 -15"><span class='ocrx_word' id='word_1_246' title='bbox 2020 2014 2153 2066; x_wconf 82' lang='lat' dir='ltr'><strong>laus,</strong></span> <span class='ocrx_word' id='word_1_247' title='bbox 2205 2012 2365 2070; x_wconf 86' lang='lat' dir='ltr'><strong>atque</strong></span> <span class='ocrx_word' id='word_1_248' title='bbox 2395 2016 2638 2056; x_wconf 80' lang='lat' dir='ltr'><strong>severam</strong></span> <span class='ocrx_word' id='word_1_249' title='bbox 2681 2002 2821 2070; x_wconf 83' lang='lat' dir='ltr'><strong>juris</strong></span> <span class='ocrx_word' id='word_1_250' title='bbox 2878 2000 3116 2071; x_wconf 77' lang='lat' dir='ltr'><strong>regulam</strong></span> <span class='ocrx_word' id='word_1_251' title='bbox 3167 2016 3288 2055; x_wconf 85' lang='lat' dir='ltr'><strong>cum</strong></span> <span class='ocrx_word' id='word_1_252' title='bbox 3346 2001 3596 2055; x_wconf 75' lang='lat' dir='ltr'><strong>Immani-</strong></span> 
     </span>
    </p>
   </div>
   <div class='ocr_carea' id='block_1_39' title="bbox 320 2093 1912 2177">
    <p class='ocr_par' dir='ltr' id='par_1_39' title="bbox 320 2093 1912 2177">
     <span class='ocr_line' id='line_1_39' title="bbox 320 2093 1912 2177; baseline -0.011 -15"><span class='ocrx_word' id='word_1_253' title='bbox 320 2109 431 2163; x_wconf 77' lang='grc' dir='ltr'><strong>ὐπὸ</strong></span> <span class='ocrx_word' id='word_1_254' title='bbox 454 2106 531 2177; x_wconf 80' lang='grc' dir='ltr'><strong>τῷ</strong></span> <span class='ocrx_word' id='word_1_255' title='bbox 557 2106 805 2176; x_wconf 80' lang='grc' dir='ltr'>τυράννῳ</span> <span class='ocrx_word' id='word_1_256' title='bbox 828 2100 1370 2171; x_wconf 79' lang='grc' dir='ltr'>ταλαιπωρουμένοις</span> <span class='ocrx_word' id='word_1_257' title='bbox 1391 2113 1405 2127; x_wconf 90' lang='grc'><strong>·</strong></span> <span class='ocrx_word' id='word_1_258' title='bbox 1454 2096 1549 2151; x_wconf 74' lang='grc' dir='ltr'><strong>καὶ</strong></span> <span class='ocrx_word' id='word_1_259' title='bbox 1580 2096 1642 2149; x_wconf 90' lang='grc' dir='ltr'><strong>τό</strong></span> <span class='ocrx_word' id='word_1_260' title='bbox 1666 2111 1726 2164; x_wconf 88' lang='grc' dir='ltr'><strong>γε</strong></span> <span class='ocrx_word' id='word_1_261' title='bbox 1760 2093 1912 2147; x_wconf 85' lang='grc' dir='ltr'>πλεῖ-</span> 
     </span>
    </p>
   </div>
   <div class='ocr_carea' id='block_1_40' title="bbox 323 2183 1912 2268">
    <p class='ocr_par' dir='ltr' id='par_1_40' title="bbox 323 2183 1912 2268">
     <span class='ocr_line' id='line_1_40' title="bbox 323 2183 1912 2268; baseline -0.01 -15"><span class='ocrx_word' id='word_1_262' title='bbox 323 2217 448 2253; x_wconf 85' lang='grc' dir='ltr'>στον</span> <span class='ocrx_word' id='word_1_263' title='bbox 492 2196 796 2268; x_wconf 82' lang='grc' dir='ltr'>ἀνθρώπων</span> <span class='ocrx_word' id='word_1_264' title='bbox 836 2194 1014 2264; x_wconf 85' lang='grc' dir='ltr'>γένος,</span> <span class='ocrx_word' id='word_1_265' title='bbox 1063 2192 1284 2263; x_wconf 81' lang='grc' dir='ltr'><strong>βραχεῖς</strong></span> <span class='ocrx_word' id='word_1_266' title='bbox 1328 2187 1616 2258; x_wconf 83' lang='grc' dir='ltr'>λυμεῶνας</span> <span class='ocrx_word' id='word_1_267' title='bbox 1665 2183 1912 2238; x_wconf 81' lang='grc' dir='ltr'>ἐκποδὼν</span> 
     </span>
    </p>
   </div>
   <div class='ocr_carea' id='block_1_41' title="bbox 322 2273 1914 2361">
    <p class='ocr_par' dir='ltr' id='par_1_41' title="bbox 322 2273 1914 2361">
     <span class='ocr_line' id='line_1_41' title="bbox 322 2273 1914 2361; baseline -0.013 -17"><span class='ocrx_word' id='word_1_268' title='bbox 322 2289 718 2361; x_wconf 81' lang='grc' dir='ltr'>ποιησάμενος,</span> <span class='ocrx_word' id='word_1_269' title='bbox 744 2283 1132 2340; x_wconf 82' lang='grc' dir='ltr'>ἀνασώσασθαι</span> <span class='ocrx_word' id='word_1_270' title='bbox 1160 2282 1421 2352; x_wconf 76' lang='grc' dir='ltr'>ὁρμᾶται.</span> <span class='ocrx_word' id='word_1_271' title='bbox 1458 2277 1614 2349; x_wconf 86' lang='grc' dir='ltr'>Μόνῃ</span> <span class='ocrx_word' id='word_1_272' title='bbox 1654 2275 1763 2345; x_wconf 86' lang='grc' dir='ltr'>γὰρ</span> <span class='ocrx_word' id='word_1_273' title='bbox 1793 2273 1914 2341; x_wconf 86' lang='grc' dir='ltr'>φιλ-</span> 
     </span>
    </p>
   </div>
   <div class='ocr_carea' id='block_1_42' title="bbox 322 2364 1915 2451">
    <p class='ocr_par' dir='ltr' id='par_1_42' title="bbox 322 2364 1915 2451">
     <span class='ocr_line' id='line_1_42' title="bbox 322 2364 1915 2451; baseline -0.013 -15"><span class='ocrx_word' id='word_1_274' title='bbox 322 2380 613 2451; x_wconf 75' lang='grc' dir='ltr'>ανθρωπίᾳ</span> <span class='ocrx_word' id='word_1_275' title='bbox 647 2378 934 2449; x_wconf 78' lang='grc' dir='ltr'>χρωμένου</span> <span class='ocrx_word' id='word_1_276' title='bbox 976 2373 1072 2427; x_wconf 74' lang='grc' dir='ltr'>τοῦ</span> <span class='ocrx_word' id='word_1_277' title='bbox 1100 2367 1617 2441; x_wconf 82' lang='grc' dir='ltr'>φιλανθρωποτάτου</span> <span class='ocrx_word' id='word_1_278' title='bbox 1649 2364 1915 2436; x_wconf 81' lang='grc' dir='ltr'>βασιλέως</span> 
     </span>
    </p>
   </div>
   <div class='ocr_carea' id='block_1_43' title="bbox 325 2454 1915 2534">
    <p class='ocr_par' dir='ltr' id='par_1_43' title="bbox 325 2454 1915 2534">
     <span class='ocr_line' id='line_1_43' title="bbox 325 2454 1915 2534; baseline -0.013 -8"><span class='ocrx_word' id='word_1_279' title='bbox 325 2469 747 2527; x_wconf 74' lang='grc' dir='ltr'>Κωνσταντίνου</span> <span class='ocrx_word' id='word_1_280' title='bbox 790 2467 883 2520; x_wconf 79' lang='grc' dir='ltr'><strong>τὸν</strong></span> <span class='ocrx_word' id='word_1_281' title='bbox 929 2464 1037 2534; x_wconf 78' lang='grc' dir='ltr'>πρὸ</span> <span class='ocrx_word' id='word_1_282' title='bbox 1078 2462 1270 2516; x_wconf 85' lang='grc' dir='ltr'>τούτου</span> <span class='ocrx_word' id='word_1_283' title='bbox 1315 2460 1527 2531; x_wconf 85' lang='grc' dir='ltr'>χρόνον,</span> <span class='ocrx_word' id='word_1_284' title='bbox 1574 2457 1670 2511; x_wconf 73' lang='grc' dir='ltr'><strong>καὶ</strong></span> <span class='ocrx_word' id='word_1_285' title='bbox 1721 2455 1813 2507; x_wconf 80' lang='grc' dir='ltr'><strong>τὸν</strong></span> <span class='ocrx_word' id='word_1_286' title='bbox 1854 2454 1915 2506; x_wconf 87' lang='grc' dir='ltr'><strong>οὐ</strong></span> 
     </span>
    </p>
   </div>
   <div class='ocr_carea' id='block_1_44' title="bbox 327 2544 1920 2634">
    <p class='ocr_par' dir='ltr' id='par_1_44' title="bbox 327 2544 1920 2634">
     <span class='ocr_line' id='line_1_44' title="bbox 327 2544 1920 2634; baseline -0.011 -17"><span class='ocrx_word' id='word_1_287' title='bbox 327 2563 682 2634; x_wconf 81' lang='grc' dir='ltr'>συμπαθείας</span> <span class='ocrx_word' id='word_1_288' title='bbox 716 2560 866 2627; x_wconf 78' lang='grc' dir='ltr'>ἀξιον</span> <span class='ocrx_word' id='word_1_289' title='bbox 895 2556 1197 2619; x_wconf 78' lang='grc' dir='ltr'>ἐλεοῦντος,</span> <span class='ocrx_word' id='word_1_290' title='bbox 1229 2552 1306 2623; x_wconf 81' lang='grc' dir='ltr'><strong>τῷ</strong></span> <span class='ocrx_word' id='word_1_291' title='bbox 1338 2553 1438 2622; x_wconf 82' lang='grc' dir='ltr'><strong>μὲν</strong></span> <span class='ocrx_word' id='word_1_292' title='bbox 1479 2549 1732 2603; x_wconf 79' lang='grc' dir='ltr'>δυσσεϐεῖ</span> <span class='ocrx_word' id='word_1_293' title='bbox 1768 2544 1920 2617; x_wconf 82' lang='grc' dir='ltr'>αὐτῷ</span> 
     </span>
    </p>
   </div>
   <div class='ocr_carea' id='block_1_45' title="bbox 325 2640 1920 2724">
    <p class='ocr_par' dir='ltr' id='par_1_45' title="bbox 325 2640 1920 2724">
     <span class='ocr_line' id='line_1_45' title="bbox 325 2640 1920 2724; baseline -0.011 -14"><span class='ocrx_word' id='word_1_294' title='bbox 325 2658 541 2724; x_wconf 80' lang='grc' dir='ltr'>ἐγίνετο</span> <span class='ocrx_word' id='word_1_295' title='bbox 571 2655 731 2707; x_wconf 83' lang='grc' dir='ltr'>πλέον</span> <span class='ocrx_word' id='word_1_296' title='bbox 759 2652 933 2711; x_wconf 79' lang='grc' dir='ltr'>οὐδὲν,</span> <span class='ocrx_word' id='word_1_297' title='bbox 960 2651 1060 2720; x_wconf 78' lang='grc' dir='ltr'>τῆς</span> <span class='ocrx_word' id='word_1_298' title='bbox 1087 2648 1288 2710; x_wconf 83' lang='grc' dir='ltr'>κακίας</span> <span class='ocrx_word' id='word_1_299' title='bbox 1310 2646 1411 2699; x_wconf 81' lang='grc' dir='ltr'><strong>οὐκ</strong></span> <span class='ocrx_word' id='word_1_300' title='bbox 1438 2640 1920 2711; x_wconf 79' lang='grc' dir='ltr'>ἀπαλλαττομένῳ,</span> 
     </span>
    </p>
   </div>
   <div class='ocr_carea' id='block_1_46' title="bbox 327 2731 1922 2813">
    <p class='ocr_par' dir='ltr' id='par_1_46' title="bbox 327 2731 1922 2813">
     <span class='ocr_line' id='line_1_46' title="bbox 327 2731 1922 2813; baseline -0.011 -14"><span class='ocrx_word' id='word_1_301' title='bbox 327 2746 548 2812; x_wconf 75' lang='grc' dir='ltr'>αὔξοντι</span> <span class='ocrx_word' id='word_1_302' title='bbox 573 2745 629 2797; x_wconf 79' lang='grc' dir='ltr'>δὲ</span> <span class='ocrx_word' id='word_1_303' title='bbox 667 2743 868 2813; x_wconf 79' lang='grc' dir='ltr'>μᾶλλον</span> <span class='ocrx_word' id='word_1_304' title='bbox 896 2742 996 2811; x_wconf 86' lang='grc' dir='ltr'>τὴν</span> <span class='ocrx_word' id='word_1_305' title='bbox 1032 2738 1171 2792; x_wconf 85' lang='grc' dir='ltr'><strong>κατά</strong></span> <span class='ocrx_word' id='word_1_306' title='bbox 1204 2736 1313 2789; x_wconf 85' lang='grc' dir='ltr'><strong>τῶν</strong></span> <span class='ocrx_word' id='word_1_307' title='bbox 1369 2735 1696 2803; x_wconf 83' lang='grc' dir='ltr'>ὑποχειρίων</span> <span class='ocrx_word' id='word_1_308' title='bbox 1751 2731 1922 2784; x_wconf 84' lang='grc' dir='ltr'>ἐθνῶν</span> 
     </span>
    </p>
   </div>
   <div class='ocr_carea' id='block_1_47' title="bbox 327 2819 1917 2900">
    <p class='ocr_par' dir='ltr' id='par_1_47' title="bbox 327 2819 1917 2900">
     <span class='ocr_line' id='line_1_47' title="bbox 327 2819 1917 2900; baseline -0.011 -11"><span class='ocrx_word' id='word_1_309' title='bbox 327 2836 566 2890; x_wconf 77' lang='grc' dir='ltr'>λύττανο</span> <span class='ocrx_word' id='word_1_310' title='bbox 593 2836 710 2897; x_wconf 83' lang='grc' dir='ltr'>τοῖς</span> <span class='ocrx_word' id='word_1_311' title='bbox 743 2833 800 2885; x_wconf 81' lang='grc' dir='ltr'><strong>δέ</strong></span> <span class='ocrx_word' id='word_1_312' title='bbox 842 2831 1209 2900; x_wconf 81' lang='grc' dir='ltr'>κακουμένοις</span> <span class='ocrx_word' id='word_1_313' title='bbox 1261 2826 1489 2895; x_wconf 84' lang='grc' dir='ltr'>οὐδεμία</span> <span class='ocrx_word' id='word_1_314' title='bbox 1531 2819 1599 2893; x_wconf 85' lang='grc' dir='ltr'>ἦν</span> <span class='ocrx_word' id='word_1_315' title='bbox 1642 2820 1917 2891; x_wconf 87' lang='grc' dir='ltr'>σωτηρίας</span> 
     </span>
    </p>
   </div>
   <div class='ocr_carea' id='block_1_48' title="bbox 328 2911 1918 2992">
    <p class='ocr_par' dir='ltr' id='par_1_48' title="bbox 328 2911 1918 2992">
     <span class='ocr_line' id='line_1_48' title="bbox 328 2911 1918 2992; baseline -0.011 -12"><span class='ocrx_word' id='word_1_316' title='bbox 328 2928 509 2990; x_wconf 77' lang='grc' dir='ltr'>ἐλπὶς,</span> <span class='ocrx_word' id='word_1_317' title='bbox 541 2926 645 2979; x_wconf 82' lang='grc' dir='ltr'><strong>ὑπὸ</strong></span> <span class='ocrx_word' id='word_1_318' title='bbox 683 2922 859 2977; x_wconf 72' lang='grc' dir='ltr'>δεινοῦ</span> <span class='ocrx_word' id='word_1_319' title='bbox 905 2921 1099 2992; x_wconf 76' lang='grc' dir='ltr'>θηρίου</span> <span class='ocrx_word' id='word_1_320' title='bbox 1140 2916 1660 2985; x_wconf 76' lang='grc' dir='ltr'>καταπονουμένοις.</span> <span class='ocrx_word' id='word_1_321' title='bbox 1714 2913 1807 2964; x_wconf 76' lang='grc' dir='ltr'>Διὸ</span> <span class='ocrx_word' id='word_1_322' title='bbox 1852 2911 1918 2982; x_wconf 84' lang='grc' dir='ltr'>δὴ</span> 
     </span>
    </p>
   </div>
   <div class='ocr_carea' id='block_1_49' title="bbox 327 3003 1920 3089">
    <p class='ocr_par' dir='ltr' id='par_1_49' title="bbox 327 3003 1920 3089">
     <span class='ocr_line' id='line_1_49' title="bbox 327 3003 1920 3089; baseline -0.013 -16"><span class='ocrx_word' id='word_1_323' title='bbox 327 3019 412 3089; x_wconf 82' lang='grc' dir='ltr'>τῷ</span> <span class='ocrx_word' id='word_1_324' title='bbox 444 3012 814 3088; x_wconf 78' lang='grc' dir='ltr'>φιλανθρώπῳ</span> <span class='ocrx_word' id='word_1_325' title='bbox 843 3013 1006 3083; x_wconf 82' lang='grc' dir='ltr'>μίξας</span> <span class='ocrx_word' id='word_1_326' title='bbox 1049 3012 1112 3064; x_wconf 67' lang='grc' dir='ltr'><strong>τὸ</strong></span> <span class='ocrx_word' id='word_1_327' title='bbox 1167 3008 1531 3079; x_wconf 75' lang='grc' dir='ltr'>μισοπόνηρον</span> <span class='ocrx_word' id='word_1_328' title='bbox 1562 3005 1590 3056; x_wconf 81' lang='lat'><strong>6</strong></span> <span class='ocrx_word' id='word_1_329' title='bbox 1635 3004 1743 3056; x_wconf 79' lang='grc' dir='ltr'><strong>τῶν</strong></span> <span class='ocrx_word' id='word_1_330' title='bbox 1781 3003 1920 3071; x_wconf 68' lang='grc' dir='ltr'>ἀγασ</span> 
     </span>
    </p>
   </div>
   <div class='ocr_carea' id='block_1_50' title="bbox 329 3092 1926 3181">
    <p class='ocr_par' dir='ltr' id='par_1_50' title="bbox 329 3092 1926 3181">
     <span class='ocr_line' id='line_1_50' title="bbox 329 3092 1926 3181; baseline -0.011 -17"><span class='ocrx_word' id='word_1_331' title='bbox 329 3109 445 3164; x_wconf 83' lang='grc' dir='ltr'>Θῶν</span> <span class='ocrx_word' id='word_1_332' title='bbox 469 3108 723 3181; x_wconf 77' lang='grc' dir='ltr'>χορηγὸς,</span> <span class='ocrx_word' id='word_1_333' title='bbox 758 3106 1041 3177; x_wconf 77' lang='grc' dir='ltr'>πρόσεισιν</span> <span class='ocrx_word' id='word_1_334' title='bbox 1086 3102 1203 3171; x_wconf 75' lang='grc' dir='ltr'><strong>ἅμα</strong></span> <span class='ocrx_word' id='word_1_335' title='bbox 1245 3097 1396 3153; x_wconf 74' lang='grc' dir='ltr'>παιδὶ</span> <span class='ocrx_word' id='word_1_336' title='bbox 1445 3096 1676 3168; x_wconf 82' lang='grc' dir='ltr'>Κρίσπῳ</span> <span class='ocrx_word' id='word_1_337' title='bbox 1718 3092 1926 3164; x_wconf 84' lang='grc' dir='ltr'>βασιλεῖ</span> 
     </span>
    </p>
   </div>
   <div class='ocr_carea' id='block_1_51' title="bbox 332 3183 1918 3272">
    <p class='ocr_par' dir='ltr' id='par_1_51' title="bbox 332 3183 1918 3272">
     <span class='ocr_line' id='line_1_51' title="bbox 332 3183 1918 3272; baseline -0.015 -16"><span class='ocrx_word' id='word_1_338' title='bbox 332 3199 842 3272; x_wconf 80' lang='grc' dir='ltr'>φιλανθρωποτάτῳ</span> <span class='ocrx_word' id='word_1_339' title='bbox 879 3194 986 3247; x_wconf 80' lang='grc' dir='ltr'><strong>ἀπὸ</strong></span> <span class='ocrx_word' id='word_1_340' title='bbox 1009 3195 1109 3263; x_wconf 84' lang='grc' dir='ltr'>τῆς</span> <span class='ocrx_word' id='word_1_341' title='bbox 1150 3187 1455 3260; x_wconf 90' lang='grc' dir='ltr'>Ἐσπερίων</span> <span class='ocrx_word' id='word_1_342' title='bbox 1504 3187 1603 3255; x_wconf 82' lang='grc' dir='ltr'>τῆς</span> <span class='ocrx_word' id='word_1_343' title='bbox 1655 3183 1918 3254; x_wconf 79' lang='grc' dir='ltr'>μεγίστης</span> 
     </span>
    </p>
   </div>
   <div class='ocr_carea' id='block_1_52' title="bbox 344 3275 1926 3363">
    <p class='ocr_par' dir='ltr' id='par_1_52' title="bbox 344 3275 1926 3363">
     <span class='ocr_line' id='line_1_52' title="bbox 344 3275 1926 3363; baseline -0.014 -15"><span class='ocrx_word' id='word_1_344' title='bbox 344 3293 567 3363; x_wconf 81' lang='grc' dir='ltr'>Ῥώμης</span> <span class='ocrx_word' id='word_1_345' title='bbox 586 3290 678 3343; x_wconf 72' lang='grc' dir='ltr'><strong>ἐπὶ</strong></span> <span class='ocrx_word' id='word_1_346' title='bbox 717 3290 815 3355; x_wconf 79' lang='grc' dir='ltr'><strong>τὴν</strong></span> <span class='ocrx_word' id='word_1_347' title='bbox 854 3286 1024 3357; x_wconf 81' lang='grc' dir='ltr'>Ἐῲαν</span> <span class='ocrx_word' id='word_1_348' title='bbox 1053 3283 1196 3336; x_wconf 86' lang='grc' dir='ltr'><strong>κατά</strong></span> <span class='ocrx_word' id='word_1_349' title='bbox 1223 3280 1312 3334; x_wconf 75' lang='grc' dir='ltr'>τοῦ</span> <span class='ocrx_word' id='word_1_350' title='bbox 1337 3278 1627 3350; x_wconf 84' lang='grc' dir='ltr'>τυράννου,</span> <span class='ocrx_word' id='word_1_351' title='bbox 1654 3275 1926 3345; x_wconf 84' lang='grc' dir='ltr'>σωτηρίας</span> 
     </span>
    </p>
   </div>
   <div class='ocr_carea' id='block_1_53' title="bbox 330 3366 1920 3451">
    <p class='ocr_par' dir='ltr' id='par_1_53' title="bbox 330 3366 1920 3451">
     <span class='ocr_line' id='line_1_53' title="bbox 330 3366 1920 3451; baseline -0.015 -10"><span class='ocrx_word' id='word_1_352' title='bbox 330 3386 516 3451; x_wconf 81' lang='grc' dir='ltr'>δεξιάν</span> <span class='ocrx_word' id='word_1_353' title='bbox 555 3383 727 3436; x_wconf 80' lang='grc' dir='ltr'>ἀπασι</span> <span class='ocrx_word' id='word_1_354' title='bbox 775 3382 887 3440; x_wconf 82' lang='grc' dir='ltr'>τοῖς</span> <span class='ocrx_word' id='word_1_355' title='bbox 924 3373 1321 3445; x_wconf 81' lang='grc' dir='ltr'>ἀπολλυμένοις</span> <span class='ocrx_word' id='word_1_356' title='bbox 1367 3370 1615 3432; x_wconf 85' lang='grc' dir='ltr'>ἐκτείνας</span> <span class='ocrx_word' id='word_1_357' title='bbox 1639 3384 1654 3397; x_wconf 74' lang='grc' dir='ltr'><strong><em>ο</em></strong></span> <span class='ocrx_word' id='word_1_358' title='bbox 1697 3366 1920 3435; x_wconf 81' lang='grc' dir='ltr'>παμϐα-</span> 
     </span>
    </p>
   </div>
   <div class='ocr_carea' id='block_1_54' title="bbox 332 3457 1922 3543">
    <p class='ocr_par' dir='ltr' id='par_1_54' title="bbox 332 3457 1922 3543">
     <span class='ocr_line' id='line_1_54' title="bbox 332 3457 1922 3543; baseline -0.013 -15"><span class='ocrx_word' id='word_1_359' title='bbox 332 3475 479 3528; x_wconf 89' lang='grc' dir='ltr'>σιλεῖ</span> <span class='ocrx_word' id='word_1_360' title='bbox 508 3471 629 3543; x_wconf 85' lang='grc' dir='ltr'><strong>Θεῷ</strong></span> <span class='ocrx_word' id='word_1_361' title='bbox 657 3471 753 3524; x_wconf 70' lang='grc' dir='ltr'><strong>καὶ</strong></span> <span class='ocrx_word' id='word_1_362' title='bbox 809 3467 971 3522; x_wconf 64' lang='grc' dir='ltr'>Παιδί</span> <span class='ocrx_word' id='word_1_363' title='bbox 1026 3461 1249 3536; x_wconf 84' lang='grc' dir='ltr'>Χριστῷ</span> <span class='ocrx_word' id='word_1_364' title='bbox 1298 3461 1513 3531; x_wconf 80' lang='grc' dir='ltr'>Σωτῆρι</span> <span class='ocrx_word' id='word_1_365' title='bbox 1559 3457 1777 3527; x_wconf 87' lang='grc' dir='ltr'>ποδηγῴ</span> <span class='ocrx_word' id='word_1_366' title='bbox 1828 3458 1922 3510; x_wconf 75' lang='grc' dir='ltr'><strong>καὶ</strong></span> 
     </span>
    </p>
   </div>
   <div class='ocr_carea' id='block_1_55' title="bbox 334 3547 1921 3636">
    <p class='ocr_par' dir='ltr' id='par_1_55' title="bbox 334 3547 1921 3636">
     <span class='ocr_line' id='line_1_55' title="bbox 334 3547 1921 3636; baseline -0.013 -16"><span class='ocrx_word' id='word_1_367' title='bbox 334 3566 621 3636; x_wconf 79' lang='grc' dir='ltr'>συμμάχῳ</span> <span class='ocrx_word' id='word_1_368' title='bbox 662 3560 958 3633; x_wconf 82' lang='grc' dir='ltr'>χρώμενοι,</span> <span class='ocrx_word' id='word_1_369' title='bbox 1009 3557 1192 3626; x_wconf 76' lang='grc' dir='ltr'>πατὴρ</span> <span class='ocrx_word' id='word_1_370' title='bbox 1229 3552 1637 3612; x_wconf 86' lang='grc' dir='ltr'>Κωνσταντῖνος</span> <span class='ocrx_word' id='word_1_371' title='bbox 1675 3547 1921 3618; x_wconf 78' lang='grc' dir='ltr'>βασιλεὺς</span> 
     </span>
    </p>
   </div>
   <div class='ocr_carea' id='block_1_56' title="bbox 332 3639 1923 3728">
    <p class='ocr_par' dir='ltr' id='par_1_56' title="bbox 332 3639 1923 3728">
     <span class='ocr_line' id='line_1_56' title="bbox 332 3639 1923 3728; baseline -0.013 -18"><span class='ocrx_word' id='word_1_372' title='bbox 332 3657 460 3728; x_wconf 74' lang='grc' dir='ltr'>ἅμα.</span> <span class='ocrx_word' id='word_1_373' title='bbox 491 3654 592 3723; x_wconf 81' lang='grc' dir='ltr'><strong>υἱῷ</strong></span> <span class='ocrx_word' id='word_1_374' title='bbox 639 3651 856 3722; x_wconf 84' lang='grc' dir='ltr'>βασιλεῖ</span> <span class='ocrx_word' id='word_1_375' title='bbox 908 3647 1165 3717; x_wconf 79' lang='grc' dir='ltr'>Κρίσπῳ,</span> <span class='ocrx_word' id='word_1_376' title='bbox 1211 3645 1380 3714; x_wconf 81' lang='grc' dir='ltr'>ἀμφω</span> <span class='ocrx_word' id='word_1_377' title='bbox 1430 3640 1615 3711; x_wconf 82' lang='grc' dir='ltr'>κύκλῳ</span> <span class='ocrx_word' id='word_1_378' title='bbox 1658 3639 1923 3699; x_wconf 86' lang='grc' dir='ltr'>διελόντες</span> 
     </span>
    </p>
   </div>
   <div class='ocr_carea' id='block_1_57' title="bbox 331 3728 1925 3819">
    <p class='ocr_par' dir='ltr' id='par_1_57' title="bbox 331 3728 1925 3819">
     <span class='ocr_line' id='line_1_57' title="bbox 331 3728 1925 3819; baseline -0.013 -19"><span class='ocrx_word' id='word_1_379' title='bbox 331 3749 441 3819; x_wconf 80' lang='grc' dir='ltr'>τὴν</span> <span class='ocrx_word' id='word_1_380' title='bbox 479 3745 623 3797; x_wconf 87' lang='grc' dir='ltr'><strong>κατά</strong></span> <span class='ocrx_word' id='word_1_381' title='bbox 670 3741 779 3795; x_wconf 84' lang='grc' dir='ltr'><strong>τῶν</strong></span> <span class='ocrx_word' id='word_1_382' title='bbox 826 3738 1098 3810; x_wconf 84' lang='grc' dir='ltr'>θεομισῶν</span> <span class='ocrx_word' id='word_1_383' title='bbox 1126 3733 1455 3807; x_wconf 79' lang='grc' dir='ltr'>παράταξιν,</span> <span class='ocrx_word' id='word_1_384' title='bbox 1495 3731 1682 3804; x_wconf 77' lang='grc' dir='ltr'>ῥᾳδίαν</span> <span class='ocrx_word' id='word_1_385' title='bbox 1713 3728 1811 3798; x_wconf 80' lang='grc' dir='ltr'><strong>τὴν</strong></span> <span class='ocrx_word' id='word_1_386' title='bbox 1845 3728 1925 3780; x_wconf 88' lang='grc' dir='ltr'>νί-</span> 
     </span>
    </p>
   </div>
   <div class='ocr_carea' id='block_1_58' title="bbox 332 3821 1924 3908">
    <p class='ocr_par' dir='ltr' id='par_1_58' title="bbox 332 3821 1924 3908">
     <span class='ocr_line' id='line_1_58' title="bbox 332 3821 1924 3908; baseline -0.014 -15"><span class='ocrx_word' id='word_1_387' title='bbox 332 3855 449 3908; x_wconf 83' lang='grc' dir='ltr'><strong>κην</strong></span> <span class='ocrx_word' id='word_1_388' title='bbox 478 3836 868 3906; x_wconf 76' lang='grc' dir='ltr'>ἀποφέρονται,</span> <span class='ocrx_word' id='word_1_389' title='bbox 920 3831 1030 3883; x_wconf 83' lang='grc' dir='ltr'><strong>τῶν</strong></span> <span class='ocrx_word' id='word_1_390' title='bbox 1067 3827 1209 3882; x_wconf 86' lang='grc' dir='ltr'><strong>κατά</strong></span> <span class='ocrx_word' id='word_1_391' title='bbox 1254 3826 1355 3896; x_wconf 78' lang='grc' dir='ltr'><strong>την</strong></span> <span class='ocrx_word' id='word_1_392' title='bbox 1398 3821 1672 3894; x_wconf 81' lang='grc' dir='ltr'>συμϐολὴν</span> <span class='ocrx_word' id='word_1_393' title='bbox 1705 3821 1924 3874; x_wconf 84' lang='grc' dir='ltr'>πάντων</span> 
     </span>
    </p>
   </div>
   <div class='ocr_carea' id='block_1_59' title="bbox 333 3910 1923 4000">
    <p class='ocr_par' dir='ltr' id='par_1_59' title="bbox 333 3910 1923 4000">
     <span class='ocr_line' id='line_1_59' title="bbox 333 3910 1923 4000; baseline -0.014 -16"><span class='ocrx_word' id='word_1_394' title='bbox 333 3925 850 4000; x_wconf 71' lang='grc' dir='ltr'>ἐξευμαρισθέντων</span> <span class='ocrx_word' id='word_1_395' title='bbox 878 3923 1063 3984; x_wconf 75' lang='grc' dir='ltr'>αὐτοῖς</span> <span class='ocrx_word' id='word_1_396' title='bbox 1107 3919 1201 3973; x_wconf 76' lang='grc' dir='ltr'><strong>καὶ</strong></span> <span class='ocrx_word' id='word_1_397' title='bbox 1242 3916 1385 3971; x_wconf 85' lang='grc' dir='ltr'>κατὰ</span> <span class='ocrx_word' id='word_1_398' title='bbox 1418 3914 1642 3985; x_wconf 85' lang='grc' dir='ltr'>γνώμην</span> <span class='ocrx_word' id='word_1_399' title='bbox 1681 3913 1788 3965; x_wconf 84' lang='grc' dir='ltr'><strong>ὐπὸ</strong></span> <span class='ocrx_word' id='word_1_400' title='bbox 1829 3910 1923 3964; x_wconf 75' lang='grc' dir='ltr'>τοῦ</span> 
     </span>
    </p>
   </div>
   <div class='ocr_carea' id='block_1_60' title="bbox 334 4002 1926 4089">
    <p class='ocr_par' dir='ltr' id='par_1_60' title="bbox 334 4002 1926 4089">
     <span class='ocr_line' id='line_1_60' title="bbox 334 4002 1926 4089; baseline -0.013 -15"><span class='ocrx_word' id='word_1_401' title='bbox 334 4039 421 4075; x_wconf 81' lang='grc' dir='ltr'><strong>πα</strong></span> <span class='ocrx_word' id='word_1_402' title='bbox 432 4016 736 4089; x_wconf 84' lang='grc' dir='ltr'>μϐασιλέως</span> <span class='ocrx_word' id='word_1_403' title='bbox 759 4012 917 4077; x_wconf 80' lang='grc' dir='ltr'>Θεοῦ,</span> <span class='ocrx_word' id='word_1_404' title='bbox 944 4010 1088 4065; x_wconf 86' lang='grc' dir='ltr'><strong>καθά</strong></span> <span class='ocrx_word' id='word_1_405' title='bbox 1114 4025 1279 4079; x_wconf 75' lang='grc' dir='ltr'>φησιν</span> <span class='ocrx_word' id='word_1_406' title='bbox 1298 4008 1326 4061; x_wconf 92' lang='lat'><strong>6</strong></span> <span class='ocrx_word' id='word_1_407' title='bbox 1350 4004 1802 4075; x_wconf 85' lang='grc' dir='ltr'>φιλαληθέστατος</span> <span class='ocrx_word' id='word_1_408' title='bbox 1824 4002 1926 4054; x_wconf 86' lang='grc' dir='ltr'><strong>Εὐ-</strong></span> 
     </span>
    </p>
   </div>
   <div class='ocr_carea' id='block_1_61' title="bbox 336 4093 1922 4174">
    <p class='ocr_par' dir='ltr' id='par_1_61' title="bbox 336 4093 1922 4174">
     <span class='ocr_line' id='line_1_61' title="bbox 336 4093 1922 4174; baseline -0.013 -8"><span class='ocrx_word' id='word_1_409' title='bbox 336 4111 530 4173; x_wconf 87' lang='grc' dir='ltr'>σέϐιος</span> <span class='ocrx_word' id='word_1_410' title='bbox 564 4111 594 4162; x_wconf 92' lang='lat'><strong>6</strong></span> <span class='ocrx_word' id='word_1_411' title='bbox 633 4106 726 4160; x_wconf 79' lang='grc' dir='ltr'><strong>τοῦ</strong></span> <span class='ocrx_word' id='word_1_412' title='bbox 761 4104 1124 4174; x_wconf 84' lang='grc' dir='ltr'>πανευφήμου</span> <span class='ocrx_word' id='word_1_413' title='bbox 1161 4100 1472 4169; x_wconf 87' lang='grc' dir='ltr'>Παμφίλου.</span> <span class='ocrx_word' id='word_1_414' title='bbox 1520 4098 1801 4165; x_wconf 83' lang='grc' dir='ltr'>Ῥουφῖνος</span> <span class='ocrx_word' id='word_1_415' title='bbox 1843 4093 1922 4157; x_wconf 80' lang='grc' dir='ltr'><strong>δὲ,</strong></span> 
     </span>
    </p>
   </div>
   <div class='ocr_carea' id='block_1_62' title="bbox 334 4185 1926 4274">
    <p class='ocr_par' dir='ltr' id='par_1_62' title="bbox 334 4185 1926 4274">
     <span class='ocr_line' id='line_1_62' title="bbox 334 4185 1926 4274; baseline -0.011 -20"><span class='ocrx_word' id='word_1_416' title='bbox 334 4203 535 4274; x_wconf 66' lang='grc' dir='ltr'>φησὶν,</span> <span class='ocrx_word' id='word_1_417' title='bbox 566 4202 614 4253; x_wconf 88' lang='grc' dir='ltr'><strong>εί</strong></span> <span class='ocrx_word' id='word_1_418' title='bbox 639 4200 732 4252; x_wconf 72' lang='grc' dir='ltr'><strong>καὶ</strong></span> <span class='ocrx_word' id='word_1_419' title='bbox 768 4195 1037 4266; x_wconf 82' lang='grc' dir='ltr'>μηδεμίαν</span> <span class='ocrx_word' id='word_1_420' title='bbox 1063 4196 1256 4264; x_wconf 86' lang='grc' dir='ltr'>μοῖραν</span> <span class='ocrx_word' id='word_1_421' title='bbox 1289 4190 1398 4243; x_wconf 86' lang='grc' dir='ltr'>τῶν</span> <span class='ocrx_word' id='word_1_422' title='bbox 1424 4187 1804 4258; x_wconf 82' lang='grc' dir='ltr'>γεγενημένων</span> <span class='ocrx_word' id='word_1_423' title='bbox 1833 4185 1926 4238; x_wconf 87' lang='grc' dir='ltr'><strong>ἐπί</strong></span> 
     </span>
    </p>
   </div>
   <div class='ocr_carea' id='block_1_63' title="bbox 334 4273 1928 4357">
    <p class='ocr_par' dir='ltr' id='par_1_63' title="bbox 334 4273 1928 4357">
     <span class='ocr_line' id='line_1_63' title="bbox 334 4273 1928 4357; baseline -0.013 -9"><span class='ocrx_word' id='word_1_424' title='bbox 334 4273 594 4348; x_wconf 80' lang='grc' dir='ltr'>Λικινίου</span> <span class='ocrx_word' id='word_1_425' title='bbox 627 4285 973 4357; x_wconf 78' lang='grc' dir='ltr'>πραγμάτων</span> <span class='ocrx_word' id='word_1_426' title='bbox 1002 4284 1431 4353; x_wconf 75' lang='grc' dir='ltr'>ἐμνημόνευσεν,</span> <span class='ocrx_word' id='word_1_427' title='bbox 1464 4279 1612 4348; x_wconf 87' lang='grc' dir='ltr'>ὅμως</span> <span class='ocrx_word' id='word_1_428' title='bbox 1659 4277 1754 4330; x_wconf 75' lang='grc' dir='ltr'><strong>καὶ</strong></span> <span class='ocrx_word' id='word_1_429' title='bbox 1787 4273 1928 4328; x_wconf 84' lang='grc' dir='ltr'>αὐτὰ</span> 
     </span>
    </p>
   </div>
   <div class='ocr_carea' id='block_1_64' title="bbox 334 4364 1930 4451">
    <p class='ocr_par' dir='ltr' id='par_1_64' title="bbox 334 4364 1930 4451">
     <span class='ocr_line' id='line_1_64' title="bbox 334 4364 1930 4451; baseline -0.013 -14"><span class='ocrx_word' id='word_1_430' title='bbox 334 4385 414 4438; x_wconf 77' lang='grc' dir='ltr'>τὰ</span> <span class='ocrx_word' id='word_1_431' title='bbox 447 4380 651 4446; x_wconf 85' lang='grc' dir='ltr'>λεξίδια</span> <span class='ocrx_word' id='word_1_432' title='bbox 679 4377 774 4451; x_wconf 71' lang='grc' dir='ltr'>τοῦ</span> <span class='ocrx_word' id='word_1_433' title='bbox 818 4374 1225 4447; x_wconf 75' lang='grc' dir='ltr'>προρῤηθέντος</span> <span class='ocrx_word' id='word_1_434' title='bbox 1256 4368 1678 4438; x_wconf 81' lang='grc' dir='ltr'>ἀναλεξάμενος,</span> <span class='ocrx_word' id='word_1_435' title='bbox 1718 4364 1930 4451; x_wconf 68' lang='grc' dir='ltr'>ἐνθήσω</span> 
     </span>
    </p>
   </div>
   <div class='ocr_carea' id='block_1_65' title="bbox 334 4450 1930 4545">
    <p class='ocr_par' dir='ltr' id='par_1_65' title="bbox 334 4450 1930 4545">
     <span class='ocr_line' id='line_1_65' title="bbox 334 4450 1930 4545; baseline -0.014 -17"><span class='ocrx_word' id='word_1_436' title='bbox 334 4477 410 4545; x_wconf 78' lang='grc' dir='ltr'>τῇ</span> <span class='ocrx_word' id='word_1_437' title='bbox 473 4450 788 4539; x_wconf 77' lang='grc' dir='ltr'>συγγραφῇ.</span> <span class='ocrx_word' id='word_1_438' title='bbox 829 4466 970 4534; x_wconf 72' lang='grc' dir='ltr'>Φησὶ</span> <span class='ocrx_word' id='word_1_439' title='bbox 1003 4463 1059 4514; x_wconf 80' lang='grc' dir='ltr'>δὲ</span> <span class='ocrx_word' id='word_1_440' title='bbox 1104 4455 1291 4524; x_wconf 74' lang='grc' dir='ltr'>οὗτος·</span> <span class='ocrx_word' id='word_1_441' title='bbox 1347 4460 1585 4520; x_wconf 83' lang='grc' dir='ltr'>Λικίνιος</span> <span class='ocrx_word' id='word_1_442' title='bbox 1637 4457 1736 4527; x_wconf 89' lang='grc' dir='ltr'><strong>μέν</strong></span> <span class='ocrx_word' id='word_1_443' title='bbox 1778 4450 1871 4508; x_wconf 85' lang='grc' dir='ltr'><strong>οὖν</strong></span> <span class='ocrx_word' id='word_1_444' title='bbox 1900 4453 1930 4505; x_wconf 80' lang='lat'><strong>6</strong></span> 
     </span>
    </p>
   </div>
   <div class='ocr_carea' id='block_1_66' title="bbox 338 4546 1931 4634">
    <p class='ocr_par' dir='ltr' id='par_1_66' title="bbox 338 4546 1931 4634">
     <span class='ocr_line' id='line_1_66' title="bbox 338 4546 1931 4634; baseline -0.014 -16"><span class='ocrx_word' id='word_1_445' title='bbox 338 4558 789 4634; x_wconf 78' lang='grc' dir='ltr'>συμϐασιλεύων,</span> <span class='ocrx_word' id='word_1_446' title='bbox 819 4553 967 4623; x_wconf 81' lang='grc' dir='ltr'>αὐτῷ</span> <span class='ocrx_word' id='word_1_447' title='bbox 995 4551 1238 4621; x_wconf 66' lang='grc' dir='ltr'>δηλονότι</span> <span class='ocrx_word' id='word_1_448' title='bbox 1277 4548 1357 4619; x_wconf 84' lang='grc' dir='ltr'>τῷ</span> <span class='ocrx_word' id='word_1_449' title='bbox 1389 4546 1597 4619; x_wconf 84' lang='grc' dir='ltr'>βασιλεί</span> <span class='ocrx_word' id='word_1_450' title='bbox 1640 4546 1931 4598; x_wconf 81' lang='grc' dir='ltr'>Κωνσταν-</span> 
     </span>
    </p>
   </div>
   <div class='ocr_carea' id='block_1_67' title="bbox 335 4641 1930 4729">
    <p class='ocr_par' dir='ltr' id='par_1_67' title="bbox 335 4641 1930 4729">
     <span class='ocr_line' id='line_1_67' title="bbox 335 4641 1930 4729; baseline -0.014 -16"><span class='ocrx_word' id='word_1_451' title='bbox 335 4662 499 4729; x_wconf 81' lang='grc' dir='ltr'>τίνῳ,</span> <span class='ocrx_word' id='word_1_452' title='bbox 549 4658 649 4718; x_wconf 73' lang='grc' dir='ltr'>τὰς</span> <span class='ocrx_word' id='word_1_453' title='bbox 694 4649 1018 4722; x_wconf 79' lang='grc' dir='ltr'>Ἑλληνικάς</span> <span class='ocrx_word' id='word_1_454' title='bbox 1056 4647 1197 4717; x_wconf 75' lang='grc' dir='ltr'>ἔχων</span> <span class='ocrx_word' id='word_1_455' title='bbox 1238 4645 1420 4710; x_wconf 83' lang='grc' dir='ltr'>δόξας,</span> <span class='ocrx_word' id='word_1_456' title='bbox 1464 4643 1641 4714; x_wconf 85' lang='grc' dir='ltr'>ἐμίσει</span> <span class='ocrx_word' id='word_1_457' title='bbox 1667 4641 1930 4710; x_wconf 80' lang='grc' dir='ltr'>Χριστια-</span> 
     </span>
    </p>
   </div>
   <div class='ocr_carea' id='block_1_68' title="bbox 335 4730 1929 4814">
    <p class='ocr_par' dir='ltr' id='par_1_68' title="bbox 335 4730 1929 4814">
     <span class='ocr_line' id='line_1_68' title="bbox 335 4730 1929 4814; baseline -0.015 -8"><span class='ocrx_word' id='word_1_458' title='bbox 335 4752 472 4814; x_wconf 77' lang='grc' dir='ltr'>νούς</span> <span class='ocrx_word' id='word_1_459' title='bbox 496 4767 510 4780; x_wconf 76' lang='grc' dir='ltr'><strong>ο</strong></span> <span class='ocrx_word' id='word_1_460' title='bbox 544 4749 638 4801; x_wconf 81' lang='grc' dir='ltr'><strong>καὶ</strong></span> <span class='ocrx_word' id='word_1_461' title='bbox 661 4743 901 4813; x_wconf 82' lang='grc' dir='ltr'>διωγμὸν</span> <span class='ocrx_word' id='word_1_462' title='bbox 944 4742 1042 4811; x_wconf 84' lang='grc' dir='ltr'>μὲν</span> <span class='ocrx_word' id='word_1_463' title='bbox 1076 4738 1331 4808; x_wconf 83' lang='grc' dir='ltr'>προφανῆ</span> <span class='ocrx_word' id='word_1_464' title='bbox 1377 4737 1498 4788; x_wconf 84' lang='grc' dir='ltr'>κατ’</span> <span class='ocrx_word' id='word_1_465' title='bbox 1544 4733 1722 4787; x_wconf 83' lang='grc' dir='ltr'>αὐτῶν</span> <span class='ocrx_word' id='word_1_466' title='bbox 1775 4730 1929 4801; x_wconf 82' lang='grc' dir='ltr'>φόϐῳ</span> 
     </span>
    </p>
   </div>
   <div class='ocr_carea' id='block_1_69' title="bbox 333 4823 1927 4909">
    <p class='ocr_par' dir='ltr' id='par_1_69' title="bbox 333 4823 1927 4909">
     <span class='ocr_line' id='line_1_69' title="bbox 333 4823 1927 4909; baseline -0.013 -15"><span class='ocrx_word' id='word_1_467' title='bbox 333 4843 443 4895; x_wconf 70' lang='grc' dir='ltr'>τοῦ</span> <span class='ocrx_word' id='word_1_468' title='bbox 475 4838 740 4909; x_wconf 86' lang='grc' dir='ltr'>βασιλέως</span> <span class='ocrx_word' id='word_1_469' title='bbox 764 4831 1182 4889; x_wconf 83' lang='grc' dir='ltr'>Κωνσταντίνου</span> <span class='ocrx_word' id='word_1_470' title='bbox 1215 4830 1384 4881; x_wconf 85' lang='grc' dir='ltr'>κινεῖν</span> <span class='ocrx_word' id='word_1_471' title='bbox 1428 4825 1804 4886; x_wconf 83' lang='grc' dir='ltr'>ὑπεστέλλετο,</span> <span class='ocrx_word' id='word_1_472' title='bbox 1837 4823 1927 4875; x_wconf 86' lang='grc' dir='ltr'>λε-</span> 
     </span>
    </p>
   </div>
   <div class='ocr_carea' id='block_1_70' title="bbox 333 4912 1929 5000">
    <p class='ocr_par' dir='ltr' id='par_1_70' title="bbox 333 4912 1929 5000">
     <span class='ocr_line' id='line_1_70' title="bbox 333 4912 1929 5000; baseline -0.013 -17"><span class='ocrx_word' id='word_1_473' title='bbox 333 4929 587 5000; x_wconf 80' lang='grc' dir='ltr'>ληθότως</span> <span class='ocrx_word' id='word_1_474' title='bbox 621 4926 678 4980; x_wconf 79' lang='grc' dir='ltr'>δὲ</span> <span class='ocrx_word' id='word_1_475' title='bbox 713 4923 943 4983; x_wconf 81' lang='grc' dir='ltr'>πολλοὺς</span> <span class='ocrx_word' id='word_1_476' title='bbox 972 4921 1350 4988; x_wconf 82' lang='grc' dir='ltr'>ἐσκευωρεῖτο.</span> <span class='ocrx_word' id='word_1_477' title='bbox 1387 4912 1597 4985; x_wconf 84' lang='grc' dir='ltr'>Προϊὼν</span> <span class='ocrx_word' id='word_1_478' title='bbox 1639 4913 1718 4973; x_wconf 81' lang='grc' dir='ltr'><strong>δὲ,</strong></span> <span class='ocrx_word' id='word_1_479' title='bbox 1765 4928 1929 4977; x_wconf 84' lang='grc' dir='ltr'>φανε-</span> 
     </span>
    </p>
   </div>
   <div class='ocr_carea' id='block_1_71' title="bbox 340 5003 1929 5097">
    <p class='ocr_par' dir='ltr' id='par_1_71' title="bbox 340 5003 1929 5097">
     <span class='ocr_line' id='line_1_71' title="bbox 340 5003 1929 5097; baseline -0.015 -20"><span class='ocrx_word' id='word_1_480' title='bbox 340 5024 465 5097; x_wconf 85' lang='grc' dir='ltr'><strong>ρῶς</strong></span> <span class='ocrx_word' id='word_1_481' title='bbox 485 5022 576 5075; x_wconf 72' lang='grc' dir='ltr'>τὸν</span> <span class='ocrx_word' id='word_1_482' title='bbox 605 5019 748 5073; x_wconf 85' lang='grc' dir='ltr'>κατὰ</span> <span class='ocrx_word' id='word_1_483' title='bbox 776 5016 1000 5070; x_wconf 85' lang='grc' dir='ltr'>πάντων</span> <span class='ocrx_word' id='word_1_484' title='bbox 1022 5010 1263 5080; x_wconf 70' lang='grc' dir='ltr'>διωγμὸν</span> <span class='ocrx_word' id='word_1_485' title='bbox 1286 5005 1529 5060; x_wconf 82' lang='grc' dir='ltr'>ἀνεκίνει</span> <span class='ocrx_word' id='word_1_486' title='bbox 1552 5005 1610 5057; x_wconf 83' lang='grc' dir='ltr'><strong>ἐν</strong></span> <span class='ocrx_word' id='word_1_487' title='bbox 1637 5005 1749 5065; x_wconf 84' lang='grc' dir='ltr'>τοῖς</span> <span class='ocrx_word' id='word_1_488' title='bbox 1778 5003 1929 5054; x_wconf 78' lang='grc' dir='ltr'>Ἀνα-</span> 
     </span>
    </p>
   </div>
   <div class='ocr_carea' id='block_1_72' title="bbox 337 5094 1929 5184">
    <p class='ocr_par' dir='ltr' id='par_1_72' title="bbox 337 5094 1929 5184">
     <span class='ocr_line' id='line_1_72' title="bbox 337 5094 1929 5184; baseline -0.018 -14"><span class='ocrx_word' id='word_1_489' title='bbox 337 5094 512 5184; x_wconf 59' lang='grc' dir='ltr'>τολῆς</span> <span class='ocrx_word' id='word_1_490' title='bbox 541 5112 746 5175; x_wconf 88' lang='grc' dir='ltr'>τόποις,</span> <span class='ocrx_word' id='word_1_491' title='bbox 772 5109 848 5170; x_wconf 81' lang='grc' dir='ltr'>ὡς</span> <span class='ocrx_word' id='word_1_492' title='bbox 877 5105 970 5159; x_wconf 57' lang='grc' dir='ltr'><strong>καί¹</strong></span> <span class='ocrx_word' id='word_1_493' title='bbox 1000 5101 1229 5164; x_wconf 83' lang='grc' dir='ltr'>πολλοὺς</span> <span class='ocrx_word' id='word_1_494' title='bbox 1254 5098 1346 5153; x_wconf 78' lang='grc' dir='ltr'>τοῦ</span> <span class='ocrx_word' id='word_1_495' title='bbox 1372 5095 1610 5167; x_wconf 85' lang='grc' dir='ltr'>Χριστοῦ</span> <span class='ocrx_word' id='word_1_496' title='bbox 1646 5094 1929 5163; x_wconf 84' lang='grc' dir='ltr'>μάρτυρας</span> 
     </span>
    </p>
   </div>
   <div class='ocr_carea' id='block_1_73' title="bbox 339 5183 1930 5275">
    <p class='ocr_par' dir='ltr' id='par_1_73' title="bbox 339 5183 1930 5275">
     <span class='ocr_line' id='line_1_73' title="bbox 339 5183 1930 5275; baseline -0.018 -13"><span class='ocrx_word' id='word_1_497' title='bbox 339 5183 738 5275; x_wconf 78' lang='grc' dir='ltr'>ἀναδειχθῆναι</span> <span class='ocrx_word' id='word_1_498' title='bbox 773 5203 831 5254; x_wconf 90' lang='grc' dir='ltr'><strong>ἐν</strong></span> <span class='ocrx_word' id='word_1_499' title='bbox 859 5196 1133 5265; x_wconf 79' lang='grc' dir='ltr'>διαφόροις</span> <span class='ocrx_word' id='word_1_500' title='bbox 1171 5192 1377 5253; x_wconf 85' lang='grc' dir='ltr'>τόποις,</span> <span class='ocrx_word' id='word_1_501' title='bbox 1424 5191 1489 5241; x_wconf 85' lang='grc' dir='ltr'><strong>ἐκ</strong></span> <span class='ocrx_word' id='word_1_502' title='bbox 1521 5186 1586 5258; x_wconf 85' lang='grc' dir='ltr'>δὴ</span> <span class='ocrx_word' id='word_1_503' title='bbox 1621 5186 1813 5238; x_wconf 79' lang='grc' dir='ltr'>τούτου</span> <span class='ocrx_word' id='word_1_504' title='bbox 1849 5183 1930 5245; x_wconf 84' lang='grc' dir='ltr'><strong>είς</strong></span> 
     </span>
    </p>
   </div>
   <div class='ocr_carea' id='block_1_74' title="bbox 338 5275 1931 5369">
    <p class='ocr_par' dir='ltr' id='par_1_74' title="bbox 338 5275 1931 5369">
     <span class='ocr_line' id='line_1_74' title="bbox 338 5275 1931 5369; baseline -0.016 -15"><span class='ocrx_word' id='word_1_505' title='bbox 338 5297 651 5369; x_wconf 78' lang='grc' dir='ltr'>ἀπέχθειαν</span> <span class='ocrx_word' id='word_1_506' title='bbox 704 5292 806 5363; x_wconf 83' lang='grc' dir='ltr'>τὴν</span> <span class='ocrx_word' id='word_1_507' title='bbox 855 5289 993 5360; x_wconf 79' lang='grc' dir='ltr'>πρὸς</span> <span class='ocrx_word' id='word_1_508' title='bbox 1043 5285 1208 5339; x_wconf 84' lang='grc' dir='ltr'>αὐτὸν</span> <span class='ocrx_word' id='word_1_509' title='bbox 1260 5281 1525 5353; x_wconf 83' lang='grc' dir='ltr'>μεγίστην</span> <span class='ocrx_word' id='word_1_510' title='bbox 1577 5278 1668 5330; x_wconf 79' lang='grc' dir='ltr'><strong>τὸν</strong></span> <span class='ocrx_word' id='word_1_511' title='bbox 1705 5275 1931 5346; x_wconf 84' lang='grc' dir='ltr'>βασιλέα</span> 
     </span>
    </p>
   </div>
   <div class='ocr_carea' id='block_1_75' title="bbox 340 5368 1929 5451">
    <p class='ocr_par' dir='ltr' id='par_1_75' title="bbox 340 5368 1929 5451">
     <span class='ocr_line' id='line_1_75' title="bbox 340 5368 1929 5451; baseline -0.019 -3"><span class='ocrx_word' id='word_1_512' title='bbox 340 5368 764 5449; x_wconf 80' lang='grc' dir='ltr'>Κωνσταντῖνον</span> <span class='ocrx_word' id='word_1_513' title='bbox 815 5383 1088 5451; x_wconf 83' lang='grc' dir='ltr'>ἐκίνησεν.</span> <span class='ocrx_word' id='word_1_514' title='bbox 1121 5373 1304 5430; x_wconf 88' lang='grc' dir='ltr'>Ἦσαν</span> <span class='ocrx_word' id='word_1_515' title='bbox 1357 5373 1415 5427; x_wconf 80' lang='grc' dir='ltr'><strong>δὲ</strong></span> <span class='ocrx_word' id='word_1_516' title='bbox 1472 5370 1612 5442; x_wconf 70' lang='grc' dir='ltr'>πρὸς</span> <span class='ocrx_word' id='word_1_517' title='bbox 1666 5368 1929 5438; x_wconf 87' lang='grc' dir='ltr'>ἀλλήλους</span> 
     </span>
    </p>
   </div>
   <div class='ocr_carea' id='block_1_76' title="bbox 337 5462 1932 5551">
    <p class='ocr_par' dir='ltr' id='par_1_76' title="bbox 337 5462 1932 5551">
     <span class='ocr_line' id='line_1_76' title="bbox 337 5462 1932 5551; baseline -0.016 -14"><span class='ocrx_word' id='word_1_518' title='bbox 337 5481 625 5551; x_wconf 76' lang='grc' dir='ltr'>πολέμιοι.</span> <span class='ocrx_word' id='word_1_519' title='bbox 651 5476 835 5530; x_wconf 73' lang='grc' dir='ltr'>Ταῦτα</span> <span class='ocrx_word' id='word_1_520' title='bbox 866 5474 962 5542; x_wconf 81' lang='grc' dir='ltr'><strong>μὲν</strong></span> <span class='ocrx_word' id='word_1_521' title='bbox 991 5463 1166 5531; x_wconf 69' lang='grc' dir='ltr'>οὗτος.</span> <span class='ocrx_word' id='word_1_522' title='bbox 1216 5466 1281 5521; x_wconf 84' lang='grc' dir='ltr'><strong>Οἱ</strong></span> <span class='ocrx_word' id='word_1_523' title='bbox 1314 5465 1373 5516; x_wconf 84' lang='grc' dir='ltr'><strong>δέ</strong></span> <span class='ocrx_word' id='word_1_524' title='bbox 1423 5463 1621 5525; x_wconf 72' lang='grc' dir='ltr'>λοιποὶ,</span> <span class='ocrx_word' id='word_1_525' title='bbox 1669 5462 1785 5514; x_wconf 84' lang='grc' dir='ltr'>ὅσοι</span> <span class='ocrx_word' id='word_1_526' title='bbox 1830 5462 1932 5529; x_wconf 77' lang='grc' dir='ltr'><strong>τῆς</strong></span> 
     </span>
    </p>
   </div>
   <div class='ocr_carea' id='block_1_77' title="bbox 335 5552 1939 5633">
    <p class='ocr_par' dir='ltr' id='par_1_77' title="bbox 335 5552 1939 5633">
     <span class='ocr_line' id='line_1_77' title="bbox 335 5552 1939 5633; baseline -0.014 -5"><span class='ocrx_word' id='word_1_527' title='bbox 335 5574 616 5630; x_wconf 83' lang='grc' dir='ltr'>Εὐσεϐίου</span> <span class='ocrx_word' id='word_1_528' title='bbox 664 5569 759 5623; x_wconf 81' lang='grc' dir='ltr'>τοῦ</span> <span class='ocrx_word' id='word_1_529' title='bbox 814 5564 1104 5633; x_wconf 79' lang='grc' dir='ltr'>Παμφίλου</span> <span class='ocrx_word' id='word_1_530' title='bbox 1159 5559 1416 5630; x_wconf 86' lang='grc' dir='ltr'>ἀληθείας</span> <span class='ocrx_word' id='word_1_531' title='bbox 1480 5557 1804 5631; x_wconf 75' lang='grc' dir='ltr'>συνήγοροι,</span> <span class='ocrx_word' id='word_1_532' title='bbox 1860 5552 1939 5606; x_wconf 83' lang='grc' dir='ltr'>δι-</span> 
     </span>
    </p>
   </div>
   <div class='ocr_carea' id='block_1_78' title="bbox 352 5646 1940 5730">
    <p class='ocr_par' dir='ltr' id='par_1_78' title="bbox 352 5646 1940 5730">
     <span class='ocr_line' id='line_1_78' title="bbox 352 5646 1940 5730; baseline -0.015 -10"><span class='ocrx_word' id='word_1_533' title='bbox 352 5664 598 5727; x_wconf 81' lang='grc' dir='ltr'>ελόντες,</span> <span class='ocrx_word' id='word_1_534' title='bbox 637 5663 825 5730; x_wconf 70' lang='grc' dir='ltr'>φασὶν,</span> <span class='ocrx_word' id='word_1_535' title='bbox 881 5657 1049 5725; x_wconf 82' lang='grc' dir='ltr'>ἄμφω</span> <span class='ocrx_word' id='word_1_536' title='bbox 1098 5651 1197 5723; x_wconf 86' lang='grc' dir='ltr'>τὴν</span> <span class='ocrx_word' id='word_1_537' title='bbox 1239 5649 1522 5720; x_wconf 85' lang='grc' dir='ltr'>στρατιὰν,</span> <span class='ocrx_word' id='word_1_538' title='bbox 1569 5646 1752 5716; x_wconf 74' lang='grc' dir='ltr'>πατὴρ</span> <span class='ocrx_word' id='word_1_539' title='bbox 1783 5647 1940 5698; x_wconf 86' lang='grc' dir='ltr'>Κων-</span> 
     </span>
    </p>
   </div>
   <div class='ocr_carea' id='block_1_79' title="bbox 353 5736 1939 5820">
    <p class='ocr_par' dir='ltr' id='par_1_79' title="bbox 353 5736 1939 5820">
     <span class='ocr_line' id='line_1_79' title="bbox 353 5736 1939 5820; baseline -0.015 -8"><span class='ocrx_word' id='word_1_540' title='bbox 353 5756 647 5816; x_wconf 79' lang='grc' dir='ltr'>σταντῖνος</span> <span class='ocrx_word' id='word_1_541' title='bbox 709 5747 990 5820; x_wconf 77' lang='grc' dir='ltr'>βασιλεὺς,</span> <span class='ocrx_word' id='word_1_542' title='bbox 1043 5744 1136 5798; x_wconf 68' lang='grc' dir='ltr'>καὶ</span> <span class='ocrx_word' id='word_1_543' title='bbox 1185 5741 1299 5805; x_wconf 78' lang='grc' dir='ltr'>υἱὸς</span> <span class='ocrx_word' id='word_1_544' title='bbox 1356 5739 1602 5811; x_wconf 85' lang='grc' dir='ltr'>Κρίσπος</span> <span class='ocrx_word' id='word_1_545' title='bbox 1649 5736 1939 5809; x_wconf 81' lang='grc' dir='ltr'>βασιλεὺς,</span> 
     </span>
    </p>
   </div>
   <div class='ocr_carea' id='block_1_80' title="bbox 2016 2089 3596 2159">
    <p class='ocr_par' dir='ltr' id='par_1_80' title="bbox 2016 2089 3596 2159">
     <span class='ocr_line' id='line_1_80' title="bbox 2016 2089 3596 2159; baseline -0.004 -12"><span class='ocrx_word' id='word_1_546' title='bbox 2016 2103 2124 2148; x_wconf 90' lang='lat' dir='ltr'><strong>tate</strong></span> <span class='ocrx_word' id='word_1_547' title='bbox 2164 2103 2219 2147; x_wconf 91' lang='lat' dir='ltr'><strong>et</strong></span> <span class='ocrx_word' id='word_1_548' title='bbox 2272 2092 2555 2147; x_wconf 86' lang='lat' dir='ltr'><strong>clementia</strong></span> <span class='ocrx_word' id='word_1_549' title='bbox 2608 2101 2909 2159; x_wconf 85' lang='lat' dir='ltr'><strong>temperans</strong></span> <span class='ocrx_word' id='word_1_550' title='bbox 2937 2129 2953 2152; x_wconf 94' lang='lat'><strong>,</strong></span> <span class='ocrx_word' id='word_1_551' title='bbox 3000 2105 3093 2143; x_wconf 87' lang='lat' dir='ltr'><strong>eos</strong></span> <span class='ocrx_word' id='word_1_552' title='bbox 3141 2089 3230 2158; x_wconf 89' lang='lat' dir='ltr'><strong>qui</strong></span> <span class='ocrx_word' id='word_1_553' title='bbox 3296 2089 3596 2159; x_wconf 85' lang='lat' dir='ltr'><strong>tyrannidis</strong></span> 
     </span>
    </p>
   </div>
   <div class='ocr_carea' id='block_1_81' title="bbox 2009 2183 3595 2258">
    <p class='ocr_par' dir='ltr' id='par_1_81' title="bbox 2009 2183 3595 2258">
     <span class='ocr_line' id='line_1_81' title="bbox 2009 2183 3595 2258; baseline -0.003 -19"><span class='ocrx_word' id='word_1_554' title='bbox 2009 2188 2143 2258; x_wconf 86' lang='lat' dir='ltr'><strong>jugo</strong></span> <span class='ocrx_word' id='word_1_555' title='bbox 2182 2185 2648 2256; x_wconf 80' lang='lat' dir='ltr'><strong>opprimebantur,</strong></span> <span class='ocrx_word' id='word_1_556' title='bbox 2687 2183 3216 2251; x_wconf 70' lang='lat' dir='ltr'><strong>juvandos,censet,</strong></span> <span class='ocrx_word' id='word_1_557' title='bbox 3245 2191 3405 2250; x_wconf 85' lang='lat' dir='ltr'><strong>atque</strong></span> <span class='ocrx_word' id='word_1_558' title='bbox 3456 2196 3595 2249; x_wconf 87' lang='lat' dir='ltr'><strong>pau-</strong></span> 
     </span>
    </p>
   </div>
   <div class='ocr_carea' id='block_1_82' title="bbox 2016 2272 3599 2338">
    <p class='ocr_par' dir='ltr' id='par_1_82' title="bbox 2016 2272 3599 2338">
     <span class='ocr_line' id='line_1_82' title="bbox 2016 2272 3599 2338; baseline -0.004 -6"><span class='ocrx_word' id='word_1_559' title='bbox 2016 2279 2096 2332; x_wconf 87' lang='lat' dir='ltr'><strong>cis</strong></span> <span class='ocrx_word' id='word_1_560' title='bbox 2146 2276 2367 2331; x_wconf 85' lang='lat' dir='ltr'><strong>nefariis</strong></span> <span class='ocrx_word' id='word_1_561' title='bbox 2415 2291 2447 2329; x_wconf 91' lang='lat' dir='ltr'><strong>e</strong></span> <span class='ocrx_word' id='word_1_562' title='bbox 2479 2275 2682 2329; x_wconf 79' lang='lat' dir='ltr'><strong>-medEo</strong></span> <span class='ocrx_word' id='word_1_563' title='bbox 2731 2273 2978 2338; x_wconf 87' lang='lat' dir='ltr'><strong>sublatis,</strong></span> <span class='ocrx_word' id='word_1_564' title='bbox 3032 2272 3320 2326; x_wconf 78' lang='lat' dir='ltr'><strong>maximam</strong></span> <span class='ocrx_word' id='word_1_565' title='bbox 3386 2282 3599 2325; x_wconf 81' lang='lat' dir='ltr'><strong>morta-</strong></span> 
     </span>
    </p>
   </div>
   <div class='ocr_carea' id='block_1_83' title="bbox 2021 2361 3595 2435">
    <p class='ocr_par' dir='ltr' id='par_1_83' title="bbox 2021 2361 3595 2435">
     <span class='ocr_line' id='line_1_83' title="bbox 2021 2361 3595 2435; baseline -0.005 -13"><span class='ocrx_word' id='word_1_566' title='bbox 2021 2369 2150 2422; x_wconf 80' lang='lat' dir='ltr'><strong>lium</strong></span> <span class='ocrx_word' id='word_1_567' title='bbox 2177 2375 2382 2434; x_wconf 88' lang='lat' dir='ltr'><strong>partem</strong></span> <span class='ocrx_word' id='word_1_568' title='bbox 2407 2381 2624 2421; x_wconf 85' lang='lat' dir='ltr'><strong>servare</strong></span> <span class='ocrx_word' id='word_1_569' title='bbox 2655 2374 2928 2435; x_wconf 85' lang='lat' dir='ltr'><strong>properat.</strong></span> <span class='ocrx_word' id='word_1_570' title='bbox 2967 2362 3100 2417; x_wconf 82' lang='lat' dir='ltr'><strong>Nam</strong></span> <span class='ocrx_word' id='word_1_571' title='bbox 3126 2377 3249 2419; x_wconf 90' lang='lat' dir='ltr'><strong>eum</strong></span> <span class='ocrx_word' id='word_1_572' title='bbox 3277 2370 3436 2416; x_wconf 84' lang='lat' dir='ltr'><strong>antea</strong></span> <span class='ocrx_word' id='word_1_573' title='bbox 3489 2361 3595 2415; x_wconf 90' lang='lat' dir='ltr'><strong>im-</strong></span> 
     </span>
    </p>
   </div>
   <div class='ocr_carea' id='block_1_84' title="bbox 2021 2451 3607 2528">
    <p class='ocr_par' dir='ltr' id='par_1_84' title="bbox 2021 2451 3607 2528">
     <span class='ocr_line' id='line_1_84' title="bbox 2021 2451 3607 2528; baseline -0.005 -16"><span class='ocrx_word' id='word_1_574' title='bbox 2021 2469 2242 2528; x_wconf 84' lang='lat' dir='ltr'><strong>perator</strong></span> <span class='ocrx_word' id='word_1_575' title='bbox 2283 2456 2707 2511; x_wconf 84' lang='lat' dir='ltr'><strong>humanissimus</strong></span> <span class='ocrx_word' id='word_1_576' title='bbox 2755 2455 2868 2510; x_wconf 86' lang='lat' dir='ltr'><strong>sola</strong></span> <span class='ocrx_word' id='word_1_577' title='bbox 2897 2454 3182 2508; x_wconf 83' lang='lat' dir='ltr'><strong>clementia</strong></span> <span class='ocrx_word' id='word_1_578' title='bbox 3210 2466 3339 2507; x_wconf 85' lang='lat' dir='ltr'><strong>usus</strong></span> <span class='ocrx_word' id='word_1_579' title='bbox 3373 2451 3607 2516; x_wconf 54' lang='lat' dir='ltr'><strong>fuisset,</strong></span> 
     </span>
    </p>
   </div>
   <div class='ocr_carea' id='block_1_85' title="bbox 2023 2541 3595 2610">
    <p class='ocr_par' dir='ltr' id='par_1_85' title="bbox 2023 2541 3595 2610">
     <span class='ocr_line' id='line_1_85' title="bbox 2023 2541 3595 2610; baseline -0.009 -4"><span class='ocrx_word' id='word_1_580' title='bbox 2023 2561 2081 2607; x_wconf 90' lang='lat' dir='ltr'><strong>et</strong></span> <span class='ocrx_word' id='word_1_581' title='bbox 2112 2552 2405 2605; x_wconf 86' lang='lat' dir='ltr'><strong>miseratus</strong></span> <span class='ocrx_word' id='word_1_582' title='bbox 2439 2559 2584 2602; x_wconf 88' lang='lat' dir='ltr'><strong>esset</strong></span> <span class='ocrx_word' id='word_1_583' title='bbox 2621 2545 2768 2600; x_wconf 81' lang='lat' dir='ltr'><strong>nulla</strong></span> <span class='ocrx_word' id='word_1_584' title='bbox 2814 2543 3298 2600; x_wconf 87' lang='lat' dir='ltr'><strong>commiseratione</strong></span> <span class='ocrx_word' id='word_1_585' title='bbox 3346 2541 3595 2610; x_wconf 85' lang='lat' dir='ltr'><strong>dignum,</strong></span> 
     </span>
    </p>
   </div>
   <div class='ocr_carea' id='block_1_86' title="bbox 2022 2633 3600 2710">
    <p class='ocr_par' dir='ltr' id='par_1_86' title="bbox 2022 2633 3600 2710">
     <span class='ocr_line' id='line_1_86' title="bbox 2022 2633 3600 2710; baseline -0.007 -13"><span class='ocrx_word' id='word_1_586' title='bbox 2022 2642 2189 2710; x_wconf 89' lang='lat' dir='ltr'><strong>impio</strong></span> <span class='ocrx_word' id='word_1_587' title='bbox 2218 2641 2434 2710; x_wconf 83' lang='lat' dir='ltr'><strong>quidem</strong></span> <span class='ocrx_word' id='word_1_588' title='bbox 2468 2638 2544 2692; x_wconf 91' lang='lat' dir='ltr'><strong>illi</strong></span> <span class='ocrx_word' id='word_1_589' title='bbox 2588 2652 2619 2690; x_wconf 88' lang='lat' dir='ltr'><strong>a</strong></span> <span class='ocrx_word' id='word_1_590' title='bbox 2652 2636 2921 2707; x_wconf 82' lang='lat' dir='ltr'><strong>pravitate</strong></span> <span class='ocrx_word' id='word_1_591' title='bbox 2954 2635 3265 2703; x_wconf 79' lang='lat' dir='ltr'><strong>neutiquam</strong></span> <span class='ocrx_word' id='word_1_592' title='bbox 3298 2633 3600 2693; x_wconf 80' lang='lat' dir='ltr'><strong>decedenti.</strong></span> 
     </span>
    </p>
   </div>
   <div class='ocr_carea' id='block_1_87' title="bbox 2022 2721 3601 2801">
    <p class='ocr_par' dir='ltr' id='par_1_87' title="bbox 2022 2721 3601 2801">
     <span class='ocr_line' id='line_1_87' title="bbox 2022 2721 3601 2801; baseline -0.01 -12"><span class='ocrx_word' id='word_1_593' title='bbox 2022 2735 2115 2789; x_wconf 90' lang='lat' dir='ltr'><strong>sed</strong></span> <span class='ocrx_word' id='word_1_594' title='bbox 2152 2733 2328 2801; x_wconf 88' lang='lat' dir='ltr'><strong>potius</strong></span> <span class='ocrx_word' id='word_1_595' title='bbox 2360 2730 2565 2785; x_wconf 85' lang='lat' dir='ltr'><strong>rabiem</strong></span> <span class='ocrx_word' id='word_1_596' title='bbox 2600 2742 2754 2783; x_wconf 88' lang='lat' dir='ltr'><strong>suam</strong></span> <span class='ocrx_word' id='word_1_597' title='bbox 2809 2736 2997 2781; x_wconf 87' lang='lat' dir='ltr'><strong>contra</strong></span> <span class='ocrx_word' id='word_1_598' title='bbox 3046 2734 3230 2793; x_wconf 79' lang='lat' dir='ltr'><strong>gentes</strong></span> <span class='ocrx_word' id='word_1_599' title='bbox 3273 2722 3375 2777; x_wconf 87' lang='lat' dir='ltr'><strong>sibi</strong></span> <span class='ocrx_word' id='word_1_600' title='bbox 3415 2721 3601 2788; x_wconf 84' lang='lat' dir='ltr'><strong>subje-</strong></span> 
     </span>
    </p>
   </div>
   <div class='ocr_carea' id='block_1_88' title="bbox 2022 2808 3605 2890">
    <p class='ocr_par' dir='ltr' id='par_1_88' title="bbox 2022 2808 3605 2890">
     <span class='ocr_line' id='line_1_88' title="bbox 2022 2808 3605 2890; baseline -0.007 -14"><span class='ocrx_word' id='word_1_601' title='bbox 2022 2832 2143 2876; x_wconf 86' lang='lat' dir='ltr'><strong>ctas</strong></span> <span class='ocrx_word' id='word_1_602' title='bbox 2174 2820 2412 2890; x_wconf 89' lang='lat' dir='ltr'><strong>augenti,</strong></span> <span class='ocrx_word' id='word_1_603' title='bbox 2460 2816 2594 2873; x_wconf 86' lang='lat' dir='ltr'><strong>nihil</strong></span> <span class='ocrx_word' id='word_1_604' title='bbox 2666 2815 2957 2886; x_wconf 77' lang='lat' dir='ltr'><strong>clementia</strong></span> <span class='ocrx_word' id='word_1_605' title='bbox 3004 2813 3090 2869; x_wconf 86' lang='lat' dir='ltr'><strong>illa</strong></span> <span class='ocrx_word' id='word_1_606' title='bbox 3123 2812 3361 2883; x_wconf 84' lang='lat' dir='ltr'><strong>profuit:</strong></span> <span class='ocrx_word' id='word_1_607' title='bbox 3391 2808 3605 2865; x_wconf 77' lang='lat' dir='ltr'><strong>aﬂlictis</strong></span> 
     </span>
    </p>
   </div>
   <div class='ocr_carea' id='block_1_89' title="bbox 2025 2901 3600 2969">
    <p class='ocr_par' dir='ltr' id='par_1_89' title="bbox 2025 2901 3600 2969">
     <span class='ocr_line' id='line_1_89' title="bbox 2025 2901 3600 2969; baseline -0.007 -4"><span class='ocrx_word' id='word_1_608' title='bbox 2025 2926 2157 2965; x_wconf 84' lang='lat' dir='ltr'><strong>vero</strong></span> <span class='ocrx_word' id='word_1_609' title='bbox 2185 2921 2239 2964; x_wconf 90' lang='lat' dir='ltr'><strong>et</strong></span> <span class='ocrx_word' id='word_1_610' title='bbox 2273 2910 2337 2963; x_wconf 88' lang='lat' dir='ltr'><strong>ab</strong></span> <span class='ocrx_word' id='word_1_611' title='bbox 2368 2907 2592 2961; x_wconf 88' lang='lat' dir='ltr'><strong>imtuani</strong></span> <span class='ocrx_word' id='word_1_612' title='bbox 2625 2907 2713 2959; x_wconf 87' lang='lat' dir='ltr'><strong>illa</strong></span> <span class='ocrx_word' id='word_1_613' title='bbox 2743 2905 2916 2960; x_wconf 86' lang='lat' dir='ltr'><strong>bellua</strong></span> <span class='ocrx_word' id='word_1_614' title='bbox 2946 2904 3237 2965; x_wconf 80' lang='lat' dir='ltr'><strong>divcxatis,</strong></span> <span class='ocrx_word' id='word_1_615' title='bbox 3270 2902 3410 2955; x_wconf 85' lang='lat' dir='ltr'><strong>nulla</strong></span> <span class='ocrx_word' id='word_1_616' title='bbox 3442 2901 3600 2969; x_wconf 81' lang='lat' dir='ltr'><strong>plane</strong></span> 
     </span>
    </p>
   </div>
   <div class='ocr_carea' id='block_1_90' title="bbox 2029 2991 3609 3066">
    <p class='ocr_par' dir='ltr' id='par_1_90' title="bbox 2029 2991 3609 3066">
     <span class='ocr_line' id='line_1_90' title="bbox 2029 2991 3609 3066; baseline -0.009 -12"><span class='ocrx_word' id='word_1_617' title='bbox 2029 3001 2127 3054; x_wconf 91' lang='lat' dir='ltr'><strong>fuit</strong></span> <span class='ocrx_word' id='word_1_618' title='bbox 2156 2999 2352 3053; x_wconf 85' lang='lat' dir='ltr'><strong>salutis</strong></span> <span class='ocrx_word' id='word_1_619' title='bbox 2389 3012 2511 3066; x_wconf 89' lang='lat' dir='ltr'><strong>spes</strong></span> <span class='ocrx_word' id='word_1_620' title='bbox 2546 2996 2754 3049; x_wconf 75' lang='lat' dir='ltr'><strong>relicta.</strong></span> <span class='ocrx_word' id='word_1_621' title='bbox 2810 2993 3150 3062; x_wconf 85' lang='lat' dir='ltr'><strong>Quapropter</strong></span> <span class='ocrx_word' id='word_1_622' title='bbox 3197 2991 3609 3049; x_wconf 64' lang='lat' dir='ltr'><strong>bonorumille</strong></span> 
     </span>
    </p>
   </div>
   <div class='ocr_carea' id='block_1_91' title="bbox 2027 3083 3607 3152">
    <p class='ocr_par' dir='ltr' id='par_1_91' title="bbox 2027 3083 3607 3152">
     <span class='ocr_line' id='line_1_91' title="bbox 2027 3083 3607 3152; baseline -0.009 -5"><span class='ocrx_word' id='word_1_623' title='bbox 2027 3090 2471 3147; x_wconf 75' lang='lat' dir='ltr'><strong>Subntinistrator</strong></span> <span class='ocrx_word' id='word_1_624' title='bbox 2498 3085 2913 3146; x_wconf 88' lang='lat' dir='ltr'><strong>Constantinus,</strong></span> <span class='ocrx_word' id='word_1_625' title='bbox 2953 3083 3208 3152; x_wconf 79' lang='lat' dir='ltr'><strong>nequitia:</strong></span> <span class='ocrx_word' id='word_1_626' title='bbox 3255 3084 3438 3135; x_wconf 88' lang='lat' dir='ltr'><strong>odium</strong></span> <span class='ocrx_word' id='word_1_627' title='bbox 3475 3096 3607 3135; x_wconf 85' lang='lat' dir='ltr'><strong>cum</strong></span> 
     </span>
    </p>
   </div>
   <div class='ocr_carea' id='block_1_92' title="bbox 2032 3170 3604 3248">
    <p class='ocr_par' dir='ltr' id='par_1_92' title="bbox 2032 3170 3604 3248">
     <span class='ocr_line' id='line_1_92' title="bbox 2032 3170 3604 3248; baseline -0.01 -10"><span class='ocrx_word' id='word_1_628' title='bbox 2032 3182 2375 3238; x_wconf 87' lang='lat' dir='ltr'><strong>hmnanitate</strong></span> <span class='ocrx_word' id='word_1_629' title='bbox 2426 3179 2786 3248; x_wconf 85' lang='lat' dir='ltr'><strong>permiscens,</strong></span> <span class='ocrx_word' id='word_1_630' title='bbox 2837 3173 2999 3227; x_wconf 91' lang='lat' dir='ltr'><strong>simul</strong></span> <span class='ocrx_word' id='word_1_631' title='bbox 3052 3188 3172 3227; x_wconf 89' lang='lat' dir='ltr'><strong>cum</strong></span> <span class='ocrx_word' id='word_1_632' title='bbox 3222 3170 3414 3239; x_wconf 83' lang='lat' dir='ltr'><strong>Crispo</strong></span> <span class='ocrx_word' id='word_1_633' title='bbox 3462 3170 3604 3237; x_wconf 79' lang='lat' dir='ltr'><strong>filio,</strong></span> 
     </span>
    </p>
   </div>
   <div class='ocr_carea' id='block_1_93' title="bbox 2032 3261 3606 3343">
    <p class='ocr_par' dir='ltr' id='par_1_93' title="bbox 2032 3261 3606 3343">
     <span class='ocr_line' id='line_1_93' title="bbox 2032 3261 3606 3343; baseline -0.009 -16"><span class='ocrx_word' id='word_1_634' title='bbox 2032 3272 2276 3343; x_wconf 86' lang='lat' dir='ltr'><strong>principe</strong></span> <span class='ocrx_word' id='word_1_635' title='bbox 2310 3268 2732 3329; x_wconf 86' lang='lat' dir='ltr'><strong>humanissimo,</strong></span> <span class='ocrx_word' id='word_1_636' title='bbox 2770 3265 2836 3319; x_wconf 87' lang='lat' dir='ltr'><strong>ab</strong></span> <span class='ocrx_word' id='word_1_637' title='bbox 2867 3262 3178 3318; x_wconf 83' lang='lat' dir='ltr'><strong>Occidentis</strong></span> <span class='ocrx_word' id='word_1_638' title='bbox 3206 3263 3337 3315; x_wconf 87' lang='lat' dir='ltr'><strong>urbe</strong></span> <span class='ocrx_word' id='word_1_639' title='bbox 3366 3261 3606 3314; x_wconf 74' lang='lat' dir='ltr'><strong>tnaxima</strong></span> 
     </span>
    </p>
   </div>
   <div class='ocr_carea' id='block_1_94' title="bbox 1952 3337 3607 3427">
    <p class='ocr_par' dir='ltr' id='par_1_94' title="bbox 1952 3337 3607 3427">
     <span class='ocr_line' id='line_1_94' title="bbox 1952 3337 3607 3427; baseline -0.008 -8"><span class='ocrx_word' id='word_1_640' title='bbox 1952 3337 1993 3392; x_wconf 62' lang='grc' dir='ltr'><em>ε</em></span> <span class='ocrx_word' id='word_1_641' title='bbox 2031 3337 2280 3419; x_wconf 42' lang='lat' dir='ltr'><strong>[iouia—iu</strong></span> <span class='ocrx_word' id='word_1_642' title='bbox 2312 3360 2591 3417; x_wconf 89' lang='lat' dir='ltr'><strong>Orientem</strong></span> <span class='ocrx_word' id='word_1_643' title='bbox 2640 3367 2831 3412; x_wconf 83' lang='lat' dir='ltr'><strong>contra</strong></span> <span class='ocrx_word' id='word_1_644' title='bbox 2878 3363 3165 3427; x_wconf 82' lang='lat' dir='ltr'><strong>tyrannum</strong></span> <span class='ocrx_word' id='word_1_645' title='bbox 3212 3354 3607 3422; x_wconf 79' lang='lat' dir='ltr'><strong>proficiscitur,</strong></span> 
     </span>
    </p>
   </div>
   <div class='ocr_carea' id='block_1_95' title="bbox 2028 3445 3599 3516">
    <p class='ocr_par' dir='ltr' id='par_1_95' title="bbox 2028 3445 3599 3516">
     <span class='ocr_line' id='line_1_95' title="bbox 2028 3445 3599 3516; baseline -0.008 -3"><span class='ocrx_word' id='word_1_646' title='bbox 2028 3457 2318 3513; x_wconf 85' lang='lat' dir='ltr'><strong>salutarem</strong></span> <span class='ocrx_word' id='word_1_647' title='bbox 2349 3452 2598 3506; x_wconf 75' lang='lat' dir='ltr'><strong>dextram</strong></span> <span class='ocrx_word' id='word_1_648' title='bbox 2623 3447 2874 3503; x_wconf 86' lang='lat' dir='ltr'><strong>omnibus</strong></span> <span class='ocrx_word' id='word_1_649' title='bbox 2901 3445 3558 3516; x_wconf 73' lang='lat' dir='ltr'><strong>pereuntibusporrigens</strong></span> <span class='ocrx_word' id='word_1_650' title='bbox 3582 3460 3599 3500; x_wconf 91' lang='lat'><strong>:</strong></span> 
     </span>
    </p>
   </div>
   <div class='ocr_carea' id='block_1_96' title="bbox 2029 3535 3605 3621">
    <p class='ocr_par' dir='ltr' id='par_1_96' title="bbox 2029 3535 3605 3621">
     <span class='ocr_line' id='line_1_96' title="bbox 2029 3535 3605 3621; baseline -0.01 -18"><span class='ocrx_word' id='word_1_651' title='bbox 2029 3560 2184 3621; x_wconf 87' lang='lat' dir='ltr'><strong>pater</strong></span> <span class='ocrx_word' id='word_1_652' title='bbox 2215 3544 2376 3601; x_wconf 90' lang='lat' dir='ltr'><strong>simul</strong></span> <span class='ocrx_word' id='word_1_653' title='bbox 2402 3559 2465 3596; x_wconf 87' lang='lat' dir='ltr'><strong>ac</strong></span> <span class='ocrx_word' id='word_1_654' title='bbox 2487 3542 2652 3603; x_wconf 81' lang='lat' dir='ltr'><strong>filius,</strong></span> <span class='ocrx_word' id='word_1_655' title='bbox 2678 3538 2789 3593; x_wconf 89' lang='lat' dir='ltr'><strong>Deo</strong></span> <span class='ocrx_word' id='word_1_656' title='bbox 2819 3537 2981 3592; x_wconf 87' lang='lat' dir='ltr'><strong>Patre</strong></span> <span class='ocrx_word' id='word_1_657' title='bbox 3010 3551 3190 3591; x_wconf 89' lang='lat' dir='ltr'><strong>rerum</strong></span> <span class='ocrx_word' id='word_1_658' title='bbox 3222 3535 3605 3590; x_wconf 85' lang='lat' dir='ltr'><strong>universarum</strong></span> 
     </span>
    </p>
   </div>
   <div class='ocr_carea' id='block_1_97' title="bbox 2032 3628 3602 3700">
    <p class='ocr_par' dir='ltr' id='par_1_97' title="bbox 2032 3628 3602 3700">
     <span class='ocr_line' id='line_1_97' title="bbox 2032 3628 3602 3700; baseline -0.01 -4"><span class='ocrx_word' id='word_1_659' title='bbox 2032 3650 2263 3700; x_wconf 80' lang='lat' dir='ltr'><strong>rectore,</strong></span> <span class='ocrx_word' id='word_1_660' title='bbox 2311 3645 2366 3692; x_wconf 90' lang='lat' dir='ltr'><strong>et</strong></span> <span class='ocrx_word' id='word_1_661' title='bbox 2393 3634 2613 3691; x_wconf 87' lang='lat' dir='ltr'><strong>Christo</strong></span> <span class='ocrx_word' id='word_1_662' title='bbox 2642 3631 3051 3687; x_wconf 83' lang='lat' dir='ltr'><strong>Filioomnium</strong></span> <span class='ocrx_word' id='word_1_663' title='bbox 3103 3628 3408 3693; x_wconf 84' lang='lat' dir='ltr'><strong>Salvatore,</strong></span> <span class='ocrx_word' id='word_1_664' title='bbox 3462 3628 3602 3683; x_wconf 85' lang='lat' dir='ltr'><strong>duco</strong></span> 
     </span>
    </p>
   </div>
   <div class='ocr_carea' id='block_1_98' title="bbox 2029 3718 3610 3790">
    <p class='ocr_par' dir='ltr' id='par_1_98' title="bbox 2029 3718 3610 3790">
     <span class='ocr_line' id='line_1_98' title="bbox 2029 3718 3610 3790; baseline -0.011 -1"><span class='ocrx_word' id='word_1_665' title='bbox 2029 3745 2079 3789; x_wconf 87' lang='lat' dir='ltr'><strong>et</strong></span> <span class='ocrx_word' id='word_1_666' title='bbox 2108 3731 2435 3786; x_wconf 75' lang='lat' dir='ltr'><strong>auxiliatore</strong></span> <span class='ocrx_word' id='word_1_667' title='bbox 2466 3735 2701 3789; x_wconf 86' lang='lat' dir='ltr'><strong>utentes,</strong></span> <span class='ocrx_word' id='word_1_668' title='bbox 2750 3723 2988 3790; x_wconf 84' lang='lat' dir='ltr'><strong>undique</strong></span> <span class='ocrx_word' id='word_1_669' title='bbox 3039 3721 3154 3775; x_wconf 87' lang='lat' dir='ltr'><strong>acie</strong></span> <span class='ocrx_word' id='word_1_670' title='bbox 3183 3730 3374 3775; x_wconf 90' lang='lat' dir='ltr'><strong>contra</strong></span> <span class='ocrx_word' id='word_1_671' title='bbox 3409 3718 3610 3787; x_wconf 78' lang='lat' dir='ltr'><strong>impios</strong></span> 
     </span>
    </p>
   </div>
   <div class='ocr_carea' id='block_1_99' title="bbox 2031 3810 3608 3888">
    <p class='ocr_par' dir='ltr' id='par_1_99' title="bbox 2031 3810 3608 3888">
     <span class='ocr_line' id='line_1_99' title="bbox 2031 3810 3608 3888; baseline -0.009 -11"><span class='ocrx_word' id='word_1_672' title='bbox 2031 3820 2378 3888; x_wconf 78' lang='lat' dir='ltr'><strong>circumiecta</strong></span> <span class='ocrx_word' id='word_1_673' title='bbox 2410 3830 2467 3874; x_wconf 91' lang='lat' dir='ltr'><strong>et</strong></span> <span class='ocrx_word' id='word_1_674' title='bbox 2499 3818 2785 3887; x_wconf 83' lang='lat' dir='ltr'><strong>disposita,</strong></span> <span class='ocrx_word' id='word_1_675' title='bbox 2837 3813 3149 3885; x_wconf 83' lang='lat' dir='ltr'><strong>perfacilem</strong></span> <span class='ocrx_word' id='word_1_676' title='bbox 3194 3820 3470 3882; x_wconf 84' lang='lat' dir='ltr'><strong>reportant</strong></span> <span class='ocrx_word' id='word_1_677' title='bbox 3525 3810 3608 3863; x_wconf 86' lang='lat' dir='ltr'><strong>vi-</strong></span> 
     </span>
    </p>
   </div>
   <div class='ocr_carea' id='block_1_100' title="bbox 2030 3903 3607 3977">
    <p class='ocr_par' dir='ltr' id='par_1_100' title="bbox 2030 3903 3607 3977">
     <span class='ocr_line' id='line_1_100' title="bbox 2030 3903 3607 3977; baseline -0.008 -10"><span class='ocrx_word' id='word_1_678' title='bbox 2030 3914 2278 3977; x_wconf 88' lang='lat' dir='ltr'><strong>ctoriam,</strong></span> <span class='ocrx_word' id='word_1_679' title='bbox 2314 3928 2435 3966; x_wconf 88' lang='lat' dir='ltr'><strong>cum</strong></span> <span class='ocrx_word' id='word_1_680' title='bbox 2483 3911 2663 3965; x_wconf 88' lang='lat' dir='ltr'><strong>omnia</strong></span> <span class='ocrx_word' id='word_1_681' title='bbox 2695 3909 2839 3961; x_wconf 87' lang='lat' dir='ltr'><strong>ineo</strong></span> <span class='ocrx_word' id='word_1_682' title='bbox 2865 3905 3120 3961; x_wconf 83' lang='lat' dir='ltr'><strong>conflictu</strong></span> <span class='ocrx_word' id='word_1_683' title='bbox 3155 3918 3219 3959; x_wconf 77' lang='lat' dir='ltr'><strong>ex</strong></span> <span class='ocrx_word' id='word_1_684' title='bbox 3266 3903 3431 3957; x_wconf 86' lang='lat' dir='ltr'><strong>animi</strong></span> <span class='ocrx_word' id='word_1_685' title='bbox 3480 3915 3607 3956; x_wconf 85' lang='lat' dir='ltr'><strong>sen-</strong></span> 
     </span>
    </p>
   </div>
   <div class='ocr_carea' id='block_1_101' title="bbox 2035 3995 3610 4073">
    <p class='ocr_par' dir='ltr' id='par_1_101' title="bbox 2035 3995 3610 4073">
     <span class='ocr_line' id='line_1_101' title="bbox 2035 3995 3610 4073; baseline -0.009 -13"><span class='ocrx_word' id='word_1_686' title='bbox 2035 4007 2198 4060; x_wconf 88' lang='lat' dir='ltr'><strong>tentia</strong></span> <span class='ocrx_word' id='word_1_687' title='bbox 2230 4004 2358 4073; x_wconf 90' lang='lat' dir='ltr'><strong>ipsis</strong></span> <span class='ocrx_word' id='word_1_688' title='bbox 2384 4002 2720 4072; x_wconf 85' lang='lat' dir='ltr'><strong>complanata</strong></span> <span class='ocrx_word' id='word_1_689' title='bbox 2759 4009 2941 4054; x_wconf 87' lang='lat' dir='ltr'><strong>essent</strong></span> <span class='ocrx_word' id='word_1_690' title='bbox 2968 3998 3035 4052; x_wconf 90' lang='lat' dir='ltr'><strong>ab</strong></span> <span class='ocrx_word' id='word_1_691' title='bbox 3089 3995 3328 4050; x_wconf 89' lang='lat' dir='ltr'><strong>omnium</strong></span> <span class='ocrx_word' id='word_1_692' title='bbox 3375 3996 3610 4063; x_wconf 80' lang='lat' dir='ltr'><strong>impera-</strong></span> 
     </span>
    </p>
   </div>
   <div class='ocr_carea' id='block_1_102' title="bbox 2034 4085 3610 4158">
    <p class='ocr_par' dir='ltr' id='par_1_102' title="bbox 2034 4085 3610 4158">
     <span class='ocr_line' id='line_1_102' title="bbox 2034 4085 3610 4158; baseline -0.006 -10"><span class='ocrx_word' id='word_1_693' title='bbox 2034 4104 2149 4148; x_wconf 90' lang='lat' dir='ltr'><strong>tore</strong></span> <span class='ocrx_word' id='word_1_694' title='bbox 2186 4093 2317 4158; x_wconf 84' lang='lat' dir='ltr'><strong>Deo,</strong></span> <span class='ocrx_word' id='word_1_695' title='bbox 2344 4102 2407 4146; x_wconf 76' lang='lat' dir='ltr'><strong>ut</strong></span> <span class='ocrx_word' id='word_1_696' title='bbox 2428 4100 2659 4146; x_wconf 89' lang='lat' dir='ltr'><strong>testatur</strong></span> <span class='ocrx_word' id='word_1_697' title='bbox 2695 4088 2942 4144; x_wconf 82' lang='lat' dir='ltr'><strong>veritatis</strong></span> <span class='ocrx_word' id='word_1_698' title='bbox 2971 4086 3402 4141; x_wconf 75' lang='lat' dir='ltr'><strong>studiosissimus</strong></span> <span class='ocrx_word' id='word_1_699' title='bbox 3433 4085 3610 4141; x_wconf 81' lang='lat' dir='ltr'><strong>Euse-</strong></span> 
     </span>
    </p>
   </div>
   <div class='ocr_carea' id='block_1_103' title="bbox 2035 4173 3608 4248">
    <p class='ocr_par' dir='ltr' id='par_1_103' title="bbox 2035 4173 3608 4248">
     <span class='ocr_line' id='line_1_103' title="bbox 2035 4173 3608 4248; baseline -0.008 -9"><span class='ocrx_word' id='word_1_700' title='bbox 2035 4184 2158 4239; x_wconf 85' lang='lat' dir='ltr'><strong>bius</strong></span> <span class='ocrx_word' id='word_1_701' title='bbox 2185 4181 2525 4238; x_wconf 85' lang='lat' dir='ltr'><strong>celeberrimi</strong></span> <span class='ocrx_word' id='word_1_702' title='bbox 2561 4178 2851 4248; x_wconf 77' lang='lat' dir='ltr'><strong>Pamphili.</strong></span> <span class='ocrx_word' id='word_1_703' title='bbox 2891 4176 3134 4231; x_wconf 79' lang='lat' dir='ltr'><strong>Ruliinus</strong></span> <span class='ocrx_word' id='word_1_704' title='bbox 3165 4191 3291 4230; x_wconf 82' lang='lat' dir='ltr'><strong>vero</strong></span> <span class='ocrx_word' id='word_1_705' title='bbox 3312 4175 3440 4229; x_wconf 85' lang='lat' dir='ltr'><strong>licet</strong></span> <span class='ocrx_word' id='word_1_706' title='bbox 3484 4173 3608 4228; x_wconf 89' lang='lat' dir='ltr'><strong>nul-</strong></span> 
     </span>
    </p>
   </div>
   <div class='ocr_carea' id='block_1_104' title="bbox 2033 4270 3609 4343">
    <p class='ocr_par' dir='ltr' id='par_1_104' title="bbox 2033 4270 3609 4343">
     <span class='ocr_line' id='line_1_104' title="bbox 2033 4270 3609 4343; baseline -0.008 -13"><span class='ocrx_word' id='word_1_707' title='bbox 2033 4276 2140 4331; x_wconf 90' lang='lat' dir='ltr'><strong>lam</strong></span> <span class='ocrx_word' id='word_1_708' title='bbox 2171 4275 2281 4330; x_wconf 87' lang='lat' dir='ltr'><strong>fere</strong></span> <span class='ocrx_word' id='word_1_709' title='bbox 2312 4283 2521 4343; x_wconf 86' lang='lat' dir='ltr'><strong>partem</strong></span> <span class='ocrx_word' id='word_1_710' title='bbox 2552 4287 2731 4328; x_wconf 88' lang='lat' dir='ltr'><strong>rerum</strong></span> <span class='ocrx_word' id='word_1_711' title='bbox 2764 4285 2792 4324; x_wconf 88' lang='lat' dir='ltr'><strong>a</strong></span> <span class='ocrx_word' id='word_1_712' title='bbox 2817 4270 3025 4325; x_wconf 86' lang='lat' dir='ltr'><strong>Licinio</strong></span> <span class='ocrx_word' id='word_1_713' title='bbox 3054 4280 3335 4340; x_wconf 82' lang='lat' dir='ltr'><strong>gestarum</strong></span> <span class='ocrx_word' id='word_1_714' title='bbox 3366 4280 3609 4322; x_wconf 81' lang='lat' dir='ltr'><strong>commc-</strong></span> 
     </span>
    </p>
   </div>
   <div class='ocr_carea' id='block_1_105' title="bbox 2036 4359 3609 4429">
    <p class='ocr_par' dir='ltr' id='par_1_105' title="bbox 2036 4359 3609 4429">
     <span class='ocr_line' id='line_1_105' title="bbox 2036 4359 3609 4429; baseline -0.008 -7"><span class='ocrx_word' id='word_1_715' title='bbox 2036 4367 2355 4429; x_wconf 75' lang='lat' dir='ltr'><strong>morarerit,</strong></span> <span class='ocrx_word' id='word_1_716' title='bbox 2408 4373 2590 4418; x_wconf 87' lang='lat' dir='ltr'><strong>tamen</strong></span> <span class='ocrx_word' id='word_1_717' title='bbox 2653 4362 2797 4417; x_wconf 87' lang='lat' dir='ltr'><strong>illius</strong></span> <span class='ocrx_word' id='word_1_718' title='bbox 2855 4360 3075 4417; x_wconf 84' lang='lat' dir='ltr'><strong>voculas</strong></span> <span class='ocrx_word' id='word_1_719' title='bbox 3130 4359 3278 4414; x_wconf 83' lang='lat' dir='ltr'><strong>velut</strong></span> <span class='ocrx_word' id='word_1_720' title='bbox 3336 4359 3387 4412; x_wconf 91' lang='lat' dir='ltr'><strong>in</strong></span> <span class='ocrx_word' id='word_1_721' title='bbox 3440 4373 3609 4410; x_wconf 80' lang='lat' dir='ltr'><strong>tuunn</strong></span> 
     </span>
    </p>
   </div>
   <div class='ocr_carea' id='block_1_106' title="bbox 2035 4446 3610 4525">
    <p class='ocr_par' dir='ltr' id='par_1_106' title="bbox 2035 4446 3610 4525">
     <span class='ocr_line' id='line_1_106' title="bbox 2035 4446 3610 4525; baseline -0.007 -14"><span class='ocrx_word' id='word_1_722' title='bbox 2035 4471 2235 4525; x_wconf 89' lang='lat' dir='ltr'><strong>corpus</strong></span> <span class='ocrx_word' id='word_1_723' title='bbox 2269 4454 2550 4524; x_wconf 87' lang='lat' dir='ltr'><strong>colligens,</strong></span> <span class='ocrx_word' id='word_1_724' title='bbox 2596 4452 2721 4506; x_wconf 84' lang='lat' dir='ltr'><strong>huic</strong></span> <span class='ocrx_word' id='word_1_725' title='bbox 2753 4449 3146 4506; x_wconf 85' lang='lat' dir='ltr'><strong>commentario</strong></span> <span class='ocrx_word' id='word_1_726' title='bbox 3181 4449 3456 4507; x_wconf 74' lang='lat' dir='ltr'><strong>,iuseram.</strong></span> <span class='ocrx_word' id='word_1_727' title='bbox 3518 4446 3610 4501; x_wconf 91' lang='lat' dir='ltr'><strong>Sic</strong></span> 
     </span>
    </p>
   </div>
   <div class='ocr_carea' id='block_1_107' title="bbox 2040 4539 3610 4618">
    <p class='ocr_par' dir='ltr' id='par_1_107' title="bbox 2040 4539 3610 4618">
     <span class='ocr_line' id='line_1_107' title="bbox 2040 4539 3610 4618; baseline -0.011 -14"><span class='ocrx_word' id='word_1_728' title='bbox 2040 4549 2215 4618; x_wconf 86' lang='lat' dir='ltr'><strong>inquit</strong></span> <span class='ocrx_word' id='word_1_729' title='bbox 2240 4548 2370 4602; x_wconf 88' lang='lat' dir='ltr'><strong>ille:</strong></span> <span class='ocrx_word' id='word_1_730' title='bbox 2404 4545 2648 4600; x_wconf 87' lang='lat' dir='ltr'><strong>Licinius</strong></span> <span class='ocrx_word' id='word_1_731' title='bbox 2679 4546 2771 4614; x_wconf 90' lang='lat' dir='ltr'><strong>qui</strong></span> <span class='ocrx_word' id='word_1_732' title='bbox 2798 4558 2906 4597; x_wconf 89' lang='lat' dir='ltr'><strong>una</strong></span> <span class='ocrx_word' id='word_1_733' title='bbox 2934 4558 3056 4598; x_wconf 91' lang='lat' dir='ltr'><strong>cum</strong></span> <span class='ocrx_word' id='word_1_734' title='bbox 3085 4541 3444 4596; x_wconf 87' lang='lat' dir='ltr'><strong>Constantino</strong></span> <span class='ocrx_word' id='word_1_735' title='bbox 3502 4539 3610 4591; x_wconf 82' lang='lat' dir='ltr'><strong>im-</strong></span> 
     </span>
    </p>
   </div>
   <div class='ocr_carea' id='block_1_108' title="bbox 1962 4633 3608 4736">
    <p class='ocr_par' dir='ltr' id='par_1_108' title="bbox 1962 4633 3608 4736">
     <span class='ocr_line' id='line_1_108' title="bbox 1962 4633 3608 4736; baseline -0.006 -42"><span class='ocrx_word' id='word_1_736' title='bbox 1962 4681 2005 4736; x_wconf 64' lang='grc' dir='ltr'>υ</span> <span class='ocrx_word' id='word_1_737' title='bbox 2037 4652 2287 4711; x_wconf 88' lang='lat' dir='ltr'><strong>peratore</strong></span> <span class='ocrx_word' id='word_1_738' title='bbox 2331 4638 2610 4708; x_wconf 86' lang='lat' dir='ltr'><strong>regnabat,</strong></span> <span class='ocrx_word' id='word_1_739' title='bbox 2654 4635 2936 4707; x_wconf 82' lang='lat' dir='ltr'><strong>gentilium</strong></span> <span class='ocrx_word' id='word_1_740' title='bbox 2965 4634 3312 4704; x_wconf 90' lang='lat' dir='ltr'><strong>opinionibus</strong></span> <span class='ocrx_word' id='word_1_741' title='bbox 3348 4633 3608 4695; x_wconf 89' lang='lat' dir='ltr'><strong>imbutus,</strong></span> 
     </span>
    </p>
   </div>
   <div class='ocr_carea' id='block_1_109' title="bbox 2034 4725 3605 4800">
    <p class='ocr_par' dir='ltr' id='par_1_109' title="bbox 2034 4725 3605 4800">
     <span class='ocr_line' id='line_1_109' title="bbox 2034 4725 3605 4800; baseline -0.008 -11"><span class='ocrx_word' id='word_1_742' title='bbox 2034 4734 2213 4789; x_wconf 87' lang='lat' dir='ltr'><strong>odisse</strong></span> <span class='ocrx_word' id='word_1_743' title='bbox 2246 4732 2415 4800; x_wconf 76' lang='lat' dir='ltr'><strong>cmpit</strong></span> <span class='ocrx_word' id='word_1_744' title='bbox 2443 4730 2781 4785; x_wconf 88' lang='lat' dir='ltr'><strong>Christianos</strong></span> <span class='ocrx_word' id='word_1_745' title='bbox 2808 4745 2822 4782; x_wconf 89' lang='lat'><strong>:</strong></span> <span class='ocrx_word' id='word_1_746' title='bbox 2854 4728 2949 4784; x_wconf 88' lang='lat' dir='ltr'><strong>sed</strong></span> <span class='ocrx_word' id='word_1_747' title='bbox 2976 4726 3394 4782; x_wconf 87' lang='lat' dir='ltr'><strong>Constantinum</strong></span> <span class='ocrx_word' id='word_1_748' title='bbox 3436 4725 3605 4791; x_wconf 85' lang='lat' dir='ltr'><strong>impe-</strong></span> 
     </span>
    </p>
   </div>
   <div class='ocr_carea' id='block_1_110' title="bbox 2036 4813 3607 4888">
    <p class='ocr_par' dir='ltr' id='par_1_110' title="bbox 2036 4813 3607 4888">
     <span class='ocr_line' id='line_1_110' title="bbox 2036 4813 3607 4888; baseline -0.009 -9"><span class='ocrx_word' id='word_1_749' title='bbox 2036 4835 2273 4880; x_wconf 89' lang='lat' dir='ltr'><strong>ratorem</strong></span> <span class='ocrx_word' id='word_1_750' title='bbox 2307 4822 2538 4883; x_wconf 87' lang='lat' dir='ltr'><strong>veritus,</strong></span> <span class='ocrx_word' id='word_1_751' title='bbox 2586 4835 2710 4874; x_wconf 88' lang='lat' dir='ltr'><strong>cum</strong></span> <span class='ocrx_word' id='word_1_752' title='bbox 2747 4828 2935 4888; x_wconf 90' lang='lat' dir='ltr'><strong>aperte</strong></span> <span class='ocrx_word' id='word_1_753' title='bbox 2957 4831 3052 4872; x_wconf 90' lang='lat' dir='ltr'><strong>eos</strong></span> <span class='ocrx_word' id='word_1_754' title='bbox 3074 4829 3276 4871; x_wconf 84' lang='lat' dir='ltr'><strong>vexare</strong></span> <span class='ocrx_word' id='word_1_755' title='bbox 3303 4830 3407 4868; x_wconf 90' lang='lat' dir='ltr'><strong>non</strong></span> <span class='ocrx_word' id='word_1_756' title='bbox 3438 4813 3607 4866; x_wconf 84' lang='lat' dir='ltr'><strong>aude-</strong></span> 
     </span>
    </p>
   </div>
   <div class='ocr_carea' id='block_1_111' title="bbox 2036 4905 3610 4978">
    <p class='ocr_par' dir='ltr' id='par_1_111' title="bbox 2036 4905 3610 4978">
     <span class='ocr_line' id='line_1_111' title="bbox 2036 4905 3610 4978; baseline -0.01 -7"><span class='ocrx_word' id='word_1_757' title='bbox 2036 4925 2143 4978; x_wconf 87' lang='lat' dir='ltr'><strong>ret,</strong></span> <span class='ocrx_word' id='word_1_758' title='bbox 2170 4913 2367 4968; x_wconf 78' lang='lat' dir='ltr'><strong>ninltos</strong></span> <span class='ocrx_word' id='word_1_759' title='bbox 2388 4912 2617 4966; x_wconf 86' lang='lat' dir='ltr'><strong>occultis</strong></span> <span class='ocrx_word' id='word_1_760' title='bbox 2649 4910 2861 4964; x_wconf 88' lang='lat' dir='ltr'><strong>insidiis</strong></span> <span class='ocrx_word' id='word_1_761' title='bbox 2886 4908 3187 4977; x_wconf 87' lang='lat' dir='ltr'><strong>perimebat</strong></span> <span class='ocrx_word' id='word_1_762' title='bbox 3212 4924 3226 4959; x_wconf 90' lang='lat'><strong>:</strong></span> <span class='ocrx_word' id='word_1_763' title='bbox 3259 4905 3452 4958; x_wconf 90' lang='lat' dir='ltr'><strong>deinde</strong></span> <span class='ocrx_word' id='word_1_764' title='bbox 3480 4918 3610 4970; x_wconf 83' lang='lat' dir='ltr'><strong>pre-</strong></span> 
     </span>
    </p>
   </div>
   <div class='ocr_carea' id='block_1_112' title="bbox 2036 4992 3607 5073">
    <p class='ocr_par' dir='ltr' id='par_1_112' title="bbox 2036 4992 3607 5073">
     <span class='ocr_line' id='line_1_112' title="bbox 2036 4992 3607 5073; baseline -0.011 -14"><span class='ocrx_word' id='word_1_765' title='bbox 2036 5005 2317 5073; x_wconf 67' lang='lat' dir='ltr'><strong>grediente</strong></span> <span class='ocrx_word' id='word_1_766' title='bbox 2349 5014 2591 5071; x_wconf 88' lang='lat' dir='ltr'><strong>tempore</strong></span> <span class='ocrx_word' id='word_1_767' title='bbox 2620 5000 2797 5071; x_wconf 87' lang='lat' dir='ltr'><strong>palam</strong></span> <span class='ocrx_word' id='word_1_768' title='bbox 2831 5012 3020 5052; x_wconf 91' lang='lat' dir='ltr'><strong>omnes</strong></span> <span class='ocrx_word' id='word_1_769' title='bbox 3068 4996 3122 5049; x_wconf 91' lang='lat' dir='ltr'><strong>in</strong></span> <span class='ocrx_word' id='word_1_770' title='bbox 3169 4993 3407 5048; x_wconf 84' lang='lat' dir='ltr'><strong>Orientis</strong></span> <span class='ocrx_word' id='word_1_771' title='bbox 3439 4992 3607 5060; x_wconf 79' lang='lat' dir='ltr'><strong>parti-</strong></span> 
     </span>
    </p>
   </div>
   <div class='ocr_carea' id='block_1_113' title="bbox 2038 5083 3609 5164">
    <p class='ocr_par' dir='ltr' id='par_1_113' title="bbox 2038 5083 3609 5164">
     <span class='ocr_line' id='line_1_113' title="bbox 2038 5083 3609 5164; baseline -0.01 -15"><span class='ocrx_word' id='word_1_772' title='bbox 2038 5100 2138 5150; x_wconf 87' lang='lat' dir='ltr'><strong>bus</strong></span> <span class='ocrx_word' id='word_1_773' title='bbox 2187 5092 2637 5164; x_wconf 85' lang='lat' dir='ltr'><strong>persequebatur,</strong></span> <span class='ocrx_word' id='word_1_774' title='bbox 2666 5091 2746 5146; x_wconf 89' lang='lat' dir='ltr'><strong>sic</strong></span> <span class='ocrx_word' id='word_1_775' title='bbox 2782 5099 2840 5142; x_wconf 94' lang='lat' dir='ltr'><strong>ut</strong></span> <span class='ocrx_word' id='word_1_776' title='bbox 2881 5088 3064 5158; x_wconf 85' lang='lat' dir='ltr'><strong>plures</strong></span> <span class='ocrx_word' id='word_1_777' title='bbox 3106 5083 3305 5138; x_wconf 88' lang='lat' dir='ltr'><strong>Christi</strong></span> <span class='ocrx_word' id='word_1_778' title='bbox 3342 5090 3609 5149; x_wconf 84' lang='lat' dir='ltr'><strong>martyres</strong></span> 
     </span>
    </p>
   </div>
   <div class='ocr_carea' id='block_1_114' title="bbox 1984 5174 3608 5240">
    <p class='ocr_par' dir='ltr' id='par_1_114' title="bbox 1984 5174 3608 5240">
     <span class='ocr_line' id='line_1_114' title="bbox 1984 5174 3608 5240; baseline -0.011 1"><span class='ocrx_word' id='word_1_779' title='bbox 1984 5174 1989 5179; x_wconf 65' lang='grc'><em>’</em></span> <span class='ocrx_word' id='word_1_780' title='bbox 2037 5187 2091 5240; x_wconf 91' lang='lat' dir='ltr'><strong>in</strong></span> <span class='ocrx_word' id='word_1_781' title='bbox 2145 5186 2373 5240; x_wconf 75' lang='lat' dir='ltr'><strong>diversis</strong></span> <span class='ocrx_word' id='word_1_782' title='bbox 2424 5184 2558 5238; x_wconf 88' lang='lat' dir='ltr'><strong>locis</strong></span> <span class='ocrx_word' id='word_1_783' title='bbox 2605 5183 3045 5237; x_wconf 86' lang='lat' dir='ltr'><strong>ostenderentur.</strong></span> <span class='ocrx_word' id='word_1_784' title='bbox 3099 5174 3177 5228; x_wconf 81' lang='lat' dir='ltr'><strong>Ex</strong></span> <span class='ocrx_word' id='word_1_785' title='bbox 3237 5188 3304 5228; x_wconf 84' lang='lat' dir='ltr'><strong>eo</strong></span> <span class='ocrx_word' id='word_1_786' title='bbox 3362 5181 3608 5239; x_wconf 86' lang='lat' dir='ltr'><strong>tempore</strong></span> 
     </span>
    </p>
   </div>
   <div class='ocr_carea' id='block_1_115' title="bbox 2039 5261 3608 5332">
    <p class='ocr_par' dir='ltr' id='par_1_115' title="bbox 2039 5261 3608 5332">
     <span class='ocr_line' id='line_1_115' title="bbox 2039 5261 3608 5332; baseline -0.011 0"><span class='ocrx_word' id='word_1_787' title='bbox 2039 5280 2332 5332; x_wconf 74' lang='lat' dir='ltr'><strong>iiiaximum</strong></span> <span class='ocrx_word' id='word_1_788' title='bbox 2361 5276 2441 5329; x_wconf 87' lang='lat' dir='ltr'><strong>sui</strong></span> <span class='ocrx_word' id='word_1_789' title='bbox 2466 5276 2646 5329; x_wconf 90' lang='lat' dir='ltr'><strong>odium</strong></span> <span class='ocrx_word' id='word_1_790' title='bbox 2674 5269 3040 5327; x_wconf 86' lang='lat' dir='ltr'><strong>Constantino</strong></span> <span class='ocrx_word' id='word_1_791' title='bbox 3063 5265 3344 5329; x_wconf 78' lang='lat' dir='ltr'><strong>excitavit,</strong></span> <span class='ocrx_word' id='word_1_792' title='bbox 3372 5261 3608 5328; x_wconf 80' lang='lat' dir='ltr'><strong>factique</strong></span> 
     </span>
    </p>
   </div>
   <div class='ocr_carea' id='block_1_116' title="bbox 2035 5348 3608 5420">
    <p class='ocr_par' dir='ltr' id='par_1_116' title="bbox 2035 5348 3608 5420">
     <span class='ocr_line' id='line_1_116' title="bbox 2035 5348 3608 5420; baseline -0.01 0"><span class='ocrx_word' id='word_1_793' title='bbox 2035 5377 2163 5420; x_wconf 87' lang='lat' dir='ltr'><strong>sunt</strong></span> <span class='ocrx_word' id='word_1_794' title='bbox 2194 5369 2377 5418; x_wconf 85' lang='lat' dir='ltr'><strong>hostes</strong></span> <span class='ocrx_word' id='word_1_795' title='bbox 2406 5364 2506 5417; x_wconf 89' lang='lat' dir='ltr'><strong>sibi</strong></span> <span class='ocrx_word' id='word_1_796' title='bbox 2541 5362 2771 5415; x_wconf 88' lang='lat' dir='ltr'><strong>invicem</strong></span> <span class='ocrx_word' id='word_1_797' title='bbox 2804 5356 3022 5414; x_wconf 86' lang='lat' dir='ltr'><strong>infensi.</strong></span> <span class='ocrx_word' id='word_1_798' title='bbox 3058 5354 3184 5408; x_wconf 69' lang='lat' dir='ltr'><strong>llaec</strong></span> <span class='ocrx_word' id='word_1_799' title='bbox 3229 5350 3447 5420; x_wconf 84' lang='lat' dir='ltr'><strong>quidem</strong></span> <span class='ocrx_word' id='word_1_800' title='bbox 3493 5348 3608 5404; x_wconf 87' lang='lat' dir='ltr'><strong>ille.</strong></span> 
     </span>
    </p>
   </div>
   <div class='ocr_carea' id='block_1_117' title="bbox 2034 5439 3610 5521">
    <p class='ocr_par' dir='ltr' id='par_1_117' title="bbox 2034 5439 3610 5521">
     <span class='ocr_line' id='line_1_117' title="bbox 2034 5439 3610 5521; baseline -0.011 -11"><span class='ocrx_word' id='word_1_801' title='bbox 2034 5456 2134 5521; x_wconf 73' lang='lat' dir='ltr'><strong>Qui</strong></span> <span class='ocrx_word' id='word_1_802' title='bbox 2169 5470 2294 5508; x_wconf 86' lang='lat' dir='ltr'><strong>vero</strong></span> <span class='ocrx_word' id='word_1_803' title='bbox 2340 5439 2558 5508; x_wconf 83' lang='lat' dir='ltr'><strong>Eusebii</strong></span> <span class='ocrx_word' id='word_1_804' title='bbox 2590 5449 2806 5505; x_wconf 85' lang='lat' dir='ltr'><strong>veritati</strong></span> <span class='ocrx_word' id='word_1_805' title='bbox 2851 5448 3130 5502; x_wconf 66' lang='lat' dir='ltr'><strong>adhaerere</strong></span> <span class='ocrx_word' id='word_1_806' title='bbox 3181 5442 3421 5505; x_wconf 76' lang='lat' dir='ltr'><strong>liialuut,</strong></span> <span class='ocrx_word' id='word_1_807' title='bbox 3457 5440 3610 5492; x_wconf 86' lang='lat' dir='ltr'><strong>aiunt</strong></span> 
     </span>
    </p>
   </div>
   <div class='ocr_carea' id='block_1_118' title="bbox 2036 5532 3605 5617">
    <p class='ocr_par' dir='ltr' id='par_1_118' title="bbox 2036 5532 3605 5617">
     <span class='ocr_line' id='line_1_118' title="bbox 2036 5532 3605 5617; baseline -0.013 -14"><span class='ocrx_word' id='word_1_808' title='bbox 2036 5549 2395 5617; x_wconf 80' lang='lat' dir='ltr'><strong>imperatores</strong></span> <span class='ocrx_word' id='word_1_809' title='bbox 2419 5545 2627 5608; x_wconf 86' lang='lat' dir='ltr'><strong>ambos,</strong></span> <span class='ocrx_word' id='word_1_810' title='bbox 2682 5550 2889 5612; x_wconf 84' lang='lat' dir='ltr'><strong>patrem</strong></span> <span class='ocrx_word' id='word_1_811' title='bbox 2934 5536 3350 5595; x_wconf 81' lang='lat' dir='ltr'><strong>Constantinum</strong></span> <span class='ocrx_word' id='word_1_812' title='bbox 3404 5541 3458 5586; x_wconf 91' lang='lat' dir='ltr'><strong>et</strong></span> <span class='ocrx_word' id='word_1_813' title='bbox 3485 5532 3605 5585; x_wconf 87' lang='lat' dir='ltr'><strong>Cri-</strong></span> 
     </span>
    </p>
   </div>
   <div class='ocr_carea' id='block_1_119' title="bbox 2039 5626 3603 5710">
    <p class='ocr_par' dir='ltr' id='par_1_119' title="bbox 2039 5626 3603 5710">
     <span class='ocr_line' id='line_1_119' title="bbox 2039 5626 3603 5710; baseline -0.015 -14"><span class='ocrx_word' id='word_1_814' title='bbox 2039 5656 2194 5710; x_wconf 88' lang='lat' dir='ltr'><strong>spnm</strong></span> <span class='ocrx_word' id='word_1_815' title='bbox 2227 5638 2415 5703; x_wconf 80' lang='lat' dir='ltr'><strong>filium,</strong></span> <span class='ocrx_word' id='word_1_816' title='bbox 2443 5635 2617 5691; x_wconf 90' lang='lat' dir='ltr'><strong>diviso</strong></span> <span class='ocrx_word' id='word_1_817' title='bbox 2650 5634 2891 5689; x_wconf 80' lang='lat' dir='ltr'><strong>exercitu</strong></span> <span class='ocrx_word' id='word_1_818' title='bbox 2930 5640 3119 5685; x_wconf 90' lang='lat' dir='ltr'><strong>contra</strong></span> <span class='ocrx_word' id='word_1_819' title='bbox 3155 5626 3378 5695; x_wconf 87' lang='lat' dir='ltr'><strong>impium</strong></span> <span class='ocrx_word' id='word_1_820' title='bbox 3413 5631 3603 5692; x_wconf 81' lang='lat' dir='ltr'><strong>tyran-</strong></span> 
     </span>
    </p>
   </div>
   <div class='ocr_carea' id='block_1_120' title="bbox 2045 5711 3609 5799">
    <p class='ocr_par' dir='ltr' id='par_1_120' title="bbox 2045 5711 3609 5799">
     <span class='ocr_line' id='line_1_120' title="bbox 2045 5711 3609 5799; baseline -0.014 -14"><span class='ocrx_word' id='word_1_821' title='bbox 2045 5748 2170 5786; x_wconf 90' lang='lat' dir='ltr'><strong>num</strong></span> <span class='ocrx_word' id='word_1_822' title='bbox 2203 5729 2496 5799; x_wconf 84' lang='lat' dir='ltr'><strong>profectos,</strong></span> <span class='ocrx_word' id='word_1_823' title='bbox 2521 5725 2768 5795; x_wconf 78' lang='lat' dir='ltr'><strong>Crispum</strong></span> <span class='ocrx_word' id='word_1_824' title='bbox 2800 5723 3012 5793; x_wconf 83' lang='lat' dir='ltr'><strong>quidem</strong></span> <span class='ocrx_word' id='word_1_825' title='bbox 3062 5720 3226 5775; x_wconf 81' lang='lat' dir='ltr'><strong>[ilium</strong></span> <span class='ocrx_word' id='word_1_826' title='bbox 3271 5730 3392 5771; x_wconf 90' lang='lat' dir='ltr'><strong>cum</strong></span> <span class='ocrx_word' id='word_1_827' title='bbox 3440 5711 3609 5782; x_wconf 87' lang='lat' dir='ltr'><strong>copiis</strong></span> 
     </span>
    </p>
   </div>
  </div>
