4070 6376
476 313 611 375 1919

1763 315 1806 374 Ο
1820 314 2067 374 ΕΙΛΞᾹΙ
2110 311 2453 374 CYZICENI

3604 308 3739 371 1220

472 448 588 486 suis
638 431 689 484 iu
744 428 932 485 Asiam
980 428 1083 485 iter
1134 428 1453 493 intendisse,
1494 436 1702 499 patrem
1741 444 1869 483 vero
1921 444 2042 483 cum

2151 427 2292 480 κατὰ
2316 426 2411 478 τοῦ
2435 422 2668 486 ἀσεϐοῦς
2691 424 2960 495 τυράννου
2993 423 3272 495 ὥρμηντο.
3300 422 3358 477 ’0
3386 421 3485 492 μὶν
3513 416 3607 476 οὖν
3629 425 3737 485 bii;

471 524 793 579 satellitibus
827 524 941 576 suis
972 538 1067 592 per
1096 524 1365 594 Europam
1407 523 1547 577 viam
1578 521 1908 578 confecisse.
1940 520 2047 575 Int-

472 630 641 685 pnrns
679 630 807 668 vero
839 614 926 669 ille
953 622 1235 685 tyrannus.
1268 615 1415 668 omni
1446 613 1724 683 impietate
1757 615 1964 682 pariter
1995 624 2049 665 et

472 707 617 759 caede
653 704 907 774 pollutus,
952 719 1019 758 ex
1071 704 1291 758 Oriente
1332 703 1632 758 exercitum
1692 716 2042 755 numerosum

473 796 678 849 ducens
727 802 915 848 contra
945 808 1060 858 eos,
1090 801 1144 846 et
1177 808 1368 862 magna
1398 792 1635 860 spirans,
1683 791 2048 846 Nicomediam

474 884 662 937 venit:
716 894 771 937 et
801 899 925 937 cum
994 883 1163 953 probe
1198 883 1365 936 sciret
1409 882 1556 951 pium
1582 881 1875 950 principem
1904 879 2047 934 Con-

472 974 770 1028 stantinum
809 973 900 1028 Dei
955 975 1266 1029 sacerdotes
1305 987 1499 1041 magna
1549 972 1896 1027 observantia
1954 986 2048 1025 co-

474 1063 605 1126 lere,
635 1073 689 1117 et
716 1078 927 1118 snnnno
957 1064 1009 1117 in
1042 1064 1248 1117 honore
1309 1062 1512 1116 habere
1556 1060 1847 1117 Eusebium
1881 1059 2047 1116 Nico-

474 1155 662 1207 mediae
696 1155 1031 1223 episcomtm,
1092 1154 1183 1222 qui
1228 1154 1342 1221 jam
1392 1163 1550 1210 antea
1605 1154 1750 1209 illius
1801 1154 2049 1222 partibus

475 1243 797 1305 adltacserat,
827 1255 1013 1298 contra
1038 1244 1346 1313 religiosum
1395 1245 1775 1315 imperatorem
1804 1243 2051 1299 mercede

476 1335 750 1400 conducit,
799 1336 1125 1390 existimans
1177 1351 1273 1405 per
1324 1336 1472 1390 illum
1529 1347 1584 1390 et
1628 1337 1773 1391 illius
1819 1335 2046 1401 socios;

471 1427 885 1483 Constantinum
944 1427 1460 1494 inexpugnabilibus
1517 1428 1607 1482 Dei
1659 1429 1826 1482 armis
1874 1428 2050 1481 muni-

428 1538 435 1549 ί
473 1530 585 1573 ιυιη
620 1534 652 1572 e
683 1519 862 1573 medio
893 1519 1099 1572 tollere.
1146 1519 1471 1574 Societatetn
1497 1534 1627 1590 ergo
1669 1534 1793 1573 cum
1840 1517 2051 1574 Licinio

470 1611 566 1665 init
609 1609 958 1664 admirandus
1001 1608 1091 1664 ille
1117 1608 1418 1674 Eusebius,
1447 1610 1627 1665 multis
1685 1610 2050 1679 promissiOuio

471 1704 569 1756 bus
616 1703 684 1756 ab
723 1702 1015 1771 impietatis
1065 1703 1213 1758 socio
1280 1703 1548 1756 inductus.
1585 1704 1760 1773 Atque
1807 1703 1922 1758 lucc
1974 1703 2045 1756 ita

2151 520 2401 591 Κρίσπος
2433 520 2526 572 ,ὲπλ⁵
2559 518 2629 571 τὰ
2660 519 2801 571 κατὰ
2845 518 2945 587 τὴν
2989 519 3176 571 Ἀσίαν
3213 518 3358 587 μέρη
3386 517 3484 569 σύν
3523 519 3588 587 τῇ
3640 516 3738 568 αὐ-

2148 611 2244 664 τοῦ
2278 609 2510 681 στρατιᾷ
2549 607 2648 679 τὴν
2693 607 2919 681 πορείαν
2944 608 3302 677 ποιούμενοςσ
3363 609 3392 660 ὁ
3443 606 3501 660 δὲ
3558 606 3739 677 πατὴρ

2153 704 2565 763 Κωνσταντῖνος
2603 700 2747 754 κατὰ
2790 698 2892 767 τῆς
2938 697 3209 768 Εὐρώπης
3259 700 3373 759 τοῖς
3403 695 3545 765 ἀμφ’
3576 695 3737 749 αὐτὸν

2150 794 2479 865 δορυφόροις
2533 791 2630 863 τὴν
2677 792 2795 845 ὁδὸν
2842 793 3083 860 διήνυεν.
3131 792 3189 843 '0
3242 790 3300 844 δὲ
3348 789 3737 860 μισόθεος,καὶ

2151 886 2332 953 πάσης
2357 885 2614 947 ἀσεϐείας
2644 885 2739 937 καὶ¹
2774 881 3091 953 μιαιφονίας
3120 881 3377 951 ἔμπλεος,
3419 880 3477 946 ἐξ
3512 880 3736 934 Ἀνατο-

2150 976 2257 1028 λῶν
2288 975 2430 1045 μετᾶ
2461 975 2722 1028 πλείστου
2753 968 2879 1028 ὅσου
2921 972 3155 1042 στρατοῦ
3192 974 3315 1026 κατ’
3345 971 3527 1025 αὐτῶν
3560 989 3737 1039 παρα-

2150 1067 2502 1136 ταττόμενος,
2545 1065 2642 1119 καὶ
2666 1065 3029 1135 μεγαλαυχῶν
3059 1065 3292 1134 ήρχετο·
3327 1062 3540 1130 φθάσας
3579 1062 3635 1114 δὲ
3680 1064 3738 1115 ὲν

2150 1160 2216 1227 τῇ
2244 1155 2602 1226 Νικομηδέων
2622 1195 2637 1219 ,
2670 1154 2926 1223 ἐγνωκὼς
2969 1155 3062 1207 καὶ
3100 1153 3257 1216 εἰδὼς
3290 1154 3390 1225 τὴν
3428 1152 3523 1206 τοῦ
3552 1152 3737 1220 θεοφι-

2150 1247 2275 1311 λούς
2318 1248 2733 1303 Κωνσταντίνού
2763 1247 2939 1318 ψυχὴν
2988 1246 3255 1300 σέϐουσαν
3296 1246 3422 1308 τούς
3475 1243 3567 1297 τοῦ
3604 1243 3740 1296 θεοῦ

2155 1342 2345 1411 ίερεῖς,
2384 1341 2480 1393 καὶ
2509 1341 2591 1393 ὅτι
2612 1339 2701 1393 διὰ
2736 1340 2915 1409 πάσης
2937 1340 3061 1407 ἄγοι
3092 1339 3278 1409 τιμῆς,
3326 1337 3632 1406 μισθοδοτεῖ
3650 1339 3741 1392 τὸν

2149 1433 2251 1497 τῆς
2286 1432 2642 1502 Νικομηδέων
2691 1432 2990 1485 έπίσκοπον
3039 1431 3322 1493 Εὐσέϐιον,
3375 1429 3541 1483 πάλαι
3572 1430 3743 1498 πρόσ-

2154 1541 2300 1593 φυγα
2368 1523 2534 1579 αὐτοῦ
2584 1523 2748 1588 ὄντα,
2806 1524 2950 1577 κατὰ
3004 1522 3098 1575 τοῦ
3166 1521 3425 1584 εὐσεϐοῦς
3474 1519 3742 1590 βασιλέως

2151 1617 2586 1682 Κωνσταντίνου,
2629 1617 2878 1686 οἰόμενος
2908 1614 2975 1668 δι’
3002 1614 3167 1667 αὐτοῦ
3200 1615 3294 1667 καὶ
3330 1614 3441 1666 τῶν
3473 1613 3612 1683 ἀμφ’
3650 1614 3741 1665 αὐ-

2151 1707 2243 1760 τὸν
2271 1707 2482 1761 ἀνελεῖν
2513 1707 2604 1760 τὸν
2632 1709 2746 1770 τοῖς
2775 1705 2868 1759 τοῦ
2894 1706 3029 1758 Θεοῦ
3049 1704 3436 1776 πεφραγμένον
3454 1704 3743 1771 ἀκαταμα-

467 1807 528 1846 se
564 1793 781 1855 habere,
813 1807 880 1845 ex
943 1792 1108 1862 ipsius
1162 1792 1363 1847 Christi
1420 1793 1655 1846 amantis
1716 1792 2043 1860 imperatori:

2165 1801 2347 1870 χήτοις
2372 1800 2558 1863 ὅπλοις
2601 1800 3032 1852 Κωνσταντῖνον.
3064 1797 3378 1851 Συντίθεται
3407 1791 3502 1849 οὖν
3535 1793 3686 1862 αὐτῷ
3713 1795 3742 1845 ό

352 1888 364 1907 ‘
467 1883 716 1950 epistola,
745 1897 904 1951 quam
959 1883 1027 1937 ad
1073 1880 1514 1941 Nicomedienses
1574 1882 1763 1946 misit,
1801 1898 2051 1949 comper-

2161 1890 2476 1960 θαυμαστὸς
2510 1890 2792 1955 Εὐσέϐιος,
2824 1890 3183 1958 ἐπαγγελίαις
3231 1888 3559 1959 λιπαρηθεὶς
3589 1887 3741 1958 παρὰ

471 1985 583 2026 tum
641 1986 762 2029 esse
810 1981 1009 2042 potest.
1051 1971 1143 2029 Sic
1190 1973 1332 2027 enim
1375 1973 1427 2027 itt
1467 1972 1571 2027 line
1620 1972 1766 2028 illius
1815 1974 2043 2044 epistola

2161 1981 2255 2035 τοῦ
2299 1982 2630 2046 συνασεϐοῦς
2670 1982 2839 2036 αὐτοῦ
2897 1982 3166 2037 Λικινίου.
3205 1980 3329 2035 ὀτι
3361 1979 3536 2034 ταῦτα
3568 1978 3745 2041 οὕτως

467 2064 543 2117 ait
567 2062 636 2133 ἰ)
665 2080 680 2117 ε

2162 2070 2291 2141 ἔχει,
2327 2071 2385 2138 ἐξ
2417 2072 2587 2143 αὐτῆς
2629 2070 2725 2125 τοῦ
2757 2071 3103 2142 φιλοχρίστου
3141 2070 3404 2141 βασιλέως
3454 2067 3743 2136 ἐπιστολῆς

465 2160 642 2213 ἔνεστι
695 2156 1205 2230 πληροφορηθῆναι,
1269 2151 1339 2228 ἦς
1405 2159 1519 2222 τοῖς
1554 2157 1987 2230 ,Νικομηδεῦσιν
2059 2163 2393 2232 ἐπέστειλεν,
2440 2159 2545 2220 ὧδὲ
2596 2183 2711 2230 πως
2764 2166 2938 2235 λέγων
2981 2164 3120 2237 πρὸς
3172 2164 3251 2236 τῷ
3295 2163 3437 2218 τέλει
3488 2162 3590 2232 τῆς
3619 2162 3743 2214 ἑπι-

466 2250 662 2319 στολῆς
680 2264 696 2280 ·

392 2312 405 2333 λ
494 2328 505 2337 ’
535 2312 669 2408 Quis
706 2341 1051 2397 innocentem
1087 2339 1484 2395 multitudinem
1519 2339 1623 2394 ista
1659 2341 1885 2395 docuit?
1937 2341 2049 2395 En-

464 2435 648 2489 aebius
684 2433 935 2489 videlicet
965 2435 1263 2505 tyrannica:
1297 2434 1635 2489 crudelitatis
1663 2436 1866 2492 socius.
1913 2434 2046 2491 Nam

465 2527 609 2593 quod
654 2522 951 2578 excubaret
994 2532 1049 2578 et
1080 2523 1305 2578 omnino
1352 2522 1601 2589 vigilaret
1647 2538 1743 2594 pro
1794 2534 2043 2595 tyranno,

466 2630 534 2670 ex
571 2613 758 2669 multis
795 2613 938 2668 illius
970 2614 1134 2667 rebus
1162 2612 1329 2681 gestis
1365 2611 1524 2666 facile
1580 2623 1760 2682 potest
1796 2615 2043 2684 intelligi.

467 2706 745 2774 Siquidem
776 2703 917 2759 istud
948 2705 1346 2773 episcoporum,
1395 2717 1694 2774 eorumque
1752 2721 1879 2761 vere
1930 2707 2049 2777 epi-

465 2812 750 2868 scoporum
781 2797 955 2850 caedes
979 2806 1241 2850 testantur
1266 2809 1283 2860 ;
1312 2794 1453 2849 istud
1482 2796 1854 2852 crudelissima
1886 2798 2048 2853 Chri-

463 2890 764 2942 stianorum
814 2884 1117 2955 persecutio
1162 2885 1337 2955 palam
1386 2886 1605 2942 clamat.
1661 2886 1847 2958 Neque
1903 2897 2051 2943 certe

463 2981 529 3034 de
555 2980 623 3035 iis
668 2994 790 3050 quae
819 2987 1009 3033 contra
1042 2992 1129 3032 nte
1171 2980 1303 3047 egit,
1338 2979 1438 3034 boc
1488 2978 1609 3035 loco
1635 2979 1798 3036 verba
1830 2976 2052 3047 faciam,

2225 2343 2320 2406 Ti;
2352 2342 2503 2394 ἐστιν
2535 2343 2565 2394 ό
2598 2339 2773 2394 ταῦτα
2813 2339 3036 2403 διδάξας
3061 2335 3233 2401 οὕτως
3267 2337 3474 2391 ἄκακον
3504 2336 3741 2409 πλῆθοςς

2158 2435 2416 2497 Εὐσέϐιος
2459 2433 2662 2505 δηλαλὴ
2702 2435 2731 2487 ό
2767 2432 2868 2503 τῆς
2907 2431 3242 2502 τυραννικῆς
3281 2430 3566 2501 ὠμότητος
3598 2449 3739 2503 συμ-

2158 2527 2388 2598 μύστης.
2414 2524 2542 2577 Ὀτι
2571 2524 2682 2592 γὰρ
2712 2513 2987 2592 πανταχοῦ
3009 2520 3103 2574 τοῦ
3136 2521 3404 2592 τυράννου
3445 2521 3740 2589 γεγένηται

2153 2615 2496 2687 προσφύλαξ,
2529 2612 2862 2684 πολλαχόθεν
2891 2614 3008 2666 ἔστι
3054 2613 3306 2682 συνορᾷν.
3340 2609 3512 2665 Τοῦτο
3543 2611 3643 2682 μὲν
3682 2616 3742 2670 αί

2152 2706 2260 2759 τῶν
2305 2707 2621 2760 ἐπισκόπων
2662 2704 2870 2775 σφαγαὶ
2902 2703 3391 2775 διαμαρτύρονται,
3446 2702 3583 2757 ἀλλὰ
3633 2704 3742 2758 τῶν

2149 2796 2366 2868 ἀληθῶς
2420 2795 2773 2849 ἐπισκόπωνσ
2823 2794 2983 2847 τοῦτο
3027 2794 3084 2847 δέ
3132 2796 3166 2864 ή
3211 2793 3570 2865 χαλεπωτάτη
3630 2798 3742 2851 τῶν

2154 2884 2497 2958 Χριστιανῶν
2526 2885 2775 2949 ὲκδίωξις
2802 2884 3099 2957 διαρρήδην
3131 2883 3249 2954 βοᾷ.
3294 2885 3461 2940 Οὐδὲν
3491 2886 3602 2958 γὰρ
3630 2888 3742 2940 τῶν

2155 2982 2231 3041 εἰς
2266 2977 2367 3047 ἐμὲ
2396 2976 2784 3046 γεγενημένων
2811 2975 2944 3046 παρ’
2972 2974 3138 3029 αὐτοῦ
3168 2974 3265 3029 νῦν
3297 2975 3427 3046 ἐρῶ,
3459 2976 3530 3030 δι’
3550 2971 3627 3031 ῶν
3653 2979 3737 3031 ὅτι

463 3085 561 3140 per
631 3084 753 3138 quae
826 3066 1261 3121 adversariorum
1333 3076 1520 3122 contra
1591 3082 1677 3124 me
1749 3083 2043 3125 concursus

2158 3068 2394 3139 μάλιστα
2440 3070 2496 3121 ai
2527 3066 2635 3120 τῶν
2667 3067 2928 3139 ἐναγτίων
2964 3066 3155 3137 μερῶν
3194 3065 3315 3119 καθ’
3361 3066 3522 3137 ήμῶν
3560 3070 3735 3139 ἐπρα-

462 3172 725 3231 quantuut
761 3159 878 3212 fieri
929 3168 1139 3227 poterat
1189 3160 1427 3213 maxime
1475 3159 1926 3228 procurabautur,
1954 3161 2045 3231 qui

464 3253 640 3307 oculis
709 3262 963 3319 tanquam
1031 3248 1457 3317 speculatoribus
1515 3262 1604 3304 me
1664 3251 1972 3306 observavit
2026 3269 2042 3307 :

463 3344 591 3411 quin
623 3342 787 3395 etiam
821 3340 1125 3393 ministerio
1158 3352 1326 3409 prope
1374 3339 1621 3404 ntilitari,
1672 3355 1780 3410 quo
1814 3349 2046 3412 tyranno

462 3450 620 3502 opem
671 3434 856 3496 ferret,
914 3430 1233 3499 perfunctus
1281 3440 1389 3486 est.
1443 3431 1522 3486 Ac
1560 3446 1719 3487 nemo
1768 3433 2046 3489 existimet

463 3538 552 3579 tne
598 3523 941 3590 imparatum,
998 3521 1281 3590 minusque
1321 3522 1648 3577 instructum
1703 3539 1824 3581 esse
1876 3527 2042 3581 etiam

462 3612 532 3667 ad
568 3612 700 3665 istas
727 3624 834 3674 res,
870 3610 917 3664 si
956 3624 1095 3679 opus
1125 3608 1305 3675 fuerit,
1343 3612 1669 3668 certissimis
1708 3616 2045 3684 argumentis

462 3702 900 3767 contirmandas;
951 3702 1233 3757 verissime
1261 3703 1405 3757 enim
1433 3703 1648 3758 ostendi
1705 3713 1899 3773 potest,
1929 3716 2040 3760 tmn

464 3793 832 3864 presbyteros,
865 3802 976 3847 tum
1029 3793 1289 3848 diaconos
1325 3808 1353 3847 a
1390 3808 1477 3848 me
1511 3794 1806 3850 manifesto
1840 3794 2037 3867 depreo

464 3886 682 3951 beusos,
713 3885 806 3953 qui
839 3884 1128 3940 Eusebium
1160 3884 1381 3940 assidue
1430 3886 1726 3954 stipabant.
1776 3886 1883 3942 Sed
1926 3888 2043 3942 haec

463 3991 572 4032 non
603 3990 670 4030 eo
717 3975 972 4029 dicuntur
1000 3991 1029 4029 a
1067 3988 1174 4036 me,
1231 3974 1377 4043 quod
1432 3974 1548 4045 ipse
1594 3989 1657 4029 ea
1706 3975 1945 4044 graviter
1985 3986 2043 4032 et

465 4066 650 4137 iniquo
677 4066 863 4120 animo
890 4063 1084 4131 feram,
1121 4065 1213 4119 sed
1249 4080 1355 4134 quo
1386 4080 1481 4121 eos
1512 4080 1631 4119 suae
1667 4067 1903 4135 ipsorum
1940 4081 2039 4135 pu-

463 4160 591 4212 deat
620 4156 863 4212 insaniaa.
893 4154 1024 4210 Illud
1054 4155 1228 4209 solum
1265 4165 1467 4217 metuo,
1497 4155 1622 4208 illud
1648 4155 1830 4209 animo
1859 4169 2041 4216 verso.

422 4234 435 4245 ’
463 4248 606 4317 quin]
640 4262 738 4302 vos
773 4247 928 4301 video
988 4247 1039 4300 in
1090 4244 1250 4313 hujus
1295 4243 1541 4301 criminis
1575 4244 1891 4299 societatem
1946 4258 2042 4297 vo-

462 4340 621 4396 cari:
677 4355 804 4394 nam
854 4339 1196 4393 institutione
1232 4334 1451 4389 Eusebii
1494 4343 1552 4388 et
1602 4335 2041 4397 conversatione.

2154 3158 2492 3231 γματεύοντο
2520 3156 2819 3229 συνδρομαί
2841 3173 2856 3188 ⁸
2902 3152 3056 3220 οὗτος
3086 3158 3180 3211 καὶ
3211 3159 3527 3229 ὀφθαλμοὺς
3564 3176 3735 3213 κατα-

2156 3251 2392 3314 σκόπους
2429 3250 2645 3321 ἔπεμπε
2679 3251 2799 3303 κατ’
2832 3249 2991 3320 δμοῦ,
3023 3250 3119 3304 καὶ
3153 3250 3316 3319 μόνον
3351 3252 3452 3305 οὐκ
3477 3252 3738 3314 ἐνόπλους

2151 3342 2230 3413 τῷ
2254 3341 2503 3412 τυράννῳ
2548 3340 2932 3410 συνεισέφερεν
2959 3340 3283 3410 ὑπουργίας.
3332 3342 3472 3411 Μηδ’
3509 3342 3611 3411 ἐμὲ
3654 3359 3741 3405 τις

2151 3434 2347 3488 οίέσθω
2399 3429 2541 3487 εῖναι
2597 3433 2736 3501 πρὸς
2793 3433 2893 3501 τὴν
2949 3431 3156 3485 τούτων
3199 3432 3479 3497 ἀπόδειξιν
3516 3435 3742 3504 ἀπαρα-

2154 3541 2379 3581 σκευονο
2412 3525 2633 3594 ἐλεγχος
2674 3522 2785 3593 γάρ
2818 3524 2967 3576 ἐστιν
3007 3521 3264 3594 ἀκριϐὴς,
3308 3524 3391 3576 ὅτι
3443 3525 3570 3587 τούς
3601 3542 3742 3596 πρε-

2152 3617 2449 3688 σϐυτέρους
2476 3616 2719 3677 καὶτοὺς
2749 3614 3030 3677 διακόνους
3077 3615 3204 3677 τούς
3252 3614 3497 3686 Εὐσεϐίῳ
3560 3632 3744 3687 παρα-

2151 3708 2540 3779 πεμπομένους
2563 3704 3029 3779 [παρεπομένους]
3057 3705 3309 3776 φανερῶς
3334 3706 3424 3759 ὐπ’
3441 3706 3578 3775 ἐμοῦ
3608 3722 3744 3759 συνο

2148 3799 2424 3869 ειλῆφθαι,
2470 3798 2802 3868 συνέστηκεν
2849 3794 3269 3869 [neptunum].
3348 3798 3517 3852 Ἀλλὰ
3561 3798 3742 3852 ταῦτα

2152 3894 2252 3964 μὲν
2285 3890 2415 3961 παρ’
2444 3889 2604 3961 ήμῶν
2638 3889 2734 3943 νῦν
2767 3890 2867 3944 οὐκ
2908 3889 3340 3958 ἀγανακτήσεως
3377 3888 3586 3954 ἕνεκεν,
3620 3890 3746 3944 ἀλλ’

2148 3987 2229 4047 είς
2280 3983 2545 4052 αίσχύνην
2592 3980 2815 4034 ἐκείνων
2856 3982 3272 4051 προενήνεκται.
3318 3980 3527 4033 Ἐκεῖνο
3576 3982 3744 4050 μόνον

2148 4074 2319 4135 δέδια,
2351 4074 2530 4125 ἐκεῖνο
2561 4068 2962 4139 διαλογίζομαι,
3004 4069 3086 4121 ὅτι
3136 4068 3281 4136 ὑμᾶς
3308 4067 3419 4138 ὁρῶ
3470 4066 3607 4137 πρὸς
3638 4067 3742 4136 τὴν

2146 4163 2243 4217 τοῦ
2295 4162 2642 4232 ἐγκλήματος
2670 4159 2957 4214 καλεῖσθαι
3004 4157 3286 4212 κοινωνίαν
3311 4174 3327 4191 ·
3377 4156 3465 4210 διὰ
3494 4157 3604 4227 γὰρ
3639 4160 3742 4226 τῆς

2111 4220 2415 4307 Ἐύσεϐίου
2454 4220 2749 4320 ’διαγῶγῆς
2779 4267 2838 4303 τε
2886 4251 2983 4304 καὶ
3028 4248 3384 4319 διαστροφῆς,
3431 4220 3742 4316 συνείδησιν

2150 4343 2570 4417 κεχωρισμένην
2600 4345 2698 4412 τῆς
2725 4341 2983 4411 ἀληθείας
3018 4340 3295 4411 εἰλήφατε.
3342 4339 3483 4393 Ἀλλ’
3504 4338 3653 4393 εστιν
3674 4341 3740 4393 οὐ

459 4429 792 4486 conscientia
825 4440 1004 4483 vestra
1032 4444 1060 4481 a
1097 4425 1328 4479 veritate
1354 4423 1593 4480 deﬂexit.
1634 4421 1834 4478 Verum
1886 4424 2043 4490 bujus

2149 4438 2373 4509 βραδεῖα
2404 4434 2692 4506 θεραπεία,
2715 4435 2829 4502 εῐγε
2856 4433 3154 4488 ἐπίσκοπον
3185 4433 3377 4486 πιστόν
3405 4448 3464 4485 τε
3486 4432 3582 4484 καὶ
3610 4430 3744 4483 ἀκέο

461 4521 540 4575 rei
572 4522 825 4589 expedita
854 4528 940 4573 est
970 4528 1027 4574 et
1057 4516 1236 4571 facilis
1261 4516 1498 4578 curatio,
1551 4514 1596 4567 si
1644 4515 1804 4569 modo
1831 4515 2043 4585 epist-o-

460 4625 588 4681 pum
643 4609 852 4664 ﬁdelem
893 4619 949 4663 et
984 4609 1254 4677 integrum
1308 4605 1473 4666 nacti,
1528 4605 1717 4660 oculos
1768 4608 1835 4661 ad
1874 4608 2039 4663 Deum

460 4704 638 4756 denuo
668 4699 1075 4755 converteritis.
1118 4696 1271 4762 Quod
1305 4695 1523 4764 quidem
1557 4697 1609 4750 itt
1645 4701 1930 4767 praesentia
1958 4711 2047 4755 est

461 4791 513 4843 in
546 4802 723 4845 vestra
752 4792 917 4844 situnt
978 4796 1271 4855 potestate,
1321 4787 1572 4856 quodque
1621 4791 1783 4845 etiam
1833 4789 2040 4846 dudum

460 4884 626 4937 vestri
658 4881 869 4935 arbitrii
897 4879 1118 4944 fuisset,
1165 4878 1268 4933 ttisi
1310 4878 1574 4934 Eusebius
1629 4880 1769 4951 ipse,
1820 4882 1890 4936 de
1932 4896 2042 4949 quo

460 4973 593 5035 dixi,
625 4985 791 5041 pravo
832 4983 1021 5023 eorum
1072 4971 1162 5039 qui
1203 4985 1325 5024 eum
1359 4971 1616 5040 juverunt
1663 4973 1891 5028 consilio
1937 4973 2040 5027 huc

461 5076 704 5132 praesens
740 5059 959 5124 ruisset,
992 5068 1047 5115 et
1080 5072 1288 5115 rectum
1324 5062 1551 5132 eligendi
1586 5064 1832 5118 ordinem
1865 5063 2037 5133 impu-

461 5154 655 5206 denter
702 5150 1107 5207 conturbassel.
1169 5153 1277 5207 Sed
1333 5155 1591 5224 quoniam
1646 5155 1774 5209 tnilti
1823 5155 1892 5209 de
1941 5157 2040 5210 boc

464 5244 580 5310 ipso
614 5240 843 5295 EtlIelliO
886 5257 1053 5309 pauca
1086 5246 1222 5313 apud
1260 5261 1354 5300 vos
1383 5246 1606 5300 dicenda
1642 5255 1787 5310 sunt,
1825 5262 2032 5315 qua-sn,

460 5335 691 5386 libenter
733 5334 1012 5389 attendite.
1056 5334 1170 5391 Non
1219 5353 1314 5391 vos
1346 5337 1586 5406 praeterit
1617 5338 1906 5392 concilium
1941 5339 2033 5392 Ni-

458 5440 582 5479 eteae
627 5423 985 5492 celebratum,
1021 5430 1108 5483 cui
1146 5431 1281 5499 ipse,
1313 5432 1456 5484 sicut
1505 5432 1851 5486 conscientiae
1900 5450 2032 5486 tne:e

460 5531 654 5571 munus
683 5518 1003 5586 postulabat,
1040 5521 1259 5577 interfui
1293 5540 1306 5577 :
1361 5539 1467 5576 tton
1496 5522 1604 5577 alio
1648 5539 1780 5580 sane
1823 5525 2027 5589 animo,

527 5697 567 5730 "
587 5699 736 5772 Apud
766 5700 1033 5756 Tlteodor.
1068 5702 1159 5755 lib.
1190 5717 1207 5753 t
1242 5699 1381 5753 Hist.
1405 5717 1525 5771 cap.
1552 5702 1647 5756 20.

2145 4547 2298 4602 ραιον
2323 4528 2420 4581 νῦν
2459 4527 2590 4594 γοῦν
2619 4526 2898 4591 λαϐόντες,
2941 4526 3077 4597 πρὸς
3116 4524 3251 4578 Θεὸν
3281 4524 3530 4593 ἀπίδητε.
3557 4523 3740 4592 Ὅπερ

2142 4623 2239 4675 ἐπὶ
2269 4619 2363 4673 τοῦ
2408 4619 2675 4690 παρόντος
2705 4621 2763 4672 ὲν
2802 4620 2931 4690 ὑμῖν
2961 4621 3131 4681 εστιν,
3167 4616 3196 4671 ό
3237 4617 3333 4670 καὶ
3365 4615 3536 4669 παλαι
3566 4614 3740 4684 ἐχρῆν

2142 4714 2245 4780 τῆς
2278 4712 2553 4779 ὑμετέρας
2607 4710 2841 4781 κρίσεως
2871 4709 3165 4779 ἠρτῆσθαι,
3198 4710 3250 4761 εί
3299 4709 3376 4777 μὴ
3413 4709 3442 4760 ὁ
3473 4721 3741 4777 προειρηο

2148 4803 2310 4873 μένος
2342 4802 2601 4866 Εὐσέϐιος
2634 4801 2781 4872 δεινῇ
2813 4800 2920 4854 τῶν
2965 4801 3086 4854 τότε
3126 4798 3544 4868 συλλαϐομένων
3584 4796 3740 4865 αὐτῷ

2142 4892 2463 4963 προαιρέσει
2513 4891 2747 4945 ὶνταύθα
2797 4889 3069 4961 ἐληλύθει,
3117 4890 3213 4943 καὶ
3256 4890 3357 4957 τὴν
3386 4889 3486 4958 τῆς
3525 4886 3739 4950 τάξεως

2138 4983 2406 5053 ὀρθότητα
2436 4981 2805 5051 ἀναισχύντως
2839 4980 3244 5050 συνεπεπράχει
3293 4978 3404 5051 ίῖσ.
3450 4994 3741 5030 συνετετσ-

2142 5072 2342 5146 ράχει].
2388 5073 2529 5126 Ἀλλ’
2555 5072 2745 5143 ἐπειδὴ
2783 5073 2912 5142 περὶ
2957 5071 3052 5124 τοῦ
3085 5069 3253 5124 αὐτοῦ
3297 5068 3563 5123 Εὐσεϐίου
3596 5070 3740 5137 πρὸς

2138 5168 2236 5237 τὴν
2267 5167 2543 5235 ὑμετέραν
2595 5163 2816 5233 ἀγάπην
2858 5163 3015 5231 όλίγα
3047 5162 3293 5233 προσῆκε
3341 5159 3571 5229 φράσαι,
3629 5176 3738 5227 μα-

2140 5257 2431 5328 κροθύμως
2464 5255 2755 5311 ἀκούσατε.
2789 5254 3083 5324 Μέμνηται
3114 5255 3145 5322 ἡ
3187 5251 3432 5322 ὑμετέρα
3475 5248 3737 5312 ἀνεξικα-

2142 5349 2258 5409 κία,
2299 5348 2391 5399 ἐπὶ
2439 5347 2539 5417 τῆς
2572 5346 2822 5398 Νικαέων
2867 5344 3078 5406 πόλεως
3121 5340 3454 5410 γεγενῆσθαι
3512 5338 3738 5391 σύνοδον

2139 5439 2489 5490 ἐπισκόπων·
2639 5436 2734 5489 καὶ
2771 5436 2935 5497 αὐτὸς
2976 5433 3090 5503 ἐγὼ
3134 5433 3459 5504 πρεπόντως
3513 5433 3579 5500 τῇ
3627 5428 3735 5498 τῆς

2136 5529 2277 5598 ἐμῆς
2326 5529 2681 5591 συνειδήσεως
2727 5527 2955 5599 λατρεία
3012 5527 3297 5598 παρήμην,
3345 5522 3496 5577 οὐδὲν
3539 5522 3735 5591 ἕτερον
