  <div class='ocr_page' id='page_1' title='image "/cluster/home/n/w/nwhite01/storage/ocr_20150623/85/coo.31924054869866/618.png"; bbox 0 0 4070 6386; ppageno 0'>
   <div class='ocr_carea' id='block_1_1' title="bbox 274 333 412 401">
    <p class='ocr_par' dir='ltr' id='par_1_1' title="bbox 274 333 412 401">
     <span class='ocr_line' id='line_1_1' title="bbox 274 333 412 401; baseline -0.043 0"><span class='ocrx_word' id='word_1_1' title='bbox 274 333 412 401; x_wconf 62' lang='lat'><strong>1921</strong></span> 
     </span>
    </p>
   </div>
   <div class='ocr_carea' id='block_1_2' title="bbox 1179 326 2662 396">
    <p class='ocr_par' dir='ltr' id='par_1_2' title="bbox 1179 326 2662 396">
     <span class='ocr_line' id='line_1_2' title="bbox 1179 326 2662 396; baseline -0.002 -1"><span class='ocrx_word' id='word_1_2' title='bbox 1179 334 1551 396; x_wconf 69' lang='lat' dir='ltr'><strong>HISTORIA</strong></span> <span class='ocrx_word' id='word_1_3' title='bbox 1592 326 1930 392; x_wconf 70' lang='lat' dir='ltr'><strong>COXCILII</strong></span> <span class='ocrx_word' id='word_1_4' title='bbox 1969 326 2276 389; x_wconf 60' lang='lat' dir='ltr'><strong>NICENI.</strong></span> <span class='ocrx_word' id='word_1_5' title='bbox 2315 352 2383 363; x_wconf 91' lang='grc'><strong><em>-</em></strong></span> <span class='ocrx_word' id='word_1_6' title='bbox 2421 329 2568 391; x_wconf 88' lang='lat' dir='ltr'><strong>LIB.</strong></span> <span class='ocrx_word' id='word_1_7' title='bbox 2610 332 2662 392; x_wconf 77' lang='lat' dir='ltr'><strong>I.</strong></span> 
     </span>
    </p>
   </div>
   <div class='ocr_carea' id='block_1_3' title="bbox 3424 333 3559 395">
    <p class='ocr_par' dir='ltr' id='par_1_3' title="bbox 3424 333 3559 395">
     <span class='ocr_line' id='line_1_3' title="bbox 3424 333 3559 395; baseline -0.015 0"><span class='ocrx_word' id='word_1_8' title='bbox 3424 333 3559 395; x_wconf 72' lang='lat'><strong>1222</strong></span> 
     </span>
    </p>
   </div>
   <div class='ocr_carea' id='block_1_4' title="bbox 267 441 1867 521">
    <p class='ocr_par' dir='ltr' id='par_1_4' title="bbox 267 441 1863 521">
     <span class='ocr_line' id='line_1_4' title="bbox 267 441 1863 521; baseline -0.006 -19"><span class='ocrx_word' id='word_1_9' title='bbox 267 450 624 521; x_wconf 65' lang='grc' dir='ltr'>βουλόμενος,</span> <span class='ocrx_word' id='word_1_10' title='bbox 658 447 690 519; x_wconf 82' lang='grc' dir='ltr'>ἢ</span> <span class='ocrx_word' id='word_1_11' title='bbox 723 447 977 517; x_wconf 80' lang='grc' dir='ltr'>ὁμόνοιαν</span> <span class='ocrx_word' id='word_1_12' title='bbox 1006 447 1214 501; x_wconf 79' lang='grc' dir='ltr'>ἀπασιν</span> <span class='ocrx_word' id='word_1_13' title='bbox 1236 445 1602 517; x_wconf 79' lang='grc' dir='ltr'>ἐργάσασθαι,</span> <span class='ocrx_word' id='word_1_14' title='bbox 1637 443 1733 496; x_wconf 74' lang='grc' dir='ltr'>καὶ</span> <span class='ocrx_word' id='word_1_15' title='bbox 1759 441 1863 511; x_wconf 82' lang='grc' dir='ltr'><strong>πρὸ</strong></span> 
     </span>
    </p>
   </div>
   <div class='ocr_carea' id='block_1_5' title="bbox 1969 441 3559 521">
    <p class='ocr_par' dir='ltr' id='par_1_5' title="bbox 1970 442 3559 508">
     <span class='ocr_line' id='line_1_5' title="bbox 1970 442 3559 508; baseline 0.003 -19"><span class='ocrx_word' id='word_1_16' title='bbox 1970 454 2135 508; x_wconf 83' lang='lat' dir='ltr'><strong>quam</strong></span> <span class='ocrx_word' id='word_1_17' title='bbox 2174 449 2232 492; x_wconf 91' lang='lat' dir='ltr'><strong>ut</strong></span> <span class='ocrx_word' id='word_1_18' title='bbox 2281 451 2391 494; x_wconf 93' lang='lat' dir='ltr'><strong>tum</strong></span> <span class='ocrx_word' id='word_1_19' title='bbox 2444 442 2787 496; x_wconf 75' lang='lat' dir='ltr'><strong>concordiam</strong></span> <span class='ocrx_word' id='word_1_20' title='bbox 2845 444 2985 499; x_wconf 90' lang='lat' dir='ltr'><strong>inter</strong></span> <span class='ocrx_word' id='word_1_21' title='bbox 3031 458 3219 499; x_wconf 80' lang='lat' dir='ltr'><strong>omnes</strong></span> <span class='ocrx_word' id='word_1_22' title='bbox 3263 448 3559 499; x_wconf 71' lang='lat' dir='ltr'><strong>COMSlitttu-</strong></span> 
     </span>
    </p>
   </div>
   <div class='ocr_carea' id='block_1_6' title="bbox 273 534 1873 608">
    <p class='ocr_par' dir='ltr' id='par_1_6' title="bbox 273 534 1873 608">
     <span class='ocr_line' id='line_1_6' title="bbox 273 534 1873 608; baseline -0.008 -11"><span class='ocrx_word' id='word_1_23' title='bbox 273 544 499 597; x_wconf 60' lang='grc' dir='ltr'>πάντων</span> <span class='ocrx_word' id='word_1_24' title='bbox 528 540 746 608; x_wconf 79' lang='grc' dir='ltr'>ἐλέγξαι</span> <span class='ocrx_word' id='word_1_25' title='bbox 779 540 874 592; x_wconf 71' lang='grc' dir='ltr'><strong>καὶ</strong></span> <span class='ocrx_word' id='word_1_26' title='bbox 903 539 1242 593; x_wconf 83' lang='grc' dir='ltr'>ἀποσείσασο</span> <span class='ocrx_word' id='word_1_27' title='bbox 1254 557 1307 592; x_wconf 80' lang='grc' dir='ltr'><strong>αι</strong></span> <span class='ocrx_word' id='word_1_28' title='bbox 1336 540 1397 591; x_wconf 92' lang='grc' dir='ltr'><strong>τὸ</strong></span> <span class='ocrx_word' id='word_1_29' title='bbox 1433 539 1667 608; x_wconf 79' lang='grc' dir='ltr'>πρᾶγμα</span> <span class='ocrx_word' id='word_1_30' title='bbox 1694 534 1873 596; x_wconf 76' lang='grc' dir='ltr'>τοῦτο,</span> 
     </span>
    </p>
   </div>
   <div class='ocr_carea' id='block_1_7' title="bbox 274 626 1877 702">
    <p class='ocr_par' dir='ltr' id='par_1_7' title="bbox 274 626 1877 702">
     <span class='ocr_line' id='line_1_7' title="bbox 274 626 1877 702; baseline -0.005 -17"><span class='ocrx_word' id='word_1_31' title='bbox 274 632 304 685; x_wconf 82' lang='grc' dir='ltr'><strong>ὃ</strong></span> <span class='ocrx_word' id='word_1_32' title='bbox 342 631 443 702; x_wconf 77' lang='grc' dir='ltr'><strong>τὴν</strong></span> <span class='ocrx_word' id='word_1_33' title='bbox 473 630 573 701; x_wconf 82' lang='grc' dir='ltr'><strong>μὲν</strong></span> <span class='ocrx_word' id='word_1_34' title='bbox 597 631 774 701; x_wconf 76' lang='grc' dir='ltr'>ἀρχὴν</span> <span class='ocrx_word' id='word_1_35' title='bbox 803 628 1018 699; x_wconf 80' lang='grc' dir='ltr'><strong>εἰλήφει</strong></span> <span class='ocrx_word' id='word_1_36' title='bbox 1049 629 1138 683; x_wconf 78' lang='grc' dir='ltr'>διὰ</span> <span class='ocrx_word' id='word_1_37' title='bbox 1157 632 1255 700; x_wconf 78' lang='grc' dir='ltr'>τῆς</span> <span class='ocrx_word' id='word_1_38' title='bbox 1279 629 1491 701; x_wconf 75' lang='grc' dir='ltr'>’Λρείου</span> <span class='ocrx_word' id='word_1_39' title='bbox 1519 630 1610 681; x_wconf 83' lang='grc' dir='ltr'><strong>τοῦ</strong></span> <span class='ocrx_word' id='word_1_40' title='bbox 1636 626 1877 692; x_wconf 74' lang='grc' dir='ltr'>Ἀλεξαν-</span> 
     </span>
    </p>
   </div>
   <div class='ocr_carea' id='block_1_8' title="bbox 274 719 1875 794">
    <p class='ocr_par' dir='ltr' id='par_1_8' title="bbox 274 719 1875 794">
     <span class='ocr_line' id='line_1_8' title="bbox 274 719 1875 794; baseline -0.002 -20"><span class='ocrx_word' id='word_1_41' title='bbox 274 723 445 794; x_wconf 83' lang='grc' dir='ltr'>δρέως</span> <span class='ocrx_word' id='word_1_42' title='bbox 467 723 747 788; x_wconf 91' lang='grc' dir='ltr'>ἀπονοίας,</span> <span class='ocrx_word' id='word_1_43' title='bbox 781 724 1183 793; x_wconf 88' lang='grc' dir='ltr'>ίσχυροποιεῖτο</span> <span class='ocrx_word' id='word_1_44' title='bbox 1202 723 1258 775; x_wconf 78' lang='grc' dir='ltr'><strong>δὲ</strong></span> <span class='ocrx_word' id='word_1_45' title='bbox 1285 722 1632 794; x_wconf 77' lang='grc' dir='ltr'>παραχρῆμα</span> <span class='ocrx_word' id='word_1_46' title='bbox 1661 719 1752 773; x_wconf 81' lang='grc' dir='ltr'><strong>διά</strong></span> <span class='ocrx_word' id='word_1_47' title='bbox 1774 720 1875 789; x_wconf 79' lang='grc' dir='ltr'><strong>τῆς</strong></span> 
     </span>
    </p>
   </div>
   <div class='ocr_carea' id='block_1_9' title="bbox 275 810 1875 884">
    <p class='ocr_par' dir='ltr' id='par_1_9' title="bbox 275 810 1875 884">
     <span class='ocr_line' id='line_1_9' title="bbox 275 810 1875 884; baseline -0.002 -18"><span class='ocrx_word' id='word_1_48' title='bbox 275 812 540 866; x_wconf 79' lang='grc' dir='ltr'>Εὑσεδίου</span> <span class='ocrx_word' id='word_1_49' title='bbox 590 814 796 866; x_wconf 78' lang='grc' dir='ltr'><strong>ἀτόπου</strong></span> <span class='ocrx_word' id='word_1_50' title='bbox 862 831 922 867; x_wconf 91' lang='grc' dir='ltr'><strong>τε</strong></span> <span class='ocrx_word' id='word_1_51' title='bbox 970 815 1067 867; x_wconf 80' lang='grc' dir='ltr'>καὶ</span> <span class='ocrx_word' id='word_1_52' title='bbox 1118 814 1369 884; x_wconf 72' lang='grc' dir='ltr'><strong>ὀλεθρίας</strong></span> <span class='ocrx_word' id='word_1_53' title='bbox 1430 812 1687 881; x_wconf 81' lang='grc' dir='ltr'>σπουδῆς.</span> <span class='ocrx_word' id='word_1_54' title='bbox 1732 810 1875 866; x_wconf 82' lang='grc' dir='ltr'>Ἀλλ’</span> 
     </span>
    </p>
   </div>
   <div class='ocr_carea' id='block_1_10' title="bbox 275 897 1876 977">
    <p class='ocr_par' dir='ltr' id='par_1_10' title="bbox 275 897 1876 977">
     <span class='ocr_line' id='line_1_10' title="bbox 275 897 1876 977; baseline -0.004 -16"><span class='ocrx_word' id='word_1_55' title='bbox 275 907 438 969; x_wconf 85' lang='grc' dir='ltr'>αὑτὸς</span> <span class='ocrx_word' id='word_1_56' title='bbox 462 897 619 968; x_wconf 73' lang='grc' dir='ltr'>οὗτος</span> <span class='ocrx_word' id='word_1_57' title='bbox 647 904 932 970; x_wconf 77' lang='grc' dir='ltr'>Εὐσέϐιος,</span> <span class='ocrx_word' id='word_1_58' title='bbox 964 905 1425 977; x_wconf 77' lang='grc' dir='ltr'>προσφιλέστατοι</span> <span class='ocrx_word' id='word_1_59' title='bbox 1472 905 1568 958; x_wconf 79' lang='grc' dir='ltr'><strong>καὶ</strong></span> <span class='ocrx_word' id='word_1_60' title='bbox 1609 901 1876 973; x_wconf 84' lang='grc' dir='ltr'>τιμιώτα-</span> 
     </span>
    </p>
   </div>
   <div class='ocr_carea' id='block_1_11' title="bbox 272 991 1875 1070">
    <p class='ocr_par' dir='ltr' id='par_1_11' title="bbox 272 991 1875 1070">
     <span class='ocr_line' id='line_1_11' title="bbox 272 991 1875 1070; baseline -0.004 -19"><span class='ocrx_word' id='word_1_61' title='bbox 272 1014 376 1063; x_wconf 89' lang='grc' dir='ltr'>τοι,</span> <span class='ocrx_word' id='word_1_62' title='bbox 414 996 534 1067; x_wconf 85' lang='grc' dir='ltr'>μεθ’</span> <span class='ocrx_word' id='word_1_63' title='bbox 577 998 712 1067; x_wconf 83' lang='grc' dir='ltr'><strong>ὅσης</strong></span> <span class='ocrx_word' id='word_1_64' title='bbox 750 995 1006 1066; x_wconf 80' lang='grc' dir='ltr'>νομίζετε</span> <span class='ocrx_word' id='word_1_65' title='bbox 1042 996 1356 1070; x_wconf 83' lang='grc' dir='ltr'>συνδρομῆς</span> <span class='ocrx_word' id='word_1_66' title='bbox 1400 997 1494 1050; x_wconf 72' lang='grc' dir='ltr'>ἅτε</span> <span class='ocrx_word' id='word_1_67' title='bbox 1530 993 1595 1065; x_wconf 85' lang='grc' dir='ltr'><strong>δὴ</strong></span> <span class='ocrx_word' id='word_1_68' title='bbox 1625 991 1732 1048; x_wconf 87' lang='grc' dir='ltr'><strong>ὑπὸ</strong></span> <span class='ocrx_word' id='word_1_69' title='bbox 1774 992 1875 1063; x_wconf 75' lang='grc' dir='ltr'>τῆς</span> 
     </span>
    </p>
   </div>
   <div class='ocr_carea' id='block_1_12' title="bbox 275 1085 1874 1160">
    <p class='ocr_par' dir='ltr' id='par_1_12' title="bbox 275 1085 1874 1160">
     <span class='ocr_line' id='line_1_12' title="bbox 275 1085 1874 1160; baseline -0.002 -19"><span class='ocrx_word' id='word_1_70' title='bbox 275 1089 639 1158; x_wconf 85' lang='grc' dir='ltr'>συνειδήσεως</span> <span class='ocrx_word' id='word_1_71' title='bbox 669 1088 843 1158; x_wconf 84' lang='grc' dir='ltr'>αὑτῆς</span> <span class='ocrx_word' id='word_1_72' title='bbox 869 1088 1207 1160; x_wconf 74' lang='grc' dir='ltr'>ἡττώμενος,</span> <span class='ocrx_word' id='word_1_73' title='bbox 1233 1087 1354 1159; x_wconf 82' lang='grc' dir='ltr'>μεθ’</span> <span class='ocrx_word' id='word_1_74' title='bbox 1378 1088 1509 1157; x_wconf 78' lang='grc' dir='ltr'>ὅσης</span> <span class='ocrx_word' id='word_1_75' title='bbox 1531 1086 1588 1139; x_wconf 88' lang='grc' dir='ltr'><strong>δέ</strong></span> <span class='ocrx_word' id='word_1_76' title='bbox 1607 1085 1874 1155; x_wconf 73' lang='grc' dir='ltr'><strong>αἰσχύνης</strong></span> 
     </span>
    </p>
   </div>
   <div class='ocr_carea' id='block_1_13' title="bbox 271 1177 1873 1254">
    <p class='ocr_par' dir='ltr' id='par_1_13' title="bbox 271 1177 1873 1254">
     <span class='ocr_line' id='line_1_13' title="bbox 271 1177 1873 1254; baseline -0.002 -21"><span class='ocrx_word' id='word_1_77' title='bbox 271 1183 339 1251; x_wconf 84' lang='grc' dir='ltr'>τῇ</span> <span class='ocrx_word' id='word_1_78' title='bbox 387 1181 730 1250; x_wconf 79' lang='grc' dir='ltr'>πανταχόθεν</span> <span class='ocrx_word' id='word_1_79' title='bbox 769 1180 1113 1254; x_wconf 79' lang='grc' dir='ltr'>ἐληλεγμένῃ</span> <span class='ocrx_word' id='word_1_80' title='bbox 1156 1179 1482 1251; x_wconf 73' lang='grc' dir='ltr'><strong>ψευδολογίᾳ</strong></span> <span class='ocrx_word' id='word_1_81' title='bbox 1529 1177 1700 1232; x_wconf 85' lang='grc' dir='ltr'>αὐτοῦ</span> <span class='ocrx_word' id='word_1_82' title='bbox 1748 1194 1873 1231; x_wconf 87' lang='grc' dir='ltr'>συν-</span> 
     </span>
    </p>
   </div>
   <div class='ocr_carea' id='block_1_14' title="bbox 276 1270 1872 1344">
    <p class='ocr_par' dir='ltr' id='par_1_14' title="bbox 276 1270 1872 1344">
     <span class='ocr_line' id='line_1_14' title="bbox 276 1270 1872 1344; baseline -0.003 -18"><span class='ocrx_word' id='word_1_83' title='bbox 276 1274 482 1339; x_wconf 84' lang='grc' dir='ltr'>ίστατο,</span> <span class='ocrx_word' id='word_1_84' title='bbox 539 1273 887 1343; x_wconf 82' lang='grc' dir='ltr'>ὑποπέμπων</span> <span class='ocrx_word' id='word_1_85' title='bbox 921 1274 1022 1344; x_wconf 85' lang='grc' dir='ltr'>μέν</span> <span class='ocrx_word' id='word_1_86' title='bbox 1071 1290 1162 1343; x_wconf 91' lang='grc' dir='ltr'>μοι.</span> <span class='ocrx_word' id='word_1_87' title='bbox 1217 1272 1511 1343; x_wconf 78' lang='grc' dir='ltr'>διαφόρους</span> <span class='ocrx_word' id='word_1_88' title='bbox 1552 1272 1679 1333; x_wconf 81' lang='grc' dir='ltr'>τοὺς</span> <span class='ocrx_word' id='word_1_89' title='bbox 1729 1270 1872 1338; x_wconf 80' lang='grc' dir='ltr'>ὑπὲρ</span> 
     </span>
    </p>
   </div>
   <div class='ocr_carea' id='block_1_15' title="bbox 273 1363 1872 1435">
    <p class='ocr_par' dir='ltr' id='par_1_15' title="bbox 273 1363 1872 1435">
     <span class='ocr_line' id='line_1_15' title="bbox 273 1363 1872 1435; baseline -0.003 -15"><span class='ocrx_word' id='word_1_90' title='bbox 273 1365 448 1421; x_wconf 85' lang='grc' dir='ltr'>αὑτοῦ</span> <span class='ocrx_word' id='word_1_91' title='bbox 469 1366 782 1431; x_wconf 82' lang='grc' dir='ltr'>ἀξιοῦντας,</span> <span class='ocrx_word' id='word_1_92' title='bbox 814 1364 1202 1435; x_wconf 74' lang='grc' dir='ltr'>ἐξαιτούμενος</span> <span class='ocrx_word' id='word_1_93' title='bbox 1230 1364 1287 1418; x_wconf 83' lang='grc' dir='ltr'>δὲ</span> <span class='ocrx_word' id='word_1_94' title='bbox 1318 1365 1451 1435; x_wconf 87' lang='grc' dir='ltr'>παρ’</span> <span class='ocrx_word' id='word_1_95' title='bbox 1484 1363 1619 1435; x_wconf 83' lang='grc' dir='ltr'>ἐμοῦ</span> <span class='ocrx_word' id='word_1_96' title='bbox 1653 1379 1872 1434; x_wconf 84' lang='grc' dir='ltr'>συμμα-</span> 
     </span>
    </p>
   </div>
   <div class='ocr_carea' id='block_1_16' title="bbox 271 1455 1872 1528">
    <p class='ocr_par' dir='ltr' id='par_1_16' title="bbox 271 1455 1872 1528">
     <span class='ocr_line' id='line_1_16' title="bbox 271 1455 1872 1528; baseline -0.002 -18"><span class='ocrx_word' id='word_1_97' title='bbox 271 1460 400 1527; x_wconf 86' lang='grc' dir='ltr'>χίαν</span> <span class='ocrx_word' id='word_1_98' title='bbox 428 1458 572 1524; x_wconf 78' lang='grc' dir='ltr'>τινὰ,</span> <span class='ocrx_word' id='word_1_99' title='bbox 600 1459 748 1521; x_wconf 82' lang='grc' dir='ltr'>ὅπως</span> <span class='ocrx_word' id='word_1_100' title='bbox 784 1458 859 1528; x_wconf 82' lang='grc' dir='ltr'>μὴ</span> <span class='ocrx_word' id='word_1_101' title='bbox 888 1457 981 1509; x_wconf 79' lang='grc' dir='ltr'>ἐπὶ</span> <span class='ocrx_word' id='word_1_102' title='bbox 1022 1456 1264 1527; x_wconf 83' lang='grc' dir='ltr'>τοσούτῳ</span> <span class='ocrx_word' id='word_1_103' title='bbox 1295 1455 1573 1527; x_wconf 76' lang='grc' dir='ltr'>ἐλεγχθεὶς</span> <span class='ocrx_word' id='word_1_104' title='bbox 1610 1455 1872 1526; x_wconf 85' lang='grc' dir='ltr'>πλημμε-</span> 
     </span>
    </p>
   </div>
   <div class='ocr_carea' id='block_1_17' title="bbox 270 1545 1867 1619">
    <p class='ocr_par' dir='ltr' id='par_1_17' title="bbox 270 1545 1867 1619">
     <span class='ocr_line' id='line_1_17' title="bbox 270 1545 1867 1619; baseline -0.014 -1"><span class='ocrx_word' id='word_1_105' title='bbox 270 1548 499 1619; x_wconf 77' lang='grc' dir='ltr'>λήματι.</span> <span class='ocrx_word' id='word_1_106' title='bbox 538 1549 637 1619; x_wconf 85' lang='grc' dir='ltr'>τῆς</span> <span class='ocrx_word' id='word_1_107' title='bbox 670 1548 1025 1619; x_wconf 73' lang='grc' dir='ltr'>ὑπαρχούσης</span> <span class='ocrx_word' id='word_1_108' title='bbox 1054 1546 1204 1618; x_wconf 87' lang='grc' dir='ltr'>αὑτῷ</span> <span class='ocrx_word' id='word_1_109' title='bbox 1226 1547 1451 1600; x_wconf 75' lang='grc' dir='ltr'>ἐκπέσοι</span> <span class='ocrx_word' id='word_1_110' title='bbox 1476 1545 1679 1616; x_wconf 86' lang='grc' dir='ltr'>τιμῆς;</span> <span class='ocrx_word' id='word_1_111' title='bbox 1711 1546 1867 1615; x_wconf 82' lang='grc' dir='ltr'>Μάρ-</span> 
     </span>
    </p>
   </div>
   <div class='ocr_carea' id='block_1_18' title="bbox 270 1637 1867 1711">
    <p class='ocr_par' dir='ltr' id='par_1_18' title="bbox 270 1637 1867 1711">
     <span class='ocr_line' id='line_1_18' title="bbox 270 1637 1867 1711; baseline -0.003 -18"><span class='ocrx_word' id='word_1_112' title='bbox 270 1657 375 1703; x_wconf 87' lang='grc' dir='ltr'><strong>τυς</strong></span> <span class='ocrx_word' id='word_1_113' title='bbox 407 1641 527 1694; x_wconf 84' lang='grc' dir='ltr'>ἐστί</span> <span class='ocrx_word' id='word_1_114' title='bbox 561 1658 650 1711; x_wconf 70' lang='grc' dir='ltr'><strong>μοι</strong></span> <span class='ocrx_word' id='word_1_115' title='bbox 695 1641 901 1695; x_wconf 76' lang='grc' dir='ltr'>τούτων</span> <span class='ocrx_word' id='word_1_116' title='bbox 957 1640 1121 1704; x_wconf 76' lang='grc' dir='ltr'>αὑτὸς</span> <span class='ocrx_word' id='word_1_117' title='bbox 1171 1643 1200 1694; x_wconf 88' lang='grc' dir='ltr'>ὁ</span> <span class='ocrx_word' id='word_1_118' title='bbox 1227 1640 1382 1703; x_wconf 83' lang='grc' dir='ltr'>Θεὸς,</span> <span class='ocrx_word' id='word_1_119' title='bbox 1422 1639 1477 1702; x_wconf 80' lang='grc' dir='ltr'>ὃς</span> <span class='ocrx_word' id='word_1_120' title='bbox 1525 1639 1649 1709; x_wconf 82' lang='grc' dir='ltr'>ἐμοί</span> <span class='ocrx_word' id='word_1_121' title='bbox 1677 1655 1737 1691; x_wconf 82' lang='grc' dir='ltr'><strong>τε</strong></span> <span class='ocrx_word' id='word_1_122' title='bbox 1774 1637 1867 1692; x_wconf 78' lang='grc' dir='ltr'>καὶ</span> 
     </span>
    </p>
   </div>
   <div class='ocr_carea' id='block_1_19' title="bbox 271 1728 1866 1802">
    <p class='ocr_par' dir='ltr' id='par_1_19' title="bbox 271 1728 1866 1802">
     <span class='ocr_line' id='line_1_19' title="bbox 271 1728 1866 1802; baseline -0.004 -16"><span class='ocrx_word' id='word_1_123' title='bbox 271 1728 405 1802; x_wconf 85' lang='grc' dir='ltr'>ὑμῖν</span> <span class='ocrx_word' id='word_1_124' title='bbox 429 1730 752 1801; x_wconf 76' lang='grc' dir='ltr'>φιλαγάθως</span> <span class='ocrx_word' id='word_1_125' title='bbox 782 1733 1063 1802; x_wconf 81' lang='grc' dir='ltr'>ἐπιμένοι·</span> <span class='ocrx_word' id='word_1_126' title='bbox 1096 1732 1180 1785; x_wconf 85' lang='grc' dir='ltr'>ὅτι</span> <span class='ocrx_word' id='word_1_127' title='bbox 1210 1732 1306 1785; x_wconf 76' lang='grc' dir='ltr'>καὶ</span> <span class='ocrx_word' id='word_1_128' title='bbox 1336 1731 1435 1802; x_wconf 79' lang='grc' dir='ltr'><strong>ἐμὲ</strong></span> <span class='ocrx_word' id='word_1_129' title='bbox 1467 1730 1628 1792; x_wconf 81' lang='grc' dir='ltr'>αὐτὸς</span> <span class='ocrx_word' id='word_1_130' title='bbox 1661 1731 1866 1792; x_wconf 84' lang='grc' dir='ltr'>ἐκεῖνος</span> 
     </span>
    </p>
   </div>
   <div class='ocr_carea' id='block_1_20' title="bbox 1979 535 3560 607">
    <p class='ocr_par' dir='ltr' id='par_1_20' title="bbox 1979 535 3560 607">
     <span class='ocr_line' id='line_1_20' title="bbox 1979 535 3560 607; baseline 0.006 -24"><span class='ocrx_word' id='word_1_131' title='bbox 1979 546 2134 595; x_wconf 88' lang='lat' dir='ltr'><strong>rem;</strong></span> <span class='ocrx_word' id='word_1_132' title='bbox 2175 540 2285 584; x_wconf 92' lang='lat' dir='ltr'><strong>tum</strong></span> <span class='ocrx_word' id='word_1_133' title='bbox 2311 535 2551 586; x_wconf 89' lang='lat' dir='ltr'><strong>omnium</strong></span> <span class='ocrx_word' id='word_1_134' title='bbox 2576 535 2814 589; x_wconf 78' lang='lat' dir='ltr'><strong>maxime</strong></span> <span class='ocrx_word' id='word_1_135' title='bbox 2841 546 2901 589; x_wconf 89' lang='grc' dir='ltr'>ιιι</span> <span class='ocrx_word' id='word_1_136' title='bbox 2938 538 3288 605; x_wconf 89' lang='lat' dir='ltr'><strong>reprimerem</strong></span> <span class='ocrx_word' id='word_1_137' title='bbox 3341 541 3560 607; x_wconf 83' lang='lat' dir='ltr'><strong>penitus</strong></span> 
     </span>
    </p>
   </div>
   <div class='ocr_carea' id='block_1_21' title="bbox 1979 623 3560 699">
    <p class='ocr_par' dir='ltr' id='par_1_21' title="bbox 1979 623 3560 699">
     <span class='ocr_line' id='line_1_21' title="bbox 1979 623 3560 699; baseline 0.006 -24"><span class='ocrx_word' id='word_1_138' title='bbox 1979 634 2034 677; x_wconf 90' lang='lat' dir='ltr'><strong>et</strong></span> <span class='ocrx_word' id='word_1_139' title='bbox 2076 623 2457 681; x_wconf 87' lang='lat' dir='ltr'><strong>submoveretn</strong></span> <span class='ocrx_word' id='word_1_140' title='bbox 2509 642 2629 681; x_wconf 89' lang='lat' dir='ltr'><strong>eam</strong></span> <span class='ocrx_word' id='word_1_141' title='bbox 2673 643 2852 683; x_wconf 90' lang='lat' dir='ltr'><strong>rerum</strong></span> <span class='ocrx_word' id='word_1_142' title='bbox 2897 631 3385 697; x_wconf 87' lang='lat' dir='ltr'><strong>perturbationem,</strong></span> <span class='ocrx_word' id='word_1_143' title='bbox 3438 645 3560 699; x_wconf 65' lang='lat' dir='ltr'><strong>qua:</strong></span> 
     </span>
    </p>
   </div>
   <div class='ocr_carea' id='block_1_22' title="bbox 1978 716 3663 789">
    <p class='ocr_par' dir='ltr' id='par_1_22' title="bbox 1978 716 3663 789">
     <span class='ocr_line' id='line_1_22' title="bbox 1978 716 3663 789; baseline 0.003 -21"><span class='ocrx_word' id='word_1_144' title='bbox 1978 729 2043 769; x_wconf 77' lang='lat' dir='ltr'><strong>ex</strong></span> <span class='ocrx_word' id='word_1_145' title='bbox 2079 716 2197 769; x_wconf 86' lang='lat' dir='ltr'><strong>Arii</strong></span> <span class='ocrx_word' id='word_1_146' title='bbox 2233 716 2582 773; x_wconf 77' lang='lat' dir='ltr'><strong>Alexandrini</strong></span> <span class='ocrx_word' id='word_1_147' title='bbox 2612 721 2847 774; x_wconf 69' lang='lat' dir='ltr'><strong>amentia</strong></span> <span class='ocrx_word' id='word_1_148' title='bbox 2876 730 3016 785; x_wconf 84' lang='lat' dir='ltr'><strong>orta,</strong></span> <span class='ocrx_word' id='word_1_149' title='bbox 3046 721 3189 774; x_wconf 86' lang='lat' dir='ltr'><strong>illico</strong></span> <span class='ocrx_word' id='word_1_150' title='bbox 3215 735 3281 776; x_wconf 82' lang='lat' dir='ltr'><strong>ex</strong></span> <span class='ocrx_word' id='word_1_151' title='bbox 3320 721 3559 775; x_wconf 87' lang='lat' dir='ltr'><strong>absurdo</strong></span> <span class='ocrx_word' id='word_1_152' title='bbox 3646 775 3663 789; x_wconf 46' lang='grc' dir='ltr'>ι</span> 
     </span>
    </p>
   </div>
   <div class='ocr_carea' id='block_1_23' title="bbox 1978 809 3554 881">
    <p class='ocr_par' dir='ltr' id='par_1_23' title="bbox 1978 809 3554 881">
     <span class='ocr_line' id='line_1_23' title="bbox 1978 809 3554 881; baseline 0.001 -18"><span class='ocrx_word' id='word_1_153' title='bbox 1978 814 2035 863; x_wconf 88' lang='lat' dir='ltr'><strong>et</strong></span> <span class='ocrx_word' id='word_1_154' title='bbox 2078 809 2387 877; x_wconf 80' lang='lat' dir='ltr'><strong>pernicioso</strong></span> <span class='ocrx_word' id='word_1_155' title='bbox 2439 823 2636 865; x_wconf 86' lang='lat' dir='ltr'><strong>conatu</strong></span> <span class='ocrx_word' id='word_1_156' title='bbox 2689 811 2907 866; x_wconf 78' lang='lat' dir='ltr'><strong>Eusebii</strong></span> <span class='ocrx_word' id='word_1_157' title='bbox 2938 814 3081 867; x_wconf 72' lang='lat' dir='ltr'><strong>vires</strong></span> <span class='ocrx_word' id='word_1_158' title='bbox 3127 814 3368 881; x_wconf 77' lang='lat' dir='ltr'><strong>collegit.</strong></span> <span class='ocrx_word' id='word_1_159' title='bbox 3418 812 3554 865; x_wconf 85' lang='lat' dir='ltr'><strong>Nam</strong></span> 
     </span>
    </p>
   </div>
   <div class='ocr_carea' id='block_1_24' title="bbox 1976 901 3561 971">
    <p class='ocr_par' dir='ltr' id='par_1_24' title="bbox 1976 901 3561 971">
     <span class='ocr_line' id='line_1_24' title="bbox 1976 901 3561 971; baseline 0.003 -22"><span class='ocrx_word' id='word_1_160' title='bbox 1976 908 2182 966; x_wconf 88' lang='lat' dir='ltr'><strong>quanta</strong></span> <span class='ocrx_word' id='word_1_161' title='bbox 2217 901 2599 966; x_wconf 87' lang='lat' dir='ltr'><strong>concursione,</strong></span> <span class='ocrx_word' id='word_1_162' title='bbox 2634 902 2993 956; x_wconf 76' lang='lat' dir='ltr'><strong>amantissimi</strong></span> <span class='ocrx_word' id='word_1_163' title='bbox 3042 903 3561 971; x_wconf 84' lang='lat' dir='ltr'><strong>honoratissimique</strong></span> 
     </span>
    </p>
   </div>
   <div class='ocr_carea' id='block_1_25' title="bbox 1979 988 3559 1061">
    <p class='ocr_par' dir='ltr' id='par_1_25' title="bbox 1979 988 3559 1061">
     <span class='ocr_line' id='line_1_25' title="bbox 1979 988 3559 1061; baseline 0.002 -19"><span class='ocrx_word' id='word_1_164' title='bbox 1979 988 2205 1056; x_wconf 77' lang='lat' dir='ltr'><strong>fratres,</strong></span> <span class='ocrx_word' id='word_1_165' title='bbox 2236 992 2436 1058; x_wconf 83' lang='lat' dir='ltr'><strong>putatis</strong></span> <span class='ocrx_word' id='word_1_166' title='bbox 2465 990 2626 1046; x_wconf 90' lang='lat' dir='ltr'><strong>istum</strong></span> <span class='ocrx_word' id='word_1_167' title='bbox 2664 993 2978 1057; x_wconf 84' lang='lat' dir='ltr'><strong>Eusebium,</strong></span> <span class='ocrx_word' id='word_1_168' title='bbox 3029 1003 3211 1061; x_wconf 85' lang='lat' dir='ltr'><strong>utpote</strong></span> <span class='ocrx_word' id='word_1_169' title='bbox 3264 995 3376 1061; x_wconf 91' lang='lat' dir='ltr'><strong>ipsa</strong></span> <span class='ocrx_word' id='word_1_170' title='bbox 3424 1008 3559 1046; x_wconf 90' lang='lat' dir='ltr'><strong>cou-</strong></span> 
     </span>
    </p>
   </div>
   <div class='ocr_carea' id='block_1_26' title="bbox 1976 1081 3560 1154">
    <p class='ocr_par' dir='ltr' id='par_1_26' title="bbox 1976 1081 3560 1154">
     <span class='ocr_line' id='line_1_26' title="bbox 1976 1081 3560 1154; baseline 0 -18"><span class='ocrx_word' id='word_1_171' title='bbox 1976 1081 2204 1136; x_wconf 90' lang='lat' dir='ltr'><strong>scientia</strong></span> <span class='ocrx_word' id='word_1_172' title='bbox 2238 1084 2570 1149; x_wconf 89' lang='lat' dir='ltr'><strong>convictum,</strong></span> <span class='ocrx_word' id='word_1_173' title='bbox 2623 1094 2827 1154; x_wconf 85' lang='lat' dir='ltr'><strong>quanta</strong></span> <span class='ocrx_word' id='word_1_174' title='bbox 2858 1101 2982 1139; x_wconf 89' lang='lat' dir='ltr'><strong>cum</strong></span> <span class='ocrx_word' id='word_1_175' title='bbox 3035 1084 3353 1152; x_wconf 86' lang='lat' dir='ltr'><strong>ignominia,</strong></span> <span class='ocrx_word' id='word_1_176' title='bbox 3409 1097 3560 1138; x_wconf 82' lang='lat' dir='ltr'><strong>meu-</strong></span> 
     </span>
    </p>
   </div>
   <div class='ocr_carea' id='block_1_27' title="bbox 1980 1173 3560 1246">
    <p class='ocr_par' dir='ltr' id='par_1_27' title="bbox 1980 1173 3560 1246">
     <span class='ocr_line' id='line_1_27' title="bbox 1980 1173 3560 1246; baseline 0.001 -19"><span class='ocrx_word' id='word_1_177' title='bbox 1980 1173 2153 1228; x_wconf 85' lang='lat' dir='ltr'><strong>daeiis</strong></span> <span class='ocrx_word' id='word_1_178' title='bbox 2202 1176 2442 1243; x_wconf 89' lang='lat' dir='ltr'><strong>undique</strong></span> <span class='ocrx_word' id='word_1_179' title='bbox 2480 1177 2855 1245; x_wconf 78' lang='lat' dir='ltr'><strong>deprehensis,</strong></span> <span class='ocrx_word' id='word_1_180' title='bbox 2911 1192 3226 1246; x_wconf 79' lang='lat' dir='ltr'><strong>aggressum</strong></span> <span class='ocrx_word' id='word_1_181' title='bbox 3281 1191 3404 1230; x_wconf 86' lang='lat' dir='ltr'><strong>esse</strong></span> <span class='ocrx_word' id='word_1_182' title='bbox 3444 1175 3560 1245; x_wconf 92' lang='lat' dir='ltr'><strong>pri-</strong></span> 
     </span>
    </p>
   </div>
   <div class='ocr_carea' id='block_1_28' title="bbox 1976 1267 3559 1337">
    <p class='ocr_par' dir='ltr' id='par_1_28' title="bbox 1976 1267 3559 1337">
     <span class='ocr_line' id='line_1_28' title="bbox 1976 1267 3559 1337; baseline 0.003 -20"><span class='ocrx_word' id='word_1_183' title='bbox 1976 1279 2123 1318; x_wconf 89' lang='lat' dir='ltr'><strong>mum</strong></span> <span class='ocrx_word' id='word_1_184' title='bbox 2166 1276 2347 1321; x_wconf 88' lang='lat' dir='ltr'><strong>certos</strong></span> <span class='ocrx_word' id='word_1_185' title='bbox 2376 1267 2639 1334; x_wconf 83' lang='lat' dir='ltr'><strong>quosdam</strong></span> <span class='ocrx_word' id='word_1_186' title='bbox 2676 1268 2923 1321; x_wconf 85' lang='lat' dir='ltr'><strong>homines</strong></span> <span class='ocrx_word' id='word_1_187' title='bbox 2972 1268 3271 1320; x_wconf 80' lang='lat' dir='ltr'><strong>subornare</strong></span> <span class='ocrx_word' id='word_1_188' title='bbox 3317 1267 3410 1335; x_wconf 90' lang='lat' dir='ltr'><strong>qui</strong></span> <span class='ocrx_word' id='word_1_189' title='bbox 3458 1280 3559 1337; x_wconf 89' lang='lat' dir='ltr'><strong>pro</strong></span> 
     </span>
    </p>
   </div>
   <div class='ocr_carea' id='block_1_29' title="bbox 1972 1356 3558 1427">
    <p class='ocr_par' dir='ltr' id='par_1_29' title="bbox 1972 1356 3558 1427">
     <span class='ocr_line' id='line_1_29' title="bbox 1972 1356 3558 1427; baseline 0.001 -16"><span class='ocrx_word' id='word_1_190' title='bbox 1972 1371 2039 1411; x_wconf 90' lang='lat' dir='ltr'><strong>eo</strong></span> <span class='ocrx_word' id='word_1_191' title='bbox 2074 1356 2520 1426; x_wconf 77' lang='lat' dir='ltr'><strong>deprecarentur,</strong></span> <span class='ocrx_word' id='word_1_192' title='bbox 2551 1359 2749 1414; x_wconf 87' lang='lat' dir='ltr'><strong>deinde</strong></span> <span class='ocrx_word' id='word_1_193' title='bbox 2780 1374 2809 1413; x_wconf 89' lang='lat' dir='ltr'><strong>a</strong></span> <span class='ocrx_word' id='word_1_194' title='bbox 2842 1374 2927 1414; x_wconf 90' lang='lat' dir='ltr'><strong>me</strong></span> <span class='ocrx_word' id='word_1_195' title='bbox 2956 1360 3216 1413; x_wconf 75' lang='lat' dir='ltr'><strong>auxilium</strong></span> <span class='ocrx_word' id='word_1_196' title='bbox 3251 1369 3456 1427; x_wconf 89' lang='lat' dir='ltr'><strong>petere,</strong></span> <span class='ocrx_word' id='word_1_197' title='bbox 3487 1373 3558 1413; x_wconf 89' lang='lat' dir='ltr'><strong>ne</strong></span> 
     </span>
    </p>
   </div>
   <div class='ocr_carea' id='block_1_30' title="bbox 1975 1449 3557 1521">
    <p class='ocr_par' dir='ltr' id='par_1_30' title="bbox 1975 1449 3557 1521">
     <span class='ocr_line' id='line_1_30' title="bbox 1975 1449 3557 1521; baseline 0.002 -20"><span class='ocrx_word' id='word_1_198' title='bbox 1975 1449 2109 1501; x_wconf 88' lang='lat' dir='ltr'><strong>tanti</strong></span> <span class='ocrx_word' id='word_1_199' title='bbox 2137 1450 2364 1504; x_wconf 86' lang='lat' dir='ltr'><strong>sceleris</strong></span> <span class='ocrx_word' id='word_1_200' title='bbox 2398 1451 2702 1509; x_wconf 85' lang='lat' dir='ltr'><strong>damnatus.</strong></span> <span class='ocrx_word' id='word_1_201' title='bbox 2740 1451 2807 1505; x_wconf 89' lang='lat' dir='ltr'><strong>de</strong></span> <span class='ocrx_word' id='word_1_202' title='bbox 2838 1452 3056 1505; x_wconf 82' lang='lat' dir='ltr'><strong>honoris</strong></span> <span class='ocrx_word' id='word_1_203' title='bbox 3102 1453 3184 1506; x_wconf 92' lang='lat' dir='ltr'><strong>sui</strong></span> <span class='ocrx_word' id='word_1_204' title='bbox 3216 1453 3387 1521; x_wconf 85' lang='lat' dir='ltr'><strong>gradu</strong></span> <span class='ocrx_word' id='word_1_205' title='bbox 3418 1452 3557 1518; x_wconf 86' lang='lat' dir='ltr'><strong>deji-</strong></span> 
     </span>
    </p>
   </div>
   <div class='ocr_carea' id='block_1_31' title="bbox 1977 1541 3553 1614">
    <p class='ocr_par' dir='ltr' id='par_1_31' title="bbox 1977 1541 3553 1614">
     <span class='ocr_line' id='line_1_31' title="bbox 1977 1541 3553 1614; baseline 0.001 -19"><span class='ocrx_word' id='word_1_206' title='bbox 1977 1542 2246 1596; x_wconf 80' lang='lat' dir='ltr'><strong>ceretur?</strong></span> <span class='ocrx_word' id='word_1_207' title='bbox 2295 1541 2466 1610; x_wconf 87' lang='lat' dir='ltr'><strong>llujus</strong></span> <span class='ocrx_word' id='word_1_208' title='bbox 2504 1545 2581 1599; x_wconf 89' lang='lat' dir='ltr'><strong>rei</strong></span> <span class='ocrx_word' id='word_1_209' title='bbox 2612 1543 2767 1599; x_wconf 87' lang='lat' dir='ltr'><strong>testis</strong></span> <span class='ocrx_word' id='word_1_210' title='bbox 2797 1556 2878 1600; x_wconf 89' lang='lat' dir='ltr'><strong>est</strong></span> <span class='ocrx_word' id='word_1_211' title='bbox 2913 1545 3043 1599; x_wconf 86' lang='lat' dir='ltr'><strong>mihi</strong></span> <span class='ocrx_word' id='word_1_212' title='bbox 3093 1544 3256 1612; x_wconf 85' lang='lat' dir='ltr'><strong>Deus,</strong></span> <span class='ocrx_word' id='word_1_213' title='bbox 3305 1545 3396 1614; x_wconf 90' lang='lat' dir='ltr'><strong>qui</strong></span> <span class='ocrx_word' id='word_1_214' title='bbox 3440 1553 3553 1597; x_wconf 88' lang='lat' dir='ltr'><strong>tum</strong></span> 
     </span>
    </p>
   </div>
   <div class='ocr_carea' id='block_1_32' title="bbox 1975 1633 3557 1708">
    <p class='ocr_par' dir='ltr' id='par_1_32' title="bbox 1975 1633 3557 1708">
     <span class='ocr_line' id='line_1_32' title="bbox 1975 1633 3557 1708; baseline 0.001 -21"><span class='ocrx_word' id='word_1_215' title='bbox 1975 1633 2133 1697; x_wconf 88' lang='lat' dir='ltr'><strong>tnihi,</strong></span> <span class='ocrx_word' id='word_1_216' title='bbox 2173 1643 2284 1689; x_wconf 93' lang='lat' dir='ltr'><strong>tum</strong></span> <span class='ocrx_word' id='word_1_217' title='bbox 2322 1635 2479 1690; x_wconf 84' lang='lat' dir='ltr'><strong>vobis</strong></span> <span class='ocrx_word' id='word_1_218' title='bbox 2511 1635 2777 1705; x_wconf 85' lang='lat' dir='ltr'><strong>benignus</strong></span> <span class='ocrx_word' id='word_1_219' title='bbox 2809 1646 3070 1708; x_wconf 79' lang='lat' dir='ltr'><strong>perpetuo</strong></span> <span class='ocrx_word' id='word_1_220' title='bbox 3104 1638 3265 1701; x_wconf 86' lang='lat' dir='ltr'><strong>adsit,</strong></span> <span class='ocrx_word' id='word_1_221' title='bbox 3316 1637 3457 1705; x_wconf 86' lang='lat' dir='ltr'><strong>quod</strong></span> <span class='ocrx_word' id='word_1_222' title='bbox 3501 1646 3557 1690; x_wconf 92' lang='lat' dir='ltr'><strong>et</strong></span> 
     </span>
    </p>
   </div>
   <div class='ocr_carea' id='block_1_33' title="bbox 1970 1726 3552 1798">
    <p class='ocr_par' dir='ltr' id='par_1_33' title="bbox 1970 1726 3552 1798">
     <span class='ocr_line' id='line_1_33' title="bbox 1970 1726 3552 1798; baseline 0.002 -22"><span class='ocrx_word' id='word_1_223' title='bbox 1970 1740 2151 1779; x_wconf 90' lang='lat' dir='ltr'><strong>memn</strong></span> <span class='ocrx_word' id='word_1_224' title='bbox 2182 1726 2747 1797; x_wconf 83' lang='lat' dir='ltr'><strong>pervertitjudicium,</strong></span> <span class='ocrx_word' id='word_1_225' title='bbox 2797 1738 2850 1782; x_wconf 92' lang='lat' dir='ltr'><strong>et</strong></span> <span class='ocrx_word' id='word_1_226' title='bbox 2884 1728 3115 1798; x_wconf 88' lang='lat' dir='ltr'><strong>turpiter</strong></span> <span class='ocrx_word' id='word_1_227' title='bbox 3146 1744 3173 1782; x_wconf 77' lang='grc' dir='ltr'><strong>ιι</strong></span> <span class='ocrx_word' id='word_1_228' title='bbox 3197 1729 3434 1782; x_wconf 84' lang='lat' dir='ltr'><strong>&#39;veritate</strong></span> <span class='ocrx_word' id='word_1_229' title='bbox 3458 1727 3552 1779; x_wconf 82' lang='lat' dir='ltr'><strong>ah-</strong></span> 
     </span>
    </p>
   </div>
   <div class='ocr_carea' id='block_1_34' title="bbox 265 1796 1867 1895">
    <p class='ocr_par' dir='ltr' id='par_1_34' title="bbox 265 1796 1861 1895">
     <span class='ocr_line' id='line_1_34' title="bbox 265 1796 1861 1895; baseline -0.003 -18"><span class='ocrx_word' id='word_1_230' title='bbox 265 1796 535 1887; x_wconf 71' lang='grc' dir='ltr'>Εὑσέδιος</span> <span class='ocrx_word' id='word_1_231' title='bbox 578 1796 959 1895; x_wconf 47' lang='grc' dir='ltr'>περιέτρεψε,</span> <span class='ocrx_word' id='word_1_232' title='bbox 1019 1824 1116 1876; x_wconf 78' lang='grc' dir='ltr'><strong>καὶ</strong></span> <span class='ocrx_word' id='word_1_233' title='bbox 1176 1796 1443 1894; x_wconf 72' lang='grc' dir='ltr'>ἀπρεπιῦς</span> <span class='ocrx_word' id='word_1_234' title='bbox 1500 1822 1861 1893; x_wconf 83' lang='grc' dir='ltr'>ὑφήρπασεν·</span> 
     </span>
    </p>
   </div>
   <div class='ocr_carea' id='block_1_35' title="bbox 1969 1796 3557 1895">
    <p class='ocr_par' dir='ltr' id='par_1_35' title="bbox 1969 1796 3557 1885">
     <span class='ocr_line' id='line_1_35' title="bbox 1969 1796 3557 1885; baseline 0.003 -20"><span class='ocrx_word' id='word_1_235' title='bbox 1969 1812 2144 1867; x_wconf 72' lang='lat' dir='ltr'><strong>duxit.</strong></span> <span class='ocrx_word' id='word_1_236' title='bbox 2173 1812 2279 1868; x_wconf 84' lang='lat' dir='ltr'><strong>Sed</strong></span> <span class='ocrx_word' id='word_1_237' title='bbox 2311 1796 2490 1870; x_wconf 85' lang='lat' dir='ltr'><strong>divina</strong></span> <span class='ocrx_word' id='word_1_238' title='bbox 2516 1817 2856 1885; x_wconf 87' lang='lat' dir='ltr'><strong>providentia</strong></span> <span class='ocrx_word' id='word_1_239' title='bbox 2885 1819 2951 1871; x_wconf 87' lang='lat' dir='ltr'><strong>ad</strong></span> <span class='ocrx_word' id='word_1_240' title='bbox 2973 1796 3185 1873; x_wconf 74' lang='lat' dir='ltr'><strong>rectam</strong></span> <span class='ocrx_word' id='word_1_241' title='bbox 3222 1834 3306 1871; x_wconf 73' lang='grc' dir='ltr'>ιιιιι</span> <span class='ocrx_word' id='word_1_242' title='bbox 3338 1818 3557 1871; x_wconf 79' lang='lat' dir='ltr'><strong>reduxit</strong></span> 
     </span>
    </p>
   </div>
   <div class='ocr_carea' id='block_1_36' title="bbox 265 1911 1866 1984">
    <p class='ocr_par' dir='ltr' id='par_1_36' title="bbox 265 1911 1866 1984">
     <span class='ocr_line' id='line_1_36' title="bbox 265 1911 1866 1984; baseline -0.001 -18"><span class='ocrx_word' id='word_1_243' title='bbox 265 1911 387 1966; x_wconf 79' lang='grc' dir='ltr'>ἀλλ’</span> <span class='ocrx_word' id='word_1_244' title='bbox 422 1914 455 1982; x_wconf 85' lang='grc' dir='ltr'><strong>ἡ</strong></span> <span class='ocrx_word' id='word_1_245' title='bbox 490 1911 611 1966; x_wconf 82' lang='grc' dir='ltr'>θεία</span> <span class='ocrx_word' id='word_1_246' title='bbox 648 1929 715 1982; x_wconf 86' lang='grc' dir='ltr'><strong>με</strong></span> <span class='ocrx_word' id='word_1_247' title='bbox 749 1913 980 1983; x_wconf 87' lang='grc' dir='ltr'>πρόνοια</span> <span class='ocrx_word' id='word_1_248' title='bbox 1018 1913 1111 1965; x_wconf 82' lang='grc' dir='ltr'>ἐπὶ</span> <span class='ocrx_word' id='word_1_249' title='bbox 1146 1912 1245 1984; x_wconf 74' lang='grc' dir='ltr'>τὴν</span> <span class='ocrx_word' id='word_1_250' title='bbox 1286 1912 1665 1983; x_wconf 77' lang='grc' dir='ltr'>ἀληθεστάτην</span> <span class='ocrx_word' id='word_1_251' title='bbox 1696 1911 1866 1982; x_wconf 81' lang='grc' dir='ltr'>αὑτῆς</span> 
     </span>
    </p>
   </div>
   <div class='ocr_carea' id='block_1_37' title="bbox 263 2001 1867 2074">
    <p class='ocr_par' dir='ltr' id='par_1_37' title="bbox 263 2001 1867 2074">
     <span class='ocr_line' id='line_1_37' title="bbox 263 2001 1867 2074; baseline -0.002 -17"><span class='ocrx_word' id='word_1_252' title='bbox 263 2001 388 2057; x_wconf 77' lang='grc' dir='ltr'>ὁδὸν</span> <span class='ocrx_word' id='word_1_253' title='bbox 419 2006 799 2074; x_wconf 76' lang='grc' dir='ltr'>ἐπανήγαγεν·</span> <span class='ocrx_word' id='word_1_254' title='bbox 846 2004 874 2056; x_wconf 81' lang='grc' dir='ltr'><strong>ὃ</strong></span> <span class='ocrx_word' id='word_1_255' title='bbox 920 2004 1013 2056; x_wconf 81' lang='grc' dir='ltr'><strong>καὶ</strong></span> <span class='ocrx_word' id='word_1_256' title='bbox 1057 2004 1217 2073; x_wconf 81' lang='grc' dir='ltr'>ὑμεῖς</span> <span class='ocrx_word' id='word_1_257' title='bbox 1263 2003 1562 2070; x_wconf 77' lang='grc' dir='ltr'>ἐπέγνωτε,</span> <span class='ocrx_word' id='word_1_258' title='bbox 1605 2003 1702 2056; x_wconf 82' lang='grc' dir='ltr'><strong>καὶ</strong></span> <span class='ocrx_word' id='word_1_259' title='bbox 1745 2003 1867 2055; x_wconf 83' lang='grc' dir='ltr'>ἐπι-</span> 
     </span>
    </p>
   </div>
   <div class='ocr_carea' id='block_1_38' title="bbox 263 2090 1863 2163">
    <p class='ocr_par' dir='ltr' id='par_1_38' title="bbox 263 2090 1863 2163">
     <span class='ocr_line' id='line_1_38' title="bbox 263 2090 1863 2163; baseline -0.001 -16"><span class='ocrx_word' id='word_1_260' title='bbox 263 2090 571 2159; x_wconf 83' lang='grc' dir='ltr'>γνώσεσθε.</span> <span class='ocrx_word' id='word_1_261' title='bbox 631 2094 818 2147; x_wconf 69' lang='grc' dir='ltr'>Πάντα</span> <span class='ocrx_word' id='word_1_262' title='bbox 870 2094 969 2163; x_wconf 82' lang='grc' dir='ltr'><strong>μὲν</strong></span> <span class='ocrx_word' id='word_1_263' title='bbox 1027 2094 1137 2162; x_wconf 81' lang='grc' dir='ltr'>γὰρ</span> <span class='ocrx_word' id='word_1_264' title='bbox 1201 2092 1459 2163; x_wconf 79' lang='grc' dir='ltr'>ἐπράχθη</span> <span class='ocrx_word' id='word_1_265' title='bbox 1512 2094 1641 2162; x_wconf 83' lang='grc' dir='ltr'>παρ’</span> <span class='ocrx_word' id='word_1_266' title='bbox 1698 2092 1863 2145; x_wconf 88' lang='grc' dir='ltr'>αὑτοῦ</span> 
     </span>
    </p>
   </div>
   <div class='ocr_carea' id='block_1_39' title="bbox 264 2182 1868 2251">
    <p class='ocr_par' dir='ltr' id='par_1_39' title="bbox 264 2182 1868 2251">
     <span class='ocr_line' id='line_1_39' title="bbox 264 2182 1868 2251; baseline 0.001 -16"><span class='ocrx_word' id='word_1_267' title='bbox 264 2183 415 2243; x_wconf 83' lang='grc' dir='ltr'>τότε,</span> <span class='ocrx_word' id='word_1_268' title='bbox 450 2182 717 2237; x_wconf 79' lang='grc' dir='ltr'>Εὑσεδίου</span> <span class='ocrx_word' id='word_1_269' title='bbox 751 2182 846 2236; x_wconf 89' lang='grc' dir='ltr'><strong>τοῦ</strong></span> <span class='ocrx_word' id='word_1_270' title='bbox 879 2184 1098 2236; x_wconf 83' lang='grc' dir='ltr'>ἀνοσίου</span> <span class='ocrx_word' id='word_1_271' title='bbox 1133 2182 1301 2251; x_wconf 82' lang='grc' dir='ltr'>λέγω,</span> <span class='ocrx_word' id='word_1_272' title='bbox 1336 2182 1518 2245; x_wconf 87' lang='grc' dir='ltr'>καθὼς</span> <span class='ocrx_word' id='word_1_273' title='bbox 1548 2184 1709 2247; x_wconf 74' lang='grc' dir='ltr'>αὐτὸς</span> <span class='ocrx_word' id='word_1_274' title='bbox 1739 2184 1868 2237; x_wconf 84' lang='grc' dir='ltr'>ἐπό-</span> 
     </span>
    </p>
   </div>
   <div class='ocr_carea' id='block_1_40' title="bbox 265 2270 1864 2341">
    <p class='ocr_par' dir='ltr' id='par_1_40' title="bbox 265 2270 1864 2341">
     <span class='ocr_line' id='line_1_40' title="bbox 265 2270 1864 2341; baseline 0 -16"><span class='ocrx_word' id='word_1_275' title='bbox 265 2270 377 2335; x_wconf 85' lang='grc' dir='ltr'>θει,</span> <span class='ocrx_word' id='word_1_276' title='bbox 405 2274 514 2325; x_wconf 71' lang='grc' dir='ltr'>πᾶν</span> <span class='ocrx_word' id='word_1_277' title='bbox 564 2272 747 2327; x_wconf 85' lang='grc' dir='ltr'>ὁτιοῦν</span> <span class='ocrx_word' id='word_1_278' title='bbox 770 2273 940 2327; x_wconf 88' lang='grc' dir='ltr'>κακὸν</span> <span class='ocrx_word' id='word_1_279' title='bbox 983 2274 1078 2327; x_wconf 75' lang='grc' dir='ltr'>ἐπὶ</span> <span class='ocrx_word' id='word_1_280' title='bbox 1120 2273 1221 2341; x_wconf 72' lang='grc' dir='ltr'>τῆς</span> <span class='ocrx_word' id='word_1_281' title='bbox 1260 2271 1425 2325; x_wconf 87' lang='grc' dir='ltr'>αὑτοῦ</span> <span class='ocrx_word' id='word_1_282' title='bbox 1454 2271 1694 2335; x_wconf 77' lang='grc' dir='ltr'>διανοίας</span> <span class='ocrx_word' id='word_1_283' title='bbox 1725 2273 1864 2327; x_wconf 86' lang='grc' dir='ltr'>ἀπο-</span> 
     </span>
    </p>
   </div>
   <div class='ocr_carea' id='block_1_41' title="bbox 264 2363 1867 2437">
    <p class='ocr_par' dir='ltr' id='par_1_41' title="bbox 264 2363 1867 2437">
     <span class='ocr_line' id='line_1_41' title="bbox 264 2363 1867 2437; baseline 0 -19"><span class='ocrx_word' id='word_1_284' title='bbox 264 2365 675 2437; x_wconf 80' lang='grc' dir='ltr'>κρυπτόμενος.</span> <span class='ocrx_word' id='word_1_285' title='bbox 722 2365 888 2419; x_wconf 78' lang='grc' dir='ltr'>Ἀλλά</span> <span class='ocrx_word' id='word_1_286' title='bbox 917 2365 1132 2437; x_wconf 80' lang='grc' dir='ltr'>πρώην,</span> <span class='ocrx_word' id='word_1_287' title='bbox 1171 2365 1259 2418; x_wconf 82' lang='grc' dir='ltr'>ἵνα</span> <span class='ocrx_word' id='word_1_288' title='bbox 1287 2363 1357 2418; x_wconf 87' lang='grc' dir='ltr'><strong>τά</strong></span> <span class='ocrx_word' id='word_1_289' title='bbox 1394 2364 1559 2417; x_wconf 80' lang='grc' dir='ltr'>λοιπά</span> <span class='ocrx_word' id='word_1_290' title='bbox 1601 2365 1700 2435; x_wconf 80' lang='grc' dir='ltr'>τῆς</span> <span class='ocrx_word' id='word_1_291' title='bbox 1741 2365 1867 2418; x_wconf 83' lang='grc' dir='ltr'>τού-</span> 
     </span>
    </p>
   </div>
   <div class='ocr_carea' id='block_1_42' title="bbox 266 2457 1867 2531">
    <p class='ocr_par' dir='ltr' id='par_1_42' title="bbox 266 2457 1867 2531">
     <span class='ocr_line' id='line_1_42' title="bbox 266 2457 1867 2531; baseline 0 -20"><span class='ocrx_word' id='word_1_292' title='bbox 266 2475 369 2511; x_wconf 88' lang='grc' dir='ltr'><strong>του</strong></span> <span class='ocrx_word' id='word_1_293' title='bbox 404 2459 731 2528; x_wconf 88' lang='grc' dir='ltr'>σκαιότητος</span> <span class='ocrx_word' id='word_1_294' title='bbox 757 2459 941 2531; x_wconf 85' lang='grc' dir='ltr'>παρῶ,</span> <span class='ocrx_word' id='word_1_295' title='bbox 973 2460 1027 2512; x_wconf 88' lang='grc' dir='ltr'><strong>τί</strong></span> <span class='ocrx_word' id='word_1_296' title='bbox 1060 2458 1298 2531; x_wconf 84' lang='grc' dir='ltr'>μάλιστα</span> <span class='ocrx_word' id='word_1_297' title='bbox 1335 2457 1472 2528; x_wconf 86' lang='grc' dir='ltr'><strong>μετά</strong></span> <span class='ocrx_word' id='word_1_298' title='bbox 1502 2457 1785 2526; x_wconf 87' lang='grc' dir='ltr'>Θεογνίου,</span> <span class='ocrx_word' id='word_1_299' title='bbox 1807 2457 1867 2511; x_wconf 78' lang='grc' dir='ltr'>ὃν</span> 
     </span>
    </p>
   </div>
   <div class='ocr_carea' id='block_1_43' title="bbox 261 2547 1865 2621">
    <p class='ocr_par' dir='ltr' id='par_1_43' title="bbox 261 2547 1865 2621">
     <span class='ocr_line' id='line_1_43' title="bbox 261 2547 1865 2621; baseline 0 -19"><span class='ocrx_word' id='word_1_300' title='bbox 261 2549 372 2618; x_wconf 80' lang='grc' dir='ltr'>τῆς</span> <span class='ocrx_word' id='word_1_301' title='bbox 413 2550 636 2614; x_wconf 82' lang='grc' dir='ltr'>ἀνοσίας</span> <span class='ocrx_word' id='word_1_302' title='bbox 685 2550 852 2603; x_wconf 90' lang='grc' dir='ltr'>αὑτοῦ</span> <span class='ocrx_word' id='word_1_303' title='bbox 900 2548 1279 2621; x_wconf 77' lang='grc' dir='ltr'>προαιρέσεως</span> <span class='ocrx_word' id='word_1_304' title='bbox 1330 2547 1445 2618; x_wconf 75' lang='grc' dir='ltr'>ἔχει</span> <span class='ocrx_word' id='word_1_305' title='bbox 1494 2547 1753 2602; x_wconf 88' lang='grc' dir='ltr'>κοινωνὸν</span> <span class='ocrx_word' id='word_1_306' title='bbox 1783 2548 1865 2602; x_wconf 90' lang='grc' dir='ltr'>δι-</span> 
     </span>
    </p>
   </div>
   <div class='ocr_carea' id='block_1_44' title="bbox 262 2641 1866 2716">
    <p class='ocr_par' dir='ltr' id='par_1_44' title="bbox 262 2641 1866 2716">
     <span class='ocr_line' id='line_1_44' title="bbox 262 2641 1866 2716; baseline -0.002 -17"><span class='ocrx_word' id='word_1_307' title='bbox 262 2644 574 2716; x_wconf 71' lang='grc' dir='ltr'>επράξατο,</span> <span class='ocrx_word' id='word_1_308' title='bbox 613 2645 907 2714; x_wconf 80' lang='grc' dir='ltr'>ἀκούσατε,</span> <span class='ocrx_word' id='word_1_309' title='bbox 932 2644 1258 2715; x_wconf 82' lang='grc' dir='ltr'>παρακαλῶ.</span> <span class='ocrx_word' id='word_1_310' title='bbox 1294 2642 1682 2715; x_wconf 77' lang='grc' dir='ltr'>Ἀλεξανδρὲας</span> <span class='ocrx_word' id='word_1_311' title='bbox 1711 2641 1866 2706; x_wconf 88' lang='grc' dir='ltr'>τινάς</span> 
     </span>
    </p>
   </div>
   <div class='ocr_carea' id='block_1_45' title="bbox 260 2732 1867 2805">
    <p class='ocr_par' dir='ltr' id='par_1_45' title="bbox 260 2732 1867 2805">
     <span class='ocr_line' id='line_1_45' title="bbox 260 2732 1867 2805; baseline -0.002 -18"><span class='ocrx_word' id='word_1_312' title='bbox 260 2735 371 2803; x_wconf 81' lang='grc' dir='ltr'><strong>τῆς</strong></span> <span class='ocrx_word' id='word_1_313' title='bbox 400 2734 681 2805; x_wconf 77' lang='grc' dir='ltr'>ἡμετέρας</span> <span class='ocrx_word' id='word_1_314' title='bbox 709 2734 944 2795; x_wconf 76' lang='grc' dir='ltr'>πίστεως</span> <span class='ocrx_word' id='word_1_315' title='bbox 972 2735 1462 2803; x_wconf 84' lang='grc' dir='ltr'>ἀναχωρήσαντας,</span> <span class='ocrx_word' id='word_1_316' title='bbox 1485 2732 1725 2785; x_wconf 84' lang='grc' dir='ltr'>ἐνταῦθα</span> <span class='ocrx_word' id='word_1_317' title='bbox 1744 2734 1867 2784; x_wconf 81' lang='grc' dir='ltr'>ἐκε-</span> 
     </span>
    </p>
   </div>
   <div class='ocr_carea' id='block_1_46' title="bbox 264 2820 1867 2893">
    <p class='ocr_par' dir='ltr' id='par_1_46' title="bbox 264 2820 1867 2893">
     <span class='ocr_line' id='line_1_46' title="bbox 264 2820 1867 2893; baseline -0.002 -16"><span class='ocrx_word' id='word_1_318' title='bbox 264 2821 557 2877; x_wconf 84' lang='grc' dir='ltr'>κελεὺκειν</span> <span class='ocrx_word' id='word_1_319' title='bbox 587 2821 991 2891; x_wconf 76' lang='grc' dir='ltr'>ἀποσταλῆναι,</span> <span class='ocrx_word' id='word_1_320' title='bbox 1018 2821 1207 2892; x_wconf 84' lang='grc' dir='ltr'>ἐπειδὴ</span> <span class='ocrx_word' id='word_1_321' title='bbox 1243 2821 1331 2874; x_wconf 74' lang='grc' dir='ltr'><strong>διὰ</strong></span> <span class='ocrx_word' id='word_1_322' title='bbox 1362 2823 1462 2891; x_wconf 87' lang='grc' dir='ltr'><strong>τῆς</strong></span> <span class='ocrx_word' id='word_1_323' title='bbox 1491 2820 1867 2893; x_wconf 65' lang='grc' dir='ltr'>τοὺτιονηὺπη-</span> 
     </span>
    </p>
   </div>
   <div class='ocr_carea' id='block_1_47' title="bbox 265 2906 1866 2985">
    <p class='ocr_par' dir='ltr' id='par_1_47' title="bbox 265 2906 1866 2985">
     <span class='ocr_line' id='line_1_47' title="bbox 265 2906 1866 2985; baseline 0.001 -21"><span class='ocrx_word' id='word_1_324' title='bbox 265 2913 487 2983; x_wconf 85' lang='grc' dir='ltr'>ρεσίας,</span> <span class='ocrx_word' id='word_1_325' title='bbox 523 2912 790 2983; x_wconf 77' lang='grc' dir='ltr'>διχονοίας</span> <span class='ocrx_word' id='word_1_326' title='bbox 812 2913 1069 2985; x_wconf 76' lang='grc' dir='ltr'>ἠγείρετο</span> <span class='ocrx_word' id='word_1_327' title='bbox 1094 2913 1322 2984; x_wconf 88' lang='grc' dir='ltr'>πυρσός.</span> <span class='ocrx_word' id='word_1_328' title='bbox 1358 2912 1498 2965; x_wconf 81' lang='grc' dir='ltr'>Ἀλλ’</span> <span class='ocrx_word' id='word_1_329' title='bbox 1521 2906 1665 2966; x_wconf 72' lang='grc' dir='ltr'>οὗτοι</span> <span class='ocrx_word' id='word_1_330' title='bbox 1693 2913 1742 2964; x_wconf 84' lang='grc' dir='ltr'>οἱ</span> <span class='ocrx_word' id='word_1_331' title='bbox 1768 2929 1866 2965; x_wconf 86' lang='grc' dir='ltr'>κα-</span> 
     </span>
    </p>
   </div>
   <div class='ocr_carea' id='block_1_48' title="bbox 261 3001 1866 3074">
    <p class='ocr_par' dir='ltr' id='par_1_48' title="bbox 261 3001 1866 3074">
     <span class='ocr_line' id='line_1_48' title="bbox 261 3001 1866 3074; baseline 0.001 -19"><span class='ocrx_word' id='word_1_332' title='bbox 261 3003 354 3055; x_wconf 87' lang='grc' dir='ltr'><strong>λοί</strong></span> <span class='ocrx_word' id='word_1_333' title='bbox 390 3020 449 3057; x_wconf 84' lang='grc' dir='ltr'><strong>τε</strong></span> <span class='ocrx_word' id='word_1_334' title='bbox 486 3003 580 3056; x_wconf 75' lang='grc' dir='ltr'><strong>καὶ</strong></span> <span class='ocrx_word' id='word_1_335' title='bbox 614 3004 812 3071; x_wconf 76' lang='grc' dir='ltr'>ἀγαθοὶ</span> <span class='ocrx_word' id='word_1_336' title='bbox 851 3004 1177 3067; x_wconf 85' lang='grc' dir='ltr'>ἐπίσκοποι,</span> <span class='ocrx_word' id='word_1_337' title='bbox 1215 3002 1310 3066; x_wconf 84' lang='grc' dir='ltr'><strong>οὓς</strong></span> <span class='ocrx_word' id='word_1_338' title='bbox 1343 3001 1554 3074; x_wconf 78' lang='grc' dir='ltr'>ἀπαξή</span> <span class='ocrx_word' id='word_1_339' title='bbox 1593 3003 1695 3074; x_wconf 76' lang='grc' dir='ltr'>τῆς</span> <span class='ocrx_word' id='word_1_340' title='bbox 1743 3020 1866 3056; x_wconf 89' lang='grc' dir='ltr'>συν-</span> 
     </span>
    </p>
   </div>
   <div class='ocr_carea' id='block_1_49' title="bbox 1967 1906 3553 1980">
    <p class='ocr_par' dir='ltr' id='par_1_49' title="bbox 1967 1906 3553 1980">
     <span class='ocr_line' id='line_1_49' title="bbox 1967 1906 3553 1980; baseline 0.001 -21"><span class='ocrx_word' id='word_1_341' title='bbox 1967 1906 2136 1963; x_wconf 88' lang='lat' dir='ltr'><strong>viam.</strong></span> <span class='ocrx_word' id='word_1_342' title='bbox 2168 1906 2321 1973; x_wconf 85' lang='lat' dir='ltr'><strong>Quod</strong></span> <span class='ocrx_word' id='word_1_343' title='bbox 2357 1917 2411 1961; x_wconf 91' lang='lat' dir='ltr'><strong>et</strong></span> <span class='ocrx_word' id='word_1_344' title='bbox 2439 1923 2536 1963; x_wconf 79' lang='lat' dir='ltr'><strong>vos</strong></span> <span class='ocrx_word' id='word_1_345' title='bbox 2565 1910 2813 1974; x_wconf 81' lang='lat' dir='ltr'><strong>novistis,</strong></span> <span class='ocrx_word' id='word_1_346' title='bbox 2841 1919 2898 1965; x_wconf 88' lang='lat' dir='ltr'><strong>et</strong></span> <span class='ocrx_word' id='word_1_347' title='bbox 2927 1909 3270 1980; x_wconf 81' lang='lat' dir='ltr'><strong>cognoscetis</strong></span> <span class='ocrx_word' id='word_1_348' title='bbox 3295 1908 3553 1977; x_wconf 86' lang='lat' dir='ltr'><strong>amplius.</strong></span> 
     </span>
    </p>
   </div>
   <div class='ocr_carea' id='block_1_50' title="bbox 1965 1996 3553 2070">
    <p class='ocr_par' dir='ltr' id='par_1_50' title="bbox 1965 1996 3553 2070">
     <span class='ocr_line' id='line_1_50' title="bbox 1965 1996 3553 2070; baseline 0 -18"><span class='ocrx_word' id='word_1_349' title='bbox 1965 1996 2102 2052; x_wconf 85' lang='lat' dir='ltr'><strong>Nam</strong></span> <span class='ocrx_word' id='word_1_350' title='bbox 2142 2008 2254 2052; x_wconf 89' lang='lat' dir='ltr'><strong>ttnn</strong></span> <span class='ocrx_word' id='word_1_351' title='bbox 2280 1998 2466 2053; x_wconf 90' lang='lat' dir='ltr'><strong>omnia</strong></span> <span class='ocrx_word' id='word_1_352' title='bbox 2489 2008 2642 2070; x_wconf 88' lang='lat' dir='ltr'><strong>gesta</strong></span> <span class='ocrx_word' id='word_1_353' title='bbox 2671 2010 2795 2055; x_wconf 90' lang='lat' dir='ltr'><strong>sunt</strong></span> <span class='ocrx_word' id='word_1_354' title='bbox 2834 2016 2900 2056; x_wconf 81' lang='lat' dir='ltr'><strong>ex</strong></span> <span class='ocrx_word' id='word_1_355' title='bbox 2928 2002 3044 2069; x_wconf 84' lang='lat' dir='ltr'><strong>ejus</strong></span> <span class='ocrx_word' id='word_1_356' title='bbox 3094 2000 3272 2070; x_wconf 89' lang='lat' dir='ltr'><strong>impii,</strong></span> <span class='ocrx_word' id='word_1_357' title='bbox 3311 2000 3553 2060; x_wconf 85' lang='lat' dir='ltr'><strong>Eusebii,</strong></span> 
     </span>
    </p>
   </div>
   <div class='ocr_carea' id='block_1_51' title="bbox 1967 2091 3556 2163">
    <p class='ocr_par' dir='ltr' id='par_1_51' title="bbox 1967 2091 3556 2163">
     <span class='ocr_line' id='line_1_51' title="bbox 1967 2091 3556 2163; baseline 0 -18"><span class='ocrx_word' id='word_1_358' title='bbox 1967 2091 2217 2160; x_wconf 91' lang='lat' dir='ltr'><strong>inquam,</strong></span> <span class='ocrx_word' id='word_1_359' title='bbox 2256 2092 2548 2159; x_wconf 88' lang='lat' dir='ltr'><strong>sententia,</strong></span> <span class='ocrx_word' id='word_1_360' title='bbox 2603 2093 2698 2163; x_wconf 91' lang='lat' dir='ltr'><strong>qui</strong></span> <span class='ocrx_word' id='word_1_361' title='bbox 2756 2093 3055 2162; x_wconf 84' lang='lat' dir='ltr'><strong>perniciem</strong></span> <span class='ocrx_word' id='word_1_362' title='bbox 3104 2108 3325 2146; x_wconf 78' lang='lat' dir='ltr'><strong>otuuem</strong></span> <span class='ocrx_word' id='word_1_363' title='bbox 3374 2093 3556 2145; x_wconf 86' lang='lat' dir='ltr'><strong>adhuc</strong></span> 
     </span>
    </p>
   </div>
   <div class='ocr_carea' id='block_1_52' title="bbox 1968 2182 3553 2254">
    <p class='ocr_par' dir='ltr' id='par_1_52' title="bbox 1968 2182 3553 2254">
     <span class='ocr_line' id='line_1_52' title="bbox 1968 2182 3553 2254; baseline 0 -17"><span class='ocrx_word' id='word_1_364' title='bbox 1968 2182 2109 2237; x_wconf 89' lang='lat' dir='ltr'><strong>intra</strong></span> <span class='ocrx_word' id='word_1_365' title='bbox 2137 2184 2521 2254; x_wconf 78' lang='lat' dir='ltr'><strong>cogitationem</strong></span> <span class='ocrx_word' id='word_1_366' title='bbox 2570 2200 2726 2240; x_wconf 90' lang='lat' dir='ltr'><strong>suam</strong></span> <span class='ocrx_word' id='word_1_367' title='bbox 2778 2184 3015 2240; x_wconf 83' lang='lat' dir='ltr'><strong>abditam</strong></span> <span class='ocrx_word' id='word_1_368' title='bbox 3068 2193 3121 2239; x_wconf 91' lang='lat' dir='ltr'><strong>et</strong></span> <span class='ocrx_word' id='word_1_369' title='bbox 3166 2185 3438 2239; x_wconf 88' lang='lat' dir='ltr'><strong>occultam</strong></span> <span class='ocrx_word' id='word_1_370' title='bbox 3469 2192 3553 2237; x_wconf 83' lang='lat' dir='ltr'><strong>tc-</strong></span> 
     </span>
    </p>
   </div>
   <div class='ocr_carea' id='block_1_53' title="bbox 1967 2274 3554 2346">
    <p class='ocr_par' dir='ltr' id='par_1_53' title="bbox 1967 2274 3554 2346">
     <span class='ocr_line' id='line_1_53' title="bbox 1967 2274 3554 2346; baseline 0.001 -18"><span class='ocrx_word' id='word_1_371' title='bbox 1967 2274 2106 2329; x_wconf 78' lang='lat' dir='ltr'><strong>nuit.</strong></span> <span class='ocrx_word' id='word_1_372' title='bbox 2135 2274 2216 2330; x_wconf 83' lang='lat' dir='ltr'><strong>Ac</strong></span> <span class='ocrx_word' id='word_1_373' title='bbox 2245 2277 2503 2344; x_wconf 91' lang='lat' dir='ltr'><strong>primmu,</strong></span> <span class='ocrx_word' id='word_1_374' title='bbox 2541 2286 2598 2330; x_wconf 92' lang='lat' dir='ltr'><strong>ut</strong></span> <span class='ocrx_word' id='word_1_375' title='bbox 2620 2285 2816 2331; x_wconf 76' lang='lat' dir='ltr'><strong>caetera</strong></span> <span class='ocrx_word' id='word_1_376' title='bbox 2851 2276 2996 2330; x_wconf 91' lang='lat' dir='ltr'><strong>illius</strong></span> <span class='ocrx_word' id='word_1_377' title='bbox 3033 2276 3286 2346; x_wconf 69' lang='lat' dir='ltr'><strong>nequitia:</strong></span> <span class='ocrx_word' id='word_1_378' title='bbox 3310 2275 3554 2330; x_wconf 77' lang='lat' dir='ltr'><strong>facinora</strong></span> 
     </span>
    </p>
   </div>
   <div class='ocr_carea' id='block_1_54' title="bbox 1965 2367 3553 2437">
    <p class='ocr_par' dir='ltr' id='par_1_54' title="bbox 1965 2367 3553 2437">
     <span class='ocr_line' id='line_1_54' title="bbox 1965 2367 3553 2437; baseline 0 -16"><span class='ocrx_word' id='word_1_379' title='bbox 1965 2377 2312 2434; x_wconf 77' lang='lat' dir='ltr'><strong>praeteream,</strong></span> <span class='ocrx_word' id='word_1_380' title='bbox 2351 2367 2557 2433; x_wconf 87' lang='lat' dir='ltr'><strong>audite,</strong></span> <span class='ocrx_word' id='word_1_381' title='bbox 2605 2383 2814 2437; x_wconf 66' lang='lat' dir='ltr'><strong>quaso,</strong></span> <span class='ocrx_word' id='word_1_382' title='bbox 2881 2367 3014 2436; x_wconf 91' lang='lat' dir='ltr'><strong>quid</strong></span> <span class='ocrx_word' id='word_1_383' title='bbox 3068 2382 3190 2421; x_wconf 89' lang='lat' dir='ltr'><strong>cum</strong></span> <span class='ocrx_word' id='word_1_384' title='bbox 3253 2367 3553 2436; x_wconf 84' lang='lat' dir='ltr'><strong>Theognio,</strong></span> 
     </span>
    </p>
   </div>
   <div class='ocr_carea' id='block_1_55' title="bbox 1965 2458 3553 2529">
    <p class='ocr_par' dir='ltr' id='par_1_55' title="bbox 1965 2458 3553 2529">
     <span class='ocr_line' id='line_1_55' title="bbox 1965 2458 3553 2529; baseline 0.001 -20"><span class='ocrx_word' id='word_1_385' title='bbox 1965 2471 2127 2526; x_wconf 87' lang='lat' dir='ltr'><strong>quem</strong></span> <span class='ocrx_word' id='word_1_386' title='bbox 2160 2458 2311 2527; x_wconf 90' lang='lat' dir='ltr'><strong>impii</strong></span> <span class='ocrx_word' id='word_1_387' title='bbox 2349 2458 2578 2513; x_wconf 91' lang='lat' dir='ltr'><strong>instituti</strong></span> <span class='ocrx_word' id='word_1_388' title='bbox 2622 2459 2705 2512; x_wconf 88' lang='lat' dir='ltr'><strong>sui</strong></span> <span class='ocrx_word' id='word_1_389' title='bbox 2739 2459 2949 2514; x_wconf 86' lang='lat' dir='ltr'><strong>socium</strong></span> <span class='ocrx_word' id='word_1_390' title='bbox 2978 2458 3231 2522; x_wconf 83' lang='lat' dir='ltr'><strong>habebat,</strong></span> <span class='ocrx_word' id='word_1_391' title='bbox 3266 2467 3553 2529; x_wconf 87' lang='lat' dir='ltr'><strong>perpetra-</strong></span> 
     </span>
    </p>
   </div>
   <div class='ocr_carea' id='block_1_56' title="bbox 1969 2550 3555 2621">
    <p class='ocr_par' dir='ltr' id='par_1_56' title="bbox 1969 2550 3555 2621">
     <span class='ocr_line' id='line_1_56' title="bbox 1969 2550 3555 2621; baseline -0.001 -19"><span class='ocrx_word' id='word_1_392' title='bbox 1969 2551 2131 2604; x_wconf 87' lang='lat' dir='ltr'><strong>verit.</strong></span> <span class='ocrx_word' id='word_1_393' title='bbox 2157 2552 2284 2621; x_wconf 82' lang='lat' dir='ltr'><strong>Ipse</strong></span> <span class='ocrx_word' id='word_1_394' title='bbox 2313 2552 2576 2621; x_wconf 88' lang='lat' dir='ltr'><strong>quosdam</strong></span> <span class='ocrx_word' id='word_1_395' title='bbox 2608 2552 3028 2620; x_wconf 76' lang='lat' dir='ltr'><strong>Alexandrinos,</strong></span> <span class='ocrx_word' id='word_1_396' title='bbox 3063 2552 3154 2621; x_wconf 89' lang='lat' dir='ltr'><strong>qui</strong></span> <span class='ocrx_word' id='word_1_397' title='bbox 3184 2566 3214 2605; x_wconf 88' lang='lat' dir='ltr'><strong>a</strong></span> <span class='ocrx_word' id='word_1_398' title='bbox 3246 2550 3350 2605; x_wconf 82' lang='lat' dir='ltr'><strong>fide</strong></span> <span class='ocrx_word' id='word_1_399' title='bbox 3374 2560 3555 2604; x_wconf 87' lang='lat' dir='ltr'><strong>nostra</strong></span> 
     </span>
    </p>
   </div>
   <div class='ocr_carea' id='block_1_57' title="bbox 1972 2638 3555 2709">
    <p class='ocr_par' dir='ltr' id='par_1_57' title="bbox 1972 2638 3555 2709">
     <span class='ocr_line' id='line_1_57' title="bbox 1972 2638 3555 2709; baseline -0.001 -16"><span class='ocrx_word' id='word_1_400' title='bbox 1972 2638 2325 2705; x_wconf 87' lang='lat' dir='ltr'><strong>defecerant,</strong></span> <span class='ocrx_word' id='word_1_401' title='bbox 2390 2644 2495 2695; x_wconf 91' lang='lat' dir='ltr'><strong>huc</strong></span> <span class='ocrx_word' id='word_1_402' title='bbox 2548 2641 2686 2694; x_wconf 90' lang='lat' dir='ltr'><strong>mitti</strong></span> <span class='ocrx_word' id='word_1_403' title='bbox 2742 2641 3055 2708; x_wconf 87' lang='lat' dir='ltr'><strong>jusseram,</strong></span> <span class='ocrx_word' id='word_1_404' title='bbox 3112 2639 3555 2709; x_wconf 87' lang='lat' dir='ltr'><strong>quandoquidem</strong></span> 
     </span>
    </p>
   </div>
   <div class='ocr_carea' id='block_1_58' title="bbox 1971 2727 3555 2801">
    <p class='ocr_par' dir='ltr' id='par_1_58' title="bbox 1971 2727 3555 2801">
     <span class='ocr_line' id='line_1_58' title="bbox 1971 2727 3555 2801; baseline -0.001 -17"><span class='ocrx_word' id='word_1_405' title='bbox 1971 2746 2161 2785; x_wconf 89' lang='lat' dir='ltr'><strong>eorum</strong></span> <span class='ocrx_word' id='word_1_406' title='bbox 2218 2746 2382 2801; x_wconf 87' lang='lat' dir='ltr'><strong>opera</strong></span> <span class='ocrx_word' id='word_1_407' title='bbox 2425 2732 2630 2786; x_wconf 90' lang='lat' dir='ltr'><strong>dissidii</strong></span> <span class='ocrx_word' id='word_1_408' title='bbox 2690 2730 2905 2785; x_wconf 81' lang='lat' dir='ltr'><strong>flamma</strong></span> <span class='ocrx_word' id='word_1_409' title='bbox 2974 2731 3194 2785; x_wconf 87' lang='lat' dir='ltr'><strong>incensa</strong></span> <span class='ocrx_word' id='word_1_410' title='bbox 3246 2740 3385 2784; x_wconf 88' lang='lat' dir='ltr'><strong>erat.</strong></span> <span class='ocrx_word' id='word_1_411' title='bbox 3448 2727 3555 2784; x_wconf 86' lang='lat' dir='ltr'><strong>Sed</strong></span> 
     </span>
    </p>
   </div>
   <div class='ocr_carea' id='block_1_59' title="bbox 1970 2820 3556 2889">
    <p class='ocr_par' dir='ltr' id='par_1_59' title="bbox 1970 2820 3556 2889">
     <span class='ocr_line' id='line_1_59' title="bbox 1970 2820 3556 2889; baseline -0.003 -13"><span class='ocrx_word' id='word_1_412' title='bbox 1970 2824 2060 2876; x_wconf 83' lang='lat' dir='ltr'><strong>isti</strong></span> <span class='ocrx_word' id='word_1_413' title='bbox 2109 2823 2320 2877; x_wconf 84' lang='lat' dir='ltr'><strong>honesti</strong></span> <span class='ocrx_word' id='word_1_414' title='bbox 2373 2823 2608 2889; x_wconf 85' lang='lat' dir='ltr'><strong>bonique</strong></span> <span class='ocrx_word' id='word_1_415' title='bbox 2663 2822 2871 2875; x_wconf 88' lang='lat' dir='ltr'><strong>scilicet</strong></span> <span class='ocrx_word' id='word_1_416' title='bbox 2924 2820 3204 2889; x_wconf 83' lang='lat' dir='ltr'><strong>episcopi,</strong></span> <span class='ocrx_word' id='word_1_417' title='bbox 3236 2834 3373 2889; x_wconf 91' lang='lat' dir='ltr'><strong>quos</strong></span> <span class='ocrx_word' id='word_1_418' title='bbox 3429 2833 3556 2880; x_wconf 86' lang='lat' dir='ltr'><strong>vera</strong></span> 
     </span>
    </p>
   </div>
   <div class='ocr_carea' id='block_1_60' title="bbox 1965 2911 3559 2981">
    <p class='ocr_par' dir='ltr' id='par_1_60' title="bbox 1965 2911 3559 2981">
     <span class='ocr_line' id='line_1_60' title="bbox 1965 2911 3559 2981; baseline -0.005 -12"><span class='ocrx_word' id='word_1_419' title='bbox 1965 2914 2184 2969; x_wconf 91' lang='lat' dir='ltr'><strong>concilii</strong></span> <span class='ocrx_word' id='word_1_420' title='bbox 2250 2912 2563 2980; x_wconf 84' lang='lat' dir='ltr'><strong>dijudicatio</strong></span> <span class='ocrx_word' id='word_1_421' title='bbox 2618 2914 2685 2966; x_wconf 88' lang='lat' dir='ltr'><strong>ad</strong></span> <span class='ocrx_word' id='word_1_422' title='bbox 2733 2912 3109 2978; x_wconf 70' lang='lat' dir='ltr'><strong>pwnitentiam</strong></span> <span class='ocrx_word' id='word_1_423' title='bbox 3156 2911 3418 2981; x_wconf 84' lang='lat' dir='ltr'><strong>agendam</strong></span> <span class='ocrx_word' id='word_1_424' title='bbox 3471 2924 3559 2961; x_wconf 81' lang='lat' dir='ltr'><strong>re-</strong></span> 
     </span>
    </p>
   </div>
   <div class='ocr_carea' id='block_1_61' title="bbox 1968 3004 3557 3070">
    <p class='ocr_par' dir='ltr' id='par_1_61' title="bbox 1968 3004 3557 3070">
     <span class='ocr_line' id='line_1_61' title="bbox 1968 3004 3557 3070; baseline -0.006 -9"><span class='ocrx_word' id='word_1_425' title='bbox 1968 3014 2313 3070; x_wconf 85' lang='lat' dir='ltr'><strong>servaverat,</strong></span> <span class='ocrx_word' id='word_1_426' title='bbox 2368 3020 2474 3060; x_wconf 90' lang='lat' dir='ltr'><strong>non</strong></span> <span class='ocrx_word' id='word_1_427' title='bbox 2527 3005 2700 3059; x_wconf 85' lang='lat' dir='ltr'><strong>solum</strong></span> <span class='ocrx_word' id='word_1_428' title='bbox 2742 3019 2837 3060; x_wconf 86' lang='lat' dir='ltr'><strong>eos</strong></span> <span class='ocrx_word' id='word_1_429' title='bbox 2890 3005 3231 3059; x_wconf 87' lang='lat' dir='ltr'><strong>admiserunt</strong></span> <span class='ocrx_word' id='word_1_430' title='bbox 3285 3004 3351 3054; x_wconf 90' lang='lat' dir='ltr'><strong>ad</strong></span> <span class='ocrx_word' id='word_1_431' title='bbox 3382 3009 3557 3063; x_wconf 86' lang='lat' dir='ltr'><strong>se,et</strong></span> 
     </span>
    </p>
   </div>
   <div class='ocr_carea' id='block_1_62' title="bbox 259 3091 1867 3190">
    <p class='ocr_par' dir='ltr' id='par_1_62' title="bbox 259 3094 1861 3168">
     <span class='ocr_line' id='line_1_62' title="bbox 259 3094 1861 3168; baseline 0.001 -20"><span class='ocrx_word' id='word_1_432' title='bbox 259 3094 393 3148; x_wconf 85' lang='grc' dir='ltr'>όδου</span> <span class='ocrx_word' id='word_1_433' title='bbox 432 3094 661 3166; x_wconf 85' lang='grc' dir='ltr'>ἀλήθεια</span> <span class='ocrx_word' id='word_1_434' title='bbox 691 3096 826 3166; x_wconf 88' lang='grc' dir='ltr'>πρὸς</span> <span class='ocrx_word' id='word_1_435' title='bbox 876 3096 1167 3166; x_wconf 82' lang='grc' dir='ltr'>μετάνοιαν</span> <span class='ocrx_word' id='word_1_436' title='bbox 1220 3096 1567 3167; x_wconf 83' lang='grc' dir='ltr'>ἐτετηρήκει,</span> <span class='ocrx_word' id='word_1_437' title='bbox 1611 3097 1672 3149; x_wconf 89' lang='grc' dir='ltr'><strong>οὑ</strong></span> <span class='ocrx_word' id='word_1_438' title='bbox 1703 3096 1861 3168; x_wconf 90' lang='grc' dir='ltr'>μόνον</span> 
     </span>
    </p>
   </div>
   <div class='ocr_carea' id='block_1_63' title="bbox 1969 3091 3565 3190">
    <p class='ocr_par' dir='ltr' id='par_1_63' title="bbox 1971 3091 3565 3163">
     <span class='ocr_line' id='line_1_63' title="bbox 1971 3091 3565 3163; baseline -0.006 -9"><span class='ocrx_word' id='word_1_439' title='bbox 1971 3114 2155 3154; x_wconf 86' lang='lat' dir='ltr'><strong>secum</strong></span> <span class='ocrx_word' id='word_1_440' title='bbox 2231 3106 2349 3153; x_wconf 92' lang='lat' dir='ltr'><strong>tuto</strong></span> <span class='ocrx_word' id='word_1_441' title='bbox 2417 3097 2798 3163; x_wconf 84' lang='lat' dir='ltr'><strong>collocarunt,</strong></span> <span class='ocrx_word' id='word_1_442' title='bbox 2843 3111 3031 3150; x_wconf 87' lang='lat' dir='ltr'><strong>verum</strong></span> <span class='ocrx_word' id='word_1_443' title='bbox 3104 3095 3267 3148; x_wconf 85' lang='lat' dir='ltr'><strong>etiam</strong></span> <span class='ocrx_word' id='word_1_444' title='bbox 3339 3091 3565 3146; x_wconf 73' lang='lat' dir='ltr'><strong>illornui’</strong></span> 
     </span>
    </p>
   </div>
   <div class='ocr_carea' id='block_1_64' title="bbox 262 3184 1862 3257">
    <p class='ocr_par' dir='ltr' id='par_1_64' title="bbox 262 3184 1862 3257">
     <span class='ocr_line' id='line_1_64' title="bbox 262 3184 1862 3257; baseline -0.001 -16"><span class='ocrx_word' id='word_1_445' title='bbox 262 3184 527 3250; x_wconf 74' lang='grc' dir='ltr'>ἐδέξαντο</span> <span class='ocrx_word' id='word_1_446' title='bbox 586 3185 848 3249; x_wconf 87' lang='grc' dir='ltr'>ἐκείνους,</span> <span class='ocrx_word' id='word_1_447' title='bbox 906 3186 1001 3240; x_wconf 76' lang='grc' dir='ltr'>καὶ</span> <span class='ocrx_word' id='word_1_448' title='bbox 1047 3186 1179 3257; x_wconf 87' lang='grc' dir='ltr'>παρ’</span> <span class='ocrx_word' id='word_1_449' title='bbox 1223 3186 1438 3249; x_wconf 78' lang='grc' dir='ltr'>ἑαυτοῖς</span> <span class='ocrx_word' id='word_1_450' title='bbox 1469 3185 1862 3256; x_wconf 79' lang='grc' dir='ltr'>ἠσφαλίσαντο,</span> 
     </span>
    </p>
   </div>
   <div class='ocr_carea' id='block_1_65' title="bbox 260 3274 1867 3345">
    <p class='ocr_par' dir='ltr' id='par_1_65' title="bbox 260 3274 1867 3345">
     <span class='ocr_line' id='line_1_65' title="bbox 260 3274 1867 3345; baseline -0.002 -13"><span class='ocrx_word' id='word_1_451' title='bbox 260 3275 411 3332; x_wconf 85' lang='grc' dir='ltr'><strong>ἀλλά</strong></span> <span class='ocrx_word' id='word_1_452' title='bbox 458 3276 553 3330; x_wconf 79' lang='grc' dir='ltr'><strong>καὶ</strong></span> <span class='ocrx_word' id='word_1_453' title='bbox 584 3275 951 3344; x_wconf 75' lang='grc' dir='ltr'>ἐκοινώνησαν</span> <span class='ocrx_word' id='word_1_454' title='bbox 999 3274 1182 3339; x_wconf 89' lang='grc' dir='ltr'>αὑτοῖς</span> <span class='ocrx_word' id='word_1_455' title='bbox 1224 3274 1324 3345; x_wconf 84' lang='grc' dir='ltr'>τῆς</span> <span class='ocrx_word' id='word_1_456' title='bbox 1364 3275 1474 3328; x_wconf 85' lang='grc' dir='ltr'><strong>τῶν</strong></span> <span class='ocrx_word' id='word_1_457' title='bbox 1520 3277 1737 3345; x_wconf 87' lang='grc' dir='ltr'>τρόπων</span> <span class='ocrx_word' id='word_1_458' title='bbox 1762 3291 1867 3328; x_wconf 83' lang='grc' dir='ltr'>κα·-</span> 
     </span>
    </p>
   </div>
   <div class='ocr_carea' id='block_1_66' title="bbox 1969 3185 3554 3258">
    <p class='ocr_par' dir='ltr' id='par_1_66' title="bbox 1969 3185 3554 3258">
     <span class='ocr_line' id='line_1_66' title="bbox 1969 3185 3554 3258; baseline -0.005 -14"><span class='ocrx_word' id='word_1_459' title='bbox 1969 3189 2281 3258; x_wconf 82' lang='lat' dir='ltr'><strong>depravatis</strong></span> <span class='ocrx_word' id='word_1_460' title='bbox 2338 3189 2583 3244; x_wconf 89' lang='lat' dir='ltr'><strong>moribus</strong></span> <span class='ocrx_word' id='word_1_461' title='bbox 2633 3188 3137 3244; x_wconf 87' lang='lat' dir='ltr'><strong>communicaruut.</strong></span> <span class='ocrx_word' id='word_1_462' title='bbox 3192 3185 3554 3253; x_wconf 83' lang='lat' dir='ltr'><strong>Quamobrem</strong></span> 
     </span>
    </p>
   </div>
   <div class='ocr_carea' id='block_1_67' title="bbox 1968 3279 3558 3352">
    <p class='ocr_par' dir='ltr' id='par_1_67' title="bbox 1968 3279 3558 3352">
     <span class='ocr_line' id='line_1_67' title="bbox 1968 3279 3558 3352; baseline -0.004 -16"><span class='ocrx_word' id='word_1_463' title='bbox 1968 3281 2212 3352; x_wconf 85' lang='lat' dir='ltr'><strong>ingratos</strong></span> <span class='ocrx_word' id='word_1_464' title='bbox 2258 3281 2392 3337; x_wconf 86' lang='lat' dir='ltr'><strong>istos</strong></span> <span class='ocrx_word' id='word_1_465' title='bbox 2437 3281 2621 3351; x_wconf 89' lang='lat' dir='ltr'><strong>aliquo</strong></span> <span class='ocrx_word' id='word_1_466' title='bbox 2669 3291 2829 3350; x_wconf 88' lang='lat' dir='ltr'><strong>pacto</strong></span> <span class='ocrx_word' id='word_1_467' title='bbox 2882 3280 3193 3349; x_wconf 86' lang='lat' dir='ltr'><strong>puniendos</strong></span> <span class='ocrx_word' id='word_1_468' title='bbox 3244 3279 3455 3342; x_wconf 88' lang='lat' dir='ltr'><strong>censui,</strong></span> <span class='ocrx_word' id='word_1_469' title='bbox 3503 3286 3558 3329; x_wconf 85' lang='lat' dir='ltr'><strong>et.</strong></span> 
     </span>
    </p>
   </div>
   <div class='ocr_carea' id='block_1_68' title="bbox 260 3364 1867 3443">
    <p class='ocr_par' dir='ltr' id='par_1_68' title="bbox 260 3367 1866 3439">
     <span class='ocr_line' id='line_1_68' title="bbox 260 3367 1866 3439; baseline -0.002 -15"><span class='ocrx_word' id='word_1_470' title='bbox 260 3367 556 3439; x_wconf 83' lang='grc' dir='ltr'>κοηθείας.</span> <span class='ocrx_word' id='word_1_471' title='bbox 602 3367 701 3421; x_wconf 82' lang='grc' dir='ltr'>Διά</span> <span class='ocrx_word' id='word_1_472' title='bbox 738 3368 898 3421; x_wconf 89' lang='grc' dir='ltr'>τοῦτο</span> <span class='ocrx_word' id='word_1_473' title='bbox 939 3368 1070 3439; x_wconf 80' lang='grc' dir='ltr'>περὶ</span> <span class='ocrx_word' id='word_1_474' title='bbox 1103 3367 1230 3431; x_wconf 79' lang='grc' dir='ltr'>τοὺς</span> <span class='ocrx_word' id='word_1_475' title='bbox 1262 3367 1595 3439; x_wconf 85' lang='grc' dir='ltr'>ἀχαρίστους</span> <span class='ocrx_word' id='word_1_476' title='bbox 1643 3367 1866 3430; x_wconf 84' lang='grc' dir='ltr'>τούτους</span> 
     </span>
    </p>
   </div>
   <div class='ocr_carea' id='block_1_69' title="bbox 1969 3364 3558 3443">
    <p class='ocr_par' dir='ltr' id='par_1_69' title="bbox 1969 3364 3558 3443">
     <span class='ocr_line' id='line_1_69' title="bbox 1969 3364 3558 3443; baseline -0.001 -18"><span class='ocrx_word' id='word_1_477' title='bbox 1969 3371 2096 3442; x_wconf 86' lang='lat' dir='ltr'><strong>iussi</strong></span> <span class='ocrx_word' id='word_1_478' title='bbox 2134 3383 2193 3426; x_wconf 93' lang='lat' dir='ltr'><strong>ut</strong></span> <span class='ocrx_word' id='word_1_479' title='bbox 2237 3387 2267 3426; x_wconf 90' lang='lat' dir='ltr'><strong>a</strong></span> <span class='ocrx_word' id='word_1_480' title='bbox 2299 3372 2415 3429; x_wconf 89' lang='lat' dir='ltr'><strong>suis</strong></span> <span class='ocrx_word' id='word_1_481' title='bbox 2471 3373 2681 3443; x_wconf 87' lang='lat' dir='ltr'><strong>abrepti</strong></span> <span class='ocrx_word' id='word_1_482' title='bbox 2736 3364 2976 3438; x_wconf 83' lang='lat' dir='ltr'><strong>sedibus,</strong></span> <span class='ocrx_word' id='word_1_483' title='bbox 3030 3387 3188 3441; x_wconf 85' lang='lat' dir='ltr'><strong>quam</strong></span> <span class='ocrx_word' id='word_1_484' title='bbox 3245 3370 3558 3440; x_wconf 72' lang='lat' dir='ltr'><strong>longissime</strong></span> 
     </span>
    </p>
   </div>
   <div class='ocr_carea' id='block_1_70' title="bbox 262 3458 1866 3532">
    <p class='ocr_par' dir='ltr' id='par_1_70' title="bbox 262 3458 1866 3532">
     <span class='ocr_line' id='line_1_70' title="bbox 262 3458 1866 3532; baseline -0.002 -16"><span class='ocrx_word' id='word_1_485' title='bbox 262 3463 467 3532; x_wconf 71' lang='grc' dir='ltr'>ειιρινα</span> <span class='ocrx_word' id='word_1_486' title='bbox 513 3458 742 3530; x_wconf 81' lang='grc' dir='ltr'>πρᾶξαι.</span> <span class='ocrx_word' id='word_1_487' title='bbox 787 3458 1169 3531; x_wconf 78' lang='grc' dir='ltr'>Ἀρπαγέντας</span> <span class='ocrx_word' id='word_1_488' title='bbox 1216 3459 1328 3529; x_wconf 84' lang='grc' dir='ltr'><strong>γὰρ</strong></span> <span class='ocrx_word' id='word_1_489' title='bbox 1371 3459 1567 3522; x_wconf 82' lang='grc' dir='ltr'>αὑτοὺς</span> <span class='ocrx_word' id='word_1_490' title='bbox 1601 3458 1866 3513; x_wconf 81' lang='grc' dir='ltr'>ἐκέλευσα</span> 
     </span>
    </p>
   </div>
   <div class='ocr_carea' id='block_1_71' title="bbox 261 3550 1867 3627">
    <p class='ocr_par' dir='ltr' id='par_1_71' title="bbox 261 3550 1867 3627">
     <span class='ocr_line' id='line_1_71' title="bbox 261 3550 1867 3627; baseline -0.003 -19"><span class='ocrx_word' id='word_1_491' title='bbox 261 3555 348 3617; x_wconf 81' lang='grc' dir='ltr'>ὡς</span> <span class='ocrx_word' id='word_1_492' title='bbox 384 3552 725 3627; x_wconf 67' lang='grc' dir='ltr'>πορῥωτάτω</span> <span class='ocrx_word' id='word_1_493' title='bbox 751 3550 1119 3623; x_wconf 80' lang='grc' dir='ltr'>ἐξορισθῆναι.</span> <span class='ocrx_word' id='word_1_494' title='bbox 1142 3550 1261 3604; x_wconf 88' lang='grc' dir='ltr'>Νῦν</span> <span class='ocrx_word' id='word_1_495' title='bbox 1290 3550 1561 3622; x_wconf 77' lang='grc' dir='ltr'>ἡμέτερόν</span> <span class='ocrx_word' id='word_1_496' title='bbox 1590 3552 1705 3604; x_wconf 88' lang='grc' dir='ltr'>ἐστι</span> <span class='ocrx_word' id='word_1_497' title='bbox 1729 3551 1867 3623; x_wconf 87' lang='grc' dir='ltr'>πρὸς</span> 
     </span>
    </p>
   </div>
   <div class='ocr_carea' id='block_1_72' title="bbox 258 3636 1866 3716">
    <p class='ocr_par' dir='ltr' id='par_1_72' title="bbox 258 3636 1866 3716">
     <span class='ocr_line' id='line_1_72' title="bbox 258 3636 1866 3716; baseline -0.001 -19"><span class='ocrx_word' id='word_1_498' title='bbox 258 3643 364 3698; x_wconf 85' lang='grc' dir='ltr'><strong>τὸν</strong></span> <span class='ocrx_word' id='word_1_499' title='bbox 392 3643 526 3696; x_wconf 87' lang='grc' dir='ltr'>Θεὸν</span> <span class='ocrx_word' id='word_1_500' title='bbox 556 3643 744 3715; x_wconf 75' lang='grc' dir='ltr'>ἐκείνῃ</span> <span class='ocrx_word' id='word_1_501' title='bbox 770 3645 837 3714; x_wconf 78' lang='grc' dir='ltr'>τῇ</span> <span class='ocrx_word' id='word_1_502' title='bbox 893 3642 1079 3694; x_wconf 87' lang='grc' dir='ltr'>πίστει</span> <span class='ocrx_word' id='word_1_503' title='bbox 1130 3640 1351 3711; x_wconf 81' lang='grc' dir='ltr'>βλέπειν</span> <span class='ocrx_word' id='word_1_504' title='bbox 1486 3641 1722 3697; x_wconf 85' lang='grc' dir='ltr'>πάντοτε</span> <span class='ocrx_word' id='word_1_505' title='bbox 1767 3640 1866 3695; x_wconf 72' lang='lat' dir='ltr'><strong>xei.</strong></span> 
     </span>
    </p>
   </div>
   <div class='ocr_carea' id='block_1_73' title="bbox 256 3728 1865 3804">
    <p class='ocr_par' dir='ltr' id='par_1_73' title="bbox 256 3728 1865 3804">
     <span class='ocr_line' id='line_1_73' title="bbox 256 3728 1865 3804; baseline -0.001 -17"><span class='ocrx_word' id='word_1_506' title='bbox 256 3733 610 3804; x_wconf 74' lang='grc' dir='ltr'>γεγενῆσθαι</span> <span class='ocrx_word' id='word_1_507' title='bbox 653 3734 805 3804; x_wconf 77' lang='grc' dir='ltr'>ἡμᾶς</span> <span class='ocrx_word' id='word_1_508' title='bbox 844 3733 938 3785; x_wconf 70' lang='grc' dir='ltr'><strong>καὶ</strong></span> <span class='ocrx_word' id='word_1_509' title='bbox 970 3728 1111 3785; x_wconf 82' lang='grc' dir='ltr'>εἶναι</span> <span class='ocrx_word' id='word_1_510' title='bbox 1150 3732 1375 3804; x_wconf 85' lang='grc' dir='ltr'>πρέπει,</span> <span class='ocrx_word' id='word_1_511' title='bbox 1424 3734 1523 3786; x_wconf 78' lang='grc' dir='ltr'>καὶ</span> <span class='ocrx_word' id='word_1_512' title='bbox 1559 3732 1865 3803; x_wconf 80' lang='grc' dir='ltr'>διαπράξα-</span> 
     </span>
    </p>
   </div>
   <div class='ocr_carea' id='block_1_74' title="bbox 261 3822 1867 3895">
    <p class='ocr_par' dir='ltr' id='par_1_74' title="bbox 261 3822 1867 3895">
     <span class='ocr_line' id='line_1_74' title="bbox 261 3822 1867 3895; baseline -0.002 -14"><span class='ocrx_word' id='word_1_513' title='bbox 261 3826 403 3881; x_wconf 78' lang='grc' dir='ltr'>σθαι</span> <span class='ocrx_word' id='word_1_514' title='bbox 426 3824 621 3888; x_wconf 75' lang='grc' dir='ltr'>οὕτως,</span> <span class='ocrx_word' id='word_1_515' title='bbox 650 3825 737 3877; x_wconf 81' lang='grc' dir='ltr'><strong>ἵνα</strong></span> <span class='ocrx_word' id='word_1_516' title='bbox 759 3823 1093 3887; x_wconf 79' lang='grc' dir='ltr'>ἐπισκόπους</span> <span class='ocrx_word' id='word_1_517' title='bbox 1120 3822 1322 3892; x_wconf 82' lang='grc' dir='ltr'>ἁγνούς</span> <span class='ocrx_word' id='word_1_518' title='bbox 1342 3840 1401 3877; x_wconf 88' lang='grc' dir='ltr'><strong>τε</strong></span> <span class='ocrx_word' id='word_1_519' title='bbox 1425 3823 1522 3877; x_wconf 77' lang='grc' dir='ltr'><strong>καὶ</strong></span> <span class='ocrx_word' id='word_1_520' title='bbox 1552 3824 1867 3895; x_wconf 82' lang='grc' dir='ltr'>όρθοδόξους</span> 
     </span>
    </p>
   </div>
   <div class='ocr_carea' id='block_1_75' title="bbox 257 3914 1867 3987">
    <p class='ocr_par' dir='ltr' id='par_1_75' title="bbox 257 3914 1867 3987">
     <span class='ocr_line' id='line_1_75' title="bbox 257 3914 1867 3987; baseline -0.003 -15"><span class='ocrx_word' id='word_1_521' title='bbox 257 3918 372 3973; x_wconf 72' lang='grc' dir='ltr'>καὶ</span> <span class='ocrx_word' id='word_1_522' title='bbox 405 3914 824 3985; x_wconf 68' lang='grc' dir='ltr'>φιλανθρώπους</span> <span class='ocrx_word' id='word_1_523' title='bbox 857 3915 1074 3987; x_wconf 72' lang='grc' dir='ltr'>ἔχοντες</span> <span class='ocrx_word' id='word_1_524' title='bbox 1099 3915 1405 3985; x_wconf 84' lang='grc' dir='ltr'>χαίρωμεν.</span> <span class='ocrx_word' id='word_1_525' title='bbox 1444 3914 1510 3967; x_wconf 67' lang='lat' dir='ltr'><strong>Et</strong></span> <span class='ocrx_word' id='word_1_526' title='bbox 1534 3931 1616 3978; x_wconf 88' lang='grc' dir='ltr'><strong>τις</strong></span> <span class='ocrx_word' id='word_1_527' title='bbox 1647 3914 1703 3967; x_wconf 85' lang='grc' dir='ltr'>δὲ</span> <span class='ocrx_word' id='word_1_528' title='bbox 1729 3915 1867 3986; x_wconf 84' lang='grc' dir='ltr'>πρὸς</span> 
     </span>
    </p>
   </div>
   <div class='ocr_carea' id='block_1_76' title="bbox 260 4003 1862 4078">
    <p class='ocr_par' dir='ltr' id='par_1_76' title="bbox 260 4003 1862 4078">
     <span class='ocr_line' id='line_1_76' title="bbox 260 4003 1862 4078; baseline -0.001 -18"><span class='ocrx_word' id='word_1_529' title='bbox 260 4008 499 4078; x_wconf 77' lang='grc' dir='ltr'>μνήμην</span> <span class='ocrx_word' id='word_1_530' title='bbox 550 4006 657 4059; x_wconf 85' lang='grc' dir='ltr'><strong>τῶν</strong></span> <span class='ocrx_word' id='word_1_531' title='bbox 710 4004 1003 4076; x_wconf 83' lang='grc' dir='ltr'>λυμεώνων</span> <span class='ocrx_word' id='word_1_532' title='bbox 1054 4006 1301 4071; x_wconf 86' lang='grc' dir='ltr'>ἐκείνων,</span> <span class='ocrx_word' id='word_1_533' title='bbox 1350 4003 1385 4077; x_wconf 78' lang='grc' dir='ltr'>ἢ</span> <span class='ocrx_word' id='word_1_534' title='bbox 1436 4003 1574 4076; x_wconf 82' lang='grc' dir='ltr'>πρὸς</span> <span class='ocrx_word' id='word_1_535' title='bbox 1622 4005 1862 4070; x_wconf 82' lang='grc' dir='ltr'>ἔπαινον,</span> 
     </span>
    </p>
   </div>
   <div class='ocr_carea' id='block_1_77' title="bbox 258 4094 1866 4170">
    <p class='ocr_par' dir='ltr' id='par_1_77' title="bbox 258 4094 1866 4170">
     <span class='ocr_line' id='line_1_77' title="bbox 258 4094 1866 4170; baseline -0.002 -18"><span class='ocrx_word' id='word_1_536' title='bbox 258 4094 630 4168; x_wconf 68' lang='grc' dir='ltr'>ἀπρονοήτως</span> <span class='ocrx_word' id='word_1_537' title='bbox 676 4097 978 4167; x_wconf 73' lang='grc' dir='ltr'>ἐξαφθῆναι</span> <span class='ocrx_word' id='word_1_538' title='bbox 1026 4098 1327 4170; x_wconf 79' lang='grc' dir='ltr'>τολμήσει,</span> <span class='ocrx_word' id='word_1_539' title='bbox 1377 4098 1723 4168; x_wconf 82' lang='grc' dir='ltr'>παραχρῆμα</span> <span class='ocrx_word' id='word_1_540' title='bbox 1766 4097 1866 4167; x_wconf 82' lang='grc' dir='ltr'>τῆς</span> 
     </span>
    </p>
   </div>
   <div class='ocr_carea' id='block_1_78' title="bbox 261 4186 1863 4260">
    <p class='ocr_par' dir='ltr' id='par_1_78' title="bbox 261 4186 1863 4260">
     <span class='ocr_line' id='line_1_78' title="bbox 261 4186 1863 4260; baseline -0.002 -17"><span class='ocrx_word' id='word_1_541' title='bbox 261 4188 416 4249; x_wconf 82' lang='grc' dir='ltr'>ἰδίας</span> <span class='ocrx_word' id='word_1_542' title='bbox 452 4186 684 4258; x_wconf 79' lang='grc' dir='ltr'>τόλμης,</span> <span class='ocrx_word' id='word_1_543' title='bbox 724 4188 813 4241; x_wconf 84' lang='grc' dir='ltr'>διὰ</span> <span class='ocrx_word' id='word_1_544' title='bbox 866 4189 964 4259; x_wconf 81' lang='grc' dir='ltr'>τῆς</span> <span class='ocrx_word' id='word_1_545' title='bbox 1020 4187 1116 4241; x_wconf 90' lang='grc' dir='ltr'><strong>τοῦ</strong></span> <span class='ocrx_word' id='word_1_546' title='bbox 1168 4188 1498 4260; x_wconf 85' lang='grc' dir='ltr'>θεράποντος</span> <span class='ocrx_word' id='word_1_547' title='bbox 1552 4188 1647 4242; x_wconf 89' lang='grc' dir='ltr'><strong>τοῦ</strong></span> <span class='ocrx_word' id='word_1_548' title='bbox 1701 4188 1863 4250; x_wconf 84' lang='grc' dir='ltr'>Θεοῦ,</span> 
     </span>
    </p>
   </div>
   <div class='ocr_carea' id='block_1_79' title="bbox 256 4279 1864 4351">
    <p class='ocr_par' dir='ltr' id='par_1_79' title="bbox 256 4279 1864 4351">
     <span class='ocr_line' id='line_1_79' title="bbox 256 4279 1864 4351; baseline -0.002 -16"><span class='ocrx_word' id='word_1_549' title='bbox 256 4281 418 4335; x_wconf 82' lang='grc' dir='ltr'>τοῦτ’</span> <span class='ocrx_word' id='word_1_550' title='bbox 451 4280 599 4336; x_wconf 81' lang='grc' dir='ltr'>ἐστιν</span> <span class='ocrx_word' id='word_1_551' title='bbox 624 4280 782 4350; x_wconf 87' lang='grc' dir='ltr'>ἐμοῦ,</span> <span class='ocrx_word' id='word_1_552' title='bbox 818 4280 1103 4351; x_wconf 83' lang='grc' dir='ltr'>ἐνεργείας</span> <span class='ocrx_word' id='word_1_553' title='bbox 1135 4280 1596 4351; x_wconf 76' lang='grc' dir='ltr'>ἀνασταλήσεται.</span> <span class='ocrx_word' id='word_1_554' title='bbox 1638 4280 1697 4333; x_wconf 86' lang='grc' dir='ltr'><strong>Ὀ</strong></span> <span class='ocrx_word' id='word_1_555' title='bbox 1733 4279 1864 4344; x_wconf 80' lang='grc' dir='ltr'>Θεὸς</span> 
     </span>
    </p>
   </div>
   <div class='ocr_carea' id='block_1_80' title="bbox 265 4370 1381 4444">
    <p class='ocr_par' dir='ltr' id='par_1_80' title="bbox 265 4370 1381 4444">
     <span class='ocr_line' id='line_1_80' title="bbox 265 4370 1381 4444; baseline -0.001 -16"><span class='ocrx_word' id='word_1_556' title='bbox 265 4372 422 4444; x_wconf 77' lang='grc' dir='ltr'>ὑμᾶς</span> <span class='ocrx_word' id='word_1_557' title='bbox 443 4371 785 4441; x_wconf 81' lang='grc' dir='ltr'>διαφυλάξοι,</span> <span class='ocrx_word' id='word_1_558' title='bbox 829 4371 1051 4441; x_wconf 81' lang='grc' dir='ltr'>ἀδελφοὶ</span> <span class='ocrx_word' id='word_1_559' title='bbox 1085 4370 1381 4442; x_wconf 87' lang='grc' dir='ltr'>ἀγαπητοί.</span> 
     </span>
    </p>
   </div>
   <div class='ocr_carea' id='block_1_81' title="bbox 1967 3463 3552 3535">
    <p class='ocr_par' dir='ltr' id='par_1_81' title="bbox 1967 3463 3552 3535">
     <span class='ocr_line' id='line_1_81' title="bbox 1967 3463 3552 3535; baseline -0.002 -17"><span class='ocrx_word' id='word_1_560' title='bbox 1967 3464 2365 3535; x_wconf 83' lang='lat' dir='ltr'><strong>relegarentur.</strong></span> <span class='ocrx_word' id='word_1_561' title='bbox 2431 3464 2551 3519; x_wconf 83' lang='lat' dir='ltr'><strong>Jam</strong></span> <span class='ocrx_word' id='word_1_562' title='bbox 2612 3474 2856 3520; x_wconf 86' lang='lat' dir='ltr'><strong>nostrum</strong></span> <span class='ocrx_word' id='word_1_563' title='bbox 2902 3475 3005 3531; x_wconf 84' lang='lat' dir='ltr'><strong>est,</strong></span> <span class='ocrx_word' id='word_1_564' title='bbox 3056 3479 3118 3519; x_wconf 88' lang='lat' dir='ltr'><strong>ea</strong></span> <span class='ocrx_word' id='word_1_565' title='bbox 3154 3463 3258 3519; x_wconf 87' lang='lat' dir='ltr'><strong>fide</strong></span> <span class='ocrx_word' id='word_1_566' title='bbox 3300 3464 3354 3517; x_wconf 90' lang='lat' dir='ltr'><strong>in</strong></span> <span class='ocrx_word' id='word_1_567' title='bbox 3384 3463 3552 3517; x_wconf 89' lang='lat' dir='ltr'><strong>Deum</strong></span> 
     </span>
    </p>
   </div>
   <div class='ocr_carea' id='block_1_82' title="bbox 1966 3554 3554 3624">
    <p class='ocr_par' dir='ltr' id='par_1_82' title="bbox 1966 3554 3554 3624">
     <span class='ocr_line' id='line_1_82' title="bbox 1966 3554 3554 3624; baseline -0.001 -17"><span class='ocrx_word' id='word_1_568' title='bbox 1966 3555 2138 3609; x_wconf 83' lang='lat' dir='ltr'><strong>aciem</strong></span> <span class='ocrx_word' id='word_1_569' title='bbox 2175 3554 2374 3611; x_wconf 90' lang='lat' dir='ltr'><strong>mentis</strong></span> <span class='ocrx_word' id='word_1_570' title='bbox 2401 3565 2595 3610; x_wconf 66' lang='lat' dir='ltr'><strong>vestra:</strong></span> <span class='ocrx_word' id='word_1_571' title='bbox 2628 3555 2925 3621; x_wconf 89' lang='lat' dir='ltr'><strong>intendere,</strong></span> <span class='ocrx_word' id='word_1_572' title='bbox 2963 3554 3017 3609; x_wconf 91' lang='lat' dir='ltr'><strong>in</strong></span> <span class='ocrx_word' id='word_1_573' title='bbox 3063 3570 3167 3624; x_wconf 85' lang='lat' dir='ltr'><strong>qua</strong></span> <span class='ocrx_word' id='word_1_574' title='bbox 3207 3567 3304 3608; x_wconf 87' lang='lat' dir='ltr'><strong>nos</strong></span> <span class='ocrx_word' id='word_1_575' title='bbox 3336 3568 3554 3620; x_wconf 84' lang='lat' dir='ltr'><strong>semper</strong></span> 
     </span>
    </p>
   </div>
   <div class='ocr_carea' id='block_1_83' title="bbox 1968 3646 3549 3711">
    <p class='ocr_par' dir='ltr' id='par_1_83' title="bbox 1968 3646 3549 3711">
     <span class='ocr_line' id='line_1_83' title="bbox 1968 3646 3549 3711; baseline -0.001 -11"><span class='ocrx_word' id='word_1_576' title='bbox 1968 3648 2242 3704; x_wconf 86' lang='lat' dir='ltr'><strong>mansisse</strong></span> <span class='ocrx_word' id='word_1_577' title='bbox 2295 3657 2510 3703; x_wconf 89' lang='lat' dir='ltr'><strong>constat</strong></span> <span class='ocrx_word' id='word_1_578' title='bbox 2556 3664 2572 3703; x_wconf 90' lang='lat'><strong>:</strong></span> <span class='ocrx_word' id='word_1_579' title='bbox 2636 3658 2690 3703; x_wconf 88' lang='lat' dir='ltr'><strong>et</strong></span> <span class='ocrx_word' id='word_1_580' title='bbox 2738 3662 2882 3703; x_wconf 90' lang='lat' dir='ltr'><strong>nunc</strong></span> <span class='ocrx_word' id='word_1_581' title='bbox 2927 3649 3090 3703; x_wconf 83' lang='lat' dir='ltr'><strong>etiam</strong></span> <span class='ocrx_word' id='word_1_582' title='bbox 3124 3660 3342 3701; x_wconf 89' lang='lat' dir='ltr'><strong>manere</strong></span> <span class='ocrx_word' id='word_1_583' title='bbox 3373 3646 3549 3711; x_wconf 89' lang='lat' dir='ltr'><strong>decet,</strong></span> 
     </span>
    </p>
   </div>
   <div class='ocr_carea' id='block_1_84' title="bbox 1965 3736 3550 3810">
    <p class='ocr_par' dir='ltr' id='par_1_84' title="bbox 1965 3736 3550 3810">
     <span class='ocr_line' id='line_1_84' title="bbox 1965 3736 3550 3810; baseline -0.003 -18"><span class='ocrx_word' id='word_1_584' title='bbox 1965 3753 2296 3809; x_wconf 90' lang='lat' dir='ltr'><strong>omnemque</strong></span> <span class='ocrx_word' id='word_1_585' title='bbox 2330 3748 2544 3795; x_wconf 69' lang='lat' dir='ltr'><strong>aetatem</strong></span> <span class='ocrx_word' id='word_1_586' title='bbox 2574 3739 2648 3794; x_wconf 82' lang='lat' dir='ltr'><strong>ita</strong></span> <span class='ocrx_word' id='word_1_587' title='bbox 2676 3738 2895 3810; x_wconf 87' lang='lat' dir='ltr'><strong>degere,</strong></span> <span class='ocrx_word' id='word_1_588' title='bbox 2928 3746 2988 3793; x_wconf 84' lang='lat' dir='ltr'><strong>ut</strong></span> <span class='ocrx_word' id='word_1_589' title='bbox 3015 3738 3299 3808; x_wconf 88' lang='lat' dir='ltr'><strong>episcopos</strong></span> <span class='ocrx_word' id='word_1_590' title='bbox 3325 3736 3550 3805; x_wconf 81' lang='lat' dir='ltr'><strong>integri-</strong></span> 
     </span>
    </p>
   </div>
   <div class='ocr_carea' id='block_1_85' title="bbox 1972 3828 3550 3900">
    <p class='ocr_par' dir='ltr' id='par_1_85' title="bbox 1972 3828 3550 3900">
     <span class='ocr_line' id='line_1_85' title="bbox 1972 3828 3550 3900; baseline -0.002 -18"><span class='ocrx_word' id='word_1_591' title='bbox 1972 3838 2083 3884; x_wconf 86' lang='lat' dir='ltr'><strong>tate</strong></span> <span class='ocrx_word' id='word_1_592' title='bbox 2110 3831 2255 3893; x_wconf 62' lang='lat' dir='ltr'><strong>vitae,</strong></span> <span class='ocrx_word' id='word_1_593' title='bbox 2293 3830 2560 3885; x_wconf 74' lang='lat' dir='ltr'><strong>doctrinm</strong></span> <span class='ocrx_word' id='word_1_594' title='bbox 2593 3830 2850 3900; x_wconf 89' lang='lat' dir='ltr'><strong>puritate,</strong></span> <span class='ocrx_word' id='word_1_595' title='bbox 2888 3839 3003 3884; x_wconf 90' lang='lat' dir='ltr'><strong>tum</strong></span> <span class='ocrx_word' id='word_1_596' title='bbox 3027 3828 3361 3899; x_wconf 84' lang='lat' dir='ltr'><strong>benignitate</strong></span> <span class='ocrx_word' id='word_1_597' title='bbox 3389 3832 3550 3881; x_wconf 83' lang='lat' dir='ltr'><strong>etiam</strong></span> 
     </span>
    </p>
   </div>
   <div class='ocr_carea' id='block_1_86' title="bbox 1966 3919 3552 3990">
    <p class='ocr_par' dir='ltr' id='par_1_86' title="bbox 1966 3919 3552 3990">
     <span class='ocr_line' id='line_1_86' title="bbox 1966 3919 3552 3990; baseline -0.003 -14"><span class='ocrx_word' id='word_1_598' title='bbox 1966 3922 2021 3976; x_wconf 87' lang='lat' dir='ltr'><strong>in</strong></span> <span class='ocrx_word' id='word_1_599' title='bbox 2049 3936 2261 3985; x_wconf 90' lang='lat' dir='ltr'><strong>omnes,</strong></span> <span class='ocrx_word' id='word_1_600' title='bbox 2293 3921 2525 3976; x_wconf 79' lang='lat' dir='ltr'><strong>eximios</strong></span> <span class='ocrx_word' id='word_1_601' title='bbox 2560 3921 2844 3987; x_wconf 85' lang='lat' dir='ltr'><strong>habentes,</strong></span> <span class='ocrx_word' id='word_1_602' title='bbox 2874 3919 2998 3990; x_wconf 86' lang='lat' dir='ltr'><strong>jure</strong></span> <span class='ocrx_word' id='word_1_603' title='bbox 3029 3919 3295 3975; x_wconf 74' lang='lat' dir='ltr'><strong>laetentur.</strong></span> <span class='ocrx_word' id='word_1_604' title='bbox 3339 3919 3395 3972; x_wconf 86' lang='lat' dir='ltr'><strong>Si</strong></span> <span class='ocrx_word' id='word_1_605' title='bbox 3431 3919 3552 3988; x_wconf 87' lang='lat' dir='ltr'><strong>quis</strong></span> 
     </span>
    </p>
   </div>
   <div class='ocr_carea' id='block_1_87' title="bbox 1966 4011 3553 4083">
    <p class='ocr_par' dir='ltr' id='par_1_87' title="bbox 1966 4011 3553 4083">
     <span class='ocr_line' id='line_1_87' title="bbox 1966 4011 3553 4083; baseline 0 -16"><span class='ocrx_word' id='word_1_606' title='bbox 1966 4025 2144 4068; x_wconf 88' lang='lat' dir='ltr'><strong>autem</strong></span> <span class='ocrx_word' id='word_1_607' title='bbox 2175 4024 2379 4068; x_wconf 86' lang='lat' dir='ltr'><strong>temere</strong></span> <span class='ocrx_word' id='word_1_608' title='bbox 2405 4024 2586 4083; x_wconf 87' lang='lat' dir='ltr'><strong>pestes</strong></span> <span class='ocrx_word' id='word_1_609' title='bbox 2617 4013 2734 4069; x_wconf 89' lang='lat' dir='ltr'><strong>illas</strong></span> <span class='ocrx_word' id='word_1_610' title='bbox 2758 4013 2842 4069; x_wconf 85' lang='lat' dir='ltr'><strong>vel</strong></span> <span class='ocrx_word' id='word_1_611' title='bbox 2870 4012 3153 4079; x_wconf 88' lang='lat' dir='ltr'><strong>memoria,</strong></span> <span class='ocrx_word' id='word_1_612' title='bbox 3186 4013 3269 4065; x_wconf 89' lang='lat' dir='ltr'><strong>vel</strong></span> <span class='ocrx_word' id='word_1_613' title='bbox 3301 4011 3553 4067; x_wconf 86' lang='lat' dir='ltr'><strong>laudibus</strong></span> 
     </span>
    </p>
   </div>
   <div class='ocr_carea' id='block_1_88' title="bbox 1938 4104 3548 4174">
    <p class='ocr_par' dir='ltr' id='par_1_88' title="bbox 1938 4104 3548 4174">
     <span class='ocr_line' id='line_1_88' title="bbox 1938 4104 3548 4174; baseline -0.002 -14"><span class='ocrx_word' id='word_1_614' title='bbox 1938 4106 2244 4161; x_wconf 86' lang='lat' dir='ltr'><strong>&#39;celehrare</strong></span> <span class='ocrx_word' id='word_1_615' title='bbox 2312 4106 2551 4170; x_wconf 87' lang='lat' dir='ltr'><strong>audeat,</strong></span> <span class='ocrx_word' id='word_1_616' title='bbox 2620 4104 2906 4161; x_wconf 80' lang='lat' dir='ltr'><strong>confestim</strong></span> <span class='ocrx_word' id='word_1_617' title='bbox 2986 4105 3128 4159; x_wconf 84' lang='lat' dir='ltr'><strong>servi</strong></span> <span class='ocrx_word' id='word_1_618' title='bbox 3207 4104 3299 4158; x_wconf 85' lang='lat' dir='ltr'><strong>Dei</strong></span> <span class='ocrx_word' id='word_1_619' title='bbox 3382 4120 3548 4174; x_wconf 84' lang='lat' dir='ltr'><strong>opera</strong></span> 
     </span>
    </p>
   </div>
   <div class='ocr_carea' id='block_1_89' title="bbox 1967 4196 3551 4267">
    <p class='ocr_par' dir='ltr' id='par_1_89' title="bbox 1967 4196 3551 4267">
     <span class='ocr_line' id='line_1_89' title="bbox 1967 4196 3551 4267; baseline -0.001 -16"><span class='ocrx_word' id='word_1_620' title='bbox 1967 4198 2254 4267; x_wconf 89' lang='lat' dir='ltr'><strong>(meipsutn</strong></span> <span class='ocrx_word' id='word_1_621' title='bbox 2301 4197 2444 4267; x_wconf 86' lang='lat' dir='ltr'><strong>dico)</strong></span> <span class='ocrx_word' id='word_1_622' title='bbox 2497 4211 2688 4265; x_wconf 61' lang='lat' dir='ltr'><strong>posnas</strong></span> <span class='ocrx_word' id='word_1_623' title='bbox 2732 4214 2842 4253; x_wconf 74' lang='lat' dir='ltr'><strong>sum</strong></span> <span class='ocrx_word' id='word_1_624' title='bbox 2890 4196 3129 4252; x_wconf 79' lang='lat' dir='ltr'><strong>audacia:</strong></span> <span class='ocrx_word' id='word_1_625' title='bbox 3178 4196 3350 4251; x_wconf 88' lang='lat' dir='ltr'><strong>dabit.</strong></span> <span class='ocrx_word' id='word_1_626' title='bbox 3410 4196 3551 4251; x_wconf 78' lang='lat' dir='ltr'><strong>Deus</strong></span> 
     </span>
    </p>
   </div>
   <div class='ocr_carea' id='block_1_90' title="bbox 1967 4290 3248 4359">
    <p class='ocr_par' dir='ltr' id='par_1_90' title="bbox 1967 4290 3248 4359">
     <span class='ocr_line' id='line_1_90' title="bbox 1967 4290 3248 4359; baseline 0.001 -16"><span class='ocrx_word' id='word_1_627' title='bbox 1967 4304 2089 4354; x_wconf 82' lang='lat' dir='ltr'><strong>vos,</strong></span> <span class='ocrx_word' id='word_1_628' title='bbox 2124 4290 2322 4346; x_wconf 85' lang='lat' dir='ltr'><strong>fratres</strong></span> <span class='ocrx_word' id='word_1_629' title='bbox 2357 4290 2689 4359; x_wconf 82' lang='lat' dir='ltr'><strong>eharissimi,</strong></span> <span class='ocrx_word' id='word_1_630' title='bbox 2724 4291 3022 4345; x_wconf 87' lang='lat' dir='ltr'><strong>incolumes</strong></span> <span class='ocrx_word' id='word_1_631' title='bbox 3048 4298 3248 4345; x_wconf 84' lang='lat' dir='ltr'><strong>servet.</strong></span> 
     </span>
    </p>
   </div>
   <div class='ocr_carea' id='block_1_91' title="bbox 344 4461 1867 4535">
    <p class='ocr_par' dir='ltr' id='par_1_91' title="bbox 344 4461 1866 4533">
     <span class='ocr_line' id='line_1_91' title="bbox 344 4461 1866 4533; baseline 0 -18"><span class='ocrx_word' id='word_1_632' title='bbox 344 4461 536 4516; x_wconf 86' lang='grc' dir='ltr'>Ταῦτα</span> <span class='ocrx_word' id='word_1_633' title='bbox 565 4463 661 4516; x_wconf 77' lang='grc' dir='ltr'>καὶ</span> <span class='ocrx_word' id='word_1_634' title='bbox 689 4461 761 4517; x_wconf 86' lang='grc' dir='ltr'><strong>τά</strong></span> <span class='ocrx_word' id='word_1_635' title='bbox 808 4463 1036 4517; x_wconf 88' lang='grc' dir='ltr'>τοιαῦτα</span> <span class='ocrx_word' id='word_1_636' title='bbox 1072 4464 1101 4533; x_wconf 75' lang='grc' dir='ltr'>ἡ</span> <span class='ocrx_word' id='word_1_637' title='bbox 1146 4462 1242 4516; x_wconf 90' lang='grc' dir='ltr'><strong>τοῦ</strong></span> <span class='ocrx_word' id='word_1_638' title='bbox 1273 4461 1554 4531; x_wconf 78' lang='grc' dir='ltr'>θεοφιλοῦς</span> <span class='ocrx_word' id='word_1_639' title='bbox 1604 4462 1866 4533; x_wconf 81' lang='grc' dir='ltr'>βασιλέως</span> 
     </span>
    </p>
   </div>
   <div class='ocr_carea' id='block_1_92' title="bbox 1969 4461 3556 4535">
    <p class='ocr_par' dir='ltr' id='par_1_92' title="bbox 2044 4462 3556 4535">
     <span class='ocr_line' id='line_1_92' title="bbox 2044 4462 3556 4535; baseline -0.001 -16"><span class='ocrx_word' id='word_1_640' title='bbox 2044 4463 2171 4520; x_wconf 77' lang='lat' dir='ltr'><strong>Haec</strong></span> <span class='ocrx_word' id='word_1_641' title='bbox 2203 4464 2417 4535; x_wconf 86' lang='lat' dir='ltr'><strong>aliaque</strong></span> <span class='ocrx_word' id='word_1_642' title='bbox 2445 4466 2530 4522; x_wconf 86' lang='lat' dir='ltr'><strong>his</strong></span> <span class='ocrx_word' id='word_1_643' title='bbox 2566 4465 2763 4521; x_wconf 83' lang='lat' dir='ltr'><strong>similia</strong></span> <span class='ocrx_word' id='word_1_644' title='bbox 2800 4466 2872 4533; x_wconf 89' lang='lat' dir='ltr'><strong>pii</strong></span> <span class='ocrx_word' id='word_1_645' title='bbox 2909 4464 3254 4535; x_wconf 84' lang='lat' dir='ltr'><strong>imperatoris</strong></span> <span class='ocrx_word' id='word_1_646' title='bbox 3281 4462 3556 4520; x_wconf 81' lang='lat' dir='ltr'><strong>Constan-</strong></span> 
     </span>
    </p>
   </div>
   <div class='ocr_carea' id='block_1_93' title="bbox 268 4551 1865 4624">
    <p class='ocr_par' dir='ltr' id='par_1_93' title="bbox 268 4551 1865 4624">
     <span class='ocr_line' id='line_1_93' title="bbox 268 4551 1865 4624; baseline -0.003 -16"><span class='ocrx_word' id='word_1_647' title='bbox 268 4553 693 4608; x_wconf 80' lang='grc' dir='ltr'>Κωνσταντίνου</span> <span class='ocrx_word' id='word_1_648' title='bbox 737 4554 999 4624; x_wconf 85' lang='grc' dir='ltr'>ἐπιστολὴ</span> <span class='ocrx_word' id='word_1_649' title='bbox 1037 4553 1352 4623; x_wconf 80' lang='grc' dir='ltr'>σαφέστατα</span> <span class='ocrx_word' id='word_1_650' title='bbox 1384 4552 1551 4621; x_wconf 62' lang='grc' dir='ltr'>ἔδειξε</span> <span class='ocrx_word' id='word_1_651' title='bbox 1588 4553 1721 4622; x_wconf 75' lang='grc' dir='ltr'>περὶ</span> <span class='ocrx_word' id='word_1_652' title='bbox 1769 4551 1865 4605; x_wconf 86' lang='grc' dir='ltr'><strong>τοῦ</strong></span> 
     </span>
    </p>
   </div>
   <div class='ocr_carea' id='block_1_94' title="bbox 264 4641 1868 4715">
    <p class='ocr_par' dir='ltr' id='par_1_94' title="bbox 264 4641 1868 4715">
     <span class='ocr_line' id='line_1_94' title="bbox 264 4641 1868 4715; baseline -0.002 -16"><span class='ocrx_word' id='word_1_653' title='bbox 264 4644 509 4708; x_wconf 71' lang='grc' dir='ltr'>ἀσεϐοῦς</span> <span class='ocrx_word' id='word_1_654' title='bbox 542 4643 806 4698; x_wconf 81' lang='grc' dir='ltr'>Εὑσεόίου</span> <span class='ocrx_word' id='word_1_655' title='bbox 836 4642 932 4697; x_wconf 91' lang='grc' dir='ltr'><strong>τοῦ</strong></span> <span class='ocrx_word' id='word_1_656' title='bbox 987 4643 1379 4715; x_wconf 86' lang='grc' dir='ltr'>Νικομηδείας,</span> <span class='ocrx_word' id='word_1_657' title='bbox 1429 4643 1488 4707; x_wconf 84' lang='grc' dir='ltr'>ὃς</span> <span class='ocrx_word' id='word_1_658' title='bbox 1544 4641 1868 4714; x_wconf 81' lang='grc' dir='ltr'>προσφύλαξ</span> 
     </span>
    </p>
   </div>
   <div class='ocr_carea' id='block_1_95' title="bbox 261 4734 1868 4807">
    <p class='ocr_par' dir='ltr' id='par_1_95' title="bbox 261 4734 1868 4807">
     <span class='ocr_line' id='line_1_95' title="bbox 261 4734 1868 4807; baseline -0.002 -15"><span class='ocrx_word' id='word_1_659' title='bbox 261 4739 335 4792; x_wconf 79' lang='grc' dir='ltr'><strong>οὑ</strong></span> <span class='ocrx_word' id='word_1_660' title='bbox 386 4736 548 4807; x_wconf 87' lang='grc' dir='ltr'>μόνον</span> <span class='ocrx_word' id='word_1_661' title='bbox 594 4737 787 4805; x_wconf 83' lang='grc' dir='ltr'>γέγονε</span> <span class='ocrx_word' id='word_1_662' title='bbox 818 4735 914 4789; x_wconf 80' lang='grc' dir='ltr'><strong>τοῦ</strong></span> <span class='ocrx_word' id='word_1_663' title='bbox 960 4734 1251 4806; x_wconf 83' lang='grc' dir='ltr'>θεομισοῦς</span> <span class='ocrx_word' id='word_1_664' title='bbox 1286 4735 1556 4798; x_wconf 87' lang='grc' dir='ltr'>Λικινίου,</span> <span class='ocrx_word' id='word_1_665' title='bbox 1602 4734 1740 4789; x_wconf 87' lang='grc' dir='ltr'>ἀλλὰ</span> <span class='ocrx_word' id='word_1_666' title='bbox 1772 4738 1868 4789; x_wconf 80' lang='grc' dir='ltr'><strong>καὶ</strong></span> 
     </span>
    </p>
   </div>
   <div class='ocr_carea' id='block_1_96' title="bbox 266 4826 1867 4899">
    <p class='ocr_par' dir='ltr' id='par_1_96' title="bbox 266 4826 1867 4899">
     <span class='ocr_line' id='line_1_96' title="bbox 266 4826 1867 4899; baseline -0.002 -16"><span class='ocrx_word' id='word_1_667' title='bbox 266 4827 608 4899; x_wconf 84' lang='grc' dir='ltr'>συμμὺστης</span> <span class='ocrx_word' id='word_1_668' title='bbox 637 4830 733 4882; x_wconf 76' lang='grc' dir='ltr'>καὶ</span> <span class='ocrx_word' id='word_1_669' title='bbox 753 4828 1027 4898; x_wconf 84' lang='grc' dir='ltr'>ὑπουργὸς</span> <span class='ocrx_word' id='word_1_670' title='bbox 1057 4826 1158 4897; x_wconf 83' lang='grc' dir='ltr'>τῆς</span> <span class='ocrx_word' id='word_1_671' title='bbox 1191 4828 1401 4881; x_wconf 86' lang='grc' dir='ltr'>ἐκείνου</span> <span class='ocrx_word' id='word_1_672' title='bbox 1434 4826 1746 4897; x_wconf 84' lang='grc' dir='ltr'>τυραννίδος</span> <span class='ocrx_word' id='word_1_673' title='bbox 1775 4827 1867 4880; x_wconf 77' lang='grc' dir='ltr'><strong>καὶ</strong></span> 
     </span>
    </p>
   </div>
   <div class='ocr_carea' id='block_1_97' title="bbox 263 4919 1867 4991">
    <p class='ocr_par' dir='ltr' id='par_1_97' title="bbox 263 4919 1867 4991">
     <span class='ocr_line' id='line_1_97' title="bbox 263 4919 1867 4991; baseline -0.001 -17"><span class='ocrx_word' id='word_1_674' title='bbox 263 4921 554 4984; x_wconf 75' lang='grc' dir='ltr'>ἀσεϐείας.</span> <span class='ocrx_word' id='word_1_675' title='bbox 604 4921 782 4975; x_wconf 82' lang='grc' dir='ltr'>Βαδιῶ</span> <span class='ocrx_word' id='word_1_676' title='bbox 832 4921 889 4974; x_wconf 77' lang='grc' dir='ltr'>δὲ</span> <span class='ocrx_word' id='word_1_677' title='bbox 928 4919 1178 4973; x_wconf 84' lang='grc' dir='ltr'>ἐντεῦθεν</span> <span class='ocrx_word' id='word_1_678' title='bbox 1229 4920 1321 4973; x_wconf 73' lang='grc' dir='ltr'>ἐπὶ</span> <span class='ocrx_word' id='word_1_679' title='bbox 1362 4920 1461 4991; x_wconf 74' lang='grc' dir='ltr'><strong>τὴν</strong></span> <span class='ocrx_word' id='word_1_680' title='bbox 1494 4919 1867 4990; x_wconf 83' lang='grc' dir='ltr'>προκειμένην</span> 
     </span>
    </p>
   </div>
   <div class='ocr_carea' id='block_1_98' title="bbox 262 5011 1459 5083">
    <p class='ocr_par' dir='ltr' id='par_1_98' title="bbox 262 5011 1459 5083">
     <span class='ocr_line' id='line_1_98' title="bbox 262 5011 1459 5083; baseline 0 -17"><span class='ocrx_word' id='word_1_681' title='bbox 262 5013 374 5083; x_wconf 85' lang='grc' dir='ltr'>τῆς</span> <span class='ocrx_word' id='word_1_682' title='bbox 417 5011 878 5082; x_wconf 73' lang='grc' dir='ltr'>ἐκκλησιαπικῆς</span> <span class='ocrx_word' id='word_1_683' title='bbox 904 5012 1146 5083; x_wconf 71' lang='grc' dir='ltr'>ἱστορίας</span> <span class='ocrx_word' id='word_1_684' title='bbox 1180 5012 1459 5066; x_wconf 86' lang='grc' dir='ltr'>ὑπόθεσιν.</span> 
     </span>
    </p>
   </div>
   <div class='ocr_carea' id='block_1_99' title="bbox 872 5146 1267 5201">
    <p class='ocr_par' dir='ltr' id='par_1_99' title="bbox 872 5146 1267 5201">
     <span class='ocr_line' id='line_1_99' title="bbox 872 5146 1267 5201; baseline 0.005 -3"><span class='ocrx_word' id='word_1_685' title='bbox 872 5146 1122 5201; x_wconf 82' lang='grc' dir='ltr'><strong>ΚΕΦΑΛ.</strong></span> <span class='ocrx_word' id='word_1_686' title='bbox 1165 5146 1267 5200; x_wconf 80' lang='lat' dir='ltr'><strong>IA’.</strong></span> 
     </span>
    </p>
   </div>
   <div class='ocr_carea' id='block_1_100' title="bbox 269 5256 1865 5325">
    <p class='ocr_par' dir='ltr' id='par_1_100' title="bbox 269 5256 1865 5325">
     <span class='ocr_line' id='line_1_100' title="bbox 269 5256 1865 5325; baseline 0.001 -14"><span class='ocrx_word' id='word_1_687' title='bbox 269 5256 419 5325; x_wconf 72' lang='grc' dir='ltr'>Περὶ</span> <span class='ocrx_word' id='word_1_688' title='bbox 444 5256 549 5321; x_wconf 81' lang='grc' dir='ltr'>τῆς</span> <span class='ocrx_word' id='word_1_689' title='bbox 584 5256 734 5310; x_wconf 77' lang='grc' dir='ltr'>κατὰ</span> <span class='ocrx_word' id='word_1_690' title='bbox 763 5257 868 5309; x_wconf 82' lang='grc' dir='ltr'><strong>τοῦ</strong></span> <span class='ocrx_word' id='word_1_691' title='bbox 907 5257 1169 5323; x_wconf 73' lang='grc' dir='ltr'>ἀσεϐοῦς</span> <span class='ocrx_word' id='word_1_692' title='bbox 1215 5258 1488 5311; x_wconf 73' lang='grc' dir='ltr'>Λικινίου</span> <span class='ocrx_word' id='word_1_693' title='bbox 1534 5259 1710 5325; x_wconf 70' lang='grc' dir='ltr'>νίκης</span> <span class='ocrx_word' id='word_1_694' title='bbox 1754 5259 1865 5313; x_wconf 82' lang='grc' dir='ltr'><strong>τοῦ</strong></span> 
     </span>
    </p>
   </div>
   <div class='ocr_carea' id='block_1_101' title="bbox 492 5327 1650 5395">
    <p class='ocr_par' dir='ltr' id='par_1_101' title="bbox 492 5327 1650 5395">
     <span class='ocr_line' id='line_1_101' title="bbox 492 5327 1650 5395; baseline 0.001 -16"><span class='ocrx_word' id='word_1_695' title='bbox 492 5327 810 5395; x_wconf 59' lang='grc' dir='ltr'>θεοφιλοῦς</span> <span class='ocrx_word' id='word_1_696' title='bbox 832 5328 1139 5392; x_wconf 73' lang='grc' dir='ltr'>βασιλέως</span> <span class='ocrx_word' id='word_1_697' title='bbox 1170 5329 1650 5382; x_wconf 76' lang='grc' dir='ltr'>Κωνσταντίνου.</span> 
     </span>
    </p>
   </div>
   <div class='ocr_carea' id='block_1_102' title="bbox 353 5458 1865 5532">
    <p class='ocr_par' dir='ltr' id='par_1_102' title="bbox 353 5458 1865 5532">
     <span class='ocr_line' id='line_1_102' title="bbox 353 5458 1865 5532; baseline 0.002 -21"><span class='ocrx_word' id='word_1_698' title='bbox 353 5458 597 5511; x_wconf 84' lang='grc' dir='ltr'>Λικινίου</span> <span class='ocrx_word' id='word_1_699' title='bbox 629 5459 809 5512; x_wconf 85' lang='grc' dir='ltr'>τοίνυν</span> <span class='ocrx_word' id='word_1_700' title='bbox 833 5459 929 5512; x_wconf 73' lang='grc' dir='ltr'><strong>σὺν</strong></span> <span class='ocrx_word' id='word_1_701' title='bbox 969 5460 1201 5531; x_wconf 85' lang='grc' dir='ltr'>στρατιᾷ</span> <span class='ocrx_word' id='word_1_702' title='bbox 1231 5462 1299 5530; x_wconf 81' lang='grc' dir='ltr'>τῇ</span> <span class='ocrx_word' id='word_1_703' title='bbox 1333 5461 1430 5513; x_wconf 82' lang='grc' dir='ltr'><strong>σὺν</strong></span> <span class='ocrx_word' id='word_1_704' title='bbox 1458 5459 1606 5529; x_wconf 85' lang='grc' dir='ltr'>αὑτῷ</span> <span class='ocrx_word' id='word_1_705' title='bbox 1634 5460 1742 5514; x_wconf 84' lang='grc' dir='ltr'><strong>ἀπὸ</strong></span> <span class='ocrx_word' id='word_1_706' title='bbox 1765 5462 1865 5532; x_wconf 76' lang='grc' dir='ltr'>τῆς</span> 
     </span>
    </p>
   </div>
   <div class='ocr_carea' id='block_1_103' title="bbox 266 5547 1865 5621">
    <p class='ocr_par' dir='ltr' id='par_1_103' title="bbox 266 5547 1865 5621">
     <span class='ocr_line' id='line_1_103' title="bbox 266 5547 1865 5621; baseline 0.003 -21"><span class='ocrx_word' id='word_1_707' title='bbox 266 5547 642 5619; x_wconf 78' lang='grc' dir='ltr'>Νικομηδέων</span> <span class='ocrx_word' id='word_1_708' title='bbox 689 5550 1094 5621; x_wconf 78' lang='grc' dir='ltr'>ἐξορμήσαντος</span> <span class='ocrx_word' id='word_1_709' title='bbox 1141 5551 1232 5603; x_wconf 71' lang='grc' dir='ltr'><strong>ἐπὶ</strong></span> <span class='ocrx_word' id='word_1_710' title='bbox 1274 5552 1333 5603; x_wconf 84' lang='grc' dir='ltr'><strong>τὸ</strong></span> <span class='ocrx_word' id='word_1_711' title='bbox 1378 5551 1670 5614; x_wconf 73' lang='grc' dir='ltr'>Βυζάντιον</span> <span class='ocrx_word' id='word_1_712' title='bbox 1720 5552 1865 5605; x_wconf 90' lang='grc' dir='ltr'><strong>κατά</strong></span> 
     </span>
    </p>
   </div>
   <div class='ocr_carea' id='block_1_104' title="bbox 268 5640 1863 5712">
    <p class='ocr_par' dir='ltr' id='par_1_104' title="bbox 268 5640 1863 5712">
     <span class='ocr_line' id='line_1_104' title="bbox 268 5640 1863 5712; baseline 0.003 -21"><span class='ocrx_word' id='word_1_713' title='bbox 268 5640 567 5705; x_wconf 72' lang='grc' dir='ltr'>θεοφιλοῦς</span> <span class='ocrx_word' id='word_1_714' title='bbox 617 5642 1028 5696; x_wconf 68' lang='grc' dir='ltr'>Κωνσταντίνου</span> <span class='ocrx_word' id='word_1_715' title='bbox 1070 5642 1164 5695; x_wconf 90' lang='grc' dir='ltr'><strong>τοῦ</strong></span> <span class='ocrx_word' id='word_1_716' title='bbox 1208 5642 1474 5712; x_wconf 65' lang='grc' dir='ltr'>βασιλέας</span> <span class='ocrx_word' id='word_1_717' title='bbox 1514 5645 1693 5696; x_wconf 82' lang='grc' dir='ltr'>ἐκεῖσε</span> <span class='ocrx_word' id='word_1_718' title='bbox 1741 5644 1863 5697; x_wconf 87' lang='grc' dir='ltr'>τότε</span> 
     </span>
    </p>
   </div>
   <div class='ocr_carea' id='block_1_105' title="bbox 268 5730 1863 5803">
    <p class='ocr_par' dir='ltr' id='par_1_105' title="bbox 268 5730 1863 5803">
     <span class='ocr_line' id='line_1_105' title="bbox 268 5730 1863 5803; baseline 0.003 -20"><span class='ocrx_word' id='word_1_719' title='bbox 268 5730 572 5800; x_wconf 73' lang='grc' dir='ltr'>παρόντος,</span> <span class='ocrx_word' id='word_1_720' title='bbox 603 5731 711 5784; x_wconf 83' lang='grc' dir='ltr'>τῶν</span> <span class='ocrx_word' id='word_1_721' title='bbox 744 5730 788 5784; x_wconf 84' lang='grc' dir='ltr'>δ’</span> <span class='ocrx_word' id='word_1_722' title='bbox 821 5731 1100 5803; x_wconf 79' lang='grc' dir='ltr'>ἑκατέρων</span> <span class='ocrx_word' id='word_1_723' title='bbox 1126 5734 1534 5803; x_wconf 78' lang='grc' dir='ltr'>στρατιωτικῶν</span> <span class='ocrx_word' id='word_1_724' title='bbox 1564 5734 1863 5803; x_wconf 73' lang='grc' dir='ltr'>φαλάγγων</span> 
     </span>
    </p>
   </div>
   <div class='ocr_carea' id='block_1_106' title="bbox 1972 4555 3555 4626">
    <p class='ocr_par' dir='ltr' id='par_1_106' title="bbox 1972 4555 3555 4626">
     <span class='ocr_line' id='line_1_106' title="bbox 1972 4555 3555 4626; baseline 0.003 -18"><span class='ocrx_word' id='word_1_725' title='bbox 1972 4556 2068 4610; x_wconf 92' lang='lat' dir='ltr'><strong>tini</strong></span> <span class='ocrx_word' id='word_1_726' title='bbox 2099 4557 2327 4625; x_wconf 87' lang='lat' dir='ltr'><strong>epistola</strong></span> <span class='ocrx_word' id='word_1_727' title='bbox 2373 4555 2821 4612; x_wconf 80' lang='lat' dir='ltr'><strong>manifestissime</strong></span> <span class='ocrx_word' id='word_1_728' title='bbox 2855 4557 3094 4612; x_wconf 88' lang='lat' dir='ltr'><strong>ostendit</strong></span> <span class='ocrx_word' id='word_1_729' title='bbox 3148 4557 3215 4614; x_wconf 86' lang='lat' dir='ltr'><strong>de</strong></span> <span class='ocrx_word' id='word_1_730' title='bbox 3259 4558 3425 4626; x_wconf 87' lang='lat' dir='ltr'><strong>impio</strong></span> <span class='ocrx_word' id='word_1_731' title='bbox 3461 4557 3555 4612; x_wconf 88' lang='lat' dir='ltr'><strong>illo</strong></span> 
     </span>
    </p>
   </div>
   <div class='ocr_carea' id='block_1_107' title="bbox 1971 4646 3553 4720">
    <p class='ocr_par' dir='ltr' id='par_1_107' title="bbox 1971 4646 3553 4720">
     <span class='ocr_line' id='line_1_107' title="bbox 1971 4646 3553 4720; baseline 0.003 -20"><span class='ocrx_word' id='word_1_732' title='bbox 1971 4646 2209 4703; x_wconf 83' lang='lat' dir='ltr'><strong>Eusebio</strong></span> <span class='ocrx_word' id='word_1_733' title='bbox 2227 4646 2558 4705; x_wconf 76' lang='lat' dir='ltr'><strong>Nicomedim</strong></span> <span class='ocrx_word' id='word_1_734' title='bbox 2580 4651 2855 4719; x_wconf 86' lang='lat' dir='ltr'><strong>episcopo,</strong></span> <span class='ocrx_word' id='word_1_735' title='bbox 2888 4650 2978 4720; x_wconf 90' lang='lat' dir='ltr'><strong>qui</strong></span> <span class='ocrx_word' id='word_1_736' title='bbox 3005 4666 3107 4705; x_wconf 89' lang='lat' dir='ltr'><strong>non</strong></span> <span class='ocrx_word' id='word_1_737' title='bbox 3137 4651 3308 4706; x_wconf 90' lang='lat' dir='ltr'><strong>solum</strong></span> <span class='ocrx_word' id='word_1_738' title='bbox 3337 4651 3553 4706; x_wconf 88' lang='lat' dir='ltr'><strong>scelesti</strong></span> 
     </span>
    </p>
   </div>
   <div class='ocr_carea' id='block_1_108' title="bbox 1970 4740 3550 4812">
    <p class='ocr_par' dir='ltr' id='par_1_108' title="bbox 1970 4740 3550 4812">
     <span class='ocr_line' id='line_1_108' title="bbox 1970 4740 3550 4812; baseline 0.001 -17"><span class='ocrx_word' id='word_1_739' title='bbox 1970 4740 2167 4796; x_wconf 89' lang='lat' dir='ltr'><strong>Licinii</strong></span> <span class='ocrx_word' id='word_1_740' title='bbox 2204 4751 2582 4808; x_wconf 80' lang='lat' dir='ltr'><strong>conservator,</strong></span> <span class='ocrx_word' id='word_1_741' title='bbox 2632 4742 2724 4796; x_wconf 88' lang='lat' dir='ltr'><strong>sed</strong></span> <span class='ocrx_word' id='word_1_742' title='bbox 2765 4743 3063 4811; x_wconf 83' lang='lat' dir='ltr'><strong>tyrannidis</strong></span> <span class='ocrx_word' id='word_1_743' title='bbox 3096 4753 3259 4811; x_wconf 86' lang='lat' dir='ltr'><strong>atque</strong></span> <span class='ocrx_word' id='word_1_744' title='bbox 3304 4742 3550 4812; x_wconf 80' lang='lat' dir='ltr'><strong>impieta-</strong></span> 
     </span>
    </p>
   </div>
   <div class='ocr_carea' id='block_1_109' title="bbox 1971 4831 3553 4902">
    <p class='ocr_par' dir='ltr' id='par_1_109' title="bbox 1971 4831 3553 4902">
     <span class='ocr_line' id='line_1_109' title="bbox 1971 4831 3553 4902; baseline 0.004 -18"><span class='ocrx_word' id='word_1_745' title='bbox 1971 4831 2042 4886; x_wconf 93' lang='lat' dir='ltr'><strong>tis</strong></span> <span class='ocrx_word' id='word_1_746' title='bbox 2080 4832 2196 4900; x_wconf 88' lang='lat' dir='ltr'><strong>ejus</strong></span> <span class='ocrx_word' id='word_1_747' title='bbox 2245 4833 2499 4885; x_wconf 84' lang='lat' dir='ltr'><strong>minister</strong></span> <span class='ocrx_word' id='word_1_748' title='bbox 2543 4841 2664 4886; x_wconf 84' lang='lat' dir='ltr'><strong>erat</strong></span> <span class='ocrx_word' id='word_1_749' title='bbox 2707 4841 2761 4886; x_wconf 90' lang='lat' dir='ltr'><strong>et</strong></span> <span class='ocrx_word' id='word_1_750' title='bbox 2796 4833 3034 4902; x_wconf 71' lang='lat' dir='ltr'><strong>adiutor.</strong></span> <span class='ocrx_word' id='word_1_751' title='bbox 3075 4831 3258 4890; x_wconf 80' lang='lat' dir='ltr'><strong>Redeo</strong></span> <span class='ocrx_word' id='word_1_752' title='bbox 3296 4834 3553 4902; x_wconf 84' lang='lat' dir='ltr'><strong>deinceps</strong></span> 
     </span>
    </p>
   </div>
   <div class='ocr_carea' id='block_1_110' title="bbox 1970 4921 3613 4994">
    <p class='ocr_par' dir='ltr' id='par_1_110' title="bbox 1970 4921 3613 4994">
     <span class='ocr_line' id='line_1_110' title="bbox 1970 4921 3613 4994; baseline 0.002 -20"><span class='ocrx_word' id='word_1_753' title='bbox 1970 4921 2037 4976; x_wconf 89' lang='lat' dir='ltr'><strong>ad</strong></span> <span class='ocrx_word' id='word_1_754' title='bbox 2073 4922 2457 4978; x_wconf 83' lang='lat' dir='ltr'><strong>ecclesiasticae</strong></span> <span class='ocrx_word' id='word_1_755' title='bbox 2486 4922 2728 4979; x_wconf 74' lang='lat' dir='ltr'><strong>historia:</strong></span> <span class='ocrx_word' id='word_1_756' title='bbox 2757 4935 3156 4994; x_wconf 88' lang='lat' dir='ltr'><strong>argumentum.</strong></span> <span class='ocrx_word' id='word_1_757' title='bbox 3610 4922 3613 4925; x_wconf 67' lang='grc'><strong><em>⁷</em></strong></span> 
     </span>
    </p>
   </div>
   <div class='ocr_carea' id='block_1_111' title="bbox 2531 5143 2897 5199">
    <p class='ocr_par' dir='ltr' id='par_1_111' title="bbox 2531 5143 2897 5199">
     <span class='ocr_line' id='line_1_111' title="bbox 2531 5143 2897 5199; baseline -0.008 1"><span class='ocrx_word' id='word_1_758' title='bbox 2531 5186 2537 5191; x_wconf 85' lang='grc'><strong><em>-</em></strong></span> <span class='ocrx_word' id='word_1_759' title='bbox 2613 5143 2764 5199; x_wconf 76' lang='lat' dir='ltr'><strong>CAP.</strong></span> <span class='ocrx_word' id='word_1_760' title='bbox 2805 5143 2897 5199; x_wconf 81' lang='lat' dir='ltr'><strong>Xl.</strong></span> 
     </span>
    </p>
   </div>
   <div class='ocr_carea' id='block_1_112' title="bbox 1972 5255 3545 5327">
    <p class='ocr_par' dir='ltr' id='par_1_112' title="bbox 1972 5255 3545 5327">
     <span class='ocr_line' id='line_1_112' title="bbox 1972 5255 3545 5327; baseline 0 -15"><span class='ocrx_word' id='word_1_761' title='bbox 1972 5259 2047 5312; x_wconf 86' lang='lat' dir='ltr'><strong>De</strong></span> <span class='ocrx_word' id='word_1_762' title='bbox 2089 5259 2309 5311; x_wconf 78' lang='lat' dir='ltr'><strong>rictoria</strong></span> <span class='ocrx_word' id='word_1_763' title='bbox 2354 5259 2605 5327; x_wconf 10' lang='lat' dir='ltr'><strong>qtmmiab</strong></span> <span class='ocrx_word' id='word_1_764' title='bbox 2633 5259 2790 5321; x_wconf 79' lang='lat' dir='ltr'><strong>impio</strong></span> <span class='ocrx_word' id='word_1_765' title='bbox 2829 5255 3037 5310; x_wconf 82' lang='lat' dir='ltr'><strong>Licinio</strong></span> <span class='ocrx_word' id='word_1_766' title='bbox 3080 5256 3352 5326; x_wconf 69' lang='lat' dir='ltr'><strong>religiosus</strong></span> <span class='ocrx_word' id='word_1_767' title='bbox 3384 5258 3545 5323; x_wconf 77' lang='lat' dir='ltr'><strong>impe-</strong></span> 
     </span>
    </p>
   </div>
   <div class='ocr_carea' id='block_1_113' title="bbox 2302 5326 3213 5392">
    <p class='ocr_par' dir='ltr' id='par_1_113' title="bbox 2302 5326 3213 5392">
     <span class='ocr_line' id='line_1_113' title="bbox 2302 5326 3213 5392; baseline -0.004 -11"><span class='ocrx_word' id='word_1_768' title='bbox 2302 5326 2452 5382; x_wconf 78' lang='lat' dir='ltr'><strong>rator</strong></span> <span class='ocrx_word' id='word_1_769' title='bbox 2492 5326 2875 5383; x_wconf 73' lang='lat' dir='ltr'><strong>Constantinus</strong></span> <span class='ocrx_word' id='word_1_770' title='bbox 2917 5332 3213 5392; x_wconf 78' lang='lat' dir='ltr'><strong>reportarit.</strong></span> 
     </span>
    </p>
   </div>
   <div class='ocr_carea' id='block_1_114' title="bbox 2039 5460 3545 5532">
    <p class='ocr_par' dir='ltr' id='par_1_114' title="bbox 2039 5460 3545 5532">
     <span class='ocr_line' id='line_1_114' title="bbox 2039 5460 3545 5532; baseline 0 -17"><span class='ocrx_word' id='word_1_771' title='bbox 2039 5461 2287 5517; x_wconf 87' lang='lat' dir='ltr'><strong>Licinius</strong></span> <span class='ocrx_word' id='word_1_772' title='bbox 2317 5463 2479 5532; x_wconf 79' lang='lat' dir='ltr'><strong>igitur</strong></span> <span class='ocrx_word' id='word_1_773' title='bbox 2523 5479 2588 5517; x_wconf 84' lang='lat' dir='ltr'><strong>ex</strong></span> <span class='ocrx_word' id='word_1_774' title='bbox 2641 5460 3134 5518; x_wconf 68' lang='lat' dir='ltr'><strong>Nicomediensium</strong></span> <span class='ocrx_word' id='word_1_775' title='bbox 3182 5463 3399 5528; x_wconf 80' lang='lat' dir='ltr'><strong>regione</strong></span> <span class='ocrx_word' id='word_1_776' title='bbox 3442 5476 3545 5515; x_wconf 83' lang='lat' dir='ltr'><strong>una</strong></span> 
     </span>
    </p>
   </div>
   <div class='ocr_carea' id='block_1_115' title="bbox 1966 5546 3549 5623">
    <p class='ocr_par' dir='ltr' id='par_1_115' title="bbox 1966 5546 3549 5623">
     <span class='ocr_line' id='line_1_115' title="bbox 1966 5546 3549 5623; baseline -0.007 -17"><span class='ocrx_word' id='word_1_777' title='bbox 1966 5567 2092 5606; x_wconf 90' lang='lat' dir='ltr'><strong>cum</strong></span> <span class='ocrx_word' id='word_1_778' title='bbox 2123 5552 2369 5605; x_wconf 79' lang='lat' dir='ltr'><strong>exercitu</strong></span> <span class='ocrx_word' id='word_1_779' title='bbox 2418 5552 2737 5623; x_wconf 79' lang='lat' dir='ltr'><strong>Byzantium</strong></span> <span class='ocrx_word' id='word_1_780' title='bbox 2783 5549 3126 5620; x_wconf 84' lang='lat' dir='ltr'><strong>progreditur</strong></span> <span class='ocrx_word' id='word_1_781' title='bbox 3152 5558 3341 5599; x_wconf 88' lang='lat' dir='ltr'><strong>contra</strong></span> <span class='ocrx_word' id='word_1_782' title='bbox 3378 5546 3549 5615; x_wconf 60' lang='lat' dir='ltr'><strong>impu-</strong></span> 
     </span>
    </p>
   </div>
   <div class='ocr_carea' id='block_1_116' title="bbox 1968 5636 3543 5711">
    <p class='ocr_par' dir='ltr' id='par_1_116' title="bbox 1968 5636 3543 5711">
     <span class='ocr_line' id='line_1_116' title="bbox 1968 5636 3543 5711; baseline -0.003 -13"><span class='ocrx_word' id='word_1_783' title='bbox 1968 5653 2204 5698; x_wconf 86' lang='lat' dir='ltr'><strong>ratorem</strong></span> <span class='ocrx_word' id='word_1_784' title='bbox 2258 5643 2701 5706; x_wconf 86' lang='lat' dir='ltr'><strong>Constantinum,</strong></span> <span class='ocrx_word' id='word_1_785' title='bbox 2746 5642 2837 5711; x_wconf 91' lang='lat' dir='ltr'><strong>qui</strong></span> <span class='ocrx_word' id='word_1_786' title='bbox 2890 5652 2999 5695; x_wconf 88' lang='lat' dir='ltr'><strong>tum</strong></span> <span class='ocrx_word' id='word_1_787' title='bbox 3051 5638 3162 5692; x_wconf 91' lang='lat' dir='ltr'><strong>illic</strong></span> <span class='ocrx_word' id='word_1_788' title='bbox 3193 5636 3543 5693; x_wconf 85' lang='lat' dir='ltr'><strong>subsistebat.</strong></span> 
     </span>
    </p>
   </div>
   <div class='ocr_carea' id='block_1_117' title="bbox 1968 5731 3543 5801">
    <p class='ocr_par' dir='ltr' id='par_1_117' title="bbox 1968 5731 3543 5801">
     <span class='ocr_line' id='line_1_117' title="bbox 1968 5731 3543 5801; baseline -0.004 -10"><span class='ocrx_word' id='word_1_789' title='bbox 1968 5735 2075 5791; x_wconf 85' lang='lat' dir='ltr'><strong>Sed</strong></span> <span class='ocrx_word' id='word_1_790' title='bbox 2110 5750 2231 5791; x_wconf 88' lang='lat' dir='ltr'><strong>cum</strong></span> <span class='ocrx_word' id='word_1_791' title='bbox 2267 5736 2455 5790; x_wconf 87' lang='lat' dir='ltr'><strong>ambas</strong></span> <span class='ocrx_word' id='word_1_792' title='bbox 2507 5735 2769 5790; x_wconf 89' lang='lat' dir='ltr'><strong>militares</strong></span> <span class='ocrx_word' id='word_1_793' title='bbox 2808 5735 2954 5789; x_wconf 83' lang='lat' dir='ltr'><strong>acies</strong></span> <span class='ocrx_word' id='word_1_794' title='bbox 2993 5731 3389 5801; x_wconf 68' lang='lat' dir='ltr'><strong>Christigerum</strong></span> <span class='ocrx_word' id='word_1_795' title='bbox 3438 5731 3543 5785; x_wconf 85' lang='lat' dir='ltr'><strong>im-</strong></span> 
     </span>
    </p>
   </div>
  </div>
