4070 6430
331 383 468 450 1225

1134 333 1136 335 ί
1208 371 1575 434 HISTORIA
1612 369 1949 432 CONCILII
1985 371 2292 434 NICENI.
2339 397 2408 411 --
2445 373 2593 433 LIB.
2636 373 2718 433 II.

3479 373 3612 439 1226

329 495 459 568 πρὶν
509 492 707 555 αὐτοὺς
767 485 1061 554 πιεζόντων
1083 499 1098 516 ·
1150 483 1415 557 λαμπρὰς
1454 485 1512 540 δέ
1555 484 1774 539 ἐτέλουν
1828 485 1956 546 καὶ.

2047 485 2341 556 'requentes
2374 496 2676 542 conventus
2703 485 2838 553 acti,
2871 491 2985 541 tum
3011 484 3132 542 festi
3161 485 3277 542 dies
3329 485 3609 553 celebrati,

329 581 716 657 πανηγυρικὰς
746 580 956 652 ἐορτῶν
1001 579 1238 652 ἡμέρας·
1273 573 1343 649 ἦν
1387 577 1446 631 δὲ
1486 578 1667 646 φωτὸς
1708 577 1926 649 ἔμπλεα

329 679 399 733 τά
427 678 628 732 πάντα·
659 673 756 727 καὶ
795 671 1043 744 μειδιῶσι
1075 669 1392 741 προσώποις
1412 709 1428 735 ,
1461 668 1676 740 ὅμμασί
1701 686 1762 723 τε
1796 687 1926 739 φαι-

331 772 500 844 δροῖς,
546 769 596 822 oi
643 765 779 838 πρὶν
827 765 1132 835 κατηφεῖς,
1167 761 1433 834 ἀλλήλους
1482 760 1733 815 ἔϐλεπον.
1777 761 1928 834 (Πα-

333 863 434 935 ρῆν
468 859 546 933 (7)
575 859 633 914 δέ
661 855 906 928 αὐτοῖς.)
944 856 1054 909 Καὶ
1083 854 1242 925 ῦμνοι
1279 854 1422 908 κατά
1467 853 1624 907 πόλιν
1666 852 1803 926 ὁμοῦ
1835 855 1929 909 καὶ⁴

333 956 538 1028 ἀγροὺς
559 951 649 1007 τὸν
667 949 895 1022 βασιλέα
909 948 1065 1014 Θεὸν,
1082 948 1179 1002 καὶ
1197 947 1292 1001 τὸν
1305 947 1498 1001 τούτου
1510 947 1739 1018 γνήσιον
1761 947 1930 1002 παῖδα

334 1045 570 1118 Χριστὸν
594 1042 882 1114 πρώτιστα
900 1041 1138 1106 πάντων,
1172 1040 1257 1094 ὃτι
1277 1039 1340 1111 δὴ
1359 1039 1519 1093 τοῦτο
1543 1038 1927 1110 ἐδιδάχθησαν,

337 1138 647 1210 ἐγέραιρον,
680 1135 776 1188 καὶ
804 1134 995 1187 ἔπειτα
1018 1131 1110 1186 τὸν
1135 1131 1337 1204 εὐσεϐῆ
1367 1131 1594 1202 βασιλέα
1620 1130 1738 1202 ἅμα
1770 1133 1932 1187 παισὶ

339 1228 645 1299 θεοφιλέσιν
683 1223 1041 1300 [θεοσεϐέσιν]
1083 1223 1388 1295 εὐφήμουν.
1421 1223 1627 1277 Κακῶν
1663 1222 1722 1276 δὲ
1751 1223 1928 1295 ἀμνη-

342 1321 467 1374 στία
503 1317 752 1373 παλαιῶν
783 1312 873 1388 ἦν,
919 1314 1014 1370 καὶ
1052 1313 1190 1385 λήθη
1230 1313 1414 1383 πάσης
1445 1312 1788 1378 δυσσεϐείας·
1823 1312 1934 1366 τῶν

341 1414 397 1468 δέ
425 1410 648 1481 ἀγαθῶν
684 1405 1017 1482 [παρόντων]
1056 1406 1362 1469 ἀπόλαυσις
1382 1445 1399 1472 ,
1429 1404 1522 1458 καὶ¹
1549 1404 1776 1475 προσέτι
1806 1405 1936 1475 μελ-

342 1505 546 1559 λόντων
577 1500 896 1574 προσδοκία.
941 1498 1232 1552 Ἥπλωντο
1263 1497 1358 1551 οῦν
1393 1497 1534 1551 κατὰ
1563 1497 1743 1552 πάντα
1769 1497 1935 1550 τόπον

342 1597 442 1668 τῆς
467 1595 562 1650 τοῦ
585 1593 806 1664 νικητοῦ
833 1591 1100 1664 βασιλέως
1125 1589 1320 1660 φιλανθ
1331 1589 1540 1658 ρωπίας
1563 1587 1793 1659 ἔμπλεοι
1822 1589 1937 1642 δια-

343 1689 549 1754 τάξεις,
567 1689 723 1758 νόμοι
748 1703 808 1739 τε
833 1683 1249 1756 μεγαλοδωρεᾶς
1267 1684 1361 1736 καὶ
1384 1681 1621 1752 ἀληθοῦς
1649 1681 1935 1746 εὐσεϐείας

343 1779 706 1850 γνωρίσματα
752 1777 993 1848 ἔχοντες.
1039 1775 1196 1830 Οὕτω
1223 1775 1359 1844 δῆτα
1401 1773 1584 1844 πάσης
1618 1773 1936 1846 τυραννίδος

345 1870 818 1943 ἐκκαθαρθείσης,
875 1869 1055 1940 μόνοις
1111 1867 1443 1936 ἐφυλάττετο
1503 1865 1573 1920 τά
1618 1865 1720 1936 τῆς
1764 1881 1936 1937 προσ-

346 1960 592 2032 ηκούσης
642 1959 925 2030 βασιλείας
953 1957 1152 2027 βέϐαιά
1183 1974 1242 2010 τε
1273 1957 1370 2009 καὶ
1405 1955 1742 2025 ἀνεπίφθονα
1774 1957 1933 2009 Κωνο

347 2049 614 2120 σταντίνῳ
653 2051 747 2103 καὶ
794 2051 907 2113 τοῖς
963 2048 1153 2103 τούτου
1203 2047 1382 2103 παισί.
1438 2045 1692 2100 Τοσαῦτα
1745 2048 1775 2100 ό
1829 2045 1937 2100 τῶν

343 2136 589 2209 ἀρχαίων
631 2137 1106 2208 ἐκκλησιαστικῶν
1140 2137 1505 2207 συγγραφέων
1549 2135 1936 2202 ἀξιοπιστότα-

345 2246 437 2291 τος
485 2229 746 2293 Εὐσέϐιος
807 2231 836 2284 ὁ
883 2228 978 2282 τοῦ
1049 2221 1382 2300 Παμφίλου,
1437 2228 1726 2292 πλείστους
1781 2230 1938 2294 ὅσους

345 2322 565 2392 ἀγῶνας
591 2322 833 2394 θέμενα,,
859 2324 954 2376 καὶ
975 2322 1491 2393 διερευνησάμενος,
1517 2322 1584 2374 ἐκ
1608 2322 1719 2374 τῶν
1750 2321 1940 2384 ἁπλῶς

346 2415 580 2484 ἐχόντων
611 2414 710 2485 τὴν
739 2414 1012 2484 ἀναλογὴν
1049 2414 1456 2484 ποιησάμενος,
1491 2415 1549 2466 ἐν
1587 2413 1720 2467 δέκα
1751 2412 1940 2482 τόμοις

346 2502 490 2567 ὅλοις
526 2503 597 2557 τὰ
627 2495 727 2574 ⁴ιὲῆς
763 2503 1230 2575 ἐκκλησιαστικῆς
1255 2506 1387 2576 ἡμῖν
1424 2503 1667 2575 ἱστορίας
1692 2503 1940 2574 ἀκριϐῶς

348 2595 758 2652 καταλέλοιπεν·
775 2597 1079 2668 ἀρξάμενος
1106 2596 1204 2668 μὲν
1226 2595 1334 2652 ἀπὸ
1355 2597 1451 2667 τῆς
1467 2596 1562 2650 τοῦ
1583 2596 1788 2668 Κυρίου
1809 2614 1944 2669 παρ-

347 2688 557 2753 ουσίας,
607 2687 905 2760 πληρώσας
949 2689 1005 2743 δέ
1054 2691 1134 2753 εἰς
1170 2688 1358 2742 τούσδε
1386 2689 1515 2752 τοὺς
1542 2687 1771 2759 χρόνους
1795 2728 1810 2754 ,
1843 2689 1944 2743 οὒκ

350 2777 587 2842 ἀπόνως·
623 2777 741 2841 πῶς
767 2779 879 2848 γάρ
907 2774 1023 2832 οἷόν
1053 2796 1111 2832 τε
1147 2774 1215 2849 ἦν
1247 2777 1519 2848 τοσαύτην
1545 2778 1945 2850 ἀναδεξάμενον

353 2868 616 2939 φροντίδα
643 2869 739 2922 τοῦ
763 2867 1138 2922 διασώσασθαι
1170 2870 1270 2940 τῆς
1310 2861 1525 2922 τοιᾶσδε
1557 2869 1823 2941 συλλογῆς
1845 2869 1945 2940 τὴν

351 2958 656 3030 ἁρμονίανς
689 2959 806 3013 ἀλλ’
834 2959 910 3024 ὡς
953 2960 1156 3030 ἀρτίως
1201 2959 1360 3031 ἔφην,
1390 2959 1596 3030 πολλὴν
1623 2961 1946 3029 εἰσενεγκά-

357 3067 520 3121 μενος
544 3050 644 3121 τὴν
672 3051 911 3121 σπουδὴν
939 3050 1038 3104 καὶ
1072 3047 1303 3106 πλοῦτον
1335 3050 1542 3122 ἄφατον
1575 3052 1769 3105 πόνου·
1807 3051 1946 3106 ἀλλά

2029 587 2157 632 tunc
2184 577 2364 632 omnia
2401 577 2584 632 laetitia
2615 577 3014 632 redundarunt.
3060 576 3214 633 Tunc
3241 579 3331 648 qui
3364 589 3489 634 ante
3519 580 3614 635 de-

2029 669 2193 726 missa
2217 680 2273 724 et
2303 676 2583 726 contracta
2609 668 2786 725 fronte
2813 681 2990 735 erant,
3020 670 3180 725 hilari
3234 673 3382 726 vultu
3407 687 3464 726 et
3492 675 3616 728 lteto

2027 759 2312 816 oculorum
2343 763 2535 816 obtutu
2566 774 2626 816 se
2657 770 2844 815 mutuo
2869 772 3223 831 aspexerunt.
3303 762 3456 818 Tunc
3480 765 3617 819 cho-

2031 851 2163 918 reis,
2197 860 2310 906 tum
2354 851 2568 924 hymnis
2599 860 2708 906 tam
2743 866 2839 922 per
2872 852 3112 924 singulas
3135 853 3408 922 civitates,
3453 872 3616 924 quant

2031 960 2129 1016 per
2152 960 2334 1016 agros,
2362 944 2599 1016 primum
2631 944 2874 1000 omnium
2903 955 3088 1015 regem
3118 944 3289 1001 Deum
3316 957 3370 1001 et
3403 963 3619 1017 germa-

2035 1054 2162 1094 num
2214 1038 2412 1092 Filium
2436 1036 2549 1106 ejus
2573 1037 2759 1093 Jesum
2790 1037 3066 1094 Christum
3104 1040 3232 1108 (hoc
3265 1040 3407 1094 enim
3442 1042 3619 1096 edocti

2033 1128 2210 1200 erant)
2244 1129 2677 1200 praedicaverunt
2713 1147 2727 1183 :
2771 1129 2970 1184 deinde
3020 1128 3169 1199 pium
3234 1130 3618 1199 imperatorem

2033 1235 2096 1276 ac
2125 1221 2328 1276 liberos
2355 1220 2465 1275 Deo
2490 1221 2544 1275 in
2595 1220 2790 1290 primis
2856 1221 3056 1276 charos
3103 1221 3355 1276 laudibus
3410 1223 3622 1278 extule-

2036 1321 2183 1368 runt.
2208 1309 2362 1367 Tunc
2385 1322 2629 1368 veterum
2652 1312 2796 1367 nulla
2825 1313 3136 1368 recordatio
3166 1314 3460 1378 malorum,
3489 1325 3618 1370 tunc

2035 1405 2213 1460 omnis
2241 1404 2535 1476 impietatis
2584 1405 2805 1472 oblivio,
2862 1414 2991 1460 tunc
3039 1406 3224 1461 suavis
3269 1407 3620 1475 praesentium

2035 1495 2302 1551 bonorum
2328 1511 2457 1550 usus
2474 1506 2530 1552 et
2553 1495 2867 1560 oblectatio,
2895 1503 3026 1550 tunc
3047 1495 3286 1563 jucunda
3301 1495 3617 1551 futurorum

2037 1589 2395 1658 exspectatio,
2425 1596 2555 1642 tunc
2585 1587 2818 1657 denique
2854 1601 2960 1642 non
2990 1587 3209 1642 decreta
3253 1588 3426 1643 solum
3455 1589 3626 1658 impe-

2038 1679 2260 1748 ratoris,
2304 1679 2530 1735 victoris
2563 1678 2938 1745 illustrissimi,
2977 1677 3132 1748 plena
3165 1679 3522 1734 humanitatis
3569 1690 3627 1733 et

2039 1770 2360 1837 clementiae,
2388 1786 2577 1826 verum
2604 1774 2767 1824 etiam
2797 1769 2960 1840 leges,
2982 1769 3184 1825 eximia
3209 1769 3628 1840 magniﬁcentia:

2042 1862 2185 1918 illius
2211 1872 2266 1918 et
2301 1877 2442 1917 verae
2471 1863 2692 1933 pictatis
2717 1862 2928 1934 judicia
2956 1860 3408 1933 complectentes,
3461 1861 3516 1914 in
3547 1859 3628 1913 lo-

2040 1952 2120 2009 cis
2141 1955 2451 2026 quibusque
2475 1954 2787 2024 divulgataz.
2839 1952 3099 2023 Sictergo
3153 1951 3410 2021 pestifera
3459 1953 3628 2007 totius

2041 2046 2345 2119 tyrannidis
2369 2045 2490 2102 labe
2515 2055 2744 2116 purgata
2793 2044 3100 2114 deletaque,
3127 2044 3518 2100 Constantinus
3540 2057 3631 2098 so-

2041 2140 2152 2192 lum
2183 2147 2238 2193 et
2270 2137 2449 2203 liberi,
2494 2137 2705 2205 imperii
2730 2135 2796 2189 ad
2840 2136 2986 2205 ipsos
3030 2135 3154 2203 jure
3180 2136 3503 2207 pertinentis
3530 2152 3629 2206 gu-

2042 2226 2356 2293 bernacula,
2383 2228 2711 2283 auctoritate
2748 2235 2802 2281 et
2826 2225 3078 2297 praesidio
3109 2223 3285 2290 ﬁrma,
3317 2226 3535 2280 invidia:
3565 2240 3631 2280 ac

2043 2329 2222 2376 metus
2248 2319 2494 2389 expertia
2521 2319 2778 2388 deinceps
2811 2318 3200 2388 possederunt.
3229 2316 3506 2372 Hactenus
3533 2331 3629 2372 ve-

2043 2424 2219 2472 terum
2247 2412 2747 2471 ecclesiasticorum
2783 2413 3114 2484 scriptorum
3155 2411 3259 2466 ﬁde
3277 2412 3629 2482 dignissimus

2043 2505 2312 2563 Eusebius
2363 2503 2652 2576 Pamphili,
2721 2505 2812 2574 qui
2849 2519 3062 2559 summa
3100 2504 3448 2559 contentione
3515 2502 3632 2556 eni-

2047 2608 2189 2666 tens,
2219 2608 2332 2655 tum
2361 2598 2657 2669 exquirens
2681 2595 2914 2666 singula,
2946 2604 3001 2649 et
3034 2610 3102 2650 ex
3136 2595 3222 2649 his
3247 2609 3368 2664 quae
3421 2592 3634 2662 simpli-

2044 2686 2182 2742 citer
2211 2701 2271 2743 se
2304 2687 2601 2752 habebant,
2649 2700 2946 2756 congruam
3011 2683 3244 2752 partium
3316 2697 3630 2738 mensuram

2044 2779 2308 2843 elﬁciens,
2337 2779 2525 2834 decem
2551 2777 2781 2847 integris
2819 2776 2973 2832 libris
3008 2774 3299 2830 Historiam
3343 2775 3498 2831 nobis
3537 2789 3633 2831 ec-

2045 2871 2406 2927 clesiasticam
2423 2870 2717 2942 perfectam
2743 2868 2984 2937 reliquit,
3002 2868 3270 2937 incipiens
3303 2869 3371 2922 ab
3395 2871 3631 2923 adventu

2048 2962 2283 3029 Domini,
2317 2963 2574 3018 desinens
2622 2970 2807 3016 autem
2851 2960 2904 3014 in
2938 2959 3054 3014 haec
3077 2969 3342 3029 tempora,
3378 2975 3485 3014 non
3511 2959 3630 3014 sine

2049 3054 2256 3111 labore.
2308 3054 2595 3121 Quomodo
2644 3053 2790 3109 enim
2837 3052 2998 3106 aliter
3052 3052 3166 3106 ﬁeri
3215 3061 3426 3122 poterat
3471 3055 3540 3108 ab
3567 3068 3632 3108 eo

358 3142 549 3213 μηδεὶς
577 3143 778 3197 οἰέσθω
817 3145 910 3198 τὸν
939 3145 1112 3215 ἄνδρα
1141 3146 1204 3198 ἐκ
1240 3146 1346 3199 τῶν
1378 3147 1509 3217 περὶ
1541 3147 1710 3200 αὐτοῦ
1745 3147 1942 3200 ἐπιπε-

2048 3147 2142 3218 qui
2201 3154 2404 3201 tantam
2443 3160 2631 3202 curam
2677 3152 3016 3215 susceperat,
3076 3153 3138 3198 ut
3175 3144 3300 3198 talis
3357 3142 3634 3199 collectio-

355 3231 741 3304 φημισμένων,
792 3234 868 3297 ὼς
912 3236 1012 3306 τῆς
1074 3236 1286 3305 Ἀρείου
1321 3237 1672 3308 βλασφημίας
1717 3238 1849 3291 ποτέ
1888 3256 1940 3293 τι

355 3328 713 3396 πεφρονήκει.
759 3324 923 3378 Ἀλλά
953 3326 1252 3389 πεπείσθω,
1282 3328 1358 3390 ὡς
1385 3329 1434 3382 εί
1458 3328 1552 3382 καί
1584 3329 1688 3382 τιν’
1719 3329 1785 3383 ἂν
1816 3314 1944 3384 ἐλά·

356 3414 575 3488 λησενῆ
604 3415 834 3488 ἔγραψε,
867 3419 1063 3488 μικρόν
1091 3435 1143 3471 τι
1174 3419 1510 3491 τῶνἊρείου
1540 3419 1941 3491 ὑπονοούμενα,

355 3506 418 3560 οὐ
457 3506 566 3578 μὴν
614 3507 757 3562 κατά
796 3507 896 3578 τὴν
943 3509 1116 3579 ἀσεϐῆ
1173 3510 1383 3563 ἐκείνου
1427 3509 1663 3576 ἔννοιαν,
1717 3510 1832 3566 ἀλλ’
1884 3512 1944 3579 ἐξ

357 3597 693 3671 ἀπεριέργου
725 3599 1050 3672 ἁπλότητος,
1080 3600 1261 3665 καθὼς
1290 3601 1386 3655 καὶ
1416 3602 1579 3666 αὐτὸς
1607 3603 1667 3656 ἐν
1698 3603 1775 3674 τῷ
1805 3603 1946 3658 ἀπο-

359 3690 634 3764 λογητικῷ
670 3691 859 3765 [αὑτοῦ
894 3691 1094 3765 λόγῳ],
1129 3685 1174 3760 ᾧ
1211 3693 1550 3764 διεπέμψατο
1579 3695 1718 3765 πρὸς
1745 3695 1809 3747 τὺ
1836 3692 1946 3748 τῶν

359 3784 654 3856 ὀρθοδόξων
698 3784 1015 3839 ἐπισκόπων
1057 3784 1234 3838 κοινὸν
1275 3785 1729 3857 μαρτυράμενος,
1772 3786 1946 3842 ταῦτα

360 3876 804 3949 ἐπληροφόρησε.
854 3877 965 3931 Καὶ
1008 3876 1299 3947 ἀληθεύειν
1343 3877 1435 3931 τὸν
1468 3877 1638 3949 ἄνδρα
1681 3876 1946 3932 ὑπολάϐοι

361 3968 472 4032 πᾶς
514 3985 599 4032 τις
632 3965 692 4022 εὖ
739 3967 974 4040 φρονῶν,
1015 3967 1175 4021 ὁπότε
1207 3967 1456 4031 σύνεστι,
1503 3969 1600 4022 καὶ
1633 3969 1694 4037 ἐξ
1733 3968 1946 4024 ἐκείνου

362 4059 654 4130 πεισθῆναι
685 4059 852 4130 μήπω
883 4059 1004 4112 τότε
1043 4057 1146 4111 πού
1169 4075 1300 4111 ποτε
1328 4059 1409 4114 τά
1428 4059 1641 4132 ’Δρείου
1668 4061 1946 4132 ἀκουσθη-

365 4151 589 4222 σόμενα.
617 4152 792 4217 Δείξει
825 4151 881 4205 δὲ
913 4151 981 4205 τά
1011 4153 1068 4205 ἐν
1105 4154 1172 4223 τῇ
1219 4152 1423 4223 συνόδῳ
1453 4155 1519 4224 τῇ
1547 4152 1692 4206 κατά
1713 4151 1814 4224 τὴν
1847 4153 1948 4205 Νι-

364 4243 543 4297 καέων
573 4243 720 4315 αὑτῷ
749 4244 1099 4314 ὴγωνισμένα
1133 4245 1274 4297 κατά
1305 4245 1406 4315 τῆς
1430 4245 1686 4310 ἀσεϐείας
1732 4246 1946 4318 ’Λρείου

365 4331 508 4403 ὑπὲρ
533 4331 636 4402 τῆς
666 4333 1032 4404 ἁποστολικῆς
1066 4333 1161 4387 καὶ
1183 4327 1470 4404 όρθοδόξου
1498 4335 1756 4400 πίστεως.
1802 4336 1944 4390 Ἀλλ’

365 4425 458 4477 ἐπὶ
503 4424 604 4496 τὴν
654 4423 979 4477 ἀκολουθίαν
1035 4428 1135 4494 τῆς
1185 4425 1647 4498 ἐκκλησιαστικῆς
1702 4429 1948 4500 ἱστορίας

2051 3239 2137 3294 nis
2187 3237 2526 3292 harmoniam
2568 3236 2726 3293 nobis
2779 3245 3166 3304 conservaret,
3211 3239 3319 3292 imo
3374 3253 3526 3304 vero,
3576 3248 3637 3293 ut

2049 3328 2211 3399 paulo
2252 3309 2393 3384 ante.
2431 3328 2568 3393 dixi,
2600 3342 2873 3383 summum
2928 3327 3167 3383 studium
3210 3337 3267 3384 et
3310 3328 3634 3385 ineﬂ'abilem

2050 3421 2254 3478 laboris
2274 3420 2489 3490 copiam
2521 3419 2589 3474 ad
2612 3419 2664 3474 id
2688 3419 3002 3475 contulerat
3026 3420 3050 3474 ?
3076 3420 3252 3476 Nemo
3276 3430 3458 3476 autem
3491 3423 3639 3476 aesti-

2051 3513 2356 3570 metvirum
2386 3514 2532 3569 hunc
2578 3525 2647 3566 ex
2681 3511 2764 3566 his
2819 3525 2940 3582 qua:
2979 3510 3049 3566 de
3097 3511 3187 3567 illo
3216 3513 3359 3566 fama
3403 3514 3639 3567 circum-

2051 3604 2321 3672 feruntur,
2383 3602 2538 3674 quasi
2571 3603 2688 3658 Arii
2746 3602 3098 3674 blasphemia:
3129 3603 3506 3670 consenserit;
3541 3604 3637 3657 sed

2052 3699 2260 3763 credat,
2286 3696 2332 3753 si
2363 3711 2484 3767 quae
2516 3695 2742 3766 protulit
2771 3695 3126 3765 autscripsit,
3151 3695 3266 3749 Arii
3299 3695 3490 3764 dogma
3517 3704 3638 3749 tan-

2055 3789 2223 3844 tillum
2259 3788 2582 3854 subolentia,
2608 3802 2672 3844 ea
2705 3803 2812 3843 non
2841 3802 2908 3842 ex
2939 3785 3104 3856 impio
3141 3787 3285 3841 illius
3317 3800 3480 3840 sensu
3511 3799 3638 3854 pro-

2057 3879 2243 3934 tulisse
2276 3893 2514 3949 unquam
2553 3886 2647 3933 aut
2677 3877 2981 3948 scripsisse,
3010 3878 3104 3932 sed
3135 3892 3200 3932 ex
3227 3878 3404 3933 minus
3423 3878 3636 3932 curiosa

2054 3987 2354 4044 parumque
2369 3973 2600 4028 sollicita
2625 3971 3010 4043 simplicitate:
3035 3980 3096 4027 ut
3127 3972 3244 4042 ipse
3269 3973 3321 4026 in
3337 3973 3476 4027 lihro
3502 3987 3638 4044 apo-

2056 4065 2309 4134 logetico,
2358 4079 2520 4135 quem
2574 4065 2642 4118 ad
2694 4063 3027 4119 orthodoxos
3104 4078 3294 4118 omnes
3354 4063 3640 4134 episcopos

2055 4158 2226 4223 misit,
2255 4157 2465 4227 plenius
2492 4157 2594 4211 ista
2629 4155 2898 4226 probavit.
2955 4155 3092 4210 Vera
3121 4165 3300 4210 autent
3330 4156 3516 4212 dicere
3543 4157 3639 4210 ho.

2057 4249 2255 4303 minem
2297 4246 2548 4315 conjiciet
2595 4248 2904 4316 quicunque
2933 4246 3171 4314 prudens
3199 4247 3639 4316 consideratqno

2059 4349 2300 4408 tempore
2329 4337 2420 4392 ille
2448 4336 2608 4402 vixit;
2640 4345 2694 4392 et
2723 4351 2791 4391 ex
2831 4336 2924 4391 illo
2965 4337 3174 4404 credat,
3222 4337 3364 4408 quod
3400 4339 3635 4394 nondum

2056 4443 2120 4484 ea
2149 4443 2270 4499 quat
2294 4438 2424 4484 sunt-
2444 4428 2582 4494 Arii,
2621 4428 2712 4484 illo
2750 4437 2990 4498 tempore
3023 4428 3208 4484 audita
3261 4445 3488 4500 usquam
3523 4431 3642 4486 fuc-

367 4515 706 4586 ὲπανίωμεν.
740 4515 850 4586 Τῆς
873 4515 967 4569 οῦν
995 4516 1100 4570 άνά
1121 4517 1221 4588 τὴν
1248 4519 1578 4591 οἰκουμένην
1621 4519 1950 4591 Ἐκκλησίας

2055 4532 2202 4574 runt.
2238 4519 2698 4576 Demonstrabunt
2726 4534 2854 4574 vero
2911 4521 3052 4574 idem
3119 4521 3365 4591 ipsiusin
3433 4526 3642 4594 synodo

366 4606 606 4676 Χριστοῦ
626 4605 719 4659 τοῦ
742 4606 998 4677 Σωτῆρος
1019 4605 1179 4677 ἡμῶν
1203 4609 1428 4679 εἰρήνην
1451 4608 1676 4680 βαθεῖαν
1694 4611 1949 4681 ἐχούσης,

369 4695 838 4767 πρυτανευθείσης
894 4697 1033 4768 αὐτῇ
1085 4698 1291 4768 ταύτης
1333 4699 1485 4770 παρά
1531 4700 1626 4753 τοῦ
1672 4701 1952 4769 παμϐασι-

366 4785 504 4848 λέως
530 4785 666 4838 Θεοῦ
684 4826 698 4848 ,
731 4785 820 4838 διὰ
847 4784 940 4837 τοῦ
975 4783 1309 4856 θεράποντος
1337 4786 1503 4838 αὑτοῦ
1541 4786 1952 4841 Κωνσταντίνου

369 4877 466 4929 καὶ
503 4875 613 4929 τῶν
643 4874 809 4930 αὑτοῦ
853 4875 1082 4941 παίδων,
1124 4875 1263 4946 μετά
1302 4874 1365 4927 τὺ
1405 4874 1709 4946 μαρτύριον
1737 4875 1831 4928 τοῦ
1863 4876 1954 4930 θε-

371 4969 599 5023 σπεσίου
634 4969 847 5039 Πέτρου
880 4967 978 5021 τοῦ
1014 4968 1115 5039 τῆς
1179 4966 1575 5038 Ἀλεξανδρέων
1621 4967 1953 5037 Ἐκκλησίας

368 5061 673 5114 ἐπισκόπου
711 5059 1008 5129 γενομένου
1031 5098 1045 5124 ,
1076 5058 1457 5122 τελειωθέντος
1499 5059 1664 5111 αὐτοῦ
1709 5061 1766 5112 ἐν
1805 5059 1954 5132 αὐτῷ

366 5152 448 5223 τῷ
478 5153 796 5224 μαρτυρίῳ,
827 5152 921 5205 καὶ
951 5150 1044 5204 τὸν
1075 5150 1180 5219 τῆς
1205 5149 1487 5221 ἀθλήσεως
1515 5150 1795 5222 ἄφθαρτον
1830 5153 1956 5205 στέ-

369 5262 543 5314 φανον
585 5244 1038 5315 ἀναδησαμένου,
1089 5242 1319 5314 χηρεύει
1355 5245 1389 5313 ἡ
1422 5244 1604 5297 ἐκεῖσε
1662 5242 1962 5315 Ἐκκλησία

371 5335 620 5389 ἐνιαυτὸν
647 5335 766 5388 ἐνα·
803 5334 943 5406 μετά
968 5333 1024 5386 δέ
1052 5334 1145 5386 τὸν
1174 5331 1422 5386 ἐνιαυτὸν
1461 5336 1850 5404 χειροτονεῖται
1882 5337 1962 5398 είς

368 5427 464 5480 τὸν
487 5427 675 5498 θρόνον
704 5425 870 5480 αὑτοῦ
894 5424 988 5480 τοῦ
1017 5424 1173 5496 ἁγίου
1205 5423 1484 5497 μάρτυρος
1513 5425 1724 5496 Πέτρου
1775 5425 1961 5496 Ἀχιλ-

371 5515 472 5584 λᾶς
491 5558 506 5585 ,
535 5518 695 5590 ἀνὴρ,
729 5516 984 5588 στιϐαρὸς
1013 5521 1108 5570 καὶ
1136 5515 1510 5589 μεγαλοφυής,
1546 5517 1846 5589 ἀγιόφρων,
1873 5519 1960 5571 εὑ-

2055 4611 2276 4668 Nictena
2307 4621 2500 4668 contra
2543 4613 2875 4682 impietatem
2910 4613 3028 4667 Arii
3083 4628 3182 4684 pro
3235 4615 3528 4683 apostolica
3587 4626 3643 4670 et

2057 4702 2359 4758 orthodoxa
2393 4702 2496 4757 ﬁde
2511 4702 2837 4758 certamina.
2877 4703 2984 4758 Sed
3036 4705 3101 4758 ad
3139 4706 3526 4762 ecclesiastica:
3562 4707 3647 4760 hi-
3755 4729 3760 4737 -

2057 4794 2240 4850 storire
2265 4793 2513 4849 ordinem
2537 4803 2895 4850 revertamur.
2933 4795 3069 4850 Cum
3105 4796 3270 4868 igitur
3291 4813 3389 4867 per
3420 4800 3644 4854 univcr-

2061 4899 2182 4938 sum
2211 4884 2397 4938 orbem
2424 4883 2671 4939 Ecclesia
2708 4885 2911 4941 Christi
2946 4886 3246 4943 Salvatoris
3311 4891 3481 4944 nostri
3514 4905 3644 4959 pro-

2063 4974 2225 5028 funda
2258 4989 2392 5045 pace
2420 4975 2701 5045 gauderet,
2736 4989 2899 5045 quam
2931 4976 3076 5032 Deus
3115 4978 3491 5035 universorum
3548 4994 3646 5034 rex

2061 5064 2110 5121 ei
2145 5075 2428 5136 paraverat
2450 5081 2547 5137 per
2573 5081 2789 5124 servum
2825 5081 2982 5121 suum
3023 5068 3438 5122 Constantinum
3500 5067 3647 5137 ejus-

2066 5174 2173 5230 que
2204 5158 2380 5228 ﬁlios;
2417 5170 2538 5230 post
2595 5159 2766 5216 divini
2798 5160 2942 5216 Petri
2990 5160 3337 5230 martyrium,
3390 5161 3481 5230 qui
3543 5158 3648 5213 fuit

2061 5250 2346 5320 episcopus
2367 5251 2623 5308 Ecclesiae
2645 5251 3048 5316 Alexandrinae,
3073 5260 3127 5306 et
3150 5251 3201 5305 in
3239 5251 3358 5321 ipso
3387 5251 3644 5324 martyrio

2062 5340 2614 5408 fuitconsummatus,
2651 5352 2705 5398 et
2734 5344 3048 5414 incorrupta
3086 5342 3168 5396 sui
3209 5341 3526 5398 certaminis
3555 5357 3645 5398 co—

2065 5445 2196 5485 rona
2232 5431 2546 5500 redimitus,
2575 5431 2733 5487 vidua
2757 5432 3017 5487 remansit
3050 5429 3301 5488 Ecclesia
3332 5429 3420 5484 illa
3442 5444 3642 5485 annum
3701 5434 3708 5438 '

2060 5538 2228 5578 unum
2281 5539 2298 5578 :
2354 5532 2634 5580 transacto
2678 5532 2859 5582 autem
2890 5539 3055 5589 anno,
3107 5523 3390 5580 ordinatur
3433 5521 3484 5576 in
3521 5522 3648 5579 sede

444 5693 518 5770 (7)
547 5696 668 5773 Lat.
717 5696 814 5750 llis
859 5707 1036 5750 autem
1067 5696 1178 5764 ipse
1209 5696 1516 5751 intereram.
1551 5693 1658 5752 Sed
1688 5696 1824 5765 haec,
1867 5712 1988 5767 qua:
2028 5706 2156 5755 sunt
2224 5697 2431 5756 inclusa
2470 5699 2808 5770 parenthesi,
2850 5715 2956 5758 non
2991 5700 3244 5773 leguntur
3290 5698 3430 5770 apud
3481 5703 3647 5756 Euse-

372 5766 543 5826 ltititlt.
583 5766 758 5822 Hann.

687 5861 956 5922 ΡΑτιιοιι.
1001 5861 1114 5921 Gn.
1160 5858 1440 5920 LXXXV.

3222 5855 3295 5917 39
