4070 6374
507 305 634 366 1227

1741 315 1745 326 ·
1777 296 2080 355 GELASII
2121 295 2464 356 CYZICENI

3639 305 3768 370 1228

505 417 677 471 sancti
715 413 968 486 martyris
1022 411 1168 466 Petri
1236 409 1498 475 Achillas,
1531 410 1613 462 vir
1650 410 1828 480 gravis
1855 421 1911 464 et
1961 426 2071 464 ma-

2179 409 2372 480 λαϐείᾳ
2399 407 2532 480 ὁμοῦ
2565 411 2656 463 καὶ
2687 407 2854 482 σοφίᾳ
2886 411 3112 485 πλείστῃ
3167 413 3263 486 ὅση
3297 413 3636 486 διαπρέπων,
3668 437 3766 476 κα-

505 508 811 580 gnauimus,
837 521 900 560 ac
927 515 1114 559 sancte
1166 504 1420 572 prudens,
1459 501 1822 572 rcligioneque
1877 505 2079 573 pariter

505 615 564 660 ac
605 599 870 668 sapientia
904 597 1138 668 plurima
1199 604 1445 658 ornatus,
1502 605 1558 648 ut
1593 595 1749 649 nobis
1792 597 1998 666 antiqui
2025 604 2080 651 et

503 691 644 746 omni
688 698 938 744 carentes
989 701 1176 742 errore
1210 687 1583 740 commentarii
1648 687 1934 742 referunt:
1989 690 2078 757 qui

502 781 666 835 multa
705 781 854 849 prius
891 779 1278 835 exhortatione
1306 794 1455 843 usus,
1506 779 1744 847 suscepit
1784 779 1971 833 Arium
2025 781 2079 835 in

501 873 743 928 ordinem
791 873 1168 928 diaconorum.
1237 871 1370 925 Cum
1422 880 1600 926 autem
1661 872 1749 927 hic
1804 874 2079 928 mensibus

501 971 714 1018 tantum
747 963 985 1033 quinque
1014 963 1425 1032 supervixisset,
1495 965 1732 1032 suscepit
1785 965 2077 1019 sacerdotii

501 1056 858 1124 principatum
891 1055 1085 1109 ibidem
1112 1054 1164 1106 in
1191 1053 1554 1108 Alexandrina
1581 1054 1819 1109 Ecclesia
1845 1055 2079 1112 Alexan-

501 1146 616 1211 der,
650 1147 732 1200 vir
754 1145 805 1199 in
833 1161 1042 1200 summo
1065 1146 1269 1200 honore
1298 1147 1364 1199 ab
1391 1147 1534 1200 omni
1573 1147 1830 1203 Ecclesiae
1861 1150 2006 1204 clero
2027 1158 2080 1204 et

502 1237 697 1307 pepulo
752 1237 992 1299 habitus,
1061 1236 1401 1305 magniﬁcus,
1466 1236 1732 1302 liberalis,
1794 1238 2075 1304 facundus,

499 1344 704 1399 :equus,
757 1329 848 1382 Dei
884 1337 1116 1392 amator,
1167 1344 1358 1384 amans
1417 1329 1718 1394 hominum,
1777 1344 2078 1401 pauperum

499 1421 797 1485 studiosus,
840 1421 1011 1474 bonus
1040 1429 1095 1474 et
1119 1430 1437 1476 mansuetus
1483 1436 1612 1492 erga
1642 1437 1850 1487 omnes,
1879 1423 1923 1476 si
1955 1423 2078 1490 quis

509 1513 682 1567 alius:
716 1512 804 1581 qui
833 1521 887 1565 et
927 1513 1041 1581 ipse
1076 1512 1267 1566 Arium
1302 1513 1607 1581 proximum
1640 1515 1740 1568 sibi
1800 1517 2081 1586 presbyte-

500 1621 615 1659 rum
649 1603 949 1658 constituit.
977 1604 1090 1657 Sub
1127 1607 1226 1658 ltoc
1250 1619 1368 1658 cum
1393 1603 1754 1660 Ecclesiarum
1777 1622 1879 1675 pax
1914 1607 2083 1677 magis

495 1708 560 1747 ac
607 1694 776 1763 magis
834 1694 1073 1763 quotidie
1138 1693 1421 1761 reluceret,
1463 1710 1584 1749 cum
1641 1697 1692 1750 in
1744 1713 1903 1751 unam
1947 1714 2081 1754 con-

2181 499 2289 564 θὼς
2327 503 2458 571 ἡμῖν
2485 501 2553 555 τὰ
2583 501 2790 556 παλαιά
2813 503 2904 556 καὶ
2928 503 3185 568 ἀπλανῶς
3235 506 3427 577 έχοντα
3457 509 3765 578 διηγοῦνται

2183 594 2614 664 συγγράμματα’
2645 595 2702 658 ὃς
2735 594 2907 650 πολλὰ
2933 598 3315 670 παρακληθεὶς
3344 599 3647 667 ὑπεδέξατο
3672 604 3762 658 τὸν

2185 687 2406 758 Ἀρειον
2446 689 2526 750 είς
2556 687 2655 758 τὴν
2689 689 2988 744 διακονίαν.
3025 690 3232 744 Τούτου
3267 692 3326 746 δὲ
3370 694 3764 761 ἐπιϐιώσαντος

2183 779 2363 848 μῆνας
2407 780 2571 834 πέντε
2617 781 2799 851 μόνον,
2837 784 3168 853 ὑποδέχεται
3203 785 3301 857 τὴν
3331 787 3432 859 τῆς
3471 790 3766 861 ἱερωσύνης

2180 871 2355 941 ἀρχὴν
2403 873 2503 942 τῆς
2557 873 2744 927 αὐτόθι
2787 875 2895 928 τῶν
2973 876 3372 948 Ἀλεξανδρέων
3442 881 3766 951 Ἐκκλησίας

2193 963 2547 1035 Ἀλέξανδρος
2571 1007 2584 1029 ,
2629 967 2768 1037 ἀνὴρ
2810 967 2991 1038 τίμιος
3031 969 3089 1022 ὲν
3135 971 3270 1023 πᾶσι
3296 1011 3310 1030 .
3348 973 3514 1026 παντὶ
3541 973 3620 1043 τῷ
3668 975 3766 1045 τῆς

2194 1054 2523 1126 Ἐκκλησίας
2565 1057 2754 1128 κλήρῳ
2785 1061 2881 1113 καὶ
2911 1059 3025 1130 λαῷ
3067 1062 3498 1134 μεγαλοπρεπὴς
3541 1063 3765 1137 [μικρο-

2185 1144 2466 1216 μεγέθης],
2500 1147 2875 1217 εύμετάδοτος,
2908 1149 3155 1216 εῦλαλος,
3188 1153 3462 1223 ἐπιεικὴς,
3499 1154 3764 1222 φιλόθεος,

2182 1234 2585 1306 φιλάνθρωπος,
2621 1239 2983 1308 φιλόπτωχος,
3017 1243 3275 1313 χρηστὸς,
3315 1246 3596 1317 προσηνὴς
3631 1249 3767 1318 πρὸς

2181 1328 2406 1392 πάντας,
2441 1329 2600 1402 εἴπερ
2627 1347 2712 1394 τις
2739 1331 2918 1396 ἄλλος’
2943 1333 3001 1396 ὃς
3028 1335 3122 1387 καὶ
3148 1336 3310 1400 αὐτὸς
3341 1339 3649 1410 κατέστησε
3677 1342 3767 1392 τὸν

2186 1419 2402 1489 ¹Ἀρειον
2441 1421 2815 1492 πρεσϐύτερον
2864 1423 3096 1493 ἔγγιστα
3141 1427 3362 1483 ἑαυτοῦ.
3415 1429 3538 1484 Ἐπὶ
3575 1432 3766 1485 τούτου

2181 1510 2283 1579 τῆς
2312 1512 2537 1583 εἰρήνης
2567 1513 2674 1566 τῶν
2730 1515 3069 1585 Ἑκκλησιῶν
3096 1519 3372 1590 ὁσημέραι
3409 1520 3486 1584 ὡς
3516 1521 3596 1575 ἔτι
3631 1523 3770 1593 μᾶλ-

2183 1603 2272 1654 λον
2312 1605 2405 1656 καὶ
2452 1605 2652 1674 μᾶλλον
2685 1606 3153 1679 λαμπρυνομένης
3176 1649 3192 1676 ,
3229 1613 3324 1664 καὶ
3349 1613 3431 1675 εἰς
3467 1614 3600 1683 μίαν
3635 1618 3769 1684 ὁμό-

2186 1710 2334 1747 νοιαν
2389 1696 2774 1768 συνεστώσης,
2830 1701 2926 1752 καὶ
2977 1703 3092 1764 τοῖς
3141 1703 3398 1768 ὲπάθλοις
3438 1706 3547 1759 τῶν
3599 1708 3769 1776 ἁγίων

495 1785 736 1839 cordiam
761 1783 1132 1852 conspirarent
1165 1799 1375 1850 omnes,
1419 1796 1473 1841 et
1516 1786 1569 1840 in
1601 1797 1908 1842 sanctorum
1935 1805 2071 1843 mar-

2187 1783 2482 1854 μαρτύρων
2505 1763 2782 1857 πανταγοῦ
2806 1788 2910 1859 γῆς
2935 1807 2995 1843 σε
3004 1763 3498 1866 μνυνομένηςονούκ
3527 1763 3770 1866 ἐνεγκὼν

497 1885 672 1944 tyrant
731 1873 968 1944 prremiis
1005 1873 1200 1942 ubique
1237 1873 1474 1927 locorum
1519 1873 1923 1944 gloriarentur:
1977 1893 2079 1932 non

496 1967 675 2020 l'erens
699 1965 944 2020 diabolus
1000 1975 1204 2020 tantum
1257 1966 1548 2021 ﬁdelissimi
1607 1967 1860 2023 Ecclesiae
1902 1971 2080 2040 populi

497 2059 546 2110 in
575 2057 781 2113 caelesti
826 2071 952 2125 erga
1010 2057 1174 2111 Deum
1235 2057 1380 2112 cultu
1421 2057 1836 2123 incrementum,
1888 2061 2078 2116 iterum

2137 1939 2142 1944 1
2183 1877 2210 1926 ὁ
2234 1874 2480 1940 διάϐολος
2503 1877 2602 1946 τὴν
2622 1880 2892 1952 τοσαύτην
2913 1881 3008 1936 τοῦ
3041 1887 3370 1940 πιστοτάτου
3400 1889 3503 1959 τῆς
3539 1891 3769 1962 Ἐκκλη-

2184 1967 2305 2030 σίας
2361 1967 2488 2020 λαοῦ
2523 1970 2614 2022 ἐπὶ
2653 1973 2719 2041 τῇ
2759 1973 2817 2025 ὲν
2874 1973 3012 2047 αὐτῇ
3058 1977 3196 2047 πρὸς
3232 1979 3324 2032 τὸν
3352 1979 3486 2033 Θεὸν
3531 1982 3770 2053 οὐρανίῳ

2182 2060 2449 2132 θρησκείᾳ
2479 2061 2730 2133 αὔξησιν,
2758 2065 2922 2120 πάλιν
2951 2066 3013 2119 ἐκ
3036 2085 3182 2134 τινος
3205 2068 3544 2139 φιλονεικίας
3570 2073 3680 2126 τῶν
3712 2077 3768 2128 ἐν

493 2164 590 2217 per
628 2149 915 2216 quamdam
970 2148 1468 2203 ecclesiasticarum
1515 2149 1913 2205 contentionem
1967 2161 2071 2205 tur-

2179 2155 2317 2224 αὐτῇ
2340 2155 2587 2226 ταραχὴν
2613 2156 2932 2226 ὑφίσταται.

495 2242 590 2294 bas
621 2240 840 2295 excitat.

1153 2353 1306 2410 CAP.
1352 2354 1417 2410 ll.

743 2467 826 2520 De
850 2466 1036 2520 Intraui
1062 2483 1095 2519 a
1129 2465 1220 2522 Dei
1259 2467 1404 2520 hoste
1435 2466 1557 2520 Aria
1599 2468 1825 2522 inventa.

564 2647 855 2719 Presbyter
875 2649 1018 2702 enim
1055 2647 1162 2712 ille,
1212 2661 1372 2716 quem
1404 2647 1716 2704 dicebamus
1747 2648 1834 2704 tali
1865 2649 2072 2707 honore

491 2740 712 2811 dignum
741 2740 1110 2794 existimatum
1146 2738 1314 2794 fuisse
1367 2739 1435 2794 ab
1468 2739 1779 2795 Alexandro
1828 2741 2068 2797 Alexan-

489 2831 623 2884 driae
651 2830 924 2898 episcopo,
948 2831 1165 2883 nomine
1183 2829 1366 2896 Arius,
1399 2831 1480 2883 vir
1508 2830 1686 2900 specie
1713 2831 1929 2901 quidem
1956 2847 2070 2886 ma-

490 2923 572 2994 gis
606 2922 746 2991 pius,
784 2932 979 2976 caetera
1004 2935 1131 2976 vero
1193 2922 1446 2976 vanitatis
1503 2931 1559 2977 et
1604 2923 1792 2993 gloriae
1838 2925 2069 2981 callidus

487 3023 719 3080 amator,
777 3012 1108 3083 cmpitcirca
1163 3013 1322 3067 ﬁdem
1364 3014 1417 3067 in
1477 3014 1750 3070 Christum
1782 3017 2064 3088 peregrina

2782 2356 3031 2411 ΚΕΦΑΛ.
3075 2355 3152 2412 B’.

2085 2483 2106 2511 ι
2177 2464 2315 2532 Περὶ
2346 2463 2458 2534 τῆς
2477 2465 3216 2546 ἐφευρεθείσηςιᾳιρέμσεως
3245 2473 3364 2526 ὑπὸ
3399 2474 3506 2528 τοῦ
3541 2475 3766 2546 Θεσμό-

2762 2555 2876 2606 χου
2920 2539 3163 2606 Ἀρείου.

2257 2647 2316 2700 Ὀ
2346 2649 2459 2719 γάρ
2489 2649 2862 2720 πρεσϐύτερος
2882 2652 3110 2718 ἐκεῖνος,
3136 2652 3194 2706 ὃν
3228 2653 3437 2726 ἔφαμεν
3462 2657 3563 2727 τῆς
3591 2661 3764 2714 τοιᾶσ-

2173 2736 2226 2790 δε
2276 2739 2540 2808 ἠξιῶσθαι
2587 2744 2753 2815 τιμῆς
2785 2745 2888 2798 ὑπὸ
2933 2746 3286 2819 Ἀλεξάνδρου
3336 2751 3430 2804 τοῦ
3463 2754 3762 2809 ἐπισκόπου

2183 2831 2628 2904 Ἀλεξανδρείας,
2673 2838 2890 2908 Ἀρειος
2921 2837 3180 2910 τοῦνομα,
3235 2842 3376 2912 ἀνὴρ
3411 2847 3761 2916 προσχήματι

2177 2925 2381 2993 μᾶλλον
2421 2928 2690 2999 εὐσεϐὴς,
2740 2931 2810 2983 τά
2855 2931 2912 2984 δὲ
2943 2932 3078 2986 ἄλλα
3120 2934 3278 3007 δόξης
3327 2936 3422 2989 καὶ
3472 2940 3761 3011 κενότητκ

2172 3015 2374 3088 θερμὸς
2423 3020 2682 3090 ἐραστὴς,
2740 3021 2944 3094 ἧρξατο
2987 3027 3282 3098 προφέρειν
3312 3028 3433 3083 τινὰ
3466 3029 3589 3094 ξένα
3629 3035 3755 3104 περὶ

485 3105 732 3175 quaedam
758 3103 1023 3174 proferre,
1055 3120 1174 3173 quae
1218 3107 1492 3175 prioribus
1528 3108 1862 3176 temporibus
1910 3125 2068 3164 nemo

2172 3107 2270 3176 τῆς
2295 3110 2375 3172 είς
2406 3111 2642 3181 Χριστὸν
2681 3113 2920 3179 πίστεως
2943 3155 2956 3180 ,
2982 3117 3018 3170 ἃ
3053 3121 3165 3183 τοῖς
3205 3118 3518 3192 ἔμπροσθεν
3543 3101 3751 3196 χρόνοις

494 3195 790 3265 quaesierat
826 3210 1065 3264 unquam
1107 3204 1200 3250 aut
1237 3198 1648 3255 introduxerat:
1695 3208 1923 3270 conatus
1949 3202 2070 3255 unl-

486 3288 731 3359 genitum
767 3286 1056 3342 Dominum
1094 3300 1339 3343 nostrum
1371 3288 1556 3345 Jesum
1585 3290 1862 3346 Christum
1907 3307 1935 3345 a
1963 3291 2068 3347 Pa-

488 3377 587 3431 tris
612 3377 870 3432 iuelIabili
902 3388 957 3432 et
979 3388 1180 3434 acterna
1234 3379 1523 3435 divinitate
1555 3395 1831 3449 separare,
1860 3398 2069 3453 magna:

487 3471 544 3522 in
573 3467 825 3523 Ecclesia
858 3471 1282 3539 perturbationis
1310 3481 1503 3526 auctor
1543 3471 1662 3524 l'uit.
1708 3471 1908 3527 Verum
1942 3475 2066 3528 dum

486 3557 797 3612 Alexander
825 3559 1064 3628 ingenita
1107 3570 1320 3615 natura:
1347 3575 1458 3615 sua:
1501 3560 1838 3631 benignitate
1879 3565 2067 3620 Arium

485 3648 541 3702 in
599 3649 789 3704 melius
843 3664 1054 3706 mutare
1103 3651 1264 3706 vellet
1311 3651 1626 3706 decentibus
1680 3653 2068 3711 admonitioni-

484 3739 610 3806 bus,
656 3741 885 3795 necdum
930 3751 1195 3797 statueret
1241 3742 1508 3797 sententia
1538 3744 1659 3798 uti:
1702 3745 1905 3802 interea
1941 3764 2069 3805 con-

485 3831 605 3901 tigit
667 3833 737 3886 ob
805 3833 942 3896 hoc,
1010 3842 1068 3886 ut
1141 3832 1410 3902 pestilenti
1479 3833 1702 3891 haeresis
1759 3837 2068 3896 calamitate

485 3923 639 3978 multi
701 3924 1139 3991 absumerentur,
1191 3936 1244 3981 et
1285 3935 1539 3998 tanquam
1591 3941 1658 3984 ex
1702 3945 1866 4001 parva
1927 3935 2069 3988 scin-

487 4014 596 4070 tilla
629 4031 860 4084 magnus
887 4017 1028 4086 ignis
1079 4019 1495 4078 accenderetur.
1556 4020 1758 4077 Malum
1803 4025 2070 4096 incipiens

473 4105 553 4160 .ah
579 4106 1068 4162 Alexandrinorum
1097 4108 1362 4177 Ecclesia,
1411 4111 1594 4180 plures
1639 4114 1780 4170 alias
1823 4117 2071 4174 civitates

481 4207 644 4264 atque
680 4198 990 4265 provincias
1019 4200 1390 4268 percurrebat.
1447 4199 1730 4256 Postremo
1764 4217 1888 4259 cum
1921 4206 2070 4262 vide-

485 4297 566 4342 ret
597 4287 913 4343 Alexandcr
948 4290 1148 4344 malum
1182 4291 1233 4343 in
1266 4288 1421 4357 pejus
1454 4293 1742 4360 progredi,
1805 4297 2068 4364 synodum

480 4377 858 4448 subjectorum
892 4381 995 4436 sibi
1030 4381 1406 4448 episcoporum
1429 4394 1760 4449 convocans,
1788 4395 1844 4438 et
1871 4386 2062 4441 Arium

2167 3199 2343 3263 οὐδεὶς
2366 3201 2585 3256 πώποτε
2608 3205 2893 3276 ἐζήτησεν,
2928 3208 2960 3278 ἢ
2991 3212 3447 3283 παρεισήνεγκεν·
3475 3217 3756 3290 ἐπιχειρή-

2171 3306 2270 3353 σας
2311 3292 2402 3345 τὺν
2436 3298 2700 3366 μονογενῆ
2734 3298 2939 3370 Κύριον
2987 3301 3141 3371 ἡμῶν
3184 3303 3397 3374 Ἰησοῦν
3419 3307 3651 3378 Χριστὸν
3682 3310 3759 3364 δι-

2168 3381 2308 3433 ελεῖν
2347 3383 2446 3453 τῆς
2479 3385 2574 3438 τοῦ
2609 3388 2825 3459 Πατρὸς
2853 3391 3096 3462 ἀρρήτου
3127 3395 3220 3447 καὶ
3249 3395 3422 3450 ἀϊδίου
3463 3398 3720 3471 θεότητος
3742 3447 3758 3470 ,

2169 3471 2370 3543 πολλῆς
2396 3477 2537 3528 κατὰ
2565 3478 2664 3547 τὴν
2706 3478 3036 3551 Ἐκκλησίαν
3067 3485 3358 3556 παραίτιος
3387 3491 3634 3561 ταραχῆς
3665 3493 3759 3560 γέ-

2168 3578 2340 3631 γονεν.
2389 3566 2550 3621 Ἀλλὰ
2577 3569 2641 3642 δὴ
2669 3570 2763 3624 τοῦ
2801 3572 3173 3647 Ἀλεξάνδρου,
3205 3581 3474 3652 πραότητι
3518 3583 3759 3652 φύσεως,

2166 3657 2258 3709 τὸν
2293 3659 2510 3727 Ἀρειον
2539 3663 2631 3716 ἐπὶ
2649 3663 2709 3716 τὸ
2731 3664 2954 3736 ἄμεινον
2988 3669 3235 3736 θέλοντος
3267 3675 3598 3744 μεταϐαλεῖν
3629 3696 3758 3748 πρε-

2169 3748 2401 3814 πούσαις
2419 3755 2796 3824 παραινέσεσι,
2825 3760 3050 3830 μηδέπω
3075 3761 3130 3815 δὲ
3161 3764 3446 3835 κρίνοντος
3477 3768 3759 3837 ἀποφάσει

2169 3842 2511 3912 χρήσασθαι,
2546 3846 2682 3912 τέως
2713 3850 3068 3921 ἐπινέμεσθαι
3099 3853 3188 3906 διὰ
3217 3856 3378 3910 τοῦτο
3405 3858 3638 3924 πολλοὺς
3657 3863 3759 3933 τὴν

2169 3932 2422 4006 λοιμικὴν
2465 3939 2789 4008 περίστασιν
2823 3943 2924 4013 τῆς
2963 3945 3228 4016 αἱρέσεως
3272 3949 3518 4019 γέγονεν,
3562 3932 3757 4009 ἔπειτα

2169 4023 2242 4086 ὡς
2289 4026 2398 4079 άπὸ
2454 4029 2653 4100 μικροῦ
2707 4033 3007 4104 σπινθῆρος
3065 4039 3210 4107 μέγα
3264 4041 3374 4112 πῦρ
3426 4041 3754 4112 έξαφθῆναι.

2184 4114 2513 4188 Ἀρξάμενόν
2539 4138 2596 4174 τε
2625 4121 2686 4175 τὸ
2716 4125 2886 4177 κακὸν
2915 4127 3023 4180 ἀπὸ
3055 4129 3152 4199 τῆς
3195 4131 3595 4203 Ἀλεξανδρέων
3631 4136 3754 4190 Ἐκ-

2170 4206 2425 4277 κλησίας,
2461 4211 2554 4263 καὶ
2589 4214 2730 4267 κατὰ
2762 4217 2946 4281 πόλεις
2994 4218 3160 4284 ἄλλας
3220 4223 3315 4275 καὶ
3361 4226 3637 4296 ἐπαρχίας
3674 4229 3752 4280 δι·

2171 4297 2377 4368 έτρεχε.
2414 4301 2614 4366 Τέλος,
2651 4304 2727 4368 ὡς
2774 4308 2972 4362 ένείδεν
3022 4312 3116 4363 ἐπὶ
3161 4312 3224 4365 τὸ
3258 4316 3443 4384 χεῖρον
3469 4316 3531 4369 τὸ
3581 4319 3751 4373 κακδι.

2172 4391 2416 4461 προϊέναι
2437 4433 2452 4460 ,
2491 4395 2709 4448 σύνοδον
2739 4399 2848 4451 τῶν
2877 4403 2967 4455 ὑπ’
3004 4402 3168 4457 αὑτὸν
3197 4405 3520 4462 ἐπισκόπων
3546 4427 3750 4482 συστη·

479 4469 785 4521 sacerdotio
820 4469 1103 4536 dejiciens,
1136 4468 1250 4521 suis
1288 4466 1508 4537 collegis
1551 4469 1818 4526 rationem
1876 4475 2057 4532 reddi-

2172 4455 2448 4552 σάμενος,
2486 4488 2579 4540 καὶ
2633 4489 2880 4546 καθελὼν
2931 4495 3022 4549 τὸν
3090 4497 3336 4569 Ἀρειον,
3399 4501 3623 4554 δίδωσιν
3667 4455 3748 4565 είς

476 4558 593 4612 dit:
643 4568 698 4614 et
733 4574 854 4626 qua:
883 4568 1088 4628 contra
1129 4558 1322 4612 Arium
1357 4555 1532 4613 fusius
1581 4574 1880 4629 exponens,
1933 4575 2052 4622 stu-

476 4649 734 4718 diumque
787 4649 1154 4718 exstirpanda:
1204 4648 1432 4704 haeresis
1475 4649 1542 4705 iis
1571 4651 1842 4723 injicieus,
1892 4667 1950 4712 ut
1983 4660 2051 4714 ad

471 4737 1208 4808 judiciumpraepararentur,
1246 4737 1392 4805 ipsos
1414 4740 1756 4812 adhortatur,
1797 4746 1851 4802 in
1909 4747 2055 4805 hunc

457 4827 694 4882 modum
721 4830 789 4884 ad
816 4843 911 4883 eos
935 4827 1180 4884 scribens
1215 4845 1231 4882 ς

1131 5048 1280 5104 CAP.
1316 5047 1399 5106 Ill.

2159 4575 2288 4639 τοὺς
2335 4578 2782 4652 συλλειτουργοὺς
2825 4585 2924 4656 τὴν
2979 4588 3238 4645 ὑπόθεσιν
3287 4593 3315 4644 ὁ
3369 4591 3748 4665 Ἀλέξανδρος,

2159 4667 2494 4742 πλατύτερόν
2541 4689 2599 4726 τε
2648 4677 2717 4729 τὰ
2767 4678 2909 4732 κατὰ
2964 4681 3056 4734 τὸν
3116 4684 3336 4755 Ἀρειον
3382 4686 3747 4753 ὲκτεθεικὼς,

2161 4759 2400 4830 σπουδήν
2445 4780 2503 4814 τε
2534 4766 2697 4830 ὲνιεὶς
2736 4770 2871 4840 πρὸς
2905 4773 3186 4845 ἀναίρεσιν
3218 4778 3315 4847 τῆς
3345 4779 3619 4847 αἱρέσεως
3661 4783 3748 4842 είς

2160 4851 2512 4923 παρασκευὴν
2562 4855 2661 4925 τῆς
2703 4857 3051 4927 διαγνώσεως
3099 4863 3295 4930 αὐτοὺς
3351 4868 3746 4939 ἑτοιμάζεσθαι

2158 4942 2612 5011 παρακελεύεται,
2646 4949 2863 5018 γράψας
2905 4952 3041 5021 πρὸς
3070 4954 3272 5020 αὐτοὺς
3297 4958 3479 5012 τοιάδε
3505 4975 3520 4991 ⁸

2754 5065 3006 5122 ΚΕΦΑΛ.
3045 5069 3122 5123 I".

474 5158 704 5228 Dejectio
727 5149 846 5214 'Arii
884 5172 929 5215 el
957 5163 1221 5217 sociorum
1254 5165 1388 5234 ejus,
1423 5167 1584 5221 missa
1629 5167 1694 5219 ab
1736 5166 2053 5225 Alexandro

849 5235 1083 5261 ηιςῖορηηη
1115 5237 1349 5261 ιιι-...ΖΙ--.ρ
1384 5237 1630 5261 -..ἔ--,.-.ζ-

2172 5174 2578 5261 Καθρξρετικὸγ
2618 5176 2838 5261 Ἀρείργ
2869 5181 2969 5261 καί
2993 5181 3115 5261 τῷν
3140 5185 3267 5261 σὺν
3288 5185 3466 5253 αὐτῷ,
3491 5188 3745 5261 διαπεμ-

845 5235 1084 5302 episcOpo
1111 5237 1349 5288 omnibus
1377 5237 1650 5306 episcopis.

2225 5242 2374 5325 ξοὲγ
2413 5247 2572 5325 παρῤ
2625 5242 3016 5325 Ἀλεξάνδρου
3047 5254 3388 5312 ἐπισκόπου
3416 5242 3428 5253 ’
3449 5242 3743 5325 Ἆλεξάῖξ-

2224 5312 2428 5381 ὀρείας
2453 5312 2578 5381 τοῖς
2609 5312 2961 5389 ἁπανταχοῦ
2993 5323 3351 5392 ἐπισκόποις

471 5405 816 5511 Charissimis
851 5413 1382 5511 ItonOIthissimisqté‘e
1413 5416 1694 5511 ςῖαξνὶὺιιιξν
1715 5420 2044 5501 ﬂm'_u'15fl"€

2172 5422 2310 5504 Γοῖς-
2326 5425 2654 5511 ὰγςιπητοῖς
2685 5431 2784 5510 acle
2827 5431 3199 5511 ζιμιωτᾴτοις
3215 5440 3742 5511 μσυλλειτουργοῗς

542 5477 768 5547 gentium
795 5493 914 5536 sunt
932 5487 1196 5538 nobiscum
1229 5477 1570 5539 iu'Ecc'lesia:
1598 5477 1887 5544 ministerio
1919 5477 2044 5546 con-

535 5550 729 5619 juncti,
759 5552 1060 5607 Alexander
1085 5557 1304 5609 salutent
1349 5557 1405 5608 in
1435 5555 1680 5611 Domino.

2216 5495 2899 5581 ξρζςηὰπιένταχιοῦ-τῆξ·
2949 5495 3276 5581 καθ-ολικῆς
3336 5495 3739 5581 Ἐκκληξγῗαςξ

2225 5563 2715 5633 Ἀλέξανδροςὲν
2744 5563 2938 5640 Κυρίῳ
2965 5575 3212 5642 χαιζρειν.

821 5685 978 5752 (Vide
1015 5681 1238 5754 huiusce
1268 5685 1596 5758 Patrologiae
1629 5699 1762 5747 tom.
1805 5692 2016 5762 LXV“,
2049 5699 2158 5753 col.
2196 5699 2388 5767 43-51,
2423 5703 2564 5769 apud
2593 5702 2747 5762 Socr.
2783 5705 2875 5763 lib.
2914 5723 2928 5761 ι
2966 5707 3101 5764 Ilisl.
3134 5725 3252 5777 cap.
3287 5712 3363 5777 6.)
