4070 6436
366 430 502 500 1229

965 549 1211 605 ΚΕΦΑΛ.
1254 551 1327 605 A'.

374 661 700 730 Ἐπιστολὴ
745 664 1205 718 Κωνσταντίνου
1248 665 1558 730 ,ϐασιλέως
1598 665 1746 730 πρὸς
1789 662 1941 717 Ἀλέ-

434 730 698 814 ξανδρον
739 732 842 814 καί
872 733 1101 814 Ἄρειον
1138 733 1573 814 διαπεμξρύεῖσα
1609 732 1707 786 διὰ
1741 734 1946 787 Ὀσίου

430 801 767 857 ἐπισκόπου
791 802 1149 871 Κορδούϐης.

363 916 625 987 Νικητὴς
641 918 1114 987 Κωνσταντῗνος,
1129 918 1431 987 μέγιστος,
1448 919 1765 984 σεϐαστός,
1794 918 1947 971 Ἀλε-

823 986 1062 1057 ξάνδρῳ
1109 986 1211 1041 καί
1250 988 1470 1055 Ἀρείῳ.

1246 436 1609 499 HISTORIA
1651 433 1985 497 CONCILII
2019 432 2327 494 ΝΙΟίΕΝῐ.
2358 457 2427 467 --
2466 434 2612 493 LIB.
2661 434 2741 493 II.
2844 464 2859 471 κ

3494 426 3626 489 1230

2693 545 2842 599 CAP.
2889 545 2977 600 IV.

2056 633 2293 703 Epistola
2327 634 2663 703 imperatoris
2700 633 3036 689 Constantini
3069 635 3155 703 _ad
3188 631 3546 685 Alexandrum
3579 639 3628 684 et

2158 705 2342 757 Arium
2376 701 2467 772 per
2495 702 2679 758 Osium
2712 707 3010 774 episcolium
3048 701 3312 758 Corduba:
3337 704 3521 755 missa.

2060 907 2243 965 Victor
2277 910 2675 979 Constantinus,
2703 911 2988 975 maximus,
3021 888 3299 980 angustus,
3333 906 3631 961 Alexandro

2726 991 2775 1034 et
2812 983 2957 1035 Ario.

382 1098 547 1171 (Vide
586 1097 809 1168 hujusce
843 1097 1163 1169 Patrologite
1219 1107 1349 1151 tom.
1579 1101 1694 1171 col.
1728 1095 2256 1171 ίρῶίςιθίεηεριιιι
2314 1096 2656 1171 lin-ebuli!»
2688 1110 2727 1149 tt
2761 1095 2856 1171 pe
2881 1097 2989 1150 vita
3043 1094 3318 1149 Constant.
3354 1109 3470 1162 cap.
3521 1091 3632 1164 69;

1210 1178 1341 1221 tom.
1373 1166 1581 1233 LXVII,
1614 1167 1912 1231 col.55—60,
1951 1168 2093 1236 apud

974 1305 1203 1358 ΚΕΦΑΛ
1216 1344 1229 1358 .
1274 1304 1350 1359 E'.

366 1420 561 1503 Ὅπου
599 1420 632 1503 ρ
654 1398 1464 1503 ’θεοφιλέσξτιτος.βρῖ7ἐλείζς
1497 1414 1951 1503 literatur-2.77%

436 1488 705 1544 σύνοδον
747 1484 1096 1542 ἐπισκόπων
1122 1487 1219 1539 ἐπὶ
1251 1486 1358 1555 τῆς
1403 1484 1673 1541 Νικαέων
1718 1485 1952 1539 κελεύει

436 1557 740 1629 γενέσθαι.
1416 1576 1421 1581 λ

446 1671 622 1742 ὐρῶν
648 1672 830 1727 τοίνυν
873 1672 901 1725 ό
933 1670 1187 1745 βασιλεὺς
1235 1668 1645 1742 ταραττομένην
1689 1669 1789 1738 τὴν
1831 1669 1950 1721 Ἑκ-

368 1763 619 1836 κλησίαν,
653 1764 873 1819 σύνοδον
892 1764 1282 1835 οίκουμενικὴν
1315 1764 1630 1832 συγκροτεῖ,
1662 1762 1789 1825 τοὺς
1813 1775 1950 1812 παν-

2171 1181 2283 1219 ocr.
2318 1166 2408 1220 lib.
2450 1182 2463 1219 ι
2502 1165 2641 1219 Hist.
2674 1182 2721 1220 c.
2761 1166 2837 1237 7.)

2714 1304 2866 1360 CAP.
2911 1305 2973 1358 V.

2058 1416 2334 1482 Quomodo
2383 1421 2673 1487 imperator
2721 1419 3099 1474 Constantinus
3141 1420 3246 1474 Deo
3293 1421 3638 1475 charissima:

2128 1490 2384 1558 synodum
2413 1492 2778 1559 episcoporum
2816 1489 3015 1544 Nicww
3042 1490 3297 1544 celebrari
3322 1492 3566 1560 jusserit.

2129 1665 2264 1719 Cum
2308 1665 2521 1721 videret
2565 1667 2861 1737 imperator
2910 1667 3282 1738 perturbatam
3316 1666 3639 1731 Ecclesium,

2059 1757 2348 1811 concilium
2390 1757 2648 1827 generale
2696 1766 2980 1821 convocat,
3041 1758 3323 1827 episcopos
3373 1758 3642 1812 undecun-

364 1858 594 1929 ταχόθεν
624 1858 959 1921 ἐπισκόπους
984 1857 1074 1911 διὰ
1107 1854 1456 1927 γραμμάτων
1477 1855 1558 1916 είς
1589 1852 1826 1905 Νίκαιαν
1853 1849 1951 1920 τῆς
1984 1852 1986 1858 ’

2070 1866 2160 1920 lue
2189 1867 2284 1923 per
2308 1853 2542 1918 litteras,
2572 1863 2630 1908 ut
2660 1852 2894 1909 Nicaeam
2926 1852 3195 1926 Bithyniae
3222 1863 3636 1917 concurrerent,

366 1942 622 2011 Βιθυνίας
660 1947 971 2018 ἀπαντῆσαι
1035 1945 1388 2018 παρακαλῶν.
1432 1940 1542 1997 Ἦν
1578 1942 1635 1996 δὲ
1674 1941 1823 2012 αὐτῷ
1860 1942 1955 1994 ἐκ·

368 2039 692 2095 καιδέκατον
732 2038 855 2102 ἔτος
903 2038 999 2092 καὶ
1038 2039 1207 2109 μῆνες
1254 2035 1313 2103 ἒξ
1362 2035 1460 2106 τῆς
1510 2034 1822 2105 βασιλείας,
1866 2034 1955 2085 ὅτε

367 2131 542 2187 ταῦτα
583 2129 733 2202 αὐτῷ
766 2130 906 2200 ὑπὲρ
945 2130 1045 2201 τῆς
1096 2129 1563 2197 ἐκκλησιαστικῆς
1610 2126 1835 2196 εἰρήνης
1863 2126 1956 2178 ἐσ-

370 2224 665 2279 πούδαστο.
695 2222 960 2294 Παρῆσαν
986 2238 1048 2274 τε
1086 2223 1151 2275 ἐκ
1191 2219 1406 2273 πολλῶν
1451 2216 1735 2289 ἐπαρχιῶν
1771 2232 1830 2269 τε
1865 2215 1959 2269 καὶ

369 2315 583 2371 πόλεων
611 2317 661 2369 oi
705 2314 1025 2377 ἐπίσκοποι,
1063 2311 1193 2383 περὶ
1219 2303 1294 2366 ὧν
1325 2311 1353 2363 ὁ
1390 2309 1679 2381 Παμφίλου
1702 2306 1960 2371 Εὐσέϐιος

371 2408 430 2460 ἐν
454 2405 533 2476 τῷ
568 2405 739 2477 τρίτῳ
774 2403 967 2475 βιϐλίῳ
999 2401 1111 2456 τῶν
1138 2402 1218 2467 είς
1250 2400 1342 2453 τὸν
1371 2398 1786 2455 Κωνσταντίνου
1818 2396 1957 2468 βίον,

370 2500 495 2555 τάδε
522 2498 664 2553 κατὰ
689 2498 835 2564 λέξιν
865 2496 1030 2569 φησίν
1057 2512 1070 2530 ⁸
1109 2494 1231 2549 Τῶν
1268 2491 1402 2563 γοῦν
1444 2490 1787 2561 Ἐκκλησιῶν
1818 2490 1961 2543 ἀπα-

372 2590 503 2657 σῶν,
554 2589 611 2644 αἳ
655 2589 754 2661 τὴν
787 2587 1061 2660 Εὐρώπην
1092 2586 1336 2651 ἃπασαν,
1376 2584 1583 2655 Λιϐύην
1627 2602 1687 2638 τε
1729 2584 1823 2639 καὶ
1862 2584 1962 2651 τὴν

384 2681 573 2737 Ἀσίαν
615 2680 912 2751 ἐπλήρουν,
962 2678 1098 2749 ὁμοῦ
1128 2675 1364 2748 συνῆκτο
1398 2676 1507 2729 τῶν
1548 2674 1645 2730 τοῦ
1685 2673 1820 2728 Θεοῦ
1854 2673 1963 2726 λει-

370 2767 621 2839 τουργῶν
647 2769 715 2822 τὰ
739 2767 1046 2837 ἀκροθίνια·
1076 2763 1157 2829 εἷς
1183 2783 1243 2819 τε
1260 2760 1408 2828 οἶκος
1434 2765 1742 2836 εὐκτήριος,
1774 2762 1963 2835 ὥσπερ

374 2863 440 2914 ἐκ
462 2858 598 2913 Θεοῦ
643 2857 1079 2928 πλατυνόμενος,
1114 2856 1263 2910 ἔνδον
1310 2856 1511 2926 ἐχώρει
1554 2854 1697 2909 κατὰ
1736 2855 1798 2908 τὸ
1833 2852 1965 2909 αὐτὸ

376 2948 584 3020 Σύρους
618 2966 677 3001 τε
718 2947 836 3018 ἃμα
877 2947 971 2999 καί
1001 2944 1255 3008 Κίλικας,
1290 2943 1543 3006 Φοίνικάς
1576 2960 1633 2995 τε
1666 2943 1760 2995 καὶ
1793 2943 1963 3014 ’Ἄρα-

376 3041 479 3104 ϐας
514 3041 609 3093 καὶ
640 3038 1059 3100 Παλαιστίνους,
1104 3038 1199 3089 καί⁸
1234 3035 1328 3088 ἐπὶ
1359 3034 1571 3097 τούτοις
1609 3032 1961 3103 Αἰγυπτίους,

374 3130 670 3202 Θηϐαίους,
707 3127 934 3195 Λίϐυας,
984 3126 1113 3191 τούς
1138 3144 1197 3180 τε
1244 3128 1308 3180 ἐκ
1343 3127 1517 3197 μέσης
1556 3124 1667 3180 τῶν
1697 3123 1964 3195 ποταμῶν

374 3218 751 3294 ὁρμωμένους.
783 3218 922 3289 Ἤδη
948 3216 1005 3271 δὲ
1030 3218 1125 3272 καὶ
1154 3217 1371 3289 Πέρσης
1407 3216 1707 3278 ἐπίσκοπος
1732 3218 1798 3285 τῇ
1831 3232 1965 3268 συν-

375 3314 480 3384 όδῳ
526 3313 730 3384 παρῆν,
753 3311 877 3365 οὐδέ
920 3310 1135 3382 Σκύθης
1160 3309 1572 3380 ἅπελιμπάνετο
1598 3311 1696 3379 τῆς
1726 3308 1960 3379 χορείας·

378 3406 580 3467 Πόντος
608 3421 669 3457 τε
700 3388 807 3457 κατ
841 3402 1020 3468 Ἀσία,
1049 3401 1261 3476 Φρυγία
1285 3418 1347 3454 τε
1382 3401 1479 3454 καί.
1517 3398 1811 3470 Παμφυλία
1841 3401 1966 3463 τοὺς

381 3499 512 3570 παρ’
548 3498 732 3560 αὐτοῖς
768 3497 1035 3568 παρεῖχον
1081 3495 1390 3566 ἐκκρίτους.
1428 3493 1588 3547 mm
1618 3494 1710 3547 καὶ
1751 3492 1968 3564 Θρᾷκες

378 3589 477 3645 καὶ
505 3585 838 3649 Μακεδόνες.
889 3584 1097 3657 Ἀχαιοί
1121 3600 1180 3639 τε
1210 3584 1305 3638 καί¹
1360 3583 1716 3654 Ἠπειρῶται,
1761 3585 1809 3635 οί
1841 3579 1964 3654 [αὐε-

378 3678 509 3754 τῶν]
537 3678 619 3734 ἔτι
642 3679 720 3750 (8)
746 3677 1087 3750 προσωτάτω
1114 3674 1391 3739 οἰκοῦντες
1413 3676 1690 3746 ἀπήντων.
1715 3674 1888 3738 Αὐτός
1907 3691 1967 3728 τε

382 3773 612 3829 Σπάνων
641 3774 671 3826 ό
709 3772 851 3826 πάνυ
882 3769 1156 3842 βοώμενος
1191 3771 1221 3823 ό
1251 3768 1464 3834 Ὅσιος,
1504 3765 1718 3838 ἐπέχων
1750 3766 1847 3821 καὶ
1876 3766 1967 3820 τὸν

380 3867 546 3923 τόπον
599 3866 697 3921 τοῦ
725 3864 828 3937 τῆς
872 3864 1138 3936 μεγίστης
1174 3862 1397 3934 Ῥώμης
1445 3862 1746 3917 ἐπισκόπου
1777 3859 1967 3913 Σιλϐέ-

384 3950 569 4032 στρου,
610 3959 707 4013 σὺν
735 3956 1132 4030 πρεσϐυτέροις
1168 3955 1388 4026 Ῥώμης
1413 3954 1608 4008 Βίτωνι
1641 3954 1737 4008 καὶ
1780 3954 1967 4007 Βικεν-

380 4053 503 4123 τίῳ,
534 4054 645 4116 τοῖς
687 4049 907 4113 πολλοῖς
934 4048 1052 4121 ἅμα
1079 4047 1439 4119 συνεδρεύων.
1487 4047 1600 4117 Τῆς
1635 4063 1697 4100 τε
1734 4044 1831 4101 νῦν
1872 4047 1970 4117 βα-

384 4140 704 4211 σιλευούσης
733 4140 944 4203 πόλεως
974 4142 1003 4193 ό
1040 4139 1141 4209 μὲν
1166 4137 1469 4219 προεστέὶις,
1501 4138 1872 4209 Μητροφάνης
1892 4138 1967 4208 (9)

383 4231 646 4303 τοῦνομα,
678 4232 768 4286 διὰ
795 4232 976 4303 γῆρας
1022 4230 1260 4302 ὑστέρει,
1304 4230 1670 4302 πρεσϐύτεροι
1702 4229 1762 4283 δὲ
1802 4229 1969 4283 αὑτοῦ

386 4326 658 4400 παρόντες
692 4326 794 4395 τὴν
818 4324 984 4378 αὐτοῦ
1021 4322 1173 4388 τάξιν
1207 4323 1445 4377 ἐτέλουν.
1488 4316 1591 4375 Ὧν
1628 4322 1657 4375 ὁ
1690 4317 1775 4386 εἷς
1818 4322 1969 4377 Ἀλέ-

387 4417 614 4489 ξανδρος
639 4413 732 4490 ἦν,
762 4418 791 4470 ό
827 4417 946 4487 μετ’
990 4418 1153 4471 αὑτὸν
1190 4416 1492 4479 ἐπίσκοπος
1520 4414 1621 4484 τῆς
1666 4413 1837 4484 αὐτῆς
1880 4429 1970 4483 γε·

387 4509 562 4580 γονὼς
583 4510 812 4573 πόλεως.
842 4509 1095 4564 Τοιοῦτον
1120 4509 1278 4579 μόνος
1307 4507 1366 4574 ἐξ
1396 4508 1594 4570 αίῶνος
1612 4501 1693 4571 εἷς
1720 4504 1973 4577 βασιλεὺς

389 4602 802 4664 Κωνσταντίνος
859 4597 1083 4670 Χριστῷ
1139 4598 1405 4666 στέφανον
1471 4596 1658 4667 δεσμῷ
1725 4595 1974 4666 συνάψας

388 4693 640 4765 εἰρήνης,
662 4691 741 4763 τῷ
761 4690 928 4745 αὐτοῦ
954 4689 1168 4760 Σωτῆρι
1198 4689 1299 4759 τῆς
1334 4687 1460 4741 κατ’
1497 4687 1708 4759 ἐχθρῶν
1739 4687 1837 4741 καί.
1880 4704 1978 4742 πο-

389 4784 598 4855 λεμίων
649 4783 811 4853 νίκης
858 4781 1164 4851 θεοπρεπὲς
1208 4779 1445 4834 ἀνετίθει
1485 4780 1864 4850 χαριστήριον,
1895 4782 1975 4832 sl—

389 4874 524 4929 κόνα
549 4874 772 4946 χορείας
793 4870 1184 4941 ἀποστολικῆς,
1208 4869 1411 4940 ταύτην
1441 4870 1566 4924 καθ’
1600 4871 1750 4941 ἡμᾶς
1777 4887 1978 4942 συστη-

393 4965 651 5037 σάμενος.
699 4966 856 5019 Ἐπεὶ
893 4963 990 5019 καὶ
1034 4963 1156 5017 κατ’
1195 4962 1442 5025 ἐκείνους
1487 4961 1773 5032 συνῆχθαι,
1800 4960 1981 5032 λόγος,

391 5058 503 5112 ἀπὸ
525 5056 729 5120 παντὸς
758 5055 947 5120 ἔθνους
970 5054 1080 5108 τῶν
1114 5053 1222 5107 ὑπὸ
1240 5052 1333 5107 τὸν
1347 5053 1579 5125 οὐρανὸν
1600 5052 1802 5123 ἄνδρας
1824 5052 1985 5106 εὐλα-

392 5150 506 5210 ϐεῖς
543 5145 729 5212 καθὼς
757 5149 819 5201 ἐν
849 5150 972 5212 ταῖς
1010 5146 1248 5219 Πράξεσι
1286 5145 1397 5199 τῶν
1444 5144 1780 5210 ἀποστόλων,
1816 5146 1875 5199 ἐν
1902 5138 1985 5208 οἷς

393 5236 694 5309 ἐτύγχανον
742 5237 957 5310 Πάρθοι
999 5238 1092 5294 καὶ
1130 5236 1308 5306 Μῆδοι
1342 5235 1439 5289 καὶ
1493 5235 1803 5305 Ἐλαμῖται.
1836 5234 1982 5304 Πλὴν

392 5329 520 5386 ὅσον
542 5330 778 5394 ἐκείνοις
810 5331 909 5402 μέν
941 5331 1242 5399 ὑστερείτο,
1281 5328 1358 5399 μὴ
1388 5329 1453 5381 ἐκ
1482 5326 1620 5380 Θεοῦ
1650 5324 1984 5397 λειτουργῶν

468 5486 512 5518 ³⁷
549 5485 684 5556 Cap.
718 5484 750 5538 7
789 5492 845 5540 et
872 5498 1028 5556 seqq.

468 5620 550 5743 (82
587 5620 879 5687 Eusebius,
913 5620 1133 5676 Τούτων
1168 5621 1214 5676 θ’
1244 5622 1295 5675 oi
1316 5619 1437 5677 ἐτιι
1470 5630 1525 5677 et
1552 5621 1625 5677 al.
1661 5633 1817 5686 mox;
1847 5621 1978 5690 ποῤ-

468 5707 511 5743 ιτ
551 5707 652 5743 τω.
683 5691 857 5743 Hann.

400 5691 652 5764 ρωτάτω.
670 5691 857 5764 lituo.

470 5760 551 5831 (9)
586 5758 837 5831 Episcopi
869 5776 1062 5831 nomen
1096 5777 1203 5817 non
1236 5762 1396 5817 habet
1438 5760 1852 5831 Eusebius,7aut
1878 5758 1983 5814 80-

404 5842 580 5891 crates
604 5830 698 5886 :iu
732 5830 881 5887 ιηιι.
917 5830 1154 5903 Tripart.
1185 5831 1278 5888 lib.
1320 5847 1377 5897 ιι.
1404 5847 1523 5903 cap.
1556 5834 1607 5901 1,
1635 5830 1979 5904 ex.Socrate,

2058 1945 2373 2000 exhortans.
2399 1946 2673 2017 Agebatur
2713 1955 2895 2001 autem
2933 1947 3083 2017 regni
3110 1946 3228 2015 ejus
3253 1961 3428 2001 annus
3455 1957 3640 2001 sextus

2060 2035 2320 2101 decimus,
2359 2046 2414 2089 et
2453 2036 2658 2092 mensis
2696 2047 2958 2106 prteterea
3001 2047 3207 2101 sextus,
3255 2052 3376 2091 cum
3426 2037 3539 2091 inec
3569 2037 3637 2089 ah

2062 2126 2153 2181 illo
2212 2142 2310 2198 pro
2361 2127 2620 2183 Ecclesiae
2671 2142 2803 2198 pace
2861 2143 3070 2182 summa
3128 2143 3257 2183 cura
3323 2129 3642 2195 agebantur.

2061 2219 2301 2273 Aderant
2330 2225 2514 2272 autem
2543 2233 2608 2274 ex
2635 2218 2881 2288 pluribus
2910 2219 3211 2289 provinciis
3242 2226 3295 2273 et
3325 2217 3642 2272 civitatibus

2060 2308 2324 2379 episcopi,
2358 2310 2425 2364 de
2464 2310 2663 2380 quibus
2692 2311 2958 2366 Eusebius
2992 2310 3260 2381 Pamphili
3314 2311 3452 2366 lihro
3485 2313 3644 2368 tertio

2062 2400 2130 2455 de
2183 2400 2292 2454 vita
2345 2400 2711 2468 Constantini,
2755 2402 2871 2459 haec
2909 2403 3022 2471 ipsa
3046 2404 3205 2458 verba
3243 2401 3407 2458 refert
3436 2403 3483 2434 ’⁷
3520 2420 3533 2457 :
3568 2400 3649 2457 Ex

2064 2491 2319 2547 omnibus
2379 2491 2657 2560 Ecclesiis,
2707 2509 2835 2564 qua;
2909 2494 3224 2565 frequentes
3273 2498 3326 2552 in
3379 2506 3487 2551 tota
3536 2496 3645 2551 Eu-

2066 2595 2218 2651 rOpa,
2265 2581 2452 2638 Africa
2501 2594 2558 2639 et
2606 2585 2735 2639 Asia
2788 2586 3143 2651 exstiterunt,
3191 2588 3281 2642 Dei
3335 2590 3649 2644 sacerdotes

2063 2673 2157 2742 qui
2195 2672 2354 2729 facile
2394 2674 2599 2742 primas
2627 2674 2774 2732 ferre
2819 2677 3178 2746 putabantur,
3232 2679 3283 2731 in
3313 2693 3474 2731 unum
3522 2692 3651 2732 con-

2067 2778 2333 2819 vocantur
2367 2787 2384 2825 ;
2415 2782 2523 2820 una
2571 2768 2738 2822 etiam
2787 2769 2933 2823 aedes
2980 2782 3158 2835 sacra,
3207 2769 3354 2823 velut
3386 2770 3477 2825 Dei
3518 2780 3649 2824 nutu

2064 2859 2324 2925 adaucta,
2355 2859 2497 2913 intra
2523 2861 2761 2930 parietes
2804 2874 2955 2927 suos,
3005 2861 3173 2931 Syros
3198 2862 3403 2931 pariter
3446 2872 3500 2917 et
3525 2862 3654 2917 Cili-

2066 2964 2179 3013 ces,
2211 2950 2496 3006 Phoenices
2526 2961 2582 3005 et
2609 2949 2839 3016 Arabes,
2890 2960 2945 3006 et
2975 2951 3318 3017 Palaestinos,
3364 2952 3648 3023 Egyptios

2069 3057 2252 3112 porro,
2287 3041 2600 3108 Thebanos,
2638 3041 2825 3106 Afros,
2871 3043 3118 3114 aliosque
3157 3058 3226 3100 ex
3260 3043 3652 3115 Mesopotamia

2070 3133 2341 3202 profectos
2400 3135 2624 3202 recepit.
2681 3135 2887 3190 Aderat
2932 3133 3098 3190 etiam
3156 3149 3259 3189 una
3311 3134 3364 3188 in
3415 3134 3653 3190 concilio

2073 3225 2314 3281 Persidis
2339 3225 2648 3295 episc0pns,
2674 3241 2772 3281 nec
2795 3226 2863 3282 ab
2889 3227 2993 3282 hoc
3015 3227 3185 3282 choro
3214 3226 3417 3298 Scytha
3447 3227 3650 3282 abfuit:

2074 3317 2280 3371 Pontus
2306 3318 2433 3371 item
2465 3327 2518 3372 et
2540 3319 2689 3383 Asia,
2714 3317 3063 3389 Phrygiaque
3085 3327 3139 3372 et
3164 3317 3481 3388 Pamphylia
3511 3319 3656 3372 viros

2076 3411 2216 3480 apud
2278 3424 2338 3465 se
2398 3410 2726 3466 lcetissimos
2784 3412 3221 3480 suppeditarunt.
3284 3410 3423 3478 Quin
3487 3413 3651 3467 etiam

2075 3499 2336 3565 Thraces,
2369 3501 2714 3569 Macedones,
2741 3502 2952 3567 Achaei,
2983 3512 3036 3556 et
3061 3502 3314 3572 Epirotae,
3345 3511 3400 3557 et
3425 3518 3652 3572 quorum

2076 3591 2351 3648 domicilia
2385 3592 2551 3647 multo
2592 3592 2833 3662 longiore
2877 3595 3122 3648 locorum
3160 3592 3448 3647 intervallo
3486 3593 3657 3648 dista~

2075 3685 2319 3748 bant,'eo
2343 3684 2727 3740 adventarunt.
2750 3683 2874 3755 Ipse
2900 3685 3066 3740 etiam
3090 3682 3255 3739 Osius
3280 3698 3347 3739 ex
3372 3683 3655 3755 Hispanis,

2076 3773 2318 3829 nominis
2348 3782 2405 3828 et
2432 3774 2593 3829 famae
2626 3773 2948 3830 celebritate
2991 3774 3243 3843 insignis,
3276 3776 3368 3844 qui
3409 3775 3654 3831 Silvestri

2075 3865 2313 3936 episcopi
2348 3865 2602 3919 maximae
2626 3863 2818 3920 Roma:
2852 3864 3027 3920 locum
3056 3866 3361 3932 obtinebat,
3400 3881 3507 3920 una
3531 3881 3652 3920 cum

2076 3956 2338 4012 Romanis
2362 3956 2696 4026 presbyteris
2726 3956 2919 4010 Bitone
2940 3965 2996 4010 et
3026 3956 3337 4022 Vincentio,
3376 3972 3501 4012 cum
3536 3957 3658 4011 aliis

2075 4049 2261 4107 multis
2291 4050 2345 4103 in
2387 4063 2652 4104 consessu
2685 4047 2776 4103 illo
2824 4047 3018 4104 adfuit.
3061 4047 3227 4103 Urbis
3276 4058 3460 4104 autem
3489 4048 3655 4117 illius,

2076 4156 2246 4213 penes
2271 4154 2432 4211 quam
2467 4140 2751 4209 imperium
2792 4149 2897 4205 est,
2932 4141 3244 4211 episcopus,
3270 4139 3656 4210 Metrophanes

2078 4236 2320 4300 nomine,
2382 4235 2793 4305 ingravescente
2845 4240 3009 4287 aelate
3053 4234 3386 4303 prmpeditus
3439 4232 3655 4289 abfuit:

2078 4326 2173 4382 sed
2204 4324 2507 4396 presbyteri
2530 4324 2648 4394 ejus
2670 4322 2761 4393 qui
2788 4323 3038 4389 aderant,
3072 4324 3214 4379 illius
3240 4322 3415 4379 locum
3445 4325 3660 4394 supple-

2079 4426 2313 4483 verunt;
2346 4430 2575 4486 quorum
2609 4428 2751 4469 unus
2789 4413 3098 4471 Alexander
3130 4416 3209 4470 illi
3240 4426 3426 4487 postea
3460 4418 3512 4470 in
3539 4417 3656 4487 ejus

2008 4537 2053 4594 ι)
2085 4510 2234 4565 urbis
2306 4506 2618 4577 episcopatu
2680 4507 2960 4563 successit.
3017 4506 3203 4562 Talem
3276 4522 3532 4563 coronam
3591 4524 3659 4564 ex

2080 4597 2227 4653 omni
2286 4597 2575 4665 praeteritae
2620 4598 2794 4652 aetatis
2858 4600 3120 4652 memoria
3179 4613 3320 4655 unus
3367 4599 3663 4668 imperator

2081 4686 2472 4743 Constantinus
2541 4687 2690 4757 pacis
2761 4688 2978 4743 vinculo
3043 4690 3109 4743 ad
3163 4688 3366 4745 Christi
3435 4691 3659 4759 gloriam

2081 4775 2323 4830 devinxit
2380 4794 2394 4829 :
2448 4784 2506 4830 et
2576 4789 2683 4844 quo
2753 4774 3026 4832 Salvatori
3098 4794 3198 4835 suo
3264 4780 3474 4850 gratius
3541 4796 3664 4852 age-

2082 4875 2187 4931 ret,
2217 4866 2360 4921 istud
2389 4865 2650 4920 eximium
2682 4867 2931 4922 vietorite
2970 4870 3039 4923 ab
3064 4870 3319 4926 hostibus
3342 4884 3398 4927 et
3428 4873 3663 4929 inimicis

2073 4945 2251 5026 partae
2286 4962 2702 5012 monumentum
2733 4958 2952 5024 obtulit,
2982 4942 3216 5035 elligiem
3249 4963 3402 5016 chori
3439 4973 3661 5033 aposto-

2081 5048 2190 5112 lici,
2241 5061 2404 5117 quam
2456 5049 2511 5103 in
2558 5060 2752 5104 nostro
2799 5061 3071 5105 conventu
3105 5051 3331 5121 pulchre
3371 5054 3661 5120 expressit.

2079 5136 2215 5193 Nam
2247 5148 2303 5194 et
2330 5141 2397 5193 de
2428 5140 2538 5198 illis
2578 5156 2761 5198 sermo
2786 5156 3030 5213 sparsus,
3068 5157 3135 5197 ex
3167 5143 3314 5196 omni
3357 5154 3518 5212 gente
3541 5158 3663 5213 qua:

2081 5233 2182 5288 sub
2209 5232 2351 5289 ccelo
2383 5241 2489 5302 est,
2517 5236 2667 5290 viros
2693 5235 2813 5306 pios
2850 5237 2902 5290 in
2931 5249 3097 5290 unum
3135 5235 3487 5299 convenisse,
3520 5246 3579 5289 ut
3607 5236 3661 5290 in

2092 5324 2245 5380 Actis
2283 5328 2652 5393 apostolorum
2680 5328 2958 5395 scribitur,
2995 5328 3139 5384 inter
3160 5341 3298 5398 quos
3330 5335 3487 5383 erant
3524 5325 3662 5382 Paro

2083 5625 2145 5671 ut
2200 5615 2276 5670 ibi
2314 5613 2535 5678 dicitur,
2585 5627 2694 5668 non
2742 5611 3130 5738 Metrophanes
3181 5609 3517 5682 appellatur,
3568 5614 3669 5669 sed

2083 5685 2428 5738 Alexander:
2485 5683 2844 5738 Sozomenus.
2881 5684 2913 5736 Ii
2958 5698 3040 5738 .ι.
3087 5698 3208 5738 can.
3242 5681 3327 5738 16.
3378 5685 3521 5738 quod
3573 5684 3663 5738 alii

2083 5685 2458 5764 A__lexand_eri_
2485 5681 3040 5764 Sozotnenushlibq,
3087 5698 3208 5764 cap.
3242 5681 3327 5764 if,
3378 5685 3521 5752 quod
3573 5684 3663 5738 alii

2085 5753 2790 5882 ttii‘tizuntltllfnretmphane,
2819 5753 2952 5811 dicit
2984 5754 3050 5809 de
3083 5751 3228 5808 Julio
3253 5751 3503 5809 Romano
3533 5766 3666 5825 pou-

2114 5843 2126 5880 I
2173 5840 2255 5883 ce.
2441 5863 2457 5880 .

3750 1040 3809 1083 Ν
