4070 6376
483 344 624 410 .1231

1765 336 2071 398 GELASII
2111 336 2452 397 CYZICENI

3619 331 3755 400 1232

498 460 594 524 tbi,
627 455 788 520 Medi,
825 453 1069 509 Elamitae
1091 454 1158 510 ".
1203 452 1400 507 Verum
1431 449 1537 506 illis
1572 450 1675 505 hoc
1698 447 1892 515 del'uit,
1925 449 2055 517 quoi}

2173 447 2497 501 συνεστάναι
2528 444 2657 510 τοὺς
2694 444 2925 509 πάντας.
2971 444 3096 498 Ἐπὶ
3122 444 3178 498 δὲ
3213 440 3313 513 τῆς
3352 441 3633 514 παρούσης
3661 461 3755 515 χο-

489 565 596 605 non
647 563 837 603 omnes
865 546 959 617 qui
1007 561 1074 602 eo
1117 554 1405 607 venerunt,
1450 558 1516 599 ex
1557 542 1646 596 Dei
1692 541 2067 595 ministrorum

493 650 718 691 numero
760 644 917 691 erant
969 634 1046 690 illi
1091 635 1310 705 quidem
1355 632 1498 687 :sed
1546 632 1598 685 in
1653 631 1755 685 hoc
1815 630 2067 699 presenti

488 729 655 784 choro
709 725 811 782 fuit
871 725 1249 797 episcoporum
1313 723 1604 780 multitudo
1650 723 1715 776 ad
1783 735 2066 776 numerum

489 829 856 876 trecentorum
909 827 965 874 et
1013 818 1245 888 amplius
1293 815 1782 886 :presbyterorum
1845 824 2066 879 autem,

487 911 860 975 diaconorum,
894 909 1292 980 acolythorutn,
1325 916 1380 962 et
1411 907 1642 962 aliorum
1675 905 1766 976 qui
1799 906 1936 960 istos
1969 921 2062 961 co-

486 1002 843 1069 mitabantur,
870 1002 1028 1057 turba
1050 1002 1136 1056 vix
1167 999 1442 1055 numerari
1469 998 1665 1069 potuit.
1688 997 1864 1068 Atque
1883 1012 1946 1053 ex
1983 998 2070 1053 bis

477 1093 580 1148 Dei
609 1093 984 1149 sacerdotibus
1010 1092 1101 1147 alii
1137 1091 1438 1163 prudenter
1481 1100 1538 1145 et
1575 1089 1782 1145 diserte
1815 1089 2065 1155 dicendo,

485 1183 577 1238 alii
612 1183 736 1237 vitae
783 1182 1072 1253 gravitate,
1125 1192 1181 1236 et
1231 1179 1503 1237 constanti
1558 1195 1737 1234 rerum
1773 1179 2064 1233 arduarum

481 1274 864 1344 perpessione,
907 1272 1148 1327 nonnulli
1174 1272 1326 1342 quasi
1373 1270 1551 1326 media
1583 1270 1725 1325 inter
1766 1283 1860 1324 eos
1883 1269 2066 1336 inter-

472 1365 621 1434 jecta
650 1365 862 1419 vivendi
889 1365 1284 1420 consuetudine
1317 1361 1526 1428 eximii,
1552 1360 1824 1431 insignem
1853 1359 2065 1415 laudem

481 1456 662 1526 adepti
693 1464 842 1511 sunt.
892 1455 1064 1510 Erant
1091 1455 1258 1511 etiam
1291 1455 1434 1510 inter
1459 1466 1553 1508 eos
1595 1467 1700 1508 non
1744 1451 1925 1522 pauci,
1972 1452 2065 1522 qui

479 1559 704 1618 propter
751 1547 1105 1618 longinquum
1160 1547 1422 1618 temporis
1474 1545 1710 1614 spatium
1757 1558 1865 1613 quo
1909 1543 2064 1597 vise-

476 1650 624 1708 rant,
656 1641 883 1696 multum
904 1639 1124 1696 honoris
1140 1649 1194 1694 et
1225 1639 1409 1709 gloria:
1437 1637 1775 1706 collegerunt
1804 1651 1818 1688 :
1853 1635 1945 1688 alii
1971 1633 2065 1704 qui

2172 537 2342 609 ρείας,
2381 537 2696 590 ἐπισκόπων
2746 537 2846 606 μὲν
2894 536 3103 608 πληθὺς
3144 531 3214 607 ἦν
3244 534 3574 606 τριακοσίων
3629 537 3755 606 ἀρι-

2170 628 2307 698 θμδν
2333 627 2855 700 ὑπερακοντίζουσα·
2883 628 3170 698 ἑπομένων
3193 626 3249 678 δὲ
3277 625 3490 688 τούτοις
3517 624 3760 696 πρεσσυο

2168 718 2365 790 τέρων,
2399 720 2492 773 καλ⁸
2517 719 2806 782 διακόνων,
2855 718 3170 772 ἀκολούθων
3196 734 3255 770 τε
3303 717 3574 770 πλείστων
3615 717 3760 770 ὅσων

2169 811 2375 883 ἑτέρων
2401 809 2511 864 οὐδ’
2557 805 2626 881 ἦν
2666 809 2900 881 ἀριθμὸς
2936 810 3017 872 είς
3056 806 3385 878 κατάληψιν.
3423 806 3546 859 Τῶν
3571 807 3629 860 δὲ
3656 806 3756 860 τοῦ

2168 902 2303 956 Θεοῦ
2341 901 2674 972 λειτουργῶν
2700 903 2749 955 οἱ
2783 903 2882 972 μὲν
2923 900 3222 971 διέπρεπον
3265 898 3462 967 σοφίας
3491 897 3656 968 λόγῳ.
3691 900 3755 952 Oi

2166 995 2222 1049 δὲ
2250 994 2366 1065 βίου
2401 994 2726 1066 στερρότητι
2754 991 2850 1046 καὶ
2882 991 3178 1063 καρτερίας
3205 991 3474 1060 ὑπομονῇ·
3508 991 3557 1042 oi
3592 989 3649 1043 δὲ
3678 988 3758 1060 τῷ

2170 1087 2324 1158 μέσῳ
2359 1088 2546 1158 τρόπῳ
2573 1085 3035 1156 κατεκοσμοῦντο.
3056 1079 3238 1136 Ἠσάν
3261 1098 3321 1136 τε
3348 1082 3555 1136 τούτων
3580 1084 3628 1136 οἱ
3658 1083 3758 1153 μὲν

2169 1179 2372 1248 χρόνων
2402 1178 2570 1248 μήκει
2604 1173 2962 1246 τετιμημένοι
2988 1189 3002 1203 ·
3038 1175 3088 1226 oi
3122 1173 3179 1226 δὲ
3205 1173 3419 1241 νεότητι
3453 1171 3548 1226 καὶ
3573 1172 3759 1242 ψυχῆς

2165 1268 2319 1339 ἀκμῇ
2347 1268 2768 1338 διαλάμποντες·
2793 1268 2840 1319 oi
2879 1265 2936 1318 δὲ
2980 1263 3105 1334 ἄρτι
3143 1262 3509 1334 παρελθόντες
3535 1263 3628 1316 ἐπὶ
3664 1263 3758 1316 τὸν

2164 1358 2265 1428 τῆς
2289 1357 2640 1427 λειτουργίας
2669 1355 2893 1426 δρόμον.
2928 1349 3022 1417 Οἷς
3052 1353 3117 1422 δὴ
3144 1353 3313 1406 πᾶσιν
3339 1353 3366 1405 6
3391 1351 3646 1423 βασιλεὺς
3668 1351 3758 1420 ἐφ’

2167 1452 2406 1523 ἑκάστης
2431 1451 2649 1522 ἡμέρας
2672 1451 2764 1518 ,τά
2797 1450 3084 1522 σιτηρέσια
3113 1447 3354 1520 δαψιλῶς
3399 1445 3758 1519 χορηγεῖσθαι

2168 1544 2530 1616 προσέταττε.
2584 1543 2828 1598 Τοιαῦτα
2883 1544 2983 1614 μὲν
3012 1543 3142 1614 περὶ
3179 1541 3288 1595 τῶν
3331 1543 3450 1595 ἐκεῖ
3477 1539 3762 1595 συνελθόν-

2166 1653 2276 1690 των
2308 1637 2336 1687 ὀ
2365 1637 2653 1708 Παμφίλου
2692 1635 2972 1706 διεξῆλθεν
3013 1633 3294 1697 Εὐσέϐιος.

478 1734 533 1788 in
584 1735 702 1804 ipso
752 1733 930 1788 zetatis
975 1731 1110 1787 ﬂore
1160 1739 1382 1800 propter
1438 1729 1777 1799 ingeniorum
1833 1743 2057 1782 acumen
2099 1738 2228 1784 sunt
2295 1745 2554 1802 magnum
2581 1730 2925 1801 splendorem
2951 1731 3272 1785 consecuti:
3333 1727 3554 1796 quidam
3587 1741 3762 1795 nuper

477 1828 774 1885 sacerdotii
808 1843 1028 1884 cursum
1077 1826 1313 1897 ingressi
1359 1833 1505 1881 sunt.
1549 1824 1757 1890 Quibus
1803 1823 2059 1879 omnibus
2097 1825 2303 1880 cibaria
2339 1827 2391 1879 in
2456 1825 2697 1896 singulos
2727 1825 2844 1881 dies
2876 1825 3176 1893 imperator
3239 1822 3390 1894 large
3429 1831 3484 1876 et
3513 1819 3760 1876 liberali-

477 1931 562 1976 ter
590 1919 924 1992 suppeditari
956 1919 1236 1990 praecepit.
1274 1916 1366 1972 Sic
1416 1916 1481 1970 de
1512 1915 1597 1970 his
1635 1915 1727 1984 qui
1768 1926 1834 1969 eo
1873 1923 2266 1983 convenerant,
2304 1915 2574 1970 Eusebius
2603 1914 2873 1984 Pamphili
2906 1913 3184 1968 disseruit.

1124 2031 1276 2088 CAP.
1321 2029 1406 2087 Vl.

672 2148 950 2214 Quomodo
984 2163 1076 2202 rex
1106 2161 1226 2200 cum
1255 2144 1512 2216 episcopis
1539 2143 1854 2198 consederit.

545 2282 681 2338 Cum
719 2291 898 2336 autem
931 2279 1236 2350 imperator
1272 2278 1469 2334 festum
1495 2275 1566 2332 ob
1602 2275 1892 2331 victoriam
1928 2289 2057 2328 con-

476 2383 557 2428 tra
593 2372 866 2428 Licinium
897 2380 1109 2442 partam
1153 2367 1500 2433 absolvisset,
1533 2367 1686 2422 venit
1713 2375 1769 2420 et
1819 2365 1936 2435 ipse
1965 2363 2059 2418 Ni-

471 2479 641 2520 caeam
668 2465 738 2519 ”.
773 2461 1044 2518 Postridie
1085 2475 1277 2517 omnes
1306 2459 1545 2530 episcopi
1581 2458 1634 2512 in
1676 2472 1843 2510 unum
1879 2455 2055 2510 locum

471 2564 846 2610 convenerunt
879 2571 894 2608 :
923 2559 1233 2609 accesserat
1259 2559 1438 2606 autem
1478 2557 1681 2618 etpost
1708 2547 1856 2618 ipsos
1890 2547 2058 2616 impe-

474 2652 625 2699 rator
645 2662 660 2710 ;
683 2653 740 2697 et
761 2651 1046 2712 postquam
1077 2638 1326 2705 accessit,
1357 2639 1410 2693 in
1465 2637 1645 2693 medio
1669 2635 1932 2700 constitit,
1959 2650 2058 2690 nec

467 2737 626 2807 prius
646 2736 838 2792 sedere
859 2734 1052 2799 voluit,
1087 2747 1246 2802 quam
1279 2729 1518 2800 episcopi
1546 2728 1880 2794 inuuissent;
1906 2736 2055 2782 tanta

466 2827 666 2899 religio
698 2836 754 2882 et
804 2825 1110 2882 reverentia
1161 2837 1290 2894 erga
1322 2823 1470 2877 viros
1497 2821 1618 2876 illos
1671 2820 2052 2890 imperatorem

467 2918 787 2989 occupavit.
817 2916 898 2971 A'd
925 2929 1062 2986 quos
1089 2911 1504 2968 laudatissimus
1533 2910 1830 2978 imperator
1855 2907 2056 2963 exhor-

471 3009 725 3065 tatoriam
756 3016 810 3063 et
838 3007 1113 3062 eruditam
1159 3005 1462 3062 orationem
1500 3000 1713 3066 habuit,
1754 3000 1806 3054 in
1838 2999 2052 3055 laudem

466 3110 522 3157 et
569 3100 796 3172 gloriam
840 3109 906 3182 oet
934 3098 1232 3169 gratiarum
1298 3095 1569 3151 actionem
1616 3092 1710 3148 Dei
1770 3093 2051 3147 universo-

469 3210 613 3259 rum,
651 3193 744 3264 qui
786 3201 993 3248 tantam
1043 3189 1145 3246 sibi
1196 3189 1430 3259 gratiam
1455 3191 1824 3248 concesserat,
1876 3182 1947 3236 ita
1973 3182 2052 3238 lo-

468 3294 626 3340 cutus
649 3299 664 3338 Ξ

1099 3391 1254 3449 CAP.
1297 3390 1406 3445 VII.

471 3512 660 3568 Sermo
694 3506 1129 3579 prosphonelicut
1177 3472 1529 3579 Constantini
1554 3501 1767 3573 augusti
1813 3500 1884 3554 ad
1929 3515 2052 3554 aan-

1036 3589 1174 3632 ctam
1204 3572 1486 3646 synodum.

541 3717 734 3774 Plures
763 3715 982 3786 quidem
1031 3711 1278 3768 illustres
1329 3711 1444 3766 vias
1479 3711 1714 3766 humano
1763 3707 1948 3780 generi
1982 3707 2052 3762 ad

470 3825 624 3866 suam
649 3808 1078 3878 redemptionem
1124 3805 1306 3875 magni
1345 3803 1439 3859 Dei
1469 3804 1854 3873 omnipotentis
1887 3801 2049 3872 justi-

465 3904 548 3958 tia
587 3901 935 3975 preparavit,
981 3907 1037 3955 et
1073 3899 1218 3955 inter
1265 3897 1398 3953 alias
1429 3896 1780 3966 insigniorem
1820 3893 1962 3948 illam
1998 3900 2054 3948 et

444 3993 708 4048 maxime
751 3991 1131 4063 refulgentem,
1183 3997 1238 4043 et
1287 3987 1442 4060 quasi
1485 3986 1622 4058 legis
1660 4000 1770 4042 suae
1817 3983 2051 4040 sanctis-

467 4084 620 4140 sima:
653 4098 946 4148 summam,
988 4097 1096 4153 qua
1137 4095 1238 4137 nos
1266 4095 1457 4138 omnes
1496 4079 1551 4134 in
1588 4085 1777 4134 sancta
1807 4075 2050 4132 Ecclesia

467 4174 759 4242 catholica,
803 4173 963 4244 quasi
994 4175 1047 4229 in
1079 4173 1314 4244 quodam
1348 4170 1630 4226 Dominico
1667 4167 1790 4223 ﬁdei
1825 4166 2052 4222 domici-

457 4269 540 4324 lio
582 4265 980 4338 congregavit:
1010 4265 1154 4335 quod
1203 4261 1354 4317 omni
1402 4258 1666 4315 miraculo
1720 4256 1897 4326 majus
1942 4263 2047 4310 est.

467 4357 641 4430 Hujus
677 4367 860 4414 autem
898 4355 1158 4412 domicilii
1191 4351 1453 4406 verticem
1482 4363 1655 4418 usque
1692 4349 1760 4402 ad
1809 4348 2049 4402 siderum

464 4450 809 4521 splendorem
853 4448 1101 4504 videmus
1122 4443 1473 4514 pertingere:
1506 4441 1856 4494 fundamenta
1893 4453 2044 4505 vero,

465 4545 519 4599 in
553 4544 670 4614 ipso
701 4543 879 4596 adhuc
911 4538 1095 4608 operis
1125 4534 1303 4599 initio,
1332 4532 1523 4587 divino
1549 4540 1681 4585 nutu
1717 4539 1826 4584 tam
1858 4529 1967 4585 alte
1995 4539 2048 4585 et

466 4631 700 4688 ﬁdeliter
739 4632 916 4702 egisse
949 4626 1163 4682 radices
1195 4622 1472 4689 novimus,
1509 4630 1580 4676 ut
1612 4621 1898 4677 universus
1943 4631 2048 4678 ter-

440 4738 647 4779 .rarum
711 4721 859 4778 orbis
918 4719 971 4774 id
1043 4731 1206 4772 sensu
1275 4713 1555 4786 percipere
1616 4714 1871 4784 potuerit.

463 4818 667 4873 vertice
723 4815 887 4885 igitur
933 4810 1193 4882 pradicto
1253 4808 1344 4877 qui
1394 4807 1620 4878 reliquis
1663 4807 1916 4862 omnibus
1949 4819 2048 4860 su-

469 4909 748 4980 perjacet,
799 4918 969 4972 usque
1029 4903 1096 4957 ad
1140 4901 1301 4955 linem
1339 4900 1518 4957 exitus
1568 4900 1749 4971 ipsius
1802 4899 1943 4964 vitae,
1991 4907 2072 4952 to-

463 5005 577 5050 tum
611 4995 714 5049 iter
737 4988 1004 5062 aequabile
1045 5004 1108 5044 ac
1144 4988 1361 5058 planum
1390 4988 1748 5060 conspicitur,
1787 4997 1840 5044 et
1867 4988 2046 5055 splen-

462 5087 596 5143 dore
635 5085 774 5140 lucis
817 5082 973 5154 quasi
1021 5082 1206 5138 colore
1235 5081 1551 5153 ,perl‘usum,
1603 5081 1758 5152 cujus
1795 5090 1851 5136 et
1894 5078 2048 5134 fron-

463 5177 738 5248 tispicium
787 5175 1003 5230 sidereo
1043 5174 1222 5246 sigillo
1240 5182 1568 5229 exornatur.
1591 5169 1900 5227 Duodecim
1939 5186 2037 5224 uu-

461 5283 614 5325 mero
652 5277 778 5324 sunt
801 5263 1067 5322 columnae
1105 5267 1228 5322 nive
1269 5266 1614 5321 candidiores
1649 5272 1815 5334 atque
1850 5262 2042 5317 immo-

462 5360 621 5426 biles,
661 5368 718 5414 et
769 5373 891 5430 qua:
917 5358 1038 5414 lidei
1084 5358 1544 5415 constitutionem
1601 5369 1696 5425 per
1747 5353 2043 5424 potentiam

463 5451 766 5508 divinitatis
788 5451 959 5506 nostri
987 5450 1288 5507 Salvatoris
1321 5457 1585 5520 perpetuo
1618 5447 1906 5502 sustinent.
1933 5445 2046 5502 Hoc

466 5542 631 5614 igitur
663 5552 870 5600 tantum
917 5559 1054 5616 opus
1098 5557 1220 5599 cum
1255 5551 1373 5597 arte
1408 5538 1556 5595 nulla
1587 5553 1686 5596 nos
1718 5553 2046 5609 assequere-

521 5717 740 5794 .“Ml-
774 5737 834 5789 ιι,
859 5721 911 5775 9ο
997 5722 1042 5753 "
1079 5720 1336 5777 Socrates
1359 5713 1470 5772 .lib.
1504 5727 1546 5781 ι,
1574 5726 1695 5783 cap.
1712 5711 1777 5768 8.

2756 2028 3004 2081 κεψΑΑ.
3049 2024 3138 2094 ς’.

2170 2143 2363 2197 Ὅπου
2402 2145 2436 2197 δ
2472 2142 2778 2208 ,ϐασιλεὺς
2817 2140 3171 2210 συνεδρεύει
3211 2139 3338 2207 τοῖς
3373 2139 3754 2208 ἐπισκόποις.

2247 2275 2601 2340 Ἐπιτελέσας
2649 2275 2705 2330 δὲ
2741 2277 2770 2330 6
2809 2275 3065 2348 βασιλεὺς
3109 2275 3378 2330 ἐπινίκιον
3427 2274 3572 2330 κατά
3601 2276 3758 2329 Λικι-

2165 2368 2278 2421 νίου
2322 2369 2540 2440 ἑορτὴν,
2577 2369 2793 2439 ἀπήντα
2828 2367 2923 2421 καὶ
2955 2368 3116 2431 αὐτὸς
3143 2369 3224 2430 εἰς
3254 2367 3352 2438 τὴν
3379 2367 3636 2424 Νίκαιαν.
3674 2367 3754 2437 Τῇ

2163 2461 2220 2514 δὲ
2253 2460 2380 2530 ἑξῆς
2421 2461 2622 2525 πάντες
2655 2461 2770 2530 ἅμα
2801 2461 3092 2514 ἐπίσκοποι
3119 2462 3200 2523 είς
3226 2460 3321 2515 ἕνα
3351 2463 3517 2513 τόπον
3549 2461 3757 2531 συνήρα

2165 2568 2322 2623 χοντο
2348 2571 2362 2586 ·
2401 2552 2602 2623 παρῄει
2641 2551 2697 2605 δὲ
2738 2553 2834 2605 καὶ
2864 2554 2892 2605 6
2925 2551 3182 2622 βασιλεὺς
3217 2553 3337 2621 μετ’
3385 2550 3586 2614 αύτούς
3609 2567 3624 2582 ⁸
3659 2551 3754 2606 καὶ

2163 2644 2288 2696 ἐπεὶ
2323 2642 2636 2714 παρῆλθεν,
2685 2643 2766 2704 είς
2813 2643 2978 2713 μέσον
3030 2641 3182 2712 ἔστη,
3229 2641 3326 2694 καὶ
3369 2642 3432 2694 οὐ
3483 2641 3754 2712 πρότερον

2164 2736 2409 2802 καθίζειν
2443 2738 2647 2808 ᾑρεῖτο,
2677 2737 2805 2805 πρὶν
2846 2734 2911 2788 ἂν
2943 2735 2995 2787 οἱ
3035 2735 3324 2787 ἐπίσκοποι
3362 2733 3713 2788 ἐπινεύσειαν
3734 2751 3750 2766 ·

2161 2825 2398 2897 τοσαύτη
2443 2845 2527 2888 τις
2575 2825 2834 2879 εὐλάϐεια
2881 2824 2976 2876 καὶ
3022 2822 3189 2886 αἰδὼς
3240 2821 3350 2875 τῶν
3399 2823 3608 2894 ἀνδρῶν
3659 2826 3754 2878 τὸν

2163 2919 2389 2990 βασιλέα
2420 2922 2662 2989 κατεῖχε.
2704 2918 2848 2988 Πρὸς
2874 2915 2967 2980 οὓς
2997 2916 3025 2968 6
3057 2915 3310 2986 βασιλεὺς
3332 2917 3360 2968 6
3389 2915 3750 2988 πανεύφημος

2163 3012 2552 3084 παραινετικὸν
2590 3013 2687 3065 καὶ
2719 3009 3100 3064 διδασκαλικὸν
3149 3009 3520 3079 προσενήνοχε
3563 3008 3742 3077 λόγον,

2161 3109 2240 3171 είς
2276 3106 2510 3178 ῦμνησιν
2541 3107 2636 3160 καὶ
2666 3105 2976 3174 δοξολογίαν
3010 3105 3102 3157 καὶ
3137 3104 3494 3174 εὐχαριστίαν
3522 3103 3607 3156 τοῦ
3627 3103 3740 3158 τῶν

2161 3197 2382 3251 πάντων
2403 3196 2561 3264 Θεοῦ,
2612 3196 2705 3250 τοῦ
2735 3195 2976 3250 τοσαῦτα
3007 3194 3157 3266 αύτῷ
3187 3196 3582 3266 χαρισαμένου,
3633 3190 3742 3251 ὧδέ

2161 3307 2279 3353 πως
2308 3289 2484 3358 λέγων
2515 3305 2529 3320 ο

2764 3401 3018 3455 ΚΕΦΑΛ.
3060 3400 3132 3455 Z'.

2159 3515 2350 3583 Λόγος
2389 3513 2851 3585 Κωνσταντίιζου
2894 3511 3196 3585 σεϐαστοῦ
3245 3517 3748 3585 ςτροσςοωνητικός

2539 3585 2690 3652 πρὸς
2719 3582 2833 3650 τὴν
2869 3585 3049 3651 ἁγίαν
3073 3582 3362 3640 σύνοδον.

2230 3718 2438 3782 Πολλὰς
2467 3718 2567 3790 μὲν
2590 3717 2728 3789 πρὸς
2752 3716 3003 3770 εὐποιίαν
3023 3715 3102 3787 τῷ
3125 3716 3235 3770 τῶν
3259 3715 3567 3788 ἀνθρώπων
3596 3720 3748 3788 γένει

2158 3812 2599 3882 ἐπιφανεστάτας
2621 3809 2774 3874 ὁδοὺς
2804 3811 2838 3880 ή
2867 3808 2961 3861 τοῦ
2997 3808 3412 3879 παντοδυνάμου
3442 3808 3578 3862 Θεοῦ
3615 3811 3748 3881 τρόο

2157 3920 2324 3974 φιμος
2354 3901 2667 3973 δικαιοσύνη
2709 3901 3086 3973 ὑπέστρωσεν,
3135 3899 3235 3970 οὐχ
3265 3899 3468 3969 ἥκιστα
3497 3899 3556 3953 δὲ
3599 3902 3748 3956 ὲκεί-

2157 4013 2256 4067 νην
2289 3994 2699 4066 ἐπισημοτέραν
2729 3993 2827 4048 καὶ
2856 3992 3092 4063 μάλιστα
3123 3991 3566 4062 ἀστράπτουσαν,
3595 3995 3664 4067 ἣν
3687 3996 3749 4049 έν

2156 4085 2235 4156 τῷ
2280 4083 2561 4155 κεφαλαίῳ
2608 4082 2700 4137 τοῦ
2741 4081 3048 4150 ἀγιωτάτου
3090 4079 3257 4150 νόμου
3300 4079 3402 4149 τῆς
3445 4080 3747 4154 καθολικῆς

2170 4172 2499 4244 Ἐκκλησίας
2543 4173 2710 4225 πᾶσιν
2754 4171 2911 4241 ἡμῖν,
2951 4168 3152 4232 παντὸς
3200 4167 3477 4238 θαύματος
3531 4169 3740 4239 μεῖζον,

2156 4261 2402 4334 ἤθροισε,
2438 4262 2536 4333 τῆς
2559 4262 2796 4324 πίστεως
2827 4259 3092 4332 κυριακὸν
3119 4260 3457 4332 οἰκητήριον.
3486 4260 3661 4315 Τοῦτο
3687 4262 3744 4316 δὲ

2157 4359 2256 4428 τὴν
2272 4356 2373 4428 μὲν
2401 4354 2648 4426 κορυφὴν
2667 4353 2832 4426 μέχρι
2858 4351 2954 4407 τοῦ
2979 4353 3219 4422 φέγγους
3244 4353 3354 4407 τῶν
3374 4353 3590 4424 ἀστρων
3616 4354 3744 4426 έλη·

2153 4447 2373 4501 λυθέναι
2407 4445 2626 4517 ὁρῶμεν
2649 4461 2664 4476 ·
2704 4446 2830 4510 τοὺς
2871 4446 2928 4500 δὲ
2958 4446 3263 4518 θεμελίους,
3320 4445 3402 4499 έτι
3431 4447 3742 4519 ἀρχομένου

2153 4539 2250 4594 τοῦ
2278 4538 2464 4610 ἔργου,
2495 4536 2670 4600 οὕτως
2722 4537 2956 4608 βαθέως,
3005 4539 3102 4592 καὶ
3144 4539 3358 4604 πιστῶς
3409 4539 3743 4610 ἐρριζῶσθαι

2156 4630 2288 4700 θείῳ
2315 4628 2546 4699 νεύματι
2576 4628 2940 4700 γινώσκομεν,
2969 4629 3046 4692 ὡς
3071 4631 3253 4685 πᾶσαν
3283 4629 3380 4702 τὴν
3413 4630 3745 4702 οίκουμένην

1997 4709 2045 4760 Α
2082 4757 2127 4812 D
2155 4723 2412 4812 αίσθησιν
2455 4721 2647 4776 τούτου
2692 4722 2900 4777 λαϐεῖν.
2952 4723 3086 4776 Ἀπὸ
3129 4725 3229 4794 τῆς
3272 4726 3520 4794 κορυφῆς
3564 4724 3746 4778 τοίνυν

2157 4811 2258 4882 τῆς
2286 4811 2695 4885 προειρημένης
2716 4853 2731 4877 ,
2759 4811 2988 4865 ἀπασῶν
3026 4812 3135 4866 τῶν
3177 4811 3380 4864 λοιπῶν
3407 4812 3544 4866 ὅλων
3577 4813 3747 4882 ὑπερ-

2156 4904 2438 4974 κειμένης,
2514 4903 2643 4974 ἀχρι
2688 4902 2784 4957 τοῦ
2854 4903 3042 4967 τέλους
3098 4904 3199 4973 τῆς
3267 4903 3448 4969 ἐξόδου
3494 4906 3744 4972 φαίνεται

2151 4995 2330 5067 ὁμαλὴ
2356 4995 2453 5049 καὶ
2480 4995 2722 5060 ίσόπεδος
2751 4995 3046 5067 πορεία,τῇ
3073 4995 3418 5066 λαμπρότητι
3447 4993 3540 5047 τοῦ
3564 4995 3745 5063 φωτὸς

2153 5084 2438 5157 χρωμένηο
2474 5078 2544 5156 ἧς
2587 5084 2683 5138 καὶ
2726 5085 2787 5138 τὸ
2833 5085 3087 5155 μέτωπον
3129 5083 3436 5155 ἀστροειδεί
3481 5082 3743 5155 σφραγῖδι

2151 5176 2569 5248 κεκοσμημένον
2595 5215 2613 5241 ,
2681 5176 3010 5230 δυοκαίδεκα
3052 5175 3145 5230 τὸν
3211 5175 3448 5247 ἀριθμὸν
3512 5177 3696 5238 κίονες
3720 5213 3737 5239 ,

2147 5271 2324 5341 χιόνος
2357 5269 2755 5340 λαμπρότεροι,
2790 5269 3060 5339 ἀκίνητοι,
3087 5270 3154 5339 τῇ
3188 5267 3456 5336 θέσειτῆς
3478 5266 3738 5328 πίστεως,

2146 5359 2334 5424 ἀῖδίως
2377 5362 2445 5431 τῇ
2481 5360 2580 5430 τῆς
2608 5359 2886 5432 θεότητος,
2924 5357 3020 5412 τοῦ
3053 5357 3327 5429 ἡμετέρου
3357 5356 3612 5426 Σωτῆρος
3642 5354 3740 5408 δυο

2144 5451 2330 5522 νάμει,
2378 5449 2730 5522 βαστάζουσι.
2779 5451 2986 5505 Τούτου
3033 5449 3218 5505 τοίνυν
3260 5447 3356 5502 τοῦ
3413 5446 3738 5518 τηλικούτου

2144 5541 2308 5614 ἔργου
2339 5544 2402 5598 οὐ
2434 5542 2600 5616 τέχνη
2630 5561 2713 5608 τις
2765 5541 3247 5615 προσλαμϐάνουσι
3279 5539 3390 5614 Ltd.
3419 5540 3586 5611 τέχνῃ
3627 5536 3739 5593 τινὶ
