4070 6390
353 325 489 390 1233

1229 328 1600 391 PHSTORIA
1638 325 1974 389 CONCILII
2011 326 2316 388 NlCr‘ENI.
2357 353 2425 362 -
2459 326 2608 386 LIB.
2650 325 2733 385 II.

3488 320 3624 387 1234

351 436 572 510 προσλ.]
603 438 758 507 ἡμῖν,
791 439 885 493 καὶ
929 439 1028 513 τὴν
1074 440 1182 494 ἀπὸ
1233 440 1413 511 ψυχῆς
1458 437 1678 493 δικαίαν
1729 439 1935 503 πίστιν,

2069 454 2184 502 nur,
2232 446 2286 494 et
2313 438 2497 493 animo
2518 437 2724 506 justam
2771 433 2930 490 ﬁdem
2975 447 3093 488 non
3129 431 3622 502 comprehendere-

351 525 449 579 τοῦ
477 526 748 581 ἀθανάτου
777 528 942 582 αὐτοῦ
969 531 1136 600 νόμου
1184 532 1262 594 είς
1287 531 1412 583 νοῦν
1439 529 1642 582 ἔδωκεν
1668 530 1802 598 ήμῖν
1840 528 1940 598 τὴν

357 618 665 689 σεμνότητα
725 614 897 692 οὗπερ
925 623 1065 692 πρὸς
1089 623 1217 684 τοὺς
1255 620 1508 684 πυλῶνας
1545 621 1697 674 οὐδὲν
1733 619 1940 691 ἕτερον,

357 710 406 762 εί
454 708 529 779 μὴ
576 711 750 781 ἁγνῆς
802 713 895 766 καὶ
941 713 1204 777 εὐσεϐοῦς
1249 712 1548 783 ἐπιθυμίας
1593 711 1940 782 ἐπειγούσης,

360 800 497 872 μόνῃ
525 801 773 874 καθαρᾶς
803 804 1044 870 διανοίας
1091 805 1417 876 πεποιθήσει
1459 805 1739 876 πρόσεισιν
1764 805 1792 856 ὁ
1818 803 1944 874 βου-

359 892 604 963 Λόμενος.
635 895 806 950 Τοῦτο
835 896 948 968 [ῖσ.
977 897 1178 971 τούτῳ]
1212 898 1269 951 δέ
1295 896 1446 969 αὐτῷ
1475 896 1796 967 θαυμαστήν
1823 911 1946 949 τινα

361 985 568 1057 κόσμου
594 986 961 1059 λαμπρότητα
986 991 1259 1062 σωτήριος
1299 989 1617 1058 προσήγαγε
1652 985 1909 1057 λογισμός
1929 999 1941 1013 ⁸

360 1079 507 1147 λέγω
532 1080 611 1140 δὲ,
648 1079 864 1135 ἔνδοθεν
904 1082 1090 1145 πίστις
1134 1079 1464 1150 ἀνθρώπων,
1507 1080 1596 1133 διὰ
1625 1079 1826 1142 παντὸς
1851 1078 1946 1132 τοῦ

363 1172 655 1243 περιϐόλου
685 1174 782 1227 τοῦ
805 1173 1091 1246 Κυριακοῦ
1126 1173 1349 1228 ἀνθοῦσι
1400 1174 1689 1243 στεφάνοις
1716 1189 1948 1243 τετιμη-

366 1263 528 1334 μένη,
555 1264 856 1328 ἀθανασίας
887 1265 1104 1336 καρπὸν
1142 1263 1475 1337 ἀθροίζουσα
1493 1307 1508 1332 ,
1535 1262 1737 1332 ἀγνούς
1764 1263 1950 1326 τόνους

363 1355 460 1424 τῆς
495 1356 640 1426 ζωῆς
678 1358 778 1428 τῆς
807 1355 1160 1428 ἀνθρωπείας
1201 1358 1282 1420 εἰς
1323 1357 1560 1429 φανερὴν
1587 1357 1796 1424 ἄγουσα
1829 1356 1951 1406 ἐπι-

366 1448 556 1515 φανείς
583 1448 930 1520 καθίστησιν.
977 1444 1144 1511 Αὖθις
1173 1447 1429 1501 ἐντεῦθεν
1472 1449 1506 1519 ή
1541 1447 1742 1512 ἔξωθεν
1783 1446 1950 1517 οὐρά-

365 1555 477 1601 νιος
527 1537 655 1604 δόξα
697 1540 1036 1612 ἐστεμμένη,
1088 1539 1184 1594 τοῦ
1230 1539 1430 1603 αἰῶνος
1465 1538 1552 1592 ἀεὶ
1601 1538 1950 1608 τικτομένου,

370 1629 573 1700 μᾶλλον
601 1632 660 1685 δὲ
701 1632 1000 1704 φυομένου,
1048 1632 1279 1705 βραδεῖα
1315 1631 1644 1704 ὑπογράφει,
1696 1631 1790 1684 καὶ
1818 1648 1952 1702 τρα-

368 1722 534 1792 φέντα
570 1725 710 1796 μετά
752 1725 847 1780 τοῦ
886 1729 1263 1798 προσήκοντος
1303 1725 1562 1789 ἐπαίνου,
1598 1724 1820 1779 ἀπασαν
1859 1722 1954 1777 τοῦ

2045 545 2180 592 mus.
2226 529 2551 585 immortalis
2585 529 2716 598 legis
2757 525 3177 583 sanctimoniam
3217 523 3383 580 menti
3426 535 3625 580 nostra":

2046 621 2187 677 Deus
2220 621 2416 676 indidit
2452 639 2466 676 :
2502 633 2596 691 per
2638 619 2792 689 cujus
2836 629 3023 690 portas
3054 617 3201 672 nullo
3243 616 3350 671 alio
3395 616 3628 672 ducente

2046 715 2148 767 nisi
2185 722 2337 768 casto
2384 713 2584 782 pioque
2618 710 2918 774 desiderio,
2956 724 3077 764 cum
3110 722 3257 780 purae
3287 707 3485 762 mentis
3523 705 3628 761 ﬁde

2045 805 2140 876 qui
2178 804 2291 858 vult
2339 803 2666 875 ingreditur.
2701 800 2885 856 Eidem
2912 810 3093 855 autem
3125 807 3415 854 structurae
3458 798 3628 852 mira-

2046 897 2208 952 bilem
2272 896 2560 965 quemdam
2631 893 2938 949 ornamenti
2992 890 3337 962 splendorem
3394 888 3630 945 salubris

2048 988 2230 1043 attulit
2269 987 2550 1057 cogitatio,
2605 986 2840 1050 interna,
2897 984 3142 1054 inquam,
3181 981 3462 1036 hominum
3498 979 3630 1032 ﬁdes

2049 1094 2146 1150 per
2201 1088 2374 1133 totum
2431 1078 2688 1133 domicilii
2742 1077 3003 1134 ambitum
3052 1075 3371 1132 ﬂorentibus
3416 1073 3633 1130 coronis

2052 1171 2333 1236 decorata,
2398 1170 2828 1225 immortalitatis
2882 1169 3120 1225 fructum
3181 1166 3466 1236 colligens,
3514 1181 3635 1234 quae

2053 1271 2233 1317 castos
2268 1262 2391 1317 vita!
2426 1263 2677 1318 humana:
2724 1261 3041 1332 splendores
3085 1261 3138 1315 in
3178 1270 3425 1328 apertum
3469 1271 3636 1326 agens

2056 1355 2292 1410 illustrat
2343 1369 2358 1406 :
2409 1369 2472 1408 ac
2527 1368 2717 1408 rursus
2761 1353 2969 1409 ibidem
3016 1351 3257 1407 caelestis
3289 1348 3635 1404 'existimatio

2054 1438 2299 1500 exterius
2353 1446 2625 1516 operiens,
2677 1444 2859 1500 saeculi
2916 1457 3131 1513 semper
3184 1441 3482 1507 nascentis,
3541 1447 3638 1493 aut

2054 1539 2240 1604 potius
2275 1536 2388 1606 jam
2443 1539 2553 1591 nati
2598 1536 2818 1606 prmmia
2871 1534 3124 1600 delineat,
3182 1544 3239 1588 et
3279 1533 3479 1588 nutrita
3513 1545 3636 1586 cum

2057 1629 2271 1685 decenti
2306 1629 2468 1685 laude
2513 1637 2679 1683 totam
2724 1626 2938 1682 mdilicii
2983 1625 3378 1696 perfectionem
3425 1631 3641 1678 susten-

2060 1729 2182 1774 tans
2223 1726 2471 1774 exornat.
2514 1717 2713 1773 Domus
2759 1724 2940 1770 autem
2982 1713 3086 1768 ista
3117 1710 3328 1767 Domini
3371 1723 3400 1763 a
3430 1708 3642 1763 duobus

367 1781 533 1868 ἀύτοῦ
570 1781 743 1886 ’ἔργου
783 1817 881 1888 τὴν
911 1781 1324 1890 τελεσιουργίαν
1363 1781 1580 1884 κοσμεῖ’
1628 1817 1656 1868 6
1683 1815 1739 1867 δέ
1791 1815 1956 1878 αὐτὸς

2069 1821 2272 1865 tantum
2315 1809 2727 1865 excubitoribus
2762 1805 3108 1862 custoditur:
3141 1812 3196 1858 et
3236 1801 3398 1857 timor
3423 1799 3643 1869 quidem

366 1899 521 1969 οὗτος
547 1907 576 1959 6
595 1907 875 1978 Κυριακὺς
892 1904 1040 1974 οἶκος
1062 1909 1167 1962 ὐπὸ
1191 1905 1285 1962 δύο
1305 1908 1481 1978 μόνων
1513 1907 1769 1977 φυλάκων
1794 1924 1830 1976 φ
1839 1923 1957 1978 ρου-

371 1999 547 2068 ρεῖται
572 2015 586 2030 ·
622 2001 718 2054 καὶ
769 2001 935 2070 φῤϐος
983 2001 1083 2073 μέν
1115 2001 1257 2066 θεῖος
1293 2002 1546 2073 πρόσεισι
1579 2003 1647 2072 τῇ
1678 2000 1837 2055 ἐνίων
1869 2001 1958 2055 ἐν·

372 2089 491 2162 νοίᾳ
539 2094 1048 2164 σωφρονιστήριον⁹
1093 2093 1328 2164 πάρεστι
1370 2093 1428 2146 δέ
1474 2094 1562 2146 ἀεὶ
1609 2093 1704 2146 καὶ
1746 2094 1859 2156 τοῖς
1897 2091 1959 2147 εὖ

371 2182 667 2252 φρονοῦσιν
711 2184 739 2235 6
770 2184 909 2254 πρὸς
954 2183 1021 2238 τὸ
1061 2185 1221 2238 Θεῖον
1252 2183 1498 2249 ἔπαινος,
1535 2183 1636 2254 τῆς
1690 2183 1962 2247 συνέσεως

372 2273 661 2345 βραϐεῖον·
693 2275 904 2330 τούτων
953 2277 1064 2348 γὰρ
1117 2276 1397 2348 ἑκατέρων
1442 2275 1808 2345 ἐπικειμένων
1847 2276 1962 2338 τοῖς

371 2365 668 2436 προθύροις
697 2367 792 2420 τοῦ
828 2347 1137 2437 ἀγιωτάτου
1175 2347 1745 2437 τόπου,’δικαιοσύνην
1772 2367 1870 2436 μέν
1907 2366 1963 2420 αἱ

371 2456 535 2526 θύραι
570 2458 1028 2527 ἀναπεπταμέναι
1053 2457 1322 2528 δέχονται,
1357 2455 1496 2526 αὕτη
1541 2473 1602 2508 τε
1651 2455 1782 2508 εἴσω
1823 2457 1962 2508 οἰκι-

374 2548 580 2609 σθεῖσα,
610 2551 760 2619 μένει
781 2550 1061 2621 ἀκήρατος
1081 2567 1094 2580 ο
1123 2551 1189 2620 τῇ
1218 2548 1272 2602 δέ
1295 2548 1481 2620 ἀδικία
1510 2547 1634 2601 οὐδέ
1665 2546 1820 2617 θέμις
1844 2547 1966 2610 ταῖς

374 2639 569 2711 θύραις
596 2642 937 2712 προσελθεῖν,
965 2640 1103 2695 ἀλλά
1141 2640 1419 2711 ἐξόριστος
1453 2638 1645 2692 τούτου
1671 2639 1765 2691 τοῦ
1799 2638 1964 2691 τόπου

272 2739 288 2764 δ
374 2732 684 2784 ἐκκλείεται
708 2749 718 2762 ·
748 2732 922 2786 ταῦτά
948 2743 1035 2802 με,
1060 2726 1105 2785 ὦ
1129 2729 1450 2801 τιμιώτατοι
1476 2731 1570 2782 καὶ
1588 2734 1787 2792 παντὸς
1810 2729 1966 2784 ἐπαί-

374 2837 468 2872 νου
503 2821 642 2886 ἀξιοι
676 2821 916 2891 ἀδελφοὶ,
946 2821 1014 2874 τά
1052 2821 1359 2894 πράγματα
1388 2819 1536 2886 ,οὕτω
1572 2819 1718 2888 σαφῆ
1765 2821 1844 2881 είς
1871 2819 1968 2888 τὴν

375 2910 472 2963 τοῦ
502 2912 672 2964 ἀϊδίου
705 2914 798 2965 καὶ
828 2912 1101 2966 ἀθανάτου
1132 2913 1309 2981 φωτὸς
1338 2911 1703 2981 λαμπρότητα
1736 2911 1963 2982 ἤγαγεν·

379 3003 467 3056 ἵνα
503 3004 578 3075 μή
612 3005 800 3076 πόρρω
848 3023 915 3075 με
970 3004 1186 3058 ἐοτῶτα
1231 3004 1532 3074 ἀμφίϐολός
1577 3022 1659 3068 τις
1699 3004 1830 3068 ἴσως
1871 3006 1968 3073 τῆς

2061 1903 2276 1959 divinus
2327 1899 2688 1972 quorumdam
2751 1898 3136 1968 cogitationem
3184 1892 3449 1963 castigat,
3500 1898 3646 1945 recto

2060 2005 2242 2050 autem
2270 1992 2609 2064 sapientibus
2640 1989 2801 2044 favor
2829 1988 3045 2044 divinus
3079 2000 3298 2055 semper
3319 1991 3518 2054 praesto
3531 1989 3648 2046 est,

2061 2087 2220 2158 quasi
2251 2085 2554 2156 prudentiae
2583 2082 2891 2154 praemium.
2928 2079 3025 2134 His
3056 2077 3268 2134 duobus
3291 2075 3489 2132 adploci
3517 2089 3645 2130 san-

2063 2178 2294 2234 ctissimi
2330 2177 2528 2247 januas
2562 2171 2952 2236 assidentibus,
2977 2169 3116 2225 ostia
3142 2182 3266 2222 cum
3303 2166 3644 2237 aperiuntur,

2059 2267 2323 2338 justitiam
2370 2263 2697 2333 suscipiunt,
2737 2276 2856 2332 qua:
2888 2259 3034 2314 intus
3076 2258 3331 2312 habitans
3363 2261 3646 2327 permanet

2066 2359 2378 2426 incorrupta
2411 2373 2425 2410 :
2460 2355 2802 2424 iniquitatem
2839 2361 3020 2406 autem
3066 2348 3149 2404 fas
3200 2364 3304 2403 non
3358 2357 3440 2402 est
3477 2346 3648 2415 portis

2065 2448 2526 2519 appropinquare,
2580 2443 2676 2498 sed
2708 2443 2776 2497 ab
2823 2441 2928 2497 illis
2963 2439 3372 2496 excubitoribus
3406 2436 3648 2506 repulsa,

2065 2539 2188 2595 loco
2232 2537 2559 2592 excluditur.
2598 2534 2744 2602 Haec,
2777 2535 2977 2588 fratres
3004 2529 3433 2594 honoratissimi,
3469 2526 3648 2583 omni-

2067 2646 2173 2702 que
2201 2629 2362 2683 laude
2401 2627 2577 2697 digni,
2612 2639 2733 2680 cum
2793 2624 2868 2676 ita
2914 2622 3027 2677 sint
3077 2620 3384 2681 manifesta,
3445 2629 3531 2670 me
3585 2615 3650 2669 ad

2066 2723 2256 2778 :eterni
2297 2730 2353 2776 et
2396 2717 2722 2775 immortalis
2765 2714 2988 2769 luminis
3020 2711 3361 2782 Splendorctn
3409 2707 3652 2763 deduxe-

2070 2824 2197 2870 runt
2228 2831 2243 2868 :
2275 2830 2341 2868 ne
2368 2813 2413 2868 si
2448 2811 2666 2881 longius
2691 2824 2719 2863 a
2747 2822 2832 2863 me
2872 2806 3090 2870 fuisset,
3122 2801 3372 2870 ambigua
3406 2799 3660 2854 fortassis

2071 2907 2237 2963 animi
2295 2907 2428 2961 ﬁdes
2479 2904 2765 2958 veritatem
2810 2899 3061 2955 redderet
3103 2895 3507 2951 inconcinnam.
3546 2889 3653 2944 Ve-

2070 3017 2190 3056 rum
2238 2999 2365 3068 quid
2404 2997 2639 3068 primum
2691 2989 3066 3048 conﬁrmabo?
3112 2985 3352 3055 nunquid
3380 2981 3656 3038 felicitatis

376 3074 767 3168 ψυχῆςπίστις
802 3074 1192 3169 ἀπεργάσηται
1229 3097 1331 3166 τῆς
1383 3097 1639 3167 ἀληθείας
1688 3097 1966 3166 ἀνάρμοσ-

2076 3091 2306 3146 fortnam
2325 3104 2484 3159 ,.qua:
2511 3088 2651 3142 intra
2676 3092 2865 3155 pectus
2890 3095 3067 3137 meum
3096 3085 3359 3146 concepta
3389 3074 3540 3136 latet,
3587 3087 3658 3124 an

377 3205 489 3242 τον.
544 3184 705 3243 Ἃ).λά
736 3189 790 3242 τί
819 3189 1038 3260 πρῶτον
1063 3189 1531 3259 διαϐεϐαιώσομαι
1557 3206 1570 3254 ;
1609 3189 1846 3259 Πότερον
1872 3188 1968 3258 τῆς

379 3281 732 3353 εὐδαιμονίας
779 3281 873 3334 τὸν
904 3280 1094 3346 τύπον,
1136 3281 1260 3352 ἥτις
1303 3280 1436 3334 εἴσω
1477 3277 1573 3333 τοῦ
1605 3279 1837 3352 στήθους
1873 3279 1967 3333 τοῦ

380 3371 514 3443 ἐμοῦ
559 3373 967 3444 συνειλημμένη
1011 3372 1290 3437 λανθάνει,
1343 3373 1377 3446 ἢ
1414 3373 1513 3435 τάς
1556 3371 1707 3433 θείας
1748 3371 1972 3442 εὐεργεο

384 3466 505 3528 σίας
530 3467 629 3530 τάς
657 3465 788 3536 περὶ
821 3465 922 3536 ἐμὲ
954 3465 1047 3519 τοῦ
1071 3465 1481 3535 παντοδυνάμου
1501 3463 1658 3528 Θεοῦ,
1691 3463 1750 3530 ἐξ
1783 3457 1858 3517 ὧν
1883 3462 1972 3516 τὸν

383 3555 619 3628 ἀριθμὸν
647 3555 860 3610 πολλῶν
888 3555 1087 3627 ἔργων,
1124 3555 1310 3609 ἱκανὸν
1353 3550 1737 3626 οὖνλέγωμεν,
1775 3554 1971 3624 φανείη

382 3649 483 3720 ήδη
503 3649 601 3703 καὶ
620 3650 720 3720 τὴν
746 3649 887 3720 ἐμὴν
913 3649 1244 3720 μετριότητα
1271 3651 1297 3702 6
1323 3646 1486 3709 αὐτὸς
1515 3645 1786 3718 ἡμέτερος
1814 3645 1970 3713 Θεὸς,

383 3741 478 3794 καὶ
512 3740 731 3794 πάντων
757 3739 1100 3810 πραγμάτων
1126 3739 1334 3810 Πατήρ,
1369 3738 1596 3801 εἰκότως
1625 3735 1804 3807 ἐαυτῷ
1837 3753 1938 3789 κατ
1956 3766 1971 3775 -

383 3831 741 3886 εδωλώσατο.
803 3830 1138 3893 Πιστεύετε,
1206 3825 1252 3884 ὣ
1305 3829 1626 3902 τιμιώτατοι
1710 3828 1971 3898 ἀδελφοὶ,

387 3923 903 3995 προσλαμϐάνοντες
945 3923 1206 3994 ἀκέραιον
1240 3922 1446 3986 πίστιν,
1476 3925 1586 3986 τοῖς
1617 3921 1932 3992 λεγομένοις
1953 3935 1969 3951 ·

386 4016 435 4067 εί
468 4016 559 4068 καὶ
593 4015 830 4086 μάλιστα
865 4017 898 4086 ή
933 4013 1044 4085 ἐμὴ
1074 4014 1282 4068 διάνοια
1323 4014 1432 4068 τῶν
1477 4013 1639 4067 θείων
1681 4013 1972 4084 εὐεργετησ

389 4105 579 4176 μάτων
606 4106 932 4178 κορεσθεῖσα
960 4106 1302 4177 εὐδαιμονεῖν
1335 4107 1504 4170 δοκεῖ,
1536 4105 1631 4160 καὶ
1651 4105 1759 4160 ἀπὸ
1780 4104 1972 4158 τούτου

388 4202 718 4274 πράγματος
743 4201 968 4272 ἐξόχους
985 4201 1244 4264 ἐπαίνους
1269 4199 1556 4272 πληρῶσαι
1580 4197 1840 4254 δύνασθαι
1857 4198 1975 4268 φαί-

388 4308 570 4348 νεται’
603 4294 786 4364 ὅμως,
819 4294 956 4365 ὅπερ
994 4292 1096 4362 τῆς
1130 4291 1390 4363 ἀληθείας
1427 4293 1461 4360 ἠ
1511 4289 1694 4352 πίστις
1725 4289 1974 4360 ἐναργῶς

386 4385 684 4449 δείκνυσιν,
719 4383 845 4438 οὐτε
879 4383 1054 4454 φωνὴ,
1084 4382 1208 4436 οὐτε
1234 4382 1450 4452 γλῶττα
1481 4379 1557 4452 τῷ
1589 4379 1974 4452 προστάγματι

2076 3184 2258 3240 divina
2288 3197 2415 3252 erga
2441 3195 2526 3234 me
2561 3177 2851 3242 beneﬁcia,
2881 3188 3002 3244 qua:
3035 3171 3102 3225 ab
3136 3169 3514 3239 omnipotente
3545 3165 3656 3218 Dea

2068 3277 2181 3346 jam
2216 3277 2588 3330 demonstrata
2621 3281 2785 3333 sunt,
2816 3279 3050 3337 quorum
3086 3274 3370 3316 numerum
3402 3257 3466 3311 ad
3491 3255 3664 3310 multa.

2075 3380 2240 3436 opera
2271 3363 2518 3418 sufﬁcere
2553 3361 2871 3423 asserimus,
2911 3365 2966 3410 ut
3018 3365 3195 3409 meam
3232 3346 3660 3405 mediocritatem

2075 3459 2220 3514 idem
2269 3456 2411 3510 Deus
2444 3462 2633 3508 noster
2671 3458 2725 3506 et
2753 3447 2995 3505 omnium
3042 3457 3222 3499 rerum
3255 3439 3427 3496 Pater.
3463 3437 3660 3492 merito

2076 3551 2130 3606 in
2159 3565 2313 3605 suam
2357 3547 2679 3604 servitutem
2711 3538 2981 3610 redegerit
3004 3538 3038 3591 ί.
3059 3535 3298 3598 Credite,
3335 3531 3537 3585 fratres
3565 3529 3664 3583 ho-

2078 3639 2436 3702 noratissimi,
2467 3645 2522 3691 et
2554 3635 2820 3704 integram
2852 3630 3009 3684 ﬁdem
3043 3627 3200 3683 dictis
3237 3623 3491 3679 adhibete
3519 3637 3531 3674 :
3560 3619 3659 3674 etsi

2077 3731 2315 3787 maxime
2364 3729 2577 3783 animus
2623 3741 2776 3780 meus
2816 3722 2910 3777 Dei
2945 3717 3224 3776 beneﬁciis
3270 3715 3484 3786 plenus,
3535 3709 3661 3766 felix

2075 3837 2197 3879 esse
2225 3821 2459 3885 videtur,
2501 3827 2557 3874 et
2600 3819 2669 3872 ob
2713 3830 2833 3870 eam
2871 3827 3090 3868 causam
3134 3811 3430 3863 immensas
3474 3803 3662 3857 laudes

2075 3916 2251 3972 eidem
2305 3925 2465 3982 posse
2511 3907 2824 3981 persolvere
2852 3923 2866 3960 :
2894 3914 3096 3969 tamen,
3151 3909 3208 3956 ut
3247 3899 3380 3954 ﬁdes
3419 3896 3668 3952 veritatis

2076 4015 2266 4076 aperte
2311 4002 2573 4067 ostendit,
2627 4013 2804 4067 neque
2853 4010 2953 4051 vox
3005 4007 3184 4062 neque
3225 3990 3407 4056 lingua
3465 3985 3669 4041 mentis.

2076 4096 2308 4166 imperio
2353 4092 2564 4148 servire
2594 4087 2901 4152 sufﬁciunt;
2929 4085 3090 4154 idque
3111 4081 3234 4151 jure
3260 4081 3489 4150 Optimo.
3525 4076 3671 4132 Cum.

2075 4186 2220 4242 enim
2268 4187 2532 4238 immensa
2580 4179 2649 4234 sit
2699 4175 3093 4233 beneﬁciorum
3134 4170 3468 4240 magnitudo,
3507 4180 3675 4221 mens

2077 4277 2298 4351 quidem
2348 4275 2511 4329 altior
2549 4272 2826 4328 cxsistens
2878 4265 3195 4322 sublimiora
3249 4261 3496 4332 corporis
3542 4259 3660 4312 loca

2075 4348 2307 4436 occupat
2335 4383 2348 4420 :
2375 4365 2571 4433 lingua:
2600 4369 2778 4414 autem
2817 4357 2904 4411 via
2958 4356 3012 4409 in
3056 4361 3341 4425 angustum
3371 4348 3658 4404 admodum

387 4477 490 4547 τῆς
519 4440 759 4539 διανοίας
805 4440 1157 4547 ύπδυργήσαι
1197 4440 1465 4546 ἀρκοῦσι·
1504 4440 1598 4528 καὶ
1631 4440 1784 4543 μάλα
1814 4440 1966 4526 ἐ’ξκό·

2081 4462 2260 4517 locum
2298 4453 2578 4516 conclusa,
2617 4450 2731 4505 fere
2780 4463 2902 4503 cum
2936 4445 3079 4514 loqui
3121 4443 3386 4505 creditur,
3437 4440 3661 4496 omnino

389 4585 519 4632 τως.
557 4567 825 4638 Ἀμέτρου
847 4565 958 4638 γὰρ
987 4566 1140 4629 δντος
1184 4565 1279 4619 τοῦ
1313 4565 1583 4636 μεγέθους
1616 4564 1723 4620 τῶν
1753 4566 1978 4637 εὐεργε-

393 4662 549 4727 σιῶν,
580 4663 614 4731 ή
659 4659 760 4731 μὲν
788 4659 999 4712 διάνοια
1028 4657 1207 4728 ὑψηλή
1245 4675 1329 4721 τις
1371 4654 1508 4712 οὖσα
1526 4698 1540 4722 ,
1569 4658 1696 4721 τούς
1719 4659 1979 4729 ἀνωτέρω

391 4752 487 4808 τοῦ
524 4753 778 4824 σώματος
810 4751 1013 4813 τόπους
1052 4748 1482 4819 καταλαμϐάνει·
1513 4751 1546 4818 ή
1580 4749 1637 4803 δέ
1675 4749 1772 4818 τῆς
1803 4747 1979 4815 γλώτ-

391 4858 494 4913 της
521 4842 718 4913 πορεία
747 4842 828 4904 είς
861 4839 1046 4893 στενὸν
1084 4838 1281 4910 κομιδῇ
1325 4837 1490 4890 τόπον
1535 4837 1976 4905 συγκλεισθεῖσα,

392 4931 615 5000 δόκιμος
650 4929 836 5002 σχεδὸν
870 4929 1126 4998 λέγουσα,
1158 4926 1478 4981 παντάπασι
1507 4927 1710 4996 σιωπᾷ.
1744 4926 1841 4990 Τίς
1869 4926 1979 4998 γὰρ

395 5023 552 5094 ήμῶν
577 5023 720 5076 οὓτω
751 5021 1030 5094 προπετὴς
1068 5018 1345 5090 λογισμῷ,
1377 5019 1465 5073 ἵνα
1493 5018 1753 5090 τοιαύτης
1783 5037 1979 5073 πεποιο

401 5117 610 5184 θήσεως
663 5112 942 5187 ἀπορρίψῃ
970 5111 1148 5182 λόγον,
1193 5112 1259 5164 δι’
1301 5104 1362 5164 οῦ
1388 5111 1552 5180 φάναι
1583 5110 1649 5163 ἂν
1689 5110 1981 5183 τολμήσειε

399 5205 543 5259 πάνυ
590 5203 830 5268 εὐκόλως
878 5203 956 5275 τῷ
1004 5203 1072 5256 τὰ
1105 5204 1283 5257 πάντα
1326 5201 1613 5274 δυναμένῳ
1656 5201 1857 5274 Θεῷ,ἢ
1889 5203 1988 5258 καὶ

401 5296 619 5350 πάντων
671 5295 780 5349 τῶν
813 5295 1116 5348 καλλίστων
1160 5293 1480 5366 δημιουργῷ
1500 5335 1514 5359 ,
1545 5293 1790 5359 ἐνδόξους
1821 5295 1983 5349 ἐπαί-

401 5403 524 5449 νους
567 5387 664 5440 καὶ
707 5385 966 5451 ἐπαξίους
1023 5384 1257 5449 ἐντελῶς
1311 5387 1520 5451 είπεῖν;
1564 5386 1755 5440 Ὀπότε
1801 5387 1855 5440 εἴ
1899 5403 1987 5450 τις

406 5477 576 5548 μόνην
602 5477 704 5550 τὴν
737 5478 1216 5549 μεγαλοπρέπειαν
1250 5476 1342 5531 τοῦ
1379 5477 1540 5530 αὐτὸν
1582 5477 1842 5548 τετάχθαι
1894 5496 2003 5532 νο--

408 5568 808 5641 μοθετήσαντος
838 5569 1138 5635 λογίσαιτο,
1173 5567 1329 5630 εἰδὼς
1377 5569 1442 5622 ἂν
1495 5570 1791 5639 σκοπήσειε
1818 5569 1990 5638 μηδὲν

405 5657 664 5712 δύνασθαι
689 5657 1003 5730 εὑρεθῆναι,
1033 5658 1170 5729 ὅπερ
1196 5657 1346 5722 ἀξιον
1386 5656 1523 5710 Θεοῦ
1545 5656 1802 5728 λεχθῆναι
1832 5656 1988 5728 δυνή-

411 5765 582 5806 σεται.
607 5750 672 5804 Τί
704 5751 881 5805 τοίνυν
911 5750 1010 5821 τῆς
1045 5749 1182 5821 ἐμῆς
1227 5749 1581 5823 μετριότητος
1611 5750 1708 5822 τὴν
1731 5748 1987 5805 καθοσιω-

2078 4549 2416 4609 conticescit.
2469 4545 2602 4613 Quis
2653 4542 2798 4598 enim
2839 4547 3084 4594 nostrum
3128 4545 3238 4591 tam
3289 4549 3527 4606 prazceps
3578 4543 3667 4589 est

2081 4641 2460 4711 cogitatione,
2520 4643 2578 4688 ut
2636 4632 2796 4703 hujus
2843 4628 3115 4699 opinionis
3167 4625 3660 4682 considerationem

2080 4746 2297 4790 omnem
2352 4734 2594 4798 respuat,
2643 4724 2873 4792 ideoque
2922 4718 3193 4774 afﬁrmare
3243 4717 3462 4781 audeat,
3508 4716 3664 4771 facile

2081 4823 2371 4880 admodum
2398 4833 2541 4883 esse,
2570 4813 2932 4879 omnipotenti
2966 4814 3076 4867 Deo
3108 4821 3164 4866 et
3205 4825 3388 4866 rerum
3423 4809 3665 4863 omnium

2084 4911 2574 4986 pulcherrimarum
2602 4903 2784 4974 opiﬁci
2835 4901 3104 4973 gloriosas
3133 4909 3188 4954 et
3214 4897 3308 4953 illo
3330 4897 3520 4967 dignas
3552 4896 3669 4948 lau-

2084 5009 2180 5064 des
2213 5002 2432 5060 dicere?
2462 4994 2913 5066 Quandoqu’idem
2955 4992 3000 5046 si
3045 4990 3170 5060 quis
3208 4989 3378 5043 solam
3407 4986 3546 5055 ejus,
3572 4987 3661 5054 qui

2085 5113 2212 5155 eum
2242 5095 2392 5150 nasci
2431 5088 2736 5154 constituit,
2765 5085 3102 5153 majestatem
3129 5071 3448 5149 perpendat,
3483 5079 3675 5132 sciens.

2086 5189 2350 5258 intelliget
2420 5182 2552 5238 nihil
2602 5179 2828 5235 inveniri
2879 5189 3060 5247 posse,
3100 5170 3242 5242 quod
3291 5173 3396 5224 Deo
3448 5169 3663 5236 dignum

2084 5282 2265 5353 eloqui
2293 5291 2476 5350 queat.
2517 5273 2660 5342 Quid
2696 5285 2826 5341 ergo
2862 5271 2916 5323 in
2971 5280 3106 5322 meae
3151 5262 3542 5318 mediocritatis
3576 5261 3664 5332 ju-

2086 5352 2414 5434 stiticatiore
2473 5369 2656 5424 dicere
2709 5360 3025 5433 oportebat,
3093 5372 3252 5427 quam
3311 5354 3454 5426 quod
3522 5352 3662 5408 divi-

2088 5487 2189 5528 nus
2274 5465 2518 5523 veritatis
2597 5474 2776 5516 sermo
2853 5449 3313 5513 demonstraret?
3363 5449 3508 5504 "Haec
3583 5458 3663 5502 est

2089 5558 2436 5631 magnitudo,
2480 5557 2593 5609 lucc
2655 5549 2885 5606 maxima
2944 5543 3238 5601 veneratio.
3283 5541 3666 5597 Consideretur

2091 5661 2314 5724 aperte,
2384 5663 2448 5702 an
2510 5642 2797 5708 incidere,
2837 5655 2904 5694 an
2953 5637 3098 5692 nullo
3142 5649 3328 5689 errore
3368 5633 3513 5688 illabi
3569 5647 3664 5701 po.-

2092 5756 2197 5803 test
2240 5746 2291 5800 in
2347 5755 2409 5798 ea
2458 5754 2577 5809 quae
2643 5737 2710 5792 de
2756 5735 2874 5805 ipso
2913 5731 3185 5789 dicuntur.
3235 5730 3411 5799 Atque
3461 5726 3668 5782 utinam
