4070 6426
419 263 551 326 1235

1680 270 1987 330 GELASII
2029 271 2368 330 CYZICENI

3548 266 3684 332 1236

416 376 569 443 mihi,
605 375 694 445 qui
727 374 879 430 vobis
924 376 976 430 in
1011 377 1102 431 Dei
1143 376 1450 432 ministerio
1480 393 1598 431 sum
1640 378 1986 446 coniunctus,

2100 397 2183 446 σιγ
2217 380 2398 446 λέγειν
2421 381 2610 450 ἐχρῆν,
2646 381 2694 433 εἰ
2720 379 2794 450 μὴ
2827 379 3004 444 τοῦτο,
3033 380 3169 450 ὅπερ
3196 382 3223 434 ό
3247 380 3386 446 θεῖος
3412 381 3568 449 λόγος
3584 383 3682 452 τῆς

415 469 632 537 copiosa
681 467 894 522 dicendi
946 467 1173 525 facultas
1243 479 1576 539 suppeteret,
1625 483 1683 524 ut
1739 472 1990 528 laudibus

415 562 748 616 celebrarem
800 560 888 613 illa
939 562 1335 632 praedicatione
1379 563 1565 634 digna,
1609 579 1727 634 qua:
1773 565 1992 620 divinus

419 652 668 707 Salvator
716 662 920 719 noster,
974 654 1214 708 omnium
1261 671 1443 710 rerum
1492 666 1695 720 custos,
1728 657 1993 728 principio

419 744 504 798 sui
553 743 838 809 adventus,
871 745 1088 813 quando
1129 745 1520 815 redemptionis
1552 755 1751 802 nostra:
1791 749 1992 817 gratia,

418 835 536 906 puri
587 837 833 904 corporis
875 836 1212 893 domicilium
1247 853 1310 893 ex
1340 836 1558 907 Virgine
1601 853 1879 894 assumere
1910 840 1994 892 di—

419 937 616 997 gnatus
641 937 750 992 est,
779 928 1032 984 oumibus
1061 929 1377 985 hominibus
1411 930 1716 1000 exemplum
1744 945 1855 984 sum
1889 930 1992 983 mi—

421 1018 735 1087 sericordite
786 1020 1116 1082 ostendens,
1169 1021 1466 1090 tranquillo
1520 1038 1629 1076 sua:
1695 1022 1996 1076 divinitatis

423 1121 556 1164 nutu
603 1111 995 1166 demonstravit
1028 1114 1040 1166 l
1073 1112 1226 1168 Unde
1272 1115 1435 1183 igitur
1465 1114 1766 1182 incipiam?
1809 1131 1876 1168 an
1933 1114 1997 1169 ab

423 1201 540 1266 ejus
568 1203 812 1257 doctrina
844 1213 898 1258 et
927 1204 1259 1272 majestate?
1293 1221 1358 1259 an
1389 1207 1566 1274 potius
1597 1223 1624 1258 a
1661 1207 1998 1260 documentis

424 1294 554 1357 illis,
596 1309 716 1363 qua:
765 1297 882 1364 ip-e
925 1310 1020 1364 per
1063 1297 1300 1367 seipsum
1349 1300 1494 1352 solus
1550 1299 1807 1370 magister
1852 1299 1997 1355 nullo

426 1387 651 1442 docente
687 1388 1027 1442 declaravit?
1069 1390 1232 1459 Atqui
1282 1393 1619 1458 respirarunt
1661 1392 1779 1462 ejus
1821 1392 1970 1460 provi

425 1477 608 1532 dentia
658 1487 732 1533 tot
780 1479 985 1550 populi,
1018 1491 1150 1551 quot
1195 1497 1422 1535 numero
1465 1485 1850 1552 comprehendi
1893 1499 1998 1538 non

425 1578 676 1635 possunt,
708 1585 872 1638 parvo
900 1571 1135 1640 quodam
1173 1571 1450 1635 alimento,
1487 1588 1549 1627 ac
1584 1574 1825 1629 minimis
1849 1575 2000 1628 ciba-

427 1658 540 1722 riis,
570 1669 623 1714 et
663 1661 792 1715 solis
829 1662 1039 1716 duobus
1080 1663 1342 1731 piscibus,
1387 1679 1482 1732 per
1508 1665 1745 1720 divinam
1781 1667 1896 1736 ejus
1927 1667 2001 1720 iti-

2095 471 2351 543 ἀληθείας
2400 472 2715 538 δείκνυσιν;
2761 465 2836 524 UE-
2883 471 2944 524 τὸ
3001 471 3230 542 μέγεοος
3276 473 3398 543 ἥτις
3450 475 3683 544 μεγίστη

2096 564 2467 636 προσκύνησις
2497 564 2829 635 σκοπησάτω
2859 563 3067 633 σαφῶς,
3091 565 3140 617 εί
3162 565 3498 637 καταντῆσαι
3526 566 3688 636 δυνήο

2095 672 2248 708 σεται
2276 656 2333 707 ἐν
2365 654 2549 716 αὐτοῖς
2581 655 2694 716 τοῖς
2735 653 2864 722 περὶ
2893 651 3058 704 αὐτοῦ
3096 651 3410 722 λεγομένοις
3430 693 3445 717 ,
3470 653 3563 705 καὶ
3588 653 3685 705 οὐ⁹

2094 746 2256 817 δεμία
2283 745 2460 815 πλάνη
2492 744 2654 800 αὐτὸν
2679 744 2974 813 όλισθήσει,
3017 745 3129 797 Καὶ
3164 745 3273 797 εἴθε
3322 761 3412 813 μοι
3435 743 3513 814 τῷ
3551 744 3686 813 ὑμε-

2094 837 2240 907 τέρῳ
2288 835 2621 906 συνδιακόνῳ
2653 833 2881 905 δαψιλὴς
2931 835 3165 906 εὐπορία
3212 833 3309 888 τοῦ
3359 834 3542 902 λέγειν
3583 836 3685 905 ἀρ-

2097 926 2332 992 κέσειεν,
2365 928 2451 980 ἵνα
2499 928 2684 979 ἐκεῖνα
2712 925 2838 990 ἀξια
2883 926 3013 979 ὄντα
3051 925 3145 978 τοῦ
3190 925 3562 998 κηρύττεσθαι
3597 927 3689 994 ἐγ-

2098 1020 2386 1090 κωμιάσω,
2425 1021 2570 1090 ἅπερ
2604 1021 2632 1072 ό
2663 1018 2805 1081 Θεῖος
2836 1019 3026 1088 Σωτὴρ
3049 1020 3076 1070 ὁ
3099 1017 3390 1089 ήμέτερος,
3425 1017 3686 1088 πραγμά-

2096 1128 2206 1164 των
2254 1128 2310 1163 τε
2354 1111 2573 1163 πάντων
2623 1107 2820 1179 φύλαξ,
2866 1111 2978 1172 τοῖς
3024 1107 3332 1179 προοιμίοις
3379 1107 3476 1176 τῆς
3519 1105 3688 1160 αὐτοῦ

2099 1201 2426 1274 παρουσίας,
2465 1203 2628 1256 ὁπότε
2674 1206 2772 1274 τῆς
2803 1201 3080 1274 ἡμετέρας
3119 1199 3457 1262 λυσιτελείας
3501 1199 3687 1264 ἕνεκα,

2100 1291 2265 1361 ἁγνοῦ
2298 1292 2551 1363 σώματος
2588 1293 2905 1363 οἰκητήριον
2936 1291 3278 1362 κατηξίωσεν
3311 1291 3376 1342 ἐκ
3405 1289 3688 1360 Παρθένου

2099 1384 2301 1447 λαὸεϊν,
2348 1385 2513 1437 πᾶσιν
2556 1381 2866 1452 ἀνθρώποις
2911 1382 3147 1452 δίδαγμα
3197 1381 3292 1434 τοῦ
3340 1382 3472 1452 παρ’
3516 1379 3687 1436 αὐτοῦ

2100 1475 2278 1527 οἴκτου
2309 1473 2505 1543 δηλῶν,
2549 1470 2768 1542 γαληνῷ
2812 1470 3044 1542 νεύματι
3092 1471 3190 1539 τῆς
3234 1469 3398 1522 αὐτοῦ
3432 1470 3690 1539 θεότητος

2101 1566 2287 1632 ἔδειξε.
2335 1565 2491 1626 Τίνος
2529 1563 2768 1634 ἄρξομαι
2804 1558 2950 1635 ipa;
2998 1563 3107 1616 ἀπὸ
3134 1561 3236 1631 τῆς
3268 1560 3435 1615 αὐτοῦ
3467 1561 3690 1629 διδαχῆς

2103 1659 2195 1712 καὶ
2225 1657 2584 1728 σεμνότητος;
2610 1656 2724 1711 ἀλλ’
2757 1655 2865 1710 ἀπὸ
2881 1654 3042 1708 θείων
3071 1652 3450 1715 διδασκαλιῶν,
3485 1645 3559 1705 ὧν
3588 1652 3688 1704 αὐ-

426 1749 708 1805 dustriam.
771 1749 961 1806 Lazari
1026 1753 1191 1807 etiam
1229 1765 1347 1824 post
1390 1763 1614 1809 mortem
1674 1757 1822 1812 brevi
1864 1773 1995 1828 qua-

2103 1751 2190 1813 τὸς
2220 1751 2287 1804 δι’
2313 1749 2531 1812 ἑαυτοῦ,
2570 1747 2798 1819 μηδενὸς
2834 1747 3197 1810 διδάσκοντος,
3229 1745 3386 1817 μόνος
3431 1745 3688 1800 διδάσκα-

427 1844 549 1894 dam
575 1842 717 1896 linea
751 1845 1211 1899 resurrectionem
1237 1855 1496 1916 operatus
1523 1856 1628 1911 est,
1665 1857 1719 1901 et
1751 1849 1816 1902 ad
1842 1848 2002 1918 hujus

427 1930 563 1986 lucis
589 1933 931 2000 splendorem
955 1933 1147 1988 iterum
1175 1937 1406 1990 reduxit.
1433 1936 1713 2003 Quomodo
1731 1938 1911 1994 dicam
1936 1941 2002 1996 de

425 2037 559 2092 pura
601 2024 763 2078 etiam
800 2026 1106 2092 divinitate,
1150 2009 1450 2096 per-quam
1499 2029 1782 2084 mulierem
1814 2047 2002 2099 quam-

426 2113 546 2166 dam
596 2112 853 2170 ineﬂ'abili
915 2121 1074 2172 modo
1120 2118 1390 2184 intuitus,
1441 2134 1672 2190 eamque
1717 2135 1818 2176 suo
1864 2123 2001 2176 dun-

426 2215 578 2260 taxat
638 2205 908 2276 colloquio
971 2208 1265 2278 dignatus,
1329 2225 1518 2265 sanam
1587 2226 1779 2268 rursus
1839 2223 2002 2282 atque

422 2299 567 2352 omni
614 2304 802 2353 morbo
845 2299 1070 2355 liberam
1113 2303 1392 2356 ostendit?
1435 2302 1570 2370 Quis
1617 2314 1801 2359 autem
1842 2305 2003 2374 digne

423 2392 690 2460 praedicet
707 2392 822 2462 ejus
854 2392 1164 2448 immortale
1196 2394 1424 2462 factum,
1455 2411 1551 2464 per
1578 2398 1720 2466 quod
1762 2397 1854 2466 qui
1879 2411 2006 2451 con-

423 2485 574 2538 tinuo
616 2493 670 2539 et
709 2485 800 2539 diu
835 2485 1156 2541 absumente
1209 2489 1398 2542 morbo
1429 2489 1793 2554 detinebatur,
1840 2504 2003 2544 mem-

421 2574 535 2630 bris
580 2576 834 2631 omnibus
876 2576 1068 2632 solutis
1100 2587 1263 2648 atque
1288 2579 1744 2648 divulsisjacens,
1785 2591 2002 2651 repente

425 2666 610 2720 dlvino
663 2667 1058 2724 medicamento
1103 2680 1350 2738 sanatus,
1405 2673 1688 2742 grabatum
1743 2689 1900 2728 suum
1946 2674 1999 2728 in

424 2769 532 2824 quo
567 2755 808 2824 iacebat,
859 2759 1104 2814 humeris
1145 2761 1423 2830 imposuit,
1471 2771 1524 2818 et
1557 2762 1747 2819 laudes
1793 2765 1998 2833 gratia-

424 2862 544 2901 rum
595 2848 829 2904 actionis
879 2849 1128 2917 fundens,
1183 2867 1276 2921 per
1313 2855 1540 2923 patriam
1589 2865 1643 2908 et
1688 2855 1823 2910 fines
1872 2871 2002 2912 suos

423 2937 706 2994 cucurrit?
750 2950 806 2995 et
837 2940 1078 2997 divinum
1129 2959 1194 2997 ac
1229 2944 1476 2998 stabilem
1520 2946 1637 3014 ejus
1673 2947 1997 3017 ingressum,

423 3043 530 3098 quo
559 3030 837 3098 incedens,
876 3041 932 3087 et
959 3034 1188 3088 saeviens
1237 3049 1387 3090 mare
1429 3034 1652 3091 calcans
1681 3038 1998 3101 connexuit,

422 3132 477 3176 et
515 3121 712 3178 divinis
762 3125 1003 3195 vestigiis
1049 3126 1463 3195 profundissimi
1507 3131 1674 3183 maris
1718 3129 2000 3186 humorem

423 3215 716 3283 compegit,
761 3223 816 3269 et
865 3229 961 3284 per
1008 3215 1246 3270 medium
1281 3215 1504 3285 pelagus
1539 3217 1684 3271 nulla
1721 3218 2003 3288 profundi-

424 3303 553 3359 tatis
601 3318 854 3358 mensura
906 3303 1231 3371 definitum,
1283 3308 1436 3376 quasi
1497 3323 1592 3376 per
1645 3318 1845 3363 terram
1900 3309 2005 3364 iter

427 3395 574 3459 fecit,
612 3403 667 3450 et
693 3395 993 3465 simplicem
1026 3397 1368 3466 patientiam,
1415 3415 1511 3469 per
1536 3413 1699 3469 quam
1738 3399 1793 3454 in
1825 3401 2002 3456 omni-

431 3488 530 3541 bus
567 3486 763 3552 victor,
814 3486 1188 3557 insipientium
1239 3491 1564 3560 populorum
1605 3493 2002 3547 contumaciam

425 3578 685 3643 edomuit,
744 3587 799 3634 et
832 3581 1089 3635 domitam
1135 3596 1322 3637 eorum
1375 3583 1654 3652 ferociam,
1697 3585 1885 3654 procul
1934 3586 2003 3639 ab

424 3668 491 3724 iis
535 3671 931 3740 peregrinatus,
994 3672 1095 3742 legi
1145 3675 1415 3746 subjecit;
1473 3685 1527 3730 et
1576 3677 1663 3730 illa
1717 3677 1897 3732 dii-ina
1947 3687 2001 3734 et

423 3762 659 3814 maxima
705 3762 824 3832 ejus
879 3762 1186 3820 divinitatis
1231 3781 1432 3837 opera,
1485 3767 1682 3836 quibus
1727 3768 1995 3834 vivimus,

421 3853 617 3918 quibus
659 3855 1047 3924 approhamur,
1088 3859 1398 3928 quicunque
1438 3874 1546 3914 non
1595 3859 1766 3915 solum
1808 3860 2001 3917 futura:

423 3940 777 3998 beatitudinis
827 3958 978 4012 spem
1025 3957 1423 4016 exspectamus,
1471 3949 1566 4005 sed
1597 3950 2000 4021 quodammodo

415 4030 526 4100 jam
568 4033 852 4087 tenemus?
892 4033 1004 4105 Ego
1051 4036 1270 4104 quidem
1316 4037 1515 4108 exiguo
1568 4041 1832 4098 orationis
1869 4057 2000 4097 mea:

421 4135 680 4194 apparatu
711 4124 830 4196 plus
869 4141 973 4182 non
1009 4128 1180 4182 audeo
1213 4129 1414 4194 dicere,
1445 4146 1606 4200 quam
1648 4133 1751 4188 hoc
1797 4134 1995 4201 solum,

421 4217 655 4270 animam
689 4234 861 4273 meam
889 4220 1243 4289 justificatam
1273 4223 1327 4277 in
1358 4224 1680 4279 sinceritate
1730 4240 1826 4280 seu
1857 4227 1997 4296 puri-

419 4315 530 4362 tate
556 4310 764 4363 versari
805 4319 1080 4379 oportere.
1108 4312 1295 4379 Qualis
1319 4313 1485 4382 igitur
1509 4323 1593 4368 est
1640 4316 1995 4384 omnipotens

2103 1844 2193 1906 λος
2225 1844 2495 1914 πέφηνενς
2527 1841 2643 1896 ἀλλ’
2669 1842 2823 1903 ὅπως
2870 1841 3230 1903 ἀνέπνευσαν,
3261 1838 3348 1892 διὰ
3393 1839 3490 1909 τῆς
3521 1837 3688 1891 αὐτοῦ

2106 1934 2381 2005 προνοίας,
2408 1933 2657 1986 τοσοῦτοι
2699 1932 2883 2001 δῆμοι,
2920 1933 3077 1994 ὅσους
3121 1931 3242 1984 οὐδέ
3276 1929 3494 2001 ἀριθμῷ
3528 1946 3690 2000 περι-

2103 2023 2284 2078 λαϐεῖν
2317 2018 2531 2090 οἷόντε,
2565 2025 2737 2095 μικρᾷ
2766 2041 2873 2076 τινι
2908 2027 3103 2095 τροφή,
3140 2024 3236 2076 καὶ
3271 2022 3576 2092 ἐλαχίστοις
3613 2037 3692 2074 σι-

2102 2115 2236 2176 τίοις
2255 2131 2270 2148 ο
2297 2115 2390 2167 καὶ
2416 2115 2600 2185 μόνοις
2629 2114 2723 2167 δύο
2750 2113 2946 2184 ἰχθύσι,
2984 2118 3049 2186 τῇ
3078 2112 3268 2168 τούτου
3296 2114 3415 2184 θείᾳ
3439 2113 3686 2183 προνοίᾳ;

2103 2205 2194 2258 καὶ
2224 2204 2476 2276 Λαζάρου
2521 2205 2661 2276 μετά
2693 2207 2791 2275 τὴν
2824 2205 3085 2275 τελευτὴν
3115 2204 3346 2275 βραχείᾳ
3376 2205 3482 2258 τινὶ
3508 2205 3690 2275 ῥάϐδῳ

2103 2295 2400 2349 ἀνάστασιν
2427 2296 2722 2365 πεποίηκε,
2760 2295 2855 2347 καὶ
2887 2296 2968 2358 είς
2995 2293 3092 2364 τὴν
3120 2293 3212 2346 τοῦ
3237 2294 3414 2362 φωτὸς
3442 2293 3693 2365 λαμπρό-

2103 2403 2241 2456 τητα
2266 2382 2425 2448 αὖθις
2465 2386 2730 2455 ἀνήγαγε.
2779 2384 2903 2448 Πῶς
2931 2385 2976 2437 δ’
3009 2385 3075 2438 ἂν
3124 2385 3334 2454 εἴποιμι
3376 2382 3473 2454 τὴν
3517 2383 3692 2454 ἁγνὴν

2104 2478 2270 2533 αὐτοῦ
2311 2477 2563 2548 θεότητα,
2605 2477 2654 2530 δί
2685 2473 2755 2549 ἧς
2799 2477 3036 2546 γυναῖκά
3074 2495 3196 2531 τινα
3231 2476 3691 2550 ἀπορρητοτέρως

2103 2569 2464 2639 θεασάμενος,
2499 2571 2593 2622 καὶ
2617 2569 2714 2639 τῆς
2747 2567 2943 2622 ἐαυτοῦ
2973 2568 3191 2639 ὁμιλίας
3224 2568 3390 2638 μόνης
3415 2563 3690 2629 καταξιώ-

2106 2678 2224 2725 σας,
2256 2661 2385 2730 ὐγιᾶ
2414 2679 2472 2714 τε
2495 2657 2672 2726 αὖθις,
2706 2662 2801 2714 καὶ
2833 2661 3032 2724 παντὸς
3067 2662 3373 2731 νοσήματος
3395 2659 3690 2730 ἐλευθέραν

2104 2752 2306 2819 ibatis;
2335 2754 2418 2816 τίς
2445 2754 2492 2806 δ’
2525 2753 2593 2808 ἂν
2625 2753 2746 2807 κατ’
2780 2754 2941 2821 ἀξίαν
2963 2755 3109 2806 εἴποι
3137 2752 3304 2806 αὐτοῦ
3333 2752 3392 2805 τὸ
3418 2753 3690 2805 ἀθάνατον

2103 2845 2285 2916 ἔργον,
2320 2845 2388 2898 δι’
2431 2839 2490 2899 οὗ
2527 2863 2610 2909 τις
2657 2848 2871 2916 συνεχεῖ
2901 2847 2994 2898 καὶ
3031 2845 3220 2916 μακρᾷ
3247 2843 3404 2897 νόσου
3437 2842 3687 2913 τηκεδόνι

2103 2937 2425 3001 ἀναλωθεὶς,
2454 2937 2549 2992 καὶ
2577 2937 2687 2990 τῶν
2720 2937 2900 3008 μελῶν
2931 2935 3098 2989 αὐτοῦ
3122 2935 3393 3006 χυθέντων
3427 2935 3520 2987 καὶ
3569 2935 3685 2986 δια-

2109 3027 2455 3082 σπασθέντων
2503 3030 2642 3083 ὅλων
2685 3029 2957 3099 κείμενος,
3008 3029 3162 3097 ἄφνω
3192 3026 3322 3098 θείῳ
3360 3027 3541 3095 ίάματι
3571 3027 3672 3096 ῥω-

2109 3120 2277 3186 σθεὶς,
2301 3121 2432 3174 αὐτὸ
2465 3121 2524 3174 τὸ
2559 3121 2897 3191 σκιμπόδιον,
2934 3121 3018 3190 ἐφ’
3141 3119 3340 3185 ἔκειτο,
3373 3122 3486 3181 τοῖς
3510 3117 3674 3187 ὤμοις

2105 3212 2364 3282 ἐπέθηκε,
2397 3212 2492 3266 καὶ
2524 3212 2876 3282 εὐχαριστίας
2905 3210 3158 3274 ἐπαίνους
3200 3209 3434 3279 διαχέων
3455 3250 3469 3274 ,
3499 3207 3586 3260 διά
3615 3221 3677 3258 τε

2103 3304 2201 3374 τῆς
2231 3303 2512 3375 πατρίδος,
2555 3303 2649 3357 καὶ
2689 3303 2790 3373 τῆς
2831 3303 3044 3374 ἐνορίας
3082 3302 3412 3373 διέδραμεν;
3455 3299 3587 3353 ἀλλά
3619 3296 3682 3350 τὸ

2104 3396 2246 3448 θεῖον
2275 3395 2462 3460 αὐτοῦ,
2499 3395 2593 3448 καὶ
2636 3393 2908 3465 σταθηρδν
2953 3394 3223 3464 βάδισμα,
3266 3393 3341 3455 ὼς
3387 3391 3682 3444 ἐπιὸαίνων

2102 3486 2200 3556 τὴν
2240 3485 2438 3557 ἀγρίαν
2482 3485 2759 3540 θάλασσαν
2799 3485 3199 3555 καταπατήσας
3241 3482 3499 3546 ἐπέζευσε
3524 3521 3541 3546 ,
3585 3482 3683 3534 καὶ

2101 3580 2215 3642 τοῖς
2241 3577 2408 3641 θείοις
2436 3577 2608 3647 ἴχνεσι
2638 3578 2737 3646 τῆς
2769 3577 3076 3649 βαθυτάτης
3097 3576 3367 3646 θαλάττης
3398 3576 3497 3647 τὴν
3526 3575 3683 3645 ὑγρό-

2101 3687 2239 3741 τητα
2266 3670 2456 3741 ἔπηξε,
2490 3672 2585 3724 καὶ
2631 3671 2720 3724 διά
2764 3671 2933 3740 μέσου
2984 3669 3256 3740 πελάγους
3291 3668 3466 3722 οὐδενὶ
3500 3667 3684 3738 μέτρῳ

2103 3762 2404 3833 βαθύτητος
2449 3761 2925 3833 περιοριζομένου,
2984 3761 3074 3815 διὰ
3126 3763 3250 3832 γῆς,
3307 3761 3407 3833 τὴν
3455 3758 3683 3829 πορείαν

2103 3855 2438 3924 ἐποιήσατο;
2479 3853 2617 3906 ἀλλά
2659 3851 2757 3925 τὴν
2802 3854 2969 3922 ήπίαν
3008 3849 3171 3907 αὐτοῦ
3201 3851 3572 3916 ἀνεξικακίαν,
3611 3849 3681 3903 δι’

2097 3941 2166 4019 ἧς
2201 3945 2428 4016 νικητής
2459 3943 2554 4011 ὢν,
2583 3946 2640 3999 ἐν
2675 3946 2810 3998 πᾶσι
2833 3945 2939 3999 τῶν
2969 3946 3212 4017 ἀνοήτων
3241 3944 3428 4015 δήμων
3458 3943 3557 4013 τὴν
3582 3941 3677 3993 αὐ-

2099 4038 2318 4093 θάδειαν
2345 4037 2610 4109 ἐδάμασε,
2648 4038 2743 4092 καὶ
2791 4037 3168 4109 δαμασθεῖσαν
3212 4037 3402 4109 πόῤῥω
3443 4033 3537 4087 ἀπ’
3581 4031 3679 4086 αὐ-

2097 4131 2204 4185 τῶν
2241 4131 2582 4202 διαχωρίζων
2609 4131 2709 4201 τὴν
2735 4131 3057 4202 ἀγριότητα,
3101 4129 3176 4201 τῷ
3200 4129 3348 4200 νόμῳ
3375 4126 3676 4191 ὐπέταξενς

2095 4222 2210 4276 ἀλλ’
2242 4224 2424 4275 ἐκεῖνα
2452 4223 2520 4275 τὰ
2571 4221 2943 4294 ὑπέρλαμπρα
2987 4220 3084 4274 καὶ
3119 4220 3354 4292 μέγιστα
3380 4220 3478 4288 τῆς
3509 4215 3673 4270 αὐτοῦ

2097 4313 2372 4384 θεότητος,
2425 4308 2506 4378 οἷς
2553 4313 2756 4384 ζῶμεν,
2811 4308 2891 4377 οἷς
2932 4310 3292 4383 εὐδοκοῦμεν,
3332 4311 3524 4372 οἵτινες
3573 4309 3674 4378 τῆς

418 4401 560 4458 Deus
588 4403 678 4472 qui
716 4403 915 4458 ccelum
953 4405 1189 4468 habitat,
1217 4406 1361 4459 circa
1396 4413 1566 4459 totum
1601 4420 1769 4474 genus
1797 4408 1993 4461 buma-

2101 4403 2402 4474 μελλούσης
2441 4403 2789 4472 εὐδαιμονίας
2826 4405 2926 4477 τὴν
2968 4404 3155 4457 ἐλπίδα
3199 4404 3258 4457 οὐ
3306 4403 3466 4474 μόνον
3502 4416 3672 4470 προσ-

417 4508 568 4558 num,
603 4495 838 4550 maxime
880 4506 1061 4549 autem
1106 4510 1170 4549 ac
1217 4495 1487 4564 praecipue
1523 4496 1665 4550 circa
1699 4498 1995 4566 pulcherri-

415 4598 581 4649 mam,
631 4592 685 4639 et
718 4586 865 4638 omni
914 4585 1071 4639 laude
1119 4588 1376 4654 majorem
1402 4583 1694 4651 justitiam,
1747 4589 1992 4659 quando-

412 4674 633 4742 quidem
663 4676 940 4744 proprium
970 4675 1210 4728 divinum
1245 4672 1504 4741 Spiritum
1539 4679 1732 4734 merito
1761 4683 1992 4737 sanctis-

415 4763 610 4818 simum
665 4763 836 4834 ipsius
879 4777 1081 4832 corpus
1132 4763 1457 4831 inhabitare,
1514 4775 1567 4820 et
1613 4769 1692 4824 sic
1736 4771 1990 4826 omnibus

418 4855 670 4910 humanis
708 4855 1033 4925 corporibus
1063 4854 1357 4910 salutarem
1391 4871 1512 4913 esse
1539 4862 1760 4932 dignum
1791 4865 1943 4917 duxit
1969 4865 1992 4918 ?

415 4948 472 5003 Si
499 4949 714 5018 quidem
749 4947 1015 5000 immensa
1050 4946 1282 5002 hostium
1309 4948 1538 5018 insania,
1570 4959 1723 5021 quasi
1753 4955 1989 5025 caligine

413 5040 643 5108 quadam
679 5037 1002 5108 perniciosas
1047 5037 1252 5093 umbra:
1297 5040 1544 5109 confusa,
1589 5046 1988 5100 sanctissimam

413 5140 467 5186 et
503 5130 799 5186 salutarem
836 5128 1226 5197 omnipotentis
1255 5130 1347 5187 Dci
1377 5133 1783 5205 dispositionem
1819 5139 1990 5193 inter-

413 5222 617 5291 pretari
669 5235 776 5273 non
825 5217 1037 5275 dubitat
1087 5221 1370 5280 :breviter
1418 5226 1471 5281 id
1527 5243 1658 5299 ego,
1723 5238 1990 5299 quatenus

415 5315 549 5367 fides
591 5321 645 5366 et
695 5311 860 5364 animi
906 5310 1224 5379 justifieatio
1264 5317 1573 5374 facultatem
1620 5321 1832 5377 dicendi
1903 5323 1990 5378 de-

416 5403 577 5467 derit,
610 5417 868 5459 enarrare
895 5407 1134 5462 tentabo.
1166 5407 1232 5463 Et
1261 5410 1481 5478 quidem
1515 5411 1705 5467 harmn
1739 5415 1981 5484 gentium

416 5509 595 5564 pravze
618 5494 902 5564 opiniones
930 5497 980 5552 id
1015 5499 1361 5569 impudentiae
1392 5519 1561 5573 genus
1610 5505 1897 5571 inducunt,
1929 5517 1985 5560 ut

411 5601 510 5639 ore
576 5583 741 5655 impio
793 5587 975 5644 dicere
1043 5607 1146 5647 non
1205 5606 1589 5664 expavescant,
1649 5595 1816 5651 Deum
1876 5612 1985 5654 om-

415 5677 743 5756 nipotentem
852 5684 1031 5738 omnia
1085 5700 1202 5754 qua:
1257 5685 1436 5742 divina
1508 5688 1625 5760 lege
1680 5698 1978 5755 notantur,

2094 4495 2363 4565 δοκῶμεν,
2410 4493 2525 4548 ἀλλ’
2563 4493 2752 4567 ὥσπερ
2789 4497 2899 4548 τινὶ
2946 4495 3132 4567 τρόπῳ
3182 4495 3283 4566 ’ήδη
3335 4493 3670 4562 κατέχομεν;

2094 4587 2158 4640 Τί
2191 4587 2352 4639 πλέον
2383 4585 2568 4656 τολμῶ
2597 4586 2776 4655 λέγειν
2819 4587 2912 4641 καὶ
2969 4587 3085 4658 μετ’
3130 4587 3300 4656 αὐτῆς
3335 4586 3435 4656 τῆς
3471 4586 3672 4657 μικρᾶς

2092 4679 2186 4731 τοῦ
2231 4677 2391 4746 λόγου
2447 4681 2822 4750 παρασκευῆς,
2872 4681 2921 4734 εἰ
2969 4681 3042 4751 μὴ
3102 4681 3263 4752 μόνον
3311 4680 3488 4744 τοῦτο,
3533 4679 3670 4747 ὅπερ

2093 4769 2192 4839 τῆς
2219 4770 2362 4840 ἐμῆς
2406 4769 2838 4844 καθωσιωμένης
2893 4771 3074 4843 ψυχῆς
3124 4771 3366 4826 συνεῖναι
3409 4771 3514 4842 χρὴ
3569 4771 3668 4840 τὴν

2093 4859 2476 4932 καθαρότητα;
2521 4863 2737 4926 Ὃποῖος
2783 4865 2964 4918 τοίνυν
3019 4865 3168 4918 ἐστὶν
3213 4867 3241 4918 ὁ
3293 4864 3668 4934 πολυδύναμος

2091 4953 2243 5020 Θεὸς,
2280 4955 2309 5006 ὁ
2333 4955 2426 5009 τὸν
2450 4955 2679 5026 οὐρανὸν
2711 4957 2897 5024 οίκῶν,
2931 4958 3029 5012 καὶ
3063 4959 3190 5028 περὶ
3221 4959 3327 5012 πᾶν
3360 4958 3422 5011 τὸ
3453 4956 3665 5026 ἀνθρὼ-

2091 5063 2246 5100 πινον
2269 5047 2447 5115 γένος,
2479 5048 2718 5119 μάλιστα
2746 5050 2803 5104 δὲ
2833 5051 2926 5104 xati.
2952 5051 3248 5120 ἐξαιρέτως
3272 5051 3401 5122 περὶ
3415 5049 3513 5120 τὴν
3538 5048 3665 5102 καλ-

2089 5137 2278 5208 λίστην
2321 5142 2418 5194 καὶ
2475 5143 2676 5207 παντὸς
2725 5143 2952 5197 ἐπαίνου
3009 5143 3231 5214 μείζονα
3279 5142 3658 5212 δικαιοσύνην;

2087 5229 2250 5283 ὁπότε
2272 5231 2366 5284 καὶ
2395 5231 2488 5285 τοῦ
2533 5233 2664 5286 ἰδίου
2707 5234 2852 5287 θείου
2894 5234 3215 5305 Πνεύματος
3259 5234 3318 5288 τὸ
3359 5232 3661 5302 ἁγιώτατον

2087 5318 2212 5373 κατ’
2239 5319 2397 5386 ἀξίαν
2424 5321 2582 5392 σῶμα
2615 5323 2950 5387 ἐνοικοῦντος
2985 5322 3156 5394 αὐτῷ,
3193 5324 3287 5376 καὶ
3311 5322 3453 5376 οὕτω
3488 5338 3662 5391 σωτη-

2089 5409 2282 5486 ριῶδες
2310 5412 2438 5474 τοῖς
2453 5411 2818 5483 ἀνθρωπίνοις
2843 5415 3090 5485 σώμασιν
3132 5409 3272 5469 εἶναι
3302 5412 3656 5484 κατηξίωσεν.

2100 5501 2316 5573 Ἐπειδὴ
2336 5497 2429 5556 οὖν
2453 5504 2582 5574 περὶ
2604 5505 2701 5575 τῆς
2733 5505 2902 5570 οὕτως
2936 5507 3246 5576 ἁγιωτάτης
3271 5505 3364 5558 καὶ
3394 5502 3656 5575 σωτηρίου

2083 5598 2185 5667 τῆς
2213 5598 2392 5652 πάντα
2411 5597 2717 5672 δυναμένης
2741 5600 2878 5654 Θεοῦ
2911 5602 3139 5666 τάξεως,
3165 5601 3402 5672 ἄμετρος
3429 5598 3535 5651 τῶν
3565 5599 3656 5667 ἐχ-

2085 5689 2231 5758 θρῶν
2280 5690 2468 5760 μανία,
2519 5691 2706 5766 ὥσπερ
2759 5694 2918 5766 ἀχλύῐ
2975 5695 3082 5748 τινὶ
3127 5692 3510 5762 συγκεχυμένη
3562 5693 3652 5744 ἐπ·
