4070 6384
934 269 960 292 l

380 287 514 354 1337

1255 293 1625 354 HISTORIA
1663 293 1996 356 CONCILII
2037 294 2342 355 NIC/ENI.
2381 321 2452 329 -
2490 297 2637 356 LIB.
2682 299 2762 357 ll.

3515 307 3650 369 1238

374 411 618 482 ολεθρίου
652 411 996 482 σκαιότητος,
1035 413 1334 484 ἑρμηνείαν
1373 413 1646 468 ποιεῖσθαι
1672 414 1771 467 οὐκ
1795 414 1953 483 ἀμφι-

2065 427 2240 482 neque
2288 429 2530 478 creasse,
2579 431 2753 486 neque
2801 430 2990 472 creare
3049 419 3306 476 voluisse.
3360 420 3404 475 0
3458 437 3646 478 vocem

375 504 590 557 ὂάλλει·
627 503 714 556 διὰ
747 503 994 573 βραχέων
1026 507 1106 568 είς
1157 507 1282 558 ὅσον
1317 507 1349 576 ὴ
1399 505 1580 568 πίστις
1614 507 1711 559 καὶ
1743 508 1777 574 ἠ
1815 505 1950 558 καθ-

374 596 596 657 οσίωσις
627 594 728 662 τῆς
759 595 935 665 ψυχῆς
982 597 1082 666 τῆς
1127 598 1266 667 ἐμῆς
1299 597 1394 650 τοῦ
1417 596 1598 665 λέγειν
1618 638 1632 661 ,
1691 595 1955 666 εὐπορίαν

373 683 761 750 δαψιλεύεται,
792 685 1160 756 διηγήσασθαι
1205 687 1557 758 πειράσομαι.
1601 686 1710 740 Καὶ
1743 685 1852 756 γὰρ
1899 686 1957 737 αἱ

373 775 578 828 τούτων
612 775 719 828 τῶν
753 775 921 829 ἐθνῶν
951 778 1227 830 κακόνοιαι
1274 776 1515 831 τοιοῦτον
1547 777 1702 846 γένος
1741 777 1957 843 εἰσάγει

377 863 740 936 [εἰσάγουσιν]
779 866 1188 936 ἀναισχυντίας,
1232 865 1374 921 ὥστε
1402 865 1592 920 ἀσεϐεῖ
1619 866 1848 936 στόματι
1880 866 1956 935 μὴ

374 958 680 1027 φοϐηθῆναι
731 962 930 1023 εἰπεῖν,
987 961 1078 1014 τὸν
1115 961 1270 1024 Θεὸν,
1315 961 1409 1014 τὸν
1457 959 1955 1029 παντοδυνάμενον,

374 1051 551 1104 πάντα
573 1051 640 1104 τὰ
659 1051 738 1122 τῷ
765 1052 895 1122 θείῳ
912 1054 1062 1124 νόμῳ
1086 1052 1393 1123 δηλούμενα
1411 1053 1548 1124 μήτε
1576 1052 1954 1121 πεποιηκέναι,

377 1146 510 1212 μήτε
548 1145 772 1213 ποιῆσαι
803 1145 1183 1214 βεϐουλῆσθαι.
1215 1147 1277 1199 Ὢ
1301 1148 1400 1216 τῆς
1438 1145 1696 1216 τοιαύτης
1724 1143 1956 1206 ἀσεϐοῦς

374 1235 577 1305 φωνῆς,
611 1237 712 1306 τῆς
747 1239 870 1292 κατ’
901 1237 1060 1302 ἀξίαν
1089 1239 1308 1293 ἅπασαν
1342 1237 1652 1309 ὑπερϐολὴν
1683 1235 1957 1306 τιμωρίας

375 1324 494 1378 καθ’
525 1328 727 1397 ἑαυτῆς
773 1329 1146 1399 ἐπαιτούσηςε
1183 1329 1372 1392 Οὕτως
1421 1327 1686 1399 ἐμμανῶς
1714 1327 1812 1380 καὶ
1841 1327 1960 1380 τολ-

376 1415 566 1486 μηρῶς
617 1421 718 1489 τῆς
754 1419 904 1483 Θείας
939 1422 1150 1491 ταύτης
1182 1420 1503 1491 εὐεργεσίας
1542 1420 1641 1491 τὴν
1674 1418 1832 1483 δόξαν
1861 1419 1957 1489 τὴν

376 1507 567 1577 μηδενὶ
627 1510 738 1563 τῶν
794 1510 1102 1583 ἀνθρώπων
1156 1511 1564 1583 περιληφθῆναι
1624 1509 1954 1580 δυναμένην,

373 1601 552 1670 ἀφανῆ
581 1603 922 1673 καταστῆσαι
953 1605 1234 1674 ἐπιθυμεῖ.
1265 1605 1330 1658 Τί
1360 1603 1470 1675 γάρ
1499 1602 1699 1674 μᾶλλον
1729 1603 1762 1673 ἢ
1795 1603 1956 1671 ἀγνό-

372 1710 469 1761 της
521 1691 667 1758 ἄξιον
711 1695 804 1748 τοῦ
834 1695 1008 1763 Θεοῦ;
1077 1697 1200 1766 ἥτις
1232 1699 1295 1750 ἐκ
1340 1695 1443 1766 τῆς
1484 1696 1794 1766 ἁγιωτάτης
1833 1697 1956 1766 ὀμι-

2062 505 2316 574 impiam,
2386 514 2440 559 et
2505 520 2624 576 quas
2691 508 2852 573 digne
2909 511 3442 580 omnemosupplicii
3512 527 3648 566 exu-

2061 598 2364 653 berantiam
2403 599 2456 653 in
2489 614 2548 654 se
2582 601 2852 668 postulat!
2878 602 3028 658 Itane
3057 603 3246 657 insane
3294 618 3358 658 ac
3386 606 3649 661 audacter

2059 691 2225 744 divini
2261 689 2420 760 hujus
2455 691 2705 748 benelicii
2754 693 2980 765 gloriam
3003 732 3022 761 ,
3067 710 3229 765 quam
3255 696 3434 750 nullus
3484 697 3649 752 homo

2060 788 2236 847 potest
2260 782 2742 850 comprehendere,
2793 783 3011 838 inanem
3061 785 3295 839 reddere
3327 787 3650 842 desiderat?

2057 868 2198 935 Quid
2231 871 2377 925 enim
2407 873 2649 940 puritate
2696 874 2806 928 Deo
2845 873 3106 943 dignius?
3139 889 3260 944 qua:
3290 891 3356 930 ex
3405 879 3642 932 sanctis-

2057 961 2192 1015 sima
2232 961 2352 1030 ejus
2387 963 2805 1019 conversatione
2833 977 2954 1017 cum
2990 962 3386 1032 fontejustitize
3424 980 3643 1034 proma-

2058 1053 2228 1118 navit,
2275 1061 2330 1108 et
2372 1070 2468 1123 per
2502 1064 2672 1109 totum
2699 1055 2852 1110 orbis
2888 1055 3179 1110 circuitum
3229 1056 3532 1121 inundavit,
3590 1065 3646 1112 et

2057 1142 2526 1198 sanctissimarum
2577 1146 2841 1199 virtutum
2883 1144 3172 1199 facultates
3208 1145 3520 1199 hominibus
3548 1146 3646 1201 de-

2059 1234 2406 1298 monstravit,
2433 1248 2570 1303 quas
2593 1235 2947 1305 Assyriorum
2987 1235 3190 1312 all‘ectu_
3211 1236 3313 1290 sibi
3356 1236 3505 1302 prius
3537 1237 3643 1291 ini-

2059 1322 2232 1377 micas
2280 1323 2668 1379 existimarunt
2715 1343 2727 1379 :
2785 1341 3017 1394 quorum
3078 1324 3279 1379 malum
3333 1326 3654 1395 exemplum:

2059 1413 2413 1476 antecedens,
2450 1413 2690 1482 reliquas
2727 1424 2917 1481 gentes
2971 1429 3029 1469 se
3073 1415 3184 1469 illis
3219 1415 3652 1469 accommodare-

2058 1503 2347 1572 persuasit.
2381 1503 2440 1558 ln
2489 1505 2731 1574 quibus,
2782 1513 2842 1560 ut
2887 1520 2986 1560 nos
3039 1507 3257 1575 proprio
3306 1507 3648 1561 theoremate

2054 1597 2495 1664 comprobatnus,
2547 1595 2856 1652 Salvatoris
2887 1597 3061 1651 nosui
3108 1596 3209 1651 Dei
3253 1597 3492 1651 divinam
3531 1598 3644 1651 cle-

2057 1686 2319 1740 mentiam
2345 1685 2628 1754 cooperari
2656 1687 2938 1752 videmus;
2963 1685 3403 1756 quandoquidem
3437 1696 3491 1739 et
3513 1701 3646 1754 quo-

371 1754 489 1846 λίας
539 1754 680 1855 μετά
729 1787 828 1858 τῆς
869 1754 1054 1858 πηγῆς
1083 1754 1196 1858 τῆς.
1215 1754 1566 1858 δικαιοσύνης
1595 1754 1951 1858 προελῆλυθε,

2062 1779 2191 1834 tidie
2216 1789 2270 1834 et
2307 1779 2556 1850 pluribus
2600 1778 2759 1834 annis
2796 1779 3014 1835 illorum
3058 1754 3327 1834 insaniam
3365 1779 3644 1834 ferventer

373 1876 464 1928 xui
493 1876 583 1930 διὰ
611 1877 793 1949 πάσης
822 1879 922 1948 τῆς
965 1880 1219 1950 περιόδου
1257 1881 1356 1950 τῆς
1385 1881 1713 1951 οἰκουμένης
1739 1881 1953 1950 ἐπλήμ-

375 1986 532 2038 μυρε,
561 1969 780 2033 καὶτὰς
817 1970 1081 2041 δυνάμεις
1116 1972 1226 2024 τῶν
1259 1973 1576 2040 ἁγιωτάτων
1604 1972 1812 2042 ἀρετῶν
1842 1974 1955 2035 τοῖς

372 2059 683 2132 ἀνθρώποις
723 2061 1018 2128 ἐπέδειξεν,
1053 2062 1244 2132 ὥσπερ
1277 2063 1491 2126 ἑαυτοῖς
1517 2063 1731 2134 πρῶτον
1755 2062 1956 2131 ἐχθρὰς

371 2153 688 2222 νομίσαντες
715 2155 878 2208 πάθει
904 2154 1011 2209 τῶν
1051 2155 1354 2225 Ἀσσυρίων
1373 2171 1387 2184 °
1426 2149 1508 2216 οἷς
1540 2152 1954 2224 προηγουμένου

370 2239 464 2292 τοῦ
519 2242 731 2309 φαύλου
798 2243 1283 2314 παραδείγματος,
1338 2247 1434 2298 καὶ
1489 2245 1558 2297 τὰ
1610 2243 1772 2294 λοιπά
1826 2241 1953 2312 ἔθνη

371 2333 662 2388 συνθέσθαι
707 2336 894 2399 αὐτοῖς
939 2337 1258 2408 ἀνεπείσθη.
1303 2337 1394 2391 Ἑν
1437 2333 1540 2400 οἷς,
1577 2335 1767 2402 ὥσπερ
1793 2335 1954 2405 ἡμεῖς

350 2423 478 2494 ἰδίᾳ
519 2424 725 2496 θεωρία
772 2425 1164 2497 δοκιμάζομεν,
1221 2427 1314 2481 τὸν
1365 2425 1459 2479 τοῦ
1511 2425 1765 2496 Σωτῆρος
1800 2425 1955 2495 ἡμῶν

368 2513 504 2565 Θεοῦ
545 2513 688 2567 θεῖον
724 2517 940 2587 ὁρῶμεν
977 2519 1260 2588 συνεργεῖν
1285 2515 1486 2580 οἶκτον,
1517 2516 1678 2570 ὁπότε
1707 2515 1804 2569 καὶ
1834 2517 1954 2569 καθ’

369 2607 587 2676 ἡμέραν
619 2607 714 2660 καὶ
758 2608 901 2662 κατὰ
927 2609 1154 2680 χρόνους
1197 2607 1426 2672 πολλοὺς
1455 2607 1513 2674 ἐξ
1541 2607 1726 2660 αὐτῶν
1768 2608 1954 2678 πυρώ-

367 2696 489 2756 δους
523 2696 634 2766 [tua
663 2697 903 2769 πορώδη]
943 2697 1140 2768 μανίαν
1167 2698 1581 2769 οἰστρουμένην,
1611 2700 1640 2751 ὁ
1668 2699 1832 2762 αὐτὸς
1871 2702 1955 2763 είς

369 2786 469 2856 τὴν
497 2786 588 2839 τοῦ
618 2787 998 2858 σωτηριώδους
1029 2790 1260 2858 ἰάματος
1286 2789 1639 2856 ἀνεξικακίαν
1669 2789 1954 2843 ἐκέλευσεν

369 2879 614 2947 ἀνήκειν.
650 2880 761 2933 Καὶ
806 2880 929 2934 οὐδὲ
977 2879 1152 2944 οὕτως
1184 2882 1298 2943 τοῖς
1342 2879 1550 2944 λοιποῖς
1572 2881 1668 2948 τῆς
1700 2880 1954 2949 τοιαύτης

367 2969 691 3038 εὐεργεσίας
723 2970 784 3023 τὸ
835 2971 1067 3040 μέγεθος
1121 2971 1346 3025 δύναται
1382 2971 1518 3042 πρὸς
1551 2972 1712 3042 χάριν
1755 2971 1950 3047 ἐλθεῖν,

368 3059 466 3128 τὴν
507 3061 659 3131 παρὰ
692 3061 994 3132 ἀνθρώπων
1040 3063 1266 3130 ἄγνοιαν
1296 3063 1395 3134 τὴν
1441 3063 1593 3116 θείαν
1634 3063 1954 3117 δυναστείαν

368 3151 628 3207 δύνασθαι
655 3154 834 3209 πάντα
866 3154 1024 3221 λόγον
1050 3155 1287 3224 ὑψῶσαι,
1311 3156 1408 3210 καὶ
1445 3156 1523 3218 είς
1558 3155 1691 3223 ὕψος
1718 3156 1957 3226 ἀρθέντα

1981 3103 2024 3162 C

370 3243 800 3312 βεϐαιώσασθαι,
848 3245 1006 3309 αὖθις
1040 3245 1293 3299 καθελεῖν
1338 3247 1436 3300 καὶ
1482 3245 1769 3300 διαλῦσαι·
1820 3245 1988 3310 ἀλλὰ,

365 3338 571 3406 μᾶλλον
620 3340 733 3402 τοῖς
772 3338 1137 3410 ἀνθρωπίνοις
1185 3337 1512 3409 πράγμασιν
1573 3339 1835 3403 ἐναντίως
1889 3341 1956 3394 ἂν

368 3430 580 3500 ἀπέϐη,
622 3433 671 3483 εί
703 3433 732 3484 ὁ
777 3430 910 3494 Θεὸς
957 3433 986 3484 ό
1043 3431 1109 3484 τὰ
1142 3432 1320 3486 πάντα
1347 3431 1647 3503 δυνάμενος
1690 3432 1956 3504 σιωπηρῷ

367 3522 463 3590 τῆς
502 3521 668 3575 αὑτοῦ
720 3521 976 3592 θεότητος
1021 3521 1256 3591 νεύματι
1286 3524 1462 3577 πάντα
1495 3525 1758 3596 πράττειν
1816 3543 1953 3596 προ-

367 3612 535 3666 έθετο.
555 3613 772 3667 Μᾶλλον
797 3613 905 3683 γάρ
929 3613 996 3666 ἀν
1021 3614 1054 3683 ἡ
1081 3611 1200 3690 τῶν.
1216 3612 1522 3684 ἀνθρώπων
1544 3615 1714 3683 μανία
1737 3613 1956 3683 ἐγένετο

369 3705 559 3775 συχνὴ,
592 3707 685 3758 καὶ
721 3707 753 3776 ἡ
789 3705 1110 3776 ἀνθρωπεία
1145 3706 1246 3759 οὐκ
1290 3705 1490 3776 ἔχουσα
1535 3706 1708 3777 πέρας
1741 3707 1807 3760 ἂν
1855 3707 1954 3770 τάς

364 3795 540 3866 ψυχὰς
563 3795 867 3868 ἐπόρθησεν
889 3797 1012 3851 οὐδὲ
1047 3798 1112 3852 ἀν
1137 3796 1204 3850 τὰ
1225 3797 1361 3851 ἄλλα
1387 3796 1614 3850 πλεῖστα
1635 3798 1786 3863 ὄντα,
1809 3797 1913 3852 ἆπε
1922 3815 1955 3870 ρ

367 3891 422 3939 ἐν
459 3891 525 3959 τῇ
571 3887 668 3942 τοῦ
708 3888 916 3958 κόσμου
967 3889 1282 3958 ἀναστροφῇ
1313 3887 1414 3958 τὴν
1473 3888 1613 3940 ἰδίαν
1645 3888 1955 3959 λειτουργεῖ

364 3979 548 4046 τάξιν,
615 3980 954 4059 ἀναφανῆναι
1022 3979 1343 4049 δεδύνηταιο
1404 3978 1520 4032 ἀλλ’
1577 3981 1711 4050 ὁμοῦ
1775 3981 1956 4036 πάντα

369 4071 466 4138 μὲν
505 4071 604 4142 τῆς
633 4071 854 4144 [μεστά]
885 4073 1105 4140 ἀγνοίας
1158 4071 1254 4126 τοῦ
1287 4071 1468 4138 Θείου,
1510 4073 1717 4142 ταχέως
1744 4072 1818 4135 ἂν¹
1845 4073 1954 4125 ἀπ-

363 4161 582 4226 ολώλει,
634 4165 730 4217 τοῦ
771 4165 828 4218 δὲ
869 4164 1064 4233 φθόνου
1088 4167 1185 4220 καὶ
1218 4167 1317 4234 τῆς
1349 4164 1647 4236 βασκανίας
1679 4164 1741 4217 τὸ
1769 4165 1954 4219 ἄδικον

365 4250 535 4316 οὕτως
581 4253 782 4322 ὀλίγοις
823 4253 1034 4329 [ὀλίγῳ]
1098 4258 1422 4328 μεμενήκει.
1484 4256 1624 4309 Ἀλλ’
1672 4257 1850 4319 οὐδεὶς
1887 4255 1954 4309 ἂν

366 4343 575 4413 ηὑρέθη
619 4344 825 4416 ταύτης
868 4347 970 4417 τῆς
1005 4349 1304 4418 βασκανίας
1343 4348 1646 4419 ἀλλότριος,
1681 4348 1788 4401 τῶν
1820 4347 1954 4418 θρηιο

2057 1871 2420 1936 eoncitatam,
2461 1873 2514 1926 in
2567 1871 2826 1926 salutaris
2882 1871 3261 1928 medicamenti
3295 1871 3642 1925 tolerantiam

2055 1964 2344 2031 pervenire
2375 1963 2559 2032 jussit.
2593 1962 2782 2032 Neque
2815 1965 2896 2019 sic
2932 1971 3116 2020 tamen
3147 1964 3214 2018 ad
3254 1964 3496 2033 reliquos
3525 1963 3646 2033 ejus

2057 2055 2304 2111 beneﬁcii
2353 2057 2674 2126 magnitudo
2719 2057 2772 2112 in
2818 2058 3054 2126 gratiam
3091 2066 3273 2127 potest
3310 2059 3643 2127 pertingere,

2056 2151 2282 2204 utomni
2315 2152 2565 2207 oratione
2605 2151 2748 2206 inter
2791 2153 3041 2207 homines
3085 2139 3380 2222 piiritatem
3411 2163 3464 2206 et
3504 2151 3644 2207 divi-

2055 2258 2177 2295 nam
2215 2246 2518 2312 potentiam
2567 2244 2816 2299 exaltare
2867 2254 3108 2314 queant,
3159 2253 3212 2298 ct
3252 2243 3544 2298 exaltatam
3587 2243 3642 2297 in

2055 2334 2287 2388 sublime
2313 2335 2640 2391 conﬁrmare
2671 2356 2683 2391 :
2720 2337 2829 2391 imo
2859 2347 2918 2390 ut
2952 2338 3146 2391 iterum
3187 2337 3367 2406 potius
3405 2337 3642 2404 depone-

2057 2434 2196 2490 rent,
2231 2435 2395 2495 atque
2425 2427 2810 2492 dissolverent,
2851 2428 3110 2496 contigit;
3145 2427 3398 2494 quamvis
3430 2437 3550 2480 erat
3589 2429 3641 2481 id

2055 2517 2219 2572 rebus
2269 2517 2529 2572 humanis
2574 2517 2736 2586 plane
2795 2519 3110 2572 adversum.
3145 2517 3261 2571 Etsi
3310 2520 3455 2571 enim
3499 2518 3642 2571 Deus

2054 2607 2397 2679 omnipotens
2429 2609 2597 2664 tacito
2619 2625 2730 2665 suae
2753 2609 3068 2666 divinitatis
3090 2618 3220 2663 nutu
3245 2609 3428 2663 omnia
3457 2607 3640 2663 facere

2055 2701 2369 2770 proposuit;
2405 2702 2684 2757 hominum
2715 2711 2898 2756 tamen
2931 2701 3146 2755 insania
3179 2701 3520 2769 frequentior
3555 2699 3638 2752 fa-

2055 2801 2141 2846 cta
2185 2801 2272 2846 est
2328 2811 2342 2847 :
2389 2794 2489 2846 etsi
2537 2793 2852 2847 humanitas
2919 2791 3126 2845 inlinita
3176 2805 3366 2846 omnes
3432 2790 3644 2844 animas

2056 2884 2319 2947 correxit,
2366 2884 2470 2938 alia
2501 2893 2684 2938 tamen
2728 2884 2983 2953 plurima,
3034 2899 3154 2952 qua:
3196 2887 3248 2938 in
3297 2883 3478 2937 mundi
3513 2897 3648 2937 con-

2058 2976 2364 3028 versatione
2423 2975 2475 3028 in
2536 2974 2727 3030 ordine
2780 2975 3000 3044 proprio
3064 2975 3420 3039 ministrant,
3464 2987 3642 3028 emcr-

2057 3077 2185 3132 gere
2210 3079 2314 3119 non
2348 3072 2678 3134 potuerunt:
2703 3065 2798 3119 sed
2829 3063 2991 3120 simul
3013 3064 3198 3118 omnia
3230 3072 3352 3134 post
3377 3063 3636 3119 divinita-

2061 3155 2130 3209 tis
2158 3155 2552 3226 ignorationem
2581 3156 2693 3212 cito
2734 3157 3038 3224 perierunt,
3073 3165 3128 3210 et
3175 3155 3395 3211 invidia!
3435 3155 3638 3224 iniqui-

2061 3250 2144 3296 tas
2175 3252 2230 3297 et
2265 3244 2669 3313 ingratitudinis
2711 3244 2860 3300 brevi
2886 3243 3126 3299 excitata
3157 3253 3262 3298 est.
3295 3243 3516 3299 Alienus
3534 3258 3632 3297 au-

2060 3343 2164 3390 tem
2194 3351 2223 3390 a
2253 3335 2592 3406 malignitate
2635 3351 2796 3390 nemo
2824 3336 3082 3390 inventus
3131 3344 3219 3390 est
3242 3374 3256 3402 ,
3301 3335 3646 3404 superstitio-

2060 3443 2190 3481 num
2222 3427 2518 3496 generibus
2556 3426 2714 3497 longe
2753 3428 2970 3496 lateque
3015 3427 3068 3480 in
3106 3426 3318 3480 animos
3359 3425 3642 3480 hominum

2058 3534 2230 3586 usque
2275 3517 2416 3572 adeo
2465 3517 2696 3584 diﬂ‘usis,
2750 3528 2808 3571 ut
2859 3532 3048 3572 earum
3103 3517 3438 3586 turpitudine
3486 3515 3645 3584 hujus

2058 3611 2230 3665 nostri
2264 3609 2569 3678 splendoris
2601 3609 2779 3664 lumen
2807 3609 2989 3677 dignis
3035 3607 3206 3664 fuerit
3243 3606 3640 3664 circumfusum

2060 3701 2322 3766 tenebris,
2355 3711 2410 3755 et
2457 3702 2557 3770 ipsi
2606 3717 2822 3770 semper
2847 3701 2967 3758 luce
2995 3703 3215 3772 privati.
3266 3700 3422 3756 Nulla
3459 3703 3642 3768 itaque

2059 3794 2196 3848 ratio
2247 3792 2446 3860 poterit
2489 3809 2663 3846 meam
2700 3793 2764 3846 de
2814 3793 3087 3862 praedictis
3140 3791 3299 3848 ﬁdem
3351 3807 3418 3846 ex
3460 3792 3644 3846 animo

2057 3899 2176 3938 meo
2206 3883 2455 3937 avellere.
2511 3881 2668 3936 Nullo
2712 3885 2856 3936 enim
2910 3881 3052 3935 malo
3084 3883 3412 3951 impediente
3454 3897 3644 3937 succe-

2058 3977 2136 4032 dit
2167 3979 2408 4045 perlecta
2436 3978 2700 4046 potentia,
2725 3985 2780 4030 et
2813 3977 2970 4030 vivus
2993 3991 3173 4030 sermo
3201 3977 3475 4042 veritatis,
3503 3992 3641 4030 unus

2055 4069 2426 4139 omnipotens,
2457 4069 2700 4122 omnium
2754 4083 2935 4121 rerum
2988 4077 3199 4133 custos,
3240 4077 3293 4122 et
3321 4076 3520 4122 nostrae
3549 4083 3638 4122 sa-

2059 4159 2184 4213 lutis
2229 4170 2573 4228 procurator.
2645 4157 2723 4211 Ita
2769 4159 2936 4228 igitur
2980 4158 3194 4213 videtur
3241 4159 3640 4227 quodammodo

2055 4251 2387 4306 sanctissimi
2441 4251 2603 4305 Verbi
2660 4252 3018 4316 abundantia,
3068 4253 3189 4319 ejus
3227 4265 3385 4320 quem
3443 4251 3640 4306 liberat

2057 4345 2526 4399 conversationem
2567 4345 2865 4406 custodire,
2899 4354 2951 4398 et
2997 4345 3135 4398 lucis
3164 4344 3507 4413 splendorem
3546 4359 3642 4398 no-

372 4435 571 4489 σκειῶν
619 4439 686 4491 τά
718 4439 852 4508 γένη
885 4442 966 4503 εἰς
1001 4441 1258 4494 τοσοῦτον
1314 4441 1569 4510 μεγάλως
1601 4457 1660 4492 τε
1691 4441 1787 4493 καὶ
1817 4439 1953 4494 πλα-

2058 4439 2143 4493 bis
2187 4439 2449 4506 praebere.
2497 4437 2668 4503 Quam
2701 4437 2770 4491 ob
2814 4454 3032 4491 causam
3082 4452 3211 4506 ergo
3259 4437 3499 4506 gentium
3530 4452 3642 4491 om-

369 4527 505 4592 τέως
553 4530 634 4591 εἰς
686 4529 786 4592 τάς
818 4531 996 4601 ψυχὰς
1037 4531 1148 4586 τῶν
1203 4532 1512 4604 ἀνθρώπων
1560 4532 1944 4604 διαχυθέντων,

363 4623 435 4687 ὼς
468 4624 633 4689 ἀξίως
669 4627 734 4696 τῇ
768 4626 976 4679 τούτων
1002 4627 1319 4696 αἰσχρότητι
1352 4627 1414 4680 τὸ
1450 4627 1566 4694 φῶς
1608 4626 1816 4698 ταύτης
1845 4626 1946 4696 τῆς

363 4715 644 4787 ἡμετέρας
708 4716 1096 4787 λαμπρότητος
1161 4718 1516 4770 ὲπισκιασθέν
1577 4719 1791 4780 αὐτοῖς,
1855 4716 1946 4771 ἀεὶ

361 4806 566 4878 ταύτης
588 4809 789 4873 αὐτοὺς
820 4809 1225 4880 στερίσκεσθαι.
1257 4809 1446 4870 Οὐδεὶς
1473 4802 1565 4862 οὖν
1593 4809 1751 4878 λόγος
1784 4809 1948 4880 δυνή-

366 4914 516 4950 σεται
551 4899 660 4950 τῶν
689 4900 999 4969 εἰρημένων
1025 4901 1122 4969 τὴν
1154 4899 1291 4969 ἐμὴν
1323 4899 1506 4952 πίστιν
1533 4899 1641 4952 ἀπὸ
1669 4900 1769 4969 τῆς
1808 4900 1948 4969 ἐμῆς

363 4989 602 5054 ἐξέλκειν
635 4991 836 5061 ψυχῆς.
872 4992 1109 5044 Ἔπεται
1137 4991 1247 5062 γάρ
1291 4991 1452 5060 αὐτῇ,
1489 4991 1715 5060 μηδενὸς
1743 4991 1946 5060 φαύλου

363 5082 615 5152 ἐμποδὼν
644 5084 826 5149 ὄντος,
852 5084 1084 5154 δύναμις
1119 5085 1319 5149 τελεία,
1357 5087 1385 5138 ὁ
1412 5084 1519 5148 ζῶν
1552 5086 1653 5154 τῆς
1688 5084 1948 5154 ἀληθείας

364 5175 542 5242 λόγος,
594 5171 674 5240 εἷς
707 5177 888 5230 πάντα
916 5177 1232 5247 δυνάμενος,
1285 5175 1461 5245 φύλαξ
1511 5176 1729 5231 πάντων
1768 5193 1950 5247 πραγ-

368 5267 575 5334 μάτων,
629 5267 730 5337 τῆς
769 5269 1050 5338 ἡμετέρας
1101 5270 1377 5339 σωτηρίας
1427 5267 1702 5338 κηδεμών.
1762 5269 1948 5334 Οὕτως

365 5351 457 5407 οὖν
488 5356 636 5409 δοκεῖ
666 5375 773 5411 τινι
804 5360 992 5430 τρόπῳ
1022 5359 1114 5412 τοῦ
1145 5359 1450 5426 ἁγιωτάτου
1478 5358 1644 5411 αὐτοῦ
1671 5359 1832 5428 λόγου
1856 5361 1950 5413 δα-

364 5446 687 5516 ψιλεύεσθαι
718 5450 816 5522 τὴν
867 5453 1086 5521 ὁμιλίαν
1147 5451 1239 5504 τοῦ
1291 5451 1706 5522 ὲλευθεροῦντος
1751 5453 1946 5521 διαφυ-

367 5539 602 5603 λάττειν,
636 5544 732 5595 καὶ
758 5543 851 5596 τοῦ
899 5545 1076 5613 φωτὸς
1101 5544 1198 5614 τὴν
1232 5543 1595 5613 λαμπρότητα
1636 5547 1772 5614 ἡμῖν
1805 5563 1946 5617 παρ-

367 5627 501 5699 έχει.
534 5630 692 5692 Τίνος
724 5633 903 5685 τοίνυν
949 5635 1111 5687 ἕνεκα
1143 5635 1235 5687 καὶ
1265 5634 1359 5688 νῦν
1387 5635 1609 5690 πάντων
1632 5636 1741 5690 τῶν
1774 5637 1948 5691 ἐθνῶν

366 5720 416 5773 οἱ
441 5720 637 5792 δῆμοι,
669 5724 731 5777 τὸ
781 5725 1031 5796 οὐράνιον
1074 5727 1147 5798 μὴ
1176 5727 1515 5799 καθορῶντες
1548 5728 1686 5800 φῶς,
1728 5729 1820 5783 καὶ
1851 5729 1943 5783 τοῦ

2056 4533 2205 4584 nium
2236 4531 2414 4602 pepuli
2463 4532 2684 4586 caeleste
2710 4529 2894 4584 lumen
2927 4546 3032 4584 non
3075 4529 3426 4599 aspicientes,
3460 4540 3515 4584 et
3540 4545 3640 4584 no-

2055 4623 2373 4678 bilissimam
2407 4624 2659 4692 pietatem
2685 4633 3117 4686 contemnentes,
3139 4622 3281 4691 quod
3305 4624 3369 4674 de
3389 4631 3531 4675 terra
3557 4631 3641 4676 est

2057 4715 2376 4783 inquirunt,
2433 4715 2638 4770 nullum
2691 4714 2854 4767 habet
2900 4714 3148 4767 veritatis
3195 4711 3638 4776 fundamentum,

2057 4823 2234 4876 neque
2286 4807 2408 4876 puri
2441 4807 2747 4874 splendoris
2795 4807 3135 4869 claritatem,
3187 4821 3362 4874 neque
3402 4806 3640 4860 cwlestis

2056 4899 2363 4951 divinitatis
2403 4897 2815 4966 potentiam?0
2860 4899 3141 4968 indignum
3174 4898 3421 4952 facinus!
3465 4898 3640 4949 adhuc

2054 5001 2107 5044 et
2134 5007 2274 5044 nunc
2324 5005 2444 5044 cum
2477 4991 2611 5044 nihil
2652 4991 2874 5060 impium
2917 4992 3194 5055 omittunt,
3237 5005 3337 5043 nec
3370 4990 3424 5042 in
3471 4989 3636 5042 Deum

2055 5081 2373 5150 respiciant,
2407 5081 2534 5136 etin
2566 5082 2826 5136 miserum
2860 5096 3103 5135 errorem
3132 5081 3501 5148 prolahantur,
3531 5093 3634 5131 non

2053 5173 2262 5239 vident,
2289 5183 2342 5229 et
2371 5173 2609 5230 sordidis
2644 5174 2729 5230 his
2769 5173 3026 5244 operibus
3066 5173 3249 5226 mundi
3288 5170 3635 5240 splendorem

2052 5267 2427 5324 contaminare
2457 5279 2565 5322 n0n
2597 5279 2836 5323 cessant.
2881 5266 3084 5333 Nempe
3111 5265 3335 5333 lignum,
3375 5262 3631 5330 lapidem,

2051 5376 2147 5424 tes,
2184 5371 2491 5432 argentum,
2522 5369 2575 5415 et
2608 5375 2825 5426 aurum,
2851 5370 2902 5414 et
2933 5356 3238 5427 hujusmodi
3266 5355 3369 5408 alia
3402 5357 3467 5408 de
3493 5365 3631 5407 terra

2052 5465 2291 5524 sumpta,
2330 5465 2386 5508 ut
2422 5456 2723 5510 adorentur
2770 5461 3159 5522 proponeutes,
3189 5459 3244 5503 et
3289 5449 3355 5501 ad
3398 5463 3460 5500 ea
3507 5447 3633 5500 vita:

2052 5561 2203 5614 Spem
2248 5547 2464 5615 publice
2506 5547 2829 5611 referentes,
2877 5543 3075 5613 templa
3132 5542 3268 5611 ipsis
3315 5538 3507 5607 insigni
3539 5554 3634 5591 or-

2052 5649 2179 5692 natu
2222 5639 2517 5704 mdilicant,
2551 5650 2605 5693 et
2636 5649 2820 5709 postea
2858 5638 2911 5692 in
2958 5652 3069 5692 sure
3117 5632 3450 5689 adorationis
3479 5630 3634 5682 addi-

2053 5733 2308 5789 lamentis
2353 5733 2695 5804 gloriantur:
2732 5733 2775 5790 si
2828 5731 3046 5803 quidem
3089 5739 3379 5786 structurae
3421 5721 3650 5793 magni--
