4070 6428
433 291 566 356 1239

1707 291 2012 354 GELASII
2050 292 2392 354 CYZICENI

3559 294 3695 362 1-240

431 411 564 464 tudo
593 420 756 476 quam
783 404 884 474 ipsi
928 403 1196 469 fecerunt,
1231 401 1451 472 dignum
1483 416 1672 458 eorum
1706 413 2001 474 conspectu

2115 404 2452 471 ίνδοξοτάτου
2500 402 2651 457 ὁσίου
2697 403 3190 478 ὑπερφρονοῦντες,
3249 407 3308 461 τὸ
3352 408 3538 478 γήϊνον
3568 413 3694 466 ἐπι-

431 496 752 553 tniraculum
787 493 1031 549 exhibet.
1072 493 1525 562 Quandoquidem
1555 502 1737 548 autem
1772 494 1900 550 talia
1926 494 2006 547 fa-

429 603 555 646 cere
579 588 860 653 videnlur,
913 585 1207 640 manifeste
1248 583 1571 654 intelligitur
1597 583 1744 653 ipsos
1791 585 2010 654 potissi-

430 695 600 744 mum,
657 692 833 748 neque
873 691 1075 739 sensu,
1139 691 1314 745 neque
1371 675 1488 730 visu
1544 673 1800 744 praeditos
1853 690 2007 740 esse;

428 784 482 828 et
512 779 838 841 arroganter
867 769 922 823 in
957 769 1068 824 suis
1117 769 1408 823 structuris
1450 782 1572 822 sese
1615 769 1825 839 jactare
1876 783 2010 822 con-

429 864 743 918 vincuntur.
803 862 988 929 Qualis
1052 861 1239 932 igitur,
1297 872 1353 916 et
1399 869 1632 929 quantus
1681 871 1764 913 est
1831 859 2009 914 omni-

430 963 625 1024 potens
666 953 831 1017 Deus,
886 967 992 1007 non
1041 950 1408 1020 conspiciunt,
1444 949 1684 1005 omnium
1719 961 1911 1002 auctor
1957 957 2014 1003 et

427 1045 594 1116 judex
622 1061 638 1111 ;
666 1058 824 1114 quem
859 1042 1076 1113 quidem
1112 1041 1366 1110 propriae,
1403 1047 1462 1094 ut
1491 1040 1806 1108 opinantur,
1836 1039 2010 1090 virtu-

433 1139 505 1193 tls
557 1137 911 1207 persuasione
953 1134 1142 1190 latent.
1213 1134 1393 1204 Ipsius
1446 1133 1590 1188 enim
1652 1132 2013 1200 dispositione

435 1232 607 1287 nostri
636 1230 880 1300 corporis
904 1230 1118 1299 species
1161 1228 1399 1284 debitam
1430 1227 1662 1283 formam
1696 1227 1928 1296 accepit,
1954 1233 2016 1280 ut

435 1323 738 1378 harmoniae
788 1321 1025 1390 vigorem
1080 1319 1452 1375 haberemus:
1497 1320 1610 1388 ipse
1643 1317 2011 1372 membrorum

432 1415 674 1469 omnium
705 1413 1099 1470 connexionem
1135 1411 1318 1466 nervis
1358 1409 1673 1466 fortissimis
1713 1407 2014 1479 colligavit,

434 1513 494 1558 ut
551 1505 604 1558 in
655 1505 803 1559 omni
863 1511 1071 1559 nostra:
1124 1500 1445 1558 intentionis
1491 1501 1724 1566 actione,
1777 1501 2014 1572 prOpria‘.

433 1596 733 1650 harmonia:
765 1596 928 1649 robur
971 1594 1303 1649 indefessum
1350 1593 1732 1648 retineremns.
1784 1591 1877 1647 His
1915 1591 2016 1663 igi-

435 1696 523 1740 tur
568 1686 775 1741 salubri
823 1684 1186 1755 dispositione
1235 1683 1504 1739 absolutis
1537 1684 1790 1754 spiritum
1819 1684 2010 1750 etiam,

432 1776 524 1845 qui
568 1775 686 1830 haec
721 1775 904 1829 omnia
934 1787 1154 1828 movere
1192 1787 1256 1828 ac
1304 1773 1564 1828 roborare
1606 1779 1807 1843 posset,
1835 1771 2010 1841 inspi-
2044 1747 2085 1803 Β

432 1869 577 1922 ravit
605 1885 620 1921 :
649 1867 936 1936 visumque
971 1867 1144 1922 oculis
1191 1867 1394 1921 nostris
1418 1865 1710 1930 concessit,
1749 1873 1804 1920 et
1851 1865 2013 1920 intel-

431 1957 632 2014 lectum
663 1958 828 2028 capiti
857 1968 1048 2016 nostro
1076 1959 1290 2023 indidit,
1313 1969 1367 2012 et
1399 1957 1542 2012 intra
1575 1957 1850 2028 regionem
1875 1958 2015 2013 hanc

433 2058 603 2104 totam
635 2061 836 2105 nostrae
867 2050 1216 2120 cogitationis
1247 2057 1514 2106 rationem
1547 2050 1838 2106 conclusit.
1871 2048 2017 2117 Qua-

429 2153 654 2213 propter
669 2144 714 2198 si
739 2145 863 2213 quis
893 2153 1042 2199 recte
1068 2145 1288 2214 sapiens
1330 2145 1490 2214 hujus
1519 2145 1893 2215 dispositionis
1923 2161 2013 2200 ra-

436 2233 640 2288 tionem
673 2233 1006 2301 consideret,
1047 2235 1271 2291 omittat
1303 2246 1490 2292 autem
1532 2237 1656 2301 alia,
1691 2251 1811 2307 quae
1837 2251 2014 2307 neque

429 2324 623 2391 verbo,
659 2341 835 2397 neque
867 2342 1096 2383 numero
1133 2329 1523 2399 comprehendi
1565 2338 1812 2400 possunt,
1845 2329 2012 2384 celeri

431 2418 736 2473 attentione
784 2418 1080 2473 salutarem
1126 2427 1180 2474 et
1221 2429 1484 2474 aeternam
1546 2419 1871 2474 immortalis
1920 2419 2012 2474 Dei

429 2508 736 2578 potentiam
767 2509 953 2564 videre
977 2518 1140 2580 atque
1170 2501 1479 2578 intelligere
1506 2510 1704 2580 poterit
1730 2527 1744 2574 ;
1778 2525 1883 2565 non
1917 2525 2015 2579 po-

428 2599 560 2656 terit
605 2609 786 2654 autem
825 2614 1016 2655 errore
1065 2602 1247 2670 aliquo
1287 2610 1493 2657 temere
1549 2601 1856 2671 implicari,
1918 2602 2011 2656 sed

431 2690 725 2746 manifeste
756 2692 1113 2763 contemplari
1153 2693 1358 2759 licebit,
1392 2703 1556 2761 atque
1594 2694 1780 2749 videre
1830 2693 2009 2748 omnia

429 2784 525 2840 Dei
553 2785 798 2856 potentia
833 2785 977 2840 facta
1004 2800 1147 2852 esse,
1184 2786 1326 2841 sicut
1356 2787 1471 2856 ipse
1500 2787 1682 2841 omnia
1730 2787 1844 2842 hac
1871 2786 2017 2842 exsi-

429 2885 578 2932 stere
620 2878 809 2932 voluit.
846 2875 915 2932 Ut
938 2887 1122 2932 autem
1157 2877 1470 2947 perspicere
1517 2877 1699 2944 liceat,
1729 2875 1872 2946 quod
1909 2875 2013 2931 ali-

430 2984 537 3039 qua
568 2968 757 3024 illicita
801 2969 853 3024 in
890 2969 1094 3024 mundo
1121 2969 1469 3026 conversatio
1497 2969 1894 3040 ignorationem
1920 2967 2013 3023 Dei

2113 492 2391 563 ζητοῦσιν,
2443 494 2701 564 οὐδεμίαν
2730 495 2852 565 ἔχον
2897 496 3196 550 ὑπόστασιν
3244 497 3538 568 ἀληθείας,
3569 503 3693 557 οὐδέ

2113 585 2448 657 φαιδρότητα
2496 586 2670 656 ἁγνῆς
2725 585 3144 660 λαμπρότητος,
3200 590 3322 644 οὐδέ
3373 592 3696 648 δυναστείαν

2113 677 2212 748 τῆς
2249 678 2505 750 οὐρανίου
2555 678 2839 748 θεότητος;
2883 682 2949 733 Ὦ
2996 681 3216 747 ἀναξίου
3267 682 3578 754 δράματοςί
3615 686 3694 742 ἔτι

2114 770 2208 824 καὶ
2251 769 2347 823 νῦν
2376 769 2541 840 μηδὲν
2574 771 2915 836 ἐλλείποντες
2939 776 3041 845 τῆς
3069 774 3346 840 ἀσεϐείας,
3389 778 3524 848 μηδὲ
3557 778 3695 850 πρὸς

2111 861 2175 914 τὸ
2226 861 2344 915 δέον
2387 862 2700 934 ἀφορῶντες
2733 863 2843 936 [lea
2878 865 2970 918 τὸν
3019 866 3152 920 Θεὸν
3180 867 3539 942 άφορῶντες],
3589 870 3697 924 ens

2113 953 2215 1023 τῆς
2253 954 2448 1018 ἀθλίας
2483 955 2694 1026 πλάνης
2725 958 3169 1023 καταπίπτοντες
3216 959 3315 1031 οὐχ
3344 959 3516 1031 δρῶσι
3538 977 3553 991 ·
3598 963 3696 1016 καὶ

2113 1048 2228 1111 τοῖς
2259 1049 2529 1119 ῥυπαροῖς
2561 1048 2772 1113 τούτοις
2819 1049 3005 1121 ἔργοις
3049 1054 3161 1116 τοῖς
3198 1051 3296 1106 τοῦ
3343 1052 3551 1122 κόσμου
3595 1054 3695 1123 τὴν

2115 1137 2482 1210 λαμπρότητα
2512 1140 2574 1194 οὐ
2623 1141 2890 1196 παύονται
2928 1143 3257 1214 μιαίνοντες,
3283 1144 3486 1216 δηλαδὴ
3517 1143 3692 1210 ξύλον,

2116 1227 2211 1280 καὶ
2242 1227 2412 1294 λίθον,
2443 1230 2537 1282 καὶ
2565 1229 2790 1299 χαλκὸν,
2815 1233 2908 1284 καὶ
2935 1231 3195 1305 ἄργυρον,
3226 1233 3322 1288 καὶ
3352 1233 3574 1304 χρυσὸν,
3602 1235 3698 1288 καὶ

2115 1314 2320 1380 ταύτας
2347 1319 2448 1381 τὰς
2471 1318 2686 1389 γηῖνας,
2727 1323 2808 1385 είς
2836 1321 2898 1376 τδ
2924 1325 3253 1394 προσκυνεῖν
3304 1323 3661 1396 καθιδρύντες
3679 1365 3696 1389 ,

2117 1407 2211 1461 καὶ
2249 1408 2357 1461 ἀπὸ
2389 1409 2591 1463 τούτων
2635 1411 2828 1464 ἐλπίδα
2867 1412 2967 1484 τῆς
3019 1413 3165 1485 ζωῆς
3205 1415 3694 1485 άπαγγελλόμενοι,

2117 1503 2276 1566 ναούς
2305 1503 2489 1567 αὐτοῖς
2525 1503 2665 1573 μετὰ
2712 1504 2987 1575 ἐπισήμου
3018 1505 3223 1576 κόσμου
3259 1506 3696 1576 οἰκοδομοῦντες,

2115 1595 2212 1648 καὶ
2241 1593 2358 1649 ἀπὸ·
2383 1594 2575 1649 τούτου
2610 1593 2785 1660 οὕτως
2825 1595 3085 1664 αὔξοντες
3111 1596 3293 1651 αὐτῶν
3321 1598 3419 1668 τῆς
3451 1613 3698 1667 προσκυ-

2116 1688 2326 1758 νήσεως
2349 1685 2449 1750 τάς
2491 1685 2808 1758 προσθήκας
2830 1703 2845 1719 ·
2880 1688 3181 1759 ἐπειδήπερ
3228 1687 3289 1741 τὸ
3325 1687 3555 1758 μέγεθος
3587 1686 3700 1741 τῶν

2108 1776 2570 1848 ὀἰκοδομημάτων
2597 1777 2688 1831 ὐπ’
2717 1777 2898 1830 αὐτῶν
2925 1779 3236 1848 γενόμενον,
3274 1777 3422 1842 ἀξιον
3448 1778 3545 1848 τῆς
3571 1778 3699 1830 ἐαυ-

2115 1870 2224 1924 τῶν
2273 1869 2451 1939 ὂψεως
2516 1869 2815 1942 παρέχεται
2873 1869 2935 1924 τὸ
2995 1869 3200 1941 θαῦμα.
3267 1870 3459 1924 Ὁπότε
3515 1869 3699 1925 τοίνυν

2114 1962 2301 2016 ταῦτα.
2318 1963 2495 2015 ποιεῖν
2523 1961 2766 2025 δοκοῦσι,
2817 1960 3005 2030 σαφῶς
3031 1965 3254 2025 νοεῖται,
3296 1962 3344 2014 εί
3377 1961 3473 2015 καὶ
3501 1961 3569 2015 τά
3593 1962 3701 2032 μά-

2118 2056 2278 2111 λιστα
2322 2056 2476 2110 αὐτοὶ
2509 2057 2609 2110 οὐκ
2642 2054 3011 2124 αἰσθάνονται,
3046 2056 3167 2110 οὐδὲ
3195 2055 3415 2126 ὁρῶσιν,
3455 2056 3541 2110 ὅτι
3571 2056 3701 2120 ιτοῖς

2121 2145 2334 2201 ἑαυτῶν
2371 2145 2557 2218 ἔργοις
2591 2145 2962 2217 ὑπερηφάνως
3012 2145 3202 2216 αὐχεῖν
3245 2143 3528 2208 δοκοῦντες
3576 2143 3700 2197 ἀλίο

2117 2259 2360 2299 σκονται.
2396 2242 2616 2306 Ἦλίκος
2642 2243 2827 2295 τοίνυν
2858 2241 2953 2295 καὶ
2980 2239 3146 2302 πόσος
3177 2256 3236 2292 τε
3268 2239 3297 2291 ὁ
3325 2236 3458 2301 Θεός
3497 2239 3643 2291 ἐστιν
3671 2237 3702 2290 ό

2117 2334 2558 2404 παντοδυνάστης
2599 2332 2700 2402 οὐχ
2743 2329 3044 2404 ὁρώμενος,
3086 2330 3172 2393 τίς
3209 2328 3320 2402 [ισ.
3365 2328 3558 2400 δρῶσι,
3591 2325 3699 2399 τίς]

2116 2426 2214 2482 καὶ
2241 2425 2462 2480 πάντων
2488 2423 2757 2492 αὐθέντης
2779 2423 2896 2476 ἐστί
2927 2423 3022 2476 καὶ
3047 2420 3262 2492 κριτής,
3293 2421 3355 2474 ὃν
3381 2436 3526 2483 τινες
3559 2418 3699 2489 αὐτῇ

2114 2521 2181 2589 τῇ
2217 2515 2545 2589 πεποιθήσει
2585 2515 2684 2586 τῆς
2733 2514 2902 2580 ίδίας,
2967 2514 3044 2577 ὡς
3105 2513 3438 2583 νομίζουσιν,
3497 2510 3704 2582 ἀρετῆς

2115 2610 2489 2665 λανθάνουσιν.
2521 2606 2698 2661 Αὐτοῦ
2725 2605 2837 2679 γὰρ
2865 2609 2932 2678 τῇ
2961 2605 3298 2660 διατυπώσει
3326 2604 3418 2658 καὶ⁵
3459 2603 3520 2658 τὸ
3558 2599 3702 2667 εἶδος

2114 2697 2210 2753 τοῦ
2258 2697 2537 2770 ἡμετέρου
2567 2695 2820 2767 σώματος
2871 2695 3034 2750 ἔλαϐε
3069 2695 3162 2750 τὸν
3196 2693 3552 2764 ὀφειλόμενον
3603 2693 3704 2745 τύ-

2117 2808 2240 2855 πον,
2283 2789 2379 2843 καὶ
2427 2789 2518 2842 ῐνα
2566 2788 2785 2860 σχῶμεν
2833 2788 2935 2858 τῆς
2983 2787 3252 2858 ἁρμονίας
3299 2785 3398 2855 τήν
3425 2784 3634 2855 ἀκμὴν,
3674 2784 3706 2836 6

2115 2883 2280 2946 αὐτὸς
2309 2881 2417 2936 τῶν
2450 2881 2670 2935 πάντων
2702 2879 2883 2952 μελῶν
2905 2878 3004 2950 τὴν
3034 2878 3296 2947 συζυγίαν
3323 2876 3704 2948 ἰσχυροτάτοις

2117 2975 2332 3046 νεύροις
2366 2973 2682 3046 συνέδησεν,
2727 2974 2818 3028 ἵνα
2855 2975 2912 3026 ἐν
2943 2971 3095 3045 πάσῃ
3137 2972 3334 3043 πράξει
3364 2970 3466 3041 τῆς
3494 2967 3702 3040 ήμετέ-

426 3059 572 3129 apud
627 3059 874 3114 homines
915 3058 1198 3127 effecerit,
1234 3070 1358 3130 post
1398 3069 1584 3115 natum
1643 3074 1710 3114 ex
1762 3059 2014 3115 lllusione

2120 3083 2219 3138 ρας
2266 3065 2508 3136 σπουδῆς
2549 3065 2836 3136 ἀκάματον
2883 3063 3104 3135 ἔχοιμεν
3145 3063 3245 3135 τὴν
3277 3060 3461 3133 ἀκμὴν
3491 3060 3592 3132 τῆς
3615 3060 3698 3113 ol-

429 3150 640 3206 inimici
672 3151 726 3206 in
775 3152 995 3208 miseris
1023 3151 1323 3210 infelicium
1359 3154 1640 3209 hominum
1675 3153 1874 3208 animis
1907 3151 2017 3222 pri-

430 3256 579 3296 mum
610 3241 840 3298 rationis
871 3253 1180 3314 peccatum,
1220 3260 1286 3300 ex
1310 3245 1493 3301 divina
1526 3246 1642 3317 lege
1672 3246 1832 3300 datur
1863 3245 2018 3300 nobis

429 3331 782 3401 perspicuam
833 3333 992 3402 hujus
1037 3335 1114 3388 rei
1167 3337 1694 3410 demonstrationem
1742 3336 2014 3407 accipere.

428 3426 514 3480 Ab
544 3425 636 3480 illo
673 3426 816 3481 enim
864 3437 1105 3498 tempore
1147 3443 1258 3498 quo
1308 3443 1337 3482 a
1373 3427 1587 3482 duobus
1641 3427 1745 3482 illis
1779 3427 1830 3481 in
1867 3427 2017 3497 prin-

431 3517 577 3588 cipio
635 3519 874 3584 creatis,
929 3520 1274 3575 convcnienli
1337 3519 1616 3591 diligentia
1675 3518 1920 3573 divinum
1962 3525 2018 3572 et

434 3619 692 3666 sanctum
729 3613 1043 3668 mandatum
1066 3615 1416 3669 observatum
1449 3627 1557 3667 non
1600 3620 1715 3679 est,
1747 3621 1908 3666 natus
1935 3619 2020 3667 est

437 3700 695 3769 deinceps
743 3702 906 3772 hujus
946 3703 1328 3773 appellationis
1354 3744 1370 3770 ,
1411 3702 1771 3774 ignorationis
1808 3701 2019 3758 scilicet

432 3791 535 3849 ﬂos
567 3812 582 3849 :
622 3795 798 3850 factus
829 3805 917 3852 est
967 3806 1148 3852 autem
1181 3795 1474 3850 continuus
1503 3809 1566 3850 ac
1595 3795 1767 3866 magis
1801 3802 2013 3860 auctos,

432 3897 723 3958 postquam
754 3887 1002 3960 praedicti
1033 3888 1140 3945 duo
1175 3888 1253 3943 illi
1300 3887 1577 3943 voluntate
1621 3888 1803 3944 divina
1852 3902 2017 3958 repu-

433 3976 565 4032 diati
603 3987 769 4034 sunt:
805 3993 980 4051 eoque
1035 3986 1220 4034 autem
1259 3979 1489 4034 materia
1517 3978 1607 4034 illa
1649 3979 1886 4035 miseriae
1915 3978 2016 4033 hu-

431 4084 608 4124 manae
654 4081 912 4140 provecta
955 4081 1062 4137 est,
1097 4080 1156 4126 ut
1198 4073 1429 4130 orientis
1459 4080 1516 4127 et
1553 4070 1858 4128 occidentis
1891 4069 2019 4124 fun-

432 4161 682 4218 damenta
727 4165 1068 4220 damnaverit
1101 4181 1116 4220 :
1149 4166 1261 4237 ipsa
1289 4166 1452 4222 etiam
1489 4165 1820 4220 adversariae
1861 4174 2014 4234 pote-

431 4255 590 4308 statis
621 4255 848 4310 victoria
879 4265 1089 4312 mentes
1116 4256 1394 4312 hominum
1427 4257 1788 4310 circumvenit
1841 4265 1897 4309 et
1925 4255 2012 4308 ob-

429 4345 693 4400 scuravit.
742 4344 801 4401 In
852 4346 969 4416 ipso
1002 4348 1262 4402 nimirum
1309 4354 1582 4418 praecepto
1613 4356 1698 4400 est
1740 4355 1930 4399 sancta
1961 4353 2014 4398 et

2120 3156 2274 3219 κείας
2310 3154 2599 3226 ἁρμονίας.
2651 3153 2870 3208 Τούτων
2922 3152 3104 3206 τοίνυν
3137 3150 3474 3224 σωτηριὼδει
3515 3148 3702 3203 διατυ-

2120 3242 2292 3297 πώσει
2337 3241 2928 3314 τελεσιουργηθέντων,
2989 3242 3085 3294 καὶ
3138 3240 3357 3310 πνεῦμα
3403 3235 3561 3310 ήμῖν,
3608 3238 3697 3292 ἵνα

2117 3334 2293 3389 ταῦτα
2346 3335 2524 3388 πάντα
2563 3332 2832 3388 κινεῖσθαι
2881 3333 2979 3386 καὶ
3027 3332 3303 3403 ἀκμάζειν
3332 3331 3572 3397 δύναιτο,
3603 3329 3695 3383 ἐν·

2119 3425 2368 3491 έπνευσε,
2395 3419 2490 3477 καὶ
2515 3422 2644 3476 θέαν
2667 3425 2780 3487 τοῖς
2805 3423 3100 3494 ἡμετέροις
3134 3421 3432 3492 ὀφθαλμοῖς
3464 3425 3701 3490 συνεχώ-

2121 3533 2276 3588 ρησε,
2298 3517 2394 3570 καὶ
2416 3515 2552 3586 πρὸς
2578 3513 2690 3587 [ῑσ.
2715 3516 2851 3586 πρὸς
2872 3513 3109 3586 τούτοις]
3133 3515 3348 3569 σύνεσιν
3364 3516 3429 3585 τῇ
3451 3513 3704 3584 ήμετέρα

2117 3607 2330 3677 κεφαλῇ
2359 3607 2582 3673 δέδωκε,
2624 3607 2720 3660 καὶ
2749 3607 2880 3660 εῐσω
2909 3607 3006 3678 τῆς
3041 3605 3227 3678 χώρας
3260 3605 3488 3677 ταύτης,
3519 3603 3703 3674 πάσης

2117 3700 2218 3771 τῆς
2245 3699 2484 3763 διανοίας
2517 3699 2616 3766 τῆς
2640 3699 2919 3770 ἡμετέρας
2952 3698 3044 3752 τδν
3075 3697 3338 3768 λογισμὸν
3364 3695 3698 3749 συνέκλεισε.

2117 3789 2429 3861 Τοιγαροῦν
2458 3790 2510 3843 εί
2531 3807 2616 3854 τις
2646 3788 2927 3862 εὐφρονῶν
2954 3788 3161 3859 ταύτης
3193 3789 3293 3859 τῆς
3313 3784 3703 3848 διατυπώσεως

2117 3881 2210 3936 τὸν
2253 3881 2513 3952 λογισμὸν
2549 3882 2867 3952 σκοπήσειε,
2916 3880 2986 3934 τά
3018 3879 3083 3952 δὴ
3131 3879 3300 3933 λοιπά
3348 3878 3630 3938 παύσειεν,
3663 3875 3702 3931 ἃ

2120 3974 2260 4044 μήτε
2306 3972 2470 4044 λόγῳ,
2522 3975 2659 4051 μήτε
2710 3973 2932 4045 ἀριθμῷ
2981 3971 3390 4043 περιληφθῆναι
3448 3969 3700 4031 δύναται,

2116 4066 2313 4138 ταχείᾳ
2346 4066 2647 4137 ἐνθυμήσει
2691 4066 2787 4119 καὶ
2839 4065 2967 4120 ίδεῖν
2999 4065 3094 4120 καὶ
3144 4064 3382 4118 συνιέναι
3411 4062 3699 4131 δυνήσεται

2116 4160 2218 4232 τὴν
2280 4159 2502 4214 αἰώνιον
2547 4161 2644 4214 καὶ
2699 4158 3022 4232 σωτηριὼδη
3076 4157 3173 4212 τοῦ
3230 4158 3504 4213 ἀθανάτου
3561 4152 3698 4208 Θεοῦ

2118 4251 2386 4320 ἐξουσίαν,
2416 4253 2512 4308 καὶ
2548 4253 2608 4306 οὐ
2640 4253 2866 4308 δύναται
2892 4254 3099 4306 ἐκεῖνον
3119 4251 3330 4322 πλάνης
3356 4249 3501 4312 τινὸς
3527 4245 3698 4318 χωρὶς

2117 4341 2407 4414 ἄνθρωπος
2443 4342 2697 4414 ἐνδῆσαι·
2729 4343 3064 4398 σκέπτεσθαι
3095 4343 3284 4412 σαφῶς
3315 4339 3464 4410 αὐτῷ
3493 4339 3694 4403 ἔξεστι,

412 4437 766 4509 ,ίηιηιοι-ιειίε
808 4447 863 4494 et
911 4438 1266 4509 infatigabilis
1315 4439 1411 4493 Dei
1463 4436 1860 4505 omnipotentis
1905 4435 2014 4490 cle-

2119 4431 2212 4485 καὶ
2246 4431 2374 4485 ἰδεῖν
2401 4431 2582 4485 πάντα
2604 4429 2672 4484 τά
2697 4432 2963 4500 γεγονότα
2989 4426 3130 4484 εἶναι
3163 4431 3390 4500 δυνάμει
3419 4427 3512 4482 τοῦ
3535 4426 3696 4491 Θεοῦ,

440 4532 672 4600 mentis;
701 4531 957 4587 omnibus
982 4532 1127 4586 enim
1173 4530 1366 4585 diebus
1417 4537 1473 4584 et
1518 4527 1854 4596 temporibus
1881 4543 2019 4598 prae-

441 4623 616 4678 teritis
655 4623 975 4678 innumeras
1019 4621 1340 4692 populorum
1398 4618 1772 4675 multitudines
1820 4620 1888 4676 ab
1914 4621 2017 4676 hoc

435 4729 604 4770 onere
635 4754 651 4778 ,
698 4714 854 4784 cujus
910 4712 1163 4767 servituti
1207 4711 1435 4766 addicta
1477 4710 1733 4778 fuerant,
1779 4715 1896 4785 per'
1931 4731 2016 4769 me

436 4820 655 4858 servum
686 4819 846 4859 suum
883 4801 1029 4857 Deus
1057 4801 1278 4865 liberat,
1308 4811 1364 4856 et
1396 4802 1449 4858 in
1486 4802 1786 4874 perfectum
1820 4806 2012 4862 aeterni

433 4895 656 4949 luminis
703 4893 1050 4964 splendorem
1097 4892 1339 4948 deducit.
1376 4893 1504 4951 Post
1535 4897 1649 4952 bzec
1680 4897 1864 4969 igitur,
1895 4897 2010 4953 fra-

429 4993 541 5038 tres
593 4981 1072 5047 desideratissimi,
1119 4982 1504 5052 propinquiore
1551 4986 1782 5052 quadam
1828 4985 2012 5055 provi-

432 5073 640 5139 dentia,
689 5081 745 5125 et
776 5069 1075 5125 illustribus
1107 5071 1429 5126 immortalis
1461 5073 1552 5127 Dei
1588 5073 1758 5127 nostri
1793 5069 2011 5127 benefi-

431 5165 533 5220 ciis
586 5164 943 5234 insigniorem
972 5177 1057 5216 me
1097 5163 1151 5217 in
1206 5170 1481 5233 posterum
1531 5165 1794 5230 futurtnn,
1831 5165 2010 5234 puris-

430 5256 567 5311 sima
623 5269 750 5323 erga
791 5253 968 5322 ipsum
1019 5252 1125 5308 fide
1177 5268 1296 5308 sum
1353 5268 1669 5323 persuasus.
1737 5254 2012 5323 Suscipiat

427 5362 560 5417 ergo
611 5360 698 5400 me
743 5344 1178 5400 sincerissimum
1238 5346 1528 5400 cmicilium
1562 5347 1872 5403 sanctitatis
1917 5363 2012 5404 ve-

429 5449 580 5504 strae,
614 5450 714 5491 nec
741 5436 875 5492 mihi
905 5439 1304 5494 sanctissimam
1339 5439 1661 5505 Ecclesium,
1682 5449 1739 5495 et
1763 5456 2010 5496 commu-

430 5529 519 5584 nis
544 5528 788 5584 omnium
812 5540 1058 5585 nostrqu
1083 5543 1360 5602 castaeque
1385 5533 1577 5587 matris
1600 5541 1787 5601 portas
1811 5533 2009 5604 opponi

432 5619 775 5676 sustineatis.
809 5619 1074 5687 Quamvis
1109 5623 1254 5678 enim
1291 5639 1436 5679 nunc
1472 5624 1811 5693 potissimum
1843 5625 2008 5680 animi

431 5709 538 5769 mei
579 5711 720 5769 ratio
753 5713 1050 5786 perfectam
1103 5715 1386 5775 catholicae
1437 5717 1557 5776 fidei
1594 5716 1884 5788 puritatem
1920 5718 2010 5776 in-

2120 4523 2195 4588 ὠς
2228 4523 2393 4588 αὐτὸς
2420 4522 2596 4576 πάντα
2628 4522 2802 4577 ταῦτα
2839 4516 2979 4578 εἶναι
3009 4521 3352 4594 βεϐούληται.
3386 4521 3502 4574 Ἵνα
3531 4518 3590 4572 δὲ
3609 4518 3696 4588 εῐη

2122 4616 2286 4679 ίδείν,
2334 4615 2418 4668 ὅτι
2472 4629 2557 4678 τις
2607 4614 2869 4686 ἀθέμιτος
2919 4616 3125 4685 κόσμου
3171 4612 3418 4667 πολιτεία
3447 4611 3546 4683 τὴν
3599 4607 3696 4662 τοῦ

2115 4707 2254 4762 Θεοῦ
2283 4707 2558 4776 ἀγνωσίαν
2598 4711 2711 4772 τοῖς
2759 4709 3070 4780 ἀνθρώποις
3104 4706 3514 4778 ἀπειργάσατο,
3545 4703 3700 4771 λογι-

2119 4797 2258 4867 σμοῦ
2291 4799 2694 4871 ἁμαρτήματος
2744 4799 3016 4872 προτέρου
3051 4797 3334 4868 τεχθέντος
3377 4795 3442 4848 ἐκ
3485 4792 3698 4862 πλάνης

2114 4889 2207 4942 τοῦ
2232 4889 2431 4963 ἐχθροῦ
2475 4891 2535 4944 ἐν
2578 4894 2700 4955 ταῖς
2749 4892 2857 4945 τῶν
2905 4891 3114 4945 σκαιῶν
3147 4886 3454 4959 ἀνθρώπων
3479 4883 3696 4946 ἀθλίαις

2113 4979 2334 5050 ψυχαῖς,
2373 4982 2438 5035 ἐκ
2464 4981 2560 5036 τοῦ
2587 4983 2733 5036 θείου
2765 4984 2932 5054 νόμου
2977 4982 3164 5037 λαϐεῖν
3197 4979 3355 5052 ήμῶν
3385 4978 3498 5051 [Im
3534 4973 3692 5046 ἡμῖν]

2114 5071 2292 5125 ἔνεστι
2329 5071 2478 5142 σαφῆ
2505 5073 2602 5143 τὴν
2635 5073 2766 5144 περὶ
2797 5072 2990 5126 τούτου
3023 5069 3320 5135 ἀπόδειξιν.
3360 5068 3448 5134 Ἐξ
3478 5066 3692 5120 ἐκείνου

2113 5165 2222 5236 γὰρ
2266 5165 2494 5238 καιροῦ,
2555 5165 2615 5231 ἐξ
2661 5161 2723 5221 οὗ
2759 5165 2864 5220 ὐπὸ
2914 5166 3024 5220 τῶν
3055 5165 3150 5218 δύο
3198 5161 3444 5228 ἐκείνων,
3494 5159 3604 5214 τῶν
3632 5159 3695 5213 ἐν

2111 5257 2256 5328 ἀρχῇ
2286 5257 2762 5321 κατασταθέντων,
2789 5256 2849 5309 τὸ
2875 5257 3015 5310 θεῖον
3041 5256 3137 5309 καὶ
3165 5253 3322 5321 ἀγιον
3358 5250 3696 5322 πρόσταγμα

2112 5350 2334 5420 ἐτύχθη,
2370 5349 2508 5421 μετὰ
2547 5351 2646 5421 τῆς
2674 5349 3058 5420 προσηκούσης
3086 5345 3422 5416 ἐπιμελείας
3436 5343 3538 5396 οὐκ
3562 5343 3699 5409 ἐφυ-

2112 5442 2284 5513 λάχθη
2311 5441 2451 5512 μετὰ
2471 5440 2644 5494 ταῦτα
2673 5441 2773 5511 τῆς
2804 5439 3178 5512 προσηγορίας
3204 5436 3410 5504 ταύτης
3427 5434 3486 5487 τὸ
3511 5431 3695 5495 ἄνθος

2112 5532 2302 5600 γέγονε
2336 5532 2390 5584 δὲ
2434 5531 2677 5601 συνεχὲς,
2708 5531 2802 5584 καὶ
2837 5530 3038 5601 μᾶλλον
3063 5527 3396 5598 ἐπηύξησεν,
3429 5523 3487 5589 ἐξ
3515 5515 3576 5576 οῦ
3597 5521 3698 5574 καὶ

2111 5625 2160 5678 οἱ
2214 5622 2609 5695 προειρημένοι
2663 5621 2756 5675 δύο
2803 5622 2932 5692 θείῳ
2981 5619 3213 5690 νεύματι
3264 5612 3694 5684 ἀπεϐλήθησαν·

2110 5715 2214 5782 ἕως
2262 5715 2319 5770 δέ
2365 5714 2618 5770 τοσούτου
2652 5716 2685 5786 ή
2725 5713 2828 5787 ὐλη
2866 5712 3008 5788 αὐτὴ
3060 5711 3200 5786 μετὰ
3231 5710 3328 5782 τῆς
3371 5705 3694 5776 σκαιότητος
