4070 6426
400 307 525 376 1241

1271 312 1636 373 HISTORIA
1680 310 2015 372 CONCILII
2050 311 2470 374 ΝΙΟίἘΝΙ.’·-
2505 311 2654 374 LIB.
2694 312 2779 375 II.

3529 307 3668 374 1242

395 421 504 477 τῶν
540 421 845 493 ἀνθρώπων
887 423 1174 497 προήχθη,
1227 423 1371 482 ὥστε
1420 423 1522 496 τῆς
1553 441 1612 479 τε
1660 423 1804 496 ἐῴας
1830 466 1846 490 ,
1883 425 1971 478 καὶ

2081 425 2383 497 vestigans,
2425 425 2528 481 hoc
2559 425 2661 482 sibi
2695 424 2815 481 ﬁeri
2845 424 3066 497 dignum
3106 439 3213 480 non
3257 437 3380 480 esse
3429 424 3668 480 arbitra-

394 514 502 568 τῶν
531 514 669 584 πρὸς
695 513 849 570 δύσιν
884 517 1168 588 κρηπίδων
1205 518 1648 589 κατεψηφίσατο·
1684 519 1825 590 αὐτή
1853 535 1913 572 τε
1943 522 1977 590 ή

397 604 675 676 ὑπερϐολὴ
705 606 804 676 τῆς
839 607 1094 673 ἐναντίας
1136 609 1421 681 δυνάμεως
1454 609 1553 674 τὰς
1605 608 1843 673 διανοίας
1870 609 1980 665 τῶν

391 696 696 766 ἀνθρώπων
741 699 1011 754 κατέλαϐε
1040 702 1136 756 καὶ
1169 702 1522 774 ἠμαύρωσεν.
1568 701 1658 755 Ἐν
1712 695 1758 770 ᾧ
1795 701 1978 772 μέντοι

397 788 782 858 προστάγματι
813 786 970 858 ἀγιος
1001 789 1096 845 καὶ
1122 791 1392 854 ἀθάνατός
1418 793 1537 844 ἐστι
1569 790 1664 845 τοῦ
1697 791 1766 846 τὰ
1799 792 1978 846 πάντα

391 877 691 947 δυναμένου
724 877 860 932 Θεοῦ
884 880 912 932 ό
944 881 1228 955 ἀκάματος
1258 877 1429 943 οἰκος.
1464 882 1678 944 Πάσαις
1712 882 1822 954 γὰρ
1855 884 1978 946 ταῖς

393 967 650 1038 ἡμέραις,
683 970 778 1022 καὶ
815 972 929 1033 τοῖς
960 971 1176 1042 χρόνοις
1214 974 1330 1035 τοῖς
1389 971 1845 1042 παρεληλυθόσιν,
1886 973 1981 1026 ἀν-

391 1058 727 1130 αριθμήτους
745 1060 856 1113 τῶν
883 1061 1070 1133 δήμων
1094 1061 1500 1133 πολυπληθείας
1528 1061 1744 1114 ἀπὸτοῦ
1774 1061 1976 1134 βάρους

389 1149 580 1203 τούτου
610 1149 678 1203 δι’
712 1150 848 1221 ἐμοῦ
880 1151 974 1205 τοῦ
1014 1151 1180 1205 αὑτοῦ
1213 1151 1547 1222 θεράποντος
1579 1153 1607 1204 ὁ
1631 1150 1764 1215 Θεὸς
1789 1151 1975 1204 δεδου-

388 1237 643 1308 λωμένας
691 1239 1003 1311 ἐλευθεροῖ,
1039 1240 1134 1294 καὶ
1182 1241 1264 1305 εἰς
1307 1240 1498 1311 ἐντελῆ
1531 1239 1753 1293 αἰωνίου
1793 1243 1975 1310 φωτὸς

389 1327 571 1394 ἐξάξει
617 1327 1002 1400 λαμπρότητα.
1067 1330 1203 1383 Ἀπὸ
1253 1328 1459 1382 τούτων
1505 1327 1800 1399 τοιγαροῦν
1836 1327 1970 1398 ἐγὼ,

386 1419 607 1487 ἀδελφοὶ
640 1420 1046 1487 ποθεινότατοι,
1079 1419 1386 1492 οἰκειοτέρα
1433 1419 1540 1474 τινί
1595 1419 1823 1492 προνοίᾳ
1877 1417 1973 1472 καὶ

385 1509 620 1575 ἐνδόξοις
682 1513 1033 1584 εὐεργεσίαις
1087 1511 1182 1567 τοῦ
1231 1512 1506 1568 ἀθανάτου
1551 1512 1646 1565 καὶ
1693 1511 1968 1583 ἡμετέρου

386 1602 546 1668 Θεοῦ,
578 1604 640 1656 τὸ
676 1601 865 1660 λοιπὸν
912 1605 1315 1677 ἐπισημότερος
1354 1601 1494 1659 εἶναι
1524 1607 1589 1676 τῇ
1637 1603 1774 1676 πρὸς
1806 1603 1970 1656 αὐτὸν

383 1693 756 1768 καθαρωτάτη
787 1696 970 1750 πίστει
1000 1697 1258 1762 πέποιθα.
1288 1696 1544 1762 Δεξάσθω
1573 1694 1868 1766 τοιγαροῦν
1898 1712 1967 1765 με

2084 527 2194 582 tur,
2222 517 2414 572 suadet
2460 527 2641 572 tamen
2669 527 2836 588 atque
2867 517 3145 572 admonet.
3188 514 3256 570 Et
3282 515 3520 584 propria
3545 516 3667 586 qui-

2080 609 2203 663 dem
2252 609 2593 664 verecnndiae
2643 609 2799 666 frons
2854 609 3100 666 omnium
3165 607 3664 679 pulcherrimarum

2078 703 2339 757 virtutum
2368 702 2608 773 sigillum
2641 702 2860 769 extulit,
2906 711 3201 772 portasque
3231 700 3667 757 immortalitatis

2077 792 2243 860 cmpit
2279 793 2616 862 contingere,
2646 793 2903 864 ipsasque
2931 792 3147 863 pulsare
3184 809 3199 846 :
3235 800 3294 846 ut
3320 800 3376 847 et
3407 806 3503 846 vos
3549 804 3663 845 cm-

2078 881 2235 951 pistis
2256 893 2458 937 nostr-te
2487 884 2846 938 fraternitatis
2863 875 3248 950 imprudentiae
3269 882 3483 936 veniam
3509 881 3659 944 dare,

2077 987 2265 1041 pacem
2321 976 2440 1030 ﬁdei
2480 976 2766 1032 catholicae
2824 975 3207 1046 respicientes.
3249 971 3364 1027 lloc
3414 971 3559 1026 enim
3607 979 3662 1025 et

2076 1061 2246 1118 Deum
2297 1065 2478 1131 decet,
2509 1076 2562 1122 et
2599 1067 2858 1122 Ecclesiae
2903 1065 3190 1121 catholica:
3222 1065 3345 1119 ﬁdei
3378 1062 3658 1126 convenit,

2075 1163 2130 1208 et
2186 1155 2499 1224 reipublicae
2567 1161 2802 1230 negotiis
2859 1159 2991 1214 utile
3058 1168 3142 1214 est
3191 1175 3207 1213 :
3271 1168 3326 1210 ut
3391 1170 3490 1225 pro
3549 1153 3682 1208 divi-

2075 1249 2224 1302 nitus
2284 1249 2440 1305 nobis
2499 1266 2758 1308 concessa
2810 1252 3201 1322 pretiosissima
3261 1264 3396 1319 pace
3443 1248 3657 1316 dignam

2072 1340 2372 1410 gratiarum
2411 1344 2683 1398 actionem
2731 1343 2850 1412 ejus
2889 1345 3082 1413 gratiae
3133 1340 3381 1411 largitori
3409 1351 3660 1392 commu-

2073 1428 2214 1484 niter
2241 1445 2430 1487 omnes
2459 1431 2778 1488 referamus.
2807 1433 2988 1490 Grave
3022 1433 3164 1489 enim
3188 1441 3352 1495 esset,
3387 1429 3497 1484 imo
3528 1440 3658 1480 vero

2070 1537 2235 1592 quam
2277 1520 2560 1592 acerbum,
2619 1529 2869 1584 hostibus
2916 1527 3031 1596 jam
3077 1524 3406 1598 proﬂigatis,
3454 1529 3509 1578 et
3563 1536 3658 1575 ne-

2073 1612 2218 1669 mine
2245 1628 2312 1670 ex
2345 1615 2561 1673 diverso
2609 1633 2668 1674 se
2717 1632 2992 1688 opponere
3028 1617 3283 1682 audente,
3329 1615 3561 1668 invicem
3594 1623 3655 1665 se

2070 1719 2408 1776 Oppuguare,
2456 1718 2511 1766 et
2552 1711 2794 1766 laetitiam
2837 1711 3074 1766 inimicis
3105 1719 3270 1778 atque
3316 1707 3450 1761 adeo
3483 1706 3651 1760 risum

379 1787 414 1856 ή
465 1786 743 1859 ἀγιωτάτη
797 1787 1014 1852 σύνοδος
1056 1789 1156 1858 τῆς
1204 1789 1476 1860 ὑμετέρας
1523 1789 1835 1859 ἁγιότητος,
1868 1790 1964 1842 καὶ

2074 1797 2353 1868 praebere;
2393 1809 2449 1856 et
2471 1803 2774 1872 praesertim
2800 1819 2921 1859 cum
2947 1803 3013 1858 de
3041 1801 3202 1857 rebus
3232 1797 3431 1853 divinis
3461 1797 3652 1864 dispu-

381 1878 460 1948 μή
512 1896 604 1949 μοι
645 1879 745 1951 τὴν
798 1879 1252 1951 σωφρονεστάτην
1320 1879 1670 1952 Ἐκκλησίαν,
1717 1880 1814 1934 καὶ
1868 1880 1970 1951 τῆς

380 1969 557 2038 ἁγνῆς
608 1968 797 2040 κοινῆς
841 1971 937 2022 καὶ
965 1969 1191 2022 πάντων
1219 1968 1380 2040 ἡμῶν
1415 1970 1621 2040 μητρὸς
1668 1969 1771 2034 τὰς
1798 1969 1971 2042 θύρας

379 2060 732 2131 ἀντιτεθῆναι
764 2059 1099 2132 ἀνάσχησθε.
1137 2061 1201 2113 Εἰ
1245 2060 1342 2114 καὶ
1368 2059 1439 2113 τά
1477 2061 1712 2131 μάλιστα
1744 2061 1841 2116 καὶ
1874 2061 1970 2117 νῦν

377 2152 408 2204 ὁ
435 2151 698 2222 λογισμὸς
737 2155 838 2224 τῆς
871 2155 1013 2225 ἐμῆς
1040 2151 1222 2223 ψυχῆς
1251 2150 1444 2224 ἐντελῆ
1475 2151 1577 2224 τὴν
1611 2152 1971 2226 καθαρότητα

377 2242 480 2314 τῆς
507 2244 804 2316 καθολικῆς
851 2245 1090 2308 πίστεως
1128 2243 1430 2316 ἐπιζητῶν,
1471 2243 1628 2298 τοῦτο
1657 2246 1838 2317 ἐαυτῷ
1869 2264 1963 2316 γε-

377 2335 568 2391 νέσθαι
617 2338 719 2392 οὐκ
751 2337 925 2392 οἴεται
957 2333 1097 2392 εῖναι
1129 2337 1303 2405 ἀξιον,
1347 2337 1500 2410 ὅμως
1537 2339 1840 2410 προτρέπει
1874 2341 1969 2393 καὶ

380 2429 826 2500 ὑπομιμνήσκει,
858 2430 952 2487 καὶ
999 2429 1062 2484 τὸ
1106 2429 1362 2501 μέτωπον
1403 2428 1502 2500 τῆς
1548 2429 1754 2494 οἰκείας
1786 2430 1968 2496 αἰδοῦς

377 2520 573 2576 πασῶν
603 2523 712 2577 τῶν
756 2523 1064 2578 καλλίστων
1091 2521 1309 2594 ἀρετῶν
1343 2519 1627 2592 ἐξενήνοχε
1668 2524 1966 2593 σφραγῖδα,

2072 1895 2273 1953 temus,
2320 1888 2733 1962 habeamusque
2771 1891 3080 1947 doctrinam
3118 1885 3482 1945 sacratissimi
3525 1881 3656 1952 Spi-

2067 1979 2229 2048 ritus,
2267 1980 2574 2038 litterarum
2612 1985 2987 2039 monumentis
3024 1983 3315 2054 proditam.
3349 1978 3483 2032 Nam
3531 1971 3656 2030 libri
3729 2003 3736 2010 -

2066 2073 2523 2142 evangelistarum
2549 2083 2602 2131 et
2625 2076 3019 2147 apostolorum,
3046 2075 3176 2145 quin
3203 2073 3370 2128 etiam
3404 2077 3652 2124 veterum

2067 2162 2455 2232 prophetarum
2483 2165 2702 2219 oracula
2726 2180 2827 2220 nos
2855 2163 3140 2220 evidenter
3167 2161 3384 2225 docent,
3419 2156 3549 2226 quid
3585 2155 3655 2210 de

2071 2252 2254 2308 divino
2297 2255 2518 2310 numine
2563 2257 2910 2312 sentiendum
2952 2257 3043 2311 sit.
3085 2253 3246 2310 Omni
3304 2251 3470 2322 igitur
3503 2246 3652 2303 sedi-

2072 2345 2208 2400 tiosa
2234 2347 2582 2402 contentione
2617 2348 2865 2418 depulsa,
2904 2346 3230 2402 Litterarum
3273 2341 3534 2399 divinitus
3572 2339 3659 2393 in-

2071 2435 2400 2504 spiralarum
2439 2439 2767 2494 testimoniis
2811 2455 2901 2496 res
2931 2441 2984 2494 in
3010 2438 3364 2509 quaestionem
3393 2435 3657 2491 adductas

2073 2527 2455 2584 dissolvamus.

376 2615 476 2668 καὶ
511 2615 623 2669 τῶν
657 2617 844 2672 πυλῶν
898 2616 999 2688 τῆς
1053 2615 1358 2680 ἀθανασίας
1407 2613 1614 2686 ἤρξατο
1671 2615 1964 2687 ἅπτεσθαι,
2006 2621 2100 2675 καὶ
2163 2623 2390 2689 τούτους
2428 2624 2684 2697 κρούεινο
2718 2625 2868 2689 ὅπως
2937 2625 3030 2680 καὶ
3061 2626 3219 2696 ὑμεῖς
3260 2623 3360 2692 τῆς
3390 2619 3663 2691 ἡμετέρας

379 2705 743 2778 ἀδελφότητος
771 2707 936 2772 εὐθὺς
1001 2708 1360 2778 συγχωρῆσαι
1381 2707 1482 2777 τήν
1540 2708 1728 2762 ἄνοιαν
1782 2710 1878 2762 καί¹
1937 2712 2164 2784 εἰρήνην
2217 2715 2319 2786 τῆς
2383 2717 2685 2788 καθολικῆς
2744 2717 2963 2772 εὔνοιαν
3025 2717 3264 2778 πίστεως
3325 2713 3650 2784 βλέψαντες.

379 2800 556 2854 Τοῦτο
589 2800 799 2873 γὰρτῷ
831 2801 953 2872 Θεῷ
974 2801 1286 2872 πρεπῶδες,
1313 2800 1412 2854 καὶ
1443 2803 1510 2871 τῇ
1584 2803 1686 2873 τῆς
1731 2802 2028 2877 καθολικῆς
2074 2807 2405 2882 Ἐκκλησίας
2456 2811 2640 2866 πίστει
2697 2813 2999 2884 ἁρμόδιον,
3046 2813 3140 2866 καὶ
3195 2809 3275 2879 τῷ
3333 2806 3498 2876 κοινῷ
3553 2803 3662 2857 τῶν

377 2893 724 2963 πραγμάτων
774 2893 1101 2964 συμφέρον·
1148 2892 1241 2948 ἵνα
1289 2891 1394 2961 τῆς
1473 2893 1660 2949 θεόθεν
1709 2896 1846 2966 ἡμῖν
1910 2900 2354 2972 παρασχεθείσης
2400 2904 2759 2975 ἐντιμοτάτης
2827 2907 3054 2976 εἰρήνης
3100 2903 3257 2967 ἀξίαν
3305 2897 3543 2970 ἀμοιδῆν
3583 2895 3664 2967 τῷ

375 2987 586 3059 ταύτην
636 2989 770 3058 ἡμῖν
825 2988 1186 3061 χαρισαμένῳ
1239 2986 1438 3054 κοινῶς
1485 2990 1730 3054 ἅπαντες
1804 2994 2287 3067 προσενέγκωμεν.
2339 2998 2524 3053 Δεινδν
2559 2999 2670 3071 γὰρ
2699 2999 2776 3063 ὡς
2842 3000 3063 3072 ἀληθῶς
3133 2999 3200 3052 ἂν
3259 2996 3368 3065 εἴη,
3401 2995 3497 3048 καὶ
3520 2992 3664 3062 ἄγαν

373 3078 552 3136 δεινὸν
602 3078 1018 3132 καταλυθέντων
1077 3078 1190 3132 τῶν
1237 3078 1536 3149 πολεμίων,
1590 3079 1686 3134 καὶ
1742 3081 1970 3153 μηδενὸς
2029 3084 2355 3140 ἀντιτείνειν
2400 3086 2481 3140 ἔτι
2523 3086 2855 3158 τολμῶντος,
2918 3086 3140 3158 βάλλειν
3186 3086 3346 3158 ἡμᾶς
3373 3082 3662 3152 ἀλλήλους,

374 3178 474 3234 καὶ
517 3181 629 3240 τοῖς
668 3173 995 3246 δυσμενέσιν
1023 3174 1220 3246 ήδονὴν
1263 3174 1361 3229 καὶ
1405 3174 1624 3242 γέλωτα
1672 3177 1976 3247 προξενεῖν,
2015 3179 2192 3244 άλλως
2220 3198 2279 3235 τε
2321 3182 2380 3236 δὲ
2437 3184 2533 3237 καὶ
2564 3183 2697 3253 περὶ
2758 3183 2920 3237 θείων
2944 3181 3366 3251 διαλεγομένους
3397 3177 3664 3249 πραγμά-

370 3285 508 3335 των,
539 3267 636 3323 καὶ
683 3265 781 3321 τοῦ
829 3265 1100 3336 παναγίου
1131 3265 1446 3337 πνεύματος
1517 3268 1618 3338 τὴν
1657 3268 2010 3326 διδασκαλίαν
2073 3274 2430 3344 ἀνάγραπτον
2468 3276 2715 3347 ἔχοντας.
2767 3275 3145 3345 Εὐαγγελικαί
3193 3274 3304 3345 γὰρ
3340 3271 3534 3341 βίϐλοι,
3568 3269 3668 3324 καὶ

369 3363 757 3428 ἀποστολικαὶ,
796 3361 894 3415 καί
915 3360 1027 3416 τῶν
1074 3360 1326 3416 παλαιῶν
1355 3361 1656 3434 προφητῶν
1681 3363 1753 3416 τὰ
1815 3363 2169 3438 θεσπίσματα
2227 3370 2416 3438 σαφῶς
2465 3372 2615 3442 ἡμᾶς
2640 3371 2787 3443 ἆπερ
2818 3372 2928 3443 χρὴ
2987 3368 3237 3442 περὶτοῦ
3269 3367 3417 3421 θείου
3446 3367 3666 3435 φρονεῖν

370 3455 786 3512 ἐκπαιδεύουσι.
846 3455 960 3526 Τὴν
1013 3452 1390 3520 πολεμοποιάν
1442 3449 1537 3508 οῦν
1590 3454 1968 3522 ἀπελάσαντες
2004 3458 2142 3530 ἔριν,
2175 3462 2242 3515 ἐκ
2285 3461 2398 3516 τῶν
2441 3463 2821 3518 θεοπνεύστων
2865 3462 3044 3532 λόγων
3108 3461 3369 3533 λάϐωμεν
3401 3459 3511 3513 τῶν
3567 3457 3665 3528 ζη-

365 3566 470 3603 του
478 3548 654 3619 μένων
680 3546 778 3619 τὴν
810 3544 987 3600 λύσιν.

446 3639 634 3695 Ταῦτα
663 3639 758 3694 καὶ
783 3637 854 3691 τά
878 3636 1092 3701 τούτοις
1121 3637 1481 3709 παραπλήσια
1500 3640 1529 3692 ὀ
1561 3639 1837 3709 πάνσοφος
1867 3639 1966 3710 βα-

2143 3644 2250 3699 lsta
2281 3644 2498 3711 aliaque
2549 3642 2601 3697 id
2647 3657 2820 3714 genus
2858 3640 3298 3710 sapientissimus
3345 3641 3663 3710 imperator,

365 3731 582 3796 σιλεὺς,
634 3727 724 3784 οἶα
769 3728 835 3800 δὴ
865 3730 998 3794 παῖς
1049 3728 1395 3798 φιλοπάτωρ,
1449 3731 1560 3794 τοῖς
1609 3730 1849 3802 ἱερεῦσιν
1889 3731 1973 3796 ὡς

361 3825 624 3898 Πατράσι
649 3822 986 3896 προσέφερε,
1009 3821 1118 3876 τῶν
1143 3821 1526 3876 ἀποστολικῶν
1551 3823 1840 3894 δογμάτων
1868 3824 1968 3895 τήν

363 3915 704 3989 συμφωνίαν
753 3912 1304 3985 πραγματευόμενος.
1351 3913 1467 3983 Τῆς
1514 3912 1571 3968 δὲ
1609 3913 1830 3968 συνόδου
1858 3915 1969 3969 τῶν

364 4006 744 4064 συνελθόντων
785 4005 877 4057 ἐπὶ
905 4005 967 4057 τὸ
1010 4002 1144 4058 αὐτὸ
1183 4001 1536 4055 ἐπισκόπωνο
1567 4000 1871 4072 τριακόσιοι
1909 3999 1968 4054 δέ

360 4096 518 4173 ἦσαν
551 4098 688 4152 δέκα
742 4099 840 4151 καὶ
884 4093 1031 4148 ὀκτώ
1057 4111 1070 4125 ·
1123 4093 1241 4148 ἀλλ’
1291 4095 1340 4147 ot
1389 4093 1490 4164 μὲν
1533 4093 1842 4166 τριακόσιοι
1876 4093 1972 4146 καὶ

363 4188 516 4262 πρὸς
542 4189 657 4252 τοῖς
689 4186 1006 4256 λεγομένοις
1034 4183 1342 4250 ἐπείθοντο,
1377 4183 1473 4238 καί⁸
1495 4184 1593 4254 τήν
1615 4200 1676 4236 τε
1706 4183 1843 4254 πρὸς
1876 4183 1972 4236 ἀλ-

361 4281 572 4354 λήλους
598 4279 876 4349 ὁμόνοιαν,
901 4277 1000 4347 τήν
1018 4293 1077 4329 τε
1098 4275 1207 4328 τῶν
1236 4273 1524 4349 δογμάτων
1548 4273 1764 4342 ὑγίειαν
1792 4272 1974 4344 ησπά-

365 4374 556 4439 ζοντο.
608 4373 672 4425 Οἰ
719 4371 777 4424 δέ
821 4368 1022 4435 λοιποὶ,
1058 4367 1243 4431 καθὼς
1289 4367 1461 4421 πάλαι
1495 4367 1827 4437 εἰρήκαμεν,
1859 4368 1974 4430 τοῖς

362 4462 761 4526 ἀποστολικοῖς
799 4461 1175 4532 ἀντεμάχοντο
1216 4459 1517 4530 δόγμασινο
1570 4458 1627 4511 οἵ
1671 4473 1820 4522 τινες
1871 4457 1973 4530 τὴν

363 4556 474 4613 τοῦ
520 4555 736 4628 Ἀρείου
781 4553 944 4618 δόξαν
996 4552 1360 4623 μεγαλοφυῶς
1413 4553 1737 4623 συγκροτεῖν
1770 4549 1974 4606 ἐσπού-

364 4651 436 4704 δα
449 4647 562 4712 ζον,
593 4647 730 4700 δέκα
755 4645 850 4699 καὶ
872 4645 1014 4698 ἐπτά
1038 4644 1131 4697 τὸν
1155 4643 1392 4716 ἀριθμὸν
1420 4642 1592 4710 ὄντες,
1618 4641 1882 4707 Εὐσέϐιός
1912 4660 1973 4696 τε

364 4739 395 4790 ό
448 4733 818 4804 Νικομηδεὺς,
863 4731 939 4794 ὡς
995 4729 1094 4784 καὶ
1144 4731 1412 4802 πρότερον
1461 4729 1704 4802 εἴρηται,
1733 4730 1976 4802 Θεόγνης

370 4823 715 4900 [Θεογόνιος]
744 4825 773 4877 ό
797 4823 899 4894 τῆς
931 4820 1191 4885 Νικαίας,
1217 4821 1418 4893 Μάρης
1446 4821 1815 4892 Χαλκηδόνος,
1839 4822 1976 4875 Θεό-

371 4920 555 4991 δωρος
612 4914 946 4990 Ἡρακλείας
997 4912 1253 4984 Θρᾴκης,
1302 4913 1664 4984 Μηνόφαντος
1721 4913 1972 4984 Ἐφέσου,

2071 3737 2200 3791 dum
2236 3732 2504 3789 doctrinae
2532 3731 2848 3802 apostolicae
2889 3744 3222 3786 consensum
3273 3729 3519 3784 stabilire
3547 3743 3667 3783 mo-

2071 3829 2285 3888 liretur,
2308 3829 2562 3894 tanqdam
2594 3822 2741 3877 ﬁlius
2770 3823 2944 3893 patris
2970 3821 3400 3885 amantissimus,
3443 3821 3664 3888 episco-

2073 3917 2160 3987 pis
2193 3925 2250 3972 et
2278 3913 2663 3971 sacerdotibus
2693 3912 2845 3967 velut
2875 3911 3122 3982 patribus
3153 3912 3458 3981 proposuit.
3493 3911 3667 3967 Erant

2072 4018 2255 4063 autem
2293 4006 2387 4076 qui
2438 4006 2506 4075 ad
2561 4003 2834 4075 synodum
2895 4001 3059 4057 simul
3111 4010 3507 4068 convenerant,
3541 4004 3664 4071 epi-

2072 4098 2222 4168 scopi
2266 4096 2500 4151 trecenti
2555 4104 2609 4150 et
2656 4093 2962 4150 octodecim
2999 4111 3013 4148 :
3045 4095 3138 4149 sed
3184 4094 3410 4148 trecenti
3445 4095 3661 4162 quidem

2073 4194 2199 4239 ante
2233 4183 2493 4254 praedicta
2527 4181 2780 4253 persuasi
2804 4190 2983 4246 erant,
3010 4191 3066 4235 et
3095 4195 3423 4235 consensum
3469 4179 3536 4234 ad
3583 4181 3667 4235 in-

2075 4278 2251 4332 vicem
2311 4290 2376 4331 ac
2424 4275 2740 4346 dogmatum
2803 4273 3093 4329 sanitatem
3142 4272 3661 4342 amplectebantur:

2076 4367 2272 4437 reliqui
2331 4375 2539 4431 autem,
2598 4373 2658 4419 ut
2697 4366 2810 4433 jam
2868 4363 3080 4431 pridem
3112 4363 3372 4430 diximus,
3405 4366 3669 4420 adversus

2075 4457 2378 4529 apostolica
2402 4456 2658 4527 dogmata
2696 4454 3034 4525 pugnabant,
3057 4454 3147 4523 qui
3185 4453 3302 4507 Arii
3335 4455 3666 4509 sententiam

2075 4548 2368 4620 magniﬁce
2401 4546 2791 4603 concelebrare
2821 4544 3139 4610 studebant,
3176 4559 3402 4600 numero
3427 4556 3667 4614 septem-

2077 4642 2297 4697 decim:
2340 4640 2612 4696 Eusebius
2650 4637 2858 4694 scilicet
2911 4635 3375 4701 Nicomediensis,
3421 4636 3576 4704 cujus
3610 4645 3667 4691 et

2076 4733 2331 4803 superius
2371 4731 2704 4786 mentionem
2754 4728 3024 4794 fecimus;
3067 4727 3344 4798 Theognis
3380 4726 3657 4792 Nicaeuns,

2077 4823 2244 4879 Maris
2272 4821 2763 4886 Chalcedonensis,
2797 4819 3121 4875 Theodorus
3167 4819 3445 4874 Heracleae
3491 4819 3670 4873 Thra-

2079 4917 2202 4980 ciae,
2227 4914 2628 4985 Menophantus
2657 4912 2878 4984 Ephesi,
2913 4911 3266 4982 Patrophilus
3297 4912 3667 4983 Scythopolis,

375 5009 733 5081 Πατρόφιλος
784 5006 1209 5069 Σκυθοπόλεως,
1263 5005 1582 5077 Νάρκισσος
1629 5006 1971 5078 Νερωνιάδος

2080 5005 2372 5061 Narcissus
2411 5005 2741 5061 Neroniadis
2772 5005 3027 5060 secundae
3060 5005 3291 5068 Ciliciae,
3327 5019 3490 5073 quam
3525 5018 3668 5059 nunc

377 5102 640 5166 Κιλικίας
667 5101 952 5173 δευτέρας,
974 5100 1042 5172 ἢν
1068 5097 1161 5154 νῦν
1187 5097 1585 5169 Εἰρηνούπολιν
1607 5099 1968 5170 ὀνομάζομεν,

375 5193 602 5257 Θεωνᾶς
669 5193 698 5245 ὁ
762 5189 1174 5262 Μαρμαρίτης,
1234 5187 1530 5253 Σεκοῦνδος
1600 5190 1969 5262 Πτολεμαΐδος

374 5280 682 5350 Αἰγύπτου,
729 5281 823 5334 καὶ
861 5279 958 5332 σὺν
991 5279 1176 5341 αὐτοῖς
1215 5276 1394 5349 ἕτεροι
1437 5277 1581 5332 όκτὼ
1613 5279 1814 5343 οἵτινες
1840 5282 1955 5333 ἐαυ-

376 5373 510 5436 τοὺς
549 5371 628 5443 τῷ
659 5372 781 5444 τῶν,
807 5369 1142 5441 τριακοσίων
1185 5369 1360 5438 ἁγίων
1409 5369 1554 5441 χορῷ
1592 5371 1971 5440 ἐπιμίξαντες,

379 5460 464 5524 ὡς
502 5459 662 5532 δῆθεν
692 5459 988 5530 ὀρθόδοξοι,
1015 5459 1129 5520 τοῖς
1169 5457 1552 5522 ἀποστολικοῖς
1598 5459 1972 5530 ἀντέπραττον

377 5553 674 5624 δόγμασιν,
718 5553 916 5623 Ἀρείῳ
962 5550 1394 5622 συνηγοροῦντες
1417 5568 1432 5583 ·
1464 5551 1682 5616 τούτοις
1706 5552 1973 5620 γενναίως

377 5644 820 5718 ἀντηγωνίζοντο
859 5643 910 5698 οἰ
949 5644 1008 5696 ἐν
1034 5641 1214 5711 ἁγίοις
1236 5641 1487 5714 Πατέρες
1528 5642 1689 5715 ήμῶν
1729 5641 1973 5707 Ἀλέξαν-

379 5736 512 5807 δρος
548 5738 579 5792 ό
621 5733 1256 5800 Κωνσταντινουπόλεως
1283 5734 1408 5790 τότε
1439 5735 1812 5809 πρεσϐύτερος
1856 5733 1932 5790 ὢν
1952 5774 1968 5805 ,

2077 5096 2406 5166 lrenopolim
2450 5095 2829 5166 appellamus,
2871 5094 3129 5150 Theonas
3175 5095 3532 5157 Marmaricze,
3569 5094 3667 5148 St.»

2079 5189 2290 5244 cundus
2323 5187 2681 5244 Ptolemaidis
2715 5189 2964 5260 IEgypti,
3009 5196 3216 5242 etcum
3261 5187 3342 5242 eis
3370 5185 3460 5240 alii
3499 5195 3657 5252 octo,

2080 5277 2172 5345 qui
2210 5277 2447 5345 seipsos,
2496 5277 2653 5345 quasi
2700 5285 2889 5332 essent
2935 5274 3250 5339 orthodoxi,
3294 5283 3668 5328 trecentorum

2079 5370 2248 5421 chero
2270 5366 2585 5433 miscentes,
2613 5366 2929 5437 apostolicis
2954 5367 3226 5436 dogmatis
3266 5363 3664 5435 repugnabant,

2077 5457 2212 5512 Ario
2245 5459 2676 5514 consentientes.
2703 5459 2836 5515 Cum
2869 5458 2956 5513 his
2999 5472 3271 5527 generose
3309 5457 3670 5512 decertabant

2079 5549 2253 5603 sancti
2301 5549 2491 5604 Patres
2543 5551 2761 5615 nostri,
2820 5551 3130 5608 Alexander
3201 5560 3331 5606 tunc
3383 5549 3670 5621 presbyter

2078 5640 2746 5712 Constantinopolitanus,
2781 5651 2836 5699 et
2868 5644 3208 5699 Athanasius
3239 5643 3664 5699 archidiaconus

2081 5731 2339 5790 Ecclesia:
2369 5731 2884 5793 Alexandrinorum.
2913 5734 3280 5802 Quamobrem
3303 5735 3508 5792 invidia
3536 5747 3669 5790 con-
