4070 6428
422 300 559 367 12η

1693 297 1996 360 GELASII
2034 294 2377 357 CYZICENI

3561 291 3698 358 1244

422 424 507 468 tra
538 424 636 466 eos
661 424 807 464 arma
845 408 1038 474 movit,
1068 415 1124 462 ut
1154 416 1344 479 postea
1389 405 1656 463 dicemus.
1693 405 1873 462 Nostri
1909 422 2005 460 au-

2115 404 2204 459 καὶ
2248 405 2567 470 ’Δθανάσιος
2589 405 2970 478 ἁρχιδιὰκονος
2992 401 3094 473 τῆς
3129 402 3531 474 ’Δλεξανδρέων
3572 406 3699 460 Ἐκ-

424 515 531 560 tem
568 503 743 558 sancti
787 501 1031 573 episcopi
1069 500 1265 556 Arium
1293 500 1362 557 ad
1390 498 1661 573 synodum
1710 499 2003 566 vocabant,

423 595 801 666 permittentes
830 593 879 647 ei
925 591 1143 662 propria
1183 591 1439 662 dogmata
1482 605 1828 661 proponere,
1868 599 2005 646 nutu

420 700 640 756 semper
668 684 893 740 victoris
923 683 1273 751 imperatoris
1298 702 1313 739 :
1361 699 1488 739 nam
1525 694 1581 740 et
1612 684 1724 751 ille,
1757 693 1818 740 ut
1845 685 2008 755 paulo

423 787 552 833 ante
578 778 846 842 diximus,
882 776 937 832 in
971 776 1182 848 synodo
1207 775 1546 833 considebat.

1045 1066 1199 1121 CAP.
1233 1065 1370 1124 Vlll.

427 1182 707 1252 Quomodo
767 1184 1057 1256 imperator
1100 1187 1305 1243 libellos
1370 1189 1735 1261 episcoporum
1785 1191 2010 1261 accepit.

498 1360 698 1417 Verum
728 1363 1049 1420 admirabile
1078 1364 1210 1419 illud
1238 1364 1476 1434 facinus,
1518 1366 1665 1437 quod
1704 1367 1757 1422 in
1802 1369 2013 1440 synodo

427 1454 495 1509 ab
519 1454 847 1525 imperatore
878 1470 1097 1526 semper
1140 1457 1349 1514 victore
1391 1457 1595 1514 factum
1625 1469 1729 1528 est,
1762 1475 1871 1515 non
1918 1460 2013 1517 de-

428 1543 519 1598 bet
544 1543 763 1598 silentio
793 1547 1163 1614 praetermitti.
1202 1548 1422 1603 Etenim
1452 1565 1577 1604 cum
1608 1550 1663 1605 in
1692 1566 1861 1606 unum
1899 1551 2008 1622 epi-

425 1636 574 1703 scopi
615 1639 1022 1705 convenissent,
1046 1649 1121 1706 et,
1164 1649 1224 1695 ut
1257 1639 1373 1695 tleri
1399 1640 1539 1696 solet
1574 1642 1626 1697 in
1645 1642 2014 1713 disputatione

2110 497 2342 569 κλησίας
2365 498 2509 552 ·’διδ
2548 499 2647 553 καὶ
2695 497 2892 567 φθόνος
2945 497 3186 551 ὥπλιστο
3234 497 3353 550 κατ’
3391 496 3592 560 αὐτῶν.
3622 498 3698 562 ὣς

2110 587 2343 661 ὕστερον
2382 590 2629 662 λέξομεν.
2683 592 2747 645 Ol
2789 590 2848 645 δὲ
2908 591 3168 662 ἡμέτεροι
3216 589 3366 658 ἅγιοι
3409 590 3701 645 ἐπίσκοποι

2111 680 2342 735 καλοῦσι
2371 680 2463 734 τὸν
2514 682 2736 753 Ἀρειον
2769 684 2850 745 εἱς
2883 682 2985 750 τὴν
3023 680 3265 746 σύνοδον,
3308 680 3705 751 ἐπιτρέποντες

2110 771 2261 842 αὐτῷ
2294 773 2557 844 συστῆναι
2602 777 2717 838 τοῖς
2763 774 2917 836 ἰδίοις
2943 774 3203 844 δόγμασι,
3232 772 3467 844 νεύματι
3504 772 3599 827 τοῦ
3630 774 3704 830 τὰ

2110 865 2289 918 πάντα
2341 866 2640 938 νικηφόρου
2687 865 2990 936 βασιλέως·
3049 866 3309 932 ἐπείπερ,
3358 865 3438 928 ὡς
3483 864 3695 935 ἀρτίως

2110 957 2437 1028 εἰρήκαμεν,
2468 958 2563 1011 καὶ
2589 957 2750 1035 apte;
2775 960 2843 1029 τῇ
2877 957 3078 1027 συνόδῳ
3108 956 3461 1028 συνήδρευεν.

2713 1067 2965 1121 ΚΕΦΑΛ.
3013 1067 3099 1120 ll'.

2114 1179 2314 1247 Ὅπως
2356 1180 2502 1246 τοὺς
2547 1181 2873 1248 λιόέλλους
2917 1180 3037 1235 τῶν
3065 1182 3419 1235 ἐπισκόπων
3449 1183 3482 1235 ό
3515 1182 3704 1247 ,βασι-

2682 1251 2830 1317 λεὺς
2877 1251 3136 1321 δέχεται.

2197 1360 2360 1415 Ἀλλὰ
2415 1361 2475 1415 τὸ
2523 1362 2664 1415 κατὰ
2717 1361 2817 1433 τὴν
2866 1361 3084 1415 σύνοδον
3114 1361 3339 1431 γεγονὸς
3389 1360 3707 1430 θαυμαστὸν

2115 1452 2269 1523 παρὰ
2300 1452 2395 1506 τοῦ
2440 1451 2509 1505 τὰ
2543 1451 2721 1505 πάντα
2750 1451 3053 1524 νικηφόρου
3090 1450 3383 1521 βασιλέως,
3418 1451 3521 1503 οὐκ
3552 1448 3706 1513 ἄξιον

2117 1544 2295 1615 σιωπῇ
2343 1542 2842 1616 παραπέμψασθαι.
2892 1543 3004 1596 Καὶ
3060 1542 3167 1613 γὰρ
3222 1541 3708 1611 ἐπισυναχθέντων

2115 1635 2337 1690 πάντων
2368 1633 2476 1688 τῶν
2509 1635 2849 1703 ἐπισκόπων,
2882 1634 2981 1689 καὶ
3010 1633 3195 1698 καθὼς
3226 1633 3347 1696 ἔθος
3376 1632 3517 1698 ἐστὶ,
3548 1649 3708 1702 γενο⁴

425 1729 788 1795 contentiosa,
826 1733 1153 1801 quaestiones
1192 1742 1247 1788 et
1278 1736 1667 1792 controversiae
1712 1736 1855 1793 inter
1901 1752 1998 1794 eos

2119 1726 2295 1797 μένων
2326 1721 2608 1798 ζητήσεὼν
2632 1742 2689 1777 τε
2721 1725 2815 1779 καὶ
2842 1725 3186 1796 συγκρίσεων
3216 1722 3369 1795 παρά
3395 1741 3556 1777 τινων
3583 1723 3696 1777 τῶν

427 1817 769 1886 incidissent,
808 1830 865 1876 et
897 1822 987 1876 alii
1018 1821 1154 1878 alios
1195 1834 1558 1891 accusarent,
1587 1841 1821 1898 cumque
1855 1827 2016 1885 libel-

427 1908 512 1965 los
577 1909 886 1976 oﬂ'errent,
942 1922 999 1969 et
1062 1914 1470 1971 criminationes
1542 1919 1872 1989 compositas
1945 1918 2014 1974 ad

426 2000 574 2069 pium
601 1999 879 2057 deferrent
911 2002 1297 2074 imperatorem
1344 2022 1359 2058 :
1395 2005 1484 2062 ille
1513 2019 1769 2079 acceptos
1803 2008 2015 2065 libellos

427 2099 483 2146 et
513 2090 716 2146 ahnulo
743 2107 844 2148 suo
871 2093 1211 2164 obsignatos,
1237 2099 1445 2153 servari
1481 2102 1743 2171 praecepit
1773 2109 1866 2156 :et
1889 2117 2013 2157 cum

426 2181 618 2236 talium
657 2182 1039 2254 episcoporum
1083 2195 1329 2242 mutuam
1364 2191 1772 2246 contentionem
1799 2193 2010 2262 perspi-

426 2277 597 2337 ceret,
641 2271 780 2327 dlxit
808 2284 1064 2343 oportere
1090 2290 1282 2332 omnes
1308 2279 1469 2333 simul
1495 2290 1648 2335 certo
1686 2281 1773 2337 die
1817 2282 1883 2336 ad
1927 2298 2015 2340 res

426 2375 521 2417 cas
558 2362 940 2434 disceptandas
959 2368 1277 2424 convenire.
1307 2368 1657 2427 Pracstitutus
1690 2381 1869 2428 autem
1901 2374 2015 2430 dies

426 2466 548 2523 cum
579 2454 837 2520 venisset,
877 2457 1128 2511 consedit
1178 2458 1227 2513 in
1267 2460 1447 2515 medio
1490 2460 1811 2529 imperator,
1853 2471 1909 2517 et
1940 2463 2017 2519 si-

426 2544 596 2600 lentio
628 2554 937 2617 opportune
962 2546 1131 2612 facto,
1160 2553 1404 2605 omnium
1432 2551 1648 2608 libellos
1682 2552 1864 2608 aﬂ‘erri
1894 2554 2009 2626 jns~

426 2635 535 2691 sit:
568 2651 706 2706 quos
728 2652 853 2692 cum
887 2640 1210 2708 accepisset,
1247 2651 1302 2697 et
1341 2644 1396 2697 in
1428 2644 1550 2698 sinu
1581 2660 1679 2700 suo
1701 2647 2004 2714 posuisset,

428 2743 529 2784 nec
562 2728 826 2785 voluisset
860 2731 916 2786 in
965 2732 1267 2789 delationes
1313 2750 1408 2790 eas
1455 2736 1795 2803 incumbere,
1828 2738 1903 2793 ita
1945 2740 2013 2794 ad

426 2822 714 2893 episcOpos
741 2823 984 2895 loquitur
1013 2843 1029 2881 :
1066 2825 1430 2897 Posteaquam
1462 2829 1603 2884 Deus
1630 2845 1727 2885 vos
1760 2832 2011 2887 sacerdo-

429 2921 509 2967 tes
540 2922 592 2967 et
619 2912 833 2981 iudices
864 2916 1172 2987 designavit
1199 2920 1267 2973 ad
1298 2920 1684 2989 disceptandas
1726 2931 1782 2977 et
1814 2922 2013 2990 dijudi-

427 3007 633 3061 candas
662 3007 845 3077 populi
882 3011 1318 3077 controversias,
1362 3027 1571 3083 vosque
1603 3015 1735 3069 deos
1762 3014 2012 3070 scriben-

2117 1818 2455 1881 ἐπισκόπων,
2506 1816 2838 1889 ἐρεσχελιῶν
2883 1817 3083 1882 ἓνεκα,
3142 1814 3306 1870 ἄλλου
3356 1815 3495 1886 πρὸς
3547 1815 3712 1869 ἄλλον

2116 1909 2355 1981 ἔχοντος,
2396 1906 2660 1961 λισέλλων
2701 1925 2759 1961 τε
2808 1905 3202 1976 ἐπιδιδομένων
3235 1906 3328 1958 ὑπ’
3379 1905 3582 1970 αὐτῶν,
3614 1906 3713 1959 καὶ

2117 1998 2485 2069 ἐγκλημάτων
2513 1997 3004 2069 συγκροτουμένων
3029 1995 3182 2066 παρὰ
3203 1994 3282 2066 τῷ
3308 1996 3525 2049 εὐσεϐεῖ
3553 1995 3713 2067 βασι·

2116 2088 2229 2142 λεῖ·
2254 2087 2550 2159 δεξάμενος
2582 2088 2709 2151 τοὺς
2737 2086 3037 2153 λιϐέλλους,
3082 2087 3394 2159 σφραγίσας
3419 2104 3479 2140 τε
3511 2087 3590 2158 τῷ
3614 2087 3712 2140 δα-

2116 2178 2323 2251 κτυλίῳ
2358 2177 2549 2243 αὑτοῦ,
2572 2177 2828 2233 ἐκέλευσε
2851 2178 3242 2249 φυλάττεσθαι·
3270 2178 3475 2249 ἐνορῶν
3508 2195 3567 2232 τε
3598 2179 3713 2233 τῶν

2115 2272 2376 2327 τοιούτων
2406 2271 2726 2325 ἐπισκόπων
2746 2270 2846 2340 τὴν
2876 2271 3014 2341 προς
3050 2269 3317 2341 ἀλλήλους
3342 2267 3710 2341 ζὐγομαχίαν⁹

2116 2358 2297 2428 εἷπεν,
2330 2362 2413 2416 ὅτι
2436 2362 2542 2433 χρὴ
2572 2362 2787 2424 πάντας
2812 2359 2952 2431 ὁμοῦ
2985 2362 3042 2414 ἐν
3078 2362 3177 2432 μιᾷ
3206 2361 3393 2434 ἡμέρα
3422 2362 3713 2416 συνελθόν-

2115 2473 2233 2521 τας,
2271 2456 2401 2526 περὶ
2430 2453 2635 2508 τούτων
2660 2453 2958 2508 διαλαϐεῖν.
2997 2454 3107 2508 Καὶ
3140 2455 3411 2525 ἐνστάσης
3440 2455 3540 2525 τῆς
3575 2473 3713 2527 προ-

2119 2547 2373 2619 θεσμίας,
2410 2549 2492 2612 εἱς
2524 2548 2689 2618 μέσον
2724 2546 2958 2609 καθίσας
2987 2547 3014 2599 ὁ
3040 2546 3317 2616 βασιλεὺς,
3352 2548 3445 2601 καὶ
3476 2548 3713 2618 ἡσυχίας

2118 2640 2421 2711 γενομένης
2472 2639 2551 2710 τῷ
2600 2638 2779 2710 καιρῷ
2826 2639 3172 2711 πρεπούσης,
3204 2640 3424 2693 πάντων
3456 2642 3584 2703 τοὺς
3625 2641 3712 2693 λι-

2119 2727 2342 2790 δέλ).ους
2388 2725 2727 2798 προσέταξεν
2773 2727 3091 2798 ἐνεχθῆναι·
3148 2727 3242 2782 καὶ
3295 2728 3359 2799 δὴ
3391 2727 3709 2797 δεξάμενος,

2117 2820 2212 2874 καὶ
2248 2821 2305 2872 ἐν
2328 2818 2408 2889 τῷ
2453 2819 2641 2890 οἰκείῳ
2671 2819 2857 2890 κόλπῳ
2898 2818 3129 2889 θέμενος
3170 2820 3299 2890 μήτ’
3328 2817 3568 2889 ἐγκύψαι
3596 2821 3711 2883 τοῖς

2116 2911 2512 2983 ἐμφερομένοις
2561 2911 2852 2984 ἐθελήσας,
2885 2911 3069 2980 λέγει’
3102 2911 3197 2967 τοῦ
3227 2911 3362 2965 Θεοῦ
3393 2912 3538 2982 ὑμᾶς
3567 2928 3704 2983 προ-

2115 3005 2509 3076 χειρισαμένου
2545 3006 2715 3074 ἱερεῖς
2747 3021 2807 3057 τε
2838 3004 2933 3058 καὶ
2960 3004 3250 3077 ἄρχοντας,
3285 3003 3495 3077 κρίνειν
3522 3020 3580 3056 τε
3613 3002 3709 3057 καὶ

427 3095 527 3152 «los
559 3099 795 3167 censuit,
826 3107 1089 3168 tanquam
1118 3103 1429 3160 hominibus
1455 3106 1674 3161 caeteris
1698 3107 1856 3173 longe
1880 3121 2012 3176 pra:-

2117 3095 2419 3168 διακρίνειν
2478 3096 2548 3149 τὰ
2594 3094 2801 3164 πλήθη,
2856 3097 2951 3150 καὶ
2992 3097 3153 3161 θεοὺς
3188 3091 3361 3161 εἶναι,
3393 3096 3488 3151 ειτε
3519 3097 3579 3168 δὴ
3608 3098 3702 3151 ἀν-

427 3188 728 3245 stantiores
777 3190 1006 3258 (dictum
1043 3192 1189 3248 enim
1220 3204 1347 3249 est:
1394 3213 1414 3247 ι
1450 3195 1562 3265 Ego
1592 3196 1745 3251 dixi:
1785 3197 1864 3252 Dii
1917 3214 2015 3256 vos

427 3278 585 3342 estis,
615 3287 670 3333 et
701 3279 796 3334 ﬁlii
832 3282 1101 3337 Altissimi
1136 3298 1331 3339 omnes
1359 3284 1445 3351 ”;
1489 3302 1510 3338 ι
1542 3292 1596 3340 et
1626 3306 1641 3340 :
1680 3304 1700 3338 ι
1733 3286 1873 3342 Deus
1903 3295 2018 3344 ste-

430 3369 493 3423 tit
542 3370 597 3424 in
646 3386 923 3443 synagoga
962 3377 1188 3429 deorum
1217 3376 1260 3409 ⁸¹
1291 3377 1366 3446 ι),
1439 3385 1590 3433 certe
1622 3378 1864 3449 vulgaris
1911 3381 2013 3436 ista

446 3459 722 3529 negligere
764 3471 1004 3532 oportet,
1049 3466 1315 3535 omnique
1342 3480 1477 3522 cura
1512 3477 1569 3523 et
1613 3470 1798 3525 studio
1845 3472 1897 3525 in
1928 3486 2016 3527 res

430 3551 645 3606 tlivinas
672 3555 1008 3611 incumbere.
1041 3556 1289 3628 Cumque
1309 3560 1566 3628 iussisset
1605 3562 1779 3632 ignem
1804 3560 2013 3630 afferri,

424 3642 643 3700 libellos
669 3660 860 3702 omnes
901 3649 1056 3703 exuri
1091 3651 1369 3722 praecepit.
1419 3652 1592 3709 Dabat
1613 3655 1757 3709 enim
1789 3670 2014 3726 operam

428 3750 496 3787 ne
553 3738 807 3807 cuiquam
838 3747 1156 3796 exterorum
1189 3742 1378 3798 talium
1420 3744 1798 3814 episcoporum
1840 3747 2015 3817 iniqui

426 3838 659 3885 conatus
704 3829 1108 3888 innotescerent
1161 3851 1176 3888 :
1222 3845 1370 3891 tanta
1409 3838 1618 3893 scilicet
1668 3839 2019 3908 imperatoris

426 3927 556 3983 erga
597 3913 693 3970 Dei
727 3918 1042 3975 sacerdotes
1083 3925 1389 3979 reverentia
1427 3924 1524 3980 fuit
1554 3967 1570 3993 ,
1603 3937 1862 3997 quantam
1916 3929 2019 3982 mi-

429 4006 539 4059 rari
567 4005 767 4062 debent
808 4024 999 4065 omnes
1034 4014 1125 4082 qui
1177 4027 1325 4072 recte
1377 4018 1615 4087 sapiunt.
1663 4017 1798 4076 Illud
1849 4021 2014 4075 etiam

428 4094 603 4151 simile
626 4097 753 4152 huic
780 4099 848 4154 ab
879 4115 946 4155 eo
978 4099 1178 4159 factum
1213 4121 1322 4162 non
1386 4108 1628 4163 arbitror
1659 4125 1873 4180 aequum
1896 4125 2018 4167 esse

430 4189 653 4245 silentio
692 4192 930 4248 tradere.
966 4192 1081 4249 Viri
1109 4196 1330 4267 quidam
1371 4211 1636 4266 procaces
1666 4210 1722 4256 et
1750 4201 1897 4269 laici,
1923 4202 2017 4272 qni

426 4280 695 4337 conviciis
724 4283 969 4353 rixisque
991 4285 1426 4352 delectabantur,
1445 4290 1733 4358 episcopos
1750 4291 2015 4360 quosdam

430 4375 782 4443 accusabant,
837 4387 892 4432 et
942 4379 1358 4432 criminationes
1408 4380 1643 4449 scriptas
1703 4382 2014 4452 imperatori

433 4464 793 4531 tradiderunt,
847 4467 1009 4537 ithue
1060 4477 1351 4536 antequam
1395 4481 1483 4521 res
1538 4469 1604 4521 ad
1654 4471 2002 4524 concordiam

431 4554 624 4609 atltlnci
651 4555 939 4625 potuisset.
966 4556 1054 4611 Ille
1078 4564 1131 4610 et
1154 4572 1483 4625 easquoque
1506 4560 1732 4627 recepit,
1763 4563 1857 4617 sed
1891 4562 2006 4617 vin-

430 4645 555 4700 culo
575 4647 927 4714 constrictas,
974 4657 1030 4703 et
1062 4646 1266 4704 annulo
1314 4663 1416 4702 suo
1447 4649 1762 4721 obsignatas
1783 4696 1797 4719 ,
1832 4663 2015 4711 custo-

430 4735 534 4789 diri
581 4737 764 4806 jussit.
804 4738 1007 4793 Deinde
1044 4753 1168 4792 cum
1218 4741 1533 4796 concordiae
1574 4744 1871 4816 gratiaeque
1924 4761 2013 4801 ret-

426 4826 878 4880 ronciliationem
924 4824 1166 4888 fecisset,
1196 4827 1381 4881 statim
1424 4844 1518 4885 eas
1576 4847 1771 4890 omnes
1830 4835 2013 4891 ati'erri

430 4913 619 4983 jussit,
650 4926 703 4971 et
732 4918 1093 4987 praesentibus
1122 4920 1376 4977 omnibus
1405 4925 1680 4995 episcopis
1708 4927 1829 4995 igne
1855 4930 2014 4982 adus-

431 5006 526 5073 sit,
559 5018 850 5077 postquam
868 5012 1021 5078 prius
1045 5021 1232 5067 sancte
1253 5013 1547 5083 juravisset
1579 5034 1637 5072 sc
1663 5018 1796 5073 nihil
1822 5035 2009 5075 eorum

431 5116 555 5171 quas
576 5103 628 5155 in
651 5102 716 5156 iis
746 5103 949 5173 scripta
986 5102 1237 5173 fuissent,
1272 5107 1490 5179 legisse.
1523 5110 1719 5166 Aiebat
1744 5111 1888 5168 enim
1918 5129 2010 5169 3a-

430 5195 716 5248 eerdotom
758 5194 956 5250 delicta
994 5200 1154 5270 vulgo
1199 5201 1384 5273 ignota
1440 5218 1563 5259 esse
1609 5215 1895 5275 oportere,
1944 5221 2015 5262 ne

435 5283 560 5335 inde
580 5282 820 5338 scandali
858 5289 1144 5344 occasione
1178 5300 1414 5362 arrepta,
1461 5294 1676 5351 minore
1709 5310 1833 5350 cum
1867 5308 2013 5350 metu

434 5376 777 5444 delinquant.
823 5379 1027 5436 Ferunt
1073 5385 1245 5451 ipsum
1282 5397 1337 5441 et
1371 5387 1476 5442 hoc
1498 5387 1664 5443 etiam
1708 5388 2009 5453 addidisse,

433 5468 577 5533 quod
610 5469 654 5523 si
695 5474 911 5539 quando
944 5475 1059 5545 ipse
1087 5477 1203 5532 suis
1233 5480 1401 5534 oculis
1449 5480 1661 5536 videret
1691 5482 2011 5553 episcopum

435 5559 628 5617 alienas
661 5567 816 5622 uxori
844 5576 1092 5638 stuprum
1139 5570 1491 5639 inferentem,
1523 5588 1582 5629 se
1622 5588 1718 5630 sua
1767 5588 2009 5645 purpura

508 5716 550 5747 ³⁰
578 5717 726 5779 Psal.
755 5738 943 5792 uxxt,
977 5726 1029 5783 6.
1108 5727 1150 5761 ³¹
1173 5726 1305 5784 ibid.
1337 5727 1387 5784 1.

2116 3188 2353 3262 θρώπων
2383 3188 2642 3243 ἁπάντων
2666 3188 3066 3261 ὑπερέχοντας,
3095 3188 3448 3262 ὁρισαμένου,
3482 3189 3621 3245 κατὰ
3643 3191 3709 3245 es

2116 3280 2410 3353 εἰρημένον
2436 3297 2448 3311 ο
2495 3300 2515 3333 ι
2556 3283 2699 3352 Ἐγὼ
2731 3277 2864 3337 εἶπα
2885 3298 2901 3314 ·
2935 3282 3062 3336 Θεοί
3087 3284 3235 3351 ἐστε,
3266 3282 3360 3337 καὶ
3398 3283 3504 3337 υἱοὶ
3551 3284 3712 3354 Ὑψί-

2118 3388 2245 3427 στου
2293 3374 2525 3440 πάντεςί
2563 3392 2581 3425 ι
2617 3374 2714 3428 καὶ
2738 3373 2833 3427 τό·
2878 3373 2939 3427 '0
2982 3372 3117 3439 Θεδς
3147 3374 3279 3445 ἔστη
3321 3376 3382 3427 ἐν
3414 3377 3709 3447 συναγωγῇ

2118 3466 2291 3520 θεῶν’
2336 3484 2355 3519 ι
2390 3466 2498 3538 χρὴ
2527 3466 2639 3519 τῶν
2671 3466 2772 3537 μὶν
2794 3464 2996 3519 κοινῶν
3019 3463 3310 3536 ὀλιγωρεῖν
3341 3467 3711 3538 πραγμάτων,

2119 3559 2302 3612 πᾶσαν
2334 3557 2393 3612 δὲ
2420 3558 2519 3626 τὴν
2561 3557 2803 3628 σπουδὴν
2838 3556 2971 3628 περὶ
2994 3556 3064 3611 τὰ
3099 3556 3224 3610 θεῖα
3257 3558 3557 3612 ποιεῖσθαι.
3599 3559 3716 3613 Καὶ

2119 3648 2388 3713 κελεύσας
2429 3647 2717 3719 ἐνεχθῆναι
2764 3647 2897 3719 πῦρ,
2933 3648 3327 3721 ἐμπρησθῆναι
3365 3651 3493 3714 τοὺς
3535 3650 3717 3705 λιόελ-

2117 3740 2245 3806 λους
2285 3739 2646 3813 προσέταξεν.
2700 3739 2974 3795 Ἐσπευδε
3025 3739 3138 3813 γὰρ
3192 3741 3404 3812 μηδένα
3446 3740 3556 3795 τῶν
3609 3742 3719 3809 ἔξω

2118 3834 2420 3902 ἐπιγνῶναι
2470 3833 2582 3887 τῶν
2627 3831 2889 3887 τοιούτων
2939 3833 3261 3888 ἐπισκόπων
3293 3835 3393 3906 τὴν
3422 3833 3717 3907 ἀνώμαλον

2118 3925 2495 3997 ἐπιχείρησιν*
2537 3924 2776 3995 τοσαύτη
2831 3927 2865 3996 ἠ
2920 3926 3020 3979 τοῦ
3075 3926 3341 3996 βασιλέως
3397 3927 3536 3998 πρὸς
3586 3928 3716 3990 τοὺς

2121 4018 2288 4087 ἱερεῖς
2329 4015 2426 4069 τοῦ
2471 4014 2609 4069 Θεοῦ
2649 4014 2933 4080 εὐλάόεια,
2973 4016 3045 4087 ἣν
3075 4015 3423 4085 θαυμάσειαν
3470 4016 3717 4079 ἅπαντες

2117 4108 2166 4160 οἱ
2200 4107 2262 4162 εὖ
2294 4106 2645 4177 φρονοῦντες.
2682 4105 2924 4160 Κάκεῖνο
2947 4105 3006 4158 δέ
3038 4106 3400 4176 ὁμοιότροπον
3425 4106 3601 4176 τούτῳ
3621 4104 3716 4158 ὑπ’

2120 4198 2286 4254 αὑτοῦ
2325 4198 2722 4268 γεγενημένον,
2755 4196 2816 4250 ού
2845 4195 3057 4250 δίκαιον
3098 4196 3341 4267 ἠγοῦμαι
3376 4198 3716 4270 παραδοῦναι

2121 4293 2272 4362 σιγῇ.
2321 4289 2810 4360 Φιλαπεχθήμονες
2860 4289 2973 4360 γὰρ
2998 4288 3191 4356 ἄνδρες
3226 4290 3323 4343 καὶ
3357 4289 3715 4361 φιλολοίδοροι

2119 4383 2300 4437 λαῖκοὶ
2333 4381 2644 4454 ἐγράψαντο
2673 4381 2785 4435 τῶν
2816 4381 3131 4435 ἐπισκόπων
3162 4382 3341 4449 τινὰς,
3374 4383 3471 4436 καὶ
3500 4382 3579 4453 τῷ
3614 4382 3713 4451 βα-

2051 4440 2092 4494 D
2123 4475 2264 4529 σιλεῖ
2475 4440 2793 4543 ἐγγράφους
2848 4473 3198 4544 κατηγορίας
3260 4440 3561 4528 ἐπέδοσανί
3614 4440 3712 4527 καὶ

2121 4563 2296 4617 ταῦτα
2342 4560 2448 4631 πρὸ
2474 4560 2575 4631 τῆς
2627 4562 3011 4633 γεγενημένης
3061 4563 3340 4634 ὁμονοίας.
3404 4565 3464 4616 ’0
3517 4562 3577 4617 δέ
3620 4562 3716 4615 καὶ

2118 4653 2326 4716 ταύτας
2375 4651 2691 4721 δεξάμενος,
2728 4649 2850 4706 εῐτα
2869 4653 3070 4725 δεσμὸν
3099 4654 3328 4719 ἐπιθεὶς,
3367 4655 3463 4708 καὶ
3494 4653 3574 4725 τῷ
3615 4656 3713 4710 δα-

2120 4745 2324 4815 κτυλίῳ
2346 4746 2755 4817 σημηνάμενος,
2781 4745 3125 4817 φυλαχθῆναι
3150 4744 3246 4799 καὶ
3266 4745 3469 4807 ταύτας
3494 4744 3713 4799 ἐκέλευ-

2123 4852 2236 4889 σεν.
2269 4830 2403 4889 Εἶτα
2440 4834 2545 4908 τὴν
2592 4834 2870 4905 σύμϐασιν
2892 4835 2994 4905 τῆς
3021 4833 3277 4905 ὁμονοίας
3308 4831 3713 4904 ἐργασάμενος,

2117 4927 2324 4992 ταύτας
2351 4927 2826 5000 προς-κομισθῆναι
2852 4926 3191 4999 προστάξας,
3226 4927 3513 4995 παρόντων
3539 4924 3708 4977 ἀπάν-

2119 5037 2228 5073 των
2265 5019 2602 5084 ἐπισκόπων,
2633 5019 2770 5091 πυρὶ
2801 5018 2898 5073 καὶ
2935 5018 3142 5083 ταύτας
3173 5017 3534 5081 κατέκαυσεν,
3560 5015 3710 5086 ὁμω-

2131 5111 2313 5183 μοκὼς
2354 5112 2524 5182 μηδὲν
2552 5110 2663 5165 τῶν
2698 5111 3172 5183 ἐγγεγραμμένων
3208 5109 3603 5177 ἀνεγνωκέναι.
3633 5108 3712 5160 Οὐ

2112 5206 2221 5277 γὰρ
2246 5205 2349 5276 ἔφη
2385 5205 2587 5276 χρῆναι
2612 5203 2723 5259 τῶν
2746 5204 2939 5272 ἱερέων
2969 5203 3041 5257 τὰ
3066 5200 3529 5273 πλημμελήματα
3567 5197 3711 5267 δῆλα

2111 5300 2226 5361 τοῖς
2270 5295 2486 5360 πολλοῖς
2541 5297 2812 5365 γίνεσθαι,
2851 5297 2942 5350 ἵνα
2975 5296 3051 5368 μὴ
3081 5294 3382 5349 σκανδάλου
3433 5293 3714 5364 πρόφασιν

2112 5390 2366 5443 ἐντεῦθεν
2405 5389 2799 5460 λαμϐάνοντες,
2835 5388 3006 5453 ἀδεῶς
3057 5387 3437 5459 ἁμαρτάνωσι.
3483 5384 3624 5438 Φασὶ
3651 5382 3715 5436 δὲ

2121 5481 2286 5535 αὐτὸν
2314 5483 2409 5536 καὶ
2433 5481 2593 5536 τοῦτο
2623 5482 2963 5554 προσθεῖναι,
2996 5480 3075 5545 ὠς
3108 5481 3159 5534 εἰ
3188 5478 3472 5549 αὐτόπτης
3492 5473 3713 5530 ἐπισκό-

2119 5593 2220 5631 που
2240 5576 2483 5646 ἐγεγόνει
2500 5564 2776 5648 [γίνοιτο],
2800 5575 2979 5647 γάμον
3001 5573 3288 5646 ἀλλότριον
3304 5571 3387 5626 διο
3396 5571 3707 5643 ρύττοντος,
