4070 6390
384 273 522 340 1245

1262 277 1629 337 HISTORIA
1667 277 1996 338 CONCILII
2038 282 2343 346 NIGENI.
2372 312 2442 321 -
2472 287 2618 346 LIB.
2661 287 2745 348 ΙΙ.

3505 281 3640 346 1246

379 384 724 455 συγκαλύψαι
768 383 879 457 [ἂν]
911 384 968 438 ἐν
1001 387 1066 455 τῇ
1105 386 1397 456 πορφυρίδι
1424 387 1485 438 τὸ
1511 386 1849 456 παρανόμως
1875 403 1943 453 γι⁴

2063 389 2320 460 ﬂagitium
2349 405 2750 455 conlecturum,
2777 410 2843 449 ne
2867 394 3191 448 intuentium
3227 393 3365 448 oculi
3397 393 3640 448 facinore

376 476 624 546 νόμενον,
652 476 726 540 ὡς
748 476 814 530 ἂν
851 477 924 546 μὴ
950 476 1150 546 βλάψαι
1179 477 1305 540 τοὺς
1330 476 1645 546 θεωμένους
1676 477 1784 528 τῶν
1813 477 1959 546 δρω-

379 569 611 639 μένωνή
643 568 784 639 ὄψις.
810 569 1058 639 Τοσαύτη
1087 570 1120 639 ἠ
1152 567 1245 622 τοῦ
1287 566 1552 637 βασιλέως
1576 568 1830 639 θεοφιλὴς
1861 570 1956 623 καὶ⁵

377 661 702 729 ἀξιάγαστος
751 661 984 724 σύνεσις.
1038 661 1162 714 Ἐπὶ
1221 660 1424 724 πολλὰς
1479 660 1537 713 δὲ
1586 661 1830 732 ἡμέρας,
1895 662 1956 714 ού

379 754 486 824 μὴν
529 754 575 806 δ’
611 753 746 807 ἀλλά
788 755 883 807 καὶ
925 753 1154 824 καιροὺς
1193 751 1395 820 ἐφεξῆς
1423 756 1819 823 συνερχόμενος
1845 755 1956 816 τοῖς

375 843 697 908 ἐπισκόποις
739 846 767 897 6
815 844 1098 913 βασιλεὺς,
1147 844 1265 913 ἅμα
1323 843 1504 905 αὐτοῖς
1550 843 1619 895 τά
1668 844 1800 912 περὶ
1854 844 1955 914 τῆς

374 935 610 998 πίστεως
633 935 981 1006 διελάμϐανε,
1004 935 1105 999 τάς
1134 953 1194 988 τε
1217 934 1507 1006 διαφόρους
1526 934 1705 988 αὐτῶν
1732 935 1955 1006 γνώμας

369 1025 677 1093 ἀνελέγετο.
705 1022 885 1080 Ἦσαν
929 1027 1058 1095 γὰρ,
1091 1025 1274 1088 καθὼς
1317 1025 1578 1087 πολλάκις
1619 1028 1950 1097 εἰρήκαμεν,

371 1116 430 1168 ἐν
465 1117 650 1179 αὐτοῖς
670 1133 817 1178 τινες
845 1118 958 1179 τοῖς
983 1115 1265 1185 ἀθεμίτοις
1304 1116 1516 1185 Ἀρείου
1544 1115 1778 1186 δόγμασι
1811 1134 1950 1187 συμ-

372 1206 684 1276 φερόμενοι,
728 1208 823 1260 καὶ
865 1207 944 1277 τῷ
992 1207 1191 1278 πλήθει
1237 1207 1346 1260 τῶν
1396 1207 1566 1274 ἁγίων
1609 1209 1946 1275 ἐπισκόπων,

367 1297 476 1350 τῶν
520 1297 620 1366 τῆς
657 1297 916 1367 ἀληθείας
947 1297 1436 1369 ὑπερμαχούντων,
1465 1300 1946 1367 ἀντιπράττοντες.

381 1384 522 1436 Ἀλλ’
563 1385 613 1438 οἱ
659 1385 872 1456 ἄριστοι
926 1387 1022 1440 καὶ
1069 1388 1138 1441 τὰ
1181 1387 1358 1440 πάντα
1389 1387 1674 1459 ίερώτατοι
1706 1391 1949 1460 Πατέρες

367 1473 542 1543 ἡμῶν,
588 1475 667 1545 τῷ
709 1476 810 1546 τῆς
858 1477 1118 1546 ἀληθείας
1163 1477 1314 1548 ὅπλῳ
1365 1480 1792 1550 ἡσφαλισμένοι,
1850 1482 1948 1553 τὴν

364 1563 646 1637 λαμπρὰν,
688 1569 782 1622 καὶ
825 1570 1128 1640 ἀμώμητον
1175 1571 1358 1624 πίστιν
1417 1571 1558 1641 μετά
1621 1575 1946 1644 παρρησίας

366 1655 664 1725 ἐκήρυττον
684 1675 696 1688 -
729 1659 848 1728 μεθ’
879 1653 955 1712 ὧν
991 1661 1087 1712 καὶ
1111 1661 1460 1731 όμολογητὼν
1488 1661 1657 1726 πολὺς
1684 1662 1942 1734 ἀριθμὸς,

2065 480 2180 550 ipso
2207 483 2610 539 oﬂ‘endcrentur
2640 502 2654 540 :
2691 494 2841 538 tanta
2871 495 2992 540 erat
3040 485 3392 552 imperatoris
3432 493 3488 538 et
3527 495 3636 536 tam
3691 557 3700 564 -

2059 574 2147 640 pia
2182 583 2345 643 atque
2380 576 2721 631 admirabilis
2755 575 3061 644 prudentia.
3088 575 3192 629 Per
3222 575 3405 643 plures
3446 584 3632 642 postea

2058 659 2193 724 dies,
2230 662 2337 716 imo
2370 677 2502 716 vero
2537 674 2589 717 et
2615 678 2712 732 per
2747 679 2962 717 menses
2999 663 3182 734 plures
3209 678 3330 717 cum
3371 663 3638 731 episcopis

2059 747 2110 799 in
2143 764 2309 802 unum
2341 749 2520 804 locum
2555 753 2943 816 conveniebat,
2977 761 3030 805 et
3055 767 3160 804 una
3188 767 3308 804 cum
3345 751 3412 804 iis
3443 753 3508 804 de
3534 751 3638 804 [ide

2057 839 2418 907 disceptabat,
2458 852 2620 910 atque
2648 843 2896 895 diversas
2941 858 3129 896 eorum
3171 842 3472 895 sententias
3518 854 3639 908 sup-

2056 930 2303 999 putabat.
2343 933 2507 985 Erant
2553 934 2721 997 enim,
2775 943 2830 986 ttt
2879 948 3022 1001 sape
3050 934 3162 1003 jam
3192 933 3449 997 diximus,
3487 932 3636 985 inter

2054 1038 2148 1076 eos
2173 1025 2416 1078 nonnulli
2462 1025 2552 1094 qui
2605 1024 2832 1078 nefariis
2881 1027 2995 1079 Arii
3043 1025 3314 1094 dogmatis
3362 1023 3632 1091 suifraga-

2054 1113 2274 1179 bantur,
2300 1125 2354 1169 et
2395 1115 2728 1169 multitudini
2774 1127 3091 1170 sanctorum
3126 1116 3509 1184 episcoporum
3543 1129 3634 1166 re-

2055 1204 2271 1259 ritatem
2305 1208 2760 1275 propugnantium
2807 1209 3238 1263 adversabantur
3283 1206 3494 1260 sedulo.
3526 1203 3631 1258 Alii

2051 1311 2180 1351 vero
2233 1299 2422 1367 optimi
2469 1308 2524 1352 et
2567 1300 2898 1354 sanctissimi
2967 1299 3153 1353 Patres
3209 1299 3378 1350 nostri
3433 1298 3631 1349 verita-

2054 1387 2122 1443 tis
2176 1389 2344 1443 armis
2390 1391 2605 1455 muniti,
2665 1391 2954 1459 gloriosam
3003 1401 3056 1444 et
3099 1392 3428 1460 inculpatam
3474 1389 3629 1441 ﬁdem

2052 1495 2242 1550 magna
2313 1497 2435 1535 eum
2511 1483 2761 1538 libertate
2824 1484 3186 1552 prredicahant
3243 1500 3257 1536 :
3331 1495 3452 1534 cum
3511 1478 3634 1546 qui-

2051 1569 2154 1624 bus
2193 1585 2420 1640 magnus
2449 1571 2615 1625 etiam
2667 1571 3044 1628 confessorum
3077 1587 3337 1626 numerus
3369 1579 3508 1633 erat,
3541 1567 3630 1635 qui

2051 1660 2360 1716 volentibus
2387 1676 2643 1730 perversa
2690 1663 2807 1718 Arii
2851 1667 3102 1734 dogmata
3143 1662 3447 1718 defendere
3489 1669 3632 1715 stre-

363 1745 774 1818 ἀνθισταμένων
813 1753 928 1814 τοῖς
972 1751 1220 1806 ἐθέλουσι
1269 1752 1674 1822 περιποιεῖσθαι
1727 1754 1796 1808 τά
1851 1773 1946 1826 μο-
1982 1737 2160 1805 Βῖιιιθ
2196 1752 2542 1807 I'eSislcbanl.

361 1836 543 1910 χθηρά
568 1839 664 1894 τοῦ
704 1842 916 1914 Ἀρείου
944 1843 1214 1913 δόγματα.

962 1954 1219 2007 ΚΕΦᾹΛ.
1247 1956 1324 2008 Θ’.

665 2067 805 2135 Περὶ
841 2067 948 2122 τοῦ
995 2069 1170 2139 ἁγίου
1221 2070 1632 2138 Παφνοιντίου.

433 2173 542 2234 Ἦν
570 2179 626 2233 δὲ
659 2181 716 2234 ἐν
747 2182 933 2243 αὐτοῖς
955 2182 1050 2235 καὶ
1074 2183 1102 2234 6
1137 2183 1311 2252 μέγας
1345 2185 1440 2236 καὶ
1497 2183 1654 2252 ἅγιος
1687 2186 1944 2254 Παφνού-

361 2288 474 2333 τιος
497 2271 589 2324 τὸν
625 2270 733 2323 τῶν
788 2271 1137 2343 όμολογητῶν
1187 2273 1285 2326 καὶ
1346 2275 1672 2328 ἐπισκόπων
1712 2293 1948 2331 κατακο-

354 2352 517 2434 ’σμῶν
551 2362 730 2433 χορὸν,
793 2362 935 2434 ἀνὴρ
968 2362 1288 2431 Λίγύπτιος,
1339 2363 1474 2416 Θεοῦ
1525 2365 1580 2417 δέ
1620 2365 1941 2434 ἄνθρωπος,

360 2451 424 2503 ἐκ
453 2451 552 2519 τῆς
597 2451 927 2522 ὁμηγύρεως
955 2453 1208 2523 ἐκείνης,
1265 2448 1326 2508 οὗ
1372 2454 1685 2523 Μαξιμῖνος
1723 2456 1752 2508 6
1786 2455 1943 2526 βασι-

358 2543 480 2606 λεὺς
506 2544 595 2597 τὸν
635 2545 808 2609 δεξιὸν
857 2543 1126 2616 ἐξώρυξεν
1159 2546 1463 2616 ὀφθαλμὸν,
1504 2550 1600 2601 καὶ
1652 2549 1752 2610 τὰς
1786 2549 1943 2615 λαιάς

357 2635 794 2707 ἐνευροκόπησεν
845 2638 1092 2706 ἀγκύλας
1139 2639 1416 2711 παραδοὺς
1479 2643 1593 2704 τοῖς
1657 2642 1943 2712 μετάλλοις

361 2727 700 2796 συνέχεσθαι.
743 2729 831 2780 Ἐν
858 2722 902 2796 ᾧ
939 2732 1177 2800 τοσαύτη
1221 2726 1288 2801 ἦν
1342 2731 1375 2800 ἡ
1418 2731 1513 2784 τοῦ
1556 2732 1692 2786 Θεοῦ
1743 2736 1938 2806 χάρις,

359 2813 499 2867 ὥστε
529 2820 732 2885 σημεῖα
769 2817 947 2870 αὐτῶν
981 2822 1156 2874 ποιεῖν
1189 2821 1357 2891 μηδὲν
1386 2821 1595 2876 ἐλάττω
1627 2824 1735 2877 τῶν
1768 2826 1938 2879 πάλαι

358 2903 462 2958 ὑπὸ
487 2904 595 2958 τῶν
623 2906 938 2960 ἀποστόλων
967 2909 1374 2980 γεγενημένων.
1427 2913 1587 2983 Λόγῳ
1635 2914 1744 2986 γὰρ
1785 2915 1934 2986 μόνῳ

355 2993 481 3055 τοὺς
511 2995 774 3065 δαίμονας
799 2999 1123 3066 ἐφυγάδευε,
1161 3001 1254 3054 καὶ
1284 3002 1417 3073 εὐχῇ
1459 3005 1751 3075 διαφόρους
1781 3007 1934 3061 ἀσθεο

2695 1950 2856 2006 .CAP.
2908 1950 3000 2006 IX.

2524 2063 2595 2117 οε
2623 2073 2807 2119 sancto
2845 2064 3166 2133 Paplmutio.

2123 2170 2251 2224 Erat
2291 2174 2433 2228 inter
2461 2189 2556 2228 eos
2607 2189 2831 2244 magnus
2866 2174 2952 2228 ille
2999 2185 3324 2243 sanctusque
3375 2173 3632 2240 Paphnu-

2053 2263 2180 2328 tius,
2207 2266 2578 2319 coufessornm
2616 2276 2669 2319 et
2696 2267 3072 2334 episc0porum
3109 2267 3272 2319 coetui
3299 2279 3403 2318 non
3437 2278 3628 2333 parutn

2051 2357 2356 2410 ornamenti
2390 2356 2645 2422 alierens,
2684 2373 2882 2426 genere
2918 2357 3229 2427 Aigyptius,
3295 2360 3456 2411 homo
3514 2355 3631 2420 Dei,

2052 2462 2115 2500 ex
2151 2447 2254 2502 illis
2297 2463 2434 2516 quos
2488 2449 2817 2504 Maximinus
2867 2451 3092 2504 desiero
3145 2449 3304 2504 oculo
3333 2449 3552 2511 emisso,
3579 2457 3631 2501 et

2051 2539 2279 2594 sinistro
2309 2541 2512 2609 poplite
2564 2543 2802 2606 succiso,
2851 2544 2917 2594 ad
2977 2541 3189 2594 metalla
3254 2541 3631 2594 damnaverat.

2052 2631 2155 2687 Sed
2187 2633 2236 2686 in
2271 2634 2370 2688 hoc
2415 2644 2560 2688 tanta
2594 2635 2684 2690 Dei
2738 2638 2908 2705 gratia
2977 2634 3244 2698 elucebat,
3273 2643 3331 2687 ut
3372 2635 3633 2688 miracula

2049 2737 2146 2792 per
2177 2738 2300 2777 eum
2336 2726 2529 2779 tierent
2565 2743 2668 2780 non
2701 2728 2913 2780 minora
2947 2728 3051 2794 his,
3079 2742 3201 2796 qua:
3230 2726 3359 2779 olim
3407 2729 3476 2781 ab
3505 2741 3634 2795 apo-

2048 2815 2204 2868 stolis
2239 2815 2380 2869 facta
2427 2827 2576 2870 sunt.
2629 2817 2764 2872 Nam
2798 2819 3071 2874 dazmonas
3104 2818 3222 2872 solo
3265 2819 3434 2872 verbo
3468 2817 3624 2888 fuga-

2048 2905 2160 2968 bat,
2193 2917 2244 2958 et
2279 2921 2455 2975 aegros
2498 2907 2682 2976 plures
2713 2909 2961 2962 oratiOue
3015 2908 3278 2962 curabat:
3315 2908 3409 2962 sed
3440 2917 3495 2961 et
3525 2923 3632 2962 ca:-

2048 2997 2126 3051 cis
2152 2997 2346 3063 vismn,
2370 2997 2503 3052 fusis
2528 2998 2595 3052 ad
2641 2997 2812 3054 Deum
2863 2999 3137 3070 precibus,
3197 2999 3468 3053 tribueth
3517 3015 3530 3050 :
3570 3006 3626 3051 et

356 3083 581 3148 νοῧντας
633 3085 936 3158 ἐθεράπευε
970 3128 986 3153 ,
1045 3091 1272 3160 τυφλοῖς
1327 3111 1386 3146 τε
1439 3094 1500 3147 τὸ
1553 3095 1796 3165 βλέπειν,
1847 3099 1941 3152 τὸν

2051 3089 2358 3159 paralyticis
2384 3090 2686 3145 naturalem
2743 3089 3054 3143 ﬁrmitatem
3109 3089 3462 3144 restituebat:
3517 3087 3634 3142 elli-

354 3174 488 3228 θεὸν
511 3175 911 3248 ἐξαιτούμενος,
946 3181 1244 3252 παρείχετο
1266 3200 1280 3213 ·
1316 3184 1411 3238 καὶ
1441 3186 1781 3256 παρεθέντας
1806 3188 1942 3258 πρὸς

355 3267 455 3340 τὴν
483 3269 626 3322 κατά
658 3269 821 3338 φύσιν
841 3266 978 3340 ἦγεν
1002 3273 1208 3344 ἀκμὴν,
1240 3275 1308 3330 τὰ
1336 3275 1474 3347 μέλη
1499 3279 1746 3350 ἐνεργεῖν
1773 3280 1942 3334 ποιῶν

355 3358 545 3430 ύγιῶς.
587 3363 682 3415 Ὃν
712 3364 740 3416 6
775 3361 1026 3432 βασιλεὺς
1064 3365 1270 3437 σφόδρα
1335 3368 1424 3422 διὰ
1460 3371 1626 3441 τιμῆς
1655 3371 1779 3444 ἦγε,
1817 3391 1942 3426 συν-

354 3450 497 3520 εχῶς
525 3470 581 3505 τε
614 3453 708 3505 ἐπὶ
728 3453 798 3506 τὰ
823 3453 1072 3522 βασίλεια
1098 3459 1503 3530 μετεπέμπετο,
1525 3463 1618 3515 καὶ
1645 3463 1737 3517 τὸν
1757 3463 1944 3535 ἐξορυ-

355 3538 496 3609 γμὺν
525 3541 827 3610 κατεφίλει,
851 3543 1088 3613 τοσαύτη
1122 3546 1337 3617 προσῆν
1371 3547 1449 3618 τῷ
1473 3549 1692 3604 εὐσεϐεῖ
1724 3550 1944 3622 βασιλεῖ

357 3634 495 3705 πρὸς
516 3635 643 3699 τοὺς
662 3636 852 3705 ἁγίους
887 3637 1096 3702 πίστις.
1411 3625 1419 3632 ’

971 3751 1226 3808 ΚΕΦΔΛ.
1278 3756 1338 3809 1'.

651 3863 792 3930 Περί
845 3865 952 3920 τοῦ
1000 3866 1175 3937 ἁγίου
1223 3867 1630 3938 Σπυρίδωνος.

427 3975 542 4031 Καὶ
571 3975 635 4050 δὴ
661 3977 756 4032 καὶ
787 3981 1072 4050 Σπυρίδων
1105 3981 1356 4052 Κύπριός
1389 3999 1473 4047 τις
1495 3985 1635 4055 ἀνὴρ
1665 3984 1939 4058 ἐπίσημος

356 4068 416 4120 ἐν
452 4069 661 4140 Κυρίῳ,
692 4072 788 4124 καὶ
812 4072 911 4143 τὴν
940 4074 1004 4125 ἐκ
1027 4073 1218 4135 παιδὸς
1249 4075 1574 4146 ποιμενικὴν
1607 4077 1717 4148 (10)
1746 4081 1941 4149 πεῖραν

355 4163 423 4232 τῇ
456 4160 550 4214 τοῦ
585 4163 823 4232 Χριστοῦ
870 4165 1074 4236 ποίμνῃ
1131 4163 1562 4237 καθιερωμένος,
1616 4171 1940 4241 προφητικῷ

359 4251 461 4324 βίῳ
489 4253 867 4324 διαγινόμενος
897 4255 1228 4326 ἐγνωρίζετο
1252 4274 1264 4289 ⁸
1289 4257 1349 4322 ὃς
1384 4259 1480 4313 καί
1506 4277 1570 4328 γε
1600 4261 1806 4314 διέπων
1837 4264 1939 4332 τὴν

360 4346 691 4415 ἐπισκοπὴν,
753 4347 847 4400 τοῦ
910 4348 1190 4419 ποιμένειν
1241 4349 1311 4402 τὰ
1367 4350 1474 4403 ἴδια
1525 4352 1779 4422 πρόϐατα
1838 4355 1939 4407 οὐκ

2049 3180 2198 3234 ciens
2220 3190 2277 3234 ut
2301 3183 2542 3236 membra
2567 3197 2698 3237 sana
2723 3182 2836 3237 suis
2854 3182 3209 3251 fungerentur
3233 3180 3445 3235 ciliciis.
3481 3179 3632 3234 llunc

2050 3271 2349 3340 imperator
2373 3288 2587 3328 summo
2616 3274 2670 3328 in
2702 3273 2909 3329 honore
2935 3275 3144 3338 habuit,
3193 3282 3249 3326 et
3279 3272 3478 3342 saepius
3507 3287 3632 3326 eum

2051 3361 2191 3416 intra
2219 3363 2475 3431 palatium
2507 3374 2790 3419 evocatum
2815 3365 3303 3433 complectebatur,
3337 3372 3388 3418 et
3416 3362 3632 3416 oculum

2049 3451 2306 3507 eﬂ‘ossum
2341 3455 2578 3511 subinde
2605 3457 3059 3512 exosculabatur:
3114 3466 3263 3510 tanta
3318 3464 3437 3510 erat
3491 3454 3635 3523 apud

2049 3545 2197 3614 pium
2227 3546 2610 3617 imperatorem
2668 3560 2982 3605 sanctorum
3039 3549 3282 3604 virorum
3338 3547 3636 3603 auctoritas

2049 3645 2102 3690 et
2137 3638 2332 3708 gratia.

2711 3753 2865 3809 CAP.
2913 3753 2981 3807 Χ.

2527 3867 2601 3921 De
2630 3877 2810 3920 sancto
2847 3867 3168 3938 Spyridone.

2123 3977 2390 4052 Spyridon
2413 3980 2574 4034 etiam
2598 3978 2829 4052 Cyprius
2858 3980 2943 4033 vir
2967 3981 3194 4050 insignis
3233 3983 3287 4036 in
3323 3982 3633 4049 Domino",

2051 4073 2141 4142 qui
2183 4088 2212 4126 ιι
2268 4072 2498 4142 pueritia
2537 4073 2831 4140 pastoralis
2888 4073 3012 4124 vita:
3073 4073 3381 4129 rudimenta
3427 4073 3633 4128 Christi

2050 4163 2196 4234 gregi
2227 4161 2524 4226 devovens,
2557 4169 2612 4216 et
2651 4162 3027 4231 propheticam
3061 4163 3228 4216 vitam
3263 4178 3430 4230 agens
3474 4163 3633 4217 inno-

2051 4256 2186 4308 tuit:
2214 4253 2414 4323 quique
2436 4253 2811 4323 episcopatum
2859 4252 3022 4306 etiam
3071 4251 3489 4317 administrans,
3525 4267 3633 4306 non

2051 4346 2262 4400 destitit
2297 4360 2426 4400 oves
2449 4359 2575 4399 suas
2603 4358 2859 4414 pascere;
2906 4343 3040 4396 adeo
3069 4342 3245 4396 bonus
3274 4352 3393 4396 erat
3439 4352 3490 4394 et
3548 4357 3632 4410 pa.

359 4435 616 4490 ἐπαύετο.
668 4435 826 4490 Οὕτω
867 4437 926 4490 δέ
955 4433 1024 4508 ἦν
1060 4441 1294 4511 χρηστὸς
1331 4441 1422 4493 καὶ
1477 4442 1822 4508 ἀνεξίκακος,
1856 4443 1937 4496 ὅτι

2051 4438 2212 4500 tiens,
2245 4445 2302 4490 ut
2335 4451 2456 4489 cum
2490 4435 2732 4489 latrones
2772 4434 2993 4503 quidam
3026 4442 3185 4488 noctu
3233 4433 3285 4486 in
3332 4433 3472 4487 ovile
3517 4431 3634 4499 eius

357 4525 576 4596 λῃστῶν
644 4528 832 4598 ἐφόδου
898 4529 1035 4601 δόλῳ
1087 4531 1507 4602 προσϐαλόντων
1576 4537 1644 4603 τῇ
1700 4534 1934 4608 ποίμνῃ.

359 4614 616 4686 ἀοράτοις
666 4634 725 4670 τε
769 4617 986 4688 δεσμοῖς
1018 4621 1407 4690 κρατουμένων
1438 4622 1724 4694 κινηθῆναί
1759 4642 1820 4677 τε
1855 4627 1930 4695 μὴ

359 4704 674 4776 δυναμένων
699 4707 804 4770 ἕως
838 4707 1004 4779 πρωῒ,
1045 4711 1274 4773 ἐπιστὰς
1299 4713 1327 4764 6
1359 4713 1654 4784 μακάριος,
1679 4714 1745 4768 δι’
1771 4716 1939 4786 εὐχῆς

361 4797 621 4868 ἀνεθῆναι
680 4801 880 4861 αὐτοὺς
926 4801 1025 4870 τῆς
1057 4802 1288 4873 συνοχῆς
1338 4807 1523 4856 ποιεῖ·
1556 4806 1617 4858 ού
1653 4807 1761 4878 μὴν
1804 4808 1942 4862 ἀλλὰ

364 4891 458 4943 καὶ
483 4891 593 4944 τῶν
624 4893 908 4963 κριῶντδν
953 4893 1248 4964 κράτιστον
1289 4896 1673 4966 ἀποιχομένοις
1703 4899 1940 4965 δίδωσιν,

363 4979 555 5033 εἰπών·
579 4980 810 5047 Λάϐετε,
841 4973 886 5036 ὦ
904 4983 1202 5046 νεανίσκοι,
1232 4983 1366 5054 πρὸς
1393 4985 1702 5056 ἀπόχρησιν
1730 4987 1940 5053 τοῦτον,

366 5073 442 5142 μὴ
471 5073 743 5144 ἄπρακτοι
783 5075 1035 5138 ἀπιόντες
1075 5078 1142 5146 τῇ
1175 5076 1332 5128 νυκτὶ
1383 5077 1556 5148 ταύτῃ
1604 5077 1672 5130 δι’
1703 5078 1805 5149 ἐμὲ
1847 5079 1944 5150 τὴν

362 5164 544 5217 αἰτίαν
587 5165 686 5234 τῆς
725 5166 959 5234 ἀπορίας
1008 5166 1469 5237 καταμέμψησθε.
1508 5169 1688 5222 Πολλά
1723 5170 1823 5237 μὲν
1850 5171 1943 5223 καὶ

364 5251 500 5305 ἄλλα
526 5253 783 5323 θαύματα
812 5256 944 5326 περὶ
964 5255 1061 5309 τοῦ
1095 5257 1251 5325 ἁγίου
1282 5258 1475 5312 τούτου
1505 5261 1847 5332 ἀκηκόαμεν,
1881 5262 1942 5316 ἓν

364 5342 423 5398 δέ
448 5345 511 5397 ἐκ
542 5345 753 5399 πολλῶν
787 5346 1206 5418 παραθήσομεν.

437 5521 482 5554 ³³
518 5521 651 5579 Vide
683 5523 991 5592 Socratem,
1022 5523 1059 5578 l.
1093 5541 1133 5591 ι,
1165 5539 1214 5581 c.
1241 5525 1294 5579 l.

2054 4528 2398 4596 irrupissem,
2431 4537 2481 4580 et
2512 4524 2739 4579 occultis
2784 4539 2848 4578 ac
2877 4523 3066 4577 invisis
3094 4523 3415 4591 quibusdam
3447 4525 3634 4577 vincu-

2050 4623 2114 4678 lis
2145 4623 2543 4686 dctinerentur,
2576 4635 2674 4675 nec
2700 4621 2824 4674 inde
2851 4635 3066 4673 movere
3097 4634 3218 4674 sese
3252 4634 3421 4686 usQue
3449 4619 3515 4672 ad
3538 4635 3633 4672 au-

2051 4729 2228 4768 roram
2262 4720 2518 4783 possent:
2549 4713 2937 4780 superveniens
2968 4713 3178 4776 beatus,
3232 4711 3464 4765 obtinuit
3507 4725 3634 4778 pre-

2049 4804 2199 4858 cibus
2246 4814 2304 4857 ut
2355 4804 2697 4858 solverentur
2728 4803 2997 4856 vinculis:
3040 4802 3147 4854 imo
3196 4817 3326 4855 vero
3401 4800 3632 4854 arietem

2049 4898 2203 4966 looge
2233 4897 2743 4968 praestantissimum
2778 4897 3102 4949 abeuntibus
3126 4895 3296 4958 dedit,
3342 4894 3634 4962 inquiens:

2045 4987 2290 5058 Accipite
2314 4986 2750 5053 hunc,juveues,
2779 4988 2843 5040 ad
2874 5000 3027 5040 usum
3065 4995 3326 5046 vestrum,
3356 4998 3422 5037 ne
3468 4999 3526 5036 re
3553 4983 3630 5036 in-

2022 5079 2187 5138 ,fecta
2217 5080 2584 5146 discedentes,
2623 5094 2709 5133 me
2755 5079 2856 5132 hac
2893 5087 3055 5130 nocte
3089 5075 3282 5144 inOpia‘:
3319 5083 3512 5127 vestra:
3537 5088 3635 5126 au-

2046 5180 2251 5223 ctorem
2299 5172 2584 5224 accusetis.
2651 5168 2807 5222 Plura
2865 5169 3026 5221 etiam
3078 5167 3185 5219 alia
3241 5165 3507 5219 mirabilia
3563 5163 3633 5218 de

2046 5259 2148 5314 hoc
2182 5270 2370 5316 sancto
2393 5262 2732 5318 audivimus:
2763 5275 2928 5313 unum
2961 5266 3138 5312 autem
3165 5271 3228 5311 ex
3289 5255 3473 5310 multis
3505 5268 3632 5324 pro-

2044 5365 2329 5420 ponemus.

439 5659 554 5731 (l0)
590 5661 686 5718 Ms.
739 5661 920 5718 Codex
975 5661 1111 5718 Bibl.
1137 5661 1310 5718 Paris.
1345 5660 1624 5718 So<-.Jesu
1671 5665 2043 5736 ποιμαινικήν.
2085 5663 2253 5723 "Atto.
