4070 6436
437 316 574 385 124Ὶ

1084 433 1235 490 CAP.
1277 433 1365 490 XI.

437 547 716 615 Quomodo
745 547 914 616 ﬁliam
942 560 1206 604 mortuam
1262 551 1572 606 excitaverit
1625 559 1842 620 propter
1888 567 2024 606 nter-

1114 630 1370 676 calorem.

513 729 710 785 Beatus
733 731 821 785 ille
844 741 898 786 et
930 730 1163 787 celebris
1206 733 1370 787 homo
1399 731 1492 788 Dei
1515 731 1582 800 ³⁸,
1633 732 1799 788 ﬁliam
1839 733 2029 788 habuit

441 826 652 880 lrenem
682 824 919 888 nomine,
960 840 1078 893 qua!
1109 825 1224 878 seni
1261 823 1470 879 utiliter
1491 824 1828 891 ministrans,
1873 823 2028 894 virgo

441 919 606 973 vitam
634 933 850 973 omnem
907 918 1220 973 castissime
1254 918 1385 988 egit.
1446 916 1575 972 Post
1625 917 1744 987 ejus
1798 927 2027 972 mortem

443 1019 711 1063 mercator
743 1009 961 1078 quidam
995 1024 1220 1078 peregre
1262 1011 1506 1075 rediens,
1541 1019 1697 1080 rogat
1725 1025 1910 1066 senem
1929 1007 2028 1065 de-

443 1104 704 1170 positum,
763 1103 904 1170 quod
936 1102 1054 1170 ejus
1080 1101 1204 1156 lilia:
1236 1102 1431 1172 virgini
1475 1103 1800 1174 jampridem
1851 1103 2030 1158 credi-

442 1194 617 1249 derat.
669 1193 799 1247 Rem
832 1209 1049 1247 omnem
1077 1195 1268 1247 beatus
1309 1193 1579 1265 Spyridon
1614 1208 1840 1262 prorsus
1873 1193 2028 1261 igno-

443 1286 616 1337 ravit:
644 1283 737 1337 sed
761 1299 883 1337 cum
907 1285 1068 1337 homo
1092 1283 1400 1353 depositum
1425 1283 1622 1352 saepius
1639 1282 1925 1352 ﬂagitaret,
1947 1295 2032 1338 so-

443 1391 569 1440 nex,
595 1385 944 1445 posteaquam
986 1375 1112 1429 illud
1141 1391 1236 1446 per
1290 1377 1510 1431 domum
1536 1390 1749 1430 sursum
1781 1389 1845 1429 ac
1874 1375 2033 1430 deor-

441 1480 559 1520 sum
630 1467 1061 1536 perquisivisset,
1106 1482 1208 1522 nec
1257 1470 1551 1536 reperisset
1604 1481 1852 1536 usquam,
1915 1465 2032 1520 ani-

443 1574 532 1614 mo
584 1560 879 1630 angebatur
939 1563 1175 1630 graviter
1234 1579 1249 1617 :
1303 1571 1358 1616 et
1410 1562 1585 1616 virum
1641 1561 1880 1625 monuit,
1933 1574 2032 1614 nec

441 1651 585 1705 scire
634 1665 694 1706 se
743 1652 1034 1721 quidquam
1080 1653 1146 1707 de
1200 1653 1468 1723 deposito,
1513 1668 1613 1707 nec
1661 1668 1782 1708 esse
1816 1653 1868 1706 in
1920 1660 2030 1706 tota

440 1742 625 1797 domo.
679 1741 949 1796 Mercator
988 1753 1115 1797 tunc
1166 1743 1329 1800 altius
1375 1743 1700 1808 inclamans,
1753 1752 1809 1798 et
1856 1742 2031 1812 lacry-

442 1846 596 1885 mana
617 1831 936 1901 ejulansque
951 1833 1124 1900 poscit
1153 1833 1482 1900 depositum,
1507 1830 1793 1886 clamitans
1811 1843 2029 1899 quoque

442 1935 501 1974 se
529 1936 720 1973 manus
757 1921 1021 1976 violentas
1048 1922 1150 1976 sibi
1183 1923 1483 1986 illaturum,
1519 1922 1621 1976 nisi
1658 1921 1802 1989 quod
1843 1923 2025 1976 credi-

441 2011 544 2077 dit,
582 2012 871 2082 reciperet.
900 2013 1060 2075 Nam,
1091 2014 1287 2084 inquit,
1321 2029 1380 2068 se
1410 2015 1557 2084 quod
1587 2015 1810 2082 unicum
1836 2028 2031 2068 serva-

442 2105 521 2157 vit
550 2106 848 2159 senectutis
877 2121 988 2160 suae
1020 2107 1321 2161 subsidium
1351 2117 1405 2161 et
1430 2106 1709 2172 solatium,
1743 2107 1881 2176 apud
1920 2107 2032 2160 vir-

440 2194 620 2261 ginem
640 2194 981 2263 deposuisse.
1032 2196 1266 2251 Coactus
1301 2198 1464 2267 igitur
1504 2204 1724 2251 sanctus
1752 2197 1842 2250 ille
1864 2212 2028 2252 senex

441 2301 548 2341 una
571 2302 692 2342 cum
719 2299 1024 2343 mercatore
1058 2290 1122 2342 ad
1151 2288 1464 2358 sepulcrum
1495 2289 1615 2344 ﬁliae
1643 2298 1920 2358 properat,
1964 2291 2030 2342 ad

442 2384 873 2453 percontandum
899 2398 961 2437 ea
989 2385 1058 2438 de
1087 2400 1180 2447 re;
1205 2397 1439 2450 eamque
1465 2397 1532 2436 ex
1576 2385 1797 2438 nomine
1857 2383 2033 2436 incla-

443 2483 576 2538 mat,
603 2474 758 2538 Filia,
793 2475 1074 2542 inquiens,
1105 2474 1282 2528 lrene.
1311 2473 1402 2527 llla
1433 2475 1498 2528 de
1525 2473 1776 2544 sepulcro
1803 2489 2031 2542 respon-

443 2565 612 2619 dens:
649 2565 788 2632 Quid
812 2567 911 2632 vis,
948 2567 1137 2634 pater?
1178 2567 1316 2620 Tum
1366 2581 1568 2621 senex:
1638 2565 1740 2622 Ubi
1779 2566 2030 2635 posuisti,

447 2656 579 2721 illia,
616 2659 757 2726 quod
787 2659 875 2713 hic
930 2659 1092 2712 homo
1130 2659 1226 2713 tibi
1269 2659 1543 2714 credidit?
1605 2658 1676 2712 At
1729 2658 1815 2712 illa
1853 2659 2030 2713 locum

447 2759 635 2816 aperte
667 2749 804 2816 patri
836 2749 1115 2804 iudicans:
1157 2747 1214 2803 lu
1250 2764 1337 2814 eo,
1372 2749 1568 2818 inquit,
1597 2749 1713 2804 loco
1738 2749 1900 2817 jacet,
1940 2764 2033 2818 pa-

448 2849 550 2895 ter.
619 2839 713 2894 llle
742 2842 807 2894 ad
843 2841 1005 2894 tiliam
1034 2860 1046 2895 :
1074 2841 1222 2896 Vade
1262 2842 1313 2895 in
1357 2856 1511 2911 pace,
1558 2841 1664 2895 ﬁlia
1700 2841 1875 2896 lrene.
1931 2839 2032 2894 Se-

447 2948 550 2987 nex
579 2934 796 2986 domum
826 2948 1127 3002 regressus,
1170 2934 1477 3003 depositum
1515 2933 1568 2987 in
1596 2948 1662 2988 eo
1713 2933 1830 3002 ipso
1889 2933 2028 2998 loco,

446 3039 605 3092 quem
661 3024 835 3092 puella
889 3025 1217 3096 designavit,
1278 3026 1559 3080 inventum
1612 3027 1730 3081 viro
1782 3028 2027 3081 tradidit.

1715 320 2020 384 GELASII
2057 321 2401 384 CYZICE'N.’

2054 441 2101 496 Α

3583 320 3717 387 1248

2719 437 2974 492 ΚΕΦΑΛ.
3023 435 3122 490 IA'.

2131 549 2321 603 Ὅπου
2343 549 2460 618 τὴν
2490 550 2784 621 θυγατέρα
2816 549 3004 621 αὑτοῦ
3031 546 3372 602 τεθνεῶσαν
3391 545 3588 616 ἐγείρῃ
3617 547 3717 602 διὰ

2698 621 2807 674 τὸν
2845 620 3129 689 ἔμπορον.

2199 735 2490 804 Θυγατέρα
2517 734 2674 804 ἔσχεν
2703 736 2731 788 ὁ
2756 733 3029 804 μακάριος
3052 734 3146 786 καὶ
3167 732 3411 798 ἀοίδιμος
3436 726 3590 795 οὗτος
3616 729 3716 785 τοῦ

2128 824 2263 878 Θεοῦ
2311 825 2635 897 ἄνθρωπος,
2696 826 2937 896 Εἰρήνην
2978 824 3242 897 τοῦνομα,
3290 829 3324 900 ἢ
3368 829 3447 900 τῷ
3499 826 3717 897 γέροντι

2130 918 2459 989 προσφόρως
2501 917 2896 986 διακονήσασα,
2926 918 2983 970 ἕν
3004 919 3278 990 παρθενίᾳ
3309 921 3402 974 τὸν
3447 919 3719 991 ἀνθρώπι-

2129 1025 2220 1062 νον
2277 1009 2392 1079 βίον
2449 1006 2786 1078 διεξέρχεται
2846 1007 3278 1082 [ὑπεξέρχεταιῙ.
3327 1011 3548 1083 Ταύτης
3615 1011 3718 1081 μὲν

2133 1100 2426 1170 θανούσης,
2458 1100 2518 1164 ὲξ
2548 1101 2864 1171 ἀποδημίας
2906 1118 2992 1165 τις
3041 1102 3283 1164 ἀναστὰς
3316 1103 3578 1172 ἔμπορος,
3616 1119 3722 1154 πα-

2133 1191 2380 1264 ραθήκην
2418 1191 2616 1262 ἀπῄτει
2638 1192 2729 1245 τὸν
2759 1193 3011 1263 γέροντα,
3065 1193 3132 1265 ἦν
3167 1196 3232 1264 τῇ
3285 1194 3452 1247 αὐτοῦ
3487 1193 3722 1264 θυγατρὶ

2130 1262 2198 1354 τῇ
2240 1283 2496 1354 παρθένῳ
2549 1279 2617 1353 ἦν
2647 1283 3050 1354 παραθέμενος.
3089 1262 3161 1337 ⁷Ἰ.)
3272 1285 3542 1355 μακάριος
3569 1262 3750 1356 πεπυ-1

2135 1377 2297 1448 ρίδων
2319 1374 2555 1444 ἠγνόησε
2591 1374 2871 1438 παντελῶς
2901 1374 3001 1445 τὴν
3023 1373 3282 1427 ὑπόθεσιν
3300 1391 3314 1404 ·
3359 1375 3435 1438 ὡς
3463 1375 3521 1428 δὲ
3552 1374 3722 1437 πολὺς

2130 1461 2200 1536 ἦν
2246 1464 2598 1534 ἐπικείμενος
2647 1462 2795 1534 αὐτῷ
2847 1464 2875 1516 (ι
2915 1464 3238 1534 ἄνθρωπος,
3272 1463 3448 1516 πολλὰ
3474 1464 3587 1518 ἀνω
3623 1463 3721 1516 καὶ

2134 1558 2284 1610 κάτω
2311 1556 2402 1608 τὸν
2427 1551 2578 1608 οἷκον
2605 1556 2966 1626 διερευνήσας
3003 1556 3031 1607 ὁ
3051 1556 3250 1624 γέρων,
3283 1555 3382 1609 καὶ
3414 1556 3490 1626 μὴ
3517 1554 3717 1624 εὑρὼν,

2133 1648 2322 1717 ἠνιᾶτο
2379 1646 2606 1715 σφόδρα,
2653 1646 2746 1700 καὶ
2790 1645 2927 1716 πρὸς
2968 1644 3059 1698 τὸν
3115 1644 3284 1715 ἄνδρα
3319 1644 3526 1711 ἔλεγεν,
3574 1647 3720 1714 μήτε

2063 1787 2106 1843 Β
2136 1745 2360 1809 εἰδέναι,
2400 1745 2537 1813 μήτε
2565 1739 2707 1796 εἶναι
2757 1759 2832 1805 τι,
2864 1743 2924 1794 ὲν
2972 1739 3052 1811 τῷ
3105 1741 3262 1810 οἴκῳ.
3305 1739 3367 1794 Ὀ
3393 1739 3449 1792 δὲ
3476 1738 3722 1810 ἔμπορος

2133 1836 2366 1900 ὲκὸοῶν,
2395 1833 2627 1906 δάκρυσί
2662 1851 2720 1887 τε
2754 1833 3136 1904 συνεχόμενος,
3178 1834 3275 1886 καὶ
3315 1831 3722 1902 ὀλοφυρόμενος

2133 1932 2254 2003 ᾔτει
2283 1929 2384 1998 τὴν
2412 1925 2892 1998 παρακαταθήκην
2915 1969 2929 1992 ,
2963 1925 3140 1993 λέγων
3179 1924 3344 1979 αὐτὸν
3376 1923 3722 1993 διαχειρίσα-

2136 2021 2259 2074 σθαι
2290 2019 2389 2089 τῆς
2443 2017 2723 2079 ἀπωλείας
2753 2017 2936 2086 χάριν,
2969 2016 3017 2068 εί
3052 2015 3128 2085 μὴ
3173 2014 3328 2069 λάϐοι
3360 2012 3431 2066 τά
3474 2030 3721 2084 παρακαο

2133 2107 2684 2176 τατεθέντα,φάσκων
2706 2107 2868 2159 ἕνεκα
2887 2108 3075 2178 γήρως
3089 2105 3240 2176 αὐτῷ
3267 2104 3470 2174 ταύτην
3492 2105 3588 2174 τὴν
3616 2121 3720 2157 πα-

2136 2205 2410 2276 ραμυθίαν
2444 2203 2790 2274 πεφυλάχθαι
2808 2246 2820 2266 ,
2846 2204 2974 2273 παρ’
3001 2203 3140 2274 αὐτῇ
3165 2204 3232 2273 τῇ
3262 2201 3516 2273 παρθένῳ
3542 2217 3723 2270 παρα-

2135 2297 2386 2366 θέμενος.
2423 2297 2817 2364 ’Δναγκάζεται
2845 2296 3027 2348 τοίνυν
3069 2297 3095 2347 ὁ
3130 2293 3309 2365 γέρων
3337 2295 3365 2346 ὁ
3393 2294 3547 2361 ἆγιος
3576 2293 3720 2344 ὲκεῐτ

2134 2407 2224 2452 νος
2265 2388 2360 2441 ἐπὶ
2415 2388 2477 2441 τὸ
2514 2387 2707 2458 μνῆμα
2756 2387 2854 2454 τῆς
2885 2385 3159 2457 θυγατρὸς
3205 2386 3321 2455 ἅμα
3360 2384 3437 2454 τῷ
3491 2383 3722 2454 ἐμπόρῳ

2133 2480 2377 2550 ὁρμῆσαι
2397 2479 2534 2549 πρὸς
2559 2479 2754 2532 πεῦσιν
2776 2479 2867 2531 τοῦ
2899 2479 3227 2548 πράγματος
3245 2494 3258 2508 ·
3296 2478 3324 2528 ό
3349 2477 3393 2529 δ’
3421 2474 3593 2528 ἐλθὼν
3617 2493 3722 2529 κα-

2135 2571 2218 2624 λεῖ
2254 2570 2350 2640 τὴν
2384 2569 2657 2640 θυγατέρα
2700 2568 2760 2632 ἐξ
2803 2568 3066 2638 ὀνόματος
3090 2608 3103 2631 ,
3162 2567 3255 2619 καί
3284 2583 3416 2634 φησι
3450 2565 3586 2634 πρὸς
3617 2566 3722 2617 αὑ-

2133 2664 2260 2732 τήν·
2294 2659 2496 2714 Τέκνον
2526 2676 2628 2729 μου
2657 2659 2881 2729 Εἰρήνη.
2915 2658 2978 2710 Ἥ
3011 2657 3068 2709 δὲ
3096 2655 3458 2727 ἀποκριθεῖσα
3485 2653 3592 2707 ἀπὺ
3624 2652 3722 2706 τοῦ

2134 2755 2328 2822 τάφου,
2377 2754 2526 2822 λέγει
2570 2752 2709 2820 πρὸς
2749 2750 2912 2804 αὐτόν
2937 2767 2950 2781 ·
2985 2750 3050 2802 Τί
3094 2749 3292 2812 θέλεις,
3323 2743 3597 2816 ὧπάτερς
3651 2745 3716 2798 ὐ

2134 2848 2189 2901 δὲ
2223 2846 2399 2915 γέρων
2449 2844 2586 2914 πρὸς
2635 2843 2806 2913 αὐτήν
2833 2858 2848 2873 ο
2908 2841 3019 2894 Ποῦ
3053 2841 3255 2893 ἀπέθου
3301 2841 3401 2910 τὴν
3428 2839 3582 2893 τοῦδε
3617 2835 3714 2889 τοῦ

2135 2933 2421 3006 ἀνθρώπου
2471 2931 2803 3002 παραθήκην
2829 2970 2844 2994 ,
2874 2923 2920 2982 ὦ
2956 2928 3234 3000 θύγατερς
3297 2926 3543 2994 Κάκείνη
3584 2923 3722 2992 πρὸς

2136 3029 2298 3082 αὐτὸν
2329 3027 2463 3097 ἔφη’
2503 3027 2590 3078 Ἐν
2620 3025 2754 3095 τῷδε
2787 3026 2962 3076 κεῖται
2987 3022 3061 3092 τῷ
3085 3023 3253 3090 τόπῳ,
3283 3020 3459 3089 πάτερ
3481 3034 3495 3049 ’
3531 3015 3720 3082 σαφῶς

449 3116 610 3171 Multa
643 3117 730 3172 ille
757 3117 861 3171 alia
895 3121 1160 3187 stupenda
1209 3127 1264 3173 et
1320 3119 1636 3174 admiranda
1702 3118 1850 3183 fecit,
1907 3136 2028 3190 quae

2137 3121 2225 3171 τὸν
2253 3117 2416 3170 τόπον
2441 3117 2603 3184 ὲπιση
2615 3115 2831 3183 μάνασα
2856 3111 2930 3182 τῷ
2958 3109 3146 3181 πατρί.
3187 3110 3245 3162 '0
3265 3109 3322 3161 δὲ
3348 3107 3482 3177 πρὸς
3507 3106 3673 3175 αὐτήν
3695 3121 3709 3134 ·

447 3210 690 3264 omnium
715 3226 808 3264 ore
832 3211 1200 3278 celebrantur,
1230 3227 1458 3281 quaeque
1491 3213 1671 3266 adhuc
1700 3213 1767 3266 ab
1826 3213 2035 3285 indige-

450 3301 536 3355 nis
563 3302 927 3356 ostenduutur
957 3304 1024 3356 ad
1066 3304 1280 3373 plenam
1330 3306 1738 3380 persuasionem
1794 3307 1916 3362 ﬁdei
1981 3308 2033 3362 in

451 3391 636 3447 Jesum
663 3393 969 3458 Christum,
997 3395 1063 3448 iis
1093 3395 1183 3464 qui
1217 3395 1270 3448 in
1295 3410 1356 3450 ea
1382 3411 1438 3450 re
1463 3408 1699 3452 mentem
1739 3412 2037 3469 curamque

452 3501 605 3539 suam
643 3486 901 3553 deligunt.
931 3486 1152 3540 Talibus
1174 3487 1346 3557 igitur
1367 3489 1497 3542 viris
1525 3504 1693 3558 usque
1718 3489 1784 3544 ad
1817 3507 1876 3544 ea
1903 3500 2038 3546 tem-

451 3593 583 3647 pora
613 3577 843 3632 ﬂorebat
892 3578 1156 3643 Ecclesia,
1184 3595 1248 3635 ex
1295 3581 1489 3649 quibus
1536 3581 1760 3650 plurimi
1809 3582 2038 3639 Nicaeum

453 3663 662 3740 synodo
730 3670 1120 3726 interfuerunt.
1184 3674 1491 3739 Quinetiam
1527 3674 1907 3739 Athanasium,
1943 3690 2038 3730 cu-

451 3759 541 3828 jus
571 3769 729 3814 antea
761 3762 1002 3826 memini,
1026 3771 1152 3816 tunc
1183 3763 1491 3830 diaconum,
1521 3780 1550 3818 a
1589 3781 1742 3819 sacra
1777 3766 1866 3819 illa
1912 3781 2039 3820 san-

455 3857 668 3905 ctorum
719 3867 918 3907 corona
971 3854 1192 3909 minime
1235 3855 1479 3910 abfuisse
1536 3870 1728 3910 omnes
1779 3856 2034 3910 fatentur.

456 3939 587 3996 Erat
616 3953 795 3997 autem
846 3958 952 3997 una
997 3958 1118 3998 cum
1168 3945 1475 4001 Alexandro
1539 3946 1878 3999 Alexandrim
1925 3947 2040 4015 epi-

457 4048 643 4102 scopo,
672 4049 830 4102 quem
871 4035 923 4088 in
951 4035 1133 4091 multis
1165 4035 1302 4092 ﬁdeli
1333 4053 1497 4106 opera
1547 4047 1602 4091 et
1623 4036 1850 4093 consilio
1874 4036 2036 4107 juvit.

457 4125 943 4182 Commuuicabant
979 4129 1143 4198 igitur
1165 4129 1408 4198 quotidie
1433 4130 1607 4183 sancti
1647 4131 1887 4200 episcopi
1939 4146 2039 4185 no-

458 4218 557 4272 stri
612 4218 780 4274 multo
825 4229 1070 4292 tempore
1100 4223 1367 4291 permulta
1418 4223 1562 4276 inter
1588 4239 1648 4279 se
1684 4227 1749 4278 de
1773 4223 1901 4286 ﬁde,
1936 4225 2038 4278 rati

460 4308 594 4363 nihil
641 4310 750 4365 cito
784 4323 873 4367 aut
929 4323 1133 4367 temere
1165 4315 1230 4367 de
1288 4329 1346 4368 re
1399 4323 1546 4367 tanta
1591 4315 1756 4368 statui
1816 4314 2036 4368 debere.

459 4401 649 4456 Arium
677 4402 988 4473 frequenter
1006 4407 1385 4470 accersebant,
1415 4416 1470 4461 et
1499 4405 1712 4461 crebris
1736 4405 2041 4473 interroga-

463 4495 700 4550 tionibus
721 4498 1121 4567 propositiones
1139 4497 1257 4567 ejus
1280 4497 1614 4552 refutabant:
1637 4497 1894 4565 omnique
1912 4513 2041 4553 cura

461 4601 525 4642 ac
551 4588 879 4660 cogitatione
928 4588 1268 4657 quaerebant,
1326 4588 1596 4656 quomodo
1648 4587 1858 4643 nefaria
1902 4587 2045 4643 illius

462 4679 716 4749 dogmata
745 4689 1013 4742 evertere,
1051 4679 1249 4749 quidve
1284 4685 1475 4734 contra
1507 4695 1568 4732 ea
1597 4689 1836 4736 statuere
1869 4689 1923 4736 et
1951 4682 2045 4735 de-

464 4784 690 4824 cernere
721 4779 1016 4838 oporteret,
1052 4769 1163 4824 acri
1197 4785 1412 4837 seraper
1445 4771 1888 4827 consideratione
1935 4772 2040 4835 usi,

462 4872 518 4914 et
547 4861 682 4915 fusis
703 4861 769 4913 ad
800 4860 967 4914 Deum
1019 4861 1272 4930 precibus
1334 4859 1419 4914 illa
1464 4865 1786 4916 tractabant.
1845 4863 2046 4929 Quam-

463 4950 647 5004 obrem
668 4951 940 5016 sapienter
965 4949 1252 5004 admodum
1285 4960 1445 5019 atque
1467 4965 1831 5024 congruenter
1852 4960 2041 5007 contra

466 5043 628 5110 impia
660 5042 774 5096 Arii
828 5052 883 5096 et
929 5051 1255 5096 sectatorum
1284 5043 1404 5111 ejus
1452 5045 1701 5115 dogmata
1750 5044 2042 5114 reprelien-

465 5133 648 5188 siones
679 5148 806 5188 suas
839 5133 1205 5204 opponebam,
1236 5135 1476 5205 impuras
1501 5152 1688 5191 eorum
1718 5145 1905 5192 contra
1945 5136 2036 5191 Dei

465 5225 660 5280 Filium
694 5224 1055 5292 blaspbemias
1078 5226 1340 5283 radicitus
1368 5229 1684 5294 evellentes,
1717 5235 1770 5282 et
1801 5228 2042 5284 delentes

467 5315 728 5370 funditus.
767 5313 833 5370 Et
857 5316 904 5371 ei
931 5317 1145 5387 quidem
1176 5320 1316 5389 quod
1345 5319 1417 5373 illi
1459 5321 1798 5382 asserebant,
1841 5335 1945 5374 non
1974 5335 2039 5374 ex

469 5407 579 5461 Deo
607 5422 727 5462 esse
757 5409 848 5463 Dei
903 5409 1116 5476 Filium,
1180 5413 1333 5478 illud,
1382 5414 1549 5468 Deum
1604 5413 1670 5467 de
1702 5413 1832 5479 Deo,
1869 5414 2039 5468 nostri

470 5509 862 5568 opposuerunt.
926 5502 985 5557 Ei
1035 5519 1162 5558 vero
1187 5505 1330 5576 quod
1358 5504 1429 5559 illi
1469 5505 1746 5570 dicebant,
1784 5520 1889 5560 non
1922 5520 2042 5561 esse

477 5587 645 5643 Deum
673 5603 880 5658 verum,
916 5591 1276 5652 detiniveruut
1305 5594 1475 5651 nostri
1505 5608 1628 5651 csse
1657 5594 1822 5651 Deum
1851 5609 2039 5652 verum

543 5729 590 5764 ⁸³
621 5729 894 5796 Socrates,
918 5727 1022 5791 loc.
1059 5731 1152 5786 cit.

2139 3209 2379 3280 Πορεύου
2427 3209 2483 3260 ἐν
2512 3207 2726 3277 εἰρήνῃ,
2757 3205 2946 3258 τέκνον
2995 3221 3094 3274 μου
3128 3201 3362 3271 Εἰρήνη.
3409 3200 3469 3252 Ὀ
3501 3194 3591 3250 οὖν
3623 3195 3720 3264 γέ·

2142 3317 2247 3371 ρων
2279 3297 2616 3368 ἐπιστρέψας
2673 3295 2833 3359 οἴκοι,
2886 3295 2983 3347 καὶ
3041 3291 3216 3363 εὑρὼν
3269 3284 3438 3360 οὗπερ
3488 3284 3640 3341 εἶπεν
3687 3288 3722 3357 ἡ

2140 3394 2409 3466 παρθένος
2445 3391 2660 3445 κεῖσθαι
2700 3391 2802 3460 τὴν
2833 3387 3187 3458 παραθήκην,
3225 3384 3473 3438 ἀπέδωκε
3509 3380 3588 3450 τῷ
3622 3382 3722 3432 ἀν·-

2137 3487 2245 3558 δρί.
2289 3484 2467 3538 Πολλὰ
2487 3483 2544 3536 δὲ
2571 3483 2666 3536 καὶ
2688 3481 2824 3535 ἀλλα
2863 3478 2958 3532 τοῦ
2981 3478 3173 3548 ἀνδρὸς
3199 3476 3416 3547 ᾅδονται
3441 3472 3722 3541 θαύματα,

2139 3580 2234 3633 καὶ
2263 3574 2711 3647 παραδοξοποιίαι
2742 3572 2958 3636 πολλαὶ,
3001 3571 3054 3623 αἳ
3086 3569 3180 3622 καὶ
3208 3569 3372 3637 μέχρι
3399 3564 3560 3633 δεῦρο
3585 3562 3725 3633 πρὸς

2139 3672 2247 3724 τῶν
2301 3669 2585 3739 ἐγχωρίων
2615 3666 2920 3719 δείκνυνται
2961 3665 3074 3724 τοῖς
3143 3657 3536 3728 ὲφισταμένοις
3583 3655 3726 3725 πρὸς

2139 3762 2514 3834 πληροφορίαν
2535 3760 2635 3830 τῆς
2667 3757 2899 3829 ἀληθοῦς
2924 3758 2956 3827 ὴ
2966 3755 3079 3826 μῶν
3106 3755 3185 3817 είς
3211 3751 3444 3822 Χριστὸν
3463 3749 3724 3810 πίστεως.

2140 3855 2418 3917 Τοιούτοις
2486 3849 2776 3920 τοιγαροῦν
2849 3847 3012 3917 μέχρι
3068 3843 3177 3898 τῶν
3229 3841 3440 3914 καιρῶν
3494 3839 3724 3892 ἐκείνων

2139 3947 2315 4016 ἀγίοις
2344 3945 2600 4015 ἀνδράσιν
2620 3945 2652 4014 ἡ
2697 3939 2996 4009 Ἐκκλησία
3016 3936 3333 4006 διέπρεπεν,
3362 3932 3421 3997 ἐξ
3445 3925 3521 3986 ὧν
3540 3930 3729 3984 πολλοὶ

2141 4040 2392 4110 παρῆσαν
2440 4035 2581 4089 κατὰ
2625 4033 2720 4104 τὴν
2767 4033 2825 4084 ὲν
2862 4028 3069 4100 Νικαίᾳ
3101 4025 3344 4080 σύνοδον.
3392 4023 3556 4078 Ἀλλά
3615 4022 3726 4093 μὴν

2141 4132 2234 4185 καὶ
2279 4127 2614 4191 Ἀθανάσιος,
2655 4123 2784 4194 περὶ
2819 4117 2880 4175 οῦ
2912 4121 3006 4175 καὶ
3036 4119 3230 4190 πρώην
3257 4117 3593 4186 εἰρήκαμεν,
3626 4129 3728 4184 τη-

2141 4220 2324 4275 νικάδε
2350 4219 2596 4279 διάκονος
2619 4214 2716 4278 ὢν,
2748 4213 2847 4267 οὐκ
2873 4213 3102 4282 άμοιρος
3123 4207 3218 4261 τοῦ
3247 4207 3358 4260 τῶν
3381 4208 3554 4275 ἁγίων
3577 4205 3726 4258 ὲκεί-

2141 4332 2246 4367 νων
2279 4309 2439 4382 χοροῦ
2475 4304 2615 4361 εἶναι
2644 4306 2750 4359 ὑπὸ
2781 4304 3000 4359 πάντων
3037 4301 3373 4370 ὡμολογεῖτο
3398 4314 3411 4329 ·
3476 4297 3645 4366 συνῆν
3669 4296 3729 4350 δὲ

2143 4403 2221 4474 τῷ
2262 4398 2598 4469 Ἀλεξάνδρῳ
2644 4396 2721 4467 τῷ
2768 4397 2868 4466 τῆς
2929 4392 3324 4463 Ἀλεξανδρέων
3398 4388 3730 4460 Ἐκκλησίας

2148 4492 2452 4560 ὲπισκόπῳ,
2498 4487 2691 4559 βοηθὸς
2725 4486 2946 4558 ἀριστος
2995 4485 3258 4556 ὑπάρχων
3293 4481 3460 4552 αὐτῷ.
3517 4479 3730 4533 Ἀνεκίο

2147 4603 2273 4639 νουν
2298 4582 2408 4654 [ισ.
2455 4577 2812 4650 Ἀνεκοίνουν]
2861 4577 2992 4646 γοῦν
3043 4575 3316 4646 ὁσημέραι
3371 4576 3420 4627 οί
3465 4572 3729 4642 ἡμέτεροι

2147 4676 2293 4744 ἅγιοι
2323 4671 2633 4737 ἐπίσκοποι,
2689 4671 2783 4723 ἐπὶ
2829 4670 3081 4723 πλεῖστον
3127 4669 3252 4721 ὅσον
3286 4666 3517 4738 χρόνον,
3577 4664 3727 4733 πάμ-

2148 4766 2316 4820 πολλα
2344 4764 2472 4835 περὶ
2495 4765 2593 4834 τῆς
2626 4763 2883 4827 πίστεως,
2912 4761 3150 4831 οἰόμενοι
3177 4759 3288 4812 δεῖν
3315 4758 3478 4829 μηδὲν
3500 4755 3729 4827 εὐχερὲς

2149 4855 2184 4928 ἦ
2223 4853 2499 4926 τολμηρὸν
2539 4853 2670 4926 περὶ
2719 4852 3050 4923 τηλικαύτης
3086 4850 3367 4922 ζητήσεως
3392 4848 3724 4916 διαπράττε-

2147 4947 2292 5002 σθαι.
2349 4945 2566 5017 Συχνῶς
2601 4961 2658 4998 τε
2702 4944 2793 4997 τὸν
2843 4945 3066 5011 Ἀρειον
3128 4939 3584 5011 μετεπέμποντο,
3633 4936 3730 4989 καὶ

2147 5043 2326 5112 πυκνῇ
2353 5040 2639 5111 ἀνακρίσει
2675 5037 2780 5101 τὰς
2832 5037 3124 5108 προτάσεις
3157 5031 3325 5086 αὐτοῦ
3350 5030 3728 5085 ἀναπτύσσον-

2143 5152 2233 5199 τες
2261 5134 2499 5188 διέλυον·
2539 5130 2763 5200 πλείστη
2785 5147 2842 5182 τε
2881 5130 2980 5200 ὃση
3017 5127 3222 5198 σπουδὴ
3263 5126 3360 5180 καὶ
3400 5123 3623 5194 φροντὶς
3658 5117 3728 5190 ἦν

2146 5228 2349 5289 αὐτοῖς,
2373 5224 2489 5287 πῶς
2513 5223 2681 5293 ἐχρῆν
2713 5221 2848 5293 πρὸς
2881 5219 2978 5290 τὴν
2996 5218 3312 5290 ἀνατροπὴν
3341 5216 3448 5269 τῶν
3469 5215 3728 5283 ἀθέσμων

2148 5317 2312 5372 αὐτοῦ
2383 5316 2670 5385 δογμάτων
2733 5313 3080 5384 ψηφίσασθαι
3148 5313 3242 5365 καὶ
3309 5305 3727 5380 ἀνθορίσασθαι.

2147 5411 2304 5466 Μετά
2332 5409 2532 5480 πολλῆς
2579 5408 2673 5462 οῦν
2709 5407 2811 5478 τῆς
2842 5404 3111 5475 σκέψεως,
3171 5404 3261 5458 καὶ
3319 5402 3419 5473 τῆς
3450 5400 3589 5472 πρὸς
3637 5399 3731 5452 τὸν

2148 5504 2280 5557 Θεὸν
2339 5501 2572 5565 ἱκεσίας,
2622 5498 2793 5553 ταῦτα
2825 5496 3203 5568 διελάμϐανον.
3250 5493 3342 5548 Διὸ
3373 5493 3466 5547 καὶ
3520 5490 3733 5560 σφόδρα

2152 5593 2352 5664 σοφῶς,
2385 5592 2479 5646 καὶ
2511 5590 2632 5645 λίαν
2667 5588 2963 5660 ἁρμοδίως,
2993 5587 3120 5650 τοὺς
3153 5586 3292 5640 κατά
3323 5582 3432 5638 τῶν
3453 5581 3732 5652 ἀθεμίτων
