4070 6442
394 332 527 398 1249

1268 331 1639 394 HISTORIA
1675 331 2010 396 CONCILII
2049 335 2355 398 NICIENI.
2397 361 2465 371 --
2504 336 2652 398 LIB.
2696 337 2777 400 II.

3518 345 3655 414 1250

386 442 917 518 δογμάτωνἏρείου,
953 441 1176 499 καὶτῶν
1207 445 1304 499 σὺν
1331 444 1499 515 αὐτῷ,
1536 444 1794 517 ἐλέγχους
1829 447 1962 500 ἀντ-

2079 447 2139 502 de
2177 447 2284 501 Deo
2325 461 2474 501 vero.
2512 447 2757 515 Cumque
2781 445 2856 501 illi
2878 456 3421 508 censerentcreatnm
3455 455 3653 526 ipsum,

391 540 612 609 έθηκαν,
651 537 946 611 πρόρριζον
971 538 1385 601 ἀνασπάσαντες
1421 538 1519 602 τὰς
1545 539 1687 592 κατὰ
1708 539 1803 591 τοῦ
1833 537 1965 592 Υίοῦ

386 630 482 684 τοῦ
507 628 646 694 Θεοῦ
690 630 892 700 μιαράς
921 629 1099 683 αὐτῶν
1142 629 1518 700 βλασφημίας,
1574 630 1664 683 καὶ
1708 630 1968 698 ἐξαφανί-

391 739 605 784 σαντες.
631 722 740 774 Καὶ
768 719 845 791 τῷ
873 722 972 791 μὲν
1000 721 1100 774 οὐκ
1134 721 1199 773 ἐκ
1227 720 1322 774 τοῦ
1359 720 1496 774 Θεοῦ
1515 721 1696 790 λέγειν
1727 723 1969 785 ἐκείνους

391 815 482 868 τὸν
516 814 648 867 Υίὸν
686 814 875 878 αὐτοῦ,
907 814 1219 884 ἀντέθηκαν
1251 816 1298 867 οἱ
1329 814 1610 886 ἡμέτεροι,
1635 815 1718 881 τὸ,
1752 815 1883 869 Θεὸν
1905 816 1968 868 ἐκ

392 903 544 960 Θεοῦ.
597 905 708 958 Καὶ¹
763 905 844 969 τὸ,
910 906 985 976 μὴ
1027 904 1283 975 ἀληθινὸν
1331 905 1464 958 Θεὸν
1520 906 1642 959 κατ’
1699 906 1964 969 ἐκείνους,

391 995 697 1065 ἐγράψαντο
749 996 797 1047 οἱ
858 994 1155 1065 ἡμέτεροι,
1208 994 1343 1048 Θεὸν
1392 993 1648 1065 ἀληθινὸν
1702 996 1767 1048 ἐκ
1828 993 1962 1048 Θεοῦ

391 1083 666 1156 ἀληθινοῦ.
697 1084 807 1138 Καὶ
825 1085 885 1138 τὸ
907 1084 1114 1156 κτίσμα
1138 1085 1298 1139 αὐτὸν
1318 1085 1509 1154 -λέγειν
1542 1085 1802 1151 ἐκείνους,
1831 1085 1966 1140 ἀνθ-

387 1174 654 1246 ωρίσαντο
705 1176 753 1227 οἱ
794 1175 1079 1245 ἡμέτεροι,
1125 1174 1476 1245 γεννηθέντα,
1526 1175 1589 1227 οὐ
1645 1175 1960 1245 ποιηθέντα.

394 1267 500 1318 Καὶ
566 1265 644 1334 τῷ
681 1265 976 1336 έτερουσίῳ
1011 1266 1100 1317 ὐπ’
1139 1265 1368 1319 ἐκείνων
1399 1265 1825 1338 προϐαλλομένῳ
1851 1270 1976 1321 ἀντ-

391 1355 594 1426 έθηκαν
614 1358 662 1409 οί
694 1357 957 1428 ἡμέτεροι
984 1357 1274 1409 ἐπίσκοποι
1303 1357 1364 1410 τὸ
1395 1356 1683 1426 ὀμοούσιον
1713 1353 1854 1411 εἶναι
1881 1359 1970 1412 τὸν

397 1447 518 1501 Υἱὸν
535 1447 611 1520 τῷ
651 1449 845 1521 Πατρὶο,
883 1449 1027 1503 τοῦτ’
1060 1449 1175 1502 ἔστι
1208 1449 1539 1518 γεννηθέντα
1563 1452 1626 1504 ἐκ
1659 1452 1757 1522 τῆς
1787 1451 1975 1514 οὐσίας

391 1539 482 1594 τοῦ
506 1541 737 1611 Πατρό;’
765 1541 990 1610 κτίστην
1011 1559 1070 1594 τε
1089 1541 1251 1594 αὐτὸν
1278 1542 1372 1594 καὶ
1402 1541 1736 1614 δημιουργὸν
1762 1542 1974 1614 ὁρατῶν

2066 539 2244 593 nostri
2278 547 2464 593 contra
2489 547 2798 593 statuerunt
2834 541 3097 610 genitum,
3138 558 3243 598 non
3273 546 3496 600 factum.
3548 546 3654 602 Po-

2064 637 2269 684 stremo
2297 643 2420 683 cum
2452 628 2525 682 illi
2563 629 2788 685 alterius
2809 631 3126 687 substantia:
3147 633 3343 696 Filium
3371 651 3495 693 esse
3518 655 3650 694 con-

2068 721 2372 788 tenderent,
2401 722 2575 776 nostri
2605 723 2840 791 episcopi
2873 739 2996 778 eum
3043 727 3283 795 ejusdem
3327 743 3448 784 esse
3481 746 3652 801 oppo-

2065 823 2312 877 suerunt,
2373 814 2472 868 ltoc
2509 823 2612 878 est,
2672 829 2736 868 ex
2789 816 3097 872 substantia
3151 818 3328 874 Patris
3382 823 3652 892 genitum,

2067 913 2481 974 creatoremque
2510 905 2684 973 ipsum
2712 918 2873 975 atque
2895 908 3144 976 opiﬁcem
3184 912 3427 966 omnium
3461 913 3656 971 visibi-

2075 995 2208 1050 liqu
2269 1009 2479 1066 pariter
2507 1010 2562 1052 et
2601 1014 2706 1053 non
2730 1000 3019 1054 visibilium
3071 1004 3518 1073 praedicaverunt,
3566 1022 3656 1062 se-

2075 1089 2312 1142 cundum
2358 1089 2518 1144 ﬁdem
2567 1092 2914 1160 apostolicam
2936 1094 3258 1163 jampridem
3290 1095 3547 1154 Ecclesiae
3574 1101 3658 1169 ip-

2073 1178 2188 1233 sius
2216 1180 2490 1244 traditam,
2536 1174 2809 1251 expressis
2859 1186 3188 1242 testimOuiis
3245 1187 3373 1243 illud
3431 1189 3658 1245 demon-

2072 1279 2327 1336 strantes,
2358 1280 2724 1343 utprogressu
2758 1278 3023 1334 orationis
3064 1279 3292 1347 patebit.
3345 1279 3460 1336 Hoc
3513 1282 3658 1336 anti-

2073 1363 2200 1417 doto
2273 1363 2454 1419 letalia
2489 1380 2692 1422 venena
2718 1369 3117 1435 subvertentes,
3146 1371 3434 1426 clariorem
3468 1373 3518 1427 in
3559 1388 3656 1443 po-

2073 1464 2280 1523 sterum
2312 1457 2664 1527 apostolicam
2701 1460 2858 1516 ﬁdem
2884 1478 2989 1517 uno
3020 1479 3210 1520 omnes
3247 1481 3521 1521 consensu
3553 1468 3652 1522 de-

2074 1546 2340 1600 scribunl.
2598 1551 2603 1560 '

388 1647 448 1684 τε
478 1631 574 1685 καὶ
601 1633 846 1704 ἀοράτων
867 1634 1338 1706 ἐκὴρυξαν,κατά
1369 1637 1468 1706 τὴν
1519 1636 1786 1691 ἀνέκαθεν
1850 1638 2249 1707 παραδοθεῖσαν
2296 1642 2362 1710 τῇ
2422 1640 2736 1713 Ἐκκλησία.
2783 1643 2947 1696 αὐτοῦ
3023 1645 3385 1718 ἀποστολικὴν
3452 1647 3656 1713 πίστιν,

392 1721 693 1794 Γραφικαῖς
749 1725 1078 1796 μαρτυρίαις
1120 1726 1221 1790 τὰς
1254 1726 1559 1793 ἀποδείξεις
1607 1728 1966 1794 ἐκδώσαντες,
2008 1729 2192 1793 καθὼς
2230 1731 2432 1803 προῖὼν
2475 1733 2503 1784 6
2560 1732 2721 1802 λόγος
2767 1734 3097 1800 ἀποδείξειε.
3139 1735 3325 1808 Ταύτῃ
3394 1740 3462 1808 τῇ
3500 1740 3651 1790 ἀντι-

391 1813 526 1887 δότῳ
555 1816 622 1869 τὰ
645 1815 922 1889 θανάσιμα
953 1819 1222 1892 φάρμακα
1248 1821 1674 1893 ἀνατρέψαντες,
1698 1823 2048 1896 τρανωτέραν
2104 1824 2355 1877 ἐντεῦθεν
2386 1825 2487 1896 ἤδη
2553 1825 2738 1880 λοιπὸν
2794 1826 2895 1899 τὴν
2953 1827 3319 1899 ἀποστολικὴν
3351 1827 3660 1900 συμφώνως

391 1907 765 1978 ἐγγράφονται
805 1911 1008 1966 πίστιν.

977 2022 1231 2078 ΚΕΦΑΛ.
1254 2027 1354 2080 lB'.

390 2131 530 2198 Περὶ
583 2130 692 2184 τοῦ
744 2132 873 2186 δεῖν
906 2134 1064 2202 τρεῖς
1119 2137 1492 2203 ὑποστάσεις
1536 2137 1701 2192 νοεῖν
1746 2138 1843 2192 καὶ
1881 2154 1975 2192 πι-

459 2203 714 2276 στεύειν-
747 2204 1095 2276 ἀχωρίστως
1124 2207 1222 2259 ἐπὶ
1253 2206 1364 2276 τῆς
1404 2208 1668 2276 ἀρῤήτου
1706 2209 1814 2263 τοῦ
1848 2213 1971 2262 Πα-

459 2272 601 2349 τρρς
621 2271 872 2349 iactitat”)
921 2273 1056 2327 Υίοῦ
1106 2276 1206 2329 καὶ
1250 2271 1355 2332 τοῦ
1400 2271 1574 2346 ofﬁci)
1619 2280 1973 2348 Πνεύματος

458 2343 603 2409 μιᾶς
643 2343 943 2411 θεότητος.
1143 2363 1147 2366 ’

474 2455 539 2506 Ἦ
569 2454 700 2523 ἁγία
734 2457 828 2508 καὶ
861 2455 1072 2526 μεγάλη
1119 2458 1215 2510 καὶ
1241 2459 1597 2530 οίκουμενικὴ
1625 2459 1843 2523 σύνοδος
1864 2458 1975 2515 τῶν

392 2543 451 2597 ἐν
474 2545 682 2617 Νικαίᾳ
734 2547 1106 2622 συναχθέντων
1149 2549 1320 2616 ἀγίων
1367 2551 1624 2623 Πατέρων
1674 2552 1832 2622 ἡμῶν
1887 2536 1976 2606 διὰ

393 2634 488 2687 τοῦ
535 2635 810 2705 μακαρίου
852 2640 947 2689 καὶ
978 2639 1138 2702 ἁγίου
1182 2641 1482 2694 ἐπισκόπου
1534 2641 1710 2695 Ὀσίου
1766 2643 1976 2708 πόλεως

396 2725 750 2796 Κουρδούϐης
783 2727 885 2796 τῆς
911 2727 1020 2780 τῶν
1055 2730 1285 2784 Σπάνων
1334 2733 1628 2803 ἐπαρχίας,
1684 2735 1973 2804 ἐπέχοντος

396 2814 492 2868 καὶ
519 2814 611 2869 τὸν
644 2816 808 2868 τόπον
835 2817 928 2869 τοῦ
950 2818 1048 2887 τῆς
1087 2819 1375 2889 Ῥωμαίων
1409 2823 1710 2876 ἐπισκόπου
1741 2825 1838 2876 σὺν
1859 2826 1975 2887 τοῖς

397 2908 461 2959 ἐκ
495 2908 588 2959 τοῦ
617 2907 781 2960 αὐτοῦ
799 2908 992 2979 θρόνου
1017 2914 1527 2983 προαναφωνηθεῖσι
1557 2914 1973 2986 πρεσϐυτέροις,

396 2997 794 3067 ὲρμηνεύοντος
815 2999 1219 3071 αὐτὸν-ἐτέρου,
1250 2999 1406 3055 εἶπεν
1427 3021 1442 3034 ·
1486 3005 1549 3057 Ἦ
1574 3005 1761 3075 θεότης
1777 3007 1876 3077 οὐχ
1917 3005 1976 3059 ἐν

395 3087 689 3157 πρόσωπόν
719 3090 855 3152 ἐστι,
909 3091 1049 3143 κατὰ
1079 3092 1178 3162 τὴν
1215 3093 1324 3146 τῶν
1365 3095 1636 3150 Ἰουδαίων
1682 3098 1972 3168 ὑπόληψιν,

394 3177 532 3231 ἀλλὰ
576 3181 705 3248 τρία
741 3181 1009 3250 πρόσωπα
1055 3184 1176 3236 καθ’
1211 3175 1512 3240 ὑπόστασιν
1563 3188 1842 3260 ἀληθινὴν,
1875 3191 1976 3244 οὐκ

2691 2027 2844 2084 CAP.
2871 2027 2987 2083 ΧΠ.

2081 2135 2358 2209 Quomodo
2379 2148 2614 2201 Oporteat
2649 2149 2751 2192 tres
2774 2156 3025 2206 personas
3055 2139 3346 2209 intelligere
3372 2153 3419 2194 el
3450 2143 3662 2199 credere

2148 2208 2372 2279 indivise
2407 2209 2461 2261 in
2499 2225 2602 2261 una
2637 2209 2730 2261 illa
2758 2210 3017 2277 iue/fabili
3061 2208 3267 2274 Patris,
3321 2223 3368 2265 et
3420 2211 3576 2279 Filii,
3608 2223 3658 2269 et

2148 2275 2380 2345 Spiritus
2410 2275 2906 2351 sanclidiuinilate.

2151 2447 2348 2504 Sancta
2378 2457 2434 2502 et
2484 2464 2674 2518 magna
2697 2457 2751 2504 et
2784 2449 3052 2520 generalis
3078 2453 3314 2520 synodus
3343 2462 3656 2508 sanctorum

2075 2539 2296 2596 Patrum
2326 2539 2516 2594 Nicaeae
2544 2553 3020 2611 congregatarum,
3068 2558 3162 2612 per
3201 2545 3420 2598 beatum
3445 2556 3500 2600 et
3529 2560 3656 2598 san-

2079 2642 2190 2686 tum
2257 2632 2441 2686 Osium
2485 2633 2801 2702 episcopum
2841 2633 3080 2687 civitatis
3104 2635 3370 2690 Cordubae
3401 2638 3452 2689 in
3474 2635 3663 2706 Hispa-

2079 2726 2193 2790 nia,
2250 2732 2518 2778 lenentem
2551 2723 2728 2778 locum
2753 2723 2990 2792 episcopi
3027 2725 3283 2790 Romani,
3311 2741 3432 2780 cum
3463 2727 3660 2796 praedi-

2077 2814 2181 2868 ctis
2213 2814 2452 2880 ejusdem
2482 2813 2627 2866 sedis
2669 2815 3023 2883 presbyteris,
3052 2815 3227 2869 altero
3261 2816 3437 2885 ipsum
3490 2817 3658 2872 inter-

2077 2913 2324 2973 prelante
2354 2905 2528 2958 dixit:
2588 2904 2852 2958 Divinitas
2886 2915 3103 2960 nonest
3151 2922 3254 2960 una
3295 2922 3552 2976 persona,
3599 2918 3660 2964 ut

2074 2997 2246 3052 Judaei
2271 2996 2608 3060 existimant,
2630 2996 2724 3054 sed
2745 3005 2852 3050 tres
2874 3011 3113 3065 personae
3131 3013 3256 3052 vere
3280 2999 3659 3065 subsistentes,

2077 3105 2181 3144 non
2215 3089 2328 3143 solo
2370 3087 2589 3141 nomine
2643 3095 2745 3141 :et
2799 3087 2902 3141 boc
2953 3087 3194 3157 pluribus
3246 3089 3572 3145 tesﬁmoniis
3608 3093 3662 3145 in

2076 3179 2227 3234 Novo
2259 3189 2312 3232 et
2342 3176 2526 3232 Veteri
2573 3177 2926 3231 Testamento
2948 3178 3293 3247 praedicatur.
3357 3178 3524 3234 Vetus
3550 3183 3665 3250 qui-

393 3269 618 3338 όνόματι
649 3270 819 3341 ψιλῷ*
855 3274 946 3326 καὶ
969 3272 1128 3326 τοῦτο
1160 3277 1490 3347 μαρτυρίαις
1516 3279 1742 3343 πολλαῖς
1768 3281 1875 3332 ἀπό
1913 3297 1973 3334 τε

2079 3272 2198 3325 dem
2227 3271 2398 3339 magis
2448 3283 2715 3336 corporeo
2773 3269 2947 3322 adhuc
2995 3269 3155 3322 modo
3203 3271 3495 3335 disserens,
3527 3268 3666 3328 Ver-

396 3361 640 3424 Παλαιᾶς
663 3363 757 3414 καὶ
790 3362 936 3426 Νέας
967 3341 1254 3434 Διαθήκης-
1275 3341 1628 3436 κηρύττεται.
1661 3341 1842 3440 Ἦνμὲν
1862 3373 1974 3424 Πα-

2084 3363 2207 3416 bum
2234 3361 2385 3430 quasi
2418 3363 2642 3428 loquens
2661 3360 2936 3426 exhibuit;
2973 3359 3178 3413 Novum
3206 3369 3408 3426 autem,
3432 3359 3663 3416 Verbum

393 3453 522 3507 λαιά
543 3456 686 3508 κατὰ
703 3457 791 3508 τὸν
809 3456 1164 3526 σωματικώτε
1171 3475 1264 3526 ρον
1281 3459 1359 3513 ἔτι
1377 3461 1578 3530 τρόπον
1592 3463 1972 3536 διαλεγομένη,

393 3545 550 3613 λόγον
573 3546 648 3610 ὡς
707 3545 1041 3616 λαλούμενον
1075 3549 1443 3620 παρέστησεν.
1489 3553 1553 3605 Ἠ
1585 3553 1642 3606 δὲ
1675 3556 1851 3627 Καινὴ
1883 3557 1975 3611 τὸν

395 3635 550 3704 λόγον
593 3636 725 3690 Θεὸν
776 3638 1062 3704 ἀπέδειξε,
1129 3642 1271 3694 κατὰ
1311 3643 1408 3694 τό·
1443 3661 1462 3694 ι
1504 3645 1593 3698 Ἐν
1641 3648 1781 3718 ἀρχῇ
1835 3643 1903 3719 ἦν
1947 3651 1976 3702 6

394 3729 588 3794 Λόγος,
629 3731 722 3783 καὶ
743 3731 771 3782 6
798 3731 970 3800 Λόγος
996 3727 1063 3802 ἡν
1093 3733 1231 3803 πρὸς
1261 3734 1354 3788 τὸν
1406 3735 1560 3802 Θεὸν,
1597 3740 1692 3791 καὶ⁵
1739 3739 1870 3804 Θεὸς
1905 3737 1976 3813 ἦν

395 3822 424 3875 6
444 3821 637 3890 Λάγος.
693 3839 712 3872 ι
754 3821 865 3874 Καὶ
897 3823 1191 3893 πρόσωπον
1223 3824 1428 3879 τέλειον
1459 3828 1522 3880 ἐκ
1561 3829 1769 3882 τελείου
1798 3847 1812 3860 ·
1843 3832 1976 3896 Θεὸς

395 3909 526 3980 γὰρ,
551 3910 614 3963 οὐ
659 3909 823 3982 μέρος
860 3913 888 3964 6
921 3911 1069 3976 Υἱὸς,
1094 3913 1229 3966 άλλά
1258 3915 1462 3981 τέλειος
1489 3917 1680 3992 ὥσπερ
1709 3922 1737 3974 6
1762 3921 1974 3994 Πατὴρ,

397 4001 496 4074 τῆς
543 4003 715 4073 αὐτῆς
762 4003 950 4067 οὐσίας
1009 4002 1116 4070 ὣν,
1150 4001 1218 4077 ἦς
1270 4007 1365 4060 καὶ
1413 4009 1442 4061 6
1494 4013 1762 4082 γεννήσας
1812 4014 1976 4068 αὐτὸν

395 4091 694 4162 ἀφράστως
731 4092 945 4161 Πατήρ.
1000 4091 1344 4164 Συνυπάρχει
1379 4094 1436 4148 δὲ
1463 4094 1729 4160 ὡσαύτως
1757 4097 1836 4169 τῷ
1867 4102 1976 4153 Πα-

393 4183 486 4254 τρὶ
530 4182 624 4236 καὶ
668 4181 748 4253 τῷ
787 4177 901 4253 Υἱῷ
948 4183 1042 4236 καὶ
1085 4182 1146 4235 τὸ
1186 4182 1342 4252 ἅγιον
1389 4185 1638 4258 Πνεῦμα,
1673 4187 1772 4259 τῆς
1803 4189 1977 4260 αὐτῆς

396 4273 583 4337 οὐσίας
605 4275 702 4327 καὶ
739 4272 835 4327 τοῦ
886 4274 1052 4329 αὐτοῦ
1087 4277 1371 4348 χρήματος
1391 4277 1470 4332 ὅν.
1505 4273 1692 4353 Οὗπερ
1725 4283 1753 4334 6
1783 4283 1976 4354 Πατὴρ

400 4361 492 4415 καὶ
535 4362 564 4414 ὁ
596 4362 724 4425 Υἱὸς
750 4361 881 4432 μίαν
917 4363 1097 4417 τοίνυν
1118 4363 1337 4438 βουλὴν,
1360 4367 1491 4438 μίαν
1511 4368 1812 4438 βασιλείαν,
1846 4371 1976 4441 μίαν

397 4453 707 4520 αὐθεντίαν,
747 4454 876 4524 μίαν
891 4455 1210 4511 δεσποτείαν
1229 4457 1324 4511 ἐπὶ
1349 4459 1571 4514 πάντων
1599 4461 1708 4514 τῶν
1741 4462 1975 4518 κτιστῶν

395 4545 614 4614 φύσεων
647 4546 941 4617 ὁρωμένων
982 4565 1066 4614 τε,
1091 4549 1187 4602 καὶ
1207 4551 1538 4622 νοουμένων,
1582 4551 1713 4621 μίαν
1748 4553 1978 4626 θεότητα

399 4640 492 4692 καὶ
525 4639 631 4710 τὴν
675 4640 846 4710 αὐτὴν
875 4640 1065 4694 οὐσίαν
1097 4641 1463 4714 ὁμολογητέον
1503 4647 1640 4717 πρὸς
1663 4646 1844 4717 ἡμῶν,
1879 4647 1975 4702 τοῦ

397 4730 634 4802 Πατρὸς,
670 4731 762 4785 καὶ
798 4731 893 4784 τοῦ
936 4732 1081 4796 Υίοῦ,
1131 4733 1225 4786 καὶ
1271 4733 1365 4786 τοῦ
1425 4736 1585 4804 ἁγίου
1633 4739 1973 4810 Πνεύματος.

397 4821 472 4875 Οὐ
523 4821 850 4893 σύγχυσινῆ
889 4821 1154 4892 διαίρεσιν
1195 4821 1306 4874 τῶν
1337 4824 1436 4894 τῆς
1475 4827 1717 4895 ἀρῤήτου
1764 4829 1981 4899 ἐκείνης

399 4912 496 4965 καὶ
544 4912 825 4984 μακαρίας
882 4913 1111 4984 Τριάδος
1151 4915 1540 4980 ὐποστάσεων,
1601 4920 1983 4989 κηρυττόντων

400 5003 581 5074 ἡμῶν,
637 5004 776 5060 ἀλλὰ
815 5005 1037 5078 Πατέρα
1084 5005 1171 5059 ἀεὶ
1204 5006 1421 5078 ἀληθῶς
1452 5009 1676 5080 Πατέρα
1727 5011 1984 5082 ἀληθινοῦ

400 5093 532 5147 Υίοῦ
568 5094 656 5147 ἀεὶ
684 5095 814 5148 ὄντα
855 5095 947 5149 καὶ
979 5094 1297 5164 ὑφεστῶτα·
1331 5099 1422 5150 καὶ
1448 5098 1576 5152 Υίὸν
1609 5101 1825 5172 άληθῶς
1858 5102 1986 5156 Υίὸν

401 5185 658 5257 ἀληθινοῦ
685 5188 897 5258 Πατρὸς
921 5189 1009 5243 ἀεὶ
1026 5187 1158 5241 ὅντα
1185 5187 1280 5240 καὶ
1316 5189 1623 5258 ὑφεστῶτα,
1643 5194 1736 5247 καὶ
1762 5195 1985 5267 Πνεῦμα

403 5278 558 5346 ἆγιον
595 5277 812 5349 ἀληθῶς
849 5279 1073 5350 Πνεῦμα
1107 5279 1284 5348 ἅγιον,
1333 5282 1420 5335 ἀεὶ
1461 5282 1521 5336 ὃν
1569 5286 1662 5338 καὶ
1709 5286 1939 5356 ὐφεστός
1965 5303 1982 5320 ·

402 5368 610 5440 Τριάδα
631 5371 959 5443 ἀχώριστον,
988 5371 1248 5444 ἄρρητον,
1269 5373 1365 5428 καὶ
1387 5373 1604 5445 ἀληθῶς
1624 5377 1984 5450 άπερινόητον

403 5459 500 5512 καὶ
533 5459 934 5532 ἀνέκφραστον,
980 5461 1112 5532 μίαν
1155 5461 1415 5534 θεότητα,
1449 5465 1545 5519 καὶ
1565 5465 1664 5538 τὴν
1692 5466 1862 5539 αὐτὴν
1890 5469 1987 5521 οὐ·

408 5557 530 5610 σῐαν
557 5553 765 5625 ταύτης
806 5549 948 5610 εἶναι
991 5552 1362 5622 πιστεύοντες.
1402 5557 1513 5612 Καὶ
1543 5558 1750 5633 ταύτην
1792 5561 1987 5634 ὁμολο-

477 5731 527 5767 ⁸⁵
549 5733 706 5790 Joan.
734 5748 774 5802 ι,
804 5733 858 5792 1.

2082 3451 2250 3508 Deum
2281 3467 2402 3506 esse
2422 3449 2830 3516 demonstravit,
2851 3448 3005 3519 juxta
3049 3450 3178 3504 illud
3206 3468 3221 3506 :
3260 3467 3279 3502 ι
3316 3449 3370 3504 In
3399 3451 3668 3521 principio

2084 3535 2203 3599 erat
2233 3541 2493 3608 Verbum,
2545 3553 2600 3596 et
2635 3539 2870 3596 Verbum
2901 3551 3017 3596 erat
3052 3543 3194 3609 apud
3227 3542 3416 3609 Deum,
3444 3552 3498 3597 et
3524 3543 3669 3597 Deus

2081 3646 2199 3692 erat
2218 3635 2450 3691 Verbum
2475 3635 2522 3666 ³³
2541 3651 2589 3687 ι»
2622 3645 2676 3688 et
2702 3648 2986 3703 personam
3006 3633 3302 3702 perfectam
3321 3650 3383 3688 ex
3407 3634 3663 3704 perfecta.

2082 3729 2223 3783 Deus
2239 3727 2382 3781 euim
2413 3735 2516 3790 est,
2553 3741 2656 3782 non
2687 3741 2832 3794 pars,
2885 3723 3073 3788 Filius,
3107 3726 3198 3780 sed
3223 3724 3493 3794 perfectus
3521 3728 3668 3782 sicut

2081 3829 2136 3873 et
2162 3816 2348 3873 Pater:
2375 3818 2615 3886 ejusdem
2639 3816 2914 3882 essentite,
2947 3815 3099 3883 cujus
3130 3826 3182 3870 et
3203 3817 3292 3886 qui
3317 3831 3440 3870 eum
3476 3815 3668 3872 ineﬂ'a-

2081 3912 2175 3967 bili
2201 3911 2360 3965 modo
2392 3911 2577 3981 genuit
2608 3907 2790 3964 Pater.
2860 3909 3014 3962 Sicut
3051 3907 3214 3962 Pater
3263 3918 3320 3964 et
3379 3908 3572 3974 Filius,
3599 3910 3669 3965 si-

2084 4004 2194 4058 mul
2225 4003 2472 4058 subsistit
2499 4001 2734 4071 Spiritus
2779 4013 3024 4066 sanctus,
3050 4000 3291 4071 ejusdem
3337 4004 3589 4056 essentiae
3615 4010 3670 4058 et

2083 4096 2389 4164 potestatis,
2455 4093 2609 4164 cujus
2672 4090 2836 4146 Pater
2880 4099 2932 4147 et
2991 4091 3181 4146 Filius.
3266 4090 3444 4146 Unum
3503 4091 3670 4163 igitur

2083 4184 2392 4251 consilium,
2427 4198 2592 4238 unum
2625 4197 2872 4253 regnum,
2913 4197 3074 4236 unam
3121 4181 3476 4246 voluntatem,
3506 4196 3666 4236 unam

2083 4275 2508 4331 dominationem
2561 4275 2613 4328 in
2676 4289 2762 4330 res
2784 4288 2976 4328 omnes
2991 4281 3224 4338 creatas,
3253 4280 3358 4326 tam
3377 4287 3497 4342 qua:
3523 4273 3666 4338 visu,

2083 4380 2246 4438 quam
2276 4380 2396 4437 quae
2425 4374 2604 4420 mente
2627 4375 2683 4420 et
2713 4364 3068 4434 intelligentia
3095 4364 3483 4434 percipiuntur,
3505 4381 3669 4420 unam

2085 4458 2420 4513 divinitatem
2486 4467 2539 4513 et
2591 4445 2854 4513 eamdem'
2915 4457 3211 4512 essentiam
3270 4458 3520 4513 conﬁteri
3571 4473 3670 4513 nos

2084 4555 2317 4618 oportet,
2334 4546 2532 4615 Patris,
2563 4556 2617 4602 ct
2639 4546 2781 4613 Filii,
2806 4557 2854 4602 et
2890 4546 3122 4616 Spiritus
3151 4549 3324 4603 sancti
3358 4565 3372 4601 :
3399 4563 3504 4602 non
3528 4564 3670 4618 prae-

2088 4640 2331 4694 dicantes
2399 4639 2777 4694 conlusionem
2813 4648 2907 4692 aut
2949 4639 3272 4694 divisionem
3302 4655 3664 4708 personarum

2083 4731 2370 4787 ineﬂabilis
2391 4742 2447 4786 et
2479 4731 2650 4787 beatae
2682 4731 2825 4785 illius
2853 4730 3158 4795 Trinitatis,
3183 4733 3276 4785 sed
3300 4747 3514 4800 semper
3540 4748 3670 4787 vere

2080 4824 2292 4880 Patrem
2312 4825 2424 4880 veri
2453 4823 2576 4879 Filii
2601 4839 2817 4894 semper
2839 4825 3188 4880 exsistentem
3211 4842 3226 4892 ;
3251 4835 3300 4879 et
3324 4823 3517 4879 Filium
3544 4839 3670 4880 vere

2082 4916 2280 4971 Filium
2307 4915 2418 4970 veri
2445 4914 2624 4969 Patris
2650 4930 2866 4984 semper
2899 4917 3250 4970 exsislentem
3280 4929 3342 4968 ac
3371 4915 3670 4970 subsisten-

2086 5019 2224 5078 tem;
2265 5017 2330 5064 et.
2357 5023 2505 5064 vere-
2533 5007 2696 5062 etiam
2729 5006 2991 5077 Spiritum
3017 5017 3266 5062 sanctum
3316 5021 3535 5074 semper
3574 4995 3674 5061 ex-

2087 5103 2372 5158 sistentem
2422 5117 2638 5173 quoque
2665 5110 2720 5155 et
2749 5100 3138 5155 subsistentem
3173 5114 3187 5149 :
3239 5096 3559 5150 Trinitatem
3589 5097 3673 5150 in-

2094 5195 2396 5260 dividuam,
2430 5193 2782 5257 ineﬂabilem,
2842 5206 2961 5262 qua:
2997 5203 3172 5259 neque
3226 5189 3408 5242 animo
3435 5189 3666 5256 concipi,

2092 5302 2266 5358 neque
2295 5289 2428 5343 satis
2461 5286 2690 5357 exprimi
2725 5299 2979 5339 sermone
3005 5291 3185 5351 potest
3225 5298 3239 5333 :
3273 5295 3432 5333 unam
3474 5280 3671 5334 divini-

2093 5375 2260 5435 tatem
2286 5379 2340 5433 e't
2377 5379 2623 5432 eamdem
2647 5376 2767 5446 ejus
2793 5375 3091 5430 essentiam
3145 5371 3413 5426 credimus
3452 5379 3506 5424 et
3537 5384 3669 5424 con-

2093 5471 2311 5528 ﬁtemur
2331 5471 2629 5548 secundum
2659 5466 3066 5525 sanctamillam
3093 5465 3204 5536 jam
3232 5463 3360 5518 olim
3391 5478 3420 5516 a
3449 5462 3674 5517 Domino

2095 5579 2192 5637 per
2224 5574 2445 5622 sanctos
2477 5564 2594 5636 ejus
2624 5561 2898 5634 apostolos
2937 5570 2991 5617 et
3032 5559 3286 5631 antiquos
3323 5565 3541 5616 sanctos
3567 5553 3673 5612 Pa-
