4070 6406
414 343 547 412 1251

1684 343 1991 407 GELASII
2031 345 2378 407 CYZICENI

3540 340 3676 407 1252

416 470 527 514 tres
553 466 787 523 nostros,
814 454 904 524 qui
936 451 1083 507 illam
1114 451 1483 521 apostolorum
1511 451 1670 509 Iidem
1721 455 1982 511 illibatam

2090 458 2317 529 γοῦμεν,
2349 455 2489 511 κατά
2529 455 2629 527 τὴν
2674 454 2945 510 ἀνέκαθεν
2979 452 3132 525 παρά
3160 449 3256 507 τοῦ
3303 451 3534 525 Κυρίου,
3585 455 3677 509 διά

411 556 823 613 conservarunt,
853 546 1009 601 nobis
1039 546 1106 600 ab
1132 544 1286 599 initio
1324 546 1578 601 traditam
1633 547 1757 602 ildei
1807 564 1990 605 veram

412 642 719 711 dogmatum
778 637 1171 708 integritatem,
1202 636 1374 703 parati
1413 651 1478 691 ex
1528 626 1723 692 sancti"
1757 637 1994 710 Spiritus

412 731 642 786 arbitrio
668 744 762 799 per
791 727 1018 798 plurima
1052 727 1353 782 divinarum
1394 725 1799 795 Scripturarum
1843 732 1993 786 testi-

414 821 591 875 monia
614 819 994 873 demonstrare
1022 819 1135 872 haec
1167 817 1243 872 ita
1275 831 1334 872 se
1370 817 1589 874 habere.
1622 819 1757 875 Cum
1784 822 1898 877 hzec
1925 823 1993 878 ab

411 911 565 976 ipsis,
594 909 677 964 vel
708 910 894 979 potius
923 925 951 962 a
986 906 1190 978 Spiritu
1217 917 1408 964 sancto
1441 924 1537 978 per
1566 910 1715 980 ipsos
1749 927 1991 982 pronun-

413 999 822 1068 tiarentur,qui
886 999 1217 1069 impietatem
1272 1000 1388 1054 Arii
1435 1004 1758 1058 asserebant
1814 1003 1992 1078 (erant

409 1100 591 1145 autem
630 1106 728 1160 pro
762 1091 808 1123 ³⁸
841 1091 1074 1146 Eusebio
1126 1091 1455 1148 Nicomediae
1478 1102 1537 1149 et
1583 1092 1864 1166 Theognio
1899 1094 1985 1151 Ni-

410 1194 558 1243 ca‘a‘,
595 1195 731 1248 quos
776 1179 1108 1249 jampridem
1165 1179 1570 1254 indicavimus),
1624 1186 1993 1256 respiciebant

411 1271 615 1340 pariter
647 1271 701 1323 in
741 1271 1105 1326 conductitios
1144 1272 1255 1327 Arii
1306 1275 1661 1344 philosophos
1729 1278 1988 1346 qcosdam

409 1361 644 1416 maxime
696 1363 955 1428 disertos,
989 1378 1127 1433 quos
1152 1379 1275 1419 cum
1310 1366 1533 1421 malitia:
1586 1381 1696 1423 sua:
1731 1380 1989 1439 patronos

408 1453 760 1508 conduxisset
785 1454 970 1523 Arius,
998 1471 1122 1510 cum
1158 1456 1266 1511 illis
1302 1458 1448 1511 venit
1479 1459 1545 1512 ad
1581 1461 1986 1516 sanctamillam

407 1552 461 1597 et
492 1544 801 1613 generalem
838 1546 1126 1617 synodum.
1182 1548 1428 1603 Aderant
1466 1560 1647 1605 autem
1671 1562 1728 1605 et
1761 1554 1983 1622 plurimi

407 1633 738 1710 philosophi,
770 1635 824 1691 in
853 1638 1054 1713 quibus
1083 1648 1390 1708 sperantes,
1423 1650 1482 1693 ut
1510 1641 1670 1710 paulo
1695 1652 1821 1698 ante
1849 1643 1990 1699 dixi-

409 1746 552 1797 mus,
581 1733 827 1787 veritatis
853 1728 1175 1801 adversarii,
1207 1731 1401 1790 merito
1425 1746 1550 1790 cum
1603 1747 1714 1792 sua:
1734 1733 1985 1804 blasphe-

2092 546 2203 599 τῶν
2244 543 2407 617 ίερῶν
2450 542 2618 600 αὐτοῦ
2664 545 3004 609 ἀποστόλων,
3037 544 3131 597 καὶ
3159 540 3268 597 τῶν
3314 541 3413 613 τὴν
3449 542 3675 597 ἐκείνων

2095 638 2261 707 ἁγίαν
2287 639 2475 691 πίστιν
2523 638 2879 709 φυλαξάντων
2916 636 3194 703 άσπίλως,
3222 634 3471 706 ἀρχαίων
3500 634 3678 705 ἁγίων

2093 728 2252 801 ἡμῶν
2284 728 2543 797 Πατέρων
2564 769 2578 793 ,
2614 727 3017 799 παραδοθεῖσαν
3050 727 3183 797 ἡμῖν
3228 726 3330 795 τῆς
3376 725 3548 796 αὐτῆς
3579 725 3677 777 πί-

2094 837 2264 884 στεως
2292 819 2469 893 ἀληθῆ
2498 821 2788 890 δογμάτων
2833 818 3141 890 ἀκρίϐειαν,
3172 816 3409 889 ἑτοίμως
3439 817 3676 888 ἐχόντων

2092 913 2272 986 ἡμῶν.
2304 916 2403 969 σὺν
2441 913 2662 986 εὐδοκία
2689 911 2782 966 τοῦ
2830 912 2988 981 ἁγίου
3026 910 3365 982 Πνεύματος,
3397 908 3488 965 διὰ
3502 910 3675 963 ’πλεί-

2094 1021 2235 1057 στων
2265 1003 2406 1056 ὅσων
2454 1002 2769 1073 μαρτυριῶν
2821 999 2933 1053 τῶν
2969 1000 3033 1053 ἐκ
3087 998 3197 1051 τῶν
3228 996 3389 1051 θείων
3441 995 3677 1066 Γραφῶν

2090 1096 2289 1163 δεῖξαι,
2335 1093 2511 1149 ταῦτα
2548 1093 2723 1156 οὕτως
2782 1090 2951 1161 ἔχειν.
3010 1087 3230 1143 Τούτων
3285 1087 3417 1157 παρ’
3471 1084 3674 1150 αὐτῶν,

2095 1188 2296 1261 μᾶλλον
2318 1187 2375 1241 δὲ
2403 1185 2470 1240 δι’
2495 1184 2675 1240 αὐτῶν
2704 1183 2809 1237 ὑπὸ
2831 1183 2924 1237 τοῦ
2954 1181 3115 1252 ἁγίου
3137 1178 3462 1250 Πνεύματος
3489 1180 3676 1246 ἐκφω-

2090 1279 2368 1352 νουμένων
2417 1280 2467 1332 oi
2501 1277 2603 1347 τῆς
2640 1274 2895 1338 άσεϐείας
2936 1272 3151 1344 Ἀρείου
3192 1268 3671 1339 ἀντιποιούμενοι·

2087 1365 2228 1442 ἦσαν
2252 1369 2310 1423 δὲ
2339 1368 2480 1436 ὑπὲρ
2512 1366 2773 1420 Εὐσέϐιον
2790 1366 2879 1419 τὸν
2908 1362 3276 1435 Νικομηδείας
3293 1401 3308 1426 ,
3334 1360 3427 1414 καὶ
3446 1359 3677 1428 Θέογνιν

2087 1463 2181 1516 τὸν
2211 1460 2312 1531 τῆς
2354 1459 2595 1523 Νικαίας
2626 1498 2643 1524 ,
2684 1457 2779 1522 οὓς
2808 1456 3124 1528 ἔμπροσθεν
3158 1455 3261 1526 ἤδη
3282 1451 3635 1524 ἐδηλώσαμεν
3655 1465 3671 1480 ⁸

2091 1551 2409 1607 ἀπέϐλεπον
2445 1550 2503 1604 δέ
2542 1549 2748 1622 ὁμοίως
2781 1551 2861 1613 είς
2896 1550 3023 1613 τοὺς
3086 1546 3396 1617 μισθωτοὺς
3455 1544 3679 1615 Ἀρείου

2088 1643 2419 1713 φιλοσόφους
2453 1644 2604 1706 τινάς
2634 1641 2847 1711 λογίους
2869 1640 3173 1712 ὑπεράγαν,
3208 1637 3302 1703 οὓς
3335 1637 3678 1708 συνηγόρους

2087 1736 2190 1806 τῆς
2232 1736 2438 1800 οἰκείας
2488 1734 2791 1807 μοχθηρίας
2844 1732 3265 1804 μισθωσάμενος
3302 1731 3543 1801 Ἄρειος,
3573 1729 3676 1783 σὺν

406 1822 528 1877 mia:
553 1825 813 1894 magistro
842 1826 1085 1880 damnati
1111 1836 1241 1881 sunt
1286 1843 1302 1880 :
1340 1827 1560 1898 impleta
1598 1829 1652 1883 in
1688 1829 1803 1899 ipso
1846 1839 1902 1886 et
1934 1828 1982 1885 in

2089 1827 2274 1889 αὐτοῖς
2306 1820 2443 1894 ἧκεν
2477 1829 2556 1889 si;
2590 1827 2692 1897 τὴν
2722 1825 2883 1893 ἁγίαν
2911 1823 3131 1893 ἐκείνην
3162 1822 3257 1876 καὶ
3288 1819 3676 1892 οίκουμινικήν

406 1915 540 1982 ipsis
568 1930 720 1970 sacra
750 1914 1055 1985 Scriptura,
1083 1930 1201 1986 qua:
1223 1916 1392 1972 dicit:
1441 1918 1793 1976 «Maledictus
1826 1922 1988 1977 homo

404 2005 495 2073 qui
532 2007 755 2061 conlidit
785 2007 837 2062 in
887 2007 1128 2074 homine,
1162 2016 1219 2061 et
1256 2023 1286 2062 a
1325 2008 1555 2064 Domino
1613 2013 1845 2067 recessit
1894 2028 1990 2069 cor

403 2099 520 2163 ejus
543 2096 647 2153 ⁸⁸.»
679 2096 929 2153 Recessit
953 2098 1100 2152 enim
1130 2111 1259 2153 vere
1288 2113 1318 2153 a
1351 2098 1586 2156 Domino
1614 2100 1987 2171 blasphetnum

402 2200 498 2238 cor
528 2184 641 2239 Arii
685 2201 808 2240 cum
849 2186 958 2241 Deo
980 2189 1293 2258 pugnantis,
1322 2198 1375 2244 et
1407 2203 1597 2244 eorum
1620 2192 1709 2260 qui
1743 2191 1861 2260 ejus
1887 2193 1989 2247 im-

402 2277 586 2344 pietati
669 2279 1103 2345 communicant,
1174 2280 1490 2335 audentium
1561 2282 1742 2337 dicere
1790 2281 1987 2338 Filium

402 2364 497 2419 Dei
524 2377 827 2420 creaturam
858 2375 1019 2436 atque
1049 2365 1336 2434 facturam,
1386 2383 1508 2422 cum
1544 2369 1613 2423 sit
1639 2371 1879 2425 omnium
1905 2372 1988 2427 vi-

401 2456 637 2513 sibilium
666 2467 721 2513 et
764 2458 1110 2513 invisibilium
1146 2470 1455 2515 ereatarum
1488 2470 1802 2517 naturarum
1832 2441 1984 2519 crea-

394 2556 489 2601 tor
514 2558 566 2602 et
593 2548 838 2604 effector.

2090 1920 2331 1974 σύνοδον.
2368 1918 2633 1988 Παρῆσαν
2663 1917 2774 1988 γὰρ
2803 1915 3049 1969 πλεῖστοι
3087 1915 3204 1968 ὅσοι
3245 1912 3550 1982 φιλόσοφοι,
3590 1912 3676 1974 εἰς

2086 2010 2178 2075 οὓς
2199 2008 2605 2083 ὴλπικότες,ὼς
2628 2007 2831 2080 ἀρτίως
2858 2008 3184 2079 εἰρήκαμεν,
3218 2006 3269 2058 oi.
3286 2006 3385 2073 τῆς
3412 2000 3674 2073 ἀληθείας

2089 2103 2365 2173 πολέμιοι,
2408 2100 2639 2165 είκότως
2686 2099 2952 2154 ἐὰλωνται
2982 2098 3079 2150 καὶ
3111 2095 3251 2167 μετά
3279 2093 3377 2148 τοῦ
3404 2093 3506 2163 τῆς
3534 2091 3673 2161 βλα-

2089 2195 2334 2267 σφημίας
2377 2193 2561 2247 αὐτῶν
2594 2191 2940 2246 διδασκάλου.
2994 2186 3390 2259 Πληρουμένης
3411 2185 3496 2237 ἐπ’
3520 2181 3675 2252 αὐτῷ

2095 2285 2191 2339 καὶ
2229 2284 2411 2339 αὐτῶν
2455 2283 2703 2357 [αὐτοῖς]
2743 2284 2845 2355 τῆς
2891 2284 3042 2355 ἱερᾶς
3087 2278 3314 2352 Γραφῆς
3365 2275 3669 2348 λεγούσης·

2098 2394 2118 2427 ι
2161 2376 2599 2449 Ἐπικατάρατος
2623 2378 2732 2441 πᾶς
2760 2376 3071 2447 ἄνθρωπος,
3113 2373 3171 2436 ὃς
3208 2372 3323 2442 ἔχει
3350 2369 3451 2440 τὴν
3476 2366 3673 2421 ἐλπίδα

2091 2467 2256 2522 αὑτοῦ
2280 2469 2367 2522 ἐπ’
2402 2469 2713 2541 ἄνθρωπον,
2745 2468 2842 2523 καὶ
2871 2465 3213 2537 ἀπδΚυρίου
3234 2461 3446 2533 ἀπέστη
3468 2462 3503 2531 ἡ
3532 2475 3674 2528 καρ-

2088 2561 2176 2615 δία
2212 2562 2402 2619 αύτοῧ.
2442 2565 2721 2634 »Ἀπέστη
2760 2562 2869 2635 γάρ
2902 2561 3070 2625 όντως
3112 2559 3221 2613 ἀπὸ
3251 2554 3345 2609 τοῦ
3399 2551 3607 2625 Κυρίου
3634 2550 3675 2623 ἡ

402 2634 728 2710 βλάσφημος
769 2639 964 2710 καρδία
1009 2639 1103 2693 τοῦ
1140 2640 1410 2711 θεομάχου
1462 2640 1672 2712 Ἀρείου
1703 2684 1718 2710 ,
1751 2643 1849 2696 καὶ
1878 2645 1984 2700 τῶν
2023 2653 2298 2709 κοινωνῶν
2362 2653 2466 2725 τῆς
2526 2653 2785 2717 ἀσεϐείας
2823 2634 3024 2714 αὐτοῦ,
3073 2647 3280 2718 κτίσμα
3312 2646 3406 2700 καὶ
3460 2642 3675 2713 ποίημα

399 2728 785 2800 τολμησάντων
812 2731 990 2800 λέγειν
1027 2732 1119 2785 τὸν
1147 2731 1276 2785 Υἱδν
1306 2733 1399 2787 τού
1428 2733 1589 2801 Θεοῦ,
1628 2735 1721 2791 τὸν
1788 2739 2009 2796 πάντων
2047 2746 2273 2819 κτίστην
2309 2749 2405 2803 καὶ
2448 2748 2802 2822 δημιουργὸν,
2845 2730 3095 2820 ἀοράτων
3141 2742 3238 2800 καὶ
3306 2738 3521 2813 ὁρατῶν
3550 2754 3673 2793 κτιο

402 2822 546 2876 στῶν
582 2822 821 2892 φύσεων.

1024 2915 1179 2972 CAP.
1214 2916 1355 2974 XIII.

400 3029 678 3096 Quomodo
712 3049 742 3085 a
773 3030 1239 3100 philosophisiArii
1268 3018 1499 3099 plurima
1522 3046 1709 3091 contra
1740 3050 1981 3093 sanctam

2687 2927 2941 2983 ΚΕΦΔΛ.
2977 2925 3076 2979 Il".

2093 3047 2286 3123 Ὄςτου
2301 3044 2420 3100 ἀπὸ
2439 3045 2558 3123 τῶν
2568 3044 2922 3123 φιβοσόφων
2936 3033 3487 3123 ρείουικαζάζῆς

473 3100 623 3153 illam
655 3099 1060 3168 apostolicorum
1099 3099 1194 3154 Dei
1235 3105 1565 3158 sacerdotum
1584 3109 1842 3177 synodum
1858 3126 1982 3180 pro-

2137 3099 2394 3181 Ῠέκείιλὴς
2441 3099 2587 3167 τῶνδ’
2616 3099 3041 3167 ἀθτοιγὲολικὸἶῇ⁸
3102 3099 3211 3181 τοῦ
3266 3099 3666 3172 Θεοῦίερέων

470 3187 580 3240 lata
622 3188 843 3255 fuerint.

477 3300 629 3356 Unus
657 3316 724 3354 ex
759 3301 1110 3355 mercenariis
1162 3301 1267 3358 illis
1309 3302 1424 3357 Arii
1487 3304 1848 3375 philosophis,
1894 3309 1986 3379 qui

403 3407 514 3461 pra:
551 3391 763 3445 caeteris
799 3389 1051 3444 erunibus
1084 3390 1430 3445 admirationi
1467 3391 1588 3457 luit,
1623 3395 1854 3463 plurima
1888 3412 1988 3467 pro

401 3483 535 3538 Ario
564 3492 756 3536 contra
788 3490 1005 3536 nostros
1030 3482 1315 3553 episcopos
1345 3484 1527 3554 plures
1558 3485 1677 3542 dies
1706 3489 1981 3545 disseruit:

401 3574 483 3629 sic
506 3582 564 3628 nt
587 3574 827 3644 quotidie
861 3584 1082 3644 propter
1144 3574 1530 3644 disputationis
1550 3576 1859 3634 conﬂictum
1899 3580 1982 3635 in.

401 3677 534 3736 gens
559 3672 704 3718 esset
734 3678 1031 3718 concursus
1058 3664 1346 3719 multorum
1381 3665 1445 3718 ad
1490 3668 1816 3722 audiendum
1858 3685 1985 3740 pro-

395 3756 737 3831 perantium.
790 3755 1152 3826 Philosophus
1189 3756 1405 3811 interim
1457 3759 1627 3814 multa
1674 3757 1984 3817 effundebat

401 3848 457 3901 in
495 3862 559 3900 ea
588 3861 709 3917 quae
743 3862 774 3901 a
810 3844 996 3900 sancta
1031 3847 1240 3917 synodo
1273 3847 1619 3912 dicebantur,
1668 3859 1835 3918 atque
1884 3853 1983 3906 ob-

395 3938 629 4009 jiciehat
683 3937 879 4008 impias
902 3937 1017 3991 Arii
1046 3938 1413 4007 blasphemias
1443 3939 1508 3993 de
1551 3937 1693 3995 Filio
1733 3938 1852 4008 Dei,
1892 3942 1982 3997 in-

400 4030 597 4098 quiens
636 4038 849 4098 tempus
880 4027 1100 4097 aliquod
1155 4027 1325 4086 fuisse
1351 4045 1474 4085 cum
1504 4029 1593 4085 ille
1638 4045 1744 4087 non
1797 4043 1977 4090 esset:

403 4131 459 4175 et
507 4120 651 4191 quod
709 4130 924 4175 creatus
962 4118 1246 4191 factusque
1290 4131 1435 4177 esset
1470 4137 1537 4176 ex
1591 4122 1656 4179 iis
1700 4138 1821 4194 qme
1873 4142 1978 4182 non

398 4222 526 4268 sunt
560 4228 573 4265 :
607 4213 859 4282 quodque
889 4211 1116 4267 alterius
1160 4222 1305 4267 esset
1350 4222 1554 4268 naturae
1585 4224 1638 4269 et
1663 4216 1979 4273 substantia:

396 4319 560 4375 quam
590 4303 771 4358 Pater.
838 4300 1016 4373 Atque
1052 4303 1168 4357 haec
1194 4304 1420 4359 scelesta
1442 4303 1557 4358 Arii
1582 4305 1832 4374 dogmata
1863 4324 1980 4363 ma-

396 4412 499 4469 gna
529 4396 694 4449 animi
727 4397 1071 4451 contentione
1100 4402 1153 4448 et
1182 4394 1449 4449 orationis
1498 4394 1722 4452 flumine
1771 4414 1973 4470 propu-

2160 3178 2452 3249 συνόδου,
2475 3184 2734 3239 πλεῖστα
2772 3182 2891 3235 ὅσα
2926 3178 3383 3247 ἀποφθέγγεται.

2159 3292 2255 3363 Εἷς
2286 3298 2340 3352 δέ
2356 3315 2443 3363 τις
2471 3297 2581 3352 τῶν
2620 3293 2911 3368 μισθωτῶν
2963 3293 3174 3366 ’Δρείου
3211 3290 3524 3363 φιλόσοφος,
3547 3291 3673 3345 λίαν

2087 3391 2238 3461 παρά
2266 3389 2476 3454 πάντας
2507 3390 2633 3452 τοὺς
2670 3388 2864 3451 ἄλλους
2891 3386 3332 3457 θαυμαζόμενος,
3373 3386 3544 3439 πολλά
3574 3384 3674 3438 καὶ

2088 3482 2383 3555 πάμπολλα
2434 3481 2575 3553 ὑπὲρ
2609 3479 2819 3551 Ἀρείου
2854 3479 2992 3550 πρὸς
3022 3479 3149 3541 τοὺς
3178 3477 3511 3541 ἐπισκόπους
3540 3478 3672 3540 τοὺς

2086 3573 2391 3647 ἡμετέρους
2405 3572 2694 3627 διετείνετο
2715 3571 2809 3624 ἐπὶ
2836 3571 3099 3633 πλείστας
3120 3570 3252 3633 ὅσας
3275 3569 3506 3641 ἡμέρας,
3525 3566 3673 3622 ὥστε

2054 3666 2331 3736 ,γίνεσθαι
2348 3665 2434 3737 ἐφ’
2461 3665 2700 3738 ἑκάστης
2715 3666 2779 3718 ἐκ
2797 3664 2896 3734 τῆς
2932 3661 3021 3715 διὰ
3047 3662 3157 3715 τῶν
3185 3661 3357 3728 λόγων
3388 3659 3670 3731 συμϐολῆς

2086 3758 2332 3831 μεγάλην
2367 3758 2635 3830 ἀκρόασιν
2682 3754 2777 3808 τοῦ
2817 3753 3059 3824 πλήθους
3088 3752 3197 3805 τῶν
3232 3750 3666 3823 συνερχομένων.

2096 3848 2550 3919 Ἐπισυγχέοντος
2586 3844 2740 3900 τοῦδε
2764 3844 3058 3915 φιλοσόφου
3089 3842 3231 3896 κατά
3258 3843 3368 3896 τῶν
3396 3842 3547 3914 παρά
3570 3844 3672 3915 τῆς

2082 3941 2244 4010 ἀγίας
2264 3940 2484 3994 συνόδου
2503 3939 2833 4012 λεγομένων,
2851 3937 2950 4001 τάς
2968 3937 3184 4000 ἀσεϐεῖς
3199 3935 3412 4008 ’Δρείου
3429 3935 3672 4007 βλασφηο

2082 4032 2214 4104 μίας
2258 4032 2724 4105 προϐαλλομένου,
2748 4029 3000 4099 λέγοντος
3025 4046 3089 4083 πε
3100 4028 3152 4099 pi
3174 4026 3266 4081 τοῦ
3299 4026 3435 4082 Θεοῦ
3461 4028 3540 4094 τὸ,
3558 4024 3668 4082 Ἦν

2080 4139 2212 4178 ποτε
2241 4125 2331 4179 ὅτε
2368 4125 2468 4178 οὐκ
2504 4119 2573 4197 ἦν
2595 4140 2608 4155 ·
2647 4125 2743 4177 καὶ
2771 4123 2851 4176 ὅτι
2874 4121 3083 4191 κτίσμα
3102 4121 3195 4175 καὶ
3228 4119 3439 4191 ποίημα
3469 4118 3529 4184 ἐξ
3560 4120 3662 4173 οὐκ

2077 4214 2247 4269 ὄντων
2270 4255 2286 4282 ,
2318 4216 2410 4269 καὶ
2449 4214 2507 4279 ἐξ
2552 4214 2745 4287 ἐτέρας
2782 4213 2971 4277 οὐσίας
3014 4212 3110 4266 καλ⁵
3140 4210 3495 4275 ὑποστάσεως
3522 4211 3661 4265 ἐστι.

2078 4308 2190 4362 Καὶ
2238 4307 2380 4380 ὑπὲρ
2434 4305 2639 4359 τούτων
2688 4304 2797 4357 τῶν
2851 4302 3065 4376 μιαρῶν
3114 4302 3405 4374 δογμάτων
3449 4303 3662 4374 ’Δρείου

2079 4397 2248 4464 πολὺς
2275 4395 2344 4471 ἦν
2386 4396 2536 4468 αὐτῷ
2564 4399 2591 4450 ὁ
2625 4394 2796 4466 ἀγὼν,
2835 4396 2927 4450 καὶ
2956 4394 3012 4448 αἱ
3039 4395 3149 4448 τῶν
3208 4393 3383 4463 λόγων
3414 4395 3657 4466 νιφάδες.

396 4459 617 4558 guabat.
664 4487 797 4541 Cum
819 4488 921 4541 hac
952 4484 1040 4539 ille
1062 4484 1211 4538 rabie
1233 4493 1424 4539 contra
1466 4483 1563 4538 Dei
1593 4459 1789 4544 Filium
1825 4459 1974 4548 fure-

2084 4490 2392 4554 Λυττῶντος
2415 4488 2580 4543 αὐτοῦ
2608 4487 2750 4542 κατά
2777 4487 2872 4542 τοῦ
2896 4485 3031 4540 Υίοῦ
3052 4486 3145 4540 τοῦ
3175 4484 3334 4553 Θεοῦ,
3365 4487 3458 4541 καὶ⁵
3481 4504 3660 4540 κατα-

402 4592 504 4648 ret,
530 4591 910 4637 etsauctorum
937 4576 1159 4631 Patrum
1184 4590 1438 4631 coronam
1458 4566 1816 4637 insectaretur
1832 4583 1978 4638 acri-

398 4680 501 4737 ter,
544 4670 797 4738 loquente
857 4668 909 4720 in
937 4666 1054 4735 ipso
1090 4674 1146 4719 et
1175 4680 1272 4733 per
1302 4666 1475 4736 ipsum
1508 4667 1759 4725 humana:
1785 4671 1979 4728 salutis

398 4765 554 4817 hoste
615 4766 896 4814 :eeontra
953 4755 1202 4812 veritatis
1260 4770 1688 4830 propugnatores
1738 4762 1979 4834 episcopi

395 4851 569 4910 nostri
613 4853 849 4904 rationes
873 4846 1259 4904 convenientes
1314 4859 1372 4904 et
1409 4851 1667 4908 decentes
1704 4868 1802 4923 pro
1842 4871 1978 4927 apo-

398 4942 608 4999 stolicis
639 4939 908 5011 dogmatis
924 4940 1042 4994 sine
1070 4940 1299 4996 tumultu
1324 4949 1379 4996 et
1404 4944 1634 5013 strepitu
1649 4945 1974 5015 philosopho

394 5040 785 5105 opposuerunt,
822 5045 1073 5099 magnum
1099 5029 1247 5086 illum
1278 5032 1592 5103 prophetam
1627 5034 1786 5107 juxta
1809 5047 1863 5093 et
1887 5054 1974 5095 re-

395 5141 514 5197 gem
547 5123 799 5177 Davidem
832 5122 1050 5188 imitati,
1096 5123 1402 5180 dicentem:
1436 5123 1695 5187 «Paratus
1727 5143 1870 5196 sum,
1918 5139 1973 5186 et

394 5232 502 5273 non
534 5231 653 5272 sum
704 5214 948 5270 turbatus
1003 5214 1070 5269 ³⁷.
1114 5234 1135 5269 ι
1194 5214 1398 5273 Omnes
1446 5217 1591 5272 enim
1633 5230 1883 5277 versutas
1917 5233 1973 5276 et

394 5307 700 5376 implicatas
741 5296 1087 5377 philosophia:
1120 5303 1380 5373 rationes,
1415 5324 1512 5364 ceu
1543 5320 1753 5383 stupas,
1803 5312 1973 5368 divini

394 5397 780 5454 verbiﬂamma
818 5398 1135 5469 absumpsit.
1314 5396 1514 5455 Verum
1558 5401 1648 5457 ille
1706 5402 1974 5457 diabolica

396 5491 683 5546 verborum
709 5501 824 5545 arte
849 5490 1041 5555 fretus,
1069 5490 1418 5560 prcedieatam
1444 5494 1510 5547 ab
1535 5493 1803 5565 episcopis
1828 5494 1974 5549 veri-

395 5588 560 5635 tatem
587 5597 783 5638 vexare
816 5599 918 5637 non
979 5584 1162 5650 desiit,
1216 5584 1396 5650 facile,
1430 5593 1489 5639 ut
1536 5586 1786 5656 putabat,
1843 5599 1968 5641 eum

2075 4582 2362 4655 τρέχοντος
2386 4578 2481 4633 τοῦ
2505 4580 2613 4633 τῶν
2643 4578 2816 4649 άγίων
2852 4580 3043 4651 ἱερέων
3077 4578 3300 4634 ἐκείνων
3331 4577 3519 4650 χοροῦ,
3551 4579 3653 4632 λα-

2078 4673 2295 4738 λοῦντος
2322 4675 2378 4726 ἐν
2406 4670 2574 4742 αὐτῷ,
2610 4671 2706 4725 καὶ
2738 4671 2805 4725 δι’
2855 4670 3021 4726 αὑτοῦ
3052 4669 3144 4723 τοῦ
3172 4671 3273 4742 τῆς
3305 4670 3415 4724 τῶν
3448 4670 3659 4741 ἀνθρώ-

2082 4781 2201 4817 πων
2236 4762 2508 4834 σωτηρίας
2536 4760 2730 4835 ἐχθροῦ
2754 4780 2769 4794 ·
2810 4762 2858 4816 οἱ
2889 4762 2947 4816 δέ
2983 4761 3083 4832 τῆς
3117 4760 3379 4831 ἀληθείας
3405 4762 3663 4834 ὑπέρμα-

2079 4870 2184 4926 χοι,
2220 4855 2269 4907 oi
2324 4854 2583 4926 ἡμέτεροι
2628 4852 2945 4917 ἐπίσκοποι,
3006 4854 3109 4916 τὰς
3168 4852 3533 4924 ὀφειλομένας
3562 4856 3659 4909 καὶ

2082 4944 2402 5015 πρεπούσας
2449 4944 2591 5014 ὑπὲρ
2619 4943 2729 4998 τῶν
2775 4942 3148 4997 ἀποστολικῶν
3190 4943 3477 5015 δογμάτων
3510 4945 3661 4998 ἀντι-

2080 5034 2258 5100 θέσεις
2303 5037 2592 5108 ἀταράχως
2650 5033 2726 5105 τῷ
2778 5033 3055 5105 φιλοσόφῳ
3119 5036 3461 5106 προσέφερον
3489 5050 3505 5067 ο
3564 5034 3659 5089 τὸν

2081 5127 2256 5198 μέγαν
2302 5130 2591 5199 προφήτην
2619 5125 2756 5197 ὁμοῦ
2786 5126 2881 5179 καὶ
2915 5125 3141 5197 βασιλέα
3179 5125 3342 5179 Δαυῖδ
3376 5126 3654 5197 μιμούμε-

2075 5236 2178 5285 νοι,
2211 5219 2465 5289 λέγοντα·
2502 5236 2521 5270 ι
2576 5217 2967 5289 Ἥτοιμάσθην,
3010 5218 3105 5272 καὶ
3129 5218 3231 5271 οὐκ
3263 5217 3596 5289 ἐταράχθην.
3632 5235 3650 5268 ι

2074 5310 2263 5374 Πάσας
2301 5310 2413 5383 γάρ
2466 5311 2563 5374 τὰς
2591 5308 2687 5363 τοῦ
2715 5309 3008 5379 φιλοσόφου
3048 5308 3422 5371 πολυπλόκους
3448 5307 3657 5379 προτά-

2070 5419 2203 5468 σεις,
2233 5400 2308 5465 ὡς
2337 5402 2494 5473 πυρὶ,
2521 5400 2600 5471 τῷ
2623 5399 2751 5470 θείῳ
2780 5398 2943 5470 λόγῳ,
2975 5399 3274 5453 στυππείου
3303 5399 3482 5470 δίκην,
3520 5415 3657 5451 κατ-

2068 5494 2381 5565 ανήλισκον.
2431 5491 2593 5545 Ἀλλά
2651 5491 2749 5546 καὶ
2796 5483 2953 5553 οὗτος
2999 5490 3030 5542 ὁ
3086 5491 3381 5569 φιλόσοφος
3426 5493 3494 5561 τῇ
3541 5489 3650 5542 τῶν

2069 5585 2242 5654 λόγων
2271 5583 2553 5654 διαϐολικῇ
2583 5583 2838 5655 εύτεχνίᾳ
2876 5579 3118 5653 θαῤῥῶν,
3148 5583 3250 5654 τὴν
3279 5581 3370 5640 διὰ
3389 5581 3498 5637 τῶν
3527 5581 3649 5635 ἐπι-

458 5734 510 5768 ”
537 5733 673 5792 Cum
706 5736 812 5791 sive
835 5745 1049 5809 przeter.
1130 5738 1177 5771 “
1202 5736 1405 5795 Jerem.
1435 5752 1568 5806 xvn,
1602 5737 1657 5797 ι.
1735 5737 1778 5772 ³⁷
1808 5737 1961 5795 Psal.
1987 5752 2176 5805 cum,
2202 5739 2293 5794 σο.
