4070 6398
385 334 519 400 1253

1262 327 1633 390 HISTORIA
1665 325 2004 389 CONCILII
2044 324 2360 388 ΝΙΟᾸΞΝΙ.
2398 350 2468 362 -
2500 325 2652 387 LIB.
2691 326 2775 387 II.

3516 328 3657 394 1254

384 444 606 499 σκόπων
656 439 920 511 ἀλήθειαν
994 439 1406 510 κηρυττομένην
1469 435 1833 504 ἀντιτοξεύειν
1883 438 1963 489 ὲν-

2075 435 2269 508 quovis
2301 435 2460 491 obvio
2487 449 2683 491 manus
2716 448 3037 504 conserens,
3072 436 3376 495 diSsolvere
3442 439 3656 495 niteba-

384 535 588 590 ίστατοο
620 532 680 588 εὖ
722 532 865 602 μάλα
898 532 1071 603 ῥᾷστα
1105 533 1239 584 πᾶσι
1269 533 1383 593 τοῖς
1403 531 1761 600 ἐπαγομένοις
1789 526 1959 598 αὐτῷ,

381 627 456 690 ὠς
504 624 660 695 ᾤετο,
712 622 1175 695 προσφερόμενος,
1224 621 1465 675 ἐπιλύειν
1504 638 1562 673 τε
1597 620 1857 686 ἐϐιάζετο
1891 620 1961 675 τὰ

382 716 677 787 κινούμενα
712 714 868 785 δίκην
897 714 1154 784 ἐγχέλυος
1175 729 1190 743 ·
1219 715 1277 768 ὲν
1305 709 1386 777 οἷς
1422 714 1532 783 γὰρ
1580 713 1757 766 ἐδόκει
1784 712 1964 784 ἑαυτῷ

383 806 778 873 συνίστασθαι,
857 805 1230 858 διολισθαίνων
1298 804 1407 858 τῶν
1487 804 1965 875 ἐπικρατεστέρων

382 897 531 967 αὐτῷ
584 894 1047 967 προσφερομένων
1077 894 1392 964 νοημάτων.
1445 894 1609 947 Ἀλλὰ
1653 895 1745 948 καὶ
1790 893 1965 957 οὕτως

380 987 758 1061 κορυϐαντιῶν
800 986 1141 1051 ἀλαζονι-κῶς
1180 988 1324 1042 κατὰ
1384 988 1483 1057 τῆς
1532 988 1964 1060 εἰρηνικωτάτης

383 1081 603 1137 συνόδου
644 1080 891 1151 ἐφέρετο,
924 1078 1163 1140 ἐλπίζων
1194 1080 1351 1150 νικᾷν
1377 1078 1471 1132 τοῦ
1512 1080 1570 1132 ὲν
1595 1079 1779 1142 αὐτοῖς
1811 1079 1965 1132 ἀκτί-

383 1187 509 1225 στου
534 1170 857 1241 Πνεύματος
902 1166 1139 1239 Χριστοῦ
1166 1169 1265 1239 τὴν
1321 1169 1749 1240 ἁκαταμὰχητον
1802 1168 1966 1222 δύνα-

382 1280 496 1334 μιν,
528 1263 593 1316 ἐκ
638 1261 747 1314 τῶν
778 1261 997 1314 οἰκείων
1033 1260 1296 1333 ῥημάτων
1339 1261 1697 1331 ἁλισκόμενος
1727 1278 1964 1331 συγκατ-

381 1354 647 1408 ἑπιπτενο
688 1352 775 1406 ἵνα
817 1351 962 1423 δείξῃ
991 1354 1019 1404 6
1048 1351 1180 1417 Θεὸς
1227 1353 1256 1405 6
1296 1352 1665 1425 δρασσόμενος
1694 1354 1822 1418 τοὺς
1873 1370 1963 1406 σου

379 1446 514 1515 φοὺς
564 1447 625 1497 ἐν
680 1447 745 1516 τῇ
798 1444 1105 1516 πανουργίᾳ
1135 1445 1353 1504 αὐτῶν,
1398 1446 1481 1499 ὅτι
1534 1447 1634 1499 οὐκ
1675 1448 1733 1499 ὲν
1761 1447 1962 1517 λόγῳή

381 1536 631 1608 βασιλεία
659 1535 848 1599 αὐτοῦ,
876 1535 992 1589 ἀλλ’
1023 1538 1080 1589 ὲν
1108 1537 1336 1608 δυνάμει
1373 1536 1709 1602 συνίσταται,
1736 1538 1803 1591 δι’
1844 1539 1964 1604 ὲνὸς

378 1627 488 1682 τῶν
547 1629 730 1680 ἐκεῖσε
781 1626 986 1682 δούλων
1040 1627 1204 1682 αὐτοῦ
1250 1628 1343 1682 τὸν
1372 1631 1428 1682 ὲν
1459 1629 1536 1701 τῷ
1564 1630 1839 1702 φιλοσόφῳ
1862 1630 1963 1686 λα-

378 1718 575 1772 λοῦντα
624 1718 860 1789 πονηρὸν
903 1718 1136 1789 δαίμονα
1192 1720 1433 1793 ἰσχυρῶς
1467 1722 1853 1795 κατεσίγησεν,
1901 1726 1962 1779 οὑ

382 1808 564 1878 μόνον,
605 1808 742 1862 ἀλλά
779 1809 876 1863 καὶ
921 1809 1200 1874 ἐξέϐαλεν.
1244 1789 1412 1883 likth
1462 1813 1572 1885 γάρ
1627 1789 1812 1878 τις-ὲκ
1852 1816 1963 1871 τῶν
1996 1789 2038 1844 Β

378 1903 662 1971 παρόντων
692 1903 757 1973 τῇ
794 1902 1005 1972 συνόδῳ
1036 1904 1207 1972 ἁγίων
1238 1905 1607 1984 όμολογητῶν,
1630 1907 1835 1974 ἁπλοῦς
1864 1909 1962 1982 τὴν

378 1989 562 2060 φύσιν,
595 1992 753 2062 εἰπερ
772 2010 857 2058 τις
884 1993 1045 2057 ἀλλος
1075 1994 1182 2048 τῶν
1230 1995 1423 2065 ἁγίων,
1460 1999 1557 2052 καὶ
1582 1999 1753 2070 μηδὲν
1774 2002 1967 2073 ἕτερον

377 2079 532 2144 εἰδὼς
552 2081 603 2135 εί
637 2083 712 2152 μὴ
746 2082 957 2152 Ἰησοῦν
987 2085 1243 2157 Χριστὸν,
1279 2088 1374 2141 καὶ
1394 2089 1584 2143 τοῦτον
1610 2092 1963 2165 ἐσταυρωμὲ.

377 2188 486 2227 νων
517 2175 703 2243 σαρκὶ,
724 2176 865 2229 κατὰ
881 2176 981 2242 τὰς
998 2178 1241 2249 Γραφάς,
1273 2180 1450 2235 συνὼν
1478 2186 1592 2247 τοῖς
1616 2184 1960 2251 ἐπισκόποις,

378 2262 473 2316 καὶ
498 2263 527 2316 6
534 2263 643 2334 ρῶν
666 2265 757 2318 τὸν
769 2267 1059 2336 φιλόσοφον
1072 2272 1414 2343 κατεπαιρόμ
1424 2289 1544 2327 ενον
1555 2272 1664 2327 τῶν
1680 2276 1965 2347 ἡμετέρων

379 2353 551 2424 ἁγίων
577 2356 916 2424 ἐπισκόπων,
959 2359 1055 2413 καὶ
1085 2363 1150 2432 τῇ
1186 2362 1438 2434 μοχθηρᾷ
1469 2360 1639 2418 αὐτοῦ
1659 2366 1979 2438 συζητήσει’

377 2446 962 2519 καταλαζονευόμενον,
1003 2452 1147 2505 αἰτεῖ
1181 2454 1337 2525 παρὰ
1358 2455 1466 2507 τῶν
1500 2455 1827 2512 ἐπισκόπων
1854 2457 1965 2513 τῶν

377 2537 473 2592 τοῦ
490 2539 623 2593 Θεοῦ
664 2541 856 2613 ίερέων
880 2544 1066 2615 χώραν
1097 2545 1251 2617 αὐτῷ
1285 2548 1601 2619 ωνομιλὶας
1622 2549 1753 2621 παρ’
1782 2551 1963 2606 αὐτῶν

379 2630 517 2699 πρὸς
538 2629 627 2684 τὸν
648 2631 938 2702 φιλόσοφον
970 2633 1215 2706 δοθῆναι.
1245 2637 1379 2691 Τότε
1410 2640 1461 2691 οἰ
1485 2639 1608 2693 καθ’
1631 2642 1781 2713 ἡμᾶς
1817 2643 1963 2712 ἁγιοι

380 2720 671 2778 ἐπίσκοποι
711 2723 1047 2795 θεωροῦντες
1085 2727 1182 2781 τοῦ
1233 2731 1431 2802 ἀνδρὸς
1479 2732 1577 2803 τὴν
1638 2734 1960 2805 ἁπλότητα,

381 2811 474 2865 καὶ
503 2810 567 2865 τδ
595 2812 822 2883 ἄπειρον
849 2815 1013 2869 αὐτὸν
1043 2812 1184 2871 εἶναι
1216 2821 1588 2890 γραμμάτων,
1624 2821 1850 2877 ἔπειθον
1883 2824 1959 2896 μὴ

379 2902 566 2957 δοῦναι
602 2904 800 2961 ἑαυτὸν
829 2907 909 2971 εἰς
963 2907 1026 2961 τὸ
1057 2910 1244 2979 μέσον,
1284 2912 1497 2985 μήποτε
1537 2913 1692 2984 παρὰ
1720 2918 1836 2979 τοῖς
1869 2932 1966 2986 μο-

378 2993 627 3065 χθηροῖς,
655 2996 751 3049 καὶ
788 2997 891 3067 τῆς
926 2998 1191 3069 ἀληθείας
1220 3002 1459 3073 ἐχθροῖς,
1496 3004 1666 3073 γέλως
1712 3006 1959 3078 γένηται.

393 3083 453 3136 '0
477 3083 535 3136 δὲ
571 3085 648 3154 μὴ
690 3087 1062 3158 ἀνασχόμενος
1096 3091 1350 3161 πρόσεισι
1379 3092 1458 3163 τῷ
1499 3095 1815 3168 φιλοσόφῳ,
1865 3098 2030 3181 καίρ

378 3189 513 3245 φησι
556 3174 693 3246 πρὸς
722 3177 886 3230 αὐτόν
906 3193 921 3207 ⁸
981 3180 1068 3233 Ἐν
1106 3181 1334 3252 ὀνόματι
1386 3184 1565 3254 Ἰησοῦ
1594 3187 1834 3257 Χριστοῦ
1863 3188 1958 3243 τοῦ

375 3264 466 3318 ἀεὶ
488 3266 586 3320 σὺν
615 3264 693 3337 τῷ
724 3268 902 3339 Πατρὶ
927 3268 1081 3333 δντος
1111 3270 1246 3324 Θεοῦ
1272 3271 1472 3339 Λόγου,
1500 3273 1736 3328 ἄκουσον
1767 3278 1837 3331 τὰ
1860 3278 1963 3349 τῆς

375 3356 636 3426 ἀληθείας
682 3358 965 3429 δόγματα,
1008 3353 1054 3413 ὧ
1085 3361 1369 3431 φιλόσοφε.
1418 3362 1476 3417 ’0
1506 3364 1568 3418 δὲ
1599 3367 1737 3436 πρὸς
1765 3368 1956 3422 αὐτόν·

388 3445 516 3500 Ἐἀν
535 3446 731 3511 εἴποις.
753 3449 864 3502 Καὶ
880 3451 909 3502 6
931 3448 1086 3518 ἆγιος
1110 3450 1245 3522 πρὸς
1262 3451 1445 3505 αὐτόν·
1472 3447 1569 3516 Εἷς
1594 3455 1745 3508 ἐστιν
1761 3458 1788 3509 6
1807 3455 1959 3523 Θεὸς,

378 3539 562 3609 φησὶν,
610 3540 640 3592 6
682 3539 775 3593 τὸν
808 3540 1060 3612 οὐρανὸν,
1094 3543 1189 3596 καὶ
1225 3542 1324 3615 τὴν
1355 3544 1484 3614 γῆν,
1521 3546 1615 3598 καὶ
1643 3544 1742 3617 τὴν
1769 3546 1960 3601 θάλασο

378 3648 500 3698 σαν,
542 3632 638 3686 καὶ
683 3635 753 3687 τὰ
784 3634 841 3687 ὲν
871 3634 1061 3698 αὐτοῖς
1093 3635 1274 3690 πάντα
1314 3636 1729 3710 δημιουργήσας
1752 3679 1770 3705 ,
1813 3643 1841 3694 6
1868 3642 1962 3696 καὶ

375 3723 467 3777 τδν
498 3723 787 3795 ἄνθρωπον
817 3728 882 3779 ὲκ
919 3728 1024 3796 γῆς
1050 3726 1380 3793 διαπλάσας,
1413 3729 1761 3803 ὑπεστήσατό
1796 3749 1856 3785 τε
1892 3733 1962 3787 τὰ

377 3815 558 3870 πάντα
586 3815 664 3887 τῷ
693 3817 853 3886 Λόγῳ
873 3817 1062 3884 αὑτοῦ,
1097 3819 1193 3873 καὶ
1217 3817 1296 3889 τῷ
1323 3820 1467 3890 ἁγίῳ
1492 3821 1795 3894 [Ινεύματι.
1821 3822 1961 3877 Τοῦο

377 3920 471 3958 τον
492 3904 585 3959 τὸν
608 3907 803 3976 Λόγον,
837 3901 882 3962 ὧ
915 3908 1198 3978 φιλόσοφε,
1238 3909 1374 3964 Θεοῦ
1398 3909 1529 3965 Υἰὸν
1562 3913 1727 3983 ἡμεῖς
1759 3913 1962 3979 εἰδότες

384 3997 794 4068 προσκυνοῦμεν
814 4039 829 4066 ,
864 3996 1216 4065 πιστεύοντες
1244 4000 1334 4056 διὰ
1365 4003 1465 4074 τὴν
1491 4005 1776 4075 ἡμετέραν
1821 4005 1959 4060 ἀπο-

380 4085 650 4158 λύτρωσιν
681 4093 747 4145 ὲκ
774 4091 1055 4163 Παρθένου
1088 4093 1252 4149 αὐτὸν
1289 4096 1698 4168 σεσαρκῶσθαι,
1734 4098 1831 4152 καὶ
1868 4115 1961 4152 τε-

376 4180 568 4252 τέχθαι
606 4184 701 4236 καὶ
726 4183 1235 4257 ὲνηνθρωπηκέναι,
1270 4187 1367 4241 καὶ
1391 4187 1478 4241 διὰ
1511 4187 1606 4241 τοῦ
1631 4191 1730 4260 τῆς
1758 4191 1960 4262 σαρκὸς

376 4270 544 4327 αὑτοῦ
589 4273 799 4338 πάθους
838 4275 936 4328 τοῦ
978 4279 1036 4331 ὲν
1069 4276 1146 4349 τῷ
1201 4277 1424 4350 σταυρῷ
1458 4278 1677 4334 καὶτοῦ
1727 4281 1959 4337 θανάτου

377 4363 815 4435 ἠλευθερωκέναι
843 4365 1009 4420 αὐτὸν
1037 4369 1187 4438 ἡμᾶς
1222 4370 1287 4422 ὲκ
1319 4371 1417 4441 τῆς
1450 4372 1668 4426 αἰωνίου
1692 4372 1960 4444 κατακρί-

2070 541 2161 584 ιιιι·
2187 529 2430 597 objectas
2463 528 2813 598 quaestiones,
2846 544 2915 584 ex
2957 531 3293 599 argumentis
3326 531 3492 586 etiam
3541 532 3657 587 for-

2070 620 2320 684 tioribus,
2363 621 2561 690 quibus
2592 621 2890 692 constringi
2918 621 3021 676 sibi
3068 622 3167 692 ipsi
3225 623 3530 689 videbatur,
3570 625 3655 678 in-

2070 722 2188 769 star
2222 713 2474 781 anguillas
2496 693 2737 768 elabens.
2799 711 2955 767 Licet
2992 714 3058 768 ad
3098 714 3242 769 hunc
3287 715 3376 769 ille
3435 716 3653 771 modum

2066 803 2276 868 furens,
2312 803 2481 859 multo
2512 805 2652 859 fastu
2702 805 2760 859 in
2818 805 3166 874 tranquillam
3203 808 3473 876 synodum
3530 805 3672 863 sese.

2068 894 2293 952 inferret
2325 896 2664 964 insolentius,
2695 896 3017 952 existimans
3063 912 3120 952 se
3146 899 3363 953 vincere
3385 915 3545 969 posse
3579 900 3658 954 in-

2065 988 2264 1043 victam
2294 987 2517 1042 inereati
2564 988 2800 1058 Spiritus
2836 987 3038 1043 Christi
3067 989 3158 1059 qui
3200 990 3251 1043 in
3280 990 3349 1044 iis
3374 1001 3515 1053 erat,
3561 1006 3659 1063 po-

2068 1078 2326 1142 tentiam,
2355 1091 2422 1131 ex
2458 1080 2573 1133 suis
2605 1078 2777 1148 ipsius
2807 1078 2988 1134 verbis
3036 1082 3318 1135 convictus
3374 1082 3659 1138 succubuit

2070 1168 2321 1222 tandem:
2353 1175 2412 1222 ut
2441 1171 2754 1225 ostenderet
2786 1169 2947 1237 Deus,
2981 1171 3073 1242 qui
3098 1172 3515 1242 comprehendit
3563 1189 3656 1229 sa-

2068 1258 2281 1329 pientes
2308 1259 2361 1313 in
2387 1259 2582 1314 astutia
2618 1275 2807 1317 eorum
2845 1261 2910 1328 ³⁸,
2958 1262 3101 1333 quod
3127 1278 3232 1318 non
3283 1264 3336 1317 in
3373 1279 3651 1330 sermone,

2067 1349 2164 1405 sed
2196 1349 2251 1404 in
2292 1350 2498 1405 virtute
2546 1367 2773 1422 regnum
2801 1352 2969 1422 ipsius
2996 1354 3162 1408 situm
3203 1353 3299 1418 sit,
3328 1370 3427 1424 per
3462 1370 3656 1424 quem-

2066 1438 2188 1493 dam
2216 1453 2281 1493 ex
2305 1439 2478 1494 servis
2512 1440 2626 1495 suis
2646 1432 2736 1510 q'ui
2771 1441 2883 1497 illic
2915 1444 3164 1513 aderant,
3215 1445 3416 1500 malum
3447 1448 3655 1500 daemo-

2065 1542 2190 1581 nem
2223 1527 2276 1581 in
2301 1528 2625 1599 philosopho
2670 1529 2978 1601 loquentem
3014 1550 3120 1589 non
3152 1535 3327 1591 solum
3366 1537 3657 1605 imperiose

2068 1626 2252 1674 tacere
2304 1620 2493 1690 jussit,
2550 1637 2739 1678 verum
2789 1624 2956 1679 etiam
3016 1627 3177 1698 ejecit
3218 1628 3365 1684 inde.
3423 1628 3653 1696 Quidam

2065 1712 2209 1765 enim
2238 1726 2304 1767 ex
2349 1715 2554 1769 sanctis
2595 1716 3009 1775 confessoribus
3055 1721 3149 1790 qui
3206 1724 3415 1792 synodo
3479 1724 3654 1778 inter-

2066 1813 2244 1867 erant,
2274 1804 2361 1857 vir
2403 1806 2631 1874 simplex
2666 1818 2860 1862 natura
2889 1819 2944 1865 et
2969 1822 3214 1881 apertus,
3255 1813 3300 1867 si
3366 1815 3489 1882 quis
3516 1814 3656 1869 alius

2066 1908 2128 1949 ex
2148 1910 2212 1950 eo
2235 1905 2399 1961 emtu,
2426 1898 2518 1967 qui
2549 1899 2684 1953 nihil
2702 1899 2851 1956 aliud
2879 1914 3107 1959 noverat
3129 1916 3328 1974 praeter
3349 1905 3648 1970 Christum,

2066 1994 2119 2040 et
2160 1984 2303 2041 hunc
2329 1986 2650 2042 crucifixum
2697 1987 2752 2043 in
2777 2004 2965 2057 carne,
2996 1995 3296 2049 secundum
3311 1995 3644 2065 Scripturas:

2066 2092 2185 2132 οιιιη
2219 2093 2324 2133 una
2353 2093 2476 2134 eum
2527 2082 2799 2152 episcopis
2828 2096 2993 2150 esset,
3040 2095 3096 2141 et
3142 2086 3354 2142 videret
3405 2089 3650 2158 philoso-

2067 2170 2228 2237 phum
2256 2169 2610 2227 insultantem
2638 2174 2744 2243 piis
2767 2177 2971 2231 nostris
2991 2177 3284 2249 episcopis,
3317 2189 3374 2235 et
3402 2174 3646 2250 disputa-

2068 2259 2234 2315 tionis
2261 2262 2511 2316 versutia
2551 2278 2674 2320 sese
2715 2264 3039 2333 iactantem,
3069 2272 3239 2337 poscit
3285 2273 3355 2326 ab
3379 2272 3651 2342 episcopis

2067 2344 2161 2403 Dei
2221 2351 2604 2407 sacerdotibus
2671 2355 2882 2409 veniam
2942 2356 3287 2428 colloquendi
3314 2369 3368 2416 et
3422 2378 3651 2433 congre-

2067 2437 2246 2493 diendi
2283 2454 2406 2493 cum
2467 2442 2813 2512 philosopho.
2892 2446 3029 2501 Tum
3097 2465 3228 2505 vero
3255 2453 3497 2523 episcopi
3551 2472 3650 2511 no-

2066 2529 2321 2585 striceutn
2376 2531 2782 2601 simplicitatem
2842 2537 2945 2592 viri
2971 2546 3027 2592 et
3076 2539 3383 2596 litterarum
3426 2546 3648 2616 imperi-

2068 2621 2196 2677 tiam
2261 2623 2528 2689 viderent,
2602 2628 2911 2683 suadebant
2968 2630 3018 2685 ei
3088 2632 3141 2685 in
3220 2636 3462 2691 medium
3539 2653 3673 2692 non-

2066 2714 2307 2784 prodire,
2357 2730 2425 2770 ne
2458 2714 2598 2772 forte
2639 2717 2707 2773 ab
2751 2719 3015 2788 improbis
3073 2731 3130 2778 et
3173 2725 3420 2781 veritatis
3470 2729 3673 2784 hostir

2066 2806 2168 2860 bus
2197 2805 2546 2863 irrideretur.
2604 2808 2699 2865 ille
2740 2826 2863 2866 cum
2918 2816 3198 2870 continere
3256 2832 3316 2872 se
3352 2833 3459 2873 non
3518 2834 3649 2888 pos-

2065 2907 2182 2962 set,
2238 2897 2620 2967 philosophum
2667 2904 3004 2971 aggreditur,
3047 2915 3103 2959 et
3147 2906 3215 2961 ad
3261 2923 3384 2963 eum
3434 2910 3644 2980 inquit:

2064 2987 2122 3043 In
2172 2989 2390 3045 nomine
2442 2989 2569 3047 Jesu
2622 2991 2825 3048 Christi
2872 2994 2967 3050 Dei
3016 2995 3178 3051 Verbi
3240 3013 3458 3069 semper
3521 3016 3645 3057 cum

2064 3078 2225 3137 Patre
2271 3084 2605 3150 exsistentis,
2664 3086 2790 3141 audi
2834 3089 3084 3145 veritatis
3135 3090 3411 3159 dogmata,
3453 3107 3488 3147 o
3516 3094 3672 3162 plti-~

2063 3170 2305 3239 Iosephe.
2344 3172 2524 3238 Certe,
2586 3174 2758 3243 inquit
2817 3175 2927 3242 ille,
2976 3177 3035 3230 si.
3075 3179 3300 3233 dixeris.
3342 3179 3478 3235 Tum
3517 3196 3646 3237 san-

2063 3273 2223 3318 ctus:
2260 3263 2424 3331 Deus,
2471 3264 2676 3334 inquit,
2709 3281 2846 3321 unus
2896 3278 3015 3335 est,
3064 3269 3157 3338 qui
3206 3280 3488 3341 postquam
3537 3288 3646 3331 ete-

2062 3354 2197 3421 lum,
2229 3365 2452 3423 terram,
2482 3357 2674 3421 maria,
2712 3367 2768 3411 et
2790 3372 3126 3430 quaecunque
3158 3363 3209 3415 in
3243 3364 3306 3417 iis
3356 3367 3644 3421 continen-

2060 3453 2170 3523 tur,
2231 3445 2573 3515 fabricasset,
2623 3457 2678 3503 et
2734 3450 3005 3505 hominem
3051 3466 3119 3506 ex
3174 3462 3319 3508 terra
3375 3456 3644 3525 tinxisset,

2061 3538 2245 3592 omnia
2285 3539 2614 3594 sustentavit
2664 3537 2847 3595 Verbo
2896 3556 3017 3607 suo,
3071 3552 3126 3598 et
3171 3544 3377 3612 Spiritu
3428 3559 3641 3604 sancto.

2062 3628 2177 3686 Hoc
2203 3631 2462 3698 Verbum,
2513 3631 2911 3702 opbilosopbe,
2966 3635 3055 3689 Dei
3107 3635 3304 3692 Filium
3355 3654 3480 3696 esse
3511 3657 3644 3713 cog-

2063 3732 2368 3789 noscentes,
2407 3724 2719 3795 adoramus,
2751 3729 3036 3782 credentes
3067 3728 3241 3795 illum,
3272 3739 3329 3784 ut
3370 3746 3466 3787 nos
3494 3735 3669 3789 redi-v

2063 3824 2255 3880 meret,
2281 3830 2349 3870 ex
2376 3814 2599 3885 Virgine
2623 3829 2847 3879 carnem
2878 3820 3256 3887 assumpsisse,
3286 3831 3472 3875 natum
3497 3838 3641 3901 esse,

2061 3918 2117 3963 et
2147 3906 2425 3962 hominem
2458 3907 2660 3961 laetum
2695 3921 2838 3971 esse,
2893 3917 2948 3962 et
2996 3922 3094 3981 per
3134 3910 3321 3966 carnis
3371 3927 3483 3967 suae
3513 3929 3643 3983 pas-

2062 4002 2270 4057 sionem
2308 4000 2360 4054 in
2390 4014 2555 4055 cruce
2580 4008 2636 4056 et
2666 4009 2921 4066 mortem,
2959 4003 3026 4056 ab
3061 4009 3267 4059 aeterna
3292 4005 3646 4064 damnatione

2062 4108 2162 4150 nos
2188 4091 2531 4157 liberavisse,
2563 4105 2769 4161 perque
2801 4094 3253 4149 resurrectionem
3279 4110 3457 4164 suam,
3484 4108 3641 4154 teter-

2060 4199 2186 4239 nam
2220 4183 2375 4239 nobis
2404 4182 2571 4236 vitam
2620 4182 2962 4239 contulisse:
3011 4200 3171 4255 quem
3223 4188 3291 4241 ad
3338 4188 3504 4245 caelos
3555 4205 3669 4250 re-,

2061 4290 2330 4346 gressum,
2370 4287 2653 4343 speramus
2689 4273 2884 4328 iterum
2940 4285 3249 4345 venturum,
3292 4286 3347 4333 et.
3399 4278 3640 4347 judicent

2064 4368 2301 4422 futurum
2338 4365 2577 4422 omnium
2624 4379 2743 4434 qua:
2790 4365 2843 4418 in
2896 4364 3005 4421 vita
3051 4368 3340 4436 gessimus.
3388 4372 3642 4428 Haecine

377 4469 515 4515 σεως
548 4453 639 4505 διά
668 4470 727 4505 τε
762 4453 865 4523 τῆς
915 4456 1270 4522 ἀναστάσεως
1306 4459 1471 4513 αὐτοῦ
1503 4457 1650 4531 ζωὴν
1696 4462 1831 4531 ἡμῖν
1857 4463 1955 4516 a6-

2065 4459 2268 4524 credis,
2307 4471 2341 4513 ο
2372 4456 2742 4528 philosophe?
2796 4455 2888 4512 ille
2936 4468 3190 4529 tanquam
3237 4460 3537 4517 disserendi
3586 4475 3642 4520 et

372 4543 466 4598 τὸν
520 4543 740 4599 αἰώνιον
787 4549 1232 4616 περιποιεῖσθαιο
1291 4549 1351 4603 ὃν
1413 4550 1510 4605 καὶ
1566 4554 1649 4615 εἰς
1694 4554 1959 4624 οὐρανοὺς

373 4634 674 4690 ἀνελθόντα
720 4633 1017 4707 ἐλπίζομεν
1066 4639 1229 4693 πάλιν
1283 4641 1626 4711 ἐλεύσεσθαι,
1663 4646 1859 4717 κριτήν
1897 4662 1958 4699 τε

373 4726 596 4781 ἔσεσθαι
625 4727 757 4796 περὶ
790 4728 1012 4782 πάντων
1059 4724 1135 4784 ὧν
1173 4731 1608 4804 διεπραξάμεθα.
1668 4736 1960 4802 Πιστεύεις

372 4818 582 4883 τούτοις
603 4861 618 4886 ,
649 4813 697 4874 ὦ
726 4820 1018 4889 φιλόσοφε;
1059 4821 1118 4874 '0
1144 4821 1201 4875 δὲ
1239 4824 1548 4893 φιλόσοφος,
1581 4826 1659 4889 ὡς
1693 4826 1762 4881 ἂν
1795 4829 1959 4899 μηδε-

373 4910 595 4966 πώποτε
625 4915 825 4983 πεῖραν
860 4913 1036 4981 λόγων
1066 4914 1149 4978 εἰς
1178 4915 1461 4969 ἀντίθεσιν
1521 4917 1808 4989 ἐσχηκὼς,
1845 4923 1953 4974 ἀπ-

373 5003 608 5076 ηνεώθη,
633 5006 731 5059 καὶ
755 5006 831 5070 ὡς
857 5004 1043 5076 κωφὸς
1075 5005 1108 5078 ἢ
1139 5004 1359 5074 ἄλαλος,
1379 5007 1553 5074 οὕτως
1569 5010 1949 5082 ἀπεσιώπησε

372 5095 530 5150 τοῦτο
567 5098 725 5168 μόνον
758 5100 956 5171 οἰκτρᾷ
997 5099 1120 5153 λίαν
1151 5102 1217 5172 τῇ
1248 5100 1401 5173 φωνῇ
1434 5103 1575 5173 πρὸς
1607 5102 1772 5156 αὑτὸν
1797 5105 1954 5177 εἰρη-

374 5186 507 5253 κὼς,
539 5189 622 5242 ὅτι
649 5192 836 5260 Κὰμοὶ
860 5190 1037 5245 ταῦτα
1056 5190 1233 5256 οὕτως
1261 5191 1407 5263 ἔχειν
1435 5193 1604 5257 δοκεῖ,
1630 5195 1799 5266 μηδὲν
1830 5197 1951 5249 ἓτε-

376 5293 469 5346 ρον
491 5274 652 5343 εἷναι,
690 5281 724 5351 ἢ
758 5283 941 5336 πάντα
977 5282 1168 5346 καθὼς
1195 5282 1556 5355 προείρηκας.
1597 5285 1655 5338 '0
1683 5285 1742 5338 δὲ
1770 5287 1954 5358 γέρων

375 5369 514 5440 πρὸς
543 5371 704 5425 αὐτὸν
732 5372 838 5443 ἔφη
864 5388 879 5404 ·
901 5374 967 5427 Εἰ
1011 5374 1186 5429 ταῦτα
1232 5373 1411 5440 οὕτως
1448 5376 1597 5447 ἔχειν
1630 5377 1910 5443 πιστεύεις
1934 5421 1949 5446 ,

373 5450 421 5511 ὦ
466 5457 725 5529 φιλόσοφε
748 5501 764 5526 ,
817 5462 1060 5527 ἀναστὰς
1088 5463 1376 5518 ἀκολούθει
1415 5482 1545 5537 μοι,
1579 5467 1678 5521 καὶ
1718 5468 1813 5521 ἐπὶ
1853 5469 1954 5539 τὴν

375 5552 674 5625 ἐκκλησίαν
707 5555 1125 5628 σπουδάσωμεν,
1153 5553 1270 5632 ὲνῇ
1303 5558 1451 5634 λήψῃ
1480 5560 1541 5614 τὸ
1566 5563 1793 5632 σημεῖον
1818 5560 1961 5616 ταύ-

447 5708 494 5743 ⁸⁸
519 5708 625 5766 Job
655 5725 708 5779 ν,
742 5710 848 5778 ίὸς
881 5709 904 5765 ι
931 5709 1057 5767 Cor.
1084 5726 1170 5780 ill,
1204 5709 1285 5770 i9.

2062 4544 2468 4606 contradicendi
2496 4546 2786 4615 imperitus
2819 4546 3121 4618 obstupuit,
3167 4560 3223 4604 et
3268 4550 3417 4606 velut
3444 4555 3640 4609 surdus

2044 4651 2154 4699 aut
2182 4651 2365 4697 mutus
2392 4639 2660 4696 obticuit:
2694 4639 2797 4694 hee
2828 4640 3002 4694 solum
3033 4656 3164 4696 voce
3190 4643 3256 4697 ad
3283 4646 3639 4701 eommisera-

2064 4736 2268 4791 tionem
2309 4731 2503 4787 inﬂexa
2531 4731 2715 4786 dicere
2750 4731 2964 4800 potuit:
3002 4731 3131 4787 Mihi
3172 4736 3284 4790 haec
3318 4735 3389 4790 ita
3435 4752 3494 4792 se
3541 4738 3640 4792 ba-

2058 4830 2191 4884 bere
2237 4826 2508 4892 videntur,
2563 4839 2664 4879 nec
2722 4823 2869 4879 aliud
2928 4824 3223 4895 quidquam
3282 4827 3466 4882 verius
3517 4844 3640 4885 esse

2060 4921 2248 4985 credo,
2298 4933 2460 4988 quam
2510 4917 2655 4987 quod
2713 4925 2767 4970 tu
2795 4916 2999 4971 dixisti.
3056 4916 3192 4971 Tum
3222 4932 3384 4973 senex
3429 4921 3546 4974 ait:
3579 4921 3640 4976 Si

2061 5014 2178 5070 haec
2199 5014 2273 5069 ita
2297 5026 2357 5068 se
2386 5011 2586 5067 habere
2611 5010 2813 5074 credis,
2833 5008 3172 5079 philosophe,
3198 5023 3381 5079 surge,
3405 5024 3639 5078 sequere

2059 5119 2169 5170 me,
2220 5104 2288 5158 ad
2332 5102 2618 5158 ecclesiam
2672 5112 3046 5171 properemus,
3102 5098 3154 5152 in
3186 5113 3289 5167 qua
3328 5099 3485 5164 hujus
3514 5099 3636 5154 ﬁdei

2060 5193 2294 5265 sigillum
2327 5193 2583 5264 accipias.
2625 5190 2988 5259 Philosophus
3020 5195 3199 5242 autem
3247 5200 3369 5239 cum
3401 5197 3636 5241 mentem

2059 5300 2210 5341 suam
2244 5284 2311 5339 ad
2336 5298 2520 5339 veram
2547 5284 2600 5338 in
2630 5283 2797 5338 Deum
2826 5282 3082 5350 pietatem
3111 5278 3368 5341 ﬂexisset,
3399 5281 3633 5331 surrexit

2058 5387 2113 5433 et
2145 5387 2367 5432 secutus
2395 5384 2479 5432 est
2507 5388 2711 5431 senem.
2755 5373 3068 5428 Conversus
3114 5383 3247 5423 vero
3295 5368 3361 5421 ad
3401 5368 3623 5438 discipu-

2060 5468 2143 5525 los
2175 5481 2326 5533 suos,
2357 5476 2412 5522 et
2444 5467 2513 5522 ad
2552 5481 2646 5522 eos
2674 5466 2765 5535 qui
2803 5460 3052 5519 audiendi
3107 5459 3281 5531 gratia
3336 5458 3463 5514 il-luc
3500 5471 3633 5512 con-

2059 5560 2371 5617 ﬂuxerant:
2422 5558 2643 5629 Audite,
2678 5558 2876 5631 inquit,
2921 5570 2954 5611 o
2981 5551 3128 5611 viri:
3168 5550 3407 5624 quandiu
3455 5552 3636 5608 verbis
