4070 6384
366 353 493 423 125Ἱ

1250 368 1614 431 HISTORIA
1649 372 1985 433 CONCILII
2027 373 2329 434 ΝΙΟίΕΝΙ.
2370 399 2440 408 -
2481 374 2625 434 LIB.
2669 375 2751 435 II.

3488 379 3624 445 1258

361 471 390 522 6
419 471 551 537 θεός
609 471 723 524 ἐστι
769 473 858 526 καὶ
916 474 1045 544 πρὸς
1103 476 1162 529 ὃν
1213 476 1275 529 τὸ
1321 479 1672 550 Ποιήσωμεν
1713 482 1903 554 εἰρηκε

2042 483 2228 539 eadem
2291 486 2525 539 essentia
2577 486 2878 542 divinitatis
2927 488 3207 558 utriusque
3256 502 3520 559 personze,
3576 498 3629 543 rt

364 561 493 630 μιᾶς
551 560 719 630 οΰσης
771 564 869 633 τῆς
924 564 1031 617 τῶν
1078 567 1409 635 ἀμφοτέρων
1462 569 1770 641 προσώπων
1821 571 1943 625 θεό-

362 666 560 719 τητος,
618 650 711 703 τοῦ
766 668 828 705 τε
877 652 1164 723 εἰπόντος,
1224 675 1242 708 ι
1284 657 1605 731 Ποιήσωμεν
1654 660 1941 732 ἄνθρωπον

362 739 480 791 κατ’
545 740 729 793 εἰκόνα
790 744 1068 816 ἡμετέραν
1124 747 1220 800 καὶ
1273 751 1397 803 καθ’
1452 750 1731 822 ὁμοίωσιν,
1780 773 1796 805 ι
1853 756 1946 807 καὶ

358 831 453 884 τοῦ
502 834 830 904 ποιήσαντος
885 837 974 890 τὸν
1024 838 1331 910 ἄνθρωπον.
1383 843 1457 896 Τὸ
1520 844 1623 915 γάρ
1672 845 1943 911 Ποιήσω-

358 939 490 991 μεν,
519 925 579 977 τὸ
608 925 925 995 πανάγαθον
967 930 1062 983 καὶ
1101 931 1527 1002 ἀπαράλλακτον
1562 937 1662 1007 τῆς
1699 936 1795 990 τοῦ
1830 938 1944 990 Πα-

359 1016 486 1087 τρὸς
520 1019 611 1072 καὶ
643 1020 774 1073 Υἱοῦ
805 1021 1059 1094 θεότητος
1091 1027 1425 1099 παρίστησιν
1456 1029 1489 1100 ἡ
1515 1031 1692 1101 φωνή.
1733 1032 1798 1084 Ἡ
1834 1031 1944 1102 γὰρ

357 1107 451 1160 τοῦ
484 1108 618 1163 Θεοῦ
660 1111 826 1165 εἰκὼν
868 1115 1013 1187 ἁπλῆ
1054 1117 1147 1170 καὶ
1180 1117 1480 1184 ἀσύνθετός
1512 1122 1650 1186 ὲστι,
1677 1120 1788 1193 πῦρ
1809 1118 1944 1175 οὖσα

356 1198 423 1267 τῇ
465 1197 648 1267 φύσει.

478 1310 811 1382 Ἀπόκρισις
838 1317 1161 1386 σύμφωνος
1186 1318 1309 1374 τῶν
1331 1322 1516 1390 ἁγίων
1534 1323 1830 1391 Πατέρων.

425 1424 545 1486 Φῶς
575 1424 873 1495 ἀπρόσιτον
912 1429 1003 1481 καὶ
1057 1429 1323 1495 ἄστεκτός
1370 1434 1489 1485 ἐστι
1523 1432 1723 1501 φύσις,
1758 1436 1791 1502 ή
1842 1434 1943 1503 τῆς

354 1513 518 1582 ἁγίας
570 1516 798 1585 Τριάδος
851 1517 1030 1573 οὐσία.
1086 1519 1232 1593 Αὕτη
1277 1523 1426 1575 ἐστὶν
1473 1526 1506 1592 ἠ
1556 1523 1762 1577 διάνοια
1809 1524 1939 1590 τοῦ,

359 1603 730 1675 Ποιήσωμεν.

930 1725 1182 1780 ΚΕΦΑΛ.
1220 1727 1332 1794 ιφ.

453 1830 821 1901 Ἄντίρῤησις
854 1835 960 1889 τοῦ
988 1837 1335 1907 φιλοσόφου
1372 1839 1521 1907 ὑπὲρ
1565 1840 1815 1909 Ἀρεῖου.

425 1942 596 1999 Πάλιν
621 1945 733 2017 ἐρῶ
762 1945 822 2000 τὸ
849 1947 941 2001 τὸν
967 1948 1101 2003 Θεὸν
1124 1950 1331 2006 ἁπλοῦν
1358 1948 1522 2018 εἶναι,
1554 1955 1649 2007 καὶ
1679 1955 1933 2026 ἀσχημά-

349 2048 557 2098 τιστον,
611 2035 705 2088 κα)⁵
752 2036 1071 2094 ἀσύνθετον.
1119 2042 1243 2105 Πῶς
1276 2037 1371 2097 οὖν
1400 2043 1509 2116 ἄρα
1551 2045 1796 2116 νοητέον,
1845 2046 1928 2112 τὸ,

356 2143 376 2175 ι
413 2126 548 2178 Κατ’
579 2126 765 2181 εἰκόνα
810 2129 1102 2203 ἡμετέραν,
1139 2133 1232 2186 καὶ
1262 2133 1386 2188 καθ’
1423 2135 1682 2205 ὁμοίωσιν
1731 2153 1747 2203 ;
1778 2154 1797 2189 ι
1838 2139 1932 2192 καὶ

348 2214 410 2268 τὸ
442 2216 517 2287 μὴ
559 2218 934 2290 προϋπάρχειν
973 2221 1064 2275 τὸν
1098 2224 1320 2277 εἰπόντα
1349 2225 1445 2277 τοῦ
1489 2225 1624 2296 πρὸς
1657 2228 1716 2279 ὃν
1752 2227 1927 2296 ἔλεγε,

351 2322 373 2356 ι
412 2305 738 2378 Ποιήσωμεν
780 2305 1070 2382 ἄνθρωπον
1096 2331 1109 2343 ·
1147 2332 1164 2364 ι
1207 2314 1301 2366 καὶ
1328 2313 1397 2367 τὰ
1429 2311 1559 2383 ἑξῆς
1589 2330 1604 2379 ;
1631 2315 1772 2369 Φατὲ
1797 2318 1931 2388 ἡμῖν

349 2396 495 2466 σαφῆ
527 2396 624 2467 τὴν
652 2399 778 2469 περὶ
812 2401 1017 2454 τούτων
1048 2402 1346 2469 ἀπόδειξιν,
1378 2405 1426 2456 εἰ
1457 2403 1712 2460 δύνασθε.

338 2594 404 2647 Οἱ
428 2592 582 2662 ἅγιοι
601 2594 926 2652 ἐπίσκοποι
949 2597 1047 2653 διὰ
1092 2599 1290 2655 Ὀσίου
1321 2601 1658 2657 ἐπισκόπου
1692 2604 1895 2660 «diem

415 2663 798 2734 Kovpb‘odé’nc
820 2707 835 2732 ,
864 2667 1303 2737 ἐρμηνεύοντος
1339 2673 1526 2726 αὐτὸν
1567 2672 1796 2741 ἐτέρου,
1847 2663 1931 2727 si;

416 2747 581 2786 JZW'

412 2838 479 2894 Et
512 2846 887 2918 προϋπῆρχεν,
921 2847 994 2910 ὡς
1035 2848 1099 2901 σὺ
1139 2844 1278 2920 φὴς,
1312 2849 1406 2903 τοῦ
1449 2851 1582 2904 Υἱοῦ
1623 2852 1651 2906 6
1691 2853 1919 2925 Πατὴρ,

348 2935 442 2990 καὶ
506 2937 973 3008 μεταγενέστερος
1019 2940 1049 2992 6
1111 2938 1239 3004 Υἱὸς
1297 2939 1437 3011 μετὰ
1494 2941 1719 3013 χρόνους
1773 2945 1925 3008 τινὰς

346 3024 590 3088 κτισθεὶς
686 3025 790 3079 ὑπὸ
861 3027 957 3081 τοῦ
1023 3028 1190 3096 Θεοῦ,
1249 3029 1343 3082 καὶ
1420 3033 1501 3092 εἰς
1563 3030 1688 3085 Υἱδν
1758 3032 1921 3086 αὐτοῦ

346 3112 486 3183 μετὰ
535 3113 719 3167 ταῦτα
756 3114 849 3167 ὑπ’
881 3115 1048 3169 αὐτοῦ
1098 3113 1193 3169 τοῦ
1229 3119 1443 3189 Πατρὸς
1490 3119 1877 3191 ἀναγορευθεὶς
1904 3163 1925 3191 ,_

338 3200 487 3255 καθά
559 3217 696 3267 φατε
751 3201 965 3265 ἀσεϐῶς
1017 3202 1497 3275 βλασφημοῦντες,
1557 3208 1639 3270 εἰς
1701 3209 1919 3279 ποίησιν

341 3293 449 3346 τῶν
505 3292 741 3345 κτιστῶν
785 3291 1000 3362 φύσεων
1042 3294 1434 3366 προκεκτίσθαι
1491 3296 1655 3351 αὐτὸν
1687 3298 1779 3352 ὑπ’
1815 3302 1915 3353 αύ-

340 3380 470 3435 τοῦ·
537 3376 689 3435 εἶπεν
739 3382 841 3450 ἂν,
896 3383 1037 3438 κατὰ
1095 3384 1198 3456 τὴν
1257 3386 1533 3458 ὑμετέραν
1580 3388 1856 3455 ἀσέϐειαν,
1891 3390 1919 3442 6

341 3473 595 3537 ἄκτιστος
643 3473 775 3537 Θεὸς
813 3475 951 3545 πρὸς
993 3475 1087 3529 τὸν
1149 3477 1366 3530 κτιστὸν
1406 3477 1532 3531 Υἱὸν
1573 3479 1696 3531 καθ’
1727 3480 1872 3550 ὑμᾶς
1900 3499 1913 3513 ο

342 3561 577 3636 Ποῖησόν
609 3583 698 3636 μοι
730 3564 1011 3637 ἄνθρωπον
1042 3567 1162 3619 κατ’
1202 3568 1388 3621 εἰκόνα
1420 3569 1562 3641 ἐμὴν
1591 3571 1684 3624 καὶ
1718 3572 1916 3641 ὁμοίω-

340 3673 445 3711 σιν.
493 3656 633 3709 Ἀλλ’
677 3657 909 3728 ἐπείπερ
939 3658 1025 3710 o'tsl.
1070 3658 1259 3731 Πατὴρ
1295 3662 1323 3713 6
1364 3660 1528 3728 Θεὸς,
1563 3662 1637 3725 ὡς
1672 3680 1916 3734 προαπε-

335 3746 613 3819 δείξαμεν,
647 3748 738 3801 καὶ¹
766 3748 854 3804 ἀεὶ
884 3749 1224 3820 συνυπάρχει
1267 3748 1344 3821 τῷ
1381 3753 1559 3824 Πατρῖ
1585 3755 1613 3807 6
1654 3754 1783 3818 Υἱὸς
1808 3796 1822 3819 ,
1849 3757 1910 3810 ού
1974 3774 1985 3785 ο

335 3841 798 3910 μεταγενέστερος
843 3840 1059 3912 χρόνοις
1088 3881 1102 3906 ,
1133 3841 1235 3894 ούκ
1268 3842 1514 3897 ἐλάσσων
1542 3845 1769 3917 δυνάμει
1802 3888 1815 3912 ,
1850 3849 1912 3902 ού

333 3932 710 4002 περιγραπτδς
756 3933 941 4003 τόπῳ,
988 3933 1105 3987 ἀλλ’
1150 3934 1239 3989 ἀεὶ
1272 3936 1365 3989 καὶ
1410 3936 1677 4002 ὡσαύτως
1725 3941 1911 4006 ἁῖδίως

333 4023 696 4093 σννυπάρχων
726 4022 802 4093 τῷ
832 4024 1030 4094 Πατρὶ,
1069 4026 1440 4095 γεγενημένος
1487 4025 1546 4093 ἐξ
1582 4029 1747 4082 αὐτοῦ
1779 4032 1913 4085 ἀπε-

329 4116 588 4183 ρινοήτως
604 4114 698 4166 καὶ
720 4114 1133 4184 ἀνεκφράστως,
1161 4133 1225 4169 κα
1237 4115 1306 4169 Θὲι
1322 4118 1758 4190 προειρήκαμεν,
1777 4121 1910 4186 Θεὸς

328 4203 580 4275 ἀληθινὸς
633 4202 708 4259 ὢν
750 4206 857 4271 ἀεὶ,
892 4207 955 4257 ἐκ
1005 4205 1097 4259 τοῦ
1144 4207 1232 4259 ἀεὶ
1279 4207 1432 4272 ὄντος
1465 4209 1908 4279 ἀληθινοῦλθεοῦ

324 4296 421 4349 καὶ
480 4296 730 4368 Πατρὸς,
778 4298 1112 4369 συνάναρχος
1146 4297 1225 4369 τῷ
1268 4300 1462 4371 Πατρὶ,
1518 4301 1791 4367 συναῖδιος
1824 4304 1903 4376 τῷ

328 4389 526 4459 Πατρὶ,
581 4387 993 4459 συμϐασιλεύων
1049 4389 1137 4442 ἀεὶ
1203 4388 1280 4461 τῷ
1345 4392 1556 4464 Πατρὶ,
1623 4394 1908 4464 όμοούσιος

323 4481 402 4552 τῷ
458 4483 674 4556 Πατρὶ,
739 4481 1058 4554 ἰσοδύναμος
1111 4482 1188 4553 τῷ
1253 4485 1464 4555 Πατρὶ,

322 4573 419 4642 γὺς
461 4571 539 4643 τῷ
580 4573 775 4644 Πατρί.
838 4573 901 4626 Ei
936 4574 1044 4644 γὰρ
1098 4573 1184 4626 διὰ
1232 4576 1325 4629 τοῦ
1370 4577 1503 4630 Υῐοῦ
1571 4582 1904 4652 γεγενῆσθαι

319 4663 470 4733 λέγει
536 4664 729 4738 ὴθεξα
804 4664 913 4717 τῶν
974 4664 1322 4733 Ιεῖύαγγελεων
1378 4668 1585 4740 φωνὴρ
1647 4674 1743 4726 καὶ
1818 4675 1900 4728 ὅτι

325 4774 347 4809 ι
408 4757 578 4829 χωρὶς
644 4756 811 4810 αὐτοῦ
860 4757 1086 4825 γέγονεν
1140 4757 1259 4810 οὐδὲ
1288 4756 1394 4812 ἒνὸ
1421 4760 1665 4828 γέγονεν,
1707 4783 1725 4814 ι
1782 4766 1898 4819 ἀλλ’

318 4849 468 4919 ὅμως
490 4850 550 4902 οὐ
578 4850 699 4921 δίχα
730 4850 823 4902 τοῦ
855 4850 1067 4920 Πατρός
1089 4850 1543 4922 ἐδημιούργησεν.
1573 4856 1713 4907 Ἀλλ’
1743 4858 1898 4909 ἐπεί-

321 4957 426 5011 περ
454 4939 551 5010 μία
581 4941 769 5012 θεότης
793 4981 806 5004 ,
841 4942 932 4994 καὶ
963 4940 1126 5013 βουλὴ
1156 4946 1253 5011 μία
1278 4942 1370 4994 τοῦ
1404 4944 1635 5014 Πατρδς,
1668 4947 1760 4998 καὶ
1790 4948 1880 4999 τοῦ

318 5030 472 5098 Υῑοῦ,
495 5033 585 5085 καὶ
612 5033 706 5086 τοῦ
721 5034 877 5102 ἁγίου
913 5035 1051 5087 ΙΙνεύ
1060 5052 1249 5104 ματος,
1277 5036 1593 5105 ἀχωρίστως
1631 5040 1715 5091 ἀεὶ
1745 5041 1895 5104 ὄντος

314 5122 410 5177 τοῦ
457 5125 668 5194 Πατρὸς
704 5127 838 5196 προς
881 5126 972 5179 τὸν
1020 5125 1144 5178 Υἱὸν
1167 5167 1180 5187 ,
1211 5127 1305 5180 καὶ
1340 5126 1431 5178 τοῦ
1472 5128 1597 5179 Υἰοῦ
1632 5130 1769 5199 πρὸς
1798 5132 1886 5182 τὶν

315 5215 567 5286 Πατέρσιο
603 5217 821 5286 νοητὲον
863 5214 976 5283 οὖν,
1011 5211 1055 5269 ὦ
1098 5216 1374 5286 φιλόσοφε,
1419 5218 1499 5271 ὅτι
1534 5219 1589 5271 ἒν
1623 5223 1760 5273 κατὰ
1795 5222 1890 5293 τὴν

312 5307 411 5376 τῆς
445 5306 697 5377 θεότητος
730 5309 918 5362 οὖσὶαν
962 5314 988 5362 6
1036 5309 1221 5379 Πατὴρ
1255 5310 1347 5361 καὶ
1379 5312 1407 5362 6
1441 5311 1565 5374 Υἱὸς
1596 5313 1737 5365 καοά
1800 5316 1891 5367 καὶ

313 5397 371 5448 ὲν
403 5397 755 5464 Εύαγγελὶοις
809 5402 835 5451 6
882 5401 1041 5462 αὐτὸς
1086 5400 1210 5461 Υἱὸς
1264 5399 1401 5469 βοᾷ·
1457 5421 1473 5451 ι
1532 5402 1671 5470 Ἐγὼ
1720 5409 1810 5458 καὶ
1866 5409 1893 5461 6

316 5486 504 5558 Πατὴρ
550 5489 607 5542 ’ἐν
653 5491 840 5560 ἐσμεν.
898 5511 914 5541 ι
972 5492 1111 5561 Πρὸς
1154 5492 1214 5545 ὃν
1260 5492 1449 5561 ἔλεγε·
1511 5513 1527 5545 ι
1566 5495 1887 5568 Ποιήσωμεν

312 5578 597 5649 ΞνΘρωπον
624 5581 743 5631 κατ’
768 5582 949 5633 εἰκόνα
981 5583 1255 5654 ἡμετέραν
1278 5586 1368 5636 καὶ
1396 5587 1514 5637 καθ’
1545 5589 1819 5657 ὁμοίωσιν.
1861 5612 1878 5641 ›

375 5730 429 5765 ⁵⁸
456 5733 615 5788 Joan.
645 5752 682 5799 ι,
736 5735 789 5788 5.
872 5736 913 5766 ⁸⁸
945 5737 1102 5790 Joan.
1142 5754 1192 5797 κ,
1226 5738 1314 5793 50.
1394 5740 1436 5771 ⁴²
1466 5740 1598 5797 Gott.
1632 5761 1666 5810 ι,
1697 5745 1780 5799 ‘26.

666 5830 934 5892 PATROL.
975 5836 1088 5892 Gtt.
1126 5833 1402 5896 LXXXV.

2046 570 2161 639 ejus
2186 587 2303 643 quae
2337 571 2473 627 dixit
2502 592 2514 626 :
2564 593 2581 626 ι
2612 573 2897 630 Faciamus
2936 576 3207 632 hominem
3243 577 3310 632 ad
3337 578 3625 654 imaginem

2050 673 2107 719 et
2142 663 2546 721 similitudinem
2580 676 2845 736 nostram,
2882 686 2901 719 ι
2955 678 3007 723 et
3037 668 3156 739 ejus
3197 684 3317 741 quae
3348 669 3623 727 hominem

2050 760 2195 816 iet-it.
2234 761 2324 817 Illa
2352 764 2494 818 enim
2530 779 2654 825 vos,
2690 763 2993 833 Faciamus,
3044 776 3283 823 sanctam
3315 781 3536 836 prorsus
3570 776 3627 821 et

2049 866 2387 922 nequaquam
2440 856 2725 911 diversam
2782 856 2958 912 Patris
3006 866 3060 911 et
3108 857 3227 912 Filii
3282 857 3621 913 divinitatem

2046 945 2319 1011 exprimit.
2371 944 2551 1014 Imago
2584 948 2727 1002 enim
2778 947 2868 1002 Dei
2915 947 3143 1018 simplex
3180 958 3291 1015 est,
3344 959 3397 1004 ct
3445 949 3623 1005 omnis

2046 1038 2451 1107 compositionis
2488 1056 2700 1109 expers,
2734 1056 2853 1094 cum
2891 1043 2962 1096 sit
2991 1040 3131 1110 ignis
3162 1047 3379 1095 natura.

2222 1315 2446 1373 Consors
2512 1320 2777 1386 responsio
2831 1332 3134 1376 sanctorum
3192 1319 3441 1377 Patrum.

2116 1426 2320 1481 Lumen
2354 1431 2724 1485 lnarccssiltlle
2758 1441 2861 1497 est,
2893 1443 2950 1488 et
2977 1445 3171 1488 natura
3198 1434 3617 1505 incomprehen-

2044 1520 2219 1573 sibilis
2246 1528 2553 1576 estsanctae
2584 1522 2867 1578 Trinitatis
2911 1526 3170 1580 essentia.
3214 1523 3315 1581 Hic
3362 1536 3445 1584 est
3491 1542 3621 1584 sen-

2044 1624 2138 1663 sus
2167 1612 2336 1674 vet-hi,
2373 1607 2678 1667 Faciamus.

2656 1726 2809 1782 CAP.
2851 1727 2992 1783 XVI.

2316 1838 2686 1896 Contradictio
2723 1841 3025 1912 philosophi
3054 1858 3151 1909 pro
3184 1843 3334 1901 Aria.

2104 1949 2303 2003 lterum
2339 1950 2513 2004 dicam
2563 1949 2729 2004 Deum
2764 1951 3065 2022 simplicem
3099 1965 3242 2019 esse,
3281 1953 3401 2010 sine
3446 1953 3613 2026 ﬁgura

2032 2048 2088 2094 et
2113 2040 2522 2109 compositione.
2556 2039 2836 2108 Quomodo
2871 2042 3036 2113 igitur
3083 2043 3489 2116 intelligendum
3526 2056 3614 2099 est

2034 2129 2161 2185 illud
2192 2145 2206 2183 :
2263 2146 2283 2181 ι
2313 2130 2392 2184 Ad
2424 2130 2713 2200 imaginem
2743 2140 2796 2188 et
2829 2131 3239 2190 similitudinem
3274 2120 3560 2190 nostram?
3589 2155 3609 2189 ι

2032 2231 2088 2278 et
2127 2236 2232 2291 quo
2263 2231 2418 2292 pacto
2457 2223 2551 2292 qui
2579 2223 2736 2283 dixit.
2797 2222 3130 2280 r‘Faciamus
3158 2227 3456 2293 hominem,
3488 2246 3506 2281 ι
3558 2240 3611 2282 ct

2033 2329 2153 2384 quae
2180 2324 2498 2383 sequuntur,
2546 2329 2650 2370 non
2688 2315 2953 2372 subsistat
2984 2326 3109 2373 ante
3139 2318 3291 2373 illum
3324 2320 3409 2374 cui
3461 2320 3609 2374 dice-

2033 2402 2168 2458 bat?
2207 2402 2496 2457 Enuntiate
2544 2404 2699 2459 nobis
2748 2405 3085 2476 perspicuam
3141 2407 3209 2463 de
3253 2408 3339 2463 his
3385 2412 3610 2464 demon-

2033 2495 2375 2564 strationem,
2413 2495 2456 2550 si
2480 2496 2730 2565 potestis.
2852 2487 2873 2503 ’

2031 2603 2217 2678 Sancti
2249 2605 2475 2678 episcopi
2497 2622 2591 2673 per
2624 2605 3154 2678 Osiumﬂepiswpum
3193 2592 3429 2666 civitaiis
3477 2609 3609 2666 Cor-

2160 2675 2337 2744 duba',
2382 2676 2762 2747 interpretante
2788 2675 2937 2732 illum
2961 2675 3151 2747 altera,
3187 2681 3479 2737 dixerunt:

2100 2870 2181 2935 Si,
2241 2880 2301 2927 ut
2349 2880 2404 2926 tu
2461 2873 2615 2936 dicis,
2672 2873 2834 2929 Pater
2885 2883 3011 2930 ante
3059 2875 3256 2931 Filium
3289 2879 3518 2948 exstitit,
3547 2892 3605 2936 et

2028 2965 2296 3030 posterior
2324 2962 2365 3017 F
2371 2963 2496 3018 ilius
2524 2973 2645 3033 post
2689 2965 2870 3037 aliqua
2926 2977 3167 3038 tempora
3221 2979 3437 3026 creatus
3464 2981 3547 3028 est
3574 2992 3602 3027 ιι

2029 3053 2135 3108 Deo
2172 3064 2224 3109 et
2254 3063 2436 3125 postea
2489 3055 2661 3112 Filius
2712 3059 2782 3113 ab
2830 3058 3017 3113 eodem
3065 3056 3225 3116 Patre
3277 3062 3599 3127 declaratus,

1945 3172 1991 3231 ο
2026 3154 2083 3198 ιιι
2138 3146 2301 3215 impie
2353 3147 2791 3216 lilaspltemantes
2845 3151 3108 3219 asseritis,
3156 3154 3306 3222 prius
3345 3169 3468 3211 eum
3530 3159 3603 3213 ab

2024 3236 2141 3305 ipso
2202 3235 2369 3291 fuisse
2447 3247 2688 3293 creatum
2750 3241 2817 3295 ad
2892 3242 3221 3298 creationem
3279 3256 3598 3302 naturarum

2009 3339 2142 3394 qua:
2210 3325 2363 3382 factae
2430 3337 2556 3382 sunt
2614 3347 2628 3384 :
2687 3330 2915 3385 dixisset
2968 3333 3156 3403 utique
3206 3336 3360 3406 juxta
3419 3339 3604 3406 impie-

2025 3427 2190 3472 tatem
2224 3429 2482 3483 vestram,
2519 3420 2798 3477 increatus
2828 3422 2968 3479 Deus
2996 3426 3063 3481 ad
3095 3438 3359 3494 creatum,
3395 3444 3597 3485 secun-

2020 3508 2143 3563 dum
2172 3524 2286 3575 vos,
2321 3509 2514 3566 Filium
2547 3499 2569 3566 τ’
2594 3511 2787 3568 Facias
2819 3515 2952 3570 mihi
2986 3515 3262 3573 hominem
3299 3521 3366 3575 ad
3400 3522 3598 3591 imagi-

2022 3615 2143 3674 nem
2175 3608 2231 3654 et
2257 3602 2662 3658 similitudinem
2719 3621 2917 3660 meam.
2959 3605 3067 3661 Sed
3116 3609 3384 3677 siquidem
3436 3611 3597 3666 Pater

2017 3703 2233 3760 semper
2261 3702 2346 3747 est
2371 3692 2536 3761 Deus,
2571 3703 2628 3749 ut
2650 3697 2798 3764 prius
2827 3700 3187 3763 ostendimus,
3221 3701 3391 3758 Filius
3423 3705 3589 3758 etiam

2016 3797 2137 3836 cum
2168 3782 2330 3840 Patre
2367 3799 2583 3856 semper
2612 3787 2846 3854 exsistit,
2888 3804 2993 3845 non
3028 3792 3358 3861 temporibus
3407 3804 3591 3865 poste-

2017 3871 2148 3937 rior,
2201 3887 2305 3927 non
2336 3882 2602 3943 potestate
2659 3877 2857 3944 minor,
2920 3894 3025 3935 non
3076 3880 3195 3937 loco
3239 3883 3588 3941 circumscri-

2013 3972 2153 4031 ptus,
2186 3964 2279 4018 sed
2330 3978 2542 4035 semper
2575 3967 2759 4021 itidem
2812 3978 3074 4040 perpetuo
3117 3986 3239 4027 cum
3276 3973 3434 4029 Patre
3462 3978 3590 4030 suti-

2012 4054 2230 4117 sistens,
2266 4070 2331 4110 ex
2367 4057 2482 4125 ipso
2525 4058 2675 4125 juxta
2724 4062 2979 4127 praedicta
3024 4064 3586 4134 incomprehensibili-

2015 4156 2095 4199 ter
2136 4156 2191 4202 et
2249 4146 2593 4207 inell‘abiliter
2642 4152 2880 4221 genitus,
2942 4168 3102 4209 verus
3165 4157 3307 4211 Deus
3367 4172 3588 4229 semper

2010 4235 2280 4291 exsistens
2307 4256 2321 4289 :
2354 4253 2420 4292 ex
2452 4253 2581 4293 vero
2610 4240 2717 4294 Deo
2741 4250 2797 4295 et
2834 4240 2995 4298 Patre
3021 4258 3237 4313 semper
3266 4248 3581 4312 exsistentc,

2011 4324 2295 4381 dominans
2357 4343 2479 4382 cum
2542 4328 2726 4397 Patre,
2777 4341 3078 4389 comternus
3130 4333 3297 4400 Patri,
3350 4352 3585 4408 regnans

2010 4430 2225 4485 semper
2276 4434 2398 4473 cum
2448 4420 2631 4489 Patre,
2681 4425 3163 4481 consubstantialis
3211 4425 3381 4511 Patri,
3428 4445 3584 4500 mque

1541 4487 1901 4560 συνδημιουρ-

2018 4517 2198 4576 potens
2250 4521 2306 4563 ut
2353 4510 2533 4576 Pater,
2566 4525 2782 4570 creator
2811 4532 2935 4571 cum
2966 4516 3149 4573 Patre.
3197 4517 3253 4575 Si
3288 4500 3430 4576 enim
3462 4538 3583 4577 om—

2007 4599 2093 4652 nia
2126 4614 2221 4669 per
2249 4600 2442 4656 Filium
2474 4604 2612 4659 facta
2665 4614 2898 4662 testatur
2940 4609 3121 4664 divina
3154 4610 3575 4682 Evangeliorum

2007 4705 2127 4757 vox,
2184 4711 2202 4745 ι
2235 4705 2287 4748 et
2334 4695 2452 4751 sine
2500 4697 2616 4766 ipso
2650 4699 2849 4755 factum
2883 4711 2966 4756 est
2999 4703 3149 4768 nihil,
3191 4707 3334 4773 quod
3380 4705 3580 4763 factum

2003 4784 2198 4839 est“:
2235 4803 2253 4836 ι
2314 4794 2368 4841 et
2423 4788 2606 4854 simul,
2652 4806 2755 4845 non
2804 4792 3018 4848 divisim
3051 4811 3079 4849 a
3111 4793 3273 4850 Patre
3331 4800 3577 4854 creavit:

2002 4874 2267 4942 siquidem
2302 4893 2406 4931 una
2443 4889 2525 4934 est
2553 4881 2830 4946 divinitas,
2878 4894 2933 4937 et
2959 4889 3227 4942 sententia
3259 4903 3363 4943 una
3399 4887 3576 4944 Patris

2004 4976 2056 5017 et
2086 4965 2206 5020 Filii
2239 4978 2293 5021 et
2331 4966 2569 5037 Spiritus
2598 4973 2794 5040 sancti,
2828 4991 3101 5044 nunquam
3133 4987 3386 5044 separatu
3415 4978 3578 5034 Patre

2004 5071 2032 5107 a
2069 5053 2228 5121 Filio,
2264 5075 2436 5129 neque
2480 5060 2615 5116 Filio
2646 5078 2676 5117 a
2731 5064 2927 5119 Patre:
2988 5065 3391 5135 intelligendum
3444 5084 3572 5138 ergo

2004 5156 2103 5210 est,
2141 5162 2174 5201 ο
2202 5149 2541 5221 phiIOSOphe,
2595 5156 2735 5222 quod
2769 5157 2927 5210 Pater
2952 5167 3008 5211 et
3058 5156 3227 5212 Filius
3274 5162 3572 5213 secundum

2001 5238 2355 5293 Substantiam
2391 5242 2609 5298 deitatis
2644 5260 2806 5298 unum
2845 5258 2992 5309 sunt,
3045 5249 3187 5302 sicut
3212 5258 3266 5304 et
3312 5250 3364 5302 in
3399 5250 3573 5304 Evan-

1999 5330 2136 5399 gelio
2166 5331 2279 5400 ipse
2308 5332 2477 5389 Filius
2507 5335 2704 5391 clamat
2750 5355 2763 5389 :
2805 5358 2823 5391 ι
2856 5338 2970 5408 Ego
3017 5351 3070 5396 et
3095 5340 3257 5397 Pater
3288 5357 3450 5395 unum
3477 5356 3570 5397 su.

2000 5436 2119 5476 tnns
2150 5422 2234 5491 “;
2296 5443 2315 5475 ι
2367 5427 2450 5479 cui
2497 5428 2749 5483 dicebat:
2791 5450 2808 5481 ι
2860 5431 3142 5487 Faciamus
3188 5434 3459 5489 hominem
3503 5434 3571 5488 ad

1997 5509 2284 5582 imaginem
2316 5526 2370 5570 et
2396 5516 2804 5574 similitudinem
2837 5536 3076 5578 nostram
3100 5527 3168 5579 ι’.
3200 5543 3218 5577 ι

3037 5850 3110 5911 40
