4070 6396
460 379 613 445 Ὢόθ

902 486 1261 540 (Tantmiirtio
1310 477 1624 553 philosophi.

549 606 667 661 Jam
701 604 862 658 etiam
898 602 952 655 in
988 599 1257 672 prioribus
1293 591 1811 662 intot'rogationiims
1838 591 2056 646 diceba-

483 715 601 753 mus
661 695 827 749 Dcum
880 709 987 749 non
1037 692 1235 746 trahere
1270 687 1503 743 hominis
1552 684 1778 756 eﬂigiem
1824 702 1837 738 :
1892 698 2055 752 quam

479 805 604 859 ergo
631 786 1078 857 significationem
1112 783 1272 838 habet
1300 781 1414 835 inec
1447 779 1621 833 oratio
1652 796 1663 830 :
1732 795 1750 827 ι
1786 776 1866 829 Ad
1917 774 2056 828 ima-

483 885 658 945 ginem
702 891 755 935 et
803 876 1211 933 similitudinem
1246 869 1534 927 nostram?
1564 886 1583 919 ι
1618 865 1822 921 ‘dicite
1882 865 2057 920 nobis.

483 971 598 1026 Nult
630 971 772 1025 enim
811 982 1035 1039 parvam
1066 966 1220 1020 nobis
1252 964 1340 1019 hic
1377 975 1554 1017 sermo
1586 959 1810 1013 exhibet
1835 954 2060 1011 diﬂicul-

486 1076 649 1118 tatem
683 1081 697 1116 :
736 1062 955 1115 interim
991 1059 1092 1113 hoc
1126 1056 1412 1111 dicendum
1445 1062 1549 1109 est.
1592 1090 1597 1095 ι

520 1176 804 1245 Responsio
849 1182 1048 1245 sopch
1088 1170 1409 1245 spiroili_per
1437 1167 1673 1245 eumdem
1728 1165 2023 1231 episcopum

889 1242 1073 1297 Osium
1104 1237 1334 1294 civitatis
1368 1237 1650 1293 Cordubw.

560 1357 715 1420 lllnd,
777 1376 793 1409 ι
833 1358 898 1410 ad
936 1354 1222 1425 imaginem
1255 1373 1273 1405 ι
1340 1369 1371 1406 ο
1445 1351 1811 1421 philosophe,,
1842 1362 1944 1400 non
1997 1345 2062 1398 ad

489 1467 776 1520 corporum
815 1449 1282 1509 constitutionem,
1317 1446 1408 1499 sed
1441 1445 1506 1497 ad
1557 1454 1786 1496 mentem
1839 1441 2061 1493 relatum

490 1556 541 1599 et
570 1559 885 1613 expressum
917 1557 1039 1597 esse
1068 1540 1227 1594 docet
1260 1552 1442 1592 sermo
1475 1536 1740 1590 veritatis.
1770 1532 1905 1587 Audi
1937 1545 2064 1599 ergo

490 1647 542 1690 et
572 1636 829 1702 intellige.
875 1632 1012 1687 Deus
1041 1648 1160 1686 eum
1197 1631 1270 1685 sit
1302 1638 1493 1681 natura
1524 1629 1718 1688 bonus,
1751 1622 2064 1692 intelligeuti

493 1729 728 1783 hominis
770 1725 1086 1782 substantim
1136 1720 1420 1789 insculpsit
1458 1721 1585 1774 illud
1627 1737 1639 1772 :
1699 1736 1717 1769 ‹
1748 1717 1826 1769 Ad
1875 1715 2065 1783 imagi-

494 1836 613 1874 nem
636 1830 689 1873 et
713 1817 1139 1882 similitudinem,
1172 1834 1191 1867 ι
1227 1826 1282 1868 ιιι
1309 1814 1621 1872 bonitatem,
1647 1807 2063 1874 simplicitatem,

494 1912 865 1975 sanctitatem,
907 1909 1217 1977 puritatem,
1251 1907 1561 1965 candorem,
1612 1902 1955 1969 probitatem,
1988 1899 2066 1951 fe-

496 2000 782 2063 licitatem,
814 2010 869 2052 et
899 1997 983 2052 his
1009 1997 1207 2052 similia
1257 2017 1268 2050 :
1306 2005 1358 2048 ut
1393 2009 1512 2062 quae
1546 1990 1683 2046 Deus
1726 1998 1813 2043 est
1845 2003 1941 2057 per
1973 2003 2066 2039 na-

496 2102 697 2155 turam,
731 2089 916 2145 eadem
955 2102 1051 2158 per
1082 2088 1252 2158 ipsius
1287 2086 1515 2156 gratiam
1555 2082 1759 2136 habere
1789 2091 1969 2148 posset
1999 2080 2067 2133 ah

496 2182 612 2250 ipso
644 2189 857 2236 creatus
894 2180 1072 2239 homo,
1123 2160 1227 2236 hoe
1257 2186 1359 2237 est,
1400 2174 1569 2243 ipsius
1613 2170 1846 2226 hominis
1886 2185 2058 2224 mens.

494 2272 561 2326 Et
596 2282 654 2327 ut
682 2272 914 2342 pictores
948 2268 1104 2338 periti
1141 2265 1524 2323 similitudines
1571 2263 1866 2333 imagiumn
1902 2262 1954 2315 in
1991 2271 2070 2314 ta-

495 2365 654 2430 bulis,
689 2379 796 2419 non
824 2377 893 2417 ex
925 2377 1032 2418 uno
1058 2375 1277 2431 semper
1306 2358 1506 2423 colore,
1536 2357 1630 2410 sed
1659 2370 1722 2410 ex
1757 2355 1922 2408 variis
1947 2368 2071 2422 per-

497 2469 658 2528 petuo
712 2455 1007 2525 depingunt
1052 2469 1067 2509 :
1108 2451 1382 2507 sie'Deus
1438 2448 1644 2503 homini
1697 2448 1861 2501 etiam
1913 2459 2071 2513 quem

497 2548 727 2617 creavit,
770 2547 823 2600 in
874 2544 1069 2599 anima:
1099 2541 1449 2613 intelligentis
1494 2538 1819 2603 comlitorio,
1857 2538 1959 2591 hoc
1993 2544 2076 2592 est

499 2643 551 2696 in
590 2649 788 2704 mente,
819 2637 1112 2702 concessit,
1149 2642 1209 2689 ut
1238 2649 1333 2703 per
1377 2632 1606 2688 virtutes
1641 2630 1864 2684 haberet
1920 2627 2075 2690 illud,

500 2742 557 2784 nt
588 2731 653 2784 ad
695 2729 984 2798 imaginem
1012 2737 1067 2782 et
1096 2724 1514 2781 similitudinem
1544 2737 1697 2778 suam
1735 2722 2032 2790 ﬁngeretur
2058 2738 2071 2772 :

498 2839 619 2878 cum
651 2822 702 2875 in
733 2821 953 2875 homine
983 2819 1197 2874 abunde
1223 2813 1594 2885 conspiciatur
1616 2813 1791 2881 imago
1822 2825 1914 2881 per
1943 2824 2077 2879 prae-

500 2915 672 2970 dictas
700 2911 821 2965 illas
856 2924 943 2964 res
969 2908 1200 2972 divinas,
1230 2921 1368 2977 quas
1397 2903 1539 2961 Deus
1572 2903 1623 2958 in
1663 2903 1778 2974 ipso
1813 2901 2073 2970 reposuit,

501 3006 728 3060 dicens:
773 3021 793 3054 ι
826 3000 1112 3057 Faciamus
1143 3000 1416 3055 hominem
1452 2997 1519 3051 ad
1570 2995 1862 3065 imaginem
1907 3002 1964 3048 et
2003 2993 2076 3048 si-

504 3095 856 3149 militudinem
889 3100 1153 3147 nostram.
1189 3107 1208 3141 ι

1129 3354 1282 3412 CAP.
1322 3351 1485 3407 XVII.

937 3468 1299 3525 Contradictio
1339 3463 1655 3537 philosophi.

582 3585 906 3642 Diﬂ'erantur
966 3582 1068 3637 ista
1116 3582 1217 3635 hoc
1273 3575 1524 3649 praesenti
1587 3582 1871 3643 tempore:
1949 3570 2082 3625 illud

508 3683 686 3754 potius
731 3674 1078 3747 quaerendum
1133 3680 1239 3734 est,
1297 3671 1367 3725 de
1409 3683 1476 3723 eo
1526 3667 1753 3731 scilicet,
1798 3679 1895 3735 per
1942 3665 2083 3735 quod

510 3773 652 3828 Deus
705 3767 979 3824 hominem
1029 3764 1178 3827 fecit,
1235 3772 1290 3819 et
1346 3761 1529 3816 omnia
1579 3772 1702 3827 quae
1740 3756 1987 3811 videntur
2032 3762 2086 3807 et

505 3878 631 3936 qua
673 3876 779 3917 non
819 3860 1088 3914 videntur.
1126 3855 1241 3913 Non
1290 3856 1434 3911 enim
1489 3852 1616 3906 mihi
1649 3851 1901 3905 ridentur
1938 3855 2085 3902 recte

509 3954 792 4012 scitabere
823 3964 944 4021 quae.
977 3948 1214 4013 dixistis,
1262 3944 1406 4015 quod
1456 3957 1620 3999 unum
1674 3941 1878 4011 pariter
1926 3938 2085 3993 fuerit

510 4061 727 4119 semper
754 4044 923 4101 Filius
952 4057 1071 4098 cum
1107 4038 1272 4097 Patre
1307 4038 1360 4093 in
1389 4035 1639 4105 idipsum,
1665 4042 1719 4087 et
1746 4030 1890 4101 quod
1916 4027 2086 4083 Filius

511 4155 721 4213 semper
749 4138 911 4194 fuerit
941 4137 1082 4193 Deus
1110 4149 1233 4191 cum
1268 4129 1450 4185 Patre.
1486 4129 1594 4197 Ego
1626 4138 1751 4181 vero
1785 4124 2017 4180 dicerem
2053 4134 2082 4173 ε

512 4236 622 4289 Deo
650 4232 849 4288 factum
877 4228 1064 4292 fuisse,
1094 4235 1151 4280 nt
1175 4225 1229 4280 in
1250 4221 1521 4278 creaturis
1546 4219 1852 4273 ministrum
1878 4222 2084 4282 ageret.

512 4326 789 4396 Indigebat
821 4323 966 4378 enim
1001 4321 1144 4375 Deus
1172 4316 1422 4371 ministro
1450 4313 1516 4366 ad
1547 4310 1783 4365 hominis
1811 4315 1867 4362 et
1895 4303 2083 4361 mundi

512 4418 810 4487 opiﬁcium.
861 4411 1096 4481 ideoque
1152 4404 1329 4476 opifex
1400 4403 1539 4457 Deus
1596 4410 1819 4454 natura
1870 4406 2085 4452 creatas

511 4509 824 4576 cﬂ'ecturus,
859 4500 1143 4561 constituit
1175 4499 1276 4553 sibi
1327 4498 1744 4551 instrumentum
1793 4505 1890 4557 per
1940 4489 2080 4557 quod
2120 4526 2160 4581 ο

517 4609 742 4656 naturas
772 4607 962 4651 omnes
993 4598 1223 4646 crearet.
1271 4581 1733 4652 Quemadmodum
1765 4579 1906 4634 enim
1937 4577 2085 4633 iaher

516 4690 618 4745 sibi
638 4684 919 4746 constituit
951 4682 1099 4752 prius
1151 4680 1596 4736 instrumentum,
1643 4672 1693 4726 in
1732 4684 1924 4727 eorum
1968 4685 2089 4741 quae

518 4782 763 4837 facturus
790 4783 893 4839 est,
917 4779 1284 4828 structuram:
1322 4768 1394 4822 ita
1431 4764 1555 4820 licet
1595 4765 1646 4819 in
1678 4763 1787 4820 Deo
1812 4765 2073 4833 cogitare,

519 4871 662 4941 quod
693 4879 1005 4938 supponens
1042 4862 1146 4918 sibi
1185 4860 1286 4929 ipsi
1334 4859 1528 4914 Filium
1584 4867 1837 4929 tanquam
1885 4857 2089 4911 instrn-

520 4971 786 5023 mentmn,
820 4956 1077 5011 mundum
1105 4969 1203 5024 per.
1231 4954 1404 5024 ipsum
1442 4952 1728 5007 creaverit.
1765 4949 1919 5016 Quod
1944 4947 2089 5001 enim

521 5052 591 5107 ab
631 5048 895 5119 Apostolo
922 5047 1120 5102 dictum
1154 5055 1257 5109 est,
1302 5046 1444 5115 quod
1499 5060 1518 5095 ι
1547 5042 1728 5098 omnia
1776 5055 1872 5109 per
1915 5040 2088 5106 ipsum

523 5146 663 5198 iacta
697 5151 823 5197 sunt
845 5139 914 5203 “,
946 5157 966 5192 ι
1004 5150 1209 5194 nauita:
1238 5152 1332 5208 per
1368 5138 1539 5208 ipsum
1568 5135 1721 5204 quasi
1762 5148 1857 5202 per
1882 5132 2087 5186 instrn-

524 5243 773 5291 mentum
811 5232 964 5288 facta:
999 5242 1143 5287 sunt.
1182 5232 1245 5286 Et
1277 5230 1419 5301 quod
1468 5227 1610 5283 Deus
1655 5226 1790 5281 dixit
1848 5234 2088 5279 creatum

522 5338 651 5380 esse.
698 5322 967 5379 hominem
1039 5322 1106 5377 ad
1186 5320 1476 5388 imaginem
1546 5326 1604 5372 et
1682 5313 2090 5370 similitudinem

524 5421 787 5479 noetrem.
823 5427 918 5485 per
949 5414 1393 5478 instrumentum,
1443 5404 1547 5465 hoc
1588 5416 1683 5463 est
1726 5421 1823 5475 per
1870 5404 2088 5467 Filium,

525 5505 593 5562 ad
639 5520 791 5562 suam
843 5506 1012 5576 ipsius
1056 5504 1347 5576 imaginem
1400 5509 1456 5559 et
1506 5498 1912 5558 similitudinem
1953 5495 2094 5552 Deus

523 5596 679 5654 dixit.

590 5771 641 5809 ⁸³
668 5772 821 5827 Joan.
850 5786 890 5836 I,
930 5769 984 5824 3.

1728 365 2053 429 'GELASII
2121 362 2460 425 CYZICENI

2084 478 2131 536 Α

2502 470 2863 539 Ἆντᾷὗρησίς
2895 467 2998 521 τοῦ
3035 467 3415 535 φιλοσόφου.

2229 582 2339 635 Καὶ
2384 582 2484 654 ήδη
2516 584 2571 634 ἐν
2601 585 2719 645 ταῖς
2747 580 3036 651 προτέραις
3070 579 3472 649 ἐπειεωτήσεσιν
3504 577 3741 650 ἔφαμεν,

2164 674 2237 746 μὴ
2268 669 2405 727 εἷναι
2431 675 2519 726 τὸν
2541 673 2674 726 Θεὸν
2710 672 3178 743 ἀνθρωπόμορςον
3198 687 3212 702 ο
3241 670 3363 723 τίνα
3391 665 3618 741 οὗνέχει
3638 670 3741 744 τὴν

2161 766 2437 838 σημασίαν
2479 769 2511 835 ἡ
2544 766 2701 837 ῥῆσις
2742 762 2903 833 αὕτη,
2926 763 2986 817 τὸ
3028 782 3044 815 ι
3077 761 3208 815 Κατ’
3234 761 3418 814 είκόνα
3465 762 3743 834 ἡμετέραν

2162 862 2253 912 καὶ
2287 859 2409 913 καθ’
2452 858 2744 928 όμοίωέινς
2786 877 2805 908 ι
2867 855 3002 925 φατὲ
3054 857 3206 924 ἡμῖν.
3256 851 3333 908 Οὐ
3380 854 3490 926 γὰρ
3543 855 3743 926 μικρὸν

2162 954 2293 1023 ἡμῖν
2319 954 2353 1023 η
2376 952 2519 1015 λέξις
2555 950 2779 1020 παρέχει
2809 950 2995 1017 ἀγῶνα
3014 965 3026 977 ·
3066 949 3202 1011 τέως
3224 946 3380 1001 τοῦτο
3406 947 3647 1002 λεκτέον.

2178 1152 2513 1217 Ἀπόκρισις
2564 1147 2670 1214 τῆς
2722 1149 2896 1215 ἁγίας
2945 1148 3215 1200 συνόδου
3270 1145 3370 1217 διὰ
3417 1146 3524 1200 τοῦ
3553 1147 3749 1202 αὑτοῦ

2303 1215 2641 1273 ἐπισκόπου
2681 1218 2888 1271 Ὀσιόυ
2922 1219 3154 1282 πόλεως
3180 1215 3577 1284 Κουρδούϐης.

2237 1331 2309 1384 Τὸ
2352 1349 2370 1382 ι
2407 1331 2531 1383 κατ’
2575 1328 2792 1390 εἰκόνα,
2828 1346 2845 1378 ι
2875 1320 2920 1379 ὦ
2960 1328 3243 1396 φιλόσοφε,
3275 1326 3495 1399 νοητέον
3519 1326 3579 1379 οὐ
3604 1330 3750 1383 κατά

2168 1420 2264 1489 τὴν
2310 1419 2579 1488 σωμάτων
2614 1417 2863 1471 σύνθεσιν
2891 1458 2903 1480 ,
2935 1415 3071 1471 ἀλλὰ
3120 1416 3263 1469 κατά
3308 1416 3495 1487 νοερὸν
3529 1417 3749 1469 tutatu-

2170 1512 2385 1565 πῶσθαι
2425 1514 2454 1564 6
2492 1512 2592 1581 τῆς
2638 1510 2896 1579 ἀληθείας
2950 1509 3252 1580 παρίστησι
3307 1508 3481 1578 λόγος.
3543 1510 3748 1562 ’Ἄκουε

2169 1601 2347 1653 τοίνυν
2381 1602 2472 1653 καὶ
2503 1599 2683 1661 σόνες.
2733 1598 2959 1665 Ἀγαθὸς
2991 1598 3066 1651 ὣν
3097 1601 3125 1651 6
3162 1599 3296 1662 Θεὸς
3322 1602 3388 1670 τῇ
3421 1599 3602 1668 φύσει,
3626 1599 3749 1654 ivi-

2171 1690 2307 1760 πηξε
2350 1691 2416 1759 τῇ
2457 1690 2620 1759 νοερᾷ
2654 1687 2750 1740 τοῦ
2807 1686 3101 1759 ἀνθρώπου
3136 1688 3299 1761 οὐσίᾳ
3329 1690 3412 1756 τὸ,
3464 1708 3483 1742 ε
3518 1692 3638 1743 κατ’
3669 1693 3751 1744 εί-

2171 1782 2304 1833 κόνα
2342 1778 2513 1833 αὑτοῦ
2552 1778 2646 1833 καὶ
2696 1778 2977 1849 ὁμοίωσιν,
3027 1797 3045 1830 ι
3100 1773 3213 1833 οἷον
3261 1777 3360 1850 τὴν
3395 1780 3753 1852 ἀγαθότητα,

2166 1871 2264 1941 τὴν
2294 1869 2573 1939 ἁπλότητα
2593 1910 2607 1934 ,
2634 1868 2733 1939 τὴν
2766 1870 3030 1938 ἀγιότητα
3056 1912 3070 1935 ,
3114 1870 3211 1942 τὴν
3251 1870 3625 1943 καθαρότητα,
3653 1876 3755 1942 τὴν

2166 1959 2459 2029 ἀφθονίαν,
2492 1958 2594 2029 τὴν
2629 1958 2976 2031 χρηστότητα
3002 2000 3017 2026 ,
3068 1959 3168 2030 τὴν
3203 1961 3587 2033 μακαριότητα
3608 2005 3625 2029 ,
3660 1966 3756 2016 καὶ

2166 2049 2234 2104 τὰ
2267 2050 2478 2113 τούτοις
2509 2050 2671 2121 ὃμοια
2699 2066 2712 2079 ·
2751 2050 2839 2103 ἵνα
2870 2049 3015 2122 ἆπερ
3044 2051 3195 2104 ἐστὶν
3225 2053 3252 2105 6
3286 2052 3421 2116 Θεὸς
3452 2056 3515 2125 τῇ
3554 2054 3714 2123 φύσει
3734 2092 3752 2118 ,

2168 2139 2343 2192 ταῦτα
2377 2138 2519 2194 κατὰ
2550 2138 2650 2209 τὴν
2676 2138 2845 2193 αὐτοῦ
2880 2140 3042 2211 χάριν
3072 2138 3220 2211 ἔχειν
3245 2142 3448 2214 δυνηθῇ
3480 2144 3577 2197 καὶ
3606 2147 3635 2198 6
3660 2144 3754 2197 ὑπ’

2169 2229 2334 2285 αὑτοῦ
2375 2229 2618 2294 κτισθεὶς
2646 2228 2936 2301 ἄνθρωπος
2958 2271 2973 2297 ,
3010 2230 3158 2283 τοῦτ’
3202 2230 3319 2286 ἐστι
3346 2231 3410 2285 τὸ
3434 2233 3621 2304 νοερὸν
3654 2235 3757 2287 αὖ-

2170 2323 2290 2377 τοῦ.
2348 2322 2461 2376 Καὶ
2515 2321 2708 2390 ὥσπερ
2755 2322 2804 2375 οἱ
2859 2320 2967 2375 τῶν
3024 2322 3339 2394 ζωγράφων
3392 2325 3759 2397 ἐπιστήμονες

2172 2418 2477 2488 γράφοντες
2509 2417 2567 2469 ὲν
2599 2415 2780 2469 σανίσι
2817 2414 2917 2479 τὰς
2946 2414 3238 2486 ὁμοιώσεις
3266 2414 3376 2469 τῶν
3412 2417 3663 2482 εἰκόνων,
3694 2421 3760 2472 ἑκ

2171 2510 2446 2581 διαφόρων
2491 2510 2587 2564 καὶ
2629 2508 2728 2561 οὐκ
2776 2508 2839 2573 ἐξ
2884 2508 3003 2573 ἑνὸς
3051 2509 3343 2581 χρώματος
3395 2509 3495 2574 τὰς
3543 2511 3763 2573 εἰκόνας

2174 2602 2603 2671 ἀπαραλείπτως
2634 2601 2939 2673 γράφουσιν
2970 2618 2984 2632 ·
3018 2600 3162 2656 οὕτω
3196 2602 3429 2655 δέδωκεν
3458 2601 3487 2655 ὁ
3515 2602 3649 2666 Θεὸς
3682 2603 3766 2672 τῷ

2176 2694 2272 2747 ἀνθ
2281 2691 2447 2765 ρώπῳ
2459 2693 2535 2764 τῷ
2555 2694 2646 2746 ὑπ’
2666 2691 2834 2746 αὐτοῦ
2867 2692 3147 2746 κτισθέντι
3173 2693 3231 2746 ὲν
3248 2692 3324 2764 τῷ
3342 2693 3515 2764 νοερῷ
3544 2696 3764 2765 ταμείῳ

2174 2787 2273 2855 τῆς
2290 2785 2486 2854 ψυχῆς,
2518 2782 2663 2837 τοῦτ’
2686 2783 2802 2837 ἐστι
2828 2782 2905 2854 τῷ
2935 2783 3011 2855 νῷ
3036 2825 3052 2850 ,
3103 2783 3248 2856 ἔχειν
3289 2784 3380 2838 διὰ
3412 2784 3519 2837 τῶν
3548 2786 3765 2857 ἀρετῶν

2174 2874 2237 2927 τὸ
2257 2876 2376 2928 κατ’
2398 2873 2579 2927 εἰκόνα
2599 2874 2766 2927 αὑτοῦ
2804 2874 2898 2928 καὶ
2919 2874 3180 2945 ὁμοίωσιν
3202 2892 3214 2907 ·
3235 2873 3336 2945 τῆς
3367 2874 3581 2940 εἰκόνος
3615 2878 3767 2931 ἀπα-

2178 2965 2468 3039 ραλείπτου
2522 2967 2920 3039 εὖρισκομένης
2976 2968 3036 3020 ὲν
3081 2965 3159 3039 τῷ
3205 2966 3479 3039 ἀνθρώπῳ
3519 2968 3608 3024 διὰ
3654 2970 3769 3025 τῶν

2179 3057 2600 3131 προρρηθέντων
2627 3057 2787 3112 θείων
2816 3058 3182 3129 πραγμάτων,
3212 3051 3288 3113 ὧν
3316 3060 3580 3133 ἀνέθηκεν
3606 3062 3765 3131 αὐτῷ

2110 3180 2152 3237 C
2183 3149 2360 3213 όΘεὸς
2381 3190 2396 3218 ,
2428 3148 2600 3203 εἰπών
2621 3166 2634 3180 ·
2673 3168 2691 3201 ι
2732 3150 3063 3221 Ποιήσωμεν
3088 3151 3383 3224 ἄνθρωπον
3419 3152 3539 3209 κατ’
3570 3153 3766 3209 εἱιεόνα

2185 3238 2457 3311 ἡμετέραν
2496 3238 2591 3293 καὶ
2631 3237 2753 3292 καθ’
2786 3239 3069 3310 ὁμοίωσιν.
3114 3263 3134 3293 ι

2774 3351 3028 3407 ΚΕΦΔΛ.
3064 3353 3162 3409 IZ'.

2548 3464 2914 3532 Ἀντίῤῥησις
2948 3464 3055 3519 τοῦ
3078 3468 3446 3535 φιλοσόφου.

2266 3573 2648 3647 ’Υπερκείσθω
2685 3591 2775 3644 μοι
2806 3575 2978 3629 ταῦτα
3004 3577 3095 3630 ἐπὶ
3123 3577 3217 3631 τοῦ
3242 3582 3508 3650 παρόντος
3532 3584 3733 3656 καιροῦ
3754 3602 3770 3616 ο

2197 3667 2401 3720 Ἐκεῖνο
2423 3666 2480 3720 δὲ
2509 3667 2708 3737 μᾶλλον
2728 3667 3099 3739 έπερωτητέον
3122 3671 3247 3741 περὶ
3262 3670 3378 3735 τοῦ,
3399 3671 3467 3726 δι’
3491 3677 3555 3731 οὗ
3580 3675 3772 3741 εποίη-

2186 3775 2279 3813 σεν
2303 3759 2332 3811 6
2358 3731 2611 3822 Bck-rint
2635 3758 2732 3812 ἀνθ
2744 3731 2947 3829 ρωπον,
2966 3731 3075 3813 ’καὶ
3095 3731 3275 3815 πάντα
3310 3731 3379 3815 τά
3401 3780 3459 3817 τε
3491 3731 3770 3836 ὁρώμενα,

2183 3853 2253 3907 τά
2282 3869 2341 3905 τε
2384 3851 2460 3924 μὴ
2487 3851 2761 3924 ὁρώμενα.
2797 3851 2873 3904 Οὐ
2901 3852 3010 3924 γάρ
3056 3870 3146 3924 μοι
3170 3854 3320 3909 δοκεῖ
3347 3853 3404 3910 εὖ
3429 3858 3596 3928 ἔχειν,
3623 3861 3773 3931 ἅπερ

2186 3946 2470 4017 είρήκατε,
2500 3946 2582 3999 ὅτι
2622 3945 2681 3998 ἓν
2721 3944 2865 3998 κατὰ
2902 3945 2963 3997 τὸ
2998 3946 3129 3999 αὐτὸ
3157 3949 3185 4000 6
3216 3948 3407 4021 Πατὴρ
3437 3949 3534 4003 καί⁵
3573 3951 3602 4003 6
3641 3951 3774 4013 Υἱὸς

2186 4037 2372 4102 ἀϊδίως
2400 4037 2517 4108 ἃμα
2541 4078 2556 4103 ,
2602 4038 2696 4091 καὶ
2746 4037 2830 4090 ὅτι
2865 4037 2998 4101 Θεὸς
3036 4040 3123 4093 ἀεὶ
3167 4043 3651 4115 συμπροῦπάρχων
3696 4043 3773 4111 τῷ

2185 4128 2365 4200 Πατρὶ
2397 4129 2425 4180 6
2456 4126 2605 4191 Υἱός.
2663 4125 2805 4196 Ἐγὼ
2830 4125 2887 4178 δὲ
2921 4127 3087 4199 φαίην
3113 4130 3392 4202 ὑπουργὸν
3424 4133 3483 4184 ὲν
3519 4135 3628 4196 τοῖς
3657 4135 3771 4185 κτί-

2188 4240 2355 4295 σμασι
2380 4222 2710 4295 γεγενῆσθαι
2739 4222 2902 4277 αὐτὸν
2937 4223 3042 4279 ὑπὸ
3073 4225 3167 4280 τοῦ
3199 4227 3357 4285 Θεοῦ.
3429 4228 3631 4282 Ἐδεῖτο
3661 4229 3770 4298 γὰρ

2185 4319 2214 4370 6
2246 4315 2381 4377 Θεὸς
2428 4314 2708 4388 ὑπουργοῦ
2763 4319 2846 4382 είς
2900 4316 2999 4388 τὴν
3045 4318 3140 4371 τοῦ
3176 4319 3465 4389 ἀνθρώπου
3524 4320 3620 4373 καὶ
3676 4322 3770 4373 τοῦ

2187 4408 2395 4479 κόσμου
2428 4410 2804 4482 κατασκευήν.
2839 4411 2932 4468 Διὸ
2967 4411 3176 4485 μέλλων
3204 4413 3231 4466 6
3278 4411 3614 4482 δημιουργὸς
3640 4411 3769 4473 Θεὸς

2187 4499 2397 4564 κτίζειν
2457 4499 2555 4562 τὰς
2607 4504 2830 4566 κτιστάς
2886 4503 3123 4576 φύσεις,
3180 4504 3528 4571 ὑπεστήσατο
3594 4503 3770 4571 ἐαυτῷ

2191 4588 2492 4659 ἐργαλεῖον,
2526 4590 2594 4643 δι’
2636 4586 2696 4645 οὗ
2734 4593 2909 4647 κτίσει
2946 4596 3125 4656 πάσας
3159 4592 3258 4656 τάς
3298 4591 3513 4662 φύσεις.
3549 4592 3767 4662 Ὥσπερ

2191 4680 2300 4751 γὰρ
2328 4683 2357 4734 6
2390 4682 2597 4735 τέκτων
2627 4687 2939 4757 προῦφιστᾷ
2972 4684 3233 4756 ἐργαλεῖα
3269 4687 3349 4747 είς
3382 4685 3482 4755 τὴν
3528 4685 3638 4738 τῶν
3679 4687 3770 4737 ὑπ’

2192 4771 2358 4829 αὐτοῦ
2397 4771 2701 4844 μελλόντων
2752 4775 3001 4845 γίνεσθαι
3040 4774 3413 4848 κατασκευὴν,
3451 4775 3624 4839 οὕτως
3657 4778 3773 4829 esi.

2194 4869 2381 4937 νοῆσαι
2417 4868 2513 4922 καὶ
2549 4869 2641 4923 ἐπὶ
2672 4868 2769 4923 τοῦ
2811 4868 2948 4922 Θεοῦ
2974 4909 2992 4935 ,
3022 4870 3104 4923 ὅτι
3133 4870 3451 4939 ὑποστήσας
3485 4868 3667 4940 ἑαυτῷ
3698 4869 3772 4920 ὡς

2196 4957 2479 5029 ἐργαλεῖον
2502 4959 2593 5012 τὸν
2616 4959 2765 5026 Υίὸν,
2800 4959 2984 5014 ἔκτισε
3023 4959 3090 5013 δι’
3114 4959 3281 5014 αὐτοῦ
3307 4960 3397 5013 τὸν
3434 4959 3663 5030 κόσμον.
3702 4960 3775 5012 Τὸ

2197 5050 2307 5121 γάρ
2330 5051 2434 5104 ὑπὸ
2455 5051 2548 5104 τοῦ
2574 5051 2871 5107 ἀποστόλου
2906 5052 3095 5125 ῥηθὲν,
3128 5053 3211 5106 ὅτι
3241 5071 3260 5106 ι
3296 5052 3487 5106 Πάντα
3516 5051 3582 5104 δι’
3608 5049 3773 5106 αὑτοῦ

2196 5140 2435 5210 ἐγένετο,
2480 5161 2498 5193 ι
2538 5144 2614 5207 ὡς
2638 5144 2704 5197 δι’
2738 5145 3020 5215 ἐργαλείου
3054 5145 3387 5218 ἐκτίσθησαν
3418 5144 3475 5197 ai
3509 5143 3581 5197 δι’
3608 5141 3778 5197 αὐτοῦ

2197 5232 2409 5302 φύσεις.
2448 5236 2557 5289 Καὶ
2606 5236 2668 5289 τὸ
2698 5237 2821 5290 κατ’
2853 5238 3039 5292 είκόνα
3082 5239 3143 5291 δὲ
3177 5239 3456 5310 ἡμετέραν
3510 5238 3605 5290 καὶ
3651 5236 3779 5289 καθ’

2197 5324 2455 5394 ὁμοίωσιν
2497 5328 2674 5380 εἰπεῖν
2708 5329 2799 5382 τὸν
2839 5329 2971 5384 Θεὸν
3010 5328 3299 5401 κτισθῆναι
3331 5333 3423 5383 τὸν
3463 5329 3775 5400 ἄνθρωπον,

2197 5416 2284 5471 διὰ
2307 5417 2399 5471 τοῦ
2429 5419 2737 5487 ἐργαλείου,
2772 5419 2915 5475 τοῦτ’
2949 5421 3065 5475 ἔστι
3099 5422 3189 5476 διὰ
3220 5422 3314 5477 τοῦ
3346 5421 3480 5476 Υίοῢ
3513 5422 3655 5477 κατά
3680 5422 3781 5491 τὴν

2197 5508 2396 5563 ἑαυτοῦ
2439 5510 2625 5563 εἰκόνα
2651 5513 2747 5565 καὶ
2778 5512 3059 5582 ὁμοίωσιν,
3097 5509 3253 5567 εἶπεν
3285 5515 3312 5567 6
3346 5513 3503 5575 Θεός.
