4070 6380
422 327 566 395 ὶὶίῖἷὶ

1698 332 2001 393 GELASll
2063 331 2372 393 CYZICEN
2380 334 2404 391 Ι

3553 331 3689 396 12c:
3753 313 3761 319 ’

419 447 567 500 visus
587 454 692 509 est,
743 455 796 499 et
837 444 978 499 inter
999 443 1246 499 homines
1272 453 1625 500 conversatus
1656 455 1739 499 est
1764 444 1830 499 ".
1872 464 1890 495 ι
1932 444 1997 497 Ει

2107 445 2254 498 Μετὰ
2287 445 2462 499 ταῦτα
2490 443 2585 498 ἐπὶ
2616 445 2714 516 τῆς
2745 445 2846 515 γῆς
2871 443 3060 516 ὤφθη,
3109 444 3204 498 καὶ
3233 445 3346 508 τοῖς
3378 443 3688 513 ἀνθρώποις

420 535 586 591 lsaias
630 537 705 589 ait
744 537 808 589 ad
847 535 1055 590 lsrael:
1114 555 1130 588 ι
1183 534 1441 607 Nunquid
1488 536 1687 599 neseis,
1742 546 1836 590 aut
1888 551 1995 590 non

418 625 716 678 audivisti?
746 622 886 679 Deus
916 625 1281 694 sempiternus
1325 623 1607 691 Dominus,
1654 625 1744 694 qui
1793 627 1998 681 creavit

421 716 682 770 terminos
714 724 873 770 terra:
897 716 962 770 "’.
994 733 1013 767 ι
1066 715 1200 782 Quis
1229 716 1394 787 igitur
1421 724 1503 771 est
1537 715 1685 772 Deus
1728 717 1829 772 ἰειε
1855 732 2000 772 sem-

417 806 692 875 pitcrnns,
723 821 756 859 ο
778 806 1124 878 philosophe,
1155 808 1246 876 qui
1280 807 1490 863 creavit
1527 807 1788 863 terminos
1820 817 1998 874 terrae,

417 897 509 965 qui
537 897 590 950 in
624 907 766 952 terra
796 900 942 956 visus
969 910 1076 966 est,
1123 910 1174 956 et
1222 901 1364 955 inter
1401 900 1652 956 homines
1695 915 1993 956 conversa-

419 993 507 1041 tus
537 998 622 1043 est
645 987 669 1042 ‘i
695 988 892 1044 Filium
922 991 1002 1046 ais
1031 996 1418 1046 conversatum
1449 987 1622 1045 fuisse
1656 1005 1778 1046 cum
1821 989 1999 1045 horni-

417 1081 597 1148 nibus,
630 1099 696 1138 an
722 1082 986 1140 Patrem?

868 1198 1157 1268 Responsio
1193 1197 1512 1268 philosophi.

485 1315 682 1372 Filium
710 1314 831 1368 dico
861 1311 1033 1367 fuisse
1067 1321 1472 1375 conversatnm,
1503 1319 1564 1364 ut
1593 1307 1790 1363 divinae
1817 1307 2003 1379 Scrip-

416 1414 551 1460 tura:
581 1413 788 1458 testata:
841 1411 990 1466 sunt,
1027 1410 1083 1455 ct
1138 1416 1240 1471 ego
1277 1415 1340 1455 ex
1386 1399 1521 1469 ipsis
1563 1413 1856 1468 persuasus
1909 1412 2004 1468 ap-

418 1495 662 1566 probavi.
701 1493 806 1548 Sed
829 1502 913 1547 est
947 1492 1124 1546 adhuc
1161 1491 1289 1546 mihi
1318 1489 1642 1562 gravissima
1667 1498 1722 1545 et
1759 1489 1844 1546 cui
1874 1504 2003 1546 con-

417 1588 607 1643 tradici
635 1602 742 1642 non
771 1595 968 1654 potest,
1001 1583 1260 1654 objectio,
1288 1583 1432 1653 quod
1453 1593 1580 1637 ante
1609 1597 1826 1637 omnem
1845 1595 2001 1637 crea-

423 1690 598 1733 turam
639 1676 938 1732 fecitillnm
972 1675 1136 1737 Dens,
1168 1683 1229 1730 ut
1255 1690 1351 1745 per
1402 1675 1578 1744 ipsum
1627 1673 1808 1729 omnia
1847 1688 2001 1728 crea.

2104 537 2544 610 συνανεσυράφη.
2585 555 2603 588 ι
2653 539 2761 592 Ka‘t
2789 539 2818 590 6
2857 537 3085 600 Ἡσαΐας
3118 535 3269 604 λέγει
3319 535 3399 607 τῷ
3435 536 3685 607 Ἰσραήλ·

2106 647 2125 680 r
2159 631 2271 685 Καὶ
2303 631 2395 686 νῦν
2423 631 2524 684 οὐκ
2561 631 2766 700 ἔγνως,
2801 630 2834 701 ἢ
2870 631 2944 702 μὴ
2976 632 3247 701 ἤκουσας
3282 629 3413 693 Θεὸς
3445 631 3687 693 αἰώνιος,

2100 722 2234 787 Θεὸς
2259 725 2287 776 6
2311 725 2723 788 κατασκευάσας
2742 724 2810 777 τὰ
2836 723 2982 794 ἄκρα
3007 723 3104 790 τῆς
3127 723 3250 793 γῆς.
3293 740 3311 773 s
3347 721 3446 786 Τίς
3475 717 3567 775 οὖν
3597 715 3688 773 οῦ-

2101 832 2193 880 τος
2226 817 2254 870 6
2282 815 2414 880 Θεὸς
2445 817 2474 869 6
2519 816 2753 880 αἰώνιος,
2798 809 2843 869 ὦ
2881 815 3138 884 φιλόσοφε
3160 856 3174 878 ,
3210 816 3238 867 6
3275 815 3690 875 κατασκευάσας

2101 905 2169 959 τὰ
2196 906 2342 978 ἄκρα
2368 906 2468 978 τῆς
2491 907 2613 977 γῆς,
2643 909 2670 960 6
2693 907 2788 961 καὶ
2817 906 2945 978 περὶ
2971 907 3072 976 γῆς
3097 904 3308 974 ὀφθεὶς,
3337 905 3433 956 καὶ
3455 907 3565 967 τοίς
3593 907 3692 958 ἀν-

2103 995 2343 1068 θρώποις
2391 998 2892 1069 συναναστραφεῐςς
2943 997 3034 1050 τὸν
3067 996 3193 1050 Υίὸν
3245 996 3425 1064 λέγεις
3476 1013 3692 1048 συνανε-

2105 1091 2376 1164 στράφθαι
2405 1095 2518 1156 τοῖς
2548 1091 2877 1162 ἀνθρώποις,
2904 1092 3052 1163 ἧτὸν
3080 1091 3296 1161 Πατέρα
3323 1107 3337 1156 ;

2465 1207 2798 1273 Ἀπόκρισις
2832 1206 2936 1260 τοῦ
2964 1207 3332 1274 φιλοσόφου.

2186 1317 2247 1370 ὐ
2281 1317 2407 1378 Υἱός
2450 1333 2593 1386 φημι
2629 1315 3118 1386 συνανεστράφοαι,
3157 1312 3340 1375 καθὼς
3376 1315 3602 1383 εἴρηκαν
3636 1315 3694 1366 αἱ

2105 1411 2246 1465 θεῖαι
2277 1410 2520 1482 Γραφαὶ,
2556 1410 2710 1476 κάγὼ
2757 1407 3050 1469 πιστωθεὶς
3084 1405 3146 1471 ἐξ
3193 1406 3376 1460 αὐτῶν
3430 1407 3693 1462 ἀποδέδε-

2104 1520 2266 1574 γμαι.
2309 1502 2448 1556 Ἀλλ’
2491 1501 2609 1554 ἐστι
2651 1517 2741 1572 μοι
2769 1501 2850 1554 ἔτι
2899 1501 3250 1569 δυνατωτάτη
3297 1500 3391 1552 καὶ
3431 1499 3692 1569 ἀναντξρ-

2107 1599 2269 1668 ρητος
2296 1595 2572 1658 ἀντίθεσις
2605 1595 2733 1664 περὶ
2764 1592 2953 1656 αὐτοῦ,
2990 1593 3072 1646 ὅτι
3105 1591 3212 1663 οῑτρὸ
3241 1592 3423 1663 πάσης
3457 1592 3692 1652 κτίσεως

2105 1689 2319 1742 ἔκτισεν
2350 1687 2513 1742 αὐτὸν
2539 1688 2567 1739 6
2595 1685 2749 1749 Θεὸς,
2782 1685 2870 1737 ἵνα
2897 1684 2962 1738 δι’
2993 1683 3162 1737 αὐτοῦ
3188 1683 3256 1736 τὰ
3288 1684 3468 1738 πάντα
3500 1684 3692 1753 κτίσῃ.

419 1778 503 1824 ret
534 1786 548 1822 :
584 1777 638 1823 et
666 1768 780 1822 haec
809 1767 862 1820 in
889 1765 1237 1821 ulterioribus
1260 1765 1762 1822 concertationibus
1785 1765 2003 1820 demon-

2107 1780 2220 1834 Καὶ
2243 1778 2419 1833 ταῦτα
2438 1777 2709 1842 ἀποδείξω
2735 1779 2793 1830 ἐν
2820 1779 2934 1837 τοῖς
2956 1775 3269 1847 ἔμπροσθεν
3297 1774 3410 1829 τῶν
3437 1774 3690 1844 ἀγώνων.

419 1860 626 1914 strabo.

419 1948 708 2022 Responsio
745 1956 1059 2022 sanctorum
1111 1947 1336 2022 Patrum
1373 1963 1466 2022 per
1491 1949 1697 2022 eosdem
1727 1947 2004 2016 piissimos

359 2025 369 2033 '
522 2017 532 2022 '
670 2021 943 2089 episcopos
973 2017 1250 2073 Leontium
1283 2029 1331 2072 et
1374 2017 1756 2089 Eupsychiﬂm-

489 2195 606 2253 Non
645 2198 742 2266 ita,
779 2197 1112 2268 philosophe,
1177 2212 1282 2252 non
1354 2197 1560 2267 poteris
1630 2198 2007 2253 demonstrare

417 2305 537 2360 quae
573 2287 780 2344 dixisti.
813 2289 999 2343 Proles
1028 2288 1172 2343 enim
1208 2286 1438 2353 Dei'est,
1477 2303 1582 2343 non
1607 2303 1767 2357 opus,
1799 2296 1858 2342 ut
1889 2286 2006 2358 plu-

421 2383 568 2436 ribus
603 2379 960 2436 ostendimus.
1015 2378 1081 2433 Et
1137 2379 1282 2447 quis,
1321 2394 1353 2432 ο
1384 2378 1726 2448 philosophe,
1775 2393 1844 2433 ει
1874 2377 2009 2434 viris

415 2472 616 2541 pietate
645 2485 707 2524 ac
741 2469 1028 2538 prudentia
1064 2466 1527 2537 prmpollentibus,
1570 2468 1622 2520 in
1655 2467 1819 2522 tantis
1856 2467 2007 2538 ejusr

416 2564 538 2618 dem
592 2561 820 2625 viribus,
854 2574 1063 2622 earum,
1118 2573 1241 2628 quas
1292 2558 1362 2614 ab
1415 2557 1532 2628 ipso
1583 2558 1814 2614 condita:
1860 2568 2006 2626 sunt,

417 2664 759 2714 naturarum,
791 2659 1048 2719 tanquam
1073 2664 1104 2703 a
1137 2649 1266 2714 Deo,
1297 2649 1398 2703 hoc
1427 2657 1512 2703 est
1550 2648 1618 2703 ab
1645 2648 1760 2717 ipso
1789 2655 2006 2704 creata-

417 2761 561 2810 rum,
595 2759 701 2798 nou
726 2741 1102 2810 obstupescit?
1126 2741 1398 2797 clamante
1437 2741 1721 2811 Scriptura
1753 2760 1766 2795 :
1799 2760 1816 2793 ι
1859 2743 2011 2798 Fecit

418 2837 564 2890 Deus
603 2834 942 2890 hominem"
969 2851 984 2902 ;
1015 2853 1032 2885 ι
1099 2841 1153 2888 ει
1193 2851 1205 2887 :
1237 2851 1255 2885 ι
1291 2831 1433 2887 Vidit
1479 2831 1618 2889 Deus
1661 2843 1854 2890 cuncta
1891 2849 2011 2904 qua:

419 2926 644 2990 fecerat,
681 2937 736 2982 et
759 2937 915 2981 erant
941 2925 1095 2982 valde
1119 2927 1278 2982 bona.
1319 2945 1336 2978 l
1371 2924 1611 2982 Joannes
1635 2938 1815 2982 autem
1846 2941 2011 2983 evan-

419 3020 612 3088 gelista
651 3015 995 3072 manifestius
1039 3015 1379 3071 demonstrat
1433 3016 1610 3086 ipsum
1643 3031 1861 3086 semper
1888 3032 2008 3070 cum

2115 1957 2456 2027 Ἀπόκρισις
2483 1955 2602 2011 τῶν
2630 1957 2816 2024 ἁγίων
2857 1954 3138 2022 Πατέρων
3187 1954 3282 2027 διὰ
3319 1952 3440 2027 τῶν
3493 1954 3698 2027 αὐτῶν

2178 2025 2534 2094 ιδσὶοτὰτων
2582 2027 2934 2081 ἐπισκόπων
2984 2025 3270 2079 Λεοντίου
3334 2025 3434 2078 καὶ
3487 2026 3698 2093 Εὺψιπ-

2179 2101 2336 2171 χίου.

2180 2211 2294 2281 Οὐχ
2313 2209 2508 2273 οὕτως,
2535 2203 2582 2262 ὦ
2604 2208 2886 2278 φιλόσοφε,
2907 2208 3010 2262 οὐκ
3032 2206 3209 2260 ἔνεστι
3236 2205 3408 2272 δεῖξαί
3435 2222 3493 2258 σε
3519 2207 3696 2260 ταῦτα

2109 2299 2254 2370 ἅπερ
2281 2299 2438 2369 ἔφης.
2476 2300 2696 2369 Γένημα
2721 2298 2830 2369 γάρ
2862 2299 2979 2351 ἐστι
3008 2298 3101 2351 τοῦ
3129 2299 3286 2366 Θεοῦ,
3322 2304 3418 2354 καὶ
3445 2303 3506 2355 οὐ
3533 2302 3694 2370 ποίη-

2113 2410 2210 2464 μα,
2236 2391 2491 2463 καθάπερ
2509 2392 2596 2445 διὰ
2617 2391 2878 2446 πλειόνων
2901 2393 3289 2464 ἀπεδείξαμεν.
3317 2394 3427 2446 Καὶ
3448 2395 3530 2457 τίς
3560 2393 3696 2464 γὰρ,

2108 2478 2156 2539 ὦ
2207 2483 2500 2553 φιλόσοφε,
2554 2483 2660 2536 τῶν
2701 2484 2757 2536 ὲν
2809 2482 3063 2555 εὐσεϐείᾳ
3108 2485 3202 2538 καὶ
3241 2485 3491 2554 ἀγχινοίᾳ
3531 2485 3700 2539 πλου-

2109 2575 2346 2630 τούντων
2371 2575 2582 2644 ἀνδρῶν
2610 2576 2711 2628 οὐκ
2741 2574 3104 2645 ἐκπλήττεται
3140 2577 3232 2630 ἐπὶ
3261 2579 3380 2639 ταῖς
3405 2577 3700 2639 τοσαύταις

2111 2666 2274 2720 αὐτοῦ
2323 2666 2628 2736 ἐνεργείαις
2675 2666 2784 2719 τῶν
2835 2667 2926 2718 ὐπ’
2966 2665 3134 2719 αὐτοῦ
3181 2666 3702 2738 δημιουργηθεισῶι

2112 2756 2360 2824 φύσεων,
2397 2755 2473 2819 ὡς
2507 2754 2614 2807 ὐπὸ
2647 2754 2818 2821 Θεοῦ,
2855 2755 3000 2809 τοῦτ’
3043 2757 3190 2810 ἐστιν
3235 2755 3326 2809 ὐπ’
3360 2757 3524 2810 αὐτοῦ
3581 2775 3703 2812 κτι-

2113 2844 2342 2899 σθεισῶν
2368 2861 2384 2912 ;
2408 2845 2503 2915 τῆς
2532 2844 2752 2912 Γραφῆς
2777 2842 3016 2914 βοώσης’
3038 2862 3057 2895 ι
3081 2845 3365 2916 Ἐποὶησεν
3393 2845 3421 2896 6
3445 2846 3577 2909 Θεὸς
3607 2847 3702 2899 τὸν

2111 2932 2419 3004 ἄνθρωπον.
2475 2952 2491 2984 ι
2543 2932 2691 2996 Καὶ,
2734 2951 2752 2980 ι
2809 2926 2961 2984 Εἷδεν
3013 2933 3041 2984 6
3085 2932 3215 2996 Θεὸς
3255 2933 3322 2986 τὰ
3366 2935 3544 2988 πάντα
3594 2935 3698 2988 ὅσα

2113 3025 2357 3095 ἐποίησε,
2404 3023 2499 3077 καὶ
2533 3023 2642 3075 ἰδοὺ
2674 3022 2812 3075 καλὰ
2840 3022 2983 3077 λίαν.
3035 3043 3052 3073 ι
3102 3023 3355 3096 Ἰωάννης
3386 3023 3442 3078 δὲ
3472 3029 3500 3079 ὁ
3530 3027 3693 3094 εὐαγ-

415 3107 579 3162 Patre
613 3109 902 3172 exsistere,
936 3117 1266 3164 coaeternum
1320 3109 1472 3165 Patri
1497 3121 1550 3166 et
1587 3111 1859 3178 superiori
1916 3126 2003 3165 ca-

2115 3115 2368 3185 γελιστὴς
2404 3115 2754 3185 σαφεστέρως
2789 3113 3063 3166 δείκνυσιν
3105 3115 3370 3169 αὐτὸνάεὶ
3427 3115 3691 3185 συνυπάρ-

422 3216 648 3265 rentem,
685 3212 740 3258 ut
777 3203 971 3258 Pater:
999 3222 1016 3254 ι
1051 3203 1108 3256 ln
1134 3202 1400 3272 principio
1447 3201 1618 3268 enim,
1659 3201 1856 3270 inquit,
1891 3211 2006 3255 erat

421 3295 679 3360 Verbum,
701 3306 754 3348 ct
786 3295 1019 3350 Verbum
1057 3303 1176 3348 erat
1206 3294 1346 3363 apud
1382 3292 1574 3356 Deum,
1611 3301 1666 3347 et
1702 3290 1848 3348 Deus
1885 3301 2003 3346 erat

425 3382 678 3448 Verbum.
715 3383 826 3440 lloc
845 3395 964 3438 erat
995 3383 1048 3438 in
1075 3382 1344 3453 principio
1391 3381 1533 3453 apud
1564 3383 1753 3437 Deum.
1809 3381 2004 3437 Omnia

423 3491 520 3545 per
552 3477 725 3544 ipsum
763 3475 900 3530 facta
937 3484 1084 3540 sunt,
1115 3485 1166 3528 et
1196 3475 1315 3530 sine
1357 3475 1474 3544 ipso
1515 3474 1718 3530 factum
1742 3482 1825 3529 est
1848 3473 2001 3538 nihil,

421 3568 564 3638 quod
593 3568 792 3623 factum
831 3569 998 3626 est“.
1035 3587 1054 3621 ι
1097 3569 1236 3624 Ecce
1265 3569 1608 3637 apertissime
1636 3577 1941 3628 ostensum,
1973 3581 2006 3621 ο

421 3660 760 3730 philosophe,
798 3663 942 3731 quod
973 3659 1143 3715 Filius
1163 3661 1341 3715 omnis
1370 3666 1568 3714 creata:
1593 3669 1802 3712 naturae
1825 3657 2005 3728 upifex

422 3754 514 3807 sit.
545 3750 714 3823 Igitur
743 3753 786 3807 si
827 3751 1006 3820 Opifes
1063 3761 1146 3806 est
1198 3751 1440 3807 omnium
1493 3760 1888 3813 creaturarum,
1947 3756 2006 3800 ut

422 3859 611 3899 revera
662 3851 745 3898 est
783 3855 890 3899 tam
919 3858 1106 3900 earum
1138 3859 1258 3914 qua:
1293 3842 1566 3908 videntur,
1603 3856 1768 3911 quam
1817 3854 2002 3894 carmn

420 3950 539 4004 qua:
611 3937 1016 4008 intelliguntur,
1089 3935 1435 3991 ntanifestnm
1498 3945 1584 3988 est
1659 3933 1799 4002 quod
1879 3946 2006 3985 vere

424 4035 562 4088 Deus
619 4040 810 4084 natura
875 4029 976 4092 sit,
1021 4038 1076 4082 et
1125 4043 1227 4083 non
1278 4029 1735 4086 instrumentum.
1787 4032 1846 4078 ut
1891 4023 2000 4087 ais,

423 4139 598 4194 neque
629 4133 900 4188 creatura,
928 4131 1102 4191 neque
1131 4121 1364 4184 factura,
1397 4134 1571 4189 neque
1615 4118 1774 4173 Patre
1821 4125 2004 4184 poste-

423 4221 554 4274 rior.
581 4215 711 4271 illud
737 4215 904 4280 enim,
930 4224 1063 4280 erat,
1096 4216 1164 4268 ab
1191 4210 1528 4279 evangelista
1552 4217 1744 4274 quater
1772 4207 2001 4270 dictum,

421 4325 526 4366 non
555 4309 718 4364 habet
767 4306 970 4378 aliquid
1037 4307 1184 4375 quod
1237 4313 1363 4357 ante
1422 4301 1570 4355 illtnn
1607 4299 1894 4354 exstiterit.
1938 4297 2004 4353 Ut

422 4409 604 4454 autem
635 4397 1031 4467 perfectissime
1081 4407 1348 4460 agnoscas
1388 4387 1532 4458 quod
1585 4401 1688 4440 non
1729 4397 1816 4442 est
1845 4385 2002 4441 alteri

2107 3224 2272 3278 χοντα
2317 3205 2392 3276 τῷ
2433 3205 2633 3276 Πατρὶ,
2677 3204 2944 3258 συναῖδιόν
2990 3221 3050 3257 τε
3099 3205 3194 3258 καὶ
3245 3205 3581 3276 σανάναρχον
3615 3205 3696 3275 τῷ

2107 3299 2284 3368 Πατρί
2309 3315 2320 3326 ·
2362 3315 2382 3350 ι
2431 3297 2519 3350 Ἐν
2561 3299 2702 3368 ἀρχῇ
2740 3295 2872 3366 γὰρ,
2901 3297 3090 3367 φησὶν,
3133 3293 3201 3369 ἦν
3239 3299 3267 3352 6
3296 3297 3490 3367 Λόγος,
3529 3298 3625 3352 καὶ
3668 3300 3700 3352 6

2107 3391 2281 3459 Λόγος
2305 3387 2372 3462 ἦν
2401 3391 2534 3461 πρὸς
2564 3389 2654 3442 τὸν
2679 3390 2834 3453 Θεὸν,
2865 3391 2956 3442 καὶ
2987 3389 3120 3453 Θεὸς
3149 3385 3216 3461 ἦν
3245 3391 3272 3442 6
3296 3390 3470 3460 Λόγος
3492 3407 3505 3420 ·
3536 3383 3701 3453 οὗτος

2105 3479 2172 3555 ἦν
2208 3485 2264 3535 ὲν
2299 3484 2441 3553 ἀρχῇ
2479 3481 2614 3552 πρὸς
2649 3482 2740 3534 τὸν
2766 3481 2918 3534 Θεόν.
2957 3481 3144 3535 Πάντα
3171 3480 3240 3534 δι’
3271 3481 3436 3535 αὐτοῦ
3477 3481 3705 3551 ἐγένετο

2106 3575 2202 3628 καὶ
2232 3575 2402 3644 χωρίς
2425 3571 2592 3626 αὐτοῦ
2634 3572 2854 3642 ἐγένετο
2881 3571 3003 3627 οὐδὲ
3035 3571 3116 3635 ἓν,
3150 3573 3178 3626 ὃ
3207 3575 3456 3642 γέγονεν.
3497 3592 3514 3623 ι
3563 3573 3701 3627 Ἰδοὺ

2107 3665 2423 3736 σαφέστατα
2442 3664 2732 3727 δέδεικται,
2756 3658 2801 3717 ὧ
2828 3665 3110 3734 φιλόσοφε,
3135 3665 3219 3718 ὅτι
3249 3665 3430 3734 πάσης
3458 3663 3700 3734 γενητῆς

2107 3755 2324 3826 φύσεως
2357 3755 2693 3826 δημιουργὸς
2731 3757 2760 3807 ὁ
2794 3755 2957 3820 Υἱός·
2997 3758 3045 3809 εἰ
3080 3751 3176 3809 οὖν
3213 3754 3554 3826 Δημιουργὸς
3584 3753 3701 3806 τῶν

2103 3847 2243 3903 ὅλων
2273 3847 2592 3916 κτισμάτων
2619 3843 2788 3912 ἐστὶν,
2814 3844 3003 3914 ὥσπερ
3033 3841 3126 3898 οῦν
3157 3845 3250 3898 καὶ
3280 3843 3452 3906 ἔστιν,
3482 3844 3701 3914 δρωμέ-

2105 3955 2208 3994 νων
2231 3955 2291 3992 τε
2320 3937 2416 3993 καὶ
2445 3937 2779 4006 νοουμένων,
2809 3936 2972 4004 δῆλον
2997 3935 3081 3989 ὅτι
3111 3935 3242 3997 Θεὸς
3265 3931 3482 4003 ἀληθῶς
3509 3931 3697 4001 φύσει,

2105 4029 2200 4082 καὶ
2253 4029 2354 4082 οὐκ
2410 4026 2720 4098 ἐργαλεῖον,
2783 4026 2856 4089 ὡς
2920 4025 3050 4095 φὴς,
3107 4022 3234 4077 οὐτε
3286 4024 3514 4093 κτίσμα,
3570 4021 3700 4076 οὐτε

2105 4119 2336 4190 ποίημα,
2353 4119 2478 4172 οὐτε
2504 4117 2967 4189 μεταγενέστερος
2991 4115 3082 4170 τοῦ
3105 4117 3336 4187 Πατρός.
3362 4115 3434 4168 Τὸ
3457 4114 3566 4185 γὰρ
3595 4110 3698 4184 ἦν,

2103 4213 2358 4284 τετράκις
2391 4211 2580 4283 λεχθὲν
2609 4211 2714 4266 ὐπὸ
2741 4209 2836 4264 τοῦ
2859 4207 3272 4278 εὐαγγελιστοῦ,
3304 4207 3364 4261 τὸ
3394 4208 3688 4278 προῦπάρ-

2104 4322 2198 4376 χον
2225 4307 2326 4360 οὐκ
2351 4305 2486 4374 ἔχει.
2512 4305 2631 4359 Ἵνα
2657 4304 2715 4358 δὲ
2746 4304 3103 4365 τελειοτάτως
3131 4302 3317 4373 γνώσῃ
3342 4301 3541 4370 ὃτιούχ
3562 4301 3698 4353 ὑπε-

2109 4394 2342 4460 ξούσιος,
2373 4395 2486 4448 ἀλλ’
2509 4393 2873 4458 αὐτεξούσιος,
2893 4393 2970 4456 ὡς
3004 4394 3097 4445 καὶ
3129 4389 3384 4460 ὁΠατὴρ,
3409 4387 3565 4457 δέχου
3602 4390 3698 4440 καὶ

422 4491 719 4561 subjectus,
756 4491 850 4545 sed
872 4487 956 4542 sui
985 4485 1154 4555 ipsius
1204 4483 1368 4536 habet
1405 4478 1703 4534 dominium
1730 4487 1787 4531 ut
1815 4477 1998 4544 Pater,

2107 4484 2274 4553 ἄλλην
2310 4483 2717 4554 ἐναργεστάτην
2759 4481 3087 4554 μαρτυρῖαν.
3127 4481 3328 4534 ’Ἄκουε
3375 4477 3553 4532 τοίνυν
3599 4473 3694 4528 τοῦ

423 4587 611 4655 accipe
677 4585 822 4638 aliud
873 4579 1354 4651 expressissimum
1419 4573 1809 4628 testimonium.
1863 4573 2001 4629 Audi

426 4694 554 4750 ergo
578 4677 822 4732 divinum
861 4673 1058 4728 Isaiam
1090 4670 1419 4725 clamantem
1459 4683 1474 4720 :
1509 4683 1527 4717 ι
1569 4664 1633 4720 Ει
1669 4665 1850 4721 volent
1883 4682 2006 4722 csse

427 4773 550 4841 igne
585 4767 940 4824 combusti".
975 4783 994 4816 ›
1054 4761 1257 4816 Jndteis
1318 4757 1686 4828 pmnuntians
1731 4777 1744 4813 :
1803 4779 1821 4810 ε
1866 4759 2003 4826 Quia

428 4877 560 4927 puer
582 4867 743 4913 natus
779 4865 867 4910 est
909 4853 1089 4918 nobis,
1132 4851 1300 4906 Filius
1335 4852 1493 4906 datus
1520 4863 1600 4904 est
1641 4851 1816 4917 nobis,
1853 4849 2006 4916 cujus

425 4949 759 5017 principatus
784 4945 958 4998 lactus
983 4951 1065 4998 est
1088 4956 1250 5010 super
1285 4942 1569 4994 humerum
1599 4939 1736 5007 ejus,
1763 4949 1815 4991 et
1843 4952 2005 4991 voca-

429 5052 515 5094 tur
543 5051 740 5094 nomen
769 5033 884 5102 cjus
911 5035 1090 5103 magni
1134 5034 1350 5086 ennsilii
1387 5033 1630 5092 llillllillS,
1666 5029 2004 5084 admirabilis

427 5129 787 5190 consiliarius,
845 5123 986 5180 Deus
1027 5125 1203 5189 fortis,
1271 5135 1482 5192 potens,
1519 5124 1774 5190 prium-ps
1827 5121 1998 5188 pacis,

427 5233 582 5289 pater
610 5219 774 5273 futuri
803 5218 1068 5272 saeculi".
1109 5237 1128 5269 ›
1163 5219 1324 5284 Audi,
1359 5215 1696 5284 philosophe.
1726 5212 1998 5266 dominum

427 5331 552 5367 cum
587 5325 709 5367 esse
743 5311 1108 5379 prmdicatum,
1157 5325 1264 5364 non
1330 5319 1508 5362 autem
1545 5306 1896 5366 aninistrum,
1947 5313 2006 5357 ut

431 5421 529 5461 vos
555 5403 753 5458 dicitis.
782 5402 837 5456 In
868 5417 974 5457 uno
1004 5413 1182 5456 autem
1215 5415 1438 5455 suorum
1465 5397 1857 5452 beneficiorum
1891 5395 2006 5463 ipse

428 5495 599 5552 Filius
631 5495 719 5548 Dei
749 5496 1055 5566 nnigenitus
1087 5491 1332 5548 exhibuit
1364 5491 1606 5560 seipsnm
1637 5487 1915 5541 dominum
1951 5497 2007 5540 et

429 5599 727 5644 creatorem
772 5589 1026 5655 hominis,
1075 5586 1127 5640 in
1165 5585 1543 5654 supplemento
1588 5581 1816 5644 scilicrt,
1859 5579 2000 5646 quod

500 5741 545 5775 "
577 5742 785 5799 Bai-ach
819 5760 895 5808 nt,
920 5743 1114 5796 52-58.
1193 5737 1238 5770 “
1264 5738 1366 5795 lsa.
1399 5752 1483 5801 η,
1514 5735 1600 5789 9.5.

1688 5737 1731 5766 ‘°
1764 5734 1900 5789 Gen.
1941 5749 1976 5798 1,
2009 5732 2074 5785 “lii

2105 4573 2397 4630 θεσπεσίου
2439 4573 2664 4626 Ἡσαΐου
2689 4572 2940 4642 βοῶντος·
2976 4591 2995 4625 ι
3027 4571 3138 4626 Καὶ
3159 4571 3470 4640 θελήσουσι,
3504 4568 3693 4638 φησιν,

2105 4665 2152 4716 εἰ
2183 4662 2556 4734 ἐγεννήθησαν
2599 4663 2986 4734 πυρίκαυστοι.
3027 4682 3047 4713 ι
3081 4663 3206 4725 Τοῖς
3247 4661 3523 4724 Ἰουδαίοις
3557 4675 3694 4728 προ-

2104 4753 2406 4824 αναωνῶν
2425 4771 2438 4785 ’
2467 4773 2486 4805 ε
2519 4755 2642 4808 Ὅτι
2663 4756 2874 4809 παιδίον
2907 4755 3172 4824 ἐγεννήθη
3199 4756 3354 4824 ἡμῖν,
3384 4753 3512 4816 Υἱὸς
3535 4751 3690 4819 ἐδόθη

2105 4847 2258 4915 ἡμῖν,
2290 4839 2351 4899 οὒ
2385 4847 2416 4916 ἡ
2453 4846 2596 4916 ἁρχὴ
2627 4846 2720 4898 ἐπὶ
2765 4844 2860 4898 τοῦ
2893 4843 3045 4914 (epos
3077 4843 3244 4897 αὐτοῦ
3266 4883 3281 4906 ,
3313 4843 3410 4895 καὶ
3444 4840 3692 4893 καλεῖται

2113 4938 2170 4992 τὸ
2197 4938 2367 5007 ὄνομα
2399 4938 2562 4991 αὐτσῦ
2598 4937 2840 5008 μεγάλης
2870 4938 3062 5006 βουλῆς
3094 4936 3345 5002 ἅγγελος,
3379 4931 3694 5002 θαυμαστὸς

2114 5026 2449 5098 σύμϐουλος,
2495 5027 2625 5090 Θεὸς
2663 5028 2912 5097 ἰσχυρὸς,
2957 5024 3316 5096 ὲξουσιαστὴς
3341 5063 3354 5086 ,
3402 5025 3588 5094 ἄρχων
3620 5024 3696 5075 εἰ-

2112 5121 2316 5190 ρήνης,
2369 5119 2550 5189 πατὴρ
2603 5118 2696 5170 τοῦ
2754 5118 3037 5188 μέλλοντος
3099 5115 3313 5177 αἰῶνος.
3377 5135 3395 5165 ›
3457 5115 3688 5172 Ἄκουε,

2111 5211 2392 5279 φιλόσοφε,
2429 5210 2784 5280 ἐξουσιαστὴν
2813 5211 2978 5264 αὐτὸν
3021 5209 3560 5279 προκηρυττὸμενον,
3600 5209 3693 5257 τί

2113 5304 2207 5369 οὐχ
2248 5299 2566 5364 ὐπεξούσιον
2587 5341 2601 5362 ,
2633 5301 2815 5364 καθὼς
2857 5304 3018 5370 ἡμεῖς
3050 5317 3206 5368 φατε.
3252 5299 3336 5351 Ἑν
3367 5297 3423 5350 δὲ
3457 5299 3554 5367 μιᾷ
3585 5297 3693 5348 πᾶν

2108 5392 2275 5446 αὐτοῦ
2312 5392 2643 5463 εὐεργεσιῶν
2683 5392 3020 5461 παρίστησιν
3056 5389 3249 5442 ἑαυτὸν
3279 5392 3307 5440 6
3342 5389 3502 5449 αὐτὸς
3537 5405 3695 5457 μικκ-

2110 5485 2270 5556 γενὴς
2301 5485 2430 5547 Υἱὸς
2457 5483 2552 5536 τοῦ
2579 5483 2716 5536 Θεοῦ
2748 5482 3100 5548 αὐτεξούσιόν
3129 5499 3188 5534 τε
3221 5483 3314 5534 καὶ
3341 5479 3570 5546 κτίστην
3597 5477 3691 5528 τιῖῦ

2109 5576 2396 5646 ἀνθρώπου
2426 5577 2516 5628 ἐπὶ
2546 5579 2612 5645 τῇ
2637 5575 2728 5628 τοῦ
2759 5578 2822 5629 ὲκ
2847 5574 3113 5644 γεννητῆς
3137 5572 3341 5643 τυφλοῦ
3365 5569 3692 5639 ἀναπληρώο

2173 5732 2216 5763 ⁸⁸
2242 5729 2399 5785 J-ian.
2435 5745 2472 5795 I,
2509 5730 2624 5782 l-S.
2703 5730 2744 5760 δ’
2782 5728 2880 5784 lsa.
2911 5745 2984 5794 ιτ,
3017 5729 3069 5782 3i.
3154 5729 3198 5760 δ’
3227 5728 3351 5782 ibid.
3385 5726 3438 5780 6.

2703 5730 2744 5760 ³³
2782 5728 2880 5784 lsa.
2911 5745 2984 5794 ιτ,
3017 5729 3069 5782 ὅ.
