4070 6450
368 437 506 503 12ὓό

535 552 548 569 ο
605 552 617 569 η
738 553 749 569 Ι
829 551 853 563 υ
977 553 999 563 ⁸⁸

367 568 470 615 σει,
529 570 602 603 υπ
690 571 854 605 αυτοῦ
911 572 1001 606 του

384 645 750 712 ὶΑπαύγασμα
795 648 909 717 γάρ
952 648 1064 699 ἐστι
1108 647 1198 700 τοῦ
1244 649 1458 717 Πατρὸς
1510 647 1807 711 συναῖδιον,
1858 647 1950 698 καὶ

369 737 657 806 χαρακτὴρ
675 738 1095 805 ἀπαράλλακτος
1116 740 1213 808 τῆς
1235 740 1363 809 ὅλης
1381 738 1547 793 αὐτοῦ
1579 739 1948 800 ὑποστάσεως,

367 825 510 878 καθά
533 843 667 895 φησι
702 828 911 891 Παῦλος
940 832 966 882 ό
1001 832 1321 895 ἀπόστολος,
1355 833 1414 884 τὸ
1444 832 1636 893 σκεῦος
1664 831 1765 901 τῆς
1792 831 1950 882 ἐκλο-

367 917 494 986 γῆς.
537 917 690 977 Ἰδοὺ,
725 918 1006 988 φιλόσοφε,
1037 922 1279 976 τοσοῦτοι
1303 923 1562 994 ἄναρχον,
1596 922 1829 992 ἐπείπερ
1857 923 1952 974 καὶ

370 1008 726 1061 συνάκτιστον
767 1010 845 1080 τῷ
884 1012 1076 1083 Πατρὶ,
1112 1015 1338 1085 κτίστην
1371 1033 1430 1068 τε
1468 1015 1658 1068 πασῶν
1694 1015 1802 1067 τῶν
1834 1032 1953 1068 κτι-

372 1099 512 1151 στῶν
546 1099 763 1167 φύσεων
787 1143 799 1161 .
842 1103 985 1155 καθὰ
1026 1105 1345 1168 πλειστάκις
1381 1108 1683 1177 εἰρήκαμεν
1706 1146 1720 1167 ,
1754 1107 1862 1159 τῶν
1893 1123 1953 1158 τε

368 1189 693 1258 ὁρωμένων,
726 1192 834 1243 τῶν
886 1211 942 1245 τε
992 1197 1298 1265 νοουμένων
1322 1241 1335 1263 ,
1372 1196 1463 1251 τὸν
1500 1198 1630 1249 Υἱὸν
1666 1196 1762 1249 τοῦ
1818 1196 1953 1250 Θεοῦ

369 1280 680 1347 ἀπέδειξαν.
719 1284 827 1336 Ποῦ
863 1284 919 1336 δὲ
957 1288 1046 1338 καὶ
1075 1289 1123 1340 οί
1158 1289 1440 1360 μάρτυρες
1481 1288 1589 1342 τῶν
1632 1288 1954 1358 ἐργαλείων,

372 1373 545 1442 φῆσον
567 1376 614 1426 εἰ
639 1373 815 1445 ἔχεις·
849 1377 988 1447 τάχα
1011 1375 1105 1432 οῦν
1137 1380 1233 1432 καὶ
1262 1381 1340 1443 εἰς
1370 1380 1628 1450 ἐργαλεῖα
1660 1380 1957 1444 πιστεύσας

373 1463 731 1537 ὲῦαπτίσθης,
796 1468 977 1540 εἴπερ,
1026 1470 1100 1533 ὡς
1147 1471 1273 1543 φὴς,
1330 1472 1517 1534 πιστὸς
1568 1473 1830 1544 ὑπάρχεις
1881 1471 1957 1543 τῷ

371 1555 513 1626 θεῷ.

974 1676 1227 1729 ΚΕΦΑΛ.
1282 1676 1390 1730 III'.

387 1780 754 1863 Ἀζτίρῤησις
797 1791 1280 1863 τοῦ-φιλοςόφου
1328 1794 1459 1861 περὶ
1500 1796 1626 1849 τοῦ·
1676 1814 1694 1847 ι
1743 1798 1958 1863 Κύριος

442 1851 648 1935 ἑξκτισέ
670 1875 748 1924 με
778 1851 975 1938 ἁρχὶιξ·
1004 1851 1369 1940 (εδών’(ιιῖνξοῦ
1396 1851 1483 1930 ἶεῖὶς·
1510 1865 1654 1934 ἔργα
1689 1851 1899 1929 αὐτόῦ,
1934 1851 1952 1918 ί
1992 1896 2034 1950 Β

445 1931 512 1976 ἐκ
546 1931 664 1979 τῶν
690 1931 1016 1999 παροιμιῶν
1054 1932 1463 2000 Σολομῶντος.

453 2037 623 2102 Ἐπεὶ,
648 2042 800 2109 φησι,
824 2043 1076 2097 τοσοῦτον
1096 2044 1345 2114 βιάζεσθε
1375 2047 1532 2116 ὑμεῖς
1558 2047 1655 2117 τὴν
1671 2047 1953 2117 ἀλήθειαν,

374 2128 428 2180 τί
477 2129 726 2199 εἴποιμεν
763 2134 891 2204 περὶ
924 2134 1130 2206 ταύτης
1170 2137 1270 2207 τῆς
1309 2140 1547 2208 φανερᾶς
1583 2138 1803 2203 λέξεως.
1837 2141 1955 2210 τῆς·

380 2237 400 2270 ⁸
445 2220 647 2291 Κύριος
682 2221 863 2278 ἕκτισέ
901 2243 969 2296 με
1016 2228 1190 2300 ἀρχὴν
1224 2228 1359 2283 ὁδῶν
1390 2232 1552 2284 αὐτοῦ
1584 2234 1663 2296 εἰς
1699 2232 1833 2302 ἔργα
1863 2235 1958 2287 αύ-

374 2329 487 2366 του.
529 2336 547 2367 ι

388 2423 733 2500 Ἀπόκρισις
759 2429 877 2483 τῶν
912 2432 1096 2499 ἁγίων
1138 2432 1412 2500 Πατέρων
1457 2435 1573 2489 τῶν
1612 2435 1961 2490 ἐπισκόπων

447 2495 545 2571 διᾲ
570 2499 868 2553 Εὐσεϐιόυ
892 2495 998 2554 τοῦ
1024 2495 1346 2571 Παμφίλου
1375 2504 1710 2560 ἐπισκόπου
1737 2509 1959 2561 Καισα-

440 2566 611 2633 ρείας
651 2572 1039 2638 Παλαιτίιης.

451 2679 515 2730 Τί
542 2679 786 2745 πιθανῶς
817 2684 911 2736 καὶ
946 2684 1145 2755 ῥᾳδίως
1170 2726 1184 2750 ,
1213 2687 1291 2749 ὡς
1318 2688 1439 2753 οῐει,
1468 2688 1594 2750 τοὺς
1622 2685 1816 2756 βυθοὺς
1844 2687 1962 2742 δια-

378 2770 741 2839 capionem;
776 2776 851 2845 μὴ
885 2777 1086 2846 σαυτῷ,
1125 2771 1171 2830 ὦ
1198 2778 1479 2847 φιλόσοφε,
1511 2780 1766 2850 ἀφορμὰς
1796 2781 1961 2837 ἀνάν-

379 2860 537 2933 δρους
560 2863 884 2933 ἐπισώρευεο
913 2868 1015 2937 ὅρα
1049 2869 1123 2937 μή
1153 2886 1269 2931 πως
1290 2869 1671 2934 δυσεπιϐάτοις
1694 2876 1964 2942 κρημνοῖς

380 2952 862 3023 ἁπαραφυλάκτως
914 2959 1112 3021 ἐπιϐὰς
1154 2960 1526 3032 κρημνισοῇς.
1578 2962 1718 3017 Ἀλλ’
1763 2965 1843 3027 είς
1878 2965 1960 3031 τὸ,

388 3060 406 3091 ι
454 3043 654 3112 Κύριος
685 3045 866 3100 ἔκτισέ
908 3067 976 3119 με
1003 3091 1016 3107 .
1063 3070 1081 3101 ›
1124 3050 1220 3104 νῦν
1252 3053 1494 3122 φήσομεν
1526 3053 1555 3105 ὃ
1587 3054 1635 3106 οἱ
1669 3054 1778 3125 πρὸ
1805 3055 1965 3126 ἡμῶν

381 3133 651 3198 ἐξέδωκαν
682 3139 809 3209 περὶ
836 3140 935 3209 τῆς
961 3140 1163 3205 λέξεως
1191 3141 1417 3211 ταύτης,
1446 3146 1563 3213 τῆς,
1592 3145 1672 3199 ὅτι
1705 3163 1723 3196 ι
1760 3145 1963 3217 Κύριος

1250 445 1617 504 HISTORIA
1655 446 1989 504 CtZtNCILII
2030 446 2334 508 NICIENI.
2377 475 2447 483 -
2483 452 2630 511 LIB.
2672 454 2753 513 II.

1058 555 1187 607 Υίοῦ
1240 555 1332 608 τοῦ
1389 557 1524 608 ΘΞθυ
1579 556 1942 626 γεγενημένῃ.

2075 572 2168 626 pse
2194 560 2285 615 Dei
2323 560 2495 615 Filius
2531 563 2654 618 fecit
2699 565 2751 617 in
2788 582 2931 621 caeco
2960 583 2989 620 a
3031 568 3332 625 nativitate.
3368 532 3633 643 S‘plendor

3496 458 3629 523 I266

3378 515 3431 545 α

2055 660 2139 702 est
2186 650 2330 704 enim
2376 650 2519 705 Patri
2589 663 2913 721 coaeternus,
2961 667 3016 712 et
3057 659 3223 725 ﬁgura
3285 662 3634 719 immutabilis

2059 739 2224 794 totius
2278 742 2595 796 substantia:
2630 745 2832 813 ejus”,
2871 757 2927 801 ιιι
2960 750 3033 803 ait
3085 751 3283 805 Paulus
3335 754 3630 823 apostolus,

2058 843 2152 883 vas
2200 829 2502 886 electionis.
2543 831 2620 885 Ειι
2663 834 2996 905 philosophe,
3063 848 3170 893 tam
3230 841 3379 895 multi
3434 841 3632 897 Filium

2058 920 2154 976 Dei
2184 921 2498 989 sineinilio,
2530 940 2722 993 nempe
2764 928 3063 984 increatum
3100 944 3159 986 ut
3187 931 3427 997 Patrem,
3466 933 3636 989 facto-

2058 1026 2171 1067 rem
2202 1020 2382 1068 autem
2421 1017 2664 1069 omnium
2700 1027 3008 1074 creatarum
3042 1031 3381 1089 naturarum,
3413 1033 3470 1078 ιιι
3493 1040 3637 1094 saepe

2057 1102 2317 1168 diximus,
2348 1119 2534 1160 earum
2566 1122 2685 1177 qua:
2723 1109 2994 1177 videntur,
3026 1123 3080 1168 et
3111 1128 3230 1182 qua:
3280 1114 3637 1185 intelligentia

2059 1195 2455 1263 percipiuntur,
2506 1198 2966 1259 demonstrarunt.
3019 1204 3123 1260 Ubi
3179 1214 3358 1259 autem
3409 1207 3520 1261 sint
3555 1207 3639 1261 iuo

2058 1293 2489 1340 strumentorum
2527 1296 2710 1354 testes,
2738 1290 2909 1357 dicas,
2939 1292 2983 1347 si
3012 1292 3178 1351 babes
3211 1312 3225 1349 :
3255 1304 3311 1350 et
3336 1297 3444 1350 cito
3477 1296 3640 1366 igitur

2060 1374 2374 1431 credensin
2430 1377 2791 1435 instrumenta
2845 1384 3183 1453 baptizeris,‘
3215 1394 3525 1458 postquam,
3584 1394 3641 1440 ιιι

2061 1468 2163 1535 ais,
2196 1469 2306 1525 Deo
2335 1470 2506 1528 ﬁdelis
2530 1473 2771 1529 exsistis.

2632 1679 2863 1737 CAPUT
2887 1682 3071 1739 XVIII.

2064 1789 2430 1875 Contradictio
2479 1793 2780 1875 phiiosOpIti
2806 1795 2870 1849 de
2909 1812 2966 1849 eo
2992 1813 3013 1852 τ
3047 1796 3358 1875 «Dominus
3409 1799 3643 1854 condidit

2135 1878 2216 1915 me
2268 1868 2491 1937 mittunt
2533 1868 2737 1937 piarunt
2802 1882 3022 1920 suarum
3074 1868 3128 1921 in
3165 1883 3323 1937 opera
3362 1885 3496 1935 sua;
3525 1888 3543 1922 ι
3579 1885 3645 1925 ea:

2137 1932 2424 2000 proverbiis
2453 1932 2777 1989 Salomonis.

2137 2048 2451 2117 Postquam,
2481 2047 2675 2117 inquit,
2717 2059 3001 2117 tantopere
3033 2053 3138 2106 vim
3178 2052 3360 2107 facitis
3407 2053 3645 2120 veritati,

2066 2139 2193 2208 quid
2212 2140 2451 2195 dicemus
2485 2141 2552 2195 de
2582 2141 2683 2195 hac
2716 2141 3001 2195 manifesta
3033 2145 3301 2199 sententia
3341 2163 3355 2200 :
3399 2162 3417 2196 ι
3463 2144 3648 2200 Domi-

2066 2246 2166 2285 nus
2200 2232 2443 2286 condidit
2490 2248 2577 2288 me
2633 2232 2848 2286 initium
2879 2233 3090 2288 viarum
3137 2250 3357 2291 suarum
3398 2237 3450 2290 in
3480 2250 3645 2305 opera

2065 2323 2241 2379 sua“.
2275 2342 2293 2375 ι

2067 2434 2354 2507 Responsio
2414 2445 2718 2489 sanctorum
2779 2438 3142 2507 ειιὶδςοροιίιιηι
3215 2456 3307 2507 per
3363 2439 3646 2494 Eusebium

2234 2505 2503 2574 Pamphili
2538 2508 2836 2574 episcOpum
2870 2504 3127 2562 (ἔσεται-ραι
3150 2504 3479 2563 Palaestinis.

2142 2689 2280 2756 Quid
2309 2690 2578 2759 profunda
2611 2700 2866 2761 penetras
2905 2691 3256 2760 probabiliter
3284 2706 3350 2744 ac
3387 2691 3565 2753 facile,
3593 2698 3652 2743 ιιι

2071 2782 2388 2838 existimas?
2411 2797 2475 2837 ne
2510 2783 2601 2837 tibi
2634 2782 2758 2852 ipsi,
2785 2798 2819 2837 ο
2848 2783 3189 2852 philosophe,
3241 2782 3421 2837 mollia
3458 2798 3647 2836 cuum.

2071 2872 2150 2927 les
2188 2879 2507 2940 argumenta
2550 2890 2563 2926 :
2607 2872 2731 2926 vide
2772 2887 2840 2926 ne
2894 2873 3146 2941 scopulos
3194 2872 3341 2926 aditu
3405 2870 3659 2927 didicilcs

2073 2964 2289 3018 incaute
2319 2962 2708 3025 conscendens,
2750 2977 2988 3031 praeceps
3027 2977 3174 3016 ruas.
3213 2960 3406 3016 Verum
3436 2962 3503 3016 de
3538 2962 3653 3024 illo,

2078 3074 2099 3107 (
2140 3054 2399 3109 Dominus
2427 3053 2664 3108 condidit
2699 3068 2804 3116 me,
2844 3071 2863 3104 ›
2906 3068 3049 3107 nunc
3072 3052 3338 3116 dicemus,
3364 3044 3506 3121 q-uod
3538 3067 3653 3106 ma-

2072 3146 2222 3220 jores
2251 3144 2423 3199 nostri
2472 3143 2539 3197 de
2588 3143 2676 3198 illa
2727 3143 3018 3207 sententia,
3054 3161 3072 3194 ι
3105 3142 3367 3196 Dominus
3414 3143 3655 3197 condidit

381 3226 564 3281 ἑκτισέ
607 3245 695 3297 με,
741 3249 759 3280 ι
802 3230 970 3284 πολλὰ
1005 3233 1105 3302 μὲν
1137 3234 1234 3286 καὶ
1262 3233 1416 3298 ἄλλα,
1449 3236 1544 3289 καὶ
1575 3237 1656 3300 είς
1695 3237 1794 3308 τὴν
1824 3239 1965 3293 κατὰ

2078 3250 2184 3299 me,
2216 3252 2235 3285 ι
2272 3233 2436 3288 multa
2476 3233 2696 3302 quidem
2728 3233 2832 3287 alia
2860 3231 3225 3296 tradiderunt,
3258 3240 3314 3286 et
3335 3231 3403 3285 de
3434 3231 3657 3299 dispen-

384 3319 564 3389 σάρκα
613 3320 671 3373 δὲ
719 3324 1030 3391 οἰκονομίαν
1086 3327 1185 3394 τῆς
1242 3326 1566 3393 ἐπιφανείας
1617 3327 1710 3381 τοῦ
1754 3328 1963 3400 Κυρίου

383 3409 542 3480 ήμῶν
587 3411 760 3481 Ἰησοῦ
793 3414 1056 3484 Χριστοῦ,
1090 3416 1185 3471 καὶ
1213 3418 1361 3482 ὅπως
1391 3417 1675 3488 διείληφαν
1696 3459 1709 3481 ,
1749 3419 1967 3484 πάντως

387 3500 499 3553 ἴστε
526 3502 625 3564 τὰς
655 3504 915 3568 ἐκδόσεις.
951 3504 1142 3577 Ἡμεῖς
1166 3507 1224 3560 δὲ
1255 3507 1350 3559 καὶ
1370 3507 1457 3560 ἐπ’
1481 3507 1671 3571 ἄλλαις
1701 3508 1966 3578 ἱστορίαις

381 3589 481 3661 τὴν
504 3590 715 3644 ἔκδοσιν
745 3592 839 3646 νῦν
866 3594 1232 3665 ποιησόμεθα,
1261 3596 1357 3648 τοῦ
1394 3595 1597 3667 Κυρίου
1634 3596 1810 3666 Ἰησοῦ
1834 3598 1968 3665 Χρι-

386 3678 513 3733 στοῦ
547 3681 957 3750 συνεργοῦντος.
995 3684 1106 3738 Καὶ
1134 3686 1182 3737 εἰ
1214 3683 1385 3746 θέλεις
1407 3724 1422 3748 ,
1465 3683 1721 3753 φιλόσοφε
1749 3722 1764 3747 ,
1797 3684 1968 3756 αὐτὴν

382 3770 510 3840 ὅλην
538 3771 638 3843 τὴν
668 3771 812 3838 λέξιν
843 3773 1200 3844 προτείνομεν
1234 3773 1373 3843 μετὰ
1411 3774 1505 3826 καὶ
1535 3773 1635 3843 τῆς
1662 3772 1838 3843 ἀρχῆς
1874 3773 1971 3826 αῦ-

383 3861 502 3930 τῆς.
550 3862 714 3931 Λέγει
750 3864 860 3933 γὰρ
903 3866 936 3934 ἡ
966 3865 1109 3935 ἁρχὴ
1155 3865 1328 3934 αὐτῆς
1355 3880 1369 3895 ·
1403 3882 1422 3915 ι
1490 3863 1615 3916 Ἐὰν
1662 3863 1970 3933 ἁναγγείλω

385 3949 514 4017 ὑμῖν
548 3951 613 4003 τὰ
661 3952 786 4005 καθ’
817 3953 1029 4023 ἡμέραν
1066 3954 1359 4024 γινόμενα,
1399 3949 1758 4025 μνημονεύσω
1802 3953 1871 4006 τὰ
1912 3952 1971 4020 ἐξ

382 4041 579 4105 αἰῶνος
610 4044 936 4115 ἀριθμῆσαι.
990 4065 1008 4097 ι
1055 4042 1189 4099 Εἶτα
1234 4047 1429 4114 ἐπάγει
1462 4045 1659 4113 λέγων’
1699 4063 1717 4096 ι
1766 4046 1970 4117 Κύριος

384 4132 567 4185 ἔκτισέ
600 4152 669 4205 με
704 4137 881 4207 ἀρχὴν
927 4137 1064 4190 ὁδῶν
1115 4136 1281 4191 αὑτοῦ
1320 4139 1400 4200 είς
1445 4136 1581 4206 ἔργα
1625 4136 1824 4203 αὑτοῦ,
1862 4137 1971 4206 ’πρὸ

382 4224 479 4279 τοῦ
507 4227 702 4291 αἰῶνος
731 4225 1061 4297 ἐθεμελίωσέ
1094 4245 1182 4299 με,
1216 4228 1274 4281 ὲν
1302 4229 1447 4299 ἀρχῇ
1482 4228 1585 4297 πρὸ
1608 4227 1702 4281 τοῦ
1734 4229 1835 4299 τὴν
1866 4227 1970 4298 γῆν

383 4320 642 4389 ποιῆσαι,
687 4319 793 4390 πρὸ
824 4319 920 4373 τοῦ
958 4320 1056 4384 τὰς
1096 4319 1369 4383 ἀϐύσσους
1414 4320 1673 4390 ποιῆσαι,
1720 4320 1827 4392 πρὸ
1875 4320 1970 4375 τοῦ

384 4410 672 4480 προελθεῖν
699 4412 797 4477 τὰς
831 4414 1013 4485 πηγὰς
1040 4411 1149 4466 τῶν
1177 4413 1405 4482 ὑδάτων,
1430 4414 1537 4485 πρὸ
1561 4412 1657 4466 τοῦ
1684 4413 1783 4485 ὅρη
1810 4412 1971 4482 έδρα-

384 4499 583 4569 σθῆναι
607 4516 621 4529 °
658 4501 765 4571 πρὸ
797 4501 854 4554 δὲ
884 4502 1103 4556 πάντων
1144 4501 1350 4573 βοῦνων
1386 4504 1549 4575 γεννᾷ
1602 4520 1690 4574 με.
1732 4521 1751 4554 ι
1808 4502 1971 4556 Ὅθεν

2074 3326 2286 3381 satione
2317 3323 2672 3393 apparitionis
2703 3322 2916 3377 Domini
2947 3324 3119 3377 nostri
3159 3320 3285 3377 Jesu
3319 3320 3520 3376 Christi
3565 3336 3655 3377 se-

2077 3419 2307 3473 cundum
2334 3430 2576 3480 carnem,
2598 3414 2869 3483 quomodo
2894 3413 3306 3483 explicaverint,
3341 3413 3513 3468 nostis
3547 3430 3659 3468 om-

2077 3509 2205 3563 nino
2231 3506 2571 3561 traditiones.
2621 3503 2731 3557 Nos
2771 3512 2947 3558 autem
2996 3511 3513 3572 nunc,cooperanto
3556 3503 3659 3555 Do—

2078 3599 2226 3653 mino
2253 3606 2441 3652 nostro
2482 3594 2608 3651 Jesu
2650 3596 2892 3660 Christo,
2928 3611 2994 3650 ex
3026 3595 3151 3649 aliis
3211 3595 3373 3649 etiam
3416 3595 3661 3649 historiis

2078 3692 2497 3760 descriptionem
2549 3689 2806 3745 faciemus
2837 3706 2851 3744 :
2882 3698 2938 3743 et
2982 3688 3026 3741 si
3063 3687 3218 3751 velis,
3249 3701 3281 3740 ο
3316 3686 3657 3754 philosophe,

2080 3781 2250 3851 ipsam
2286 3788 2453 3833 totam
2500 3778 2824 3834 sententiam
2862 3776 2931 3831 ab
2961 3774 3081 3844 ejus
3127 3774 3286 3830 initio
3320 3774 3659 3843 proferemus

2082 3872 2132 3925 in
2165 3870 2424 3925 medium.
2446 3870 2536 3923 Ait
2562 3870 2703 3924 enim
2733 3867 3059 3938 principium
3109 3864 3224 3934 ejus
3258 3883 3272 3920 :
3305 3883 3325 3916 ι
3360 3865 3415 3918 Si
3439 3879 3658 3918 annuno

2082 3960 2289 4014 tiavero
2319 3958 2472 4014 vobis
2503 3973 2622 4027 quae
2647 3955 2890 4026 quotidie
2915 3953 3071 4017 ﬁunt,
3099 3967 3309 4007 memor
3347 3964 3441 4005 ero
3471 3965 3591 4020 qua:
3628 3966 3657 4003 a

2080 4050 2277 4107 szeculo
2305 4062 2613 4104 numerare.
2650 4067 2669 4101 ι
2705 4046 2909 4102 Deinde
2933 4044 3194 4113 adiungit,
3226 4042 3414 4097 dicens
3450 4058 3465 4095 :
3494 4058 3512 4092 ι
3552 4040 3655 4094 Do.-

2081 4143 2260 4198 minus
2280 4140 2526 4195 condidit
2557 4151 2644 4192 me
2679 4137 2893 4192 initium
2920 4138 3128 4189 viarum
3157 4147 3377 4188 suarum
3414 4130 3468 4184 in
3494 4144 3661 4198 opera

2079 4248 2199 4295 sua,
2232 4241 2361 4287 ante
2389 4229 2642 4285 saeculum
2678 4226 2923 4282 fundavit
2962 4240 3068 4295 me,
3096 4224 3151 4280 in
3185 4223 3341 4278 initio
3366 4231 3659 4291 antequam

2082 4334 2280 4379 terram
2310 4321 2530 4387 faceret,
2562 4327 2616 4374 et
2640 4327 2931 4386 antequam
2987 4314 3211 4385 abyssos
3251 4313 3472 4374 Iaceret,
3501 4317 3658 4363 aute-

2078 4431 2242 4488 quam
2275 4412 2626 4485 procederent
2654 4409 2830 4467 fontes
2864 4421 3152 4479 aquarum,
3176 4415 3466 4474 antequam
3500 4417 3655 4455 mou-

2083 4523 2162 4567 tes
2212 4508 2339 4564 facti
2372 4515 2555 4561 essent
2591 4523 2604 4558 :
2642 4514 2767 4558 ante
2799 4509 2978 4556 autem
3033 4515 3222 4555 omnes
3257 4497 3422 4553 colles
3473 4495 3663 4566 genuit

385 4591 818 4658 κατασκευάζων
851 4594 941 4660 τὸ,
990 4594 1073 4648 ὅτι
1129 4613 1148 4646 ‹
1188 4594 1395 4665 Κύριος
1425 4593 1608 4648 ἔκτισέ
1659 4611 1758 4665 με,
1798 4613 1816 4645 ι
1852 4595 1944 4647 ἐπι

2078 4603 2289 4660 me".t
2341 4599 2498 4656 Unde
2538 4596 2786 4650 muniens
2852 4594 3003 4657 illud,
3044 4613 3062 4645 ι
3106 4592 3364 4647 Dominus
3417 4588 3671 4655 condidit

386 4683 633 4755 συνάψας
660 4681 804 4737 εἶπε·
856 4703 875 4737 ι
921 4685 1129 4757 Κύριος
1158 4685 1383 4757 ἐποίησε
1414 4686 1597 4758 χώρας
1645 4686 1739 4739 καὶ
1779 4686 1972 4757 ἀοική-

382 4793 532 4841 τους.
572 4798 588 4831 ι
620 4776 883 4849 Ζητῶμεν
916 4777 1102 4830 λοιπὸν
1138 4778 1342 4849 Κύριον
1373 4778 1463 4830 τὸν
1495 4778 1761 4832 κτίσαντα
1784 4779 1970 4848 αὐτὸν,

382 4870 475 4922 τὸν
521 4869 619 4922 καὶ
657 4871 960 4939 ποιήσαντα
999 4868 1183 4939 χώρας
1222 4870 1312 4923 καὶ
1349 4870 1638 4940 ἀοικήτους
1661 4886 1676 4902 ο
1705 4886 1974 4942 νυγματι-

388 4959 538 5025 τιθεὶς
567 4959 677 5030 γὰρ
702 4959 731 5011 ό
751 4958 1007 5029 Σολομῶν
1036 4962 1102 5012 ὲκ
1126 4959 1234 5012 τῶν
1269 4959 1362 5012 τοῦ
1396 4961 1601 5031 πατρὸς
1634 4959 1819 5033 [πρὸς]
1853 4961 1972 5017 ’1ὼό

386 5050 635 5114 εἰπόντος
660 5066 674 5081 ο
701 5070 719 5102 ι
750 5048 862 5104 Ποῦ
884 5045 1030 5128 ᾖσθα
1057 5051 1116 5104 ὲν
1141 5049 1219 5120 τῷ
1242 5048 1526 5121 θεμελιοῦν
1554 5068 1620 5121 με
1649 5050 1748 5121 τὴν
1779 5055 1915 5123 γῆν;
1947 5072 1965 5104 ι

385 5143 538 5201 εἴπεο
579 5166 600 5199 ι
647 5146 850 5217 Κύριος
866 5145 1089 5216 ἐποίησε
1136 5144 1321 5215 χώρας
1354 5145 1449 5198 καὶ
1483 5146 1795 5217 ἀοικήτους.
1825 5167 1844 5199 ι
1883 5148 1971 5200 Ἐν

385 5239 445 5293 δὲ
478 5239 644 5310 βίϐλῳ
696 5239 912 5309 Βαροὺχ
957 5238 1020 5291 ὲκ
1064 5237 1332 5306 στόματος
1376 5236 1642 5307 Ἰερεμίου
1691 5238 1784 5291 τοῦ
1836 5256 1972 5309 προ-

392 5333 590 5403 φήτου,
618 5331 801 5396 καθὼς
836 5330 1326 5405 προαπεδείξαμεν,
1361 5330 1490 5401 περὶ
1518 5329 1611 5383 τοῦ
1645 5330 1972 5401 ποιήσαντος

390 5423 578 5495 χώρας
625 5424 720 5477 καὶ
749 5422 1038 5492 ἀοικήτους
1068 5420 1253 5490 λέγει·
1289 5439 1307 5471 ι
1352 5419 1472 5474 Υἱοὶ
1512 5420 1686 5493 Ἀγὰρ
1725 5424 1772 5475 οἱ
1802 5422 1970 5493 ἐκζη-

390 5516 609 5579 τοῦντες
646 5516 746 5583 τὴν
781 5513 996 5568 σύνεσιν
1039 5512 1132 5566 ἐπὶ
1165 5511 1266 5581 τῆς
1305 5511 1443 5583 γῆς,
1492 5513 1543 5565 οἱ
1594 5510 1827 5583 ἔμποροι
1873 5513 1972 5584 τῆς

392 5607 581 5679 Magaw
611 5609 704 5661 καὶ
733 5606 949 5679 Θαιμὰν
970 5647 984 5674 ,
1017 5606 1110 5660 καὶ
1141 5605 1190 5657 οἱ
1242 5601 1563 5673 μυθολόγοι,
1608 5607 1702 5659 καὶ
1730 5607 1780 5659 οἱ
1810 5604 1972 5677 ἐκζηο

470 5783 515 5813 ⁵³
549 5782 710 5838 Hebr.
740 5800 777 5847 ι,
811 5781 865 5835 2.
978 5779 1021 5813 ⁵⁸
1057 5780 1213 5835 Prov.
1245 5797 1359 5843 \‘lll,
1385 5781 1473 5833 Ἦ.
1587 5779 1631 5811 ⁸⁵
1663 5779 1791 5831 ibid.
1825 5776 1875 5829 ΰ.

400 5868 626 5916 xxxvtn,
655 5854 709 5907 4.

978 5779 1021 5813 ⁵⁸
1057 5780 1213 5835 Prov.
1245 5797 1359 5843 \‘lll,
1385 5781 1473 5833 Ἥ.

1975 5776 2019 5808 ⁵⁸
2048 5776 2176 5832 ibid.
2209 5772 2278 5826 22
2302 5788 2451 5843 seqq.

2069 4712 2178 4762 me,
2213 4715 2232 4748 ι
2286 4691 2542 4748 continuo
2596 4688 2820 4758 inquit:
2865 4685 3171 4740 (Dominus
3230 4683 3356 4739 fecit
3412 4684 3665 4752 regiones

2070 4799 2124 4844 et
2178 4780 2548 4842 inhabitabilia
2583 4779 2659 4833 ⁸⁷.
2710 4796 2729 4830 ι
2784 4777 3100 4844 Quaeramus
3164 4775 3419 4842 deinceps
3479 4772 3662 4826 Dotni~

2071 4895 2196 4936 nutn
2244 4877 2332 4947 qui
2382 4872 2586 4929 creavit
2639 4870 2825 4934 illttm,
2873 4877 2928 4923 et
2967 4868 3057 4938 qui
3122 4866 3248 4921 fecit
3314 4865 3562 4936 regiones
3606 4873 3661 4917 et

2072 4965 2474 5024 inhabitabilis.
2504 4960 2828 5017 Stimulatus
2858 4960 3002 5014 enim
3028 4956 3280 5012 Salomon
3312 4956 3380 5010 ab
3413 4955 3499 5008 his
3538 4968 3662 5022 qua:

2081 5060 2181 5116 Job
2205 5059 2415 5113 dixerat
2450 5072 2462 5108 :
2499 5073 2517 5107 ι
2550 5051 2653 5107 Ubi
2691 5060 2807 5107 erat
2858 5064 2981 5105 cum
3015 5062 3270 5119 ponerem
3304 5045 3667 5117 fundamenta,

2081 5161 2236 5205 terra:
2255 5149 2339 5202 5°?
2375 5167 2394 5199 ι
2446 5148 2672 5217 inquit:
2725 5161 2743 5195 ι
2792 5142 3051 5197 Dominus
3122 5138 3247 5192 fecit
3305 5139 3553 5205 regiones
3604 5143 3662 5193 et.

2080 5241 2476 5299 inhabitabilia.
2498 5258 2517 5292 ι
2561 5237 2619 5292 1η
2664 5236 2803 5291 libro
2832 5243 3016 5293 autem
3048 5231 3258 5286 Daruch
3292 5241 3476 5283 exoro
3501 5225 3657 5283 ποτε,

2081 5334 2201 5387 mite
2236 5333 2534 5402 prophetae,
2567 5336 2627 5402 ιιι
2648 5328 2800 5399 prius
2831 5324 3189 5387 ostendimus,
3216 5321 3280 5373 de
3313 5334 3378 5373 eo
3405 5319 3493 5386 qui
3530 5316 3661 5375 fecit

2081 5395 2413 5491 regione:»"et
2446 5395 2841 5483 inhabitabilis,
2877 5416 3076 5469 dicitur
3114 5429 3128 5468 :
3168 5432 3185 5464 ι
3236 5409 3356 5464 Filii
3393 5413 3535 5477 Agar
3559 5422 3657 5467 ex:

2082 5516 2361 5584 quit-entes
2391 5511 2732 5582 prudentiam
2857 5518 3029 5576 super
3131 5515 3353 5566 terram,
3393 5511 3659 5555 mercato:

2086 5622 2171 5661 res
2195 5605 2376 5659 Mcran
2410 5611 2464 5660 et
2501 5603 2779 5669 Thmman,
2808 5612 2862 5656 et
2906 5600 3256 5663 fabulatores,
3289 5608 3339 5651 et
3378 5596 3661 5650 examina-

2550 5771 2594 5804 ⁸⁷
2624 5771 2780 5826 Prov.
2831 5785 2948 5835 vm,
2976 5769 3046 5824 26
3078 5785 3185 5825 sec.
3220 5765 3379 5826 LXX.
3491 5764 3535 5797 ⁵³
3559 5764 3660 5827 Job
