4070 6376
473 281 604 354 1271

1709 300 2014 361 GELASII
2081 301 2426 368 CYZICENI

3607 316 3741 410 1212

471 397 566 456 Dei
584 396 977 471 pnescientiam
995 415 1059 457 ex
1086 401 1196 458 suis
1238 402 1580 474 imaginibus,
1599 409 1754 476 quasi
1787 421 1902 463 rota
1930 424 2056 478 qna-

2163 414 2263 481 τῆς
2310 414 2481 483 αὐτῆς
2512 411 2728 484 φύσεως
2767 416 3172 490 παλαιουμένης
3206 436 3292 472 και
3337 421 3741 495 άνανεοϋμένης

473 492 597 545 dam
640 492 911 562 implicata
967 494 1017 546 in
1057 509 1212 550 suam
1263 507 1460 551 metam
1493 499 1768 560 redeunte.
1797 502 1865 556 ab
1893 503 2048 556 initio

473 585 704 648 primum
744 585 909 638 creati
946 586 1178 642 hominis
1215 586 1339 643 iacti
1383 588 1452 643 ad
1501 591 1788 661 imaginem
1833 593 1948 660 Dei,
2001 596 2052 648 in

471 688 579 742 quo
623 673 978 740 rationalem,
1027 689 1265 734 creatam
1315 681 1633 750 sapientiam
1687 686 1943 754 reposuit,
1992 701 2057 740 ac

470 764 825 820 sinceramsui
878 767 1198 824 charitatem
1259 770 1534 842 impressit
1589 772 1748 829 Deus.
1791 776 1944 842 Quod
1997 775 2053 830 in

469 855 648 921 seipso
674 870 940 912 rcnovans
959 857 1207 914 Salvator
1223 860 1616 931 dispensatoric
1641 867 1707 918 ad
1725 865 1936 921 Patrem
1969 869 2054 921 di-

469 944 621 1000 cebat
641 964 655 1002 :
676 946 1002 1018 (Quoniam,
1029 950 1223 1021 inquit,
1243 964 1366 1007 ante
1398 957 1580 1010 mundi
1604 958 2052 1014 constitutionem

470 1037 703 1093 dilexisti
725 1054 810 1095 me
824 1040 889 1094 ⁸⁷.
911 1041 1044 1096 Illud
1061 1053 1240 1098 autem
1264 1061 1277 1100 :
1304 1063 1322 1097 ι
1345 1047 1484 1102 Ante
1499 1050 1693 1103 saecula
1717 1050 1769 1102 in
1789 1051 2056 1118 principio

469 1127 714 1186 fundavit
750 1148 834 1188 me
856 1133 938 1199 “;
971 1135 1187 1190 widens
1212 1135 1469 1194 Salomon
1489 1141 1633 1211 quod
1657 1142 1854 1196 saecula
1880 1144 1932 1196 in
1955 1143 2057 1197 hoc

470 1222 672 1276 ntundo
692 1237 758 1276 ex
797 1223 904 1279 diei
955 1240 1020 1280 ac
1042 1227 1216 1282 noctis
1261 1229 1490 1285 circuitu
1521 1233 1928 1287 consistentiam
1961 1235 2055 1286 ha-

474 1309 638 1379 bent;
679 1315 943 1372 exsistere
969 1329 1147 1374 autem
1183 1331 1310 1376 aute
1357 1320 1502 1378 diem
1547 1335 1602 1378 et
1656 1334 1892 1386 noctem.
1934 1340 2056 1381 esse

471 1403 634 1458 etiam
670 1406 938 1462 exsistere
960 1419 1086 1465 ante
1119 1412 1222 1467 hoc
1253 1413 1542 1470 saeculum:
1593 1430 1690 1470 eas
1740 1417 2054 1471 considera-

473 1494 646 1552 tiones
675 1499 1046 1571 contemplans
1071 1501 1355 1570 Salomon,
1385 1507 1588 1562 homini
1624 1519 1789 1575 atque
1833 1511 2054 1578 sapien-

473 1585 560 1640 tite
609 1602 851 1660 congrue
889 1596 1342 1651 accommodavit.
1427 1598 1787 1666 Quamobrem
1819 1617 1884 1655 ex
1936 1603 2055 1672 ejus

471 1691 703 1746 persona
760 1683 1115 1749 pronuntians
1139 1686 1216 1739 ait
1264 1705 1278 1741 :
1319 1687 1610 1745 «Dominus
1669 1693 1911 1746 condidit
1969 1708 2054 1747 me

2159 505 2285 574 ἄχρι
2316 505 2645 569 συντελείας.
2681 508 2752 560 T6
2781 508 2877 562 οὖν
2902 557 2914 574 ,
2952 527 2971 559 ι
3017 511 3223 580 Κύριος
3255 511 3434 565 ἔκτισέ
3470 532 3536 584 με
3567 516 3740 587 ἀρχὴν

2156 595 2292 648 ὁδῶν
2320 587 2486 650 αύτδῦ
2517 598 2597 660 εἰς
2626 598 2763 667 ἔργα
2786 599 2977 666 αὑτοῦ,
3019 621 3038 653 ι
3073 602 3154 663 είς
3183 602 3278 669 τὴν
3306 603 3412 654 τῶν
3436 604 3741 677 ἀνθρώπων

2155 685 2404 740 δοθεῖσαν
2432 687 2746 758 λογιστικὴν
2779 690 2975 760 σοφίαν
2999 691 3349 760 διαληπτέον.
3381 695 3455 747 T6
3479 696 3536 747 δὲ
3565 715 3582 747 ι
3616 697 3742 750 Γεν-
3771 754 3778 766 ,

2156 778 2222 846 νᾷ
2255 795 2344 846 με,
2387 796 2406 829 ι
2441 780 2501 831 τὸ
2533 780 2676 832 κατά
2698 779 3010 851 πρόγνωσιν
3034 783 3128 837 τοῦ
3150 783 3286 837 Θεοῦ
3317 786 3491 854 αὐτῆς
3515 787 3616 856 τῆς
3640 788 3738 858 φύ-
3773 794 3780 808 ’

2160 882 2317 930 σεως,
2350 868 2410 920 τὸ
2434 868 2492 934 ἐξ
2521 869 2690 940 αὐτῆς
2710 871 2769 935 ἐξ
2797 872 3024 924 εἰκόνων
3055 875 3131 936 ὼς
3155 874 3350 963 τροχῖρ
3375 877 3742 947 είλιττόμενον

2155 958 2245 1009 ἐπ’
2271 959 2434 1011 αὑτὸν
2460 958 2552 1011 τὸν
2583 962 2886 1032 καμπτῆρα
2911 962 3134 1016 ὲπανιδν
3165 963 3271 1018 ἀπδ
3305 958 3406 1035 τῆς
3439 968 3614 1038 ἁρχῆς
3649 969 3744 1022 τοῦ

2158 1052 2567 1119 πρωτοκτίστου
2607 1051 2898 1124 ἀνθρώπου
2939 1053 3033 1107 τοῦ
3070 1056 3192 1108 κατ’
3224 1057 3408 1110 εἰκόνα
3443 1058 3579 1110 Θεοῦ
3627 1077 3747 1113 κτι·

2159 1141 2400 1206 σθέντος,
2430 1143 2488 1195 ὲν
2579 1145 2678 1212 τὴν
2701 1145 3020 1217 λογιστικὴν
3045 1147 3238 1215 σοφίαν
3261 1147 3357 1219 τὴν
3384 1150 3608 1221 κτιστὴν
3656 1153 3748 1204 ὲν-

2157 1233 2372 1302 έθηκεν,
2401 1236 2458 1288 ὲν
2471 1229 2516 1304 ᾧ
2546 1236 2644 1306 τὴν
2675 1237 2945 1308 εἱλικρινῆ
2972 1238 3134 1292 αὐτοῦ
3160 1240 3381 1312 ἀγάπην
3403 1242 3750 1297 ὲνετύπωσεν

2156 1326 2184 1376 6
2213 1325 2368 1388 Θεός.
2402 1327 2582 1400 Ὅπερ
2610 1329 2713 1398 τὴν
2737 1331 3023 1384 ἀνάκτισιν
3060 1332 3117 1384 ὲν
3161 1333 3341 1406 ἑαυτῷ
3373 1335 3691 1406 ποιούμενος
3717 1339 3748 1389 6

2159 1417 2347 1488 Σωτὴρ
2378 1417 2530 1488 ἔλεγε
2563 1421 2699 1490 πρὸς
2724 1420 2816 1473 τὸν
2853 1422 3072 1494 Πατέρα
3103 1424 3492 1496 οἰκονομικῶς·
3552 1446 3570 1477 ι
3613 1427 3742 1480 Ὀτι

2157 1509 2454 1578 ἠγάπησάς
2500 1527 2588 1578 με,
2642 1512 2796 1583 φησὶ,
2833 1513 2941 1584 πρὸ
2983 1513 3290 1584 καταϐολῆς
3337 1515 3567 1586 κόσμου.
3603 1535 3622 1566 ι
3667 1516 3750 1569 Τὸ

2153 1601 2230 1660 δὲ,
2269 1620 2286 1651 ι
2329 1602 2443 1671 Πρὸ
2478 1601 2571 1656 τοῦ
2600 1603 2792 1666 αἰῶνος
2815 1603 3143 1674 ἐθεμελίωσὲ
3169 1623 3236 1676 με
3266 1605 3326 1657 ὲν
3351 1605 3516 1679 ἀρχῇ,
3555 1624 3573 1656 ι
3603 1606 3752 1657 ιττο.

2159 1692 2328 1760 ρήσας
2379 1691 2410 1744 6
2451 1691 2731 1763 Σολομὼν,
2780 1693 2862 1746 ὅτι
2921 1696 2970 1746 οί
3020 1694 3213 1756 αἰῶνες
3262 1694 3310 1746 oi
3358 1695 3416 1745 ἐν
3462 1693 3596 1764 τῷδε
3647 1694 3756 1746 κό-

473 1768 687 1823 initium
715 1772 922 1826 viarum
951 1788 1170 1829 suarum
1209 1778 1258 1831 in
1289 1793 1451 1847 opera
1497 1781 1637 1850 ejus,
1669 1792 1795 1836 ante
1832 1783 2049 1848 smcula,

2159 1756 2280 1850 σμῳ
2319 1783 2383 1834 ὲκ
2411 1782 2511 1851 τῆς
2531 1756 2780 1854 περιόδου
2812 1784 2912 1854 τῆς
2942 1784 3155 1855 ἡμέρας
3175 1784 3270 1838 καὶ
3302 1783 3401 1854 τῆς
3425 1783 3616 1848 νυκτὸς
3642 1785 3748 1854 τὴν

472 1857 526 1909 in
557 1860 824 1930 principio
874 1861 1116 1922 fundavit
1150 1883 1286 1924 nte.»
1323 1868 1556 1926 Rursum
1601 1874 1850 1940 cogitans
1880 1876 1930 1929 in
1972 1889 2056 1930 se-

475 1948 726 2018 metipso,
753 1955 894 2022 quod
924 1954 1032 2010 Deo
1071 1956 1232 2026 hujus
1257 1961 1442 2015 mundi
1476 1971 1696 2016 naturas
1729 1975 1854 2019 ante
1885 1966 2058 2018 ltoiui-

475 2055 595 2094 nem
621 2040 849 2112 ejusque
879 2047 1199 2115 sapientiam
1247 2049 1298 2104 in
1325 2065 1446 2106 esse
1492 2054 1843 2122 perducentc,
1891 2071 2057 2124 opor-

476 2141 612 2188 teret
660 2135 1023 2204 praesentibus
1075 2139 1207 2210 ipsis
1257 2144 1488 2206 naturis,
1542 2159 1662 2214 qua:
1715 2146 1895 2214 priora
1929 2157 2056 2202 sunt

473 2225 682 2280 adesse.
739 2227 940 2286 Vidcns
967 2241 1147 2287 autem
1203 2235 1395 2290 ordine
1444 2247 1670 2293 naturas
1705 2239 2055 2307 prodeuntes.

471 2325 524 2368 et
554 2316 697 2384 quod
731 2316 896 2374 homo
929 2309 1154 2392 ciusqIIe
1183 2327 1450 2392 sapientia
1501 2329 1780 2398 proposita
1814 2329 2054 2397 fuerunt,

475 2414 535 2458 ut
567 2405 766 2475 reliqua
798 2424 963 2478 Opera
1014 2415 1420 2482 prtecedcrent:
1476 2419 1757 2474 rationalis
1795 2434 1926 2490 ergo
1977 2433 2058 2475 at-

470 2510 577 2564 que
609 2496 902 2564 judicatrix
943 2505 1210 2571 sapientia
1239 2506 1446 2563 homini
1483 2525 1761 2576 concessa,
1796 2521 1850 2565 et
1902 2512 2058 2566 Salo~

477 2588 644 2655 utoni,
693 2600 754 2644 ut
817 2608 1043 2660 magnus
1097 2594 1310 2668 Moyses
1347 2601 1443 2664 ait,
1473 2599 1672 2664 infusa,
1725 2602 1963 2672 loquitur
2002 2604 2056 2657 in

475 2680 800 2736 Salomone:
837 2703 854 2734 ι
898 2685 1155 2744 Dominus
1183 2692 1426 2746 condidit
1475 2707 1560 2748 me
1600 2693 1812 2748 initium
1848 2697 2054 2750 viarum

475 2788 695 2828 suarum
728 2774 778 2830 in
802 2791 964 2846 opera
993 2779 1146 2849 ejus;
1181 2801 1200 2836 ι
1222 2792 1276 2839 et
1299 2799 1418 2854 qua:
1444 2796 1769 2856 sequuntur.
1801 2787 1880 2842 Ex
1905 2789 2058 2857 cujus

473 2879 722 2932 persona,
755 2881 1014 2937 quaecum
1039 2871 1258 2930 homine
1292 2876 1444 2946 prior
1474 2880 1834 2946 eratmundo,
1888 2895 2057 2936 enar-

475 2971 601 3012 rans
633 2973 796 3029 Opera
835 2959 927 3017 Dei
992 2973 1217 3023 naturas
1260 2968 1312 3022 in
1371 2970 1628 3025 mundum
1684 2971 2053 3040 producentis,

478 3048 649 3118 inquit
682 3051 794 3121 ipse
835 3071 848 3108 :
892 3053 1182 3114 «Dominus
1233 3057 1365 3115 fecit
1394 3061 1643 3133 regiones
1671 3073 1727 3119 et
1783 3063 2056 3119 inbabita-
2083 3091 2125 3150 ο

474 3139 623 3206 hilia,
654 3151 706 3196 et
727 3158 939 3201 summa
967 3162 1088 3216 qua:
1123 3148 1442 3206 habitantur
1467 3154 1587 3222 ejus
1611 3169 1730 3223 qua
1762 3155 1865 3212 sub
1893 3156 2056 3212 caelo.

473 3232 702 3296 Quando
733 3235 1078 3305 pra-parabat
1107 3237 1327 3306 coelum,
1367 3240 1528 3297 simul
1559 3243 1778 3298 aderam
1825 3244 1948 3315 ipsi,
2005 3255 2059 3300 et

473 3321 689 3386 quando
712 3324 1034 3380 secernebat
1058 3341 1210 3381 suam
1244 3330 1428 3384 sedem
1453 3343 1856 3402 supcrveutos;
1888 3350 2058 3406 quan-

474 3413 543 3464 do
580 3411 782 3468 aethera
810 3413 1059 3470 ﬁrmabat
1083 3431 1321 3484 sursum,
1353 3430 1408 3474 et
1433 3420 1874 3482 librabatfontes
1896 3441 2062 3498 aqua-

475 3519 594 3556 rum
648 3522 663 3559 :
700 3507 917 3576 quando
945 3509 1322 3567 circumdabat
1369 3514 1506 3569 mari
1541 3515 1834 3571 terminum
1873 3533 2054 3586 suum,

472 3606 526 3649 ct
553 3597 724 3667 legem
755 3591 1176 3672 ponebat'aquis
1222 3619 1292 3661 ne
1339 3607 1638 3664 transirent
1701 3609 1837 3666 ﬁnes
1889 3625 2054 3666 suos:

472 3689 689 3752 quando
717 3692 1054 3760 appendebat
1083 3693 1426 3752 fundamenta
1455 3707 1634 3764 terras,
1663 3715 1785 3756 cum
1811 3715 1878 3756 eo
1905 3717 2054 3757 erant

472 3790 666 3836 cuncta
687 3797 1040 3852 componens,
1065 3786 1152 3840 cui
1181 3785 1599 3857 adgaudebat".
1617 3807 1636 3842 ι
1671 3790 1796 3846 llaec
1822 3806 1890 3847 ex
1931 3807 2054 3862 per-

472 3876 606 3923 milia
636 3871 943 3941 sapientia.
991 3872 1124 3940 Qua:
1164 3875 1309 3932 haud
1347 3877 1509 3934 dubie
1540 3881 1854 3949 ostendunt,
1909 3883 2052 3952 quod

474 3965 524 4013 in
549 3959 732 4018 divina
767 3963 1068 4020 intentione
1092 3975 1220 4022 ante
1271 3969 1532 4024 mundum
1562 3971 1800 4034 exstitit,
1828 3980 2055 4042 propter

470 4068 630 4120 quam
663 4052 899 4109 mundus
927 4064 1240 4112 exstructus
1261 4065 1380 4113 est:
1437 4067 1657 4114 constat
1704 4061 1868 4115 etiam
1928 4071 2055 4117 ante

473 4142 656 4198 nnmdi
688 4152 910 4199 naturas
935 4146 1230 4204 exstitisse.
1259 4145 1440 4204 Testis
1461 4165 1590 4220 ergo
1619 4148 1796 4207 factus
1822 4154 1922 4206 via:
1954 4167 2054 4207 na-

475 4244 741 4302 turarum,
772 4235 862 4307 qui
888 4237 1037 4308 prior
1082 4237 1188 4294 illis
1217 4236 1316 4293 fuit
1341 4254 1529 4293 earum
1572 4241 1818 4296 ordinem
1867 4256 2056 4298 nume-

473 4335 558 4380 rat
611 4340 710 4396 per
761 4326 1086 4397 sapientiam
1153 4343 1314 4398 quam
1359 4327 1568 4383 invenit
1609 4329 1894 4397 prudentia
1929 4345 2053 4395 sua,

2157 1874 2416 1927 σύστασιν
2439 1875 2644 1944 ἔχουσι.
2681 1875 2754 1927 T6
2781 1875 2836 1929 δὲ
2881 1875 3231 1947 προῦπάρξιι
3261 1875 3362 1945 τῆς
3396 1875 3610 1947 ἡμέρας
3648 1875 3749 1928 καὶ

2156 1966 2254 2033 τῆς
2301 1966 2515 2029 νυκτὸς,
2570 1966 2921 2036 προῠπάρξαι
2967 1969 3083 2021 ἐστὶ
3133 1967 3226 2020 τοῦ
3282 1968 3480 2031 αἰῶνος
3513 1969 3744 2022 τούτου⁹

2156 2056 2382 2120 ταύταις
2417 2059 2538 2118 ταῖς
2571 2057 2837 2128 ἱστορίαις
2878 2057 3162 2130 θεωρήσας
3197 2062 3226 2112 6
3267 2057 3542 2130 Σολομὼν,
3569 2059 3750 2130 ἥρμο-

2159 2165 2250 2202 σεν
2275 2150 2633 2220 εὐαρμόστως
2654 2149 2732 2220 τῷ
2752 2166 2812 2203 τε
2835 2149 3110 2222 ἀνθρώπῳ
3132 2151 3226 2204 καὶ
3253 2153 3320 2222 τῇ
3348 2151 3529 2222 σοφίᾳ.
3559 2152 3648 2204 Διδ
3673 2153 3752 2204 ἐκ

2160 2238 2450 2309 προσώπου
2502 2239 2674 2310 αὐτῆς
2727 2239 3053 2310 ικφωνήσας
3101 2239 3248 2308 λέγει
3301 2239 3400 2292 τό·
3461 2257 3480 2290 ι
3537 2237 3749 2308 Κύριος

2158 2330 2342 2382 ἔκτισέ
2377 2347 2445 2400 με
2471 2331 2648 2402 ἀρχὴν
2667 2329 2804 2384 ὁδῶν
2827 2329 2992 2384 αὑτοῦ
3019 2332 3100 2394 είς
3129 2329 3266 2402 ἔργα
3289 2328 3480 2393 αὑτοῦ,
3519 2329 3627 2400 πρὸ
3647 2327 3747 2382 τοῦ

2159 2419 2353 2482 αἰῶνος
2394 2420 2726 2490 ἑθεμελίωσέ
2779 2437 2849 2488 με
2904 2421 2963 2473 ὲν
3017 2421 3184 2490 ἀρχῇ.
3222 2439 3241 2471 ι
3280 2419 3750 2488 Συλλογισάμενος

2161 2513 2215 2562 ὲν
2246 2510 2426 2580 ἑαυτῷ
2461 2511 2644 2576 πάλιν,
2686 2512 2769 2564 ὅτι
2809 2511 3097 2582 μέλλοντος
3134 2511 3231 2564 τοῦ
3275 2510 3412 2564 Θεοῦ
3472 2511 3750 2581 παράγειν

2157 2600 2360 2663 ταύτας
2386 2600 2484 2663 τὰς
2528 2599 2721 2670 φύσεις
2758 2601 2858 2664 τὰς
2897 2601 3247 2671 ἐγκοσμίους,
3302 2601 3750 2672 προγενεστέρας

2158 2692 2251 2744 τοῦ
2301 2709 2360 2745 τε
2391 2691 2686 2762 ἀνθρώπου
2727 2694 2823 2747 καὶ
2871 2693 2973 2764 τῆς
3001 2693 3216 2762 σοφίας,
3247 2693 3329 2756 είς
3357 2693 3421 2746 τὸ
3458 2687 3621 2758 εἶναι,
3652 2692 3752 2744 καὶ

2159 2785 2240 2836 ὃτι
2274 2783 2356 2836 δεῖ
2377 2783 2503 2846 τοὺς
2531 2783 2999 2854 προγενεστέρους
3052 2785 3315 2854 παρεῖναι
3363 2783 3751 2852 παραγενομέο

2159 2893 2265 2927 νων
2302 2891 2362 2927 τε
2389 2873 2501 2927 τῶν
2529 2873 2748 2944 φύσεων
2789 2876 3027 2946 ἱστορεῖν
3057 2875 3202 2929 κατά
3225 2874 3380 2940 τάξιν
3409 2873 3509 2936 τάς
3551 2873 3751 2942 φύσεις

2161 2963 2628 3034 παραγινομένας,
2670 2965 2764 3018 xci.
2809 2964 2894 3017 ὅτι
2945 2966 2976 3017 6
3032 2963 3321 3035 ἄνθρωπος
3370 2963 3468 3016 καὶ
3511 2965 3546 3032 ἡ
3581 2963 3749 3030 σοφία

2161 3055 2413 3126 ἡγεῖσθαι
2446 3053 2554 3108 τῶν
2587 3054 2765 3126 ἔργων
2795 3053 3065 3125 ἐτέθησαν
3085 3070 3099 3086 ·
3148 3056 3184 3126 ἡ
3234 3050 3330 3108 οὖν
3360 3054 3437 3126 τῷ
3472 3052 3746 3124 ἀνθρώπῳ

2162 3147 2378 3203 δοθεῖσα
2403 3145 2509 3199 ὑπὸ
2550 3144 2647 3198 τοῦ
2685 3143 2819 3198 Θεοῦ
2851 3145 3140 3216 λογιστική
3179 3146 3272 3198 καῖ.
3298 3145 3520 3216 κριτικὴ
3555 3143 3738 3212 σοφία,

2161 3241 2194 3307 ἡ
2229 3237 2623 3310 διαδοχεύσασα
2653 3238 2745 3289 ἐπὶ
2775 3236 3125 3307 Σολομῶντα,
3150 3236 3294 3292 καθά
3321 3253 3489 3308 φησιν
3515 3238 3544 3290 6
3569 3234 3747 3306 μέγαὶξ

2160 3333 2384 3401 Μωσῆς,
2415 3330 2566 3400 λέγει
2613 3331 2672 3383 ἐν
2729 3328 3072 3400 Σολομῶντι·
3121 3349 3140 3382 ι
3193 3329 3396 3401 Κύριος
3441 3329 3624 3382 ἐκτισέ
3679 3344 3755 3396 με

2160 3422 2334 3494 ἀρχὴν
2377 3421 2512 3476 όδῶν
2567 3420 2730 3474 αὑτοῦ
2779 3420 2862 3483 εις
2893 3417 3032 3489 ἔργα
3071 3418 3272 3474 αὑτοῦ·
3315 3437 3336 3470 ι
3370 3419 3467 3472 καὶ
3493 3415 3746 3486 τά-ὲξῆς.

2158 3515 2268 3580 Ἦς
2315 3517 2381 3568 ὲκ
2435 3509 2730 3584 προσώπου
2760 3511 2862 3580 τῆς
2903 3509 3347 3582 προγενεστὲρας
3397 3511 3496 3562 σὺν
3535 3508 3614 3580 τῷ
3653 3509 3752 3561 ἀνο

2159 3608 2366 3678 suam?
2402 3605 2496 3659 τοῦ
2549 3602 2782 3674 κόσμου,
2811 3602 3168 3675 διηγούμενος
3196 3602 3295 3665 τὰς
3323 3601 3608 3671 ἐνεργείας
3647 3600 3749 3653 τοῦ

2158 3698 2316 3765 Θεοῦ,
2345 3698 2444 3761 τὰς
2474 3699 2532 3750 ἐν
2561 3694 2638 3766 τῷ
2666 3693 2861 3764 κόσμῳ
2889 3693 3230 3763 παράγοντος
3259 3693 3359 3756 τὰς
3394 3691 3606 3760 φύσεις,
3638 3707 3749 3762 φη-

2161 3792 2246 3845 σὶν
2274 3791 2468 3852 αὑτός·
2509 3807 2530 3842 ι
2565 3787 2768 3858 Κύριος
2797 3785 3022 3854 ἐποίησε
3063 3784 3247 3855 χώρας
3287 3785 3385 3838 καὶ
3428 3783 3749 3854 ἀοικήτους,

2159 3881 2254 3936 καὶ
2300 3879 2448 3951 ἀκρα
2499 3878 2793 3948 οἰκούμενα
2829 3877 2928 3946 τῆς
2958 3876 3050 3930 ὑπ’
3079 3875 3330 3945 οὐρανόν.
3377 3874 3572 3928 Ἦνίκα
3601 3877 3754 3945 ἡτοί-

2161 3969 2300 4041 μαζε
2317 3969 2410 4024 τὸν
2426 3969 2676 4041 οὐρανὸν,
2691 3969 2958 4042 συμπαρή
2967 3983 3074 4039 μην
3089 3965 3351 4036 αὐτῷ,ὄτε
3381 3965 3599 4036 ἀφώριζ
3603 3983 3628 4019 ε
3653 3967 3753 4021 τὸν

2159 4059 2350 4114 ἑαυτοῦ
2381 4058 2568 4132 θρόνον
2584 4060 2668 4114 ιπ⁹
2689 4061 2926 4130 ἀνέμων·
2957 4059 3124 4130 ἡνίκα
3155 4057 3350 4130 ισχυρά
3365 4057 3620 4111 ὶποίειτά
3634 4057 3756 4114 ἂνω

2158 4150 2317 4220 νέφη,
2331 4150 2434 4208 καὶ,
2455 4149 2525 4213 ὡς
2545 4151 2808 4219 ἀσφαλεῖς
2821 4150 2989 4203 ἐτίθει
3029 4149 3214 4220 πηγάς
3239 4146 3341 4218 τῆς
3357 4147 3452 4200 ὑπ’
3480 4146 3719 4218 οὐρανόν
3733 4164 3748 4178 ·

2160 4241 2216 4292 ἐν
2229 4240 2306 4311 τῷ
2317 4239 2525 4295 τιθέναι
2537 4243 2606 4313 τῇ
2617 4240 2860 4312 θαλάσσῃ
2880 4239 3226 4312 ἀκριΰασμὸν
3243 4237 3430 4302 αὑτοῦ,
3449 4238 3547 4291 καὶ
3577 4236 3756 4290 ὕδατα

2159 4333 2220 4386 οὐ
2251 4330 2677 4403 παρελεύσονται
2713 4333 2872 4402 λόγον
2909 4334 3175 4402 στόματος
3197 4329 3390 4384 αὐτοῦ’
3413 4329 3508 4383 καὶ
3549 4328 3754 4400 ισχυρά

471 4432 746 4487 quamque
772 4415 979 4474 homini
1025 4417 1432 4490 prteparavit".
1511 4418 1646 4484 Quis
1695 4419 1861 4488 igitur
1915 4420 2056 4476 banc

2161 4424 2412 4479 ἐποίειτά
2429 4422 2487 4476 θε
2497 4422 2658 4494 μὲλια
2676 4423 2778 4493 τῆς
2792 4423 2918 4494 γῆς,
2931 4423 3078 4494 ήμην
3091 4421 3222 4493 παρ’
3235 4419 3385 4490 αύτῷ
3403 4419 3751 4491 ἁρμόζουσα,

473 4509 796 4577 sapientiam
853 4510 1177 4582 praeparavit
1235 4519 1290 4564 et
1321 4509 1468 4563 dedit
1510 4510 1736 4576 homini,
1774 4525 1893 4580 qua:
1939 4513 2056 4583 ejus

2159 4516 2269 4586 ἐγὼ
2284 4517 2433 4587 ήμην
2497 4515 2848 4586 προσέχαιρε.
2869 4534 2887 4565 ι
2925 4513 3108 4567 Ταῦτα
3127 4513 3192 4567 ὲκ
3208 4511 3502 4584 προσώπου
3518 4511 3622 4581 τῆς
3657 4527 3752 4564 σο-

470 4619 633 4665 opera
667 4603 984 4658 enarravit?
1035 4601 1154 4656 Non
1173 4600 1313 4655 alius
1332 4603 1576 4668 omnino,
1605 4618 1766 4671 quam
1797 4605 1887 4674 qui
1919 4622 2054 4676 prze-

2159 4607 2306 4678 φίας.
2343 4606 2452 4660 Καὶ
2475 4605 2747 4659 δείκνυσιν
2775 4604 3056 4675 ἀσφαλῶς,
3089 4605 3170 4657 ὅτι
3199 4605 3228 4662 6
3257 4602 3616 4674 προύπάρξας
3641 4601 3749 4655 τοῦ

474 4694 684 4757 paravit
719 4701 922 4748 terram
957 4691 1010 4745 in
1037 4701 1305 4746 aeternum
1335 4700 1570 4761 tempus,
1609 4702 1662 4749 et
1686 4695 1776 4764 qui
1812 4697 2055 4767 implevit

2159 4699 2360 4767 κόσμου
2378 4697 2434 4749 ὲν
2454 4699 2520 4768 τῇ
2545 4696 2638 4750 τοῦ
2651 4696 2786 4750 Θεοῦ
2806 4695 3102 4768 ὲνθυμήσει
3122 4709 3136 4722 ·
3154 4694 3234 4748 διὸ
3265 4693 3356 4748 καὶ
3374 4696 3403 4748 6
3418 4695 3624 4764 κόσμος
3649 4694 3747 4746 εὐ-

469 4801 592 4840 ezm
615 4783 878 4856 jumentis
909 4781 1372 4852 quadrupedibus,
1423 4783 1512 4853 qui
1569 4784 1733 4841 mittit
1779 4785 1957 4843 lmnen
1999 4798 2054 4843 et

2159 4787 2447 4856 τρεπίσοη,
2472 4787 2716 4856 δηλονότι
2744 4787 2838 4842 καὶ
2853 4788 2962 4841 τῶν
2990 4787 3084 4842 τοῦ
3104 4787 3307 4857 κόσμου
3338 4787 3552 4856 φύσεων
3579 4789 3758 4856 προῦ-

452 4870 639 4928 ‘i'adit:
666 4872 877 4928 vocavit
905 4871 1055 4935 illud,
1081 4879 1134 4926 ct
1181 4871 1418 4926 obedivit
1456 4874 1528 4928 illi
1562 4875 1756 4933 timore
1815 4896 1828 4932 :
1868 4879 1957 4949 qui
1997 4879 2049 4933 in

475 4975 616 5016 ιρι-νει
641 4965 790 5016 visus
821 4971 926 5027 est,
955 4968 1008 5016 et
1040 4959 1182 5016 inter
1228 4962 1476 5020 homines
1523 4978 1882 5024 conversatus
1934 4979 2052 5035 est;

477 5057 564 5109 hic
596 5053 922 5121 sapientiam
977 5052 1337 5111 hacreditavit.
1408 5053 1526 5112 Non
1575 5069 1657 5114 est
1699 5060 1880 5130 itaque
1929 5059 2053 5114 Filii

475 5145 567 5199 Dei
611 5145 801 5199 illudzt
839 5142 1095 5200 Dominus
1147 5147 1389 5204 condidit
1440 5165 1590 5205 men
1620 5151 1712 5205 sed
1776 5151 2058 5208 rationalis

475 5237 755 5307 sapientia:
782 5251 943 5306 quam
983 5237 1096 5310 ipse
1132 5239 1390 5296 Dominus
1423 5241 1628 5296 homini
1660 5243 1806 5297 dedit
1832 5257 1894 5297 ac
1917 5259 2057 5312 prae-

475 5325 703 5394 paravit,
760 5336 980 5396 propter
1027 5344 1186 5400 quem
1219 5331 1450 5386 tnundus
1501 5328 1674 5385 factus
1713 5341 1817 5388 cst.
1848 5332 2051 5388 Claris-

475 5418 612 5472 sime
669 5419 712 5473 si
737 5420 950 5488 quidem
978 5440 1072 5493 per
1093 5424 1275 5478 omnia
1301 5424 1729 5480 demonstratum
1758 5425 1914 5480 estin
1939 5441 2052 5493 pcr-

479 5522 611 5564 snna
646 5511 931 5568 rationalis
976 5516 1255 5585 sapientia:
1305 5514 1508 5570 dictum
1560 5528 1702 5570 esse.
1745 5514 2049 5572 Continuat

2165 4877 2398 4949 πῆρξεψ
2425 4878 2593 4949 ἴστωρ
2611 4873 2704 4931 οὖν
2717 4878 3008 4947 γενόμενος
3019 4878 3117 4948 τῆς
3132 4876 3368 4948 παρόδου
3383 4876 3492 4928 τῶν
3509 4875 3753 4945 φύσεων,

2165 4969 2467 5040 ὑπαριθμεί
2492 4967 2592 5038 τὴν
2621 4967 2773 5035 τάξιν
2796 4967 2996 5032 αὐτῶν,
3029 4969 3058 5020 6
3092 4968 3518 5037 προγενέστερος
3547 4965 3755 5030 αὐτῶν,

2165 5063 2198 5130 ἡ
2224 5061 2405 5128 σοφία,
2425 5061 2489 5131 ἢν
2505 5059 2694 5130 ἐξεῦρε
2713 5062 2780 5130 τῇ
2817 5059 3030 5112 συνέσει
3049 5059 3236 5123 αὐτοῦ,
3263 5060 3330 5129 ἢν
3360 5057 3652 5128 εὐτρέπιστο
3672 5058 3758 5127 τῷ

2166 5150 2459 5222 ἀνθρώπῳ.
2505 5151 2599 5213 Τίς
2645 5147 2738 5204 οὖν
2768 5152 2796 5201 6
2825 5151 3028 5220 ταύτην
3060 5151 3162 5221 τὴν
3208 5149 3403 5217 σοφίαν
3446 5163 3756 5218 προευτρε-

2169 5243 2332 5305 πίσας
2363 5243 2454 5294 καὶ
2481 5241 2730 5304 δεδωκὼς
2764 5240 2842 5310 τῷ
2871 5241 3168 5311 ἀνθρώπῳ,
3209 5241 3243 5310 ἢ
3300 5241 3627 5310 ὑφηγήσατο
3653 5241 3758 5292 αύ-

2161 5335 2256 5388 τοῦ
2286 5335 2385 5399 τὰς
2426 5333 2744 5405 ἐνεργείας;
2777 5334 2904 5386 Ὀτι
2947 5334 3049 5388 οὑκ
3079 5333 3258 5397 ἄλλος,
3295 5333 3412 5387 ἀλλ’
3447 5331 3479 5402 ἦ
3531 5332 3760 5395 πάντως

2160 5426 2189 5478 6
2219 5426 2637 5487 κατασκευάσας
2673 5423 2774 5493 τὴν
2805 5422 2911 5494 γῆν
2943 5424 3022 5486 εἰς
3053 5422 3145 5477 τὸν
3175 5421 3346 5476 αἰῶνα
3375 5421 3588 5491 χρόνον,
3607 5421 3636 5472 ό
3656 5421 3758 5472 καὶ

2161 5518 2449 5588 ἐμπλήσας
2490 5515 2657 5586 αὐτὴν
2698 5514 2915 5586 κτηνῶν
2943 5513 3318 5586 τετραπόδων,
3349 5513 3376 5566 6
3407 5511 3642 5574 καλέσας
3689 5512 3758 5568 τὸ

549 5687 593 5720 ⁸⁷
621 5685 775 5746 Joan.
822 5707 952 5753 xm.
989 5695 1073 5748 τό.
1153 5693 1200 5726 ⁸⁸
1228 5691 1388 5751 Prov.
1415 5707 1534 5755 vm.
1566 5691 1658 5746 2‘3.
1737 5695 1780 5727 "
1815 5694 1943 5750 ibid.
1978 5695 2166 5750 23-30.
2236 5695 2283 5726 "'
2315 5694 2525 5749 Barurh
2558 5709 2640 5755 Ill,
2674 5693 2762 5748 δὲ.
