4070 6446
471 353 607 420 1273

1347 359 1721 420 HISTORIA
1760 357 2096 421 CONCILII
2131 357 2439 421 NIC'I’ENI.
2481 385 2549 394 ·-
2588 361 2732 421 LIB.
2777 361 2859 421 Π.

3604 351 3734 418 1274

466 458 610 537 φῶς,
636 469 728 523 καὶ
757 469 1066 539 ὑπήκουσεν
1097 469 1245 540 αὐτῷ
1276 470 1465 542 τρόμῳ
1491 488 1504 501 ·
1537 474 1565 525 6
1595 470 1688 524 ἐπὶ
1710 471 1810 543 γῆς
1843 470 2036 541 ὀφθεὶς

2156 480 2336 526 autem
2388 472 2643 542 praedicta
2700 473 2957 528 Dominus
3000 471 3051 526 in
3122 469 3429 539 Evangelia,
3507 468 3734 525 dicens:

467 561 558 614 καὶ
606 561 1005 631 συναστραφεὶς
1063 560 1392 632 ἀνθρώποις.
1454 562 1643 633 Τούτῳ
1699 564 2047 636 κεκλήρωται

464 651 560 721 τῆς
604 652 812 720 σοφίας.
839 652 974 722 Οὐχὶ
1020 652 1114 705 τοῦ
1169 654 1301 707 Υίρίι
1341 656 1434 706 τοῦ
1489 654 1622 709 Θεοῦ
1676 655 1756 719 τὸ,
1797 674 1815 707 «
1844 655 2047 726 Κύριος

464 743 645 798 ἔκτισέ
679 762 766 815 με,
796 765 814 797 ι
837 744 1006 817 ἀλλ’ἢ
1036 746 1132 817 τῆς
1150 747 1375 815 λογικῆς
1411 748 1622 817 σοφίας,
1644 748 1740 817 τῆς
1770 747 2044 800 ὑπἀὐτοῦ

461 837 560 892 τοῦ
589 839 794 910 Κυρίου
828 839 1284 912 εὐτρεπισοείσης
1316 843 1409 894 καὶ
1446 841 1695 911 δοθείσης
1725 839 1803 912 τῷ
1832 838 2046 911 ἀνθρώ-

2162 563 2488 619 «Sabhatum
2520 573 2742 635 propter
2768 565 3044 619 hominem
3079 565 3278 617 factum
3303 569 3410 625 est,
3445 574 3550 615 non
3575 561 3739 614 homo

2157 664 2378 724 promer
2411 656 2772 711 Sabbatum'“
2792 674 2840 725 ,ι
2871 656 3131 710 attributa
3160 654 3361 708 mundo
3383 665 3613 720 persona
3636 664 3734 704 seu

2156 748 2325 817 ﬁgura
2368 747 2612 812 Sabbati,
2650 763 2747 817 pro
2776 763 2882 815 eo;
2918 745 3150 801 mundus
3182 755 3405 815 propter
3435 743 3731 815 ;hominem

2153 838 2329 894 factus
2358 850 2462 906 est,
2498 856 2602 897 non
2643 841 2807 894 homo
2829 848 3051 910 propter
3078 839 3358 891 mundum.

464 947 572 1001 πῳ,
603 931 670 985 δι’
711 932 770 985 ὃν
816 935 844 986 6
890 933 1096 1004 κόσμος
1126 934 1367 1003 ἐγένετο.
1417 934 1742 1004 Σαφέστατα
1775 932 1865 987 διὰ
1894 932 2112 986 πάντων
2150 931 2440 998 δέδεικται,
2471 934 2555 987 ὃτι
2586 936 2666 998 είς
2695 934 2755 988 τὸ
2785 933 3078 1006 πρόσωπον
3109 930 3341 1001 εἴρηται,
3383 928 3483 997 τῆς
3510 923 3734 994 λογικῆς

464 1025 675 1095 σοφίας.
708 1024 926 1079 Βεὸαιοῖ
951 1026 1008 1079 δὲ
1054 1027 1122 1079 τὰ
1154 1028 1534 1099 προειρημένα
1563 1027 1591 1078 6
1622 1027 1827 1098 Κύριος
1892 1027 1950 1081 ἐν
1998 1025 2077 1097 τῷ
2114 1026 2432 1099 Εὐαγγελίῳ
2459 1029 2634 1097 λέγων
2656 1046 2669 1060 ’
2705 1048 2724 1081 ι
2758 1029 2832 1081 Τὸ
2893 1026 3175 1081 Σάϐϐατον
3202 1024 3290 1077 διὰ
3322 1023 3414 1076 τὸν
3446 1020 3733 1089 ἄνθρωπον

462 1114 699 1183 ἐγένετο,
730 1115 829 1186 οὐχ
864 1118 892 1168 6
924 1114 1207 1187 ἅνθρωπος
1236 1117 1327 1169 διὰ
1358 1117 1414 1170 τὸ
1462 1117 1738 1172 Σάϐϐατον
1767 1135 1780 1150 ·
1857 1118 2359 1189 προσωποποιήσας
2405 1119 2526 1179 τὸνι
2567 1119 2770 1189 κόσμον
2828 1120 2910 1178 είς
2976 1118 3271 1188 πρόσωπον
3301 1113 3394 1167 τοῦ
3428 1111 3721 1165 216601106

461 1205 584 1259 ἀντὶ
611 1203 735 1259 τοῦ·
766 1206 793 1257 6
819 1203 1022 1274 κόσμος
1051 1206 1140 1258 διὰ
1171 1206 1262 1259 τὸν
1293 1206 1603 1278 ἄνθρωπον,
1634 1206 1749 1259 ἀλλ’
1775 1207 1875 1277 οὐχ
1901 1209 1929 1260 6
1960 1205 2251 1277 ἄνθρωπος
2280 1207 2369 1262 διὰ
2407 1209 2497 1262 τὸν
2532 1209 2759 1278 κόσμον.

700 1322 897 1394 Ἑτέρα
922 1325 1282 1394 ἁντίφρασις
1314 1325 1420 1380 τοῦ
1451 1326 1818 1396 φιλοσόφου.

544 1436 725 1501 Ἀλλὰ,
761 1436 946 1507 φησὶν,
972 1438 1006 1509 ἡ
1042 1439 1207 1508 σοφία
1236 1440 1271 1509 ή
1295 1441 1352 1492 ὲν
1377 1438 1709 1510 Σολομῶντι,
1732 1439 1760 1491 6
1789 1438 1917 1502 Υίὸς
1948 1438 2045 1492 τοῦ

458 1526 595 1581 Θεοῦ
637 1529 774 1593 ἐστι,
814 1528 960 1582 τοῦτ’
1008 1528 1156 1583 ἔστιν
1185 1530 1218 1600 ἡ
1245 1530 1408 1600 σοφία
1453 1529 1552 1585 τοῦ
1583 1529 1742 1597 Θεοῦ,
1783 1530 1813 1583 6
1841 1528 2046 1584 εἰπών’

467 1638 485 1669 «
522 1616 725 1689 Κύριος
754 1617 935 1673 ἐκτισέ
970 1637 1062 1691 με,
1106 1641 1123 1673 ι
1159 1620 1252 1674 καὶ
1280 1621 1350 1676 τὰ
1386 1620 1533 1692 ἑξῆς.

473 1729 805 1800 Ἀπόκρισις
829 1728 966 1800 τῶν
981 1730 1165 1797 ἁγίων
1187 1729 1540 1785 ἐπισκόπων
1560 1731 1711 1799 πρὸς
1735 1732 1841 1785 τὸν
1867 1732 2039 1800 φιλό-

525 1813 725 1923 σρῗον
754 1798 852 1853 διὰ
878 1799 986 1854 τοῦ
1014 1801 1353 1856 ἐπισκόπου
1397 1803 1693 1856 Εὐσεϐίου
1730 1802 1837 1857 τοῦ
1870 1798 2040 1871 Παμ-

530 1887 569 1923 cc
639 1886 731 1923 ου.

528 1887 731 1937 φικου.

530 1983 683 2048 Eius,
713 1977 758 2035 ὦ
789 1983 1069 2051 φιλόσοφε.
1098 1984 1130 2053 ἡ
1162 1983 1324 2051 σοφία
1361 1985 1395 2054 ή
1441 1986 1498 2038 ἐν
1525 1985 1832 2055 Σολομῶντι
1865 1984 1940 2048 ὡς
1976 1985 2040 2038 σὺ

458 2076 585 2145 φὴς,
614 2076 647 2145 ή
677 2073 771 2126 τοῦ
809 2073 944 2126 Θεοῦ
992 2075 1108 2126 ἐστι
1154 2073 1352 2143 σοφία;
1405 2075 1457 2128 Ὁ
1500 2075 1872 2145 φιλόσοφος·
1909 2076 2041 2139 Ναὶ,

457 2169 644 2235 φησιν,
687 2165 860 2229 οὕτως
904 2164 1037 2236 ἔχει.
1085 2168 1136 2217 Ὀ
1184 2165 1558 2232 ἐπίσκοπος-ο
1594 2166 1753 2231 Εἰπὲ,
1796 2168 1828 2236 ἡ
1880 2168 2042 2235 σοφία

452 2259 548 2311 τοῦ
570 2257 706 2312 Θεοῦ
738 2258 1050 2329 πρόγνωσιν
1076 2256 1212 2327 ἔχει,
1249 2256 1282 2325 ἢ
1310 2255 1371 2309 οὗ
1398 2273 1413 2321 ;
1450 2256 1504 2309 Ὀ
1535 2259 1872 2326 φιλόσοφος
1896 2259 2042 2315 ’.Ναὶ

454 2351 586 2418 ἔχει.
633 2350 687 2402 '0
722 2350 1059 2415 ἐπίσκοπος
1082 2365 1097 2379 ο
1144 2348 1210 2400 Ἡ
1247 2347 1409 2416 σοφία
1444 2347 1537 2401 τοῦ
1561 2347 1694 2400 Θεοῦ
1725 2351 1753 2401 6
1780 2345 1909 2410 Υἱὸς
1945 2348 2041 2401 τοῦ

452 2439 591 2492 Θεοῦ
619 2441 788 2503 ἐστιν,
826 2439 892 2508 ἢν
924 2439 1030 2508 φὴς
1083 2439 1139 2489 ὲν
1187 2437 1529 2507 Σολομῶντι;
1571 2436 1625 2488 Ὁ
1665 2438 2038 2507 φιλόσοφος·

454 2532 583 2596 Ναὶ,
616 2531 805 2600 φησίν.
856 2530 910 2582 '0
957 2530 1329 2593 ἐπίσκοποςο
1368 2528 1490 2591 Πῶς
1530 2527 1706 2600 κρίνει
1745 2530 1774 2581 6
1818 2530 2041 2599 κρίνων,

454 2626 598 2680 κατὰ
630 2624 964 2696 πρόγνωσιν,
1002 2623 1163 2701 ἦήοίη
1211 2624 1264 2676 Ὀ
1298 2625 1658 2693 φιλόσοφος.
1694 2625 1822 2689 Ναὶ,
1855 2625 2037 2694 φησίν.

466 2716 626 2769 Ἀλλὰ
653 2716 800 2781 πῶς;
849 2716 902 2768 '0
955 2715 1333 2780 ἐπίσκοπος·
1386 2715 1444 2767 ’0
1497 2711 1593 2768 οῦν
1641 2715 1863 2786 κρίνων,
1899 2716 2042 2771 κατὰ

454 2806 764 2875 πρόγνωσιν
810 2805 1009 2874 κρίνει,
1045 2806 1140 2858 καὶ
1182 2804 1323 2857 κατὰ
1367 2804 1436 2858 τὰ
1486 2804 1645 2876 ἔργα,
1681 2805 1758 2868 ὡς
1789 2805 2041 2877 προγνώ-

456 2913 625 2966 στηςς
678 2897 732 2948 '0
780 2899 1154 2966 φιλόσοφος·
1192 2897 1299 2950 Ναὶ
1342 2896 1515 2951 εἷπον.
1565 2899 1629 2951 '0
1671 2899 2036 2967 ἐπίσκοποςο

453 2988 576 3050 Πῶς
600 2984 695 3041 οὖν
725 2989 757 3057 ἡ
788 2989 949 3056 σοφία
975 2990 1008 3056 ἡ
1043 2989 1100 3041 ὲν
1124 2987 1433 3057 Σολομῶν-ιι
1455 2989 1641 3057 λέγει’
1671 3009 1688 3039 «
1722 2991 1862 3062 Τρία
1889 2992 2038 3046 ἐστὶν

451 3078 690 3133 ἀδύνατά
730 3097 821 3149 μοι
859 3083 1071 3151 νοῆσαι,
1125 3082 1219 3133 καὶ
1246 3082 1309 3133 τὸ
1346 3082 1610 3149 τέταρτον
1636 3084 1735 3136 οὐκ
1779 3085 2038 3152 ἐπιγινώ-

2507 1328 2628 1382 Alia
2666 1327 2964 1396 philosophi
2994 1325 3364 1381 contradictio.

2222 1441 2293 1496 At
2321 1454 2450 1496 vero
2475 1439 2781 1497 Salomonis
2802 1440 3066 1511 sapientia
3101 1448 3354 1504 testatur,
3410 1435 3603 1494 Filium
3635 1440 3731 1497 Dei

2150 1546 2292 1597 esse,
2325 1533 2428 1587 hoc
2444 1543 2547 1598 est,
2578 1532 2671 1587 Dei
2699 1533 3045 1600 sapientiam,
3072 1548 3191 1602 quae
3221 1530 3387 1586 dixit:
3428 1530 3725 1588 «Dominus

2150 1623 2390 1678 condidit
2411 1637 2559 1688 me,»
2578 1633 2634 1678 et
2664 1639 2784 1693 quae
2813 1632 3135 1693 sequuntur.

2152 1733 2434 1804 Responsio
2462 1746 2765 1809 sanctorum
2811 1736 3176 1809 episcoporum
3232 1738 3300 1789 ad
3358 1739 3731 1809 philosophum

2383 1822 2474 1874 per
2501 1806 2804 1874 episcopum
2841 1806 3124 1875 [Eusebium
3149 1808 3442 1876 Pamphili.

2219 1984 2331 2049 Dic,
2363 1984 2701 2054 philosolihe,
2734 1984 2999 2052 sapientia
3021 1997 3140 2052 qua:
3167 1992 3286 2038 erat
3317 1983 3369 2037 in
3403 1981 3720 2047 Salomone,

2145 2077 2335 2140 ntais,
2395 2086 2582 2131 eratne
2632 2077 2895 2145 sapientia
2955 2075 3088 2130 Dei?
3162 2074 3527 2145 Philosophus.
3590 2075 3729 2130 Vere

2146 2170 2342 2237 inquit,
2372 2176 2492 2222 erat
2522 2168 2783 2237 proiecto.
2827 2166 3140 2236 Episwpus.
3183 2166 3297 2230 Dic,
3322 2166 3586 2233 sapientia
3633 2166 3729 2221 Dei

2144 2260 2538 2329 prazscienliam
2607 2259 2792 2323 habet,
2863 2258 3081 2311 annon?
3138 2257 3509 2325 Philosophus.
3567 2256 3731 2313 Certe

2145 2352 2328 2407 habet.
2379 2351 2693 2419 Episcopus.
2757 2350 3032 2418 Sapientia
3098 2349 3214 2415 Dei,
3270 2365 3432 2418 quam
3479 2348 3615 2403 dicis
3670 2348 3723 2402 in

2145 2441 2436 2497 Salomone
2491 2440 2678 2507 fuisse,
2729 2451 2881 2495 estne
2933 2441 3100 2495 Filius
3166 2440 3297 2494 Dei?
3352 2438 3723 2507 Philosoyhus.

2144 2534 2327 2598 Certe,
2373 2532 2569 2602 inquit.
2627 2531 2943 2601 Episcopus.
2997 2530 3167 2586 Judex
3199 2531 3471 2601 quomodo
3493 2531 3723 2600 iudicat,

2137 2626 2292 2694 juxta
2326 2622 2746 2694 prmscientiam,
2805 2623 3048 2677 annon?
3105 2620 3480 2692 Philosophus.
3540 2621 3722 2685 Certe,

2144 2718 2249 2773 ait:
2287 2715 2560 2787 quomodo
2595 2716 2737 2770 enim
2763 2714 2920 2768 aliter
2943 2714 3260 2785 iudicaret?
3291 2714 3600 2783 Episcopus.
3625 2711 3726 2769 .Iu-

2141 2809 2242 2864 dex
2277 2808 2442 2879 igitur
2470 2806 2621 2877 juxta
2654 2803 3308 2876 prmscicntiamjudicat,
3338 2813 3393 2859 et
3429 2804 3723 2860 secundum

2142 2916 2304 2972 opera
2344 2915 2465 2970 quae
2511 2901 2663 2970 prius
2714 2900 2910 2955 novit?
2966 2898 3340 2964 PhilosOphus.
3418 2897 3579 2952 Certe
3608 2896 3720 2965 jam

2142 2994 2272 3050 dixi.
2308 2993 2622 3059 Episcopus.
2657 2991 2941 3060 Quomodo
2990 2991 3158 3061 igitur
3180 2991 3258 3045 ait
3315 2989 3583 3060 sapientia
3619 2986 3723 3042 Sa-

2139 3086 2407 3142 lomonis:
2461 3084 2617 3140 «Tria
2649 3100 2754 3139 non
2806 3098 3026 3153 possum
3093 3082 3418 3152 intelligere,
3465 3090 3724 3151 quartum

451 3186 601 3235 cum;
636 3189 652 3222 ι
698 3169 779 3222 Τὰ
829 3169 958 3239 τρία
1009 3173 1267 3241 είρηκυῖα
1314 3174 1346 3240 ἡ
1386 3175 1446 3225 ὲν
1485 3173 1792 3242 Σολομῶντι
1850 3177 2031 3244 σοφία,

2142 3178 2356 3248 penitus
2386 3176 2648 3247 ignoro?»
2678 3191 2911 3245 cumque
2939 3175 3042 3229 tria
3071 3175 3300 3230 dixisset
3324 3173 3587 3243 sapientia
3623 3172 3724 3226 Sa-

450 3264 704 3319 ἁδυνατεί
739 3262 911 3333 αὐτὴν
937 3262 1152 3330 νοῆσαι,
1202 3262 1334 3332 περὶ
1365 3263 1457 3325 τοῦ
1484 3265 1748 3334 τετάρτου
1778 3261 1933 3318 εἶπεν
1972 3268 2032 3320 οὐ

2141 3267 2391 3332 lomonis,
2423 3281 2544 3336 quae
2576 3268 2690 3335 ipsa
2715 3281 2820 3321 non
2852 3274 3038 3334 posset
3080 3265 3409 3335 intelligere,
3461 3273 3719 3335 quartum

449 3351 760 3424 γινώσκειν,
788 3352 883 3406 καὶ
907 3351 1063 3414 ὁδοὺς
1083 3351 1275 3423 ἀνδρὸς
1298 3354 1357 3405 ὲν
1382 3352 1619 3424 νεότητι.
1667 3355 1728 3407 Εἰ
1761 3353 1855 3407 οὖν
1883 3357 1917 3426 ἡ
1948 3373 2036 3409 σο-

450 3444 547 3514 φίᾳ
575 3443 672 3496 τοῦ
698 3441 835 3496 Θεοῦ
867 3444 1017 3496 ἐστιν
1048 3444 1082 3512 ἠ
1115 3444 1174 3495 ἐν
1203 3441 1535 3513 Σολομῶντι,
1576 3445 1694 3508 πῶς
1730 3446 1905 3516 κρίνει
1942 3447 2036 3501 τὸν

451 3536 675 3605 κόσμον,
707 3534 782 3605 μὴ
814 3534 986 3588 εἰδυῖα
1015 3534 1210 3607 ἀνδρὸς
1234 3535 1390 3598 ὁδοὺς
1421 3536 1479 3587 ὲν
1510 3535 1752 3606 νεότητι;
1794 3538 1888 3591 καὶ
1917 3539 2033 3604 πῶς

448 3626 608 3680 τοῦτο
635 3625 854 3698 ἀληθὲς,
887 3627 969 3680 ὅτι
1010 3628 1040 3680 6
1066 3628 1298 3696 ποιήσας
1329 3627 1420 3681 τὸν
1464 3627 1754 3700 ἄνθρωπον
1794 3633 1912 3684 κατ’
1953 3633 2035 3685 εί·-

450 3722 582 3773 κόνα
615 3719 772 3786 Θεοῦ,
801 3718 947 3773 τοῦτ’
973 3719 1143 3784 ἐστιν,
1164 3720 1194 3773 6
1222 3718 1342 3783 Υίὸς
1378 3719 1475 3773 τοῦ
1503 3721 1663 3786 Θεοῦ,
1689 3720 1871 3787 καθώς
1901 3741 2035 3796 φησι

449 3810 654 3881 Μωσῆς
680 3812 709 3864 6
747 3811 1054 3880 προφήτης,
1094 3808 1175 3863 ἔτι
1209 3808 1267 3863 δὲ
1308 3811 1403 3863 καὶ
1438 3810 1693 3882 Ἰωάννης
1735 3814 1765 3866 6
1804 3813 2035 3884 εὐαγγε-

449 3902 657 3972 λιστὴς,
691 3919 710 3952 ι
754 3902 939 3956 Πάντα
971 3901 1038 3954 δι’
1083 3900 1272 3965 αὐτοῦ,
1315 3902 1519 3972 φησὶν,
1565 3904 1820 3972 ὲγένετο’
1865 3925 1882 3958 ι
1935 3907 2033 3960 οὑκ

382 3992 389 3993 “
447 3995 741 4045 ἐπίσταται
792 3991 946 4055 ὀδοὺς
1001 3990 1195 4062 ἀνδρὸς
1250 3992 1311 4044 ὲν
1362 3991 1610 4063 νεότητι;
1657 4012 1676 4045 «
1721 3993 1779 4047 Ὀ
1822 3994 2034 4060 πλάσας

449 4083 594 4137 κατὰ
624 4083 791 4154 μόνας
819 4081 920 4146 τὰς
944 4081 1173 4153 καρδίας
1210 4082 1411 4150 αὐτῶν,
1444 4086 1472 4138 6
1497 4085 1700 4149 συνιεὶς
1740 4087 1821 4148 είς
1858 4087 2035 4142 πάντα

447 4176 516 4227 τὰ
542 4174 681 4245 ἔργα
706 4173 906 4237 αὐτῶν,
956 4175 985 4226 6
1034 4174 1246 4238 ἐτάζων
1297 4174 1526 4246 καρδίας
1564 4176 1658 4230 καὶ
1707 4180 1969 4250 νεφροὺς,
2009 4199 2027 4231 ›

447 4267 589 4321 κατὰ
613 4267 708 4320 τὸν
752 4267 1042 4338 προφήτην
1082 4268 1175 4321 τὸν
1220 4268 1482 4321 είπὸνταυ
1536 4287 1556 4321 ι
1594 4270 1668 4323 Σὺ
1722 4270 1893 4338 ἔγνως
1932 4273 2033 4343 τὴν

448 4359 716 4433 καθέδραν
746 4375 868 4429 μου,
891 4360 986 4413 καὶ
1012 4360 1111 4430 τὴν
1132 4360 1353 4433 ἔγερσίν
1376 4378 1479 4432 μου
1496 4378 1510 4392 ⁸
1539 4362 1605 4415 σὺ
1629 4364 1872 4434 συνῆκας
1899 4365 2033 4419 πάν-

444 4467 545 4513 τας
586 4448 712 4512 τοὺς
745 4449 1134 4521 διαλογισμούς
1171 4469 1294 4523 μου,
1338 4453 1528 4524 φησὶν,
1582 4454 1690 4508 ἀπὸ
1736 4456 2030 4527 μακρόθεν,

2141 3358 2362 3415 dixitse
2411 3359 2683 3429 ignorare,
2708 3373 2903 3426 nempe
2940 3359 3089 3412 viam
3114 3357 3215 3411 viri
3249 3356 3300 3410 in
3328 3356 3718 3411 adolescentia.

2141 3449 2199 3505 Si
2234 3465 2365 3520 ergo
2394 3450 2664 3518 sapientia
2702 3448 2796 3504 Dei
2831 3448 3196 3518 estsapientia
3223 3446 3554 3513 Salomonis,
3586 3461 3724 3516 quo-

2139 3541 2299 3595 modo
2320 3539 2529 3609 judicat
2570 3537 2856 3603 mundum,
2889 3551 3012 3592 cum
3069 3536 3277 3592 nesciat
3305 3536 3449 3590 viam
3506 3535 3604 3590 viri
3666 3536 3719 3590 in

2140 3630 2542 3687 adolescentia?
2565 3641 2620 3685 et
2645 3628 2918 3699 quomodo
2943 3627 3047 3683 hoc
3072 3641 3260 3682 verum
3304 3635 3412 3692 est,
3453 3627 3600 3699 quod
3629 3629 3719 3696 qui

2139 3720 2267 3777 fecit
2305 3720 2579 3776 hominem
2610 3722 2677 3775 ad
2726 3718 3018 3789 imaginem
3071 3717 3189 3782 Dei,
3243 3703 3345 3772 hoc
3392 3727 3497 3784 est,
3551 3715 3722 3774 Filius

2143 3813 2233 3868 Dei
2268 3812 2351 3884 (ut
2380 3810 2594 3883 Moyses
2625 3810 2889 3881 propheta
2922 3809 3019 3875 ait,
3043 3817 3098 3864 et
3133 3807 3199 3862 de
3227 3822 3334 3877 quo
3365 3806 3443 3862 ait
3483 3806 3721 3864 Joannes

2138 3901 2501 3971 evangelista:
2535 3900 2756 3956 «Omnia
2782 3914 2876 3969 per
2915 3898 3089 3969 ipsum
3127 3896 3269 3953 facta
3288 3897 3478 3953 sunt"
3509 3915 3528 3949 ι
3553 3897 3717 3966 ),non

2137 3997 2275 4052 sciat
2315 3995 2457 4049 viam
2491 3994 2590 4046 viri
2625 3993 2677 4046 in
2708 3989 3122 4046 adolescentia?
3161 3989 3293 4057 «Qui
3323 3988 3482 4043 ﬁnxit
3519 3990 3722 4061 sigilla-

2140 4088 2233 4143 tim
2249 4087 2412 4142 corda
2431 4100 2639 4150 eorum,
2666 4083 2754 4152 qui
2785 4081 3035 4152 intelligit
3058 4082 3239 4137 omnia
3257 4096 3420 4151 opera
3439 4097 3625 4138 eorum
3650 4083 3719 4149 ⁷⁸,

2137 4180 2226 4251 qui
2262 4187 2534 4235 scrutatur
2566 4177 2730 4230 corda
2757 4185 2814 4229 et
2843 4188 3000 4229 renes
3018 4173 3066 4205 "'
3093 4190 3141 4228 τι
3190 4171 3354 4228 Juxta
3383 4171 3715 4242 Prophetam

2138 4275 2447 4331 dicentem:
2504 4270 2615 4326 «Tu
2647 4268 2946 4339 cognovisti
2984 4268 3287 4325 sessionem
3310 4282 3506 4334 meam,
3539 4274 3594 4322 et
3636 4283 3721 4322 rc-

2138 4365 2533 4421 surrectionem
2597 4376 2795 4428 meam;
2852 4368 2905 4414 tu
2984 4357 3300 4415 intellexisti
3358 4357 3723 4426 cogitationes

2139 4475 2287 4515 meas
2312 4460 2380 4514 de
2408 4457 2588 4526 longe,
2626 4454 2876 4511 semitam
2917 4467 3094 4520 meam
3128 4460 3183 4507 et
3209 4450 3507 4506 funiculum
3542 4464 3720 4505 meum

445 4545 542 4612 τὴν
569 4538 755 4609 τρίϐον
785 4557 910 4611 μου,
940 4544 1034 4594 καὶ
1074 4542 1173 4612 τὴν
1203 4541 1413 4612 σχοῖνόν
1459 4556 1561 4612 μου
1598 4544 1663 4595 σὺ
1698 4543 2031 4615 ἐξιχνίασας,

2141 4551 2472 4620 investigasti
2508 4558 2555 4603 et
2596 4561 2786 4601 omnes
2832 4545 2947 4598 vias
2996 4558 3144 4598 meas
3178 4540 3597 4613 prmvidisli".)
3656 4538 3724 4594 Et:

444 4628 538 4679 καὶ
570 4629 751 4693 πάσας
790 4625 891 4691 τὰς
922 4627 1075 4691 ὁδούς
1122 4645 1222 4696 μου
1255 4630 1526 4701 προεῖδες.
1569 4650 1587 4682 ι
1623 4632 1735 4686 Καὶ
1766 4634 1825 4686 ἐν
1856 4633 2031 4706 ἑτέρῳ

446 4721 643 4775 πάλινο
679 4739 701 4773 ι
750 4722 808 4775 '0
841 4719 1113 4775 παιδεύων
1135 4718 1285 4791 ἔθνη,
1319 4721 1440 4792 οὐχ).
1460 4722 1692 4792 ἐλέγξει,
1714 4727 1743 4779 ὀ
1763 4726 2032 4780 διδάσκων

444 4811 734 4883 ἄνθρωπον
778 4810 1009 4880 γνῶσιν;
1068 4809 1276 4882 Κύριος
1309 4811 1574 4880 γινώσκει
1626 4817 1754 4880 τοὺς
1795 4816 2034 4886 διαλογι-

446 4905 619 4973 σμοὺς
664 4902 775 4957 τῶν
820 4901 1164 4973 ἀνθρώπων,
1210 4904 1293 4957 ὅτι
1334 4905 1441 4958 εἰσὶ
1488 4906 1732 4976 μάταιοι.
1772 4926 1790 4958 ι
1833 4909 1890 4962 ’0
1940 4911 2035 4965 οῦν

444 4997 618 5050 ταῦτα
649 4997 1038 5068 ἐπιστάμενος,
1086 4998 1180 5051 καὶ
1228 4996 1406 5051 πάντα
1458 4999 1887 5069 προγινώσκων,
1930 5004 2031 5057 οὐκ

444 5090 734 5143 ἐπίσταται
764 5089 919 5153 ὀδοὺς
947 5089 1138 5154 ἀνδρὸς
1171 5092 1231 5144 ἐν
1260 5090 1498 5162 νεότητι;
1529 5091 1640 5145 Καὶ
1680 5092 1851 5146 πολλὰ
1881 5094 2029 5148 ἔστιν

444 5181 625 5249 εὑρεῖν
645 5182 709 5234 ὲκ
737 5180 844 5233 τῶν
865 5179 1121 5251 Γραφῶν,
1154 5182 1222 5233 τὰ
1259 5179 1550 5251 ἐλέγχοντα
1580 5181 1677 5252 τὴν
1700 5183 1885 5237 ἄνοιαν
1922 5185 2030 5239 τῶν

446 5271 630 5334 κακῶς
676 5270 1054 5340 ὑπειληφὸτων
1096 5271 1226 5339 περὶ
1274 5270 1369 5322 τοῦ
1420 5270 1586 5341 ῥητοῦ
1636 5271 1854 5328 τούτου.
1904 5273 2032 5338 Πῶς

390 5416 399 5427 ,
445 5362 555 5433 γὰρ
584 5364 612 5416 6
631 5362 898 5417 διδάσκων
920 5362 1206 5431 ἄνθρωπον
1229 5361 1456 5428 γνῶσιν,
1480 5363 1644 5427 αὐτὸς
1673 5365 1773 5419 οὐκ
1805 5365 2030 5420 ὲπίσταυ

444 5472 534 5508 ται
573 5455 723 5519 ὁδοὺς
775 5454 967 5524 ἀνδρὸς
1001 5455 1060 5505 ἐν
1107 5454 1356 5524 νεότητι;
1389 5449 1461 5507 Εὖ
1505 5454 1613 5508 ἴσθι
1646 5452 1758 5519 οὖν,
1799 5450 1844 5509 ὦ
1876 5457 2027 5527 φιλό-

447 5562 597 5615 σοφε,
635 5547 715 5600 ὅτι
746 5543 999 5616 Σολομὼν
1046 5546 1242 5618 κριτὴν
1286 5545 1446 5599 ἔλαϐε
1485 5547 1697 5616 σοφίαν,
1730 5550 1796 5620 ῆν
1839 5549 2028 5623 ἐξεῦρε

2135 4656 2351 4698 rursum
2386 4640 2513 4697 alibi
2541 4654 2556 4694 :
2596 4638 2728 4706 «Qui
2767 4637 2985 4692 instruit
3015 4646 3228 4706 gentes,
3260 4649 3367 4688 non
3396 4640 3607 4704 arguet,
3631 4632 3720 4700 qui

2136 4732 2295 4788 docet
2327 4730 2599 4786 hominem
2658 4728 2964 4784 scientiam.
3030 4725 3293 4781 Dominus
3356 4723 3459 4779 scit
3509 4722 3722 4793 cogita-

2140 4823 2313 4876 tiones
2333 4820 2637 4881 hominum,
2668 4817 2922 4887 quOniam
2963 4830 3115 4870 trante
3171 4823 3297 4870 sunt
3326 4815 3425 4867 ⁷⁷.)
3460 4811 3563 4879 Qui
3595 4826 3726 4881 ergo
3766 4797 3780 4805 ﬂ

2139 4913 2256 4967 haec
2279 4911 2420 4965 novit
2449 4919 2503 4965 et
2534 4909 2715 4963 omnia
2743 4908 2978 4980 prmscit,
3007 4907 3186 4963 nescit
3212 4907 3353 4960 viam
3382 4904 3485 4957 viri
3520 4903 3571 4956 in
3603 4902 3725 4956 ado-

2139 5001 2435 5059 lescentia?
2481 5001 2545 5055 Et
2599 5000 2765 5054 multa
2799 5014 2865 5054 ex
2921 4998 3224 5068 Scripturis
3284 4996 3411 5050 licet
3454 4993 3721 5060 invenire,

2141 5109 2260 5162 qum
2289 5090 2704 5162 imprudentiam
2740 5107 2929 5147 eorum
2965 5090 3055 5160 qui
3083 5089 3187 5143 hoc
3221 5087 3423 5141 dictum
3463 5083 3604 5138 male
3635 5084 3721 5136 in-

2139 5186 2406 5256 telligunt,
2445 5184 2798 5256 redarguant.
2850 5180 3135 5247 Quomodo
3165 5193 3297 5247 ergo
3325 5176 3414 5246 qui
3446 5174 3600 5229 docet
3624 5175 3721 5229 ho-

2138 5278 2338 5331 minem
2380 5277 2688 5339 srientiam,
2727 5276 2842 5345 ipse
2897 5273 3071 5329 nescit
3123 5273 3267 5326 viam
3315 5269 3415 5323 viri
3455 5271 3507 5322 in
3539 5268 3722 5323 adole-

2138 5369 2382 5425 scentia?
2414 5366 2560 5423 Bene
2591 5368 2757 5438 igitur
2782 5366 3077 5435 intelligas,
3109 5381 3142 5419 o
3181 5360 3526 5433 philoSOphc,
3578 5360 3721 5430 quod

2139 5461 2395 5517 Salomon
2423 5459 2661 5529 judiccm
2692 5458 3014 5528 sapientiam
3046 5453 3277 5524 accepit,
3318 5468 3480 5520 quam
3516 5450 3722 5505 invenit

2136 5550 2305 5605 Filius
2335 5550 2424 5603 Dei
2463 5548 2753 5625 prudentia
2784 5562 2902 5616 sua,
2934 5562 3097 5618 quam
3140 5544 3470 5617 praeparavit
3508 5542 3717 5598 homini

517 5700 561 5771 ’Π
599 5699 764 5771 Mare.
794 5714 854 5771 ni,
884 5697 971 5751 Ἦ.
1032 5697 1271 5771 "Prov.
1306 5715 1432 5766 xxx,
1470 5699 1554 5756 l8.
1598 5701 1643 5734 ⁷³
1674 5700 1829 5758 .loan.
1861 5720 1899 5769 ι,
1941 5704 1994 5761 5.
2056 5703 2100 5736 7"
2127 5703 2270 5761 Psal.
2308 5717 2486 5771 xxxn,
2517 5701 2607 5758 -15.
2681 5704 2729 5737 ’⁸
2761 5700 2906 5759 Psal.
2941 5715 3036 5767 vn,
3067 5697 3122 5755 ‘2.
3195 5699 3242 5731 "
3281 5695 3423 5753 Psal.
3457 5708 3721 5761 cxxxvnt,

447 5770 567 5824 2-4.
647 5771 689 5802 ⁷⁷
721 5770 862 5825 i’sal.
897 5783 1049 5835 xcnt,
1085 5768 1172 5834 10,
1208 5768 1292 5825 Η.
