  <div class='ocr_page' id='page_1' title='image "/cluster/home/n/w/nwhite01/storage/ocr_20150623/85/coo.31924054869866/646.png"; bbox 0 0 4070 6446; ppageno 0'>
   <div class='ocr_carea' id='block_1_1' title="bbox 441 373 575 436">
    <p class='ocr_par' dir='ltr' id='par_1_1' title="bbox 441 373 575 436">
     <span class='ocr_line' id='line_1_1' title="bbox 441 373 575 436; baseline 0.015 -2"><span class='ocrx_word' id='word_1_1' title='bbox 441 373 575 436; x_wconf 72' lang='lat'><strong>1°27&quot;!</strong></span> 
     </span>
    </p>
   </div>
   <div class='ocr_carea' id='block_1_2' title="bbox 1335 377 2844 445">
    <p class='ocr_par' dir='ltr' id='par_1_2' title="bbox 1335 377 2844 445">
     <span class='ocr_line' id='line_1_2' title="bbox 1335 377 2844 445; baseline 0.005 -9"><span class='ocrx_word' id='word_1_2' title='bbox 1335 377 1696 437; x_wconf 60' lang='grc' dir='ltr'><strong>ΗΞςΤΟΒῘᾹ</strong></span> <span class='ocrx_word' id='word_1_3' title='bbox 1740 378 2076 440; x_wconf 68' lang='lat' dir='ltr'><strong>CONI&#39;ILH</strong></span> <span class='ocrx_word' id='word_1_4' title='bbox 2115 380 2420 444; x_wconf 56' lang='lat' dir='ltr'><strong>NIC&#39;ENI.</strong></span> <span class='ocrx_word' id='word_1_5' title='bbox 2460 411 2530 419; x_wconf 75' lang='grc'><strong><em>--</em></strong></span> <span class='ocrx_word' id='word_1_6' title='bbox 2569 386 2714 445; x_wconf 85' lang='lat' dir='ltr'><strong>LIB.</strong></span> <span class='ocrx_word' id='word_1_7' title='bbox 2759 387 2844 445; x_wconf 82' lang='lat' dir='ltr'><strong>II.</strong></span> 
     </span>
    </p>
   </div>
   <div class='ocr_carea' id='block_1_3' title="bbox 3567 385 3706 452">
    <p class='ocr_par' dir='ltr' id='par_1_3' title="bbox 3567 385 3706 452">
     <span class='ocr_line' id='line_1_3' title="bbox 3567 385 3706 452; baseline 0.022 -3"><span class='ocrx_word' id='word_1_8' title='bbox 3567 385 3706 452; x_wconf 75' lang='lat'><strong>1278</strong></span> 
     </span>
    </p>
   </div>
   <div class='ocr_carea' id='block_1_4' title="bbox 438 482 2015 568">
    <p class='ocr_par' dir='ltr' id='par_1_4' title="bbox 438 482 2015 562">
     <span class='ocr_line' id='line_1_4' title="bbox 438 482 2015 562; baseline 0.005 -26"><span class='ocrx_word' id='word_1_9' title='bbox 438 483 647 552; x_wconf 79' lang='grc' dir='ltr'>ἀληθὴς</span> <span class='ocrx_word' id='word_1_10' title='bbox 664 482 759 535; x_wconf 80' lang='grc' dir='ltr'>τοῦ</span> <span class='ocrx_word' id='word_1_11' title='bbox 790 483 922 536; x_wconf 76' lang='grc' dir='ltr'>Θεοιῦ</span> <span class='ocrx_word' id='word_1_12' title='bbox 955 483 1041 536; x_wconf 77' lang='grc' dir='ltr'>Θε“</span> <span class='ocrx_word' id='word_1_13' title='bbox 1059 505 1083 548; x_wconf 78' lang='grc' dir='ltr'><strong>ς</strong></span> <span class='ocrx_word' id='word_1_14' title='bbox 1108 486 1292 554; x_wconf 66' lang='grc' dir='ltr'>Λόγος.</span> <span class='ocrx_word' id='word_1_15' title='bbox 1326 506 1342 537; x_wconf 85' lang='grc' dir='ltr'><strong>ι</strong></span> <span class='ocrx_word' id='word_1_16' title='bbox 1372 489 1460 558; x_wconf 83' lang='grc' dir='ltr'>Τῷ</span> <span class='ocrx_word' id='word_1_17' title='bbox 1479 491 1743 561; x_wconf 62' lang='grc' dir='ltr'>γὰρλργῳ</span> <span class='ocrx_word' id='word_1_18' title='bbox 1763 492 1970 562; x_wconf 73' lang='grc' dir='ltr'>Κυρίου</span> <span class='ocrx_word' id='word_1_19' title='bbox 1994 509 2015 544; x_wconf 77' lang='grc' dir='ltr'><strong>ι</strong></span> 
     </span>
    </p>
   </div>
   <div class='ocr_carea' id='block_1_5' title="bbox 2120 482 3708 568">
    <p class='ocr_par' dir='ltr' id='par_1_5' title="bbox 2152 497 3708 568">
     <span class='ocr_line' id='line_1_5' title="bbox 2152 497 3708 568; baseline 0.004 -18"><span class='ocrx_word' id='word_1_20' title='bbox 2152 500 2277 552; x_wconf 81' lang='lat' dir='ltr'><strong>mini</strong></span> <span class='ocrx_word' id='word_1_21' title='bbox 2303 500 2419 554; x_wconf 67' lang='lat' dir='ltr'><strong>(mli</strong></span> <span class='ocrx_word' id='word_1_22' title='bbox 2455 498 2651 552; x_wconf 82' lang='lat' dir='ltr'><strong>ﬁrmati</strong></span> <span class='ocrx_word' id='word_1_23' title='bbox 2680 508 2825 567; x_wconf 90' lang='lat' dir='ltr'><strong>sunt,</strong></span> <span class='ocrx_word' id='word_1_24' title='bbox 2861 508 2912 553; x_wconf 93' lang='lat' dir='ltr'><strong>ct</strong></span> <span class='ocrx_word' id='word_1_25' title='bbox 2960 498 3152 568; x_wconf 88' lang='lat' dir='ltr'><strong>spiritu</strong></span> <span class='ocrx_word' id='word_1_26' title='bbox 3202 498 3316 553; x_wconf 89' lang='lat' dir='ltr'><strong>oris</strong></span> <span class='ocrx_word' id='word_1_27' title='bbox 3361 497 3477 566; x_wconf 80' lang='lat' dir='ltr'><strong>eius</strong></span> <span class='ocrx_word' id='word_1_28' title='bbox 3527 504 3708 557; x_wconf 87' lang='lat' dir='ltr'><strong>omnis</strong></span> 
     </span>
    </p>
   </div>
   <div class='ocr_carea' id='block_1_6' title="bbox 434 575 2024 653">
    <p class='ocr_par' dir='ltr' id='par_1_6' title="bbox 434 575 2024 653">
     <span class='ocr_line' id='line_1_6' title="bbox 434 575 2024 653; baseline 0.008 -27"><span class='ocrx_word' id='word_1_29' title='bbox 434 575 655 643; x_wconf 75' lang='grc' dir='ltr'>οὐρανοὶ</span> <span class='ocrx_word' id='word_1_30' title='bbox 671 575 1096 647; x_wconf 68' lang='grc' dir='ltr'><strong>ἐστερεώθησαν,</strong></span> <span class='ocrx_word' id='word_1_31' title='bbox 1131 581 1223 630; x_wconf 71' lang='grc' dir='ltr'><strong>καὶ</strong></span> <span class='ocrx_word' id='word_1_32' title='bbox 1241 580 1318 649; x_wconf 84' lang='grc' dir='ltr'>τῷ</span> <span class='ocrx_word' id='word_1_33' title='bbox 1350 581 1622 652; x_wconf 82' lang='grc' dir='ltr'>πνεύματι</span> <span class='ocrx_word' id='word_1_34' title='bbox 1640 582 1734 635; x_wconf 84' lang='grc' dir='ltr'>τοῦ</span> <span class='ocrx_word' id='word_1_35' title='bbox 1755 584 2024 653; x_wconf 73' lang='grc' dir='ltr'>στόμωιος</span> 
     </span>
    </p>
   </div>
   <div class='ocr_carea' id='block_1_7' title="bbox 433 662 2013 746">
    <p class='ocr_par' dir='ltr' id='par_1_7' title="bbox 433 662 2013 746">
     <span class='ocr_line' id='line_1_7' title="bbox 433 662 2013 746; baseline 0.007 -29"><span class='ocrx_word' id='word_1_36' title='bbox 433 662 599 717; x_wconf 80' lang='grc' dir='ltr'>αὑτοῦ</span> <span class='ocrx_word' id='word_1_37' title='bbox 617 666 767 717; x_wconf 78' lang='grc' dir='ltr'>πᾶσα</span> <span class='ocrx_word' id='word_1_38' title='bbox 783 667 818 735; x_wconf 75' lang='grc' dir='ltr'>ἡ</span> <span class='ocrx_word' id='word_1_39' title='bbox 834 666 1060 736; x_wconf 81' lang='grc' dir='ltr'>δύναμις</span> <span class='ocrx_word' id='word_1_40' title='bbox 1074 668 1274 723; x_wconf 83' lang='grc' dir='ltr'>αὐτῶν.</span> <span class='ocrx_word' id='word_1_41' title='bbox 1289 689 1306 721; x_wconf 78' lang='grc' dir='ltr'><strong>ι</strong></span> <span class='ocrx_word' id='word_1_42' title='bbox 1320 672 1601 737; x_wconf 84' lang='grc' dir='ltr'>Ἤκουσας</span> <span class='ocrx_word' id='word_1_43' title='bbox 1617 673 1773 741; x_wconf 86' lang='grc' dir='ltr'>λόγον</span> <span class='ocrx_word' id='word_1_44' title='bbox 1786 674 2013 746; x_wconf 82' lang='grc' dir='ltr'>Κυρίου,</span> 
     </span>
    </p>
   </div>
   <div class='ocr_carea' id='block_1_8' title="bbox 434 755 2021 831">
    <p class='ocr_par' dir='ltr' id='par_1_8' title="bbox 434 755 2021 831">
     <span class='ocr_line' id='line_1_8' title="bbox 434 755 2021 831; baseline 0.009 -24"><span class='ocrx_word' id='word_1_45' title='bbox 434 755 676 827; x_wconf 70' lang='grc' dir='ltr'>ἤκουσας</span> <span class='ocrx_word' id='word_1_46' title='bbox 703 755 922 827; x_wconf 80' lang='grc' dir='ltr'>πνεῦμα</span> <span class='ocrx_word' id='word_1_47' title='bbox 948 759 1042 811; x_wconf 80' lang='grc' dir='ltr'><strong>τοῦ</strong></span> <span class='ocrx_word' id='word_1_48' title='bbox 1075 762 1346 831; x_wconf 82' lang='grc' dir='ltr'>στόματος</span> <span class='ocrx_word' id='word_1_49' title='bbox 1374 764 1539 818; x_wconf 76' lang='grc' dir='ltr'>αὑτοῦ</span> <span class='ocrx_word' id='word_1_50' title='bbox 1560 781 1573 794; x_wconf 81' lang='grc'>⁶</span> <span class='ocrx_word' id='word_1_51' title='bbox 1605 767 1698 819; x_wconf 74' lang='grc' dir='ltr'><strong>καὶ</strong></span> <span class='ocrx_word' id='word_1_52' title='bbox 1726 766 1891 821; x_wconf 82' lang='grc' dir='ltr'>ἄκουε</span> <span class='ocrx_word' id='word_1_53' title='bbox 1913 768 2021 822; x_wconf 81' lang='grc' dir='ltr'>τοί-</span> 
     </span>
    </p>
   </div>
   <div class='ocr_carea' id='block_1_9' title="bbox 435 847 2019 929">
    <p class='ocr_par' dir='ltr' id='par_1_9' title="bbox 435 847 2019 929">
     <span class='ocr_line' id='line_1_9' title="bbox 435 847 2019 929; baseline 0.009 -31"><span class='ocrx_word' id='word_1_54' title='bbox 435 862 531 899; x_wconf 87' lang='grc' dir='ltr'><strong>νυν</strong></span> <span class='ocrx_word' id='word_1_55' title='bbox 556 848 649 900; x_wconf 76' lang='grc' dir='ltr'><strong>καὶ</strong></span> <span class='ocrx_word' id='word_1_56' title='bbox 677 847 841 901; x_wconf 83' lang='grc' dir='ltr'>πάλιν</span> <span class='ocrx_word' id='word_1_57' title='bbox 883 851 1012 920; x_wconf 72' lang='grc' dir='ltr'>περὶ</span> <span class='ocrx_word' id='word_1_58' title='bbox 1053 852 1152 922; x_wconf 75' lang='grc' dir='ltr'><strong>τῆς</strong></span> <span class='ocrx_word' id='word_1_59' title='bbox 1194 855 1502 919; x_wconf 77' lang='grc' dir='ltr'><strong>συστάσεως</strong></span> <span class='ocrx_word' id='word_1_60' title='bbox 1531 857 1628 927; x_wconf 78' lang='grc' dir='ltr'><strong>τῆς</strong></span> <span class='ocrx_word' id='word_1_61' title='bbox 1659 858 1891 929; x_wconf 74' lang='grc' dir='ltr'>ἀληθοῦς</span> <span class='ocrx_word' id='word_1_62' title='bbox 1926 861 2019 913; x_wconf 87' lang='grc' dir='ltr'><strong>πί-</strong></span> 
     </span>
    </p>
   </div>
   <div class='ocr_carea' id='block_1_10' title="bbox 437 942 2021 1025">
    <p class='ocr_par' dir='ltr' id='par_1_10' title="bbox 437 942 2021 1025">
     <span class='ocr_line' id='line_1_10' title="bbox 437 942 2021 1025; baseline 0.01 -33"><span class='ocrx_word' id='word_1_63' title='bbox 437 957 609 1005; x_wconf 83' lang='grc' dir='ltr'>στεως</span> <span class='ocrx_word' id='word_1_64' title='bbox 635 942 737 1012; x_wconf 83' lang='grc' dir='ltr'><strong>τῆς</strong></span> <span class='ocrx_word' id='word_1_65' title='bbox 781 945 1022 1008; x_wconf 78' lang='grc' dir='ltr'>εὐσεϐῶς</span> <span class='ocrx_word' id='word_1_66' title='bbox 1051 948 1155 1000; x_wconf 83' lang='grc' dir='ltr'><strong>ὑπὸ</strong></span> <span class='ocrx_word' id='word_1_67' title='bbox 1192 949 1300 1003; x_wconf 92' lang='grc' dir='ltr'><strong>τῶν</strong></span> <span class='ocrx_word' id='word_1_68' title='bbox 1332 950 1574 1005; x_wconf 78' lang='grc' dir='ltr'>εὐσεϐῶν</span> <span class='ocrx_word' id='word_1_69' title='bbox 1608 954 1908 1025; x_wconf 80' lang='grc' dir='ltr'>νοουμένης</span> <span class='ocrx_word' id='word_1_70' title='bbox 1960 972 2021 1008; x_wconf 87' lang='grc' dir='ltr'><strong>τε</strong></span> 
     </span>
    </p>
   </div>
   <div class='ocr_carea' id='block_1_11' title="bbox 435 1032 2022 1112">
    <p class='ocr_par' dir='ltr' id='par_1_11' title="bbox 435 1032 2022 1112">
     <span class='ocr_line' id='line_1_11' title="bbox 435 1032 2022 1112; baseline 0.009 -30"><span class='ocrx_word' id='word_1_71' title='bbox 435 1032 530 1083; x_wconf 79' lang='grc' dir='ltr'>καὶ</span> <span class='ocrx_word' id='word_1_72' title='bbox 554 1033 999 1106; x_wconf 77' lang='grc' dir='ltr'>κηρυττομένηςο</span> <span class='ocrx_word' id='word_1_73' title='bbox 1034 1037 1266 1111; x_wconf 79' lang='grc' dir='ltr'>ἐπείπερ</span> <span class='ocrx_word' id='word_1_74' title='bbox 1294 1038 1449 1110; x_wconf 78' lang='grc' dir='ltr'>οἶμαι</span> <span class='ocrx_word' id='word_1_75' title='bbox 1471 1040 1623 1093; x_wconf 82' lang='grc' dir='ltr'>οὐδὲν</span> <span class='ocrx_word' id='word_1_76' title='bbox 1648 1042 1756 1094; x_wconf 84' lang='grc' dir='ltr'><strong>τῶν</strong></span> <span class='ocrx_word' id='word_1_77' title='bbox 1790 1060 2022 1112; x_wconf 83' lang='grc' dir='ltr'>προανα-</span> 
     </span>
    </p>
   </div>
   <div class='ocr_carea' id='block_1_12' title="bbox 437 1121 2020 1205">
    <p class='ocr_par' dir='ltr' id='par_1_12' title="bbox 437 1121 2020 1205">
     <span class='ocr_line' id='line_1_12' title="bbox 437 1121 2020 1205; baseline 0.008 -32"><span class='ocrx_word' id='word_1_78' title='bbox 437 1121 796 1192; x_wconf 74' lang='grc' dir='ltr'>φωνηθέντων</span> <span class='ocrx_word' id='word_1_79' title='bbox 841 1141 922 1178; x_wconf 92' lang='grc' dir='ltr'><strong>σοι</strong></span> <span class='ocrx_word' id='word_1_80' title='bbox 971 1126 1122 1197; x_wconf 86' lang='grc' dir='ltr'><strong>παρά</strong></span> <span class='ocrx_word' id='word_1_81' title='bbox 1171 1129 1443 1199; x_wconf 77' lang='grc' dir='ltr'><strong>τοσαύτης</strong></span> <span class='ocrx_word' id='word_1_82' title='bbox 1496 1131 1668 1199; x_wconf 83' lang='grc' dir='ltr'>ἁγίων</span> <span class='ocrx_word' id='word_1_83' title='bbox 1715 1133 2020 1205; x_wconf 85' lang='grc' dir='ltr'>ἀρχιερέων</span> 
     </span>
    </p>
   </div>
   <div class='ocr_carea' id='block_1_13' title="bbox 441 1215 2020 1288">
    <p class='ocr_par' dir='ltr' id='par_1_13' title="bbox 441 1215 2020 1288">
     <span class='ocr_line' id='line_1_13' title="bbox 441 1215 2020 1288; baseline 0.008 -23"><span class='ocrx_word' id='word_1_84' title='bbox 441 1215 820 1283; x_wconf 83' lang='grc' dir='ltr'><strong>πνευματικῆς</strong></span> <span class='ocrx_word' id='word_1_85' title='bbox 850 1217 1073 1286; x_wconf 85' lang='grc' dir='ltr'>χορείας</span> <span class='ocrx_word' id='word_1_86' title='bbox 1109 1218 1208 1286; x_wconf 78' lang='grc' dir='ltr'><strong>τὴν</strong></span> <span class='ocrx_word' id='word_1_87' title='bbox 1249 1219 1504 1288; x_wconf 76' lang='grc' dir='ltr'>αἴσθησιν</span> <span class='ocrx_word' id='word_1_88' title='bbox 1554 1222 1780 1287; x_wconf 77' lang='grc' dir='ltr'>δέδεξαι.</span> <span class='ocrx_word' id='word_1_89' title='bbox 1821 1225 2020 1277; x_wconf 86' lang='grc' dir='ltr'>Ἀκουε</span> 
     </span>
    </p>
   </div>
   <div class='ocr_carea' id='block_1_14' title="bbox 435 1305 2022 1385">
    <p class='ocr_par' dir='ltr' id='par_1_14' title="bbox 435 1305 2022 1385">
     <span class='ocr_line' id='line_1_14' title="bbox 435 1305 2022 1385; baseline 0.008 -28"><span class='ocrx_word' id='word_1_90' title='bbox 435 1305 614 1358; x_wconf 89' lang='grc' dir='ltr'>τοίνυν</span> <span class='ocrx_word' id='word_1_91' title='bbox 651 1307 913 1374; x_wconf 79' lang='grc' dir='ltr'>εὐσεϐῶς,</span> <span class='ocrx_word' id='word_1_92' title='bbox 942 1311 1037 1363; x_wconf 74' lang='grc' dir='ltr'><strong>καὶ</strong></span> <span class='ocrx_word' id='word_1_93' title='bbox 1081 1310 1157 1381; x_wconf 82' lang='grc' dir='ltr'>μὴ</span> <span class='ocrx_word' id='word_1_94' title='bbox 1187 1314 1300 1375; x_wconf 84' lang='grc' dir='ltr'>τοῖς</span> <span class='ocrx_word' id='word_1_95' title='bbox 1344 1313 1706 1383; x_wconf 78' lang='grc' dir='ltr'>ἀνθρωπίνοις</span> <span class='ocrx_word' id='word_1_96' title='bbox 1740 1316 2022 1385; x_wconf 76' lang='grc' dir='ltr'>λογισμοῖς</span> 
     </span>
    </p>
   </div>
   <div class='ocr_carea' id='block_1_15' title="bbox 435 1396 2016 1476">
    <p class='ocr_par' dir='ltr' id='par_1_15' title="bbox 435 1396 2016 1476">
     <span class='ocr_line' id='line_1_15' title="bbox 435 1396 2016 1476; baseline 0.008 -27"><span class='ocrx_word' id='word_1_97' title='bbox 435 1396 810 1467; x_wconf 81' lang='grc' dir='ltr'>διερευνᾶσθαι</span> <span class='ocrx_word' id='word_1_98' title='bbox 844 1400 1019 1471; x_wconf 80' lang='grc' dir='ltr'>πειρῶ</span> <span class='ocrx_word' id='word_1_99' title='bbox 1047 1401 1146 1455; x_wconf 60' lang='grc' dir='ltr'>τάν</span> <span class='ocrx_word' id='word_1_100' title='bbox 1173 1403 1461 1476; x_wconf 65' lang='grc' dir='ltr'>ἀπόρρητα</span> <span class='ocrx_word' id='word_1_101' title='bbox 1543 1405 1602 1458; x_wconf 85' lang='lat'><strong>&#39;0</strong></span> <span class='ocrx_word' id='word_1_102' title='bbox 1655 1406 1857 1470; x_wconf 85' lang='grc' dir='ltr'>τέλειος</span> <span class='ocrx_word' id='word_1_103' title='bbox 1891 1407 2016 1461; x_wconf 74' lang='grc' dir='ltr'>οὔτε</span> 
     </span>
    </p>
   </div>
   <div class='ocr_carea' id='block_1_16' title="bbox 442 1487 2018 1571">
    <p class='ocr_par' dir='ltr' id='par_1_16' title="bbox 442 1487 2018 1571">
     <span class='ocr_line' id='line_1_16' title="bbox 442 1487 2018 1571; baseline 0.01 -31"><span class='ocrx_word' id='word_1_104' title='bbox 442 1487 711 1557; x_wconf 77' lang='grc' dir='ltr'>μειοῦται,</span> <span class='ocrx_word' id='word_1_105' title='bbox 734 1488 859 1544; x_wconf 75' lang='grc' dir='ltr'>οὔτε</span> <span class='ocrx_word' id='word_1_106' title='bbox 878 1491 1049 1557; x_wconf 78' lang='grc' dir='ltr'>αὔξει.</span> <span class='ocrx_word' id='word_1_107' title='bbox 1082 1489 1177 1558; x_wconf 75' lang='grc' dir='ltr'><strong>Εἷς</strong></span> <span class='ocrx_word' id='word_1_108' title='bbox 1197 1495 1460 1563; x_wconf 81' lang='grc' dir='ltr'><strong>ἀγένητος</strong></span> <span class='ocrx_word' id='word_1_109' title='bbox 1482 1497 1508 1549; x_wconf 97' lang='lat'><strong>6</strong></span> <span class='ocrx_word' id='word_1_110' title='bbox 1531 1496 1666 1561; x_wconf 69' lang='grc' dir='ltr'>Θεὸς</span> <span class='ocrx_word' id='word_1_111' title='bbox 1696 1500 1786 1552; x_wconf 70' lang='grc' dir='ltr'><strong>καὶ</strong></span> <span class='ocrx_word' id='word_1_112' title='bbox 1809 1499 2018 1571; x_wconf 75' lang='grc' dir='ltr'>Πατήρ.</span> 
     </span>
    </p>
   </div>
   <div class='ocr_carea' id='block_1_17' title="bbox 444 1575 2022 1658">
    <p class='ocr_par' dir='ltr' id='par_1_17' title="bbox 444 1575 2022 1658">
     <span class='ocr_line' id='line_1_17' title="bbox 444 1575 2022 1658; baseline 0.008 -27"><span class='ocrx_word' id='word_1_113' title='bbox 444 1575 535 1644; x_wconf 73' lang='grc' dir='ltr'><strong>Εἷς</strong></span> <span class='ocrx_word' id='word_1_114' title='bbox 561 1582 697 1635; x_wconf 78' lang='grc' dir='ltr'><strong>καὶὸ</strong></span> <span class='ocrx_word' id='word_1_115' title='bbox 714 1584 1110 1654; x_wconf 85' lang='grc' dir='ltr'>γεγεννημένος</span> <span class='ocrx_word' id='word_1_116' title='bbox 1132 1584 1190 1650; x_wconf 72' lang='grc' dir='ltr'><strong>ἐξ</strong></span> <span class='ocrx_word' id='word_1_117' title='bbox 1214 1587 1376 1640; x_wconf 84' lang='grc' dir='ltr'>αὐτοῦ</span> <span class='ocrx_word' id='word_1_118' title='bbox 1401 1590 1697 1658; x_wconf 73' lang='grc' dir='ltr'>μονογενὴς</span> <span class='ocrx_word' id='word_1_119' title='bbox 1726 1589 1852 1653; x_wconf 73' lang='grc' dir='ltr'>Υἱὸς</span> <span class='ocrx_word' id='word_1_120' title='bbox 1887 1590 2022 1654; x_wconf 83' lang='grc' dir='ltr'>Θεὸς</span> 
     </span>
    </p>
   </div>
   <div class='ocr_carea' id='block_1_18' title="bbox 438 1671 2021 1755">
    <p class='ocr_par' dir='ltr' id='par_1_18' title="bbox 438 1671 2021 1755">
     <span class='ocr_line' id='line_1_18' title="bbox 438 1671 2021 1755; baseline 0.008 -33"><span class='ocrx_word' id='word_1_121' title='bbox 438 1671 630 1739; x_wconf 86' lang='grc' dir='ltr'>Λόγος.</span> <span class='ocrx_word' id='word_1_122' title='bbox 662 1672 876 1745; x_wconf 78' lang='grc' dir='ltr'>Ὥσπερ</span> <span class='ocrx_word' id='word_1_123' title='bbox 897 1673 990 1729; x_wconf 86' lang='grc' dir='ltr'>οὖν</span> <span class='ocrx_word' id='word_1_124' title='bbox 1021 1678 1121 1741; x_wconf 76' lang='grc' dir='ltr'><strong>οὐκ</strong></span> <span class='ocrx_word' id='word_1_125' title='bbox 1151 1676 1265 1730; x_wconf 82' lang='grc' dir='ltr'>ἔστι</span> <span class='ocrx_word' id='word_1_126' title='bbox 1286 1681 1654 1755; x_wconf 73' lang='grc' dir='ltr'>ρυναγένητος</span> <span class='ocrx_word' id='word_1_127' title='bbox 1676 1679 1753 1750; x_wconf 84' lang='grc' dir='ltr'>τῷ</span> <span class='ocrx_word' id='word_1_128' title='bbox 1782 1679 1900 1750; x_wconf 85' lang='grc' dir='ltr'>Θεῷ</span> <span class='ocrx_word' id='word_1_129' title='bbox 1925 1683 2021 1735; x_wconf 76' lang='grc' dir='ltr'>καὶ</span> 
     </span>
    </p>
   </div>
   <div class='ocr_carea' id='block_1_19' title="bbox 440 1763 2017 1846">
    <p class='ocr_par' dir='ltr' id='par_1_19' title="bbox 440 1763 2017 1846">
     <span class='ocr_line' id='line_1_19' title="bbox 440 1763 2017 1846; baseline 0.008 -33"><span class='ocrx_word' id='word_1_130' title='bbox 440 1763 615 1833; x_wconf 82' lang='grc' dir='ltr'>Πατρὶ</span> <span class='ocrx_word' id='word_1_131' title='bbox 644 1764 777 1829; x_wconf 80' lang='grc' dir='ltr'>Θεὸς</span> <span class='ocrx_word' id='word_1_132' title='bbox 814 1767 1022 1839; x_wconf 79' lang='grc' dir='ltr'>ἕτερος,</span> <span class='ocrx_word' id='word_1_133' title='bbox 1076 1770 1246 1834; x_wconf 77' lang='grc' dir='ltr'>οὕτως</span> <span class='ocrx_word' id='word_1_134' title='bbox 1294 1771 1415 1824; x_wconf 82' lang='grc' dir='ltr'>οὑδὲ</span> <span class='ocrx_word' id='word_1_135' title='bbox 1461 1772 2017 1846; x_wconf 86' lang='grc' dir='ltr'>συγγεγεννημένοςῆ</span> 
     </span>
    </p>
   </div>
   <div class='ocr_carea' id='block_1_20' title="bbox 2127 588 3699 656">
    <p class='ocr_par' dir='ltr' id='par_1_20' title="bbox 2127 588 3699 656">
     <span class='ocr_line' id='line_1_20' title="bbox 2127 588 3699 656; baseline 0.001 -11"><span class='ocrx_word' id='word_1_136' title='bbox 2127 594 2297 645; x_wconf 85' lang='lat' dir='ltr'><strong>virtus</strong></span> <span class='ocrx_word' id='word_1_137' title='bbox 2329 606 2514 645; x_wconf 88' lang='lat' dir='ltr'><strong>eorum</strong></span> <span class='ocrx_word' id='word_1_138' title='bbox 2539 588 2606 642; x_wconf 63' lang='grc'>⁸⁸.</span> <span class='ocrx_word' id='word_1_139' title='bbox 2652 610 2672 643; x_wconf 76' lang='grc' dir='ltr'><strong>ι</strong></span> <span class='ocrx_word' id='word_1_140' title='bbox 2732 590 2943 645; x_wconf 83' lang='lat' dir='ltr'><strong>Audisti</strong></span> <span class='ocrx_word' id='word_1_141' title='bbox 2972 594 3195 647; x_wconf 83' lang='lat' dir='ltr'><strong>verbum</strong></span> <span class='ocrx_word' id='word_1_142' title='bbox 3223 591 3460 656; x_wconf 86' lang='lat' dir='ltr'><strong>Domini,</strong></span> <span class='ocrx_word' id='word_1_143' title='bbox 3499 593 3699 647; x_wconf 86' lang='lat' dir='ltr'><strong>audisti</strong></span> 
     </span>
    </p>
   </div>
   <div class='ocr_carea' id='block_1_21' title="bbox 2125 679 3704 751">
    <p class='ocr_par' dir='ltr' id='par_1_21' title="bbox 2125 679 3704 751">
     <span class='ocr_line' id='line_1_21' title="bbox 2125 679 3704 751; baseline -0.001 -16"><span class='ocrx_word' id='word_1_144' title='bbox 2125 682 2370 751; x_wconf 76' lang='lat' dir='ltr'><strong>Spiritum</strong></span> <span class='ocrx_word' id='word_1_145' title='bbox 2403 680 2550 734; x_wconf 81' lang='lat' dir='ltr'><strong>auris</strong></span> <span class='ocrx_word' id='word_1_146' title='bbox 2581 679 2698 744; x_wconf 85' lang='lat' dir='ltr'><strong>ejus</strong></span> <span class='ocrx_word' id='word_1_147' title='bbox 2725 698 2738 734; x_wconf 90' lang='lat'>:</span> <span class='ocrx_word' id='word_1_148' title='bbox 2780 681 2902 732; x_wconf 90' lang='lat' dir='ltr'><strong>audi</strong></span> <span class='ocrx_word' id='word_1_149' title='bbox 2928 695 3116 734; x_wconf 85' lang='lat' dir='ltr'><strong>rursus</strong></span> <span class='ocrx_word' id='word_1_150' title='bbox 3154 681 3224 734; x_wconf 90' lang='lat' dir='ltr'><strong>de</strong></span> <span class='ocrx_word' id='word_1_151' title='bbox 3253 694 3395 735; x_wconf 62' lang='lat' dir='ltr'><strong>vera!</strong></span> <span class='ocrx_word' id='word_1_152' title='bbox 3419 680 3541 736; x_wconf 81' lang='lat' dir='ltr'><strong>ﬁdei</strong></span> <span class='ocrx_word' id='word_1_153' title='bbox 3568 696 3704 735; x_wconf 87' lang='lat' dir='ltr'><strong>con-</strong></span> 
     </span>
    </p>
   </div>
   <div class='ocr_carea' id='block_1_22' title="bbox 2127 770 3701 842">
    <p class='ocr_par' dir='ltr' id='par_1_22' title="bbox 2127 770 3701 842">
     <span class='ocr_line' id='line_1_22' title="bbox 2127 770 3701 842; baseline -0.004 -13"><span class='ocrx_word' id='word_1_154' title='bbox 2127 774 2434 837; x_wconf 86' lang='lat' dir='ltr'><strong>stitutione,</strong></span> <span class='ocrx_word' id='word_1_155' title='bbox 2469 788 2591 842; x_wconf 68' lang='lat' dir='ltr'><strong>quae</strong></span> <span class='ocrx_word' id='word_1_156' title='bbox 2627 774 2713 842; x_wconf 88' lang='lat' dir='ltr'><strong>pie</strong></span> <span class='ocrx_word' id='word_1_157' title='bbox 2767 772 2927 841; x_wconf 91' lang='lat' dir='ltr'><strong>apiis</strong></span> <span class='ocrx_word' id='word_1_158' title='bbox 2983 771 3252 825; x_wconf 64' lang='lat' dir='ltr'><strong>intellecta</strong></span> <span class='ocrx_word' id='word_1_159' title='bbox 3309 780 3364 825; x_wconf 92' lang='lat' dir='ltr'><strong>et</strong></span> <span class='ocrx_word' id='word_1_160' title='bbox 3410 770 3701 840; x_wconf 77' lang='lat' dir='ltr'><strong>pra-dicata</strong></span> 
     </span>
    </p>
   </div>
   <div class='ocr_carea' id='block_1_23' title="bbox 2125 860 3703 933">
    <p class='ocr_par' dir='ltr' id='par_1_23' title="bbox 2125 860 3703 933">
     <span class='ocr_line' id='line_1_23' title="bbox 2125 860 3703 933; baseline -0.004 -13"><span class='ocrx_word' id='word_1_161' title='bbox 2125 875 2251 920; x_wconf 89' lang='lat' dir='ltr'><strong>est:</strong></span> <span class='ocrx_word' id='word_1_162' title='bbox 2293 862 2729 933; x_wconf 78' lang='lat' dir='ltr'><strong>quandoquidem</strong></span> <span class='ocrx_word' id='word_1_163' title='bbox 2780 861 3034 914; x_wconf 78' lang='lat' dir='ltr'><strong>existimo</strong></span> <span class='ocrx_word' id='word_1_164' title='bbox 3060 860 3194 913; x_wconf 88' lang='lat' dir='ltr'><strong>nihil</strong></span> <span class='ocrx_word' id='word_1_165' title='bbox 3243 861 3620 928; x_wconf 69' lang='lat' dir='ltr'><strong>praedictorum</strong></span> <span class='ocrx_word' id='word_1_166' title='bbox 3652 868 3703 913; x_wconf 88' lang='lat' dir='ltr'><strong>te</strong></span> 
     </span>
    </p>
   </div>
   <div class='ocr_carea' id='block_1_24' title="bbox 2123 951 3704 1024">
    <p class='ocr_par' dir='ltr' id='par_1_24' title="bbox 2123 951 3704 1024">
     <span class='ocr_line' id='line_1_24' title="bbox 2123 951 3704 1024; baseline -0.005 -14"><span class='ocrx_word' id='word_1_167' title='bbox 2123 955 2403 1024; x_wconf 79' lang='lat' dir='ltr'><strong>suscipere</strong></span> <span class='ocrx_word' id='word_1_168' title='bbox 2433 962 2630 1023; x_wconf 73' lang='lat' dir='ltr'><strong>praeter</strong></span> <span class='ocrx_word' id='word_1_169' title='bbox 2664 953 2796 1006; x_wconf 90' lang='lat' dir='ltr'><strong>tanti</strong></span> <span class='ocrx_word' id='word_1_170' title='bbox 2828 962 3141 1005; x_wconf 81' lang='lat' dir='ltr'><strong>sanctorum</strong></span> <span class='ocrx_word' id='word_1_171' title='bbox 3176 951 3495 1019; x_wconf 78' lang='lat' dir='ltr'><strong>pontificum</strong></span> <span class='ocrx_word' id='word_1_172' title='bbox 3534 951 3704 1017; x_wconf 88' lang='lat' dir='ltr'><strong>spiri-</strong></span> 
     </span>
    </p>
   </div>
   <div class='ocr_carea' id='block_1_25' title="bbox 2128 1040 3705 1109">
    <p class='ocr_par' dir='ltr' id='par_1_25' title="bbox 2128 1040 3705 1109">
     <span class='ocr_line' id='line_1_25' title="bbox 2128 1040 3705 1109; baseline -0.004 -10"><span class='ocrx_word' id='word_1_173' title='bbox 2128 1048 2287 1099; x_wconf 85' lang='lat' dir='ltr'><strong>tualis</strong></span> <span class='ocrx_word' id='word_1_174' title='bbox 2321 1045 2473 1099; x_wconf 82' lang='lat' dir='ltr'><strong>chori</strong></span> <span class='ocrx_word' id='word_1_175' title='bbox 2508 1045 2861 1098; x_wconf 86' lang='lat' dir='ltr'><strong>sententiam.</strong></span> <span class='ocrx_word' id='word_1_176' title='bbox 2923 1042 3059 1094; x_wconf 79' lang='lat' dir='ltr'><strong>Audi</strong></span> <span class='ocrx_word' id='word_1_177' title='bbox 3087 1057 3217 1108; x_wconf 82' lang='lat' dir='ltr'><strong>ergo</strong></span> <span class='ocrx_word' id='word_1_178' title='bbox 3247 1040 3355 1109; x_wconf 86' lang='lat' dir='ltr'><strong>pie,</strong></span> <span class='ocrx_word' id='word_1_179' title='bbox 3392 1057 3492 1094; x_wconf 90' lang='lat' dir='ltr'><strong>nec</strong></span> <span class='ocrx_word' id='word_1_180' title='bbox 3520 1041 3705 1093; x_wconf 83' lang='lat' dir='ltr'><strong>huma-</strong></span> 
     </span>
    </p>
   </div>
   <div class='ocr_carea' id='block_1_26' title="bbox 2125 1123 3704 1202">
    <p class='ocr_par' dir='ltr' id='par_1_26' title="bbox 2125 1123 3704 1202">
     <span class='ocr_line' id='line_1_26' title="bbox 2125 1123 3704 1202; baseline -0.006 -11"><span class='ocrx_word' id='word_1_181' title='bbox 2125 1138 2209 1192; x_wconf 89' lang='lat' dir='ltr'><strong>nis</strong></span> <span class='ocrx_word' id='word_1_182' title='bbox 2242 1135 2748 1190; x_wconf 78' lang='lat' dir='ltr'><strong>ratiocinationibus</strong></span> <span class='ocrx_word' id='word_1_183' title='bbox 2770 1148 2890 1202; x_wconf 76' lang='lat' dir='ltr'><strong>quae</strong></span> <span class='ocrx_word' id='word_1_184' title='bbox 2909 1131 3198 1185; x_wconf 76' lang='lat' dir='ltr'><strong>ineli&#39;ahilia</strong></span> <span class='ocrx_word' id='word_1_185' title='bbox 3227 1141 3375 1191; x_wconf 80' lang='lat' dir='ltr'><strong>sunt,</strong></span> <span class='ocrx_word' id='word_1_186' title='bbox 3412 1138 3555 1184; x_wconf 85' lang='lat' dir='ltr'><strong>tenta</strong></span> <span class='ocrx_word' id='word_1_187' title='bbox 3578 1123 3704 1198; x_wconf 83' lang='lat' dir='ltr'><strong>per-</strong></span> 
     </span>
    </p>
   </div>
   <div class='ocr_carea' id='block_1_27' title="bbox 2125 1223 3699 1289">
    <p class='ocr_par' dir='ltr' id='par_1_27' title="bbox 2125 1223 3699 1289">
     <span class='ocr_line' id='line_1_27' title="bbox 2125 1223 3699 1289; baseline -0.006 -5"><span class='ocrx_word' id='word_1_188' title='bbox 2125 1227 2382 1284; x_wconf 88' lang='lat' dir='ltr'><strong>scrutari.</strong></span> <span class='ocrx_word' id='word_1_189' title='bbox 2446 1225 2725 1280; x_wconf 73' lang='lat' dir='ltr'><strong>Perfectus</strong></span> <span class='ocrx_word' id='word_1_190' title='bbox 2786 1236 2891 1277; x_wconf 87' lang='lat' dir='ltr'><strong>nec</strong></span> <span class='ocrx_word' id='word_1_191' title='bbox 2940 1223 3222 1289; x_wconf 90' lang='lat' dir='ltr'><strong>minuitur,</strong></span> <span class='ocrx_word' id='word_1_192' title='bbox 3297 1237 3398 1274; x_wconf 85' lang='lat' dir='ltr'><strong>nec</strong></span> <span class='ocrx_word' id='word_1_193' title='bbox 3450 1230 3699 1289; x_wconf 85' lang='lat' dir='ltr'><strong>augetur.</strong></span> 
     </span>
    </p>
   </div>
   <div class='ocr_carea' id='block_1_28' title="bbox 2130 1313 3700 1389">
    <p class='ocr_par' dir='ltr' id='par_1_28' title="bbox 2130 1313 3700 1389">
     <span class='ocr_line' id='line_1_28' title="bbox 2130 1313 3700 1389; baseline -0.005 -13"><span class='ocrx_word' id='word_1_194' title='bbox 2130 1320 2280 1377; x_wconf 89' lang='lat' dir='ltr'><strong>Unus</strong></span> <span class='ocrx_word' id='word_1_195' title='bbox 2307 1320 2580 1389; x_wconf 84' lang='lat' dir='ltr'><strong>ingenitus</strong></span> <span class='ocrx_word' id='word_1_196' title='bbox 2609 1319 2750 1371; x_wconf 87' lang='lat' dir='ltr'><strong>Deus</strong></span> <span class='ocrx_word' id='word_1_197' title='bbox 2783 1326 2836 1370; x_wconf 92' lang='lat' dir='ltr'><strong>et</strong></span> <span class='ocrx_word' id='word_1_198' title='bbox 2869 1318 3028 1370; x_wconf 88' lang='lat' dir='ltr'><strong>Pater</strong></span> <span class='ocrx_word' id='word_1_199' title='bbox 3066 1333 3081 1370; x_wconf 90' lang='lat'><strong>:</strong></span> <span class='ocrx_word' id='word_1_200' title='bbox 3121 1330 3260 1369; x_wconf 90' lang='lat' dir='ltr'><strong>unus</strong></span> <span class='ocrx_word' id='word_1_201' title='bbox 3290 1329 3353 1368; x_wconf 76' lang='lat' dir='ltr'><strong>ex</strong></span> <span class='ocrx_word' id='word_1_202' title='bbox 3381 1329 3446 1367; x_wconf 88' lang='lat' dir='ltr'><strong>eo</strong></span> <span class='ocrx_word' id='word_1_203' title='bbox 3483 1313 3700 1382; x_wconf 84' lang='lat' dir='ltr'><strong>genitus</strong></span> 
     </span>
    </p>
   </div>
   <div class='ocr_carea' id='block_1_29' title="bbox 2124 1403 3705 1483">
    <p class='ocr_par' dir='ltr' id='par_1_29' title="bbox 2124 1403 3705 1483">
     <span class='ocr_line' id='line_1_29' title="bbox 2124 1403 3705 1483; baseline -0.008 -15"><span class='ocrx_word' id='word_1_204' title='bbox 2124 1406 2437 1483; x_wconf 78' lang='lat' dir='ltr'><strong>unigenitus</strong></span> <span class='ocrx_word' id='word_1_205' title='bbox 2474 1409 2642 1463; x_wconf 87' lang='lat' dir='ltr'><strong>Filius</strong></span> <span class='ocrx_word' id='word_1_206' title='bbox 2673 1408 2813 1462; x_wconf 89' lang='lat' dir='ltr'><strong>Deus</strong></span> <span class='ocrx_word' id='word_1_207' title='bbox 2837 1406 3077 1462; x_wconf 81' lang='lat' dir='ltr'><strong>Verbum</strong></span> <span class='ocrx_word' id='word_1_208' title='bbox 3104 1424 3118 1473; x_wconf 93' lang='lat'><strong>;</strong></span> <span class='ocrx_word' id='word_1_209' title='bbox 3157 1406 3299 1460; x_wconf 83' lang='lat' dir='ltr'><strong>sicut</strong></span> <span class='ocrx_word' id='word_1_210' title='bbox 3324 1419 3429 1459; x_wconf 89' lang='lat' dir='ltr'><strong>non</strong></span> <span class='ocrx_word' id='word_1_211' title='bbox 3456 1413 3541 1459; x_wconf 90' lang='lat' dir='ltr'><strong>est</strong></span> <span class='ocrx_word' id='word_1_212' title='bbox 3568 1403 3705 1457; x_wconf 93' lang='lat' dir='ltr'><strong>alter</strong></span> 
     </span>
    </p>
   </div>
   <div class='ocr_carea' id='block_1_30' title="bbox 2123 1499 3702 1569">
    <p class='ocr_par' dir='ltr' id='par_1_30' title="bbox 2123 1499 3702 1569">
     <span class='ocr_line' id='line_1_30' title="bbox 2123 1499 3702 1569; baseline -0.006 -9"><span class='ocrx_word' id='word_1_213' title='bbox 2123 1507 2269 1562; x_wconf 89' lang='lat' dir='ltr'><strong>Deus</strong></span> <span class='ocrx_word' id='word_1_214' title='bbox 2300 1520 2423 1559; x_wconf 90' lang='lat' dir='ltr'><strong>cum</strong></span> <span class='ocrx_word' id='word_1_215' title='bbox 2457 1502 2566 1556; x_wconf 80' lang='lat' dir='ltr'><strong>Deo</strong></span> <span class='ocrx_word' id='word_1_216' title='bbox 2593 1511 2647 1555; x_wconf 88' lang='lat' dir='ltr'><strong>et</strong></span> <span class='ocrx_word' id='word_1_217' title='bbox 2668 1499 2833 1555; x_wconf 81' lang='lat' dir='ltr'><strong>Patr’e</strong></span> <span class='ocrx_word' id='word_1_218' title='bbox 2860 1500 3163 1569; x_wconf 81' lang='lat' dir='ltr'><strong>ingenitus,</strong></span> <span class='ocrx_word' id='word_1_219' title='bbox 3192 1499 3261 1552; x_wconf 88' lang='lat' dir='ltr'><strong>ita</strong></span> <span class='ocrx_word' id='word_1_220' title='bbox 3293 1511 3469 1567; x_wconf 86' lang='lat' dir='ltr'><strong>neque</strong></span> <span class='ocrx_word' id='word_1_221' title='bbox 3496 1511 3702 1568; x_wconf 80' lang='lat' dir='ltr'><strong>conge-</strong></span> 
     </span>
    </p>
   </div>
   <div class='ocr_carea' id='block_1_31' title="bbox 2124 1589 3703 1666">
    <p class='ocr_par' dir='ltr' id='par_1_31' title="bbox 2124 1589 3703 1666">
     <span class='ocr_line' id='line_1_31' title="bbox 2124 1589 3703 1666; baseline -0.009 -11"><span class='ocrx_word' id='word_1_222' title='bbox 2124 1601 2291 1663; x_wconf 87' lang='lat' dir='ltr'><strong>nitus,</strong></span> <span class='ocrx_word' id='word_1_223' title='bbox 2318 1610 2491 1666; x_wconf 81' lang='lat' dir='ltr'><strong>neque</strong></span> <span class='ocrx_word' id='word_1_224' title='bbox 2525 1595 2697 1665; x_wconf 88' lang='lat' dir='ltr'><strong>prior,</strong></span> <span class='ocrx_word' id='word_1_225' title='bbox 2735 1607 2913 1660; x_wconf 83' lang='lat' dir='ltr'><strong>neque</strong></span> <span class='ocrx_word' id='word_1_226' title='bbox 2965 1591 3232 1660; x_wconf 82' lang='lat' dir='ltr'><strong>posterior</strong></span> <span class='ocrx_word' id='word_1_227' title='bbox 3270 1590 3461 1663; x_wconf 80' lang='lat' dir='ltr'><strong>Filius,</strong></span> <span class='ocrx_word' id='word_1_228' title='bbox 3519 1589 3703 1654; x_wconf 79' lang='lat' dir='ltr'><strong>diver-</strong></span> 
     </span>
    </p>
   </div>
   <div class='ocr_carea' id='block_1_32' title="bbox 2125 1678 3703 1756">
    <p class='ocr_par' dir='ltr' id='par_1_32' title="bbox 2125 1678 3703 1756">
     <span class='ocr_line' id='line_1_32' title="bbox 2125 1678 3703 1756; baseline -0.01 -9"><span class='ocrx_word' id='word_1_229' title='bbox 2125 1706 2217 1748; x_wconf 92' lang='lat' dir='ltr'><strong>sus</strong></span> <span class='ocrx_word' id='word_1_230' title='bbox 2242 1705 2271 1742; x_wconf 89' lang='lat' dir='ltr'><strong>a</strong></span> <span class='ocrx_word' id='word_1_231' title='bbox 2326 1689 2438 1743; x_wconf 87' lang='lat' dir='ltr'><strong>Deo</strong></span> <span class='ocrx_word' id='word_1_232' title='bbox 2476 1686 2759 1756; x_wconf 74' lang='lat' dir='ltr'><strong>unigenito</strong></span> <span class='ocrx_word' id='word_1_233' title='bbox 2807 1681 2946 1737; x_wconf 85' lang='lat' dir='ltr'><strong>Filio</strong></span> <span class='ocrx_word' id='word_1_234' title='bbox 2975 1681 3270 1753; x_wconf 35' lang='lat' dir='ltr'><strong>cjusaDeo</strong></span> <span class='ocrx_word' id='word_1_235' title='bbox 3299 1679 3499 1738; x_wconf 87' lang='lat' dir='ltr'><strong>Verbo.</strong></span> <span class='ocrx_word' id='word_1_236' title='bbox 3550 1678 3703 1733; x_wconf 89' lang='lat' dir='ltr'><strong>Unus</strong></span> 
     </span>
    </p>
   </div>
   <div class='ocr_carea' id='block_1_33' title="bbox 2122 1772 3697 1842">
    <p class='ocr_par' dir='ltr' id='par_1_33' title="bbox 2122 1772 3697 1842">
     <span class='ocr_line' id='line_1_33' title="bbox 2122 1772 3697 1842; baseline -0.006 -8"><span class='ocrx_word' id='word_1_237' title='bbox 2122 1772 2250 1836; x_wconf 76' lang='lat' dir='ltr'><strong>rere</strong></span> <span class='ocrx_word' id='word_1_238' title='bbox 2289 1782 2432 1836; x_wconf 88' lang='lat' dir='ltr'><strong>Deus</strong></span> <span class='ocrx_word' id='word_1_239' title='bbox 2455 1788 2510 1834; x_wconf 90' lang='lat' dir='ltr'><strong>et</strong></span> <span class='ocrx_word' id='word_1_240' title='bbox 2534 1778 2714 1842; x_wconf 83' lang='lat' dir='ltr'><strong>Pater,</strong></span> <span class='ocrx_word' id='word_1_241' title='bbox 2743 1791 2882 1831; x_wconf 83' lang='lat' dir='ltr'><strong>unus</strong></span> <span class='ocrx_word' id='word_1_242' title='bbox 2909 1776 3072 1831; x_wconf 87' lang='lat' dir='ltr'><strong>etiam</strong></span> <span class='ocrx_word' id='word_1_243' title='bbox 3129 1773 3475 1828; x_wconf 79' lang='lat' dir='ltr'><strong>ineﬂ&#39;abiliter</strong></span> <span class='ocrx_word' id='word_1_244' title='bbox 3523 1786 3590 1827; x_wconf 82' lang='lat' dir='ltr'><strong>ex</strong></span> <span class='ocrx_word' id='word_1_245' title='bbox 3628 1786 3697 1825; x_wconf 92' lang='lat' dir='ltr'><strong>eo</strong></span> 
     </span>
    </p>
   </div>
   <div class='ocr_carea' id='block_1_34' title="bbox 441 1844 2015 1944">
    <p class='ocr_par' dir='ltr' id='par_1_34' title="bbox 441 1844 2015 1944">
     <span class='ocr_line' id='line_1_34' title="bbox 441 1844 2015 1944; baseline 0.016 -40"><span class='ocrx_word' id='word_1_246' title='bbox 441 1860 967 1944; x_wconf 79' lang='grc' dir='ltr'>προγεγεννημένος,</span> <span class='ocrx_word' id='word_1_247' title='bbox 1015 1862 1048 1933; x_wconf 79' lang='grc' dir='ltr'>ἦ</span> <span class='ocrx_word' id='word_1_248' title='bbox 1098 1866 1634 1935; x_wconf 84' lang='grc' dir='ltr'>μεταγεγεννημένος</span> <span class='ocrx_word' id='word_1_249' title='bbox 1674 1866 1788 1929; x_wconf 71' lang='grc' dir='ltr'>υίὸς</span> <span class='ocrx_word' id='word_1_250' title='bbox 1831 1844 2015 1935; x_wconf 63' lang='grc' dir='ltr'>ἕτεροέ</span> 
     </span>
    </p>
   </div>
   <div class='ocr_carea' id='block_1_35' title="bbox 2120 1844 3701 1944">
    <p class='ocr_par' dir='ltr' id='par_1_35' title="bbox 2123 1864 3701 1944">
     <span class='ocr_line' id='line_1_35' title="bbox 2123 1864 3701 1944; baseline -0.008 -17"><span class='ocrx_word' id='word_1_251' title='bbox 2123 1872 2335 1944; x_wconf 77' lang='lat' dir='ltr'><strong>genitus</strong></span> <span class='ocrx_word' id='word_1_252' title='bbox 2364 1871 2552 1935; x_wconf 81' lang='lat' dir='ltr'><strong>Filius,</strong></span> <span class='ocrx_word' id='word_1_253' title='bbox 2576 1869 2719 1923; x_wconf 86' lang='lat' dir='ltr'><strong>Deus</strong></span> <span class='ocrx_word' id='word_1_254' title='bbox 2742 1866 3002 1922; x_wconf 78' lang='lat' dir='ltr'><strong>Verbum.</strong></span> <span class='ocrx_word' id='word_1_255' title='bbox 3028 1864 3493 1931; x_wconf 82' lang='lat' dir='ltr'><strong>Quemadmodum</strong></span> <span class='ocrx_word' id='word_1_256' title='bbox 3520 1871 3701 1917; x_wconf 87' lang='lat' dir='ltr'><strong>autem</strong></span> 
     </span>
    </p>
   </div>
   <div class='ocr_carea' id='block_1_36' title="bbox 437 1943 2016 2029">
    <p class='ocr_par' dir='ltr' id='par_1_36' title="bbox 437 1943 2016 2029">
     <span class='ocr_line' id='line_1_36' title="bbox 437 1943 2016 2029; baseline 0.01 -34"><span class='ocrx_word' id='word_1_257' title='bbox 437 1943 531 1996; x_wconf 80' lang='grc' dir='ltr'>τοῦ</span> <span class='ocrx_word' id='word_1_258' title='bbox 561 1946 697 2000; x_wconf 81' lang='grc' dir='ltr'>Θεοῦ</span> <span class='ocrx_word' id='word_1_259' title='bbox 735 1949 811 2019; x_wconf 83' lang='grc' dir='ltr'><strong>τῷ</strong></span> <span class='ocrx_word' id='word_1_260' title='bbox 848 1955 1127 2022; x_wconf 87' lang='grc' dir='ltr'>μονογενεῖ</span> <span class='ocrx_word' id='word_1_261' title='bbox 1161 1953 1276 2026; x_wconf 84' lang='grc' dir='ltr'>Υίῷ</span> <span class='ocrx_word' id='word_1_262' title='bbox 1327 1956 1493 2008; x_wconf 80' lang='grc' dir='ltr'>αὐτοῦ</span> <span class='ocrx_word' id='word_1_263' title='bbox 1537 1956 1657 2027; x_wconf 83' lang='grc' dir='ltr'><strong>Θεῷ</strong></span> <span class='ocrx_word' id='word_1_264' title='bbox 1700 1956 1879 2029; x_wconf 84' lang='grc' dir='ltr'>Λόγῳ.</span> <span class='ocrx_word' id='word_1_265' title='bbox 1921 1955 2016 2022; x_wconf 71' lang='grc' dir='ltr'><strong>Εἷς</strong></span> 
     </span>
    </p>
   </div>
   <div class='ocr_carea' id='block_1_37' title="bbox 436 2035 2015 2121">
    <p class='ocr_par' dir='ltr' id='par_1_37' title="bbox 436 2035 2015 2121">
     <span class='ocr_line' id='line_1_37' title="bbox 436 2035 2015 2121; baseline 0.012 -36"><span class='ocrx_word' id='word_1_266' title='bbox 436 2035 607 2100; x_wconf 67' lang='grc' dir='ltr'>ὅντως</span> <span class='ocrx_word' id='word_1_267' title='bbox 641 2039 774 2103; x_wconf 79' lang='grc' dir='ltr'>Θεὸς</span> <span class='ocrx_word' id='word_1_268' title='bbox 801 2042 897 2094; x_wconf 77' lang='grc' dir='ltr'>καὶ</span> <span class='ocrx_word' id='word_1_269' title='bbox 933 2044 1144 2116; x_wconf 73' lang='grc' dir='ltr'>Πατὴρ,</span> <span class='ocrx_word' id='word_1_270' title='bbox 1178 2041 1258 2109; x_wconf 80' lang='grc' dir='ltr'>εἷς</span> <span class='ocrx_word' id='word_1_271' title='bbox 1288 2046 1457 2112; x_wconf 78' lang='grc' dir='ltr'>ὄντως</span> <span class='ocrx_word' id='word_1_272' title='bbox 1503 2050 1597 2102; x_wconf 74' lang='grc' dir='ltr'>καὶ</span> <span class='ocrx_word' id='word_1_273' title='bbox 1628 2052 1656 2104; x_wconf 90' lang='lat'><strong>6</strong></span> <span class='ocrx_word' id='word_1_274' title='bbox 1682 2052 2015 2121; x_wconf 77' lang='grc' dir='ltr'>γεγεννημέκ</span> 
     </span>
    </p>
   </div>
   <div class='ocr_carea' id='block_1_38' title="bbox 437 2127 2015 2214">
    <p class='ocr_par' dir='ltr' id='par_1_38' title="bbox 437 2127 2015 2214">
     <span class='ocr_line' id='line_1_38' title="bbox 437 2127 2015 2214; baseline 0.012 -38"><span class='ocrx_word' id='word_1_275' title='bbox 437 2143 524 2189; x_wconf 83' lang='grc' dir='ltr'><strong>νος</strong></span> <span class='ocrx_word' id='word_1_276' title='bbox 552 2127 611 2193; x_wconf 83' lang='grc' dir='ltr'>ἐξ</span> <span class='ocrx_word' id='word_1_277' title='bbox 632 2131 794 2184; x_wconf 82' lang='grc' dir='ltr'>αὐτοῦ</span> <span class='ocrx_word' id='word_1_278' title='bbox 821 2134 1115 2204; x_wconf 77' lang='grc' dir='ltr'>ἀφράστως</span> <span class='ocrx_word' id='word_1_279' title='bbox 1152 2136 1278 2201; x_wconf 82' lang='grc' dir='ltr'>Υίδς</span> <span class='ocrx_word' id='word_1_280' title='bbox 1312 2136 1444 2202; x_wconf 73' lang='grc' dir='ltr'>Θεὸς</span> <span class='ocrx_word' id='word_1_281' title='bbox 1463 2140 1653 2208; x_wconf 87' lang='grc' dir='ltr'>Λόγος.</span> <span class='ocrx_word' id='word_1_282' title='bbox 1685 2142 1895 2214; x_wconf 85' lang='grc' dir='ltr'>Ὠσπερ</span> <span class='ocrx_word' id='word_1_283' title='bbox 1923 2138 2015 2195; x_wconf 72' lang='grc' dir='ltr'><strong>οὖν</strong></span> 
     </span>
    </p>
   </div>
   <div class='ocr_carea' id='block_1_39' title="bbox 433 2221 2012 2304">
    <p class='ocr_par' dir='ltr' id='par_1_39' title="bbox 433 2221 2012 2304">
     <span class='ocr_line' id='line_1_39' title="bbox 433 2221 2012 2304; baseline 0.009 -33"><span class='ocrx_word' id='word_1_284' title='bbox 433 2221 493 2272; x_wconf 81' lang='grc' dir='ltr'><strong>οὐ</strong></span> <span class='ocrx_word' id='word_1_285' title='bbox 520 2221 679 2292; x_wconf 83' lang='grc' dir='ltr'><strong>Λόγῳ</strong></span> <span class='ocrx_word' id='word_1_286' title='bbox 706 2224 852 2295; x_wconf 82' lang='grc' dir='ltr'>μόνῳ</span> <span class='ocrx_word' id='word_1_287' title='bbox 876 2227 1061 2298; x_wconf 81' lang='grc' dir='ltr'>Πατὴρ</span> <span class='ocrx_word' id='word_1_288' title='bbox 1095 2230 1123 2281; x_wconf 91' lang='lat'><strong>6</strong></span> <span class='ocrx_word' id='word_1_289' title='bbox 1151 2228 1303 2292; x_wconf 74' lang='grc' dir='ltr'>Θεὸς.</span> <span class='ocrx_word' id='word_1_290' title='bbox 1334 2230 1508 2295; x_wconf 71' lang='grc' dir='ltr'>οὕτως</span> <span class='ocrx_word' id='word_1_291' title='bbox 1546 2232 1668 2284; x_wconf 70' lang='grc' dir='ltr'>οὐδὲ</span> <span class='ocrx_word' id='word_1_292' title='bbox 1692 2232 1836 2302; x_wconf 79' lang='grc' dir='ltr'>λόγῳ</span> <span class='ocrx_word' id='word_1_293' title='bbox 1868 2233 2012 2304; x_wconf 83' lang='grc' dir='ltr'>μόνῳ</span> 
     </span>
    </p>
   </div>
   <div class='ocr_carea' id='block_1_40' title="bbox 435 2308 2013 2394">
    <p class='ocr_par' dir='ltr' id='par_1_40' title="bbox 435 2308 2013 2394">
     <span class='ocr_line' id='line_1_40' title="bbox 435 2308 2013 2394; baseline 0.015 -35"><span class='ocrx_word' id='word_1_294' title='bbox 435 2308 581 2373; x_wconf 77' lang='grc' dir='ltr'>Υἱὸς,</span> <span class='ocrx_word' id='word_1_295' title='bbox 613 2311 729 2366; x_wconf 83' lang='grc' dir='ltr'>ἀλλ’</span> <span class='ocrx_word' id='word_1_296' title='bbox 764 2314 978 2383; x_wconf 85' lang='grc' dir='ltr'>ἀληθῶς</span> <span class='ocrx_word' id='word_1_297' title='bbox 1000 2317 1155 2381; x_wconf 86' lang='grc' dir='ltr'>Υἱός·</span> <span class='ocrx_word' id='word_1_298' title='bbox 1192 2320 1414 2387; x_wconf 83' lang='grc' dir='ltr'>γνήσιος</span> <span class='ocrx_word' id='word_1_299' title='bbox 1444 2323 1472 2374; x_wconf 91' lang='lat'><strong>6</strong></span> <span class='ocrx_word' id='word_1_300' title='bbox 1506 2322 1717 2394; x_wconf 77' lang='grc' dir='ltr'>Πατὴρ,</span> <span class='ocrx_word' id='word_1_301' title='bbox 1738 2324 1961 2392; x_wconf 74' lang='grc' dir='ltr'>γνήσιος</span> <span class='ocrx_word' id='word_1_302' title='bbox 1985 2326 2013 2377; x_wconf 85' lang='grc' dir='ltr'>ὁ</span> 
     </span>
    </p>
   </div>
   <div class='ocr_carea' id='block_1_41' title="bbox 436 2404 2004 2485">
    <p class='ocr_par' dir='ltr' id='par_1_41' title="bbox 436 2404 2004 2485">
     <span class='ocr_line' id='line_1_41' title="bbox 436 2404 2004 2485; baseline 0.011 -31"><span class='ocrx_word' id='word_1_303' title='bbox 436 2404 562 2473; x_wconf 75' lang='grc' dir='ltr'>Υἱός</span> <span class='ocrx_word' id='word_1_304' title='bbox 576 2421 590 2434; x_wconf 88' lang='grc'><strong>·</strong></span> <span class='ocrx_word' id='word_1_305' title='bbox 610 2406 742 2471; x_wconf 84' lang='grc' dir='ltr'>Θεὸς</span> <span class='ocrx_word' id='word_1_306' title='bbox 759 2410 786 2462; x_wconf 88' lang='lat'><strong>6</strong></span> <span class='ocrx_word' id='word_1_307' title='bbox 803 2409 1008 2481; x_wconf 76' lang='grc' dir='ltr'>Πατὴρ,</span> <span class='ocrx_word' id='word_1_308' title='bbox 1026 2410 1159 2475; x_wconf 76' lang='grc' dir='ltr'>Θεὸς</span> <span class='ocrx_word' id='word_1_309' title='bbox 1174 2413 1265 2464; x_wconf 78' lang='grc' dir='ltr'><strong>καὶ</strong></span> <span class='ocrx_word' id='word_1_310' title='bbox 1295 2414 1322 2464; x_wconf 92' lang='lat'><strong>6</strong></span> <span class='ocrx_word' id='word_1_311' title='bbox 1342 2411 1403 2477; x_wconf 80' lang='grc' dir='ltr'><strong>ἐξ</strong></span> <span class='ocrx_word' id='word_1_312' title='bbox 1420 2413 1585 2467; x_wconf 80' lang='grc' dir='ltr'>αὑτοῦ</span> <span class='ocrx_word' id='word_1_313' title='bbox 1608 2420 2004 2485; x_wconf 76' lang='grc' dir='ltr'>γεγεννημένος</span> 
     </span>
    </p>
   </div>
   <div class='ocr_carea' id='block_1_42' title="bbox 433 2491 2007 2570">
    <p class='ocr_par' dir='ltr' id='par_1_42' title="bbox 433 2491 2007 2570">
     <span class='ocr_line' id='line_1_42' title="bbox 433 2491 2007 2570; baseline 0.01 -26"><span class='ocrx_word' id='word_1_314' title='bbox 433 2491 596 2556; x_wconf 76' lang='grc' dir='ltr'>Τίόςο</span> <span class='ocrx_word' id='word_1_315' title='bbox 625 2495 828 2556; x_wconf 79' lang='grc' dir='ltr'>τέλειος</span> <span class='ocrx_word' id='word_1_316' title='bbox 868 2499 897 2549; x_wconf 89' lang='lat'><strong>6</strong></span> <span class='ocrx_word' id='word_1_317' title='bbox 945 2498 1154 2570; x_wconf 81' lang='grc' dir='ltr'>Πατὴρ,</span> <span class='ocrx_word' id='word_1_318' title='bbox 1181 2499 1390 2564; x_wconf 82' lang='grc' dir='ltr'>τέλειος</span> <span class='ocrx_word' id='word_1_319' title='bbox 1420 2504 1582 2556; x_wconf 76' lang='grc' dir='ltr'>αὑτοῦ</span> <span class='ocrx_word' id='word_1_320' title='bbox 1622 2504 1717 2556; x_wconf 69' lang='grc' dir='ltr'><strong>καὶ</strong></span> <span class='ocrx_word' id='word_1_321' title='bbox 1771 2508 1799 2558; x_wconf 87' lang='lat'><strong>6</strong></span> <span class='ocrx_word' id='word_1_322' title='bbox 1845 2507 1974 2570; x_wconf 75' lang='grc' dir='ltr'>Υἱός</span> <span class='ocrx_word' id='word_1_323' title='bbox 1995 2523 2007 2536; x_wconf 75' lang='grc'><strong><em>⁸</em></strong></span> 
     </span>
    </p>
   </div>
   <div class='ocr_carea' id='block_1_43' title="bbox 431 2583 2006 2660">
    <p class='ocr_par' dir='ltr' id='par_1_43' title="bbox 431 2583 2006 2660">
     <span class='ocr_line' id='line_1_43' title="bbox 431 2583 2006 2660; baseline 0.011 -26"><span class='ocrx_word' id='word_1_324' title='bbox 431 2583 720 2655; x_wconf 81' lang='grc' dir='ltr'>ἀσώματος</span> <span class='ocrx_word' id='word_1_325' title='bbox 751 2590 779 2641; x_wconf 88' lang='lat'><strong>6</strong></span> <span class='ocrx_word' id='word_1_326' title='bbox 808 2588 1016 2659; x_wconf 73' lang='grc' dir='ltr'>Πατὴρ,</span> <span class='ocrx_word' id='word_1_327' title='bbox 1040 2588 1331 2659; x_wconf 83' lang='grc' dir='ltr'>ἀσώματος</span> <span class='ocrx_word' id='word_1_328' title='bbox 1368 2594 1463 2645; x_wconf 76' lang='grc' dir='ltr'><strong>καὶ</strong></span> <span class='ocrx_word' id='word_1_329' title='bbox 1498 2595 1526 2647; x_wconf 88' lang='lat'><strong>6</strong></span> <span class='ocrx_word' id='word_1_330' title='bbox 1550 2594 1697 2660; x_wconf 76' lang='grc' dir='ltr'>Υἱὸς,</span> <span class='ocrx_word' id='word_1_331' title='bbox 1721 2598 1828 2659; x_wconf 14' lang='grc' dir='ltr'>’καὶ</span> <span class='ocrx_word' id='word_1_332' title='bbox 1862 2599 2006 2651; x_wconf 85' lang='grc' dir='ltr'>ἀσω-</span> 
     </span>
    </p>
   </div>
   <div class='ocr_carea' id='block_1_44' title="bbox 435 2674 2003 2758">
    <p class='ocr_par' dir='ltr' id='par_1_44' title="bbox 435 2674 2003 2758">
     <span class='ocr_line' id='line_1_44' title="bbox 435 2674 2003 2758; baseline 0.01 -32"><span class='ocrx_word' id='word_1_333' title='bbox 435 2674 605 2742; x_wconf 81' lang='grc' dir='ltr'>μάτου</span> <span class='ocrx_word' id='word_1_334' title='bbox 630 2676 740 2748; x_wconf 85' lang='grc' dir='ltr'>γὰρ</span> <span class='ocrx_word' id='word_1_335' title='bbox 770 2680 1078 2751; x_wconf 71' lang='grc' dir='ltr'>χαρακτὴρ,</span> <span class='ocrx_word' id='word_1_336' title='bbox 1109 2681 1205 2733; x_wconf 71' lang='grc' dir='ltr'>καὶ</span> <span class='ocrx_word' id='word_1_337' title='bbox 1246 2684 1279 2752; x_wconf 86' lang='grc' dir='ltr'>ἡ</span> <span class='ocrx_word' id='word_1_338' title='bbox 1325 2683 1490 2736; x_wconf 85' lang='grc' dir='ltr'>είκὼν</span> <span class='ocrx_word' id='word_1_339' title='bbox 1527 2684 1819 2755; x_wconf 77' lang='grc' dir='ltr'>ἀσώματος</span> <span class='ocrx_word' id='word_1_340' title='bbox 1848 2688 2003 2758; x_wconf 74' lang='grc' dir='ltr'>δηλο·</span> 
     </span>
    </p>
   </div>
   <div class='ocr_carea' id='block_1_45' title="bbox 432 2764 2015 2847">
    <p class='ocr_par' dir='ltr' id='par_1_45' title="bbox 432 2764 2015 2847">
     <span class='ocr_line' id='line_1_45' title="bbox 432 2764 2015 2847; baseline 0.012 -33"><span class='ocrx_word' id='word_1_341' title='bbox 432 2765 574 2818; x_wconf 81' lang='grc' dir='ltr'>νότι.</span> <span class='ocrx_word' id='word_1_342' title='bbox 600 2767 888 2830; x_wconf 87' lang='grc' dir='ltr'>Πιστεύεις</span> <span class='ocrx_word' id='word_1_343' title='bbox 915 2769 1108 2840; x_wconf 83' lang='grc' dir='ltr'>τούτῳ,</span> <span class='ocrx_word' id='word_1_344' title='bbox 1130 2764 1175 2823; x_wconf 81' lang='grc' dir='ltr'>ὧ</span> <span class='ocrx_word' id='word_1_345' title='bbox 1204 2772 1480 2840; x_wconf 72' lang='grc' dir='ltr'>φιλόσοφε,</span> <span class='ocrx_word' id='word_1_346' title='bbox 1507 2775 1588 2827; x_wconf 82' lang='grc' dir='ltr'>ὅτι</span> <span class='ocrx_word' id='word_1_347' title='bbox 1608 2777 1927 2847; x_wconf 82' lang='grc' dir='ltr'>γεγέννηται</span> <span class='ocrx_word' id='word_1_348' title='bbox 1949 2782 2015 2835; x_wconf 71' lang='grc' dir='ltr'>ἐκ</span> 
     </span>
    </p>
   </div>
   <div class='ocr_carea' id='block_1_46' title="bbox 2120 1954 3701 2023">
    <p class='ocr_par' dir='ltr' id='par_1_46' title="bbox 2120 1954 3701 2023">
     <span class='ocr_line' id='line_1_46' title="bbox 2120 1954 3701 2023; baseline -0.006 -7"><span class='ocrx_word' id='word_1_349' title='bbox 2120 1977 2222 2016; x_wconf 91' lang='lat' dir='ltr'><strong>non</strong></span> <span class='ocrx_word' id='word_1_350' title='bbox 2241 1960 2357 2015; x_wconf 92' lang='lat' dir='ltr'><strong>solo</strong></span> <span class='ocrx_word' id='word_1_351' title='bbox 2375 1960 2587 2015; x_wconf 90' lang='lat' dir='ltr'><strong>nomine</strong></span> <span class='ocrx_word' id='word_1_352' title='bbox 2606 1960 2766 2013; x_wconf 88' lang='lat' dir='ltr'><strong>Pater</strong></span> <span class='ocrx_word' id='word_1_353' title='bbox 2776 1966 2865 2013; x_wconf 90' lang='lat' dir='ltr'><strong>est</strong></span> <span class='ocrx_word' id='word_1_354' title='bbox 2884 1956 3046 2022; x_wconf 85' lang='lat' dir='ltr'><strong>Deus,</strong></span> <span class='ocrx_word' id='word_1_355' title='bbox 3065 1957 3144 2010; x_wconf 86' lang='lat' dir='ltr'><strong>sic</strong></span> <span class='ocrx_word' id='word_1_356' title='bbox 3159 1968 3330 2023; x_wconf 87' lang='lat' dir='ltr'><strong>neque</strong></span> <span class='ocrx_word' id='word_1_357' title='bbox 3346 1955 3462 2008; x_wconf 88' lang='lat' dir='ltr'><strong>solo</strong></span> <span class='ocrx_word' id='word_1_358' title='bbox 3484 1954 3701 2007; x_wconf 86' lang='lat' dir='ltr'><strong>nomine</strong></span> 
     </span>
    </p>
   </div>
   <div class='ocr_carea' id='block_1_47' title="bbox 2116 2041 3699 2114">
    <p class='ocr_par' dir='ltr' id='par_1_47' title="bbox 2116 2041 3699 2114">
     <span class='ocr_line' id='line_1_47' title="bbox 2116 2041 3699 2114; baseline -0.006 -11"><span class='ocrx_word' id='word_1_359' title='bbox 2116 2048 2307 2114; x_wconf 84' lang='lat' dir='ltr'><strong>Filius,</strong></span> <span class='ocrx_word' id='word_1_360' title='bbox 2326 2049 2419 2102; x_wconf 89' lang='lat' dir='ltr'><strong>sed</strong></span> <span class='ocrx_word' id='word_1_361' title='bbox 2444 2061 2572 2102; x_wconf 76' lang='lat' dir='ltr'><strong>vere</strong></span> <span class='ocrx_word' id='word_1_362' title='bbox 2588 2058 2676 2100; x_wconf 77' lang='lat' dir='ltr'><strong>est</strong></span> <span class='ocrx_word' id='word_1_363' title='bbox 2704 2045 2902 2100; x_wconf 83' lang='lat' dir='ltr'><strong>Filius:</strong></span> <span class='ocrx_word' id='word_1_364' title='bbox 2927 2060 3086 2100; x_wconf 87' lang='lat' dir='ltr'><strong>verus</strong></span> <span class='ocrx_word' id='word_1_365' title='bbox 3109 2055 3193 2099; x_wconf 89' lang='lat' dir='ltr'><strong>est</strong></span> <span class='ocrx_word' id='word_1_366' title='bbox 3210 2044 3394 2107; x_wconf 79' lang='lat' dir='ltr'><strong>Pater,</strong></span> <span class='ocrx_word' id='word_1_367' title='bbox 3433 2058 3592 2096; x_wconf 84' lang='lat' dir='ltr'><strong>verus</strong></span> <span class='ocrx_word' id='word_1_368' title='bbox 3610 2041 3699 2094; x_wconf 81' lang='lat' dir='ltr'><strong>Fi-</strong></span> 
     </span>
    </p>
   </div>
   <div class='ocr_carea' id='block_1_48' title="bbox 2118 2132 3699 2196">
    <p class='ocr_par' dir='ltr' id='par_1_48' title="bbox 2118 2132 3699 2196">
     <span class='ocr_line' id='line_1_48' title="bbox 2118 2132 3699 2196; baseline -0.004 -5"><span class='ocrx_word' id='word_1_369' title='bbox 2118 2139 2280 2196; x_wconf 71' lang='lat' dir='ltr'><strong>lius:</strong></span> <span class='ocrx_word' id='word_1_370' title='bbox 2336 2138 2482 2192; x_wconf 85' lang='lat' dir='ltr'><strong>Deus</strong></span> <span class='ocrx_word' id='word_1_371' title='bbox 2540 2149 2624 2190; x_wconf 78' lang='lat' dir='ltr'><strong>est</strong></span> <span class='ocrx_word' id='word_1_372' title='bbox 2664 2136 2845 2196; x_wconf 83' lang='lat' dir='ltr'><strong>Pater.</strong></span> <span class='ocrx_word' id='word_1_373' title='bbox 2896 2132 3037 2188; x_wconf 88' lang='lat' dir='ltr'><strong>Deus</strong></span> <span class='ocrx_word' id='word_1_374' title='bbox 3083 2135 3246 2187; x_wconf 88' lang='lat' dir='ltr'><strong>etiam</strong></span> <span class='ocrx_word' id='word_1_375' title='bbox 3303 2132 3469 2187; x_wconf 82' lang='lat' dir='ltr'><strong>Filius</strong></span> <span class='ocrx_word' id='word_1_376' title='bbox 3519 2147 3585 2186; x_wconf 75' lang='lat' dir='ltr'><strong>ex</strong></span> <span class='ocrx_word' id='word_1_377' title='bbox 3634 2148 3699 2186; x_wconf 88' lang='lat' dir='ltr'><strong>co</strong></span> 
     </span>
    </p>
   </div>
   <div class='ocr_carea' id='block_1_49' title="bbox 2116 2221 3695 2301">
    <p class='ocr_par' dir='ltr' id='par_1_49' title="bbox 2116 2221 3695 2301">
     <span class='ocr_line' id='line_1_49' title="bbox 2116 2221 3695 2301; baseline -0.006 -17"><span class='ocrx_word' id='word_1_378' title='bbox 2116 2231 2365 2301; x_wconf 73' lang='lat' dir='ltr'><strong>genitus:</strong></span> <span class='ocrx_word' id='word_1_379' title='bbox 2413 2227 2682 2295; x_wconf 83' lang='lat' dir='ltr'><strong>perfectus</strong></span> <span class='ocrx_word' id='word_1_380' title='bbox 2712 2225 2892 2289; x_wconf 84' lang='lat' dir='ltr'><strong>Pater,</strong></span> <span class='ocrx_word' id='word_1_381' title='bbox 2925 2222 3192 2293; x_wconf 78' lang='lat' dir='ltr'><strong>perfectus</strong></span> <span class='ocrx_word' id='word_1_382' title='bbox 3222 2231 3276 2276; x_wconf 83' lang='lat' dir='ltr'><strong>et</strong></span> <span class='ocrx_word' id='word_1_383' title='bbox 3329 2223 3445 2290; x_wconf 83' lang='lat' dir='ltr'><strong>ejus</strong></span> <span class='ocrx_word' id='word_1_384' title='bbox 3475 2221 3642 2276; x_wconf 88' lang='lat' dir='ltr'><strong>Filius</strong></span> <span class='ocrx_word' id='word_1_385' title='bbox 3679 2238 3695 2275; x_wconf 88' lang='lat'><strong>:</strong></span> 
     </span>
    </p>
   </div>
   <div class='ocr_carea' id='block_1_50' title="bbox 2118 2312 3699 2390">
    <p class='ocr_par' dir='ltr' id='par_1_50' title="bbox 2118 2312 3699 2390">
     <span class='ocr_line' id='line_1_50' title="bbox 2118 2312 3699 2390; baseline -0.006 -14"><span class='ocrx_word' id='word_1_386' title='bbox 2118 2324 2464 2390; x_wconf 77' lang='lat' dir='ltr'><strong>incorporeus</strong></span> <span class='ocrx_word' id='word_1_387' title='bbox 2523 2320 2715 2383; x_wconf 80' lang='lat' dir='ltr'><strong>Pater,</strong></span> <span class='ocrx_word' id='word_1_388' title='bbox 2777 2318 3128 2386; x_wconf 74' lang='lat' dir='ltr'><strong>incorporeus</strong></span> <span class='ocrx_word' id='word_1_389' title='bbox 3191 2325 3244 2370; x_wconf 84' lang='lat' dir='ltr'><strong>et</strong></span> <span class='ocrx_word' id='word_1_390' title='bbox 3292 2312 3460 2368; x_wconf 89' lang='lat' dir='ltr'><strong>Filius</strong></span> <span class='ocrx_word' id='word_1_391' title='bbox 3511 2332 3526 2370; x_wconf 89' lang='lat'><strong>:</strong></span> <span class='ocrx_word' id='word_1_392' title='bbox 3612 2313 3699 2368; x_wconf 86' lang='lat' dir='ltr'><strong>in-</strong></span> 
     </span>
    </p>
   </div>
   <div class='ocr_carea' id='block_1_51' title="bbox 2119 2407 3697 2479">
    <p class='ocr_par' dir='ltr' id='par_1_51' title="bbox 2119 2407 3697 2479">
     <span class='ocr_line' id='line_1_51' title="bbox 2119 2407 3697 2479; baseline -0.004 -12"><span class='ocrx_word' id='word_1_393' title='bbox 2119 2413 2362 2479; x_wconf 74' lang='lat' dir='ltr'><strong>corporei</strong></span> <span class='ocrx_word' id='word_1_394' title='bbox 2382 2412 2527 2465; x_wconf 78' lang='lat' dir='ltr'><strong>enim</strong></span> <span class='ocrx_word' id='word_1_395' title='bbox 2549 2419 2632 2462; x_wconf 71' lang='lat' dir='ltr'><strong>est</strong></span> <span class='ocrx_word' id='word_1_396' title='bbox 2671 2409 2860 2478; x_wconf 73' lang='lat' dir='ltr'><strong>ﬁgura,</strong></span> <span class='ocrx_word' id='word_1_397' title='bbox 2888 2410 3201 2476; x_wconf 82' lang='lat' dir='ltr'><strong>incorporea</strong></span> <span class='ocrx_word' id='word_1_398' title='bbox 3228 2408 3476 2459; x_wconf 83' lang='lat' dir='ltr'><strong>nimirum</strong></span> <span class='ocrx_word' id='word_1_399' title='bbox 3500 2407 3697 2472; x_wconf 78' lang='lat' dir='ltr'><strong>imago.</strong></span> 
     </span>
    </p>
   </div>
   <div class='ocr_carea' id='block_1_52' title="bbox 2116 2495 3698 2569">
    <p class='ocr_par' dir='ltr' id='par_1_52' title="bbox 2116 2495 3698 2569">
     <span class='ocr_line' id='line_1_52' title="bbox 2116 2495 3698 2569; baseline -0.007 -10"><span class='ocrx_word' id='word_1_400' title='bbox 2116 2503 2309 2559; x_wconf 81' lang='lat' dir='ltr'><strong>Credis</strong></span> <span class='ocrx_word' id='word_1_401' title='bbox 2343 2505 2464 2566; x_wconf 75' lang='lat' dir='ltr'><strong>hoc,</strong></span> <span class='ocrx_word' id='word_1_402' title='bbox 2494 2501 2830 2569; x_wconf 80' lang='lat' dir='ltr'><strong>philosophe.</strong></span> <span class='ocrx_word' id='word_1_403' title='bbox 2865 2501 3006 2568; x_wconf 86' lang='lat' dir='ltr'><strong>quod</strong></span> <span class='ocrx_word' id='word_1_404' title='bbox 3039 2514 3104 2552; x_wconf 77' lang='lat' dir='ltr'><strong>ex</strong></span> <span class='ocrx_word' id='word_1_405' title='bbox 3157 2497 3463 2553; x_wconf 78' lang='lat' dir='ltr'><strong>substantia</strong></span> <span class='ocrx_word' id='word_1_406' title='bbox 3520 2495 3698 2549; x_wconf 87' lang='lat' dir='ltr'><strong>Patris</strong></span> 
     </span>
    </p>
   </div>
   <div class='ocr_carea' id='block_1_53' title="bbox 2117 2587 3715 2667">
    <p class='ocr_par' dir='ltr' id='par_1_53' title="bbox 2117 2587 3715 2667">
     <span class='ocr_line' id='line_1_53' title="bbox 2117 2587 3715 2667; baseline -0.007 -17"><span class='ocrx_word' id='word_1_407' title='bbox 2117 2596 2189 2650; x_wconf 87' lang='lat' dir='ltr'><strong>sit</strong></span> <span class='ocrx_word' id='word_1_408' title='bbox 2214 2595 2429 2663; x_wconf 80' lang='lat' dir='ltr'><strong>genitus</strong></span> <span class='ocrx_word' id='word_1_409' title='bbox 2464 2592 2769 2662; x_wconf 75' lang='lat' dir='ltr'><strong>nnigenitus</strong></span> <span class='ocrx_word' id='word_1_410' title='bbox 2799 2591 2915 2667; x_wconf 76' lang='lat' dir='ltr'><strong>ejus</strong></span> <span class='ocrx_word' id='word_1_411' title='bbox 2945 2590 3135 2650; x_wconf 83' lang='lat' dir='ltr'><strong>Filius.</strong></span> <span class='ocrx_word' id='word_1_412' title='bbox 3174 2587 3627 2657; x_wconf 82' lang='lat' dir='ltr'><strong>quemadmodum</strong></span> <span class='ocrx_word' id='word_1_413' title='bbox 3666 2600 3715 2639; x_wconf 72' lang='grc' dir='ltr'>ιι,</span> 
     </span>
    </p>
   </div>
   <div class='ocr_carea' id='block_1_54' title="bbox 2118 2680 3700 2757">
    <p class='ocr_par' dir='ltr' id='par_1_54' title="bbox 2118 2680 3700 2757">
     <span class='ocr_line' id='line_1_54' title="bbox 2118 2680 3700 2757; baseline -0.008 -15"><span class='ocrx_word' id='word_1_414' title='bbox 2118 2687 2384 2757; x_wconf 82' lang='lat' dir='ltr'><strong>principio</strong></span> <span class='ocrx_word' id='word_1_415' title='bbox 2413 2683 2834 2752; x_wconf 82' lang='lat' dir='ltr'><strong>disputationum</strong></span> <span class='ocrx_word' id='word_1_416' title='bbox 2871 2696 2970 2751; x_wconf 88' lang='lat' dir='ltr'><strong>per</strong></span> <span class='ocrx_word' id='word_1_417' title='bbox 3032 2680 3261 2749; x_wconf 85' lang='lat' dir='ltr'><strong>plurima</strong></span> <span class='ocrx_word' id='word_1_418' title='bbox 3311 2692 3568 2748; x_wconf 76' lang='lat' dir='ltr'><strong>expressa</strong></span> <span class='ocrx_word' id='word_1_419' title='bbox 3619 2686 3700 2730; x_wconf 87' lang='lat' dir='ltr'><strong>tc-</strong></span> 
     </span>
    </p>
   </div>
   <div class='ocr_carea' id='block_1_55' title="bbox 2119 2773 3194 2838">
    <p class='ocr_par' dir='ltr' id='par_1_55' title="bbox 2119 2773 3194 2838">
     <span class='ocr_line' id='line_1_55' title="bbox 2119 2773 3194 2838; baseline -0.006 -5"><span class='ocrx_word' id='word_1_420' title='bbox 2119 2780 2373 2834; x_wconf 82' lang='lat' dir='ltr'><strong>stimonia</strong></span> <span class='ocrx_word' id='word_1_421' title='bbox 2417 2774 2939 2838; x_wconf 82' lang='lat' dir='ltr'><strong>demonstravimus,</strong></span> <span class='ocrx_word' id='word_1_422' title='bbox 2973 2773 3194 2827; x_wconf 78' lang='lat' dir='ltr'><strong>annon?</strong></span> 
     </span>
    </p>
   </div>
   <div class='ocr_carea' id='block_1_56' title="bbox 432 2853 3700 2942">
    <p class='ocr_par' dir='ltr' id='par_1_56' title="bbox 432 2853 3700 2942">
     <span class='ocr_line' id='line_1_56' title="bbox 432 2853 3700 2942; baseline 0.004 -36"><span class='ocrx_word' id='word_1_423' title='bbox 432 2853 532 2922; x_wconf 80' lang='grc' dir='ltr'>τῆς</span> <span class='ocrx_word' id='word_1_424' title='bbox 561 2856 751 2920; x_wconf 81' lang='grc' dir='ltr'>οὐσίας</span> <span class='ocrx_word' id='word_1_425' title='bbox 799 2858 894 2910; x_wconf 79' lang='grc' dir='ltr'>τοῦ</span> <span class='ocrx_word' id='word_1_426' title='bbox 928 2859 1141 2930; x_wconf 76' lang='grc' dir='ltr'>Πατρὺς</span> <span class='ocrx_word' id='word_1_427' title='bbox 1189 2862 1218 2913; x_wconf 83' lang='lat'><strong>6</strong></span> <span class='ocrx_word' id='word_1_428' title='bbox 1281 2863 1575 2942; x_wconf 72' lang='grc' dir='ltr'>μονογενὴς</span> <span class='ocrx_word' id='word_1_429' title='bbox 1605 2867 1731 2930; x_wconf 67' lang='grc' dir='ltr'>Υἱὸς</span> <span class='ocrx_word' id='word_1_430' title='bbox 1780 2870 1970 2938; x_wconf 77' lang='grc' dir='ltr'>αὐτοῦ,</span> <span class='ocrx_word' id='word_1_431' title='bbox 2004 2872 2258 2942; x_wconf 67' lang='grc' dir='ltr'>καθάπερ</span> <span class='ocrx_word' id='word_1_432' title='bbox 2306 2869 2370 2933; x_wconf 71' lang='grc' dir='ltr'><strong>ἐξ</strong></span> <span class='ocrx_word' id='word_1_433' title='bbox 2423 2866 2679 2938; x_wconf 77' lang='grc' dir='ltr'>ὑπαρχῆς</span> <span class='ocrx_word' id='word_1_434' title='bbox 2730 2865 2839 2920; x_wconf 87' lang='grc' dir='ltr'><strong>τῶν</strong></span> <span class='ocrx_word' id='word_1_435' title='bbox 2886 2865 3061 2935; x_wconf 78' lang='grc' dir='ltr'>λόγων</span> <span class='ocrx_word' id='word_1_436' title='bbox 3110 2864 3200 2920; x_wconf 83' lang='grc' dir='ltr'>διὰ</span> <span class='ocrx_word' id='word_1_437' title='bbox 3245 2865 3514 2920; x_wconf 79' lang='grc' dir='ltr'>πλείστων</span> <span class='ocrx_word' id='word_1_438' title='bbox 3560 2866 3700 2920; x_wconf 81' lang='grc' dir='ltr'>ὅσων</span> 
     </span>
    </p>
   </div>
   <div class='ocr_carea' id='block_1_57' title="bbox 432 2941 1665 3026">
    <p class='ocr_par' dir='ltr' id='par_1_57' title="bbox 432 2941 1665 3026">
     <span class='ocr_line' id='line_1_57' title="bbox 432 2941 1665 3026; baseline 0.007 -26"><span class='ocrx_word' id='word_1_439' title='bbox 432 2948 716 3019; x_wconf 76' lang='grc' dir='ltr'>γραφικῶν</span> <span class='ocrx_word' id='word_1_440' title='bbox 748 2952 1060 3022; x_wconf 78' lang='grc' dir='ltr'>μαρτυριῶν</span> <span class='ocrx_word' id='word_1_441' title='bbox 1092 2952 1479 3023; x_wconf 79' lang='grc' dir='ltr'>ἀπεδείξαμεν,</span> <span class='ocrx_word' id='word_1_442' title='bbox 1512 2941 1665 3026; x_wconf 67' lang='grc' dir='ltr'>ἧοὺ;</span> 
     </span>
    </p>
   </div>
   <div class='ocr_carea' id='block_1_58' title="bbox 708 3106 1736 3180">
    <p class='ocr_par' dir='ltr' id='par_1_58' title="bbox 708 3106 1736 3180">
     <span class='ocr_line' id='line_1_58' title="bbox 708 3106 1736 3180; baseline 0.009 -21"><span class='ocrx_word' id='word_1_443' title='bbox 708 3106 1215 3177; x_wconf 72' lang='grc' dir='ltr'>Ἀντεπερώτησις</span> <span class='ocrx_word' id='word_1_444' title='bbox 1243 3110 1347 3164; x_wconf 83' lang='grc' dir='ltr'>τοῦ</span> <span class='ocrx_word' id='word_1_445' title='bbox 1377 3112 1736 3180; x_wconf 67' lang='grc' dir='ltr'>φιλοσόφου.</span> 
     </span>
    </p>
   </div>
   <div class='ocr_carea' id='block_1_59' title="bbox 782 3210 1685 3315">
    <p class='ocr_par' dir='ltr' id='par_1_59' title="bbox 782 3210 1685 3315">
     <span class='ocr_line' id='line_1_59' title="bbox 782 3210 1685 3315; baseline 0.006 -21"><span class='ocrx_word' id='word_1_446' title='bbox 782 3239 907 3305; x_wconf 87' lang='grc' dir='ltr'>Πῶς</span> <span class='ocrx_word' id='word_1_447' title='bbox 927 3241 1024 3294; x_wconf 76' lang='grc' dir='ltr'><strong>καὶ</strong></span> <span class='ocrx_word' id='word_1_448' title='bbox 1048 3242 1153 3295; x_wconf 86' lang='grc' dir='ltr'>τίνι</span> <span class='ocrx_word' id='word_1_449' title='bbox 1180 3242 1397 3314; x_wconf 79' lang='grc' dir='ltr'>τρόπῳ;</span> <span class='ocrx_word' id='word_1_450' title='bbox 1430 3210 1685 3315; x_wconf 30' lang='grc' dir='ltr'>φράσον.-</span> 
     </span>
    </p>
   </div>
   <div class='ocr_carea' id='block_1_60' title="bbox 438 3379 2016 3449">
    <p class='ocr_par' dir='ltr' id='par_1_60' title="bbox 438 3379 2016 3449">
     <span class='ocr_line' id='line_1_60' title="bbox 438 3379 2016 3449; baseline 0.004 -15"><span class='ocrx_word' id='word_1_451' title='bbox 438 3385 502 3435; x_wconf 83' lang='grc' dir='ltr'><strong>Οἱ</strong></span> <span class='ocrx_word' id='word_1_452' title='bbox 558 3379 711 3449; x_wconf 73' lang='grc' dir='ltr'>ἅγιοι</span> <span class='ocrx_word' id='word_1_453' title='bbox 771 3380 1094 3438; x_wconf 76' lang='grc' dir='ltr'>ἐπίσκοποι</span> <span class='ocrx_word' id='word_1_454' title='bbox 1157 3381 1255 3435; x_wconf 83' lang='grc' dir='ltr'>διὰ</span> <span class='ocrx_word' id='word_1_455' title='bbox 1311 3382 1420 3449; x_wconf 76' lang='grc' dir='ltr'>τοῦ</span> <span class='ocrx_word' id='word_1_456' title='bbox 1467 3384 1654 3438; x_wconf 81' lang='grc' dir='ltr'>αὐτοῦ</span> <span class='ocrx_word' id='word_1_457' title='bbox 1719 3385 2016 3442; x_wconf 77' lang='grc' dir='ltr'>Εὐσεόίου</span> 
     </span>
    </p>
   </div>
   <div class='ocr_carea' id='block_1_61' title="bbox 950 3447 1498 3521">
    <p class='ocr_par' dir='ltr' id='par_1_61' title="bbox 950 3447 1498 3521">
     <span class='ocr_line' id='line_1_61' title="bbox 950 3447 1498 3521; baseline 0.005 -16"><span class='ocrx_word' id='word_1_458' title='bbox 950 3452 1266 3521; x_wconf 63' lang='grc' dir='ltr'>Παμφίλου</span> <span class='ocrx_word' id='word_1_459' title='bbox 1300 3447 1498 3508; x_wconf 79' lang='grc' dir='ltr'><strong>εἶπαν.</strong></span> 
     </span>
    </p>
   </div>
   <div class='ocr_carea' id='block_1_62' title="bbox 505 3584 2018 3659">
    <p class='ocr_par' dir='ltr' id='par_1_62' title="bbox 505 3584 2018 3659">
     <span class='ocr_line' id='line_1_62' title="bbox 505 3584 2018 3659; baseline 0.002 -19"><span class='ocrx_word' id='word_1_460' title='bbox 505 3586 595 3655; x_wconf 81' lang='grc' dir='ltr'><strong>Μὴ</strong></span> <span class='ocrx_word' id='word_1_461' title='bbox 625 3584 779 3656; x_wconf 81' lang='grc' dir='ltr'>ζήτει</span> <span class='ocrx_word' id='word_1_462' title='bbox 817 3584 955 3652; x_wconf 87' lang='grc' dir='ltr'>πῶς,</span> <span class='ocrx_word' id='word_1_463' title='bbox 992 3584 1282 3657; x_wconf 61' lang='grc' dir='ltr'>φιλόσοφε]</span> <span class='ocrx_word' id='word_1_464' title='bbox 1310 3586 1359 3638; x_wconf 86' lang='grc' dir='ltr'><strong>εί</strong></span> <span class='ocrx_word' id='word_1_465' title='bbox 1389 3587 1446 3639; x_wconf 78' lang='grc' dir='ltr'>δὲ</span> <span class='ocrx_word' id='word_1_466' title='bbox 1484 3585 1580 3657; x_wconf 81' lang='grc' dir='ltr'>μὴ,</span> <span class='ocrx_word' id='word_1_467' title='bbox 1626 3587 1768 3642; x_wconf 86' lang='grc' dir='ltr'><strong>καθά</strong></span> <span class='ocrx_word' id='word_1_468' title='bbox 1795 3588 1899 3659; x_wconf 80' lang='grc' dir='ltr'>ἤδη</span> <span class='ocrx_word' id='word_1_469' title='bbox 1928 3589 2018 3643; x_wconf 91' lang='grc' dir='ltr'><strong>διά</strong></span> 
     </span>
    </p>
   </div>
   <div class='ocr_carea' id='block_1_63' title="bbox 435 3674 2017 3748">
    <p class='ocr_par' dir='ltr' id='par_1_63' title="bbox 435 3674 2017 3748">
     <span class='ocr_line' id='line_1_63' title="bbox 435 3674 2017 3748; baseline 0.004 -21"><span class='ocrx_word' id='word_1_470' title='bbox 435 3676 696 3728; x_wconf 82' lang='grc' dir='ltr'>πλειόνων</span> <span class='ocrx_word' id='word_1_471' title='bbox 719 3674 935 3746; x_wconf 79' lang='grc' dir='ltr'>εἴρηταί</span> <span class='ocrx_word' id='word_1_472' title='bbox 967 3691 1070 3735; x_wconf 82' lang='grc' dir='ltr'>σοι,</span> <span class='ocrx_word' id='word_1_473' title='bbox 1095 3676 1190 3728; x_wconf 72' lang='grc' dir='ltr'><strong>καὶ</strong></span> <span class='ocrx_word' id='word_1_474' title='bbox 1220 3676 1278 3728; x_wconf 79' lang='grc' dir='ltr'>ὲν</span> <span class='ocrx_word' id='word_1_475' title='bbox 1306 3678 1447 3747; x_wconf 81' lang='grc' dir='ltr'>ἀρχῇ</span> <span class='ocrx_word' id='word_1_476' title='bbox 1475 3678 1575 3748; x_wconf 82' lang='grc' dir='ltr'>τῆς</span> <span class='ocrx_word' id='word_1_477' title='bbox 1596 3676 1888 3742; x_wconf 79' lang='grc' dir='ltr'>διαλέξεως</span> <span class='ocrx_word' id='word_1_478' title='bbox 1909 3678 2017 3733; x_wconf 85' lang='grc' dir='ltr'>διε-</span> 
     </span>
    </p>
   </div>
   <div class='ocr_carea' id='block_1_64' title="bbox 439 3768 2012 3839">
    <p class='ocr_par' dir='ltr' id='par_1_64' title="bbox 439 3768 2012 3839">
     <span class='ocr_line' id='line_1_64' title="bbox 439 3768 2012 3839; baseline 0.003 -19"><span class='ocrx_word' id='word_1_479' title='bbox 439 3768 859 3839; x_wconf 82' lang='grc' dir='ltr'>μαρτυράμεθα,</span> <span class='ocrx_word' id='word_1_480' title='bbox 907 3768 987 3821; x_wconf 81' lang='grc' dir='ltr'>ὅτι</span> <span class='ocrx_word' id='word_1_481' title='bbox 1042 3768 1346 3839; x_wconf 81' lang='grc' dir='ltr'>κρημνίσαι</span> <span class='ocrx_word' id='word_1_482' title='bbox 1397 3769 1621 3823; x_wconf 80' lang='grc' dir='ltr'>σεαυτὸν</span> <span class='ocrx_word' id='word_1_483' title='bbox 1670 3771 2012 3837; x_wconf 75' lang='grc' dir='ltr'>σπουδάζεις,</span> 
     </span>
    </p>
   </div>
   <div class='ocr_carea' id='block_1_65' title="bbox 434 3859 2016 3934">
    <p class='ocr_par' dir='ltr' id='par_1_65' title="bbox 434 3859 2016 3934">
     <span class='ocr_line' id='line_1_65' title="bbox 434 3859 2016 3934; baseline 0.002 -21"><span class='ocrx_word' id='word_1_484' title='bbox 434 3860 716 3932; x_wconf 82' lang='grc' dir='ltr'>διερευνᾷν</span> <span class='ocrx_word' id='word_1_485' title='bbox 743 3859 1084 3931; x_wconf 85' lang='grc' dir='ltr'>πειρώμενος</span> <span class='ocrx_word' id='word_1_486' title='bbox 1111 3860 1179 3914; x_wconf 86' lang='grc' dir='ltr'><strong>τά</strong></span> <span class='ocrx_word' id='word_1_487' title='bbox 1203 3860 1622 3931; x_wconf 81' lang='grc' dir='ltr'>ἀνεξερεύνητα.</span> <span class='ocrx_word' id='word_1_488' title='bbox 1658 3863 1721 3915; x_wconf 78' lang='grc' dir='ltr'><strong>Εἰ</strong></span> <span class='ocrx_word' id='word_1_489' title='bbox 1764 3863 1863 3934; x_wconf 76' lang='grc' dir='ltr'><strong>μὲν</strong></span> <span class='ocrx_word' id='word_1_490' title='bbox 1906 3863 2016 3934; x_wconf 76' lang='grc' dir='ltr'>γὰρ</span> 
     </span>
    </p>
   </div>
   <div class='ocr_carea' id='block_1_66' title="bbox 434 3951 2016 4026">
    <p class='ocr_par' dir='ltr' id='par_1_66' title="bbox 434 3951 2016 4026">
     <span class='ocr_line' id='line_1_66' title="bbox 434 3951 2016 4026; baseline 0.004 -23"><span class='ocrx_word' id='word_1_491' title='bbox 434 3952 706 4022; x_wconf 81' lang='grc' dir='ltr'>ἐνδέχεται</span> <span class='ocrx_word' id='word_1_492' title='bbox 726 3951 909 4022; x_wconf 81' lang='grc' dir='ltr'>ζητεῖν</span> <span class='ocrx_word' id='word_1_493' title='bbox 931 3951 1048 4015; x_wconf 86' lang='grc' dir='ltr'>πῶς</span> <span class='ocrx_word' id='word_1_494' title='bbox 1065 3953 1092 4005; x_wconf 91' lang='lat'><strong>6</strong></span> <span class='ocrx_word' id='word_1_495' title='bbox 1110 3951 1425 4023; x_wconf 77' lang='grc' dir='ltr'>ἀγέννητος,</span> <span class='ocrx_word' id='word_1_496' title='bbox 1439 3953 1710 4024; x_wconf 76' lang='grc' dir='ltr'>ἐνδέχεται</span> <span class='ocrx_word' id='word_1_497' title='bbox 1727 3955 1821 4007; x_wconf 78' lang='grc' dir='ltr'>καὶ</span> <span class='ocrx_word' id='word_1_498' title='bbox 1834 3955 2016 4026; x_wconf 81' lang='grc' dir='ltr'>ζητεῖν</span> 
     </span>
    </p>
   </div>
   <div class='ocr_carea' id='block_1_67' title="bbox 435 4043 2015 4117">
    <p class='ocr_par' dir='ltr' id='par_1_67' title="bbox 435 4043 2015 4117">
     <span class='ocr_line' id='line_1_67' title="bbox 435 4043 2015 4117; baseline 0.005 -23"><span class='ocrx_word' id='word_1_499' title='bbox 435 4046 553 4109; x_wconf 80' lang='grc' dir='ltr'><strong>πῶς</strong></span> <span class='ocrx_word' id='word_1_500' title='bbox 591 4045 689 4097; x_wconf 72' lang='grc' dir='ltr'>καὶ</span> <span class='ocrx_word' id='word_1_501' title='bbox 724 4045 753 4097; x_wconf 88' lang='lat'><strong>6</strong></span> <span class='ocrx_word' id='word_1_502' title='bbox 775 4043 1191 4114; x_wconf 82' lang='grc' dir='ltr'>γεγεννημένος.</span> <span class='ocrx_word' id='word_1_503' title='bbox 1225 4044 1288 4099; x_wconf 78' lang='lat' dir='ltr'><strong>Ei</strong></span> <span class='ocrx_word' id='word_1_504' title='bbox 1325 4043 1383 4096; x_wconf 83' lang='grc' dir='ltr'>δὲ</span> <span class='ocrx_word' id='word_1_505' title='bbox 1412 4046 1474 4098; x_wconf 86' lang='grc' dir='ltr'><strong>οὑ</strong></span> <span class='ocrx_word' id='word_1_506' title='bbox 1518 4046 1870 4109; x_wconf 85' lang='grc' dir='ltr'>καταλείπεις</span> <span class='ocrx_word' id='word_1_507' title='bbox 1916 4047 2015 4117; x_wconf 81' lang='grc' dir='ltr'><strong>ζή-</strong></span> 
     </span>
    </p>
   </div>
   <div class='ocr_carea' id='block_1_68' title="bbox 433 4136 2012 4209">
    <p class='ocr_par' dir='ltr' id='par_1_68' title="bbox 433 4136 2012 4209">
     <span class='ocr_line' id='line_1_68' title="bbox 433 4136 2012 4209; baseline 0.001 -19"><span class='ocrx_word' id='word_1_508' title='bbox 433 4154 609 4206; x_wconf 90' lang='grc' dir='ltr'>τησιν,</span> <span class='ocrx_word' id='word_1_509' title='bbox 645 4137 763 4201; x_wconf 81' lang='grc' dir='ltr'><strong>πῶς</strong></span> <span class='ocrx_word' id='word_1_510' title='bbox 801 4136 1167 4208; x_wconf 67' lang='grc' dir='ltr'>γεγέννηται*</span> <span class='ocrx_word' id='word_1_511' title='bbox 1202 4136 1276 4207; x_wconf 83' lang='grc' dir='ltr'><strong>μὴ</strong></span> <span class='ocrx_word' id='word_1_512' title='bbox 1322 4136 1480 4206; x_wconf 81' lang='grc' dir='ltr'>ζήτει</span> <span class='ocrx_word' id='word_1_513' title='bbox 1533 4137 1603 4191; x_wconf 81' lang='grc' dir='ltr'><strong>τά</strong></span> <span class='ocrx_word' id='word_1_514' title='bbox 1645 4139 2012 4209; x_wconf 74' lang='grc' dir='ltr'>ἀνερεύνητα,</span> 
     </span>
    </p>
   </div>
   <div class='ocr_carea' id='block_1_69' title="bbox 433 4226 2016 4299">
    <p class='ocr_par' dir='ltr' id='par_1_69' title="bbox 433 4226 2016 4299">
     <span class='ocr_line' id='line_1_69' title="bbox 433 4226 2016 4299; baseline 0.001 -19"><span class='ocrx_word' id='word_1_515' title='bbox 433 4230 494 4280; x_wconf 85' lang='grc' dir='ltr'><strong>οὑ</strong></span> <span class='ocrx_word' id='word_1_516' title='bbox 520 4227 631 4299; x_wconf 76' lang='grc' dir='ltr'><strong>γὰρ</strong></span> <span class='ocrx_word' id='word_1_517' title='bbox 659 4228 953 4298; x_wconf 81' lang='grc' dir='ltr'>εὑρίσκεις.</span> <span class='ocrx_word' id='word_1_518' title='bbox 987 4226 1070 4280; x_wconf 90' lang='grc' dir='ltr'><strong>Τά</strong></span> <span class='ocrx_word' id='word_1_519' title='bbox 1118 4226 1487 4298; x_wconf 80' lang='grc' dir='ltr'>εὑρισκόμενα</span> <span class='ocrx_word' id='word_1_520' title='bbox 1514 4226 1689 4298; x_wconf 79' lang='grc' dir='ltr'>ζήτει,</span> <span class='ocrx_word' id='word_1_521' title='bbox 1742 4227 1838 4281; x_wconf 72' lang='grc' dir='ltr'>καὶ</span> <span class='ocrx_word' id='word_1_522' title='bbox 1866 4228 2016 4299; x_wconf 80' lang='grc' dir='ltr'>εὑρί-</span> 
     </span>
    </p>
   </div>
   <div class='ocr_carea' id='block_1_70' title="bbox 435 4315 2013 4390">
    <p class='ocr_par' dir='ltr' id='par_1_70' title="bbox 435 4315 2013 4390">
     <span class='ocr_line' id='line_1_70' title="bbox 435 4315 2013 4390; baseline -0.001 -18"><span class='ocrx_word' id='word_1_523' title='bbox 435 4336 607 4382; x_wconf 83' lang='grc' dir='ltr'>σκεις.</span> <span class='ocrx_word' id='word_1_524' title='bbox 660 4318 786 4372; x_wconf 73' lang='grc' dir='ltr'><strong>Ἐὰν</strong></span> <span class='ocrx_word' id='word_1_525' title='bbox 833 4319 942 4390; x_wconf 74' lang='grc' dir='ltr'>γὰρ</span> <span class='ocrx_word' id='word_1_526' title='bbox 988 4316 1179 4390; x_wconf 78' lang='grc' dir='ltr'>ζητῇς,</span> <span class='ocrx_word' id='word_1_527' title='bbox 1209 4315 1361 4387; x_wconf 83' lang='grc' dir='ltr'>παρά</span> <span class='ocrx_word' id='word_1_528' title='bbox 1399 4315 1541 4379; x_wconf 86' lang='grc' dir='ltr'>τίνος</span> <span class='ocrx_word' id='word_1_529' title='bbox 1587 4316 1731 4387; x_wconf 82' lang='grc' dir='ltr'>ἔχεις</span> <span class='ocrx_word' id='word_1_530' title='bbox 1783 4316 2013 4388; x_wconf 75' lang='grc' dir='ltr'>μαθεῖνς</span> 
     </span>
    </p>
   </div>
   <div class='ocr_carea' id='block_1_71' title="bbox 2555 3122 3263 3196">
    <p class='ocr_par' dir='ltr' id='par_1_71' title="bbox 2555 3122 3263 3196">
     <span class='ocr_line' id='line_1_71' title="bbox 2555 3122 3263 3196; baseline 0 -16"><span class='ocrx_word' id='word_1_531' title='bbox 2555 3125 2914 3196; x_wconf 80' lang='lat' dir='ltr'><strong>Interrogatio</strong></span> <span class='ocrx_word' id='word_1_532' title='bbox 2942 3122 3263 3195; x_wconf 75' lang='lat' dir='ltr'><strong>philosophi.</strong></span> 
     </span>
    </p>
   </div>
   <div class='ocr_carea' id='block_1_72' title="bbox 2373 3258 3440 3330">
    <p class='ocr_par' dir='ltr' id='par_1_72' title="bbox 2373 3258 3440 3330">
     <span class='ocr_line' id='line_1_72' title="bbox 2373 3258 3440 3330; baseline -0.001 -15"><span class='ocrx_word' id='word_1_533' title='bbox 2373 3262 2655 3330; x_wconf 86' lang='lat' dir='ltr'><strong>Quomodo</strong></span> <span class='ocrx_word' id='word_1_534' title='bbox 2683 3270 2738 3315; x_wconf 88' lang='lat' dir='ltr'><strong>et</strong></span> <span class='ocrx_word' id='word_1_535' title='bbox 2765 3275 2997 3330; x_wconf 87' lang='lat' dir='ltr'><strong>quanam</strong></span> <span class='ocrx_word' id='word_1_536' title='bbox 3042 3259 3298 3315; x_wconf 85' lang='lat' dir='ltr'><strong>ratione?</strong></span> <span class='ocrx_word' id='word_1_537' title='bbox 3333 3258 3440 3315; x_wconf 86' lang='lat' dir='ltr'><strong>dic.</strong></span> 
     </span>
    </p>
   </div>
   <div class='ocr_carea' id='block_1_73' title="bbox 2161 3388 3654 3465">
    <p class='ocr_par' dir='ltr' id='par_1_73' title="bbox 2161 3388 3654 3465">
     <span class='ocr_line' id='line_1_73' title="bbox 2161 3388 3654 3465; baseline -0.005 -14"><span class='ocrx_word' id='word_1_538' title='bbox 2161 3394 2348 3452; x_wconf 83' lang='lat' dir='ltr'><strong>Sancti</strong></span> <span class='ocrx_word' id='word_1_539' title='bbox 2378 3394 2609 3465; x_wconf 74' lang='lat' dir='ltr'><strong>episcOpi</strong></span> <span class='ocrx_word' id='word_1_540' title='bbox 2635 3409 2729 3463; x_wconf 84' lang='lat' dir='ltr'><strong>per</strong></span> <span class='ocrx_word' id='word_1_541' title='bbox 2753 3392 3041 3446; x_wconf 81' lang='lat' dir='ltr'><strong>Eusebium</strong></span> <span class='ocrx_word' id='word_1_542' title='bbox 3074 3388 3342 3461; x_wconf 79' lang='lat' dir='ltr'><strong>Pamphili</strong></span> <span class='ocrx_word' id='word_1_543' title='bbox 3385 3392 3654 3446; x_wconf 75' lang='lat' dir='ltr'><strong>dixerunt.</strong></span> 
     </span>
    </p>
   </div>
   <div class='ocr_carea' id='block_1_74' title="bbox 2183 3590 3700 3664">
    <p class='ocr_par' dir='ltr' id='par_1_74' title="bbox 2183 3590 3700 3664">
     <span class='ocr_line' id='line_1_74' title="bbox 2183 3590 3700 3664; baseline -0.001 -15"><span class='ocrx_word' id='word_1_544' title='bbox 2183 3594 2259 3649; x_wconf 84' lang='lat' dir='ltr'><strong>Ne</strong></span> <span class='ocrx_word' id='word_1_545' title='bbox 2288 3609 2505 3664; x_wconf 76' lang='lat' dir='ltr'><strong>quteras</strong></span> <span class='ocrx_word' id='word_1_546' title='bbox 2536 3590 2830 3662; x_wconf 86' lang='lat' dir='ltr'><strong>quomodo,</strong></span> <span class='ocrx_word' id='word_1_547' title='bbox 2859 3606 2894 3646; x_wconf 89' lang='grc' dir='ltr'><strong>ο</strong></span> <span class='ocrx_word' id='word_1_548' title='bbox 2937 3590 3286 3663; x_wconf 88' lang='lat' dir='ltr'><strong>philosophe;</strong></span> <span class='ocrx_word' id='word_1_549' title='bbox 3331 3591 3593 3661; x_wconf 84' lang='lat' dir='ltr'><strong>alioquin,</strong></span> <span class='ocrx_word' id='word_1_550' title='bbox 3640 3603 3700 3647; x_wconf 84' lang='lat' dir='ltr'><strong>ut</strong></span> 
     </span>
    </p>
   </div>
   <div class='ocr_carea' id='block_1_75' title="bbox 2113 3681 3701 3753">
    <p class='ocr_par' dir='ltr' id='par_1_75' title="bbox 2113 3681 3701 3753">
     <span class='ocr_line' id='line_1_75' title="bbox 2113 3681 3701 3753; baseline -0.003 -15"><span class='ocrx_word' id='word_1_551' title='bbox 2113 3685 2224 3752; x_wconf 79' lang='lat' dir='ltr'><strong>jam</strong></span> <span class='ocrx_word' id='word_1_552' title='bbox 2257 3685 2502 3753; x_wconf 86' lang='lat' dir='ltr'><strong>pluribus</strong></span> <span class='ocrx_word' id='word_1_553' title='bbox 2552 3684 2752 3738; x_wconf 83' lang='lat' dir='ltr'><strong>dictum</strong></span> <span class='ocrx_word' id='word_1_554' title='bbox 2783 3689 2870 3737; x_wconf 85' lang='lat' dir='ltr'><strong>est</strong></span> <span class='ocrx_word' id='word_1_555' title='bbox 2896 3681 3014 3746; x_wconf 87' lang='lat' dir='ltr'><strong>tibi,</strong></span> <span class='ocrx_word' id='word_1_556' title='bbox 3055 3689 3111 3735; x_wconf 90' lang='lat' dir='ltr'><strong>et</strong></span> <span class='ocrx_word' id='word_1_557' title='bbox 3140 3681 3208 3736; x_wconf 84' lang='lat' dir='ltr'><strong>ab</strong></span> <span class='ocrx_word' id='word_1_558' title='bbox 3262 3681 3417 3734; x_wconf 89' lang='lat' dir='ltr'><strong>initio</strong></span> <span class='ocrx_word' id='word_1_559' title='bbox 3460 3681 3701 3749; x_wconf 88' lang='lat' dir='ltr'><strong>disputa-</strong></span> 
     </span>
    </p>
   </div>
   <div class='ocr_carea' id='block_1_76' title="bbox 2116 3771 3697 3842">
    <p class='ocr_par' dir='ltr' id='par_1_76' title="bbox 2116 3771 3697 3842">
     <span class='ocr_line' id='line_1_76' title="bbox 2116 3771 3697 3842; baseline -0.003 -11"><span class='ocrx_word' id='word_1_560' title='bbox 2116 3776 2279 3831; x_wconf 88' lang='lat' dir='ltr'><strong>tionis</strong></span> <span class='ocrx_word' id='word_1_561' title='bbox 2318 3775 2496 3829; x_wconf 82' lang='lat' dir='ltr'><strong>testati</strong></span> <span class='ocrx_word' id='word_1_562' title='bbox 2526 3790 2733 3842; x_wconf 90' lang='lat' dir='ltr'><strong>sumus,</strong></span> <span class='ocrx_word' id='word_1_563' title='bbox 2779 3773 2966 3829; x_wconf 80' lang='lat' dir='ltr'><strong>studes</strong></span> <span class='ocrx_word' id='word_1_564' title='bbox 3016 3780 3066 3825; x_wconf 91' lang='lat' dir='ltr'><strong>te</strong></span> <span class='ocrx_word' id='word_1_565' title='bbox 3122 3771 3454 3840; x_wconf 67' lang='lat' dir='ltr'><strong>praecipitem</strong></span> <span class='ocrx_word' id='word_1_566' title='bbox 3515 3786 3697 3841; x_wconf 76' lang='lat' dir='ltr'><strong>agere,</strong></span> 
     </span>
    </p>
   </div>
   <div class='ocr_carea' id='block_1_77' title="bbox 2116 3860 3692 3939">
    <p class='ocr_par' dir='ltr' id='par_1_77' title="bbox 2116 3860 3692 3939">
     <span class='ocr_line' id='line_1_77' title="bbox 2116 3860 3692 3939; baseline -0.004 -16"><span class='ocrx_word' id='word_1_567' title='bbox 2116 3867 2447 3939; x_wconf 84' lang='lat' dir='ltr'><strong>perscrutari</strong></span> <span class='ocrx_word' id='word_1_568' title='bbox 2478 3874 2690 3921; x_wconf 85' lang='lat' dir='ltr'><strong>tentans</strong></span> <span class='ocrx_word' id='word_1_569' title='bbox 2715 3879 2834 3933; x_wconf 79' lang='lat' dir='ltr'><strong>quae</strong></span> <span class='ocrx_word' id='word_1_570' title='bbox 2868 3862 3240 3918; x_wconf 88' lang='lat' dir='ltr'><strong>inscrutabilia</strong></span> <span class='ocrx_word' id='word_1_571' title='bbox 3275 3870 3420 3916; x_wconf 88' lang='lat' dir='ltr'><strong>sunt.</strong></span> <span class='ocrx_word' id='word_1_572' title='bbox 3461 3860 3517 3916; x_wconf 89' lang='lat' dir='ltr'><strong>Si</strong></span> <span class='ocrx_word' id='word_1_573' title='bbox 3551 3863 3692 3917; x_wconf 86' lang='lat' dir='ltr'><strong>enim</strong></span> 
     </span>
    </p>
   </div>
   <div class='ocr_carea' id='block_1_78' title="bbox 2115 3952 3694 4031">
    <p class='ocr_par' dir='ltr' id='par_1_78' title="bbox 2115 3952 3694 4031">
     <span class='ocr_line' id='line_1_78' title="bbox 2115 3952 3694 4031; baseline -0.003 -20"><span class='ocrx_word' id='word_1_574' title='bbox 2115 3974 2364 4031; x_wconf 70' lang='lat' dir='ltr'><strong>qumrere</strong></span> <span class='ocrx_word' id='word_1_575' title='bbox 2400 3959 2547 4023; x_wconf 85' lang='lat' dir='ltr'><strong>licet,</strong></span> <span class='ocrx_word' id='word_1_576' title='bbox 2576 3956 2848 4026; x_wconf 87' lang='lat' dir='ltr'><strong>quomodo</strong></span> <span class='ocrx_word' id='word_1_577' title='bbox 2901 3969 3009 4009; x_wconf 90' lang='lat' dir='ltr'><strong>non</strong></span> <span class='ocrx_word' id='word_1_578' title='bbox 3067 3954 3302 4024; x_wconf 74' lang='lat' dir='ltr'><strong>genitus,</strong></span> <span class='ocrx_word' id='word_1_579' title='bbox 3351 3952 3476 4008; x_wconf 85' lang='lat' dir='ltr'><strong>licet</strong></span> <span class='ocrx_word' id='word_1_580' title='bbox 3532 3953 3694 4007; x_wconf 86' lang='lat' dir='ltr'><strong>etiam</strong></span> 
     </span>
    </p>
   </div>
   <div class='ocr_carea' id='block_1_79' title="bbox 2117 4045 3699 4122">
    <p class='ocr_par' dir='ltr' id='par_1_79' title="bbox 2117 4045 3699 4122">
     <span class='ocr_line' id='line_1_79' title="bbox 2117 4045 3699 4122; baseline -0.005 -16"><span class='ocrx_word' id='word_1_581' title='bbox 2117 4065 2379 4122; x_wconf 67' lang='lat' dir='ltr'><strong>quaerere,</strong></span> <span class='ocrx_word' id='word_1_582' title='bbox 2413 4049 2503 4121; x_wconf 88' lang='lat' dir='ltr'><strong>qui</strong></span> <span class='ocrx_word' id='word_1_583' title='bbox 2535 4049 2770 4119; x_wconf 77' lang='lat' dir='ltr'><strong>genitus.</strong></span> <span class='ocrx_word' id='word_1_584' title='bbox 2819 4047 2875 4101; x_wconf 86' lang='lat' dir='ltr'><strong>Si</strong></span> <span class='ocrx_word' id='word_1_585' title='bbox 2906 4061 3034 4102; x_wconf 88' lang='lat' dir='ltr'><strong>vero</strong></span> <span class='ocrx_word' id='word_1_586' title='bbox 3057 4061 3161 4100; x_wconf 90' lang='lat' dir='ltr'><strong>non</strong></span> <span class='ocrx_word' id='word_1_587' title='bbox 3192 4046 3397 4102; x_wconf 85' lang='lat' dir='ltr'><strong>deseris</strong></span> <span class='ocrx_word' id='word_1_588' title='bbox 3448 4045 3699 4115; x_wconf 65' lang='lat' dir='ltr'><strong>quaestio-</strong></span> 
     </span>
    </p>
   </div>
   <div class='ocr_carea' id='block_1_80' title="bbox 2118 4137 3695 4210">
    <p class='ocr_par' dir='ltr' id='par_1_80' title="bbox 2118 4137 3695 4210">
     <span class='ocr_line' id='line_1_80' title="bbox 2118 4137 3695 4210; baseline -0.005 -12"><span class='ocrx_word' id='word_1_589' title='bbox 2118 4158 2264 4208; x_wconf 85' lang='lat' dir='ltr'><strong>nem,</strong></span> <span class='ocrx_word' id='word_1_590' title='bbox 2311 4142 2585 4210; x_wconf 83' lang='lat' dir='ltr'><strong>quomodo</strong></span> <span class='ocrx_word' id='word_1_591' title='bbox 2598 4141 2668 4194; x_wconf 83' lang='lat' dir='ltr'><strong>sit</strong></span> <span class='ocrx_word' id='word_1_592' title='bbox 2695 4139 2946 4209; x_wconf 83' lang='lat' dir='ltr'><strong>genitus;</strong></span> <span class='ocrx_word' id='word_1_593' title='bbox 2971 4155 3041 4193; x_wconf 91' lang='lat' dir='ltr'><strong>ne</strong></span> <span class='ocrx_word' id='word_1_594' title='bbox 3067 4152 3281 4210; x_wconf 75' lang='lat' dir='ltr'><strong>qttteras</strong></span> <span class='ocrx_word' id='word_1_595' title='bbox 3303 4137 3695 4201; x_wconf 86' lang='lat' dir='ltr'><strong>inscrutabilia,</strong></span> 
     </span>
    </p>
   </div>
   <div class='ocr_carea' id='block_1_81' title="bbox 2118 4229 3695 4301">
    <p class='ocr_par' dir='ltr' id='par_1_81' title="bbox 2118 4229 3695 4301">
     <span class='ocr_line' id='line_1_81' title="bbox 2118 4229 3695 4301; baseline -0.006 -11"><span class='ocrx_word' id='word_1_596' title='bbox 2118 4251 2222 4290; x_wconf 88' lang='lat' dir='ltr'><strong>non</strong></span> <span class='ocrx_word' id='word_1_597' title='bbox 2255 4235 2396 4289; x_wconf 89' lang='lat' dir='ltr'><strong>enim</strong></span> <span class='ocrx_word' id='word_1_598' title='bbox 2426 4233 2695 4288; x_wconf 77' lang='lat' dir='ltr'><strong>invenies:</strong></span> <span class='ocrx_word' id='word_1_599' title='bbox 2750 4246 2963 4301; x_wconf 74' lang='lat' dir='ltr'><strong>quaeras</strong></span> <span class='ocrx_word' id='word_1_600' title='bbox 3003 4245 3125 4300; x_wconf 65' lang='lat' dir='ltr'><strong>quas</strong></span> <span class='ocrx_word' id='word_1_601' title='bbox 3158 4229 3388 4284; x_wconf 84' lang='lat' dir='ltr'><strong>inveniri</strong></span> <span class='ocrx_word' id='word_1_602' title='bbox 3432 4237 3695 4299; x_wconf 86' lang='lat' dir='ltr'><strong>possunt,</strong></span> 
     </span>
    </p>
   </div>
   <div class='ocr_carea' id='block_1_82' title="bbox 2119 4320 3702 4391">
    <p class='ocr_par' dir='ltr' id='par_1_82' title="bbox 2119 4320 3702 4391">
     <span class='ocr_line' id='line_1_82' title="bbox 2119 4320 3702 4391; baseline -0.006 -9"><span class='ocrx_word' id='word_1_603' title='bbox 2119 4339 2172 4382; x_wconf 88' lang='lat' dir='ltr'><strong>et</strong></span> <span class='ocrx_word' id='word_1_604' title='bbox 2195 4326 2461 4381; x_wconf 81' lang='lat' dir='ltr'><strong>invenies.</strong></span> <span class='ocrx_word' id='word_1_605' title='bbox 2494 4323 2551 4379; x_wconf 87' lang='lat' dir='ltr'><strong>Si</strong></span> <span class='ocrx_word' id='word_1_606' title='bbox 2582 4324 2726 4378; x_wconf 87' lang='lat' dir='ltr'><strong>enim</strong></span> <span class='ocrx_word' id='word_1_607' title='bbox 2750 4323 3050 4391; x_wconf 74' lang='lat' dir='ltr'><strong>qnmsieris,</strong></span> <span class='ocrx_word' id='word_1_608' title='bbox 3076 4337 3106 4376; x_wconf 86' lang='lat' dir='ltr'><strong>a</strong></span> <span class='ocrx_word' id='word_1_609' title='bbox 3140 4337 3246 4390; x_wconf 86' lang='lat' dir='ltr'><strong>quo</strong></span> <span class='ocrx_word' id='word_1_610' title='bbox 3274 4330 3426 4390; x_wconf 88' lang='lat' dir='ltr'><strong>potes</strong></span> <span class='ocrx_word' id='word_1_611' title='bbox 3452 4320 3702 4373; x_wconf 83' lang='lat' dir='ltr'><strong>discere?</strong></span> 
     </span>
    </p>
   </div>
   <div class='ocr_carea' id='block_1_83' title="bbox 408 4407 2015 4483">
    <p class='ocr_par' dir='ltr' id='par_1_83' title="bbox 408 4407 2015 4483">
     <span class='ocr_line' id='line_1_83' title="bbox 408 4407 2015 4483; baseline -0.002 -19"><span class='ocrx_word' id='word_1_612' title='bbox 408 4407 587 4483; x_wconf 73' lang='grc' dir='ltr'>’παρά</span> <span class='ocrx_word' id='word_1_613' title='bbox 621 4411 720 4482; x_wconf 78' lang='grc' dir='ltr'>τῆς</span> <span class='ocrx_word' id='word_1_614' title='bbox 749 4412 882 4479; x_wconf 78' lang='grc' dir='ltr'><strong>γῆς;</strong></span> <span class='ocrx_word' id='word_1_615' title='bbox 916 4410 1017 4480; x_wconf 75' lang='grc' dir='ltr'>οὐχ</span> <span class='ocrx_word' id='word_1_616' title='bbox 1047 4409 1332 4479; x_wconf 83' lang='grc' dir='ltr'>ὑφίστατο.</span> <span class='ocrx_word' id='word_1_617' title='bbox 1369 4408 1528 4479; x_wconf 85' lang='grc' dir='ltr'><strong>Παρά</strong></span> <span class='ocrx_word' id='word_1_618' title='bbox 1568 4407 1879 4477; x_wconf 79' lang='grc' dir='ltr'>θαλάσσης;</span> <span class='ocrx_word' id='word_1_619' title='bbox 1920 4410 2015 4460; x_wconf 71' lang='grc' dir='ltr'><strong>οὐ·</strong></span> 
     </span>
    </p>
   </div>
   <div class='ocr_carea' id='block_1_84' title="bbox 2120 4407 3697 4483">
    <p class='ocr_par' dir='ltr' id='par_1_84' title="bbox 2122 4413 3697 4473">
     <span class='ocr_line' id='line_1_84' title="bbox 2122 4413 3697 4473; baseline -0.004 -1"><span class='ocrx_word' id='word_1_620' title='bbox 2122 4435 2150 4472; x_wconf 86' lang='lat' dir='ltr'><strong>a</strong></span> <span class='ocrx_word' id='word_1_621' title='bbox 2184 4419 2498 4473; x_wconf 86' lang='lat' dir='ltr'><strong>terra?non</strong></span> <span class='ocrx_word' id='word_1_622' title='bbox 2546 4415 2892 4471; x_wconf 84' lang='lat' dir='ltr'><strong>subsistebat.</strong></span> <span class='ocrx_word' id='word_1_623' title='bbox 2943 4418 2988 4467; x_wconf 80' lang='grc' dir='ltr'><strong>Α</strong></span> <span class='ocrx_word' id='word_1_624' title='bbox 3018 4414 3196 4467; x_wconf 87' lang='lat' dir='ltr'><strong>mari?</strong></span> <span class='ocrx_word' id='word_1_625' title='bbox 3248 4413 3486 4467; x_wconf 90' lang='lat' dir='ltr'><strong>nondum</strong></span> <span class='ocrx_word' id='word_1_626' title='bbox 3539 4426 3697 4466; x_wconf 88' lang='lat' dir='ltr'><strong>crea-</strong></span> 
     </span>
    </p>
   </div>
   <div class='ocr_carea' id='block_1_85' title="bbox 432 4497 2015 4585">
    <p class='ocr_par' dir='ltr' id='par_1_85' title="bbox 432 4497 2015 4573">
     <span class='ocr_line' id='line_1_85' title="bbox 432 4497 2015 4573; baseline -0.003 -16"><span class='ocrx_word' id='word_1_627' title='bbox 432 4505 580 4558; x_wconf 85' lang='grc' dir='ltr'>δέπω</span> <span class='ocrx_word' id='word_1_628' title='bbox 630 4504 914 4556; x_wconf 78' lang='grc' dir='ltr'>ἐκέκτιστο</span> <span class='ocrx_word' id='word_1_629' title='bbox 963 4504 996 4571; x_wconf 82' lang='grc' dir='ltr'>ὴ</span> <span class='ocrx_word' id='word_1_630' title='bbox 1047 4502 1210 4572; x_wconf 82' lang='grc' dir='ltr'>ὑγρά.</span> <span class='ocrx_word' id='word_1_631' title='bbox 1265 4501 1424 4569; x_wconf 68' lang='grc' dir='ltr'>Παρὰ</span> <span class='ocrx_word' id='word_1_632' title='bbox 1476 4500 1744 4568; x_wconf 77' lang='grc' dir='ltr'>οὑρανοῦ;</span> <span class='ocrx_word' id='word_1_633' title='bbox 1798 4503 1897 4554; x_wconf 65' lang='grc' dir='ltr'>οὐκ</span> <span class='ocrx_word' id='word_1_634' title='bbox 1948 4497 2015 4573; x_wconf 85' lang='grc' dir='ltr'>ἦν</span> 
     </span>
    </p>
   </div>
   <div class='ocr_carea' id='block_1_86' title="bbox 2120 4497 3692 4585">
    <p class='ocr_par' dir='ltr' id='par_1_86' title="bbox 2120 4502 3692 4585">
     <span class='ocr_line' id='line_1_86' title="bbox 2120 4502 3692 4585; baseline -0.003 -24"><span class='ocrx_word' id='word_1_635' title='bbox 2120 4519 2231 4561; x_wconf 89' lang='grc' dir='ltr'>ιιιιιι</span> <span class='ocrx_word' id='word_1_636' title='bbox 2267 4507 2439 4561; x_wconf 81' lang='lat' dir='ltr'><strong>fuerat</strong></span> <span class='ocrx_word' id='word_1_637' title='bbox 2472 4523 2640 4585; x_wconf 54' lang='lat' dir='ltr'><strong>utare.</strong></span> <span class='ocrx_word' id='word_1_638' title='bbox 2705 4504 2960 4560; x_wconf 70' lang='lat' dir='ltr'><strong>Acmlo?</strong></span> <span class='ocrx_word' id='word_1_639' title='bbox 3008 4506 3242 4559; x_wconf 88' lang='lat' dir='ltr'><strong>nondum</strong></span> <span class='ocrx_word' id='word_1_640' title='bbox 3294 4512 3415 4557; x_wconf 88' lang='lat' dir='ltr'><strong>erat</strong></span> <span class='ocrx_word' id='word_1_641' title='bbox 3470 4502 3692 4557; x_wconf 78' lang='lat' dir='ltr'><strong>l&#39;aclmn.</strong></span> 
     </span>
    </p>
   </div>
   <div class='ocr_carea' id='block_1_87' title="bbox 434 4592 2015 4669">
    <p class='ocr_par' dir='ltr' id='par_1_87' title="bbox 434 4594 2015 4669">
     <span class='ocr_line' id='line_1_87' title="bbox 434 4594 2015 4669; baseline -0.001 -18"><span class='ocrx_word' id='word_1_642' title='bbox 434 4597 700 4669; x_wconf 80' lang='grc' dir='ltr'>ποιηθείς.</span> <span class='ocrx_word' id='word_1_643' title='bbox 733 4596 892 4667; x_wconf 86' lang='grc' dir='ltr'>Ποιρά</span> <span class='ocrx_word' id='word_1_644' title='bbox 919 4594 1073 4666; x_wconf 75' lang='grc' dir='ltr'>ἡλίου</span> <span class='ocrx_word' id='word_1_645' title='bbox 1103 4595 1201 4648; x_wconf 72' lang='grc' dir='ltr'><strong>καὶ</strong></span> <span class='ocrx_word' id='word_1_646' title='bbox 1230 4595 1464 4666; x_wconf 77' lang='grc' dir='ltr'>σελήνης</span> <span class='ocrx_word' id='word_1_647' title='bbox 1510 4595 1603 4647; x_wconf 79' lang='grc' dir='ltr'><strong>καὶ</strong></span> <span class='ocrx_word' id='word_1_648' title='bbox 1643 4594 1891 4664; x_wconf 58' lang='lat' dir='ltr'><strong>(inputa;</strong></span> <span class='ocrx_word' id='word_1_649' title='bbox 1926 4595 2015 4649; x_wconf 74' lang='grc' dir='ltr'>οὐ·</span> 
     </span>
    </p>
   </div>
   <div class='ocr_carea' id='block_1_88' title="bbox 2120 4592 3693 4669">
    <p class='ocr_par' dir='ltr' id='par_1_88' title="bbox 2120 4592 3693 4653">
     <span class='ocr_line' id='line_1_88' title="bbox 2120 4592 3693 4653; baseline -0.003 0"><span class='ocrx_word' id='word_1_650' title='bbox 2120 4600 2157 4653; x_wconf 80' lang='grc' dir='ltr'><strong>Α</strong></span> <span class='ocrx_word' id='word_1_651' title='bbox 2192 4600 2305 4652; x_wconf 85' lang='lat' dir='ltr'><strong>sole</strong></span> <span class='ocrx_word' id='word_1_652' title='bbox 2334 4607 2423 4650; x_wconf 89' lang='lat' dir='ltr'><strong>aut</strong></span> <span class='ocrx_word' id='word_1_653' title='bbox 2452 4598 2575 4650; x_wconf 84' lang='lat' dir='ltr'><strong>luna</strong></span> <span class='ocrx_word' id='word_1_654' title='bbox 2599 4597 2683 4648; x_wconf 78' lang='lat' dir='ltr'><strong>vel</strong></span> <span class='ocrx_word' id='word_1_655' title='bbox 2719 4595 2927 4651; x_wconf 83' lang='lat' dir='ltr'><strong>stellis?</strong></span> <span class='ocrx_word' id='word_1_656' title='bbox 2959 4594 3193 4647; x_wconf 81' lang='lat' dir='ltr'><strong>nendum</strong></span> <span class='ocrx_word' id='word_1_657' title='bbox 3221 4594 3434 4647; x_wconf 77' lang='lat' dir='ltr'><strong>fuerant</strong></span> <span class='ocrx_word' id='word_1_658' title='bbox 3456 4592 3693 4648; x_wconf 86' lang='lat' dir='ltr'><strong>condita.</strong></span> 
     </span>
    </p>
   </div>
   <div class='ocr_carea' id='block_1_89' title="bbox 433 4682 2015 4761">
    <p class='ocr_par' dir='ltr' id='par_1_89' title="bbox 433 4686 2015 4759">
     <span class='ocr_line' id='line_1_89' title="bbox 433 4686 2015 4759; baseline -0.004 -15"><span class='ocrx_word' id='word_1_659' title='bbox 433 4690 581 4744; x_wconf 81' lang='grc' dir='ltr'>δέπω</span> <span class='ocrx_word' id='word_1_660' title='bbox 602 4687 1083 4759; x_wconf 83' lang='grc' dir='ltr'>δεδημιούργηντο.</span> <span class='ocrx_word' id='word_1_661' title='bbox 1122 4687 1278 4757; x_wconf 87' lang='grc' dir='ltr'><strong>Παρά</strong></span> <span class='ocrx_word' id='word_1_662' title='bbox 1312 4686 1561 4755; x_wconf 82' lang='grc' dir='ltr'>ἀγγέλων</span> <span class='ocrx_word' id='word_1_663' title='bbox 1597 4687 1691 4739; x_wconf 76' lang='grc' dir='ltr'>καὶ</span> <span class='ocrx_word' id='word_1_664' title='bbox 1740 4687 2015 4759; x_wconf 79' lang='grc' dir='ltr'>ἀρχαγγέ-</span> 
     </span>
    </p>
   </div>
   <div class='ocr_carea' id='block_1_90' title="bbox 2120 4682 3700 4761">
    <p class='ocr_par' dir='ltr' id='par_1_90' title="bbox 2120 4682 3700 4761">
     <span class='ocr_line' id='line_1_90' title="bbox 2120 4682 3700 4761; baseline -0.008 -15"><span class='ocrx_word' id='word_1_665' title='bbox 2120 4693 2199 4746; x_wconf 84' lang='lat' dir='ltr'><strong>Ah</strong></span> <span class='ocrx_word' id='word_1_666' title='bbox 2246 4690 2452 4761; x_wconf 80' lang='lat' dir='ltr'><strong>angelis</strong></span> <span class='ocrx_word' id='word_1_667' title='bbox 2503 4698 2557 4742; x_wconf 90' lang='lat' dir='ltr'><strong>el</strong></span> <span class='ocrx_word' id='word_1_668' title='bbox 2593 4685 2975 4756; x_wconf 80' lang='lat' dir='ltr'><strong>archangelis?</strong></span> <span class='ocrx_word' id='word_1_669' title='bbox 3017 4685 3252 4740; x_wconf 91' lang='lat' dir='ltr'><strong>nondum</strong></span> <span class='ocrx_word' id='word_1_670' title='bbox 3282 4695 3474 4750; x_wconf 83' lang='lat' dir='ltr'><strong>erant;</strong></span> <span class='ocrx_word' id='word_1_671' title='bbox 3537 4682 3700 4751; x_wconf 87' lang='lat' dir='ltr'><strong>siqui-</strong></span> 
     </span>
    </p>
   </div>
   <div class='ocr_carea' id='block_1_91' title="bbox 435 4770 2015 4852">
    <p class='ocr_par' dir='ltr' id='par_1_91' title="bbox 435 4775 2015 4852">
     <span class='ocr_line' id='line_1_91' title="bbox 435 4775 2015 4852; baseline -0.004 -17"><span class='ocrx_word' id='word_1_672' title='bbox 435 4782 574 4849; x_wconf 75' lang='grc' dir='ltr'>λωνς</span> <span class='ocrx_word' id='word_1_673' title='bbox 613 4780 825 4834; x_wconf 82' lang='grc' dir='ltr'>οὐδέπω</span> <span class='ocrx_word' id='word_1_674' title='bbox 870 4775 1031 4852; x_wconf 84' lang='grc' dir='ltr'>ἦσαν,</span> <span class='ocrx_word' id='word_1_675' title='bbox 1071 4778 1305 4849; x_wconf 74' lang='grc' dir='ltr'>ἐπείπερ</span> <span class='ocrx_word' id='word_1_676' title='bbox 1345 4778 1438 4830; x_wconf 76' lang='grc' dir='ltr'><strong>καὶ</strong></span> <span class='ocrx_word' id='word_1_677' title='bbox 1489 4777 1670 4830; x_wconf 79' lang='grc' dir='ltr'>αὐτῶν</span> <span class='ocrx_word' id='word_1_678' title='bbox 1719 4778 1949 4848; x_wconf 77' lang='grc' dir='ltr'>ποιητὴς</span> <span class='ocrx_word' id='word_1_679' title='bbox 1984 4777 2015 4829; x_wconf 87' lang='lat'><strong>6</strong></span> 
     </span>
    </p>
   </div>
   <div class='ocr_carea' id='block_1_92' title="bbox 2120 4770 3701 4852">
    <p class='ocr_par' dir='ltr' id='par_1_92' title="bbox 2120 4770 3701 4851">
     <span class='ocr_line' id='line_1_92' title="bbox 2120 4770 3701 4851; baseline -0.006 -13"><span class='ocrx_word' id='word_1_680' title='bbox 2120 4786 2234 4838; x_wconf 85' lang='lat' dir='ltr'><strong>dem</strong></span> <span class='ocrx_word' id='word_1_681' title='bbox 2261 4792 2317 4838; x_wconf 88' lang='lat' dir='ltr'><strong>et</strong></span> <span class='ocrx_word' id='word_1_682' title='bbox 2363 4782 2600 4851; x_wconf 87' lang='lat' dir='ltr'><strong>ipsorum</strong></span> <span class='ocrx_word' id='word_1_683' title='bbox 2651 4770 2824 4833; x_wconf 65' lang='lat' dir='ltr'><strong>fa’ctor</strong></span> <span class='ocrx_word' id='word_1_684' title='bbox 2848 4788 2935 4832; x_wconf 89' lang='lat' dir='ltr'><strong>cst</strong></span> <span class='ocrx_word' id='word_1_685' title='bbox 2988 4777 3177 4832; x_wconf 90' lang='lat' dir='ltr'><strong>Filius.</strong></span> <span class='ocrx_word' id='word_1_686' title='bbox 3240 4777 3346 4831; x_wconf 86' lang='lat' dir='ltr'><strong>Sed</strong></span> <span class='ocrx_word' id='word_1_687' title='bbox 3380 4793 3407 4830; x_wconf 91' lang='lat' dir='ltr'><strong>a</strong></span> <span class='ocrx_word' id='word_1_688' title='bbox 3444 4774 3701 4831; x_wconf 71' lang='lat' dir='ltr'><strong>saeculis?</strong></span> 
     </span>
    </p>
   </div>
   <div class='ocr_carea' id='block_1_93' title="bbox 440 4867 2015 4944">
    <p class='ocr_par' dir='ltr' id='par_1_93' title="bbox 440 4867 2009 4943">
     <span class='ocr_line' id='line_1_93' title="bbox 440 4867 2009 4943; baseline -0.002 -19"><span class='ocrx_word' id='word_1_689' title='bbox 440 4873 585 4937; x_wconf 75' lang='grc' dir='ltr'>Υἱός.</span> <span class='ocrx_word' id='word_1_690' title='bbox 604 4871 766 4927; x_wconf 84' lang='grc' dir='ltr'>Ἀλλὰ</span> <span class='ocrx_word' id='word_1_691' title='bbox 795 4872 949 4943; x_wconf 86' lang='grc' dir='ltr'><strong>παρά</strong></span> <span class='ocrx_word' id='word_1_692' title='bbox 980 4870 1228 4935; x_wconf 82' lang='grc' dir='ltr'>αἱώνων;</span> <span class='ocrx_word' id='word_1_693' title='bbox 1262 4869 1368 4939; x_wconf 78' lang='grc' dir='ltr'><strong>πρὸ</strong></span> <span class='ocrx_word' id='word_1_694' title='bbox 1390 4867 1605 4921; x_wconf 83' lang='grc' dir='ltr'>αἰώνων</span> <span class='ocrx_word' id='word_1_695' title='bbox 1626 4871 1654 4921; x_wconf 85' lang='grc' dir='ltr'>ὁ</span> <span class='ocrx_word' id='word_1_696' title='bbox 1680 4870 2009 4938; x_wconf 77' lang='grc' dir='ltr'>Μονογενής.</span> 
     </span>
    </p>
   </div>
   <div class='ocr_carea' id='block_1_94' title="bbox 2120 4867 3700 4944">
    <p class='ocr_par' dir='ltr' id='par_1_94' title="bbox 2121 4869 3700 4944">
     <span class='ocr_line' id='line_1_94' title="bbox 2121 4869 3700 4944; baseline -0.004 -17"><span class='ocrx_word' id='word_1_697' title='bbox 2121 4876 2235 4944; x_wconf 86' lang='lat' dir='ltr'><strong>ipse</strong></span> <span class='ocrx_word' id='word_1_698' title='bbox 2264 4886 2388 4929; x_wconf 91' lang='lat' dir='ltr'><strong>ante</strong></span> <span class='ocrx_word' id='word_1_699' title='bbox 2418 4871 2610 4926; x_wconf 70' lang='lat' dir='ltr'><strong>saecula</strong></span> <span class='ocrx_word' id='word_1_700' title='bbox 2645 4870 2976 4941; x_wconf 80' lang='lat' dir='ltr'><strong>unigenitus.</strong></span> <span class='ocrx_word' id='word_1_701' title='bbox 3028 4869 3105 4924; x_wconf 82' lang='lat' dir='ltr'><strong>Ne</strong></span> <span class='ocrx_word' id='word_1_702' title='bbox 3132 4869 3294 4938; x_wconf 76' lang='lat' dir='ltr'><strong>igitur</strong></span> <span class='ocrx_word' id='word_1_703' title='bbox 3316 4883 3527 4936; x_wconf 77' lang='lat' dir='ltr'><strong>quaeras</strong></span> <span class='ocrx_word' id='word_1_704' title='bbox 3581 4881 3700 4934; x_wconf 67' lang='lat' dir='ltr'><strong>qum</strong></span> 
     </span>
    </p>
   </div>
   <div class='ocr_carea' id='block_1_95' title="bbox 434 4958 2015 5036">
    <p class='ocr_par' dir='ltr' id='par_1_95' title="bbox 434 4958 2015 5036">
     <span class='ocr_line' id='line_1_95' title="bbox 434 4958 2015 5036; baseline -0.003 -18"><span class='ocrx_word' id='word_1_705' title='bbox 434 4966 526 5036; x_wconf 83' lang='grc' dir='ltr'>Μὴ</span> <span class='ocrx_word' id='word_1_706' title='bbox 560 4963 781 5029; x_wconf 74' lang='grc' dir='ltr'>ἐξέταζε</span> <span class='ocrx_word' id='word_1_707' title='bbox 811 4965 880 5017; x_wconf 85' lang='grc' dir='ltr'>τὰ</span> <span class='ocrx_word' id='word_1_708' title='bbox 913 4962 987 5034; x_wconf 75' lang='grc' dir='ltr'>μὴ</span> <span class='ocrx_word' id='word_1_709' title='bbox 1011 4964 1098 5015; x_wconf 69' lang='grc' dir='ltr'>ἀεὶ</span> <span class='ocrx_word' id='word_1_710' title='bbox 1119 4962 1250 5015; x_wconf 83' lang='grc' dir='ltr'>ὅντα</span> <span class='ocrx_word' id='word_1_711' title='bbox 1294 4961 1425 5030; x_wconf 81' lang='grc' dir='ltr'>περὶ</span> <span class='ocrx_word' id='word_1_712' title='bbox 1444 4958 1536 5012; x_wconf 82' lang='grc' dir='ltr'>τοῦ</span> <span class='ocrx_word' id='word_1_713' title='bbox 1562 4960 1648 5012; x_wconf 78' lang='grc' dir='ltr'><strong>ἀεὶ</strong></span> <span class='ocrx_word' id='word_1_714' title='bbox 1673 4958 1844 5022; x_wconf 79' lang='grc' dir='ltr'>ὄντος.</span> <span class='ocrx_word' id='word_1_715' title='bbox 1881 4960 2015 5031; x_wconf 77' lang='grc' dir='ltr'><strong>Ἃρο</strong></span> 
     </span>
    </p>
   </div>
   <div class='ocr_carea' id='block_1_96' title="bbox 436 5053 2015 5129">
    <p class='ocr_par' dir='ltr' id='par_1_96' title="bbox 436 5053 2015 5129">
     <span class='ocr_line' id='line_1_96' title="bbox 436 5053 2015 5129; baseline -0.003 -19"><span class='ocrx_word' id='word_1_716' title='bbox 436 5060 618 5129; x_wconf 81' lang='grc' dir='ltr'>ρητος,</span> <span class='ocrx_word' id='word_1_717' title='bbox 662 5056 958 5127; x_wconf 78' lang='grc' dir='ltr'>ἀγέννητος</span> <span class='ocrx_word' id='word_1_718' title='bbox 1001 5055 1031 5106; x_wconf 88' lang='lat'><strong>6</strong></span> <span class='ocrx_word' id='word_1_719' title='bbox 1072 5055 1302 5125; x_wconf 78' lang='grc' dir='ltr'>ΙΙατήρ’</span> <span class='ocrx_word' id='word_1_720' title='bbox 1337 5053 1594 5124; x_wconf 77' lang='grc' dir='ltr'>ἄρῥητος,</span> <span class='ocrx_word' id='word_1_721' title='bbox 1628 5054 1882 5123; x_wconf 72' lang='grc' dir='ltr'>ὰῤῥήτως</span> <span class='ocrx_word' id='word_1_722' title='bbox 1924 5069 2015 5120; x_wconf 81' lang='grc' dir='ltr'>γε·</span> 
     </span>
    </p>
   </div>
   <div class='ocr_carea' id='block_1_97' title="bbox 434 5142 2011 5216">
    <p class='ocr_par' dir='ltr' id='par_1_97' title="bbox 434 5142 2011 5216">
     <span class='ocr_line' id='line_1_97' title="bbox 434 5142 2011 5216; baseline -0.003 -17"><span class='ocrx_word' id='word_1_723' title='bbox 434 5164 592 5214; x_wconf 77' lang='grc' dir='ltr'>γεννη</span> <span class='ocrx_word' id='word_1_724' title='bbox 605 5146 764 5216; x_wconf 85' lang='grc' dir='ltr'>μένος</span> <span class='ocrx_word' id='word_1_725' title='bbox 791 5146 851 5211; x_wconf 81' lang='grc' dir='ltr'>ἐξ</span> <span class='ocrx_word' id='word_1_726' title='bbox 876 5145 1042 5200; x_wconf 77' lang='grc' dir='ltr'>αὑτοῦ</span> <span class='ocrx_word' id='word_1_727' title='bbox 1070 5147 1102 5198; x_wconf 93' lang='lat'><strong>6</strong></span> <span class='ocrx_word' id='word_1_728' title='bbox 1126 5145 1277 5208; x_wconf 76' lang='grc' dir='ltr'>Υἱός,</span> <span class='ocrx_word' id='word_1_729' title='bbox 1299 5143 1583 5214; x_wconf 80' lang='grc' dir='ltr'>Σιώπησον</span> <span class='ocrx_word' id='word_1_730' title='bbox 1608 5146 1735 5213; x_wconf 71' lang='grc' dir='ltr'>περὶ</span> <span class='ocrx_word' id='word_1_731' title='bbox 1756 5142 1848 5196; x_wconf 80' lang='grc' dir='ltr'>τοῦ</span> <span class='ocrx_word' id='word_1_732' title='bbox 1875 5143 2011 5208; x_wconf 77' lang='grc' dir='ltr'>πῶς,</span> 
     </span>
    </p>
   </div>
   <div class='ocr_carea' id='block_1_98' title="bbox 435 5233 2013 5308">
    <p class='ocr_par' dir='ltr' id='par_1_98' title="bbox 435 5233 2013 5308">
     <span class='ocr_line' id='line_1_98' title="bbox 435 5233 2013 5308; baseline -0.001 -19"><span class='ocrx_word' id='word_1_733' title='bbox 435 5239 526 5289; x_wconf 64' lang='grc' dir='ltr'><strong>καὶ</strong></span> <span class='ocrx_word' id='word_1_734' title='bbox 557 5236 881 5308; x_wconf 83' lang='grc' dir='ltr'>παραχώρει</span> <span class='ocrx_word' id='word_1_735' title='bbox 909 5236 1070 5290; x_wconf 77' lang='grc' dir='ltr'>τοῦτο</span> <span class='ocrx_word' id='word_1_736' title='bbox 1092 5234 1167 5305; x_wconf 84' lang='grc' dir='ltr'>τῷ</span> <span class='ocrx_word' id='word_1_737' title='bbox 1198 5235 1576 5305; x_wconf 80' lang='grc' dir='ltr'>γεγεννηκότι,</span> <span class='ocrx_word' id='word_1_738' title='bbox 1607 5235 1701 5286; x_wconf 73' lang='grc' dir='ltr'><strong>καὶ</strong></span> <span class='ocrx_word' id='word_1_739' title='bbox 1724 5233 1804 5303; x_wconf 83' lang='grc' dir='ltr'><strong>τῷ</strong></span> <span class='ocrx_word' id='word_1_740' title='bbox 1822 5251 2013 5303; x_wconf 80' lang='grc' dir='ltr'>γεγενο</span> 
     </span>
    </p>
   </div>
   <div class='ocr_carea' id='block_1_99' title="bbox 435 5326 2015 5400">
    <p class='ocr_par' dir='ltr' id='par_1_99' title="bbox 435 5326 2015 5400">
     <span class='ocr_line' id='line_1_99' title="bbox 435 5326 2015 5400; baseline -0.001 -18"><span class='ocrx_word' id='word_1_741' title='bbox 435 5330 674 5400; x_wconf 83' lang='grc' dir='ltr'>νημένῳ.</span> <span class='ocrx_word' id='word_1_742' title='bbox 712 5330 770 5383; x_wconf 88' lang='lat'><strong>&#39;0</strong></span> <span class='ocrx_word' id='word_1_743' title='bbox 798 5331 906 5400; x_wconf 71' lang='grc' dir='ltr'><strong>γὰρ</strong></span> <span class='ocrx_word' id='word_1_744' title='bbox 939 5329 1127 5399; x_wconf 76' lang='grc' dir='ltr'>Πατὴρ</span> <span class='ocrx_word' id='word_1_745' title='bbox 1160 5329 1320 5398; x_wconf 85' lang='grc' dir='ltr'>μόνος</span> <span class='ocrx_word' id='word_1_746' title='bbox 1347 5326 1608 5395; x_wconf 86' lang='grc' dir='ltr'>γινώσκει</span> <span class='ocrx_word' id='word_1_747' title='bbox 1639 5326 1729 5380; x_wconf 84' lang='grc' dir='ltr'><strong>τὸν</strong></span> <span class='ocrx_word' id='word_1_748' title='bbox 1784 5327 1908 5380; x_wconf 74' lang='grc' dir='ltr'>Υἱδν</span> <span class='ocrx_word' id='word_1_749' title='bbox 1930 5327 2015 5391; x_wconf 86' lang='grc' dir='ltr'><strong>τίς</strong></span> 
     </span>
    </p>
   </div>
   <div class='ocr_carea' id='block_1_100' title="bbox 436 5412 2016 5490">
    <p class='ocr_par' dir='ltr' id='par_1_100' title="bbox 436 5412 2016 5490">
     <span class='ocr_line' id='line_1_100' title="bbox 436 5412 2016 5490; baseline 0.003 -20"><span class='ocrx_word' id='word_1_750' title='bbox 436 5421 572 5485; x_wconf 80' lang='grc' dir='ltr'>ἐστι,</span> <span class='ocrx_word' id='word_1_751' title='bbox 608 5421 701 5474; x_wconf 73' lang='grc' dir='ltr'><strong>καὶ</strong></span> <span class='ocrx_word' id='word_1_752' title='bbox 734 5423 761 5474; x_wconf 82' lang='grc' dir='ltr'><strong>ὁ</strong></span> <span class='ocrx_word' id='word_1_753' title='bbox 782 5421 908 5485; x_wconf 76' lang='grc' dir='ltr'>Υἱὸς</span> <span class='ocrx_word' id='word_1_754' title='bbox 941 5421 1031 5474; x_wconf 76' lang='grc' dir='ltr'><strong>τὸν</strong></span> <span class='ocrx_word' id='word_1_755' title='bbox 1075 5420 1314 5490; x_wconf 83' lang='grc' dir='ltr'>Πατέρα,</span> <span class='ocrx_word' id='word_1_756' title='bbox 1347 5421 1441 5472; x_wconf 64' lang='lat' dir='ltr'><strong>vat&quot;.</strong></span> <span class='ocrx_word' id='word_1_757' title='bbox 1485 5412 1529 5485; x_wconf 75' lang='grc' dir='ltr'>ᾧ</span> <span class='ocrx_word' id='word_1_758' title='bbox 1571 5419 1663 5471; x_wconf 82' lang='grc' dir='ltr'>ἐὰν</span> <span class='ocrx_word' id='word_1_759' title='bbox 1701 5418 1959 5489; x_wconf 76' lang='grc' dir='ltr'>βούληται</span> <span class='ocrx_word' id='word_1_760' title='bbox 1988 5423 2016 5474; x_wconf 83' lang='grc' dir='ltr'><strong>ὁ</strong></span> 
     </span>
    </p>
   </div>
   <div class='ocr_carea' id='block_1_101' title="bbox 439 5508 2010 5582">
    <p class='ocr_par' dir='ltr' id='par_1_101' title="bbox 439 5508 2010 5582">
     <span class='ocr_line' id='line_1_101' title="bbox 439 5508 2010 5582; baseline -0.001 -18"><span class='ocrx_word' id='word_1_761' title='bbox 439 5508 562 5574; x_wconf 84' lang='grc' dir='ltr'>Υἱὸς</span> <span class='ocrx_word' id='word_1_762' title='bbox 588 5511 958 5581; x_wconf 73' lang='grc' dir='ltr'>ἀποκαλύψαι,</span> <span class='ocrx_word' id='word_1_763' title='bbox 997 5511 1144 5564; x_wconf 75' lang='grc' dir='ltr'>καθά</span> <span class='ocrx_word' id='word_1_764' title='bbox 1173 5527 1307 5582; x_wconf 75' lang='grc' dir='ltr'>φησι</span> <span class='ocrx_word' id='word_1_765' title='bbox 1349 5510 1409 5562; x_wconf 76' lang='grc' dir='ltr'>τὸ</span> <span class='ocrx_word' id='word_1_766' title='bbox 1440 5510 1771 5578; x_wconf 81' lang='grc' dir='ltr'>Εὑαγγέλιον</span> <span class='ocrx_word' id='word_1_767' title='bbox 1828 5509 2010 5563; x_wconf 62' lang='grc' dir='ltr'>αὑτοῦ.</span> 
     </span>
    </p>
   </div>
   <div class='ocr_carea' id='block_1_102' title="bbox 437 5599 2015 5672">
    <p class='ocr_par' dir='ltr' id='par_1_102' title="bbox 437 5599 2015 5672">
     <span class='ocr_line' id='line_1_102' title="bbox 437 5599 2015 5672; baseline 0.002 -20"><span class='ocrx_word' id='word_1_768' title='bbox 437 5600 501 5653; x_wconf 75' lang='grc' dir='ltr'><strong>Εἰ</strong></span> <span class='ocrx_word' id='word_1_769' title='bbox 525 5603 578 5654; x_wconf 82' lang='grc' dir='ltr'><strong>δὲ</strong></span> <span class='ocrx_word' id='word_1_770' title='bbox 610 5601 685 5671; x_wconf 80' lang='grc' dir='ltr'>μὴ</span> <span class='ocrx_word' id='word_1_771' title='bbox 719 5601 877 5672; x_wconf 77' lang='grc' dir='ltr'>θέλῃς</span> <span class='ocrx_word' id='word_1_772' title='bbox 903 5601 1216 5656; x_wconf 77' lang='grc' dir='ltr'>παύσασθαι</span> <span class='ocrx_word' id='word_1_773' title='bbox 1262 5600 1320 5652; x_wconf 69' lang='grc' dir='ltr'>τὸ</span> <span class='ocrx_word' id='word_1_774' title='bbox 1351 5599 1488 5664; x_wconf 78' lang='grc' dir='ltr'>πῶς,</span> <span class='ocrx_word' id='word_1_775' title='bbox 1520 5601 1654 5655; x_wconf 81' lang='grc' dir='ltr'>ἀλλὰ</span> <span class='ocrx_word' id='word_1_776' title='bbox 1692 5600 2015 5670; x_wconf 70' lang='grc' dir='ltr'>φιλοοεικείς</span> 
     </span>
    </p>
   </div>
   <div class='ocr_carea' id='block_1_103' title="bbox 511 5777 1552 5847">
    <p class='ocr_par' dir='ltr' id='par_1_103' title="bbox 511 5777 1552 5847">
     <span class='ocr_line' id='line_1_103' title="bbox 511 5777 1552 5847; baseline 0 -15"><span class='ocrx_word' id='word_1_777' title='bbox 511 5780 557 5812; x_wconf 56' lang='grc' dir='ltr'>ἰδ</span> <span class='ocrx_word' id='word_1_778' title='bbox 586 5781 726 5833; x_wconf 74' lang='lat' dir='ltr'><strong>l‘sal.</strong></span> <span class='ocrx_word' id='word_1_779' title='bbox 758 5796 926 5847; x_wconf 64' lang='grc' dir='ltr'>χχχιι,</span> <span class='ocrx_word' id='word_1_780' title='bbox 951 5780 1004 5834; x_wconf 80' lang='lat'><em>6.</em></span> <span class='ocrx_word' id='word_1_781' title='bbox 1083 5779 1129 5811; x_wconf 78' lang='grc'>⁸⁸</span> <span class='ocrx_word' id='word_1_782' title='bbox 1154 5777 1343 5833; x_wconf 80' lang='lat' dir='ltr'><strong>Matth.</strong></span> <span class='ocrx_word' id='word_1_783' title='bbox 1377 5793 1434 5844; x_wconf 88' lang='lat' dir='ltr'><strong>ll,</strong></span> <span class='ocrx_word' id='word_1_784' title='bbox 1463 5778 1552 5832; x_wconf 73' lang='grc'><strong>27.</strong></span> 
     </span>
    </p>
   </div>
   <div class='ocr_carea' id='block_1_104' title="bbox 2123 4955 3697 5030">
    <p class='ocr_par' dir='ltr' id='par_1_104' title="bbox 2123 4955 3697 5030">
     <span class='ocr_line' id='line_1_104' title="bbox 2123 4955 3697 5030; baseline -0.003 -17"><span class='ocrx_word' id='word_1_785' title='bbox 2123 4977 2227 5015; x_wconf 91' lang='lat' dir='ltr'><strong>non</strong></span> <span class='ocrx_word' id='word_1_786' title='bbox 2305 4974 2518 5027; x_wconf 83' lang='lat' dir='ltr'><strong>semper</strong></span> <span class='ocrx_word' id='word_1_787' title='bbox 2577 4959 2819 5023; x_wconf 79' lang='lat' dir='ltr'><strong>fuerunt,</strong></span> <span class='ocrx_word' id='word_1_788' title='bbox 2884 4958 2949 5012; x_wconf 90' lang='lat' dir='ltr'><strong>de</strong></span> <span class='ocrx_word' id='word_1_789' title='bbox 2997 4972 3062 5012; x_wconf 92' lang='lat' dir='ltr'><strong>eo</strong></span> <span class='ocrx_word' id='word_1_790' title='bbox 3104 4958 3246 5030; x_wconf 88' lang='lat' dir='ltr'><strong>quod</strong></span> <span class='ocrx_word' id='word_1_791' title='bbox 3291 4971 3504 5025; x_wconf 85' lang='lat' dir='ltr'><strong>semper</strong></span> <span class='ocrx_word' id='word_1_792' title='bbox 3576 4955 3697 5009; x_wconf 84' lang='lat' dir='ltr'><strong>fuit.</strong></span> 
     </span>
    </p>
   </div>
   <div class='ocr_carea' id='block_1_105' title="bbox 2122 5045 3696 5121">
    <p class='ocr_par' dir='ltr' id='par_1_105' title="bbox 2122 5045 3696 5121">
     <span class='ocr_line' id='line_1_105' title="bbox 2122 5045 3696 5121; baseline -0.005 -15"><span class='ocrx_word' id='word_1_793' title='bbox 2122 5051 2409 5108; x_wconf 77' lang='lat' dir='ltr'><strong>lneﬂ‘abilis</strong></span> <span class='ocrx_word' id='word_1_794' title='bbox 2432 5061 2486 5106; x_wconf 91' lang='lat' dir='ltr'><strong>et</strong></span> <span class='ocrx_word' id='word_1_795' title='bbox 2518 5051 2788 5121; x_wconf 82' lang='lat' dir='ltr'><strong>ingenitus</strong></span> <span class='ocrx_word' id='word_1_796' title='bbox 2810 5061 2891 5105; x_wconf 91' lang='lat' dir='ltr'><strong>est</strong></span> <span class='ocrx_word' id='word_1_797' title='bbox 2914 5049 3093 5111; x_wconf 86' lang='lat' dir='ltr'><strong>Pater,</strong></span> <span class='ocrx_word' id='word_1_798' title='bbox 3115 5045 3402 5102; x_wconf 70' lang='lat' dir='ltr'><strong>ineﬂ&#39;abilis</strong></span> <span class='ocrx_word' id='word_1_799' title='bbox 3434 5056 3515 5101; x_wconf 87' lang='lat' dir='ltr'><strong>est</strong></span> <span class='ocrx_word' id='word_1_800' title='bbox 3546 5056 3600 5100; x_wconf 87' lang='lat' dir='ltr'><strong>et</strong></span> <span class='ocrx_word' id='word_1_801' title='bbox 3631 5059 3696 5099; x_wconf 80' lang='lat' dir='ltr'><strong>ex</strong></span> 
     </span>
    </p>
   </div>
   <div class='ocr_carea' id='block_1_106' title="bbox 2121 5134 3696 5210">
    <p class='ocr_par' dir='ltr' id='par_1_106' title="bbox 2121 5134 3696 5210">
     <span class='ocr_line' id='line_1_106' title="bbox 2121 5134 3696 5210; baseline -0.009 -11"><span class='ocrx_word' id='word_1_802' title='bbox 2121 5159 2187 5199; x_wconf 88' lang='lat' dir='ltr'><strong>eo</strong></span> <span class='ocrx_word' id='word_1_803' title='bbox 2218 5143 2564 5200; x_wconf 81' lang='lat' dir='ltr'><strong>inel&#39;l&#39;abiliter</strong></span> <span class='ocrx_word' id='word_1_804' title='bbox 2601 5143 2814 5210; x_wconf 80' lang='lat' dir='ltr'><strong>genitus</strong></span> <span class='ocrx_word' id='word_1_805' title='bbox 2836 5140 3025 5195; x_wconf 89' lang='lat' dir='ltr'><strong>Filius.</strong></span> <span class='ocrx_word' id='word_1_806' title='bbox 3084 5138 3290 5193; x_wconf 82' lang='lat' dir='ltr'><strong>Taceas</strong></span> <span class='ocrx_word' id='word_1_807' title='bbox 3321 5152 3451 5206; x_wconf 75' lang='lat' dir='ltr'><strong>ergo</strong></span> <span class='ocrx_word' id='word_1_808' title='bbox 3493 5138 3559 5189; x_wconf 88' lang='lat' dir='ltr'><strong>de</strong></span> <span class='ocrx_word' id='word_1_809' title='bbox 3589 5134 3696 5200; x_wconf 80' lang='lat' dir='ltr'><strong>illo,</strong></span> 
     </span>
    </p>
   </div>
   <div class='ocr_carea' id='block_1_107' title="bbox 2122 5224 3698 5305">
    <p class='ocr_par' dir='ltr' id='par_1_107' title="bbox 2122 5224 3698 5305">
     <span class='ocr_line' id='line_1_107' title="bbox 2122 5224 3698 5305; baseline -0.007 -17"><span class='ocrx_word' id='word_1_810' title='bbox 2122 5233 2413 5305; x_wconf 86' lang='lat' dir='ltr'><strong>quomodo,</strong></span> <span class='ocrx_word' id='word_1_811' title='bbox 2438 5240 2492 5286; x_wconf 90' lang='lat' dir='ltr'><strong>ct</strong></span> <span class='ocrx_word' id='word_1_812' title='bbox 2519 5231 2786 5285; x_wconf 81' lang='lat' dir='ltr'><strong>concedas</strong></span> <span class='ocrx_word' id='word_1_813' title='bbox 2816 5230 2917 5284; x_wconf 88' lang='lat' dir='ltr'><strong>hoc</strong></span> <span class='ocrx_word' id='word_1_814' title='bbox 2945 5229 2992 5281; x_wconf 91' lang='lat' dir='ltr'><strong>ci</strong></span> <span class='ocrx_word' id='word_1_815' title='bbox 3022 5229 3111 5296; x_wconf 91' lang='lat' dir='ltr'><strong>qui</strong></span> <span class='ocrx_word' id='word_1_816' title='bbox 3141 5226 3346 5297; x_wconf 79' lang='lat' dir='ltr'><strong>genuit,</strong></span> <span class='ocrx_word' id='word_1_817' title='bbox 3397 5234 3452 5279; x_wconf 91' lang='lat' dir='ltr'><strong>et</strong></span> <span class='ocrx_word' id='word_1_818' title='bbox 3497 5224 3698 5293; x_wconf 81' lang='lat' dir='ltr'><strong>genito.</strong></span> 
     </span>
    </p>
   </div>
   <div class='ocr_carea' id='block_1_108' title="bbox 2126 5314 3702 5392">
    <p class='ocr_par' dir='ltr' id='par_1_108' title="bbox 2126 5314 3702 5392">
     <span class='ocr_line' id='line_1_108' title="bbox 2126 5314 3702 5392; baseline -0.007 -11"><span class='ocrx_word' id='word_1_819' title='bbox 2126 5327 2286 5381; x_wconf 87' lang='lat' dir='ltr'><strong>Pater</strong></span> <span class='ocrx_word' id='word_1_820' title='bbox 2308 5326 2450 5379; x_wconf 88' lang='lat' dir='ltr'><strong>enim</strong></span> <span class='ocrx_word' id='word_1_821' title='bbox 2473 5323 2622 5378; x_wconf 87' lang='lat' dir='ltr'><strong>solus</strong></span> <span class='ocrx_word' id='word_1_822' title='bbox 2651 5322 2895 5392; x_wconf 82' lang='lat' dir='ltr'><strong>agnoscit</strong></span> <span class='ocrx_word' id='word_1_823' title='bbox 2952 5318 3149 5373; x_wconf 89' lang='lat' dir='ltr'><strong>Filium</strong></span> <span class='ocrx_word' id='word_1_824' title='bbox 3190 5319 3277 5385; x_wconf 86' lang='lat' dir='ltr'><strong>qui</strong></span> <span class='ocrx_word' id='word_1_825' title='bbox 3313 5324 3415 5378; x_wconf 85' lang='lat' dir='ltr'><strong>est,</strong></span> <span class='ocrx_word' id='word_1_826' title='bbox 3441 5326 3494 5369; x_wconf 89' lang='lat' dir='ltr'><strong>et</strong></span> <span class='ocrx_word' id='word_1_827' title='bbox 3531 5314 3702 5370; x_wconf 86' lang='lat' dir='ltr'><strong>Filius</strong></span> 
     </span>
    </p>
   </div>
   <div class='ocr_carea' id='block_1_109' title="bbox 2125 5408 3700 5481">
    <p class='ocr_par' dir='ltr' id='par_1_109' title="bbox 2125 5408 3700 5481">
     <span class='ocr_line' id='line_1_109' title="bbox 2125 5408 3700 5481; baseline -0.008 -9"><span class='ocrx_word' id='word_1_828' title='bbox 2125 5416 2358 5481; x_wconf 78' lang='lat' dir='ltr'><strong>Patrem,</strong></span> <span class='ocrx_word' id='word_1_829' title='bbox 2385 5426 2441 5470; x_wconf 87' lang='lat' dir='ltr'><strong>ct</strong></span> <span class='ocrx_word' id='word_1_830' title='bbox 2481 5416 2567 5470; x_wconf 93' lang='lat' dir='ltr'><strong>cui</strong></span> <span class='ocrx_word' id='word_1_831' title='bbox 2595 5415 2827 5469; x_wconf 91' lang='lat' dir='ltr'><strong>voluerit</strong></span> <span class='ocrx_word' id='word_1_832' title='bbox 2857 5413 3025 5468; x_wconf 80' lang='lat' dir='ltr'><strong>Filius</strong></span> <span class='ocrx_word' id='word_1_833' title='bbox 3056 5411 3296 5466; x_wconf 81' lang='lat' dir='ltr'><strong>revelare</strong></span> <span class='ocrx_word' id='word_1_834' title='bbox 3318 5408 3387 5473; x_wconf 80' lang='grc'>⁸⁸,</span> <span class='ocrx_word' id='word_1_835' title='bbox 3418 5416 3475 5461; x_wconf 88' lang='grc' dir='ltr'><strong>ιιι</strong></span> <span class='ocrx_word' id='word_1_836' title='bbox 3503 5409 3577 5459; x_wconf 88' lang='lat' dir='ltr'><strong>ait</strong></span> <span class='ocrx_word' id='word_1_837' title='bbox 3617 5409 3700 5475; x_wconf 82' lang='lat' dir='ltr'><strong>ip-</strong></span> 
     </span>
    </p>
   </div>
   <div class='ocr_carea' id='block_1_110' title="bbox 2124 5500 3678 5577">
    <p class='ocr_par' dir='ltr' id='par_1_110' title="bbox 2124 5500 3678 5577">
     <span class='ocr_line' id='line_1_110' title="bbox 2124 5500 3678 5577; baseline -0.006 -15"><span class='ocrx_word' id='word_1_838' title='bbox 2124 5510 2236 5566; x_wconf 73' lang='lat' dir='ltr'><strong>sius</strong></span> <span class='ocrx_word' id='word_1_839' title='bbox 2271 5509 2648 5577; x_wconf 78' lang='lat' dir='ltr'><strong>Evangeliutn.</strong></span> <span class='ocrx_word' id='word_1_840' title='bbox 2705 5505 2761 5562; x_wconf 90' lang='lat' dir='ltr'><strong>Si</strong></span> <span class='ocrx_word' id='word_1_841' title='bbox 2795 5518 3107 5562; x_wconf 85' lang='lat' dir='ltr'><strong>autemnon</strong></span> <span class='ocrx_word' id='word_1_842' title='bbox 3159 5504 3239 5557; x_wconf 85' lang='lat' dir='ltr'><strong>vis</strong></span> <span class='ocrx_word' id='word_1_843' title='bbox 3293 5516 3510 5558; x_wconf 86' lang='lat' dir='ltr'><strong>cessare</strong></span> <span class='ocrx_word' id='word_1_844' title='bbox 3552 5500 3678 5554; x_wconf 87' lang='lat' dir='ltr'><strong>illttd</strong></span> 
     </span>
    </p>
   </div>
   <div class='ocr_carea' id='block_1_111' title="bbox 2094 5593 3701 5670">
    <p class='ocr_par' dir='ltr' id='par_1_111' title="bbox 2094 5593 3701 5670">
     <span class='ocr_line' id='line_1_111' title="bbox 2094 5593 3701 5670; baseline -0.007 -15"><span class='ocrx_word' id='word_1_845' title='bbox 2094 5600 2235 5670; x_wconf 78' lang='lat' dir='ltr'><strong>&#39;qni,</strong></span> <span class='ocrx_word' id='word_1_846' title='bbox 2265 5601 2358 5656; x_wconf 90' lang='lat' dir='ltr'><strong>sed</strong></span> <span class='ocrx_word' id='word_1_847' title='bbox 2380 5599 2666 5656; x_wconf 82' lang='lat' dir='ltr'><strong>contendis</strong></span> <span class='ocrx_word' id='word_1_848' title='bbox 2689 5595 3062 5655; x_wconf 83' lang='lat' dir='ltr'><strong>mscrutabilia</strong></span> <span class='ocrx_word' id='word_1_849' title='bbox 3081 5595 3435 5666; x_wconf 81' lang='lat' dir='ltr'><strong>perscrutari,</strong></span> <span class='ocrx_word' id='word_1_850' title='bbox 3464 5593 3701 5648; x_wconf 75' lang='lat' dir='ltr'><strong>ridemus</strong></span> 
     </span>
    </p>
   </div>
  </div>
