4070 6416
401 342 538 407 ιῒῖί)

1641 329 1942 394 GELASII
2013 329 2352 390 CYZICENI

3531 337 3671 406 1280

399 468 546 509 tuam
581 450 881 515 audaciam,
922 447 1050 519 quin
1085 446 1258 517 magis
1282 445 1543 502 deﬂemus
1574 454 1646 511 te,
1673 445 1814 514 quod
1868 457 1971 495 non

2079 437 2355 510 διερειινᾷν
2400 442 2467 494 τὰ
2531 443 2948 514 ἀνεξερεύνητα,
2987 447 3377 515 uarat-{22.1745
3427 467 3518 505 50-..-
3563 453 3666 522 τὴν

394 548 528 600 wlis
565 541 1004 611 ﬁdeiutelligere
1081 538 1249 592 Deum
1303 552 1519 605 semper
1578 535 1792 589 Patrem
1854 533 1972 587 Filii

317 684 328 704 ,
389 638 494 701 mi,
531 633 937 703 etunigenitum
957 647 1112 686 suum
1144 631 1591 698 Filium,sempcr
1613 627 1726 694 ejus
1757 625 1970 684 Filium.

391 742 604 796 temper
639 741 761 779 eum
791 711 956 778 Patre
997 722 1164 776 fuisse
1219 737 1326 775 non
1371 719 1752 790 posteriorem,
1803 728 1863 772 ut
1919 729 1972 769 tu

391 821 557 889 impie
597 819 824 873 asseris.
877 815 982 870 Sed
1024 815 1126 868 lide
1176 813 1414 882 intellige
1444 821 1605 879 atque
1656 809 1973 873 conﬁteare,

393 911 699 976 terret-tum
758 906 954 961 Filium
977 920 1039 959 ex
1077 903 1336 972 perfecto,
1373 909 1431 955 ut
1467 915 1608 969 saepe
1642 897 1863 962 audisti,
1889 896 1972 950 lu-

393 1021 513 1057 men
553 1014 815 1055 mteruum
852 1015 915 1054 ex
951 1007 1160 1052 :eterno
1207 994 1429 1058 lutnine,
1467 992 1632 1047 Deum
1693 1005 1876 1045 verum
1909 1004 1973 1043 ex

392 1109 518 1145 vero
545 1094 650 1146 Deo
676 1101 730 1146 et
770 1092 950 1155 Putre,
984 1089 1282 1141 increatmu
1316 1100 1381 1139 ex
1405 1085 1671 1146 increato,
1692 1083 1811 1136 sine
1831 1096 1974 1135 com-

395 1185 662 1252 positione
691 1185 755 1236 ah
778 1198 844 1237 eo
875 1181 965 1250 qui
986 1177 1418 1247 compositionis
1450 1185 1533 1230 est
1564 1188 1781 1240 expers,
1825 1187 1970 1227 sent-

396 1293 491 1345 per
511 1277 864 1330 exsislentem
893 1276 1032 1341 apml
1060 1271 1317 1324 Patrem:
1378 1266 1466 1320 «In
1517 1265 1786 1335 principio
1827 1265 1972 1336 enim

393 1374 512 1418 erat
546 1364 800 1428 Verbum,
820 1371 877 1416 ut
901 1361 976 1414 ait
999 1359 1241 1415 Joannes
1265 1355 1618 1426 evangelista,
1647 1362 1701 1408 et
1733 1351 1972 1407 Verbum

392 1467 510 1510 erat
541 1457 679 1525 apud
728 1455 912 1519 Deum,
961 1463 1015 1507 et
1051 1452 1190 1506 Deus
1241 1458 1365 1505 erat
1417 1449 1652 1504 Verbum
1672 1448 1774 1514 ⁸⁸)
1818 1446 1976 1512 Illud,

394 1557 530 1613 erat,
575 1547 919 1618 philosophe,
981 1559 1088 1598 non
1149 1543 1311 1597 habet
1375 1540 1584 1611 aliquid
1627 1541 1967 1611 praecedens:

399 1639 548 1703 illud,
578 1649 718 1703 erat,
745 1636 1090 1706 philosophe,
1117 1633 1254 1689 tollit
1279 1632 1420 1703 quod
1455 1648 1559 1687 non
1583 1640 1722 1699 eral,
1749 1630 1972 1702 utprius

397 1733 764 1786 ostendimus:
799 1739 854 1785 et
893 1729 1044 1795 illud,
1094 1728 1256 1794 Deus,
1319 1726 1460 1782 tollit
1518 1725 1670 1796 quod
1724 1739 1830 1778 non
1887 1733 1974 1778 est

403 1825 562 1877 Deus.
597 1821 828 1891 Scriptis
853 1821 1036 1884 crede,
1069 1833 1192 1888 qua:
1219 1833 1326 1872 non
1354 1817 1554 1884 scripta
1585 1822 1732 1880 sunt,
1764 1830 1832 1870 ne
1881 1828 1974 1868 co-

400 1915 559 1980 gites,
594 1925 695 1965 nee
734 1909 999 1978 inquiras.
1065 1907 1273 1962 Credas
1318 1907 1460 1976 quod
1511 1904 1691 1959 omnia
1735 1904 1977 1960 condidit

408 2003 576 2058 [ﬁlius
610 2017 729 2072 quae
762 2000 900 2056 facta
931 2009 1056 2056 sunt
1080 1999 1358 2055 voluntate
1401 1996 1598 2065 Patris,
1647 2012 1754 2052 non
1785 1998 1977 2053 oculo-

404 2112 518 2146 rum
565 2094 758 2148 intuitu
789 2093 956 2164 (Deus
981 2091 1121 2147 enim
1179 2089 1598 2160 compositionis
1622 2100 1708 2145 est
1755 2102 1974 2158 expers,

403 2197 453 2237 ut
489 2185 876 2265 praediximus),
911 2184 1003 2238 sed
1037 2183 1332 2247 voluntate,
1361 2191 1419 2235 ut
1454 2182 1570 2250 ipse
1614 2180 1762 2236 solus
1789 2179 1973 2234 novit:

401 2275 540 2342 quod
578 2291 673 2328 nos
701 2273 830 2329 Fide
862 2272 1231 2344 intelligentes
1260 2271 1644 2342 praedicamus,
1674 2271 1828 2338 juxta
1851 2284 1978 2324 san-

402 2379 610 2420 rtnrum
695 2366 1099 2435 Scripturarum
1175 2363 1500 2430 doctrinam,
1578 2363 1722 2431 quod
1803 2359 1977 2416 Patris

402 2460 629 2514 mnsilio
667 2474 730 2513 ac
791 2473 890 2513 suo
929 2457 1174 2512 condidit
1236 2471 1456 2512 omnem
1517 2465 1853 2519 creaturam,
1923 2462 1980 2509 et

402 2568 521 2620 «pne
599 2553 649 2604 in
731 2550 871 2604 coelo
911 2558 1012 2617 est,
1055 2559 1109 2603 ει
1179 2563 1301 2615 quae
1391 2548 1444 2602 in
1515 2556 1686 2611 terra,
1763 2556 1818 2600 et
1861 2561 1980 2615 qua:

411 2642 646 2704 videtur,
721 2649 777 2694 et
843 2655 963 2710 quae
1029 2639 1387 2708 intelligentia
1467 2639 1794 2708 percipitur,
1871 2652 1977 2692 non

404 2732 814 2796 instrumentis,
903 2739 998 2784 aut
1059 2731 1360 2797 machinis,
1436 2746 1534 2785 nec
1611 2731 1834 2801 alicujus
1897 2729 1979 2784 al-

403 2827 570 2880 terius
614 2827 849 2893 auxilio,
894 2826 1024 2891 sed,
1069 2834 1126 2879 ut
1172 2827 1330 2896 paulo
1381 2836 1506 2880 ante
1559 2826 1790 2880 diximus
1819 2865 1834 2892 ,
1883 2841 1980 2880 vo-

2077 531 2300 598 τὸλμαν,
2337 533 2534 602 μάλλον
2567 534 2623 586 δὲ
2655 538 2746 587 καὶ
2778 536 3083 607 πενθοῦμέν
3140 554 3220 601 σε,
3260 540 3340 592 ὅτι
3375 541 3436 591 οὐ
3479 541 3670 597 πίστει

2085 620 2258 684 Θέλεις
2299 625 2438 674 νοεῖν
2483 625 2573 676 τὸν
2601 626 2734 678 Θεὸν
2780 628 2869 680 ἀεὶ
2911 628 3131 699 Πατέρα
3176 630 3270 682 τοῦ
3311 629 3442 684 Υἱοῦ
3472 634 3664 688 αὐτοῦ.

2078 711 2169 763 καὶ
2198 711 2287 763 τὸν
2317 715 2580 783 μονογενῆ
2609 716 2732 768 Υἰὸν
2763 717 2948 781 αὑτοῦ,
2982 719 3066 770 ἀεὶ
3101 720 3232 772 Υἱὸν
3262 721 3426 774 αὐτοῦ
3465 740 3668 778 συνυπ·

2081 802 2312 872 άρχοντα
2371 805 2455 856 ἀεὶ
2506 805 2582 875 τῷ
2631 807 2842 878 Πατρὶ,
2901 810 2992 862 καὶ
3045 810 3107 862 οὔ
3163 812 3656 884 μεταγενέστερον,

2079 893 2257 957 καθὼς
2281 895 2343 948 σὺ
2365 895 2576 958 ἀσεϐῶς
2607 899 2732 968 φής.
2760 898 2918 953 mm:
2938 901 3046 953 νόει
3059 900 3268 980 πίστει,
3293 902 3387 956 καὶ
3413 902 3668 973 ὁμολόγει

2075 985 2277 1036 τέλειον
2321 987 2384 1038 ὲκ
2427 987 2628 1041 τελείου
2677 990 2766 1042 τὸν
2801 990 2946 1056 Υίὸν,
2986 993 3062 1056 ὡς
3097 993 3354 1060 πολλάκις
3399 995 3664 1066 ἧκουσας.

2085 1076 2198 1146 φῶς
2251 1079 2419 1131 ἀΐδιον
2491 1081 2556 1132 ἐκ
2607 1083 2784 1150 φωτὸς
2829 1083 3038 1152 ἀϊδίου,
3119 1085 3253 1140 Θεὸν
3303 1087 3552 1159 ἀληθινὸν
3605 1093 3666 1157 ἐξ

2076 1168 2330 1238 ἀληθινοῦ
2371 1171 2505 1224 Θεοῦ
2558 1175 2649 1226 καὶ
2721 1175 2955 1247 Πατρὸς,
2985 1177 3245 1235 ἇκτιστον
3283 1179 3340 1245 ἐξ
3381 1183 3664 1250 ἀκτίστου,

2080 1260 2375 1313 ἀσύνθετον
2426 1263 2484 1326 ἐξ
2515 1263 2839 1331 ἀσυνθέτου,
2861 1267 2947 1320 ἀεὶ
2975 1267 3102 1321 ὄντα
3125 1269 3264 1339 πρὸς
3292 1271 3387 1324 τὸν
3419 1273 3662 1345 Πατέρα·

2082 1371 2101 1404 ι
2147 1351 2236 1403 Ἑν
2259 1353 2400 1421 ἀρχῇ
2442 1352 2551 1424 γὰρ
2582 1350 2650 1424 ἦν
2681 1358 2708 1408 6
2736 1357 2914 1425 λόγος,
2957 1359 3102 1412 καθὰ
3133 1378 3296 1430 φησιν
3339 1361 3594 1433 Ἰωάννης
3637 1369 3667 1420 ὁ

2074 1444 2492 1516 εὐαγγελιστὴς,
2518 1446 2612 1499 καὶ
2629 1446 2657 1497 6
2679 1447 2848 1515 Λόγος
2870 1444 2938 1520 ἦν
2964 1450 3095 1520 πρὸς
3121 1451 3210 1503 τὸν
3225 1452 3379 1516 Θεὸν,
3413 1457 3507 1509 καὶ
3533 1457 3667 1523 Θεὸς

2073 1531 2141 1606 ἦν
2174 1537 2203 1590 6
2229 1537 2420 1606 Λόγος.
2463 1557 2481 1590 ι
2519 1539 2592 1591 Τὸ
2632 1535 2720 1606 ἦν,
2764 1541 3042 1610 φιλόσοφε,
3090 1543 3150 1595 τὸ
3184 1547 3539 1618 προϋπάρχον
3565 1551 3668 1604 οὐκ

2075 1628 2216 1700 ἔχει·
2255 1629 2315 1682 τὸ
2344 1625 2432 1700 ἦν,
2471 1630 2748 1700 φιλόσοφε,
2779 1636 3112 1705 περιγράφει
3153 1636 3214 1689 τὸ
3241 1637 3345 1690 οὐκ
3395 1635 3483 1709 ἦν,
3523 1641 3668 1696 καθὰ

2077 1721 2548 1794 προαπεδείξαμεν
2581 1741 2594 1753 ·
2653 1725 2747 1777 καὶ
2803 1710 2869 1778 τιὸ
2915 1726 3047 1790 Θεὸς
3107 1731 3440 1802 περιγράφει
3494 1733 3557 1786 τὸ
3603 1736 3668 1786 οὺ

2078 1810 2245 1876 Θεόςο
2284 1813 2410 1875 Τοῖς
2452 1814 2856 1886 γε’,ιραμμένοις
2901 1816 3144 1881 πίστευε,
3197 1818 3265 1870 τὰ
3317 1820 3392 1890 μὴ
3419 1839 3669 1893 γεγραμ-

2080 1903 2218 1974 μένα
2275 1903 2351 1974 μὴ
2404 1906 2594 1968 ἐννόει,
2656 1905 2789 1976 μηδὲ
2839 1905 3011 1976 ζήτει.
3067 1908 3294 1961 Πίστευέ
3345 1911 3429 1964 ὅτι
3487 1915 3669 1968 πάντα

2079 1994 2242 2058 αὐτὸς
2299 1995 2733 2067 ἐδημιούργησεν
2770 1999 2798 2050 6
2850 1996 2977 2061 Υἱὸς
3018 1999 3084 2052 τὰ
3140 2003 3482 2074 γεγενημένα
3544 2005 3668 2056 νεύ-

2083 2103 2214 2156 ματι
2255 2085 2527 2157 πατρικῷ,
2555 2087 2656 2140 οὐκ
2690 2087 2986 2159 ὀφθαλμῶν
3020 2089 3324 2162 βλέμματι·
3371 2093 3667 2158 ἀσύνθετος

2078 2176 2188 2247 γὰρ
2253 2179 2282 2229 6
2338 2176 2508 2240 Θεὸς,
2571 2178 2649 2241 ὼς
2698 2182 3144 2251 προειρήκαμεν·
3192 2183 3329 2237 ἀλλὰ
3387 2184 3665 2254 νεύματι,

2079 2269 2154 2334 ὡς
2205 2271 2365 2334 αὐτὸς
2418 2266 2527 2324 οἶδε
2581 2271 2774 2342 μόνος’
2815 2274 2953 2343 ὅπερ
2984 2275 3144 2344 ἡμεῖς
3190 2275 3369 2330 πίστει
3415 2278 3665 2343 νοοῦντες

2081 2360 2447 2432 κηρύττομεν,
2492 2361 2629 2433 μετὰ
2670 2363 2769 2435 τὴν
2800 2363 3146 2420 διδασκαλίαν
3191 2367 3298 2422 τῶν
3333 2369 3494 2440 ἱερῶν
3525 2370 3667 2442 Γρα-

2082 2454 2220 2524 φῶν,
2249 2455 2330 2508 ὅτι
2358 2454 2520 2526 βουλῇ
2543 2455 2636 2508 τοῦ
2655 2456 2868 2528 Πατρὸς
2892 2458 2984 2510 καὶ
3013 2459 3207 2512 ἑαυτοῦ
3230 2460 3482 2532 δεδημιού
3493 2479 3667 2534 ργηκε

2081 2549 2264 2602 πᾶσαν
2294 2551 2394 2618 τὴν
2431 2547 2606 2602 κτίσιν
2639 2550 2738 2619 τήν
2777 2566 2835 2602 τε
2884 2552 3208 2622 ἐπουράνιον
3253 2553 3349 2605 καὶ
3399 2555 3668 2619 ἐπίγειον,

2080 2637 2179 2708 τήν
2195 2653 2252 2688 τε
2269 2635 2554 2706 ὁρωμένην
2571 2638 2665 2691 καὶ
2680 2638 2998 2710 νοουμένην,
3018 2641 3118 2692 οὐκ
3132 2641 3406 2710 ὀργάνοις,
3425 2641 3547 2696 οὔτε
3563 2663 3671 2715 μη·-

2083 2729 2290 2798 χαναίς,
2309 2727 2430 2780 οὐδὲ
2449 2728 2708 2799 συνεργίᾳ
2729 2730 2874 2792 τινὸς
2895 2731 3106 2802 ἑτέρου,
3125 2732 3259 2786 ἀλλά
3277 2733 3532 2806 βουλήσει
3553 2737 3668 2788 Πασ

2079 2820 2239 2892 τρὸς,
2281 2820 2427 2876 καοά
2458 2821 2662 2894 ἀρτίως
2715 2824 3042 2895 εἰρήκαμεν,
3094 2824 3189 2879 τοῦ
3238 2827 3490 2891 εἰπόντος
3523 2829 3667 2900 πρὸς

407 2919 610 2972 luntate
655 2915 870 2984 Patris,
911 2918 1001 2986 qui
1042 2917 1109 2972 ad
1141 2918 1312 2988 ipsum
1359 2928 1412 2973 et
1446 2918 1512 2972 ad
1556 2918 1814 2988 Spiritum
1855 2932 1973 2973 san-

2082 2910 2248 2964 αὺτὸν
2279 2912 2374 2964 καὶ
2399 2910 2459 2964 τὸ
2496 2911 2720 2982 Πνεῦμα
2741 2912 2802 2965 τὸ
2829 2914 2984 2982 ἅγιον
3007 2929 3019 2943 ·
3056 2933 3073 2966 ι
3106 2915 3432 2986 Ποιήσωμεν
3455 2916 3671 2988 ἀνορω-

401 3024 546 3063 ι-ιιιηι
583 3011 788 3065 locutus
823 3021 946 3064 est:
991 3029 1010 3062 ι
1037 3009 1325 3065 Faciamus
1369 3011 1644 3064 hominem
1694 3010 1758 3064 ad
1793 3009 1977 3078 imagi-

2085 3019 2186 3056 πον
2217 3003 2338 3056 κατ’
2379 3003 2566 3056 είκόνα
2599 3005 2880 3077 ἡμετέραν
2910 3006 3006 3060 καὶ
3042 3006 3165 3060 καθ’
3194 3006 3461 3079 ὁμοίωσιν
3497 3027 3514 3060 ι
3547 3008 3668 3063 Οὐκ

402 3117 522 3154 nem
554 3110 608 3154 et
639 3100 1049 3154 similitudinem
1083 3109 1328 3154 nostram
1350 3097 1420 3151 ".
1470 3117 1490 3150 ι
1529 3097 1644 3152 Non
1678 3097 1816 3152 dixit
1840 3096 1973 3160 Fac,‘

2081 3089 2225 3161 εἶπε,
2247 3095 2510 3166 Ποίησονο
2535 3095 2567 3167 ἣ
2601 3097 2896 3168 Ποιήσατε,
2923 3099 3061 3152 ἀλλὰ
3079 3100 3427 3171 Ποιήσωμεν,
3451 3100 3660 3166 δεικνὺς

402 3207 501 3245 nec
539 3189 746 3256 Facite,
777 3191 868 3245 sed
903 3189 1228 3256 Faciamus;
1261 3189 1555 3245 ostendens
1597 3189 1649 3244 id
1691 3188 1832 3258 quod
1891 3197 1978 3242 est

397 3284 882 3349 consubstantiale,
933 3281 1172 3356 ejusdem
1213 3283 1436 3337 honoris
1489 3284 1540 3336 in
1588 3283 1742 3336 beata
1792 3280 1882 3333 illa
1923 3288 1979 3335 et

400 3372 652 3428 int-Habili
695 3374 960 3429 trinitate.
1000 3371 1077 3427 Ne
1120 3373 1522 3437 obmurmures,
1571 3387 1605 3426 ο
1632 3371 1974 3441 philosophe,

400 3478 578 3534 neque
633 3453 822 3520 oculos
875 3479 1092 3519 moveas
1138 3483 1150 3519 :
1201 3464 1298 3520 sed
1351 3463 1550 3518 mentis
1601 3462 1802 3516 intuitu
1855 3463 1977 3517 vide

397 3555 818 3625 apostolicorum
851 3557 1166 3626 dogmatum
1209 3557 1604 3627 integritatem,
1640 3569 1704 3609 ac
1744 3553 1976 3610 ﬁdeliter

397 3649 636 3719 suscipe,
685 3665 788 3704 non
827 3648 1056 3720 amplius
1087 3648 1324 3704 inﬁdelis
1365 3647 1658 3709 exsistens,
1694 3647 1787 3702 sed
1841 3646 1973 3704 tide-

397 3741 480 3796 lis.
519 3741 659 3795 Audi
712 3755 841 3810 ergo
883 3752 1052 3811 atque
1096 3739 1358 3808 intellige.
1402 3737 1499 3792 Dei
1541 3736 1778 3792 Verbum
1829 3737 1972 3808 quod

396 3833 495 3885 fuit
550 3843 675 3888 ante
729 3832 946 3899 smeula,
1005 3831 1175 3886 Filius
1218 3829 1412 3899 ipsius,
1463 3829 1530 3882 ad
1575 3843 1735 3899 quem
1789 3829 1968 3884 dixit:

399 3941 416 3974 ι
456 3923 742 3980 Faciamus
774 3925 1070 3989 hominem,
1103 3943 1122 3976 ι
1161 3932 1215 3978 ει
1250 3937 1370 3993 qua:
1411 3931 1752 3994 sequuntur,
1797 3923 1968 3992 ipsum

394 4031 586 4073 rursus
615 4017 666 4070 in
699 4017 890 4073 diebus
917 4015 1230 4072 novissimis
1254 4024 1311 4071 et
1340 4013 1518 4070 Patris
1547 4024 1602 4069 et
1632 4027 1730 4070 sua
1761 4023 1972 4069 senten-

393 4107 465 4160 tia
507 4108 670 4163 homo
694 4108 893 4163 factum
940 4118 1046 4176 εει,
1091 4108 1435 4164 incarnatunt
1463 4122 1530 4162 ex
1559 4104 1802 4176 Virgine,
1855 4122 1974 4176 pro-

390 4211 514 4269 pter
548 4215 673 4256 cum
716 4202 806 4270 qui
841 4201 1027 4272 lapsus
1070 4209 1178 4266 est,
1209 4199 1512 4264 Adamum;
1565 4199 1967 4267 incorporeum,

390 4309 510 4348 cum
561 4294 616 4348 in
665 4308 896 4364 corpore
931 4293 1286 4362 semetipsum
1323 4289 1680 4352 exinanisset,
1728 4298 1788 4344 ut
1835 4289 1972 4343 dixit

391 4385 668 4456 apostolus
710 4384 912 4441 Paulus
931 4386 998 4451 ⁸³,
1053 4395 1276 4456 propter
1327 4395 1528 4450 corpus
1573 4381 1782 4449 accepit
1830 4379 1971 4434 Deus

2084 3189 2145 3242 τὸ
2177 3189 2466 3260 όμοούσιον
2506 3190 2600 3242 καὶ
2643 3190 2907 3261 ὁμότιμον
2939 3191 3032 3244 ἐπὶ
3079 3191 3180 3263 τῆς
3209 3193 3489 3265 μακαρίας
3514 3193 3663 3248 ὲκεί-

2085 3297 2180 3349 νης
2216 3281 2309 3333 καὶ
2353 3281 2635 3351 ἀφράστου
2677 3282 2913 3352 τριάδος.
2965 3283 3074 3336 Καὶ
3102 3283 3176 3354 μὴ
3221 3283 3663 3354 ὑπογόγγυζε,ὧ

2084 3369 2364 3439 φιλόσοφε,
2403 3369 2496 3423 καὶ
2530 3371 2658 3433 τοὺς
2707 3369 3024 3442 ὀφθαλμοὺς
3065 3373 3348 3438 ἀνακίνει,
3383 3373 3523 3428 ἀλλά
3563 3375 3669 3445 ὅρα

2083 3461 2160 3530 τῷ
2183 3459 2282 3530 τῆς
2318 3460 2555 3523 διανοίας
2585 3459 2862 3531 βλέμματι
2896 3461 2996 3534 τὴν
3030 3462 3140 3517 τῶν
3170 3463 3553 3518 ἀποστολικῶν
3586 3465 3672 3518 60-

2081 3555 2310 3624 γμάτων
2331 3554 2642 3625 ἀκρίϐειαν,
2666 3555 2760 3608 καὶ
2793 3555 2950 3625 δέχου
2975 3555 3207 3621 πιστῶς,
3243 3556 3321 3628 μὴ
3357 3557 3449 3610 ἐπὶ
3482 3557 3672 3613 πλεῖον

2083 3646 2377 3716 γενόμενος
2433 3647 2682 3712 ἄπιστος,
2740 3645 2879 3700 ἀλλὰ
2928 3647 3140 3712 πιστός.
3189 3649 3389 3702 Ἀκουε
3444 3645 3537 3703 οὖν
3574 3653 3672 3704 καὶ

2085 3737 2260 3801 σύνες.
2287 3739 2351 3792 Ὀ
2377 3738 2471 3792 τοῦ
2501 3737 2638 3791 Θεοῦ
2661 3738 2840 3806 λόγος,
2871 3740 2900 3792 6
2933 3738 3037 3808 πρὸ
3066 3737 3279 3793 αἰώνων
3311 3739 3478 3794 αὑτοῦ
3514 3741 3666 3804 Υἱὸς.

2080 3829 2219 3901 πρὸς
2241 3830 2300 3883 ὸν
2323 3825 2443 3883 εἶπε
2460 3849 2472 3860 ·
2503 3850 2521 3882 ι
2559 3832 2879 3902 Ποιήσωμεν
2896 3831 3204 3902 ἄνθρωπον,
3234 3851 3252 3884 ι
3283 3833 3376 3885 καὶ
3398 3833 3466 3886 τὰ
3497 3833 3628 3904 ἑξῆς
3651 3851 3666 3864 ·

2080 3921 2242 3986 αὐτὸς
2272 3921 2434 3975 πάλιν
2469 3925 2553 3976 ἐπ’
2589 3923 2836 3994 ἐσχάτων
2867 3923 2977 3976 τῶν
3012 3925 3237 3997 ἡμερῶν
3271 3925 3434 3997 βουλῇ
3467 3944 3654 3998 πατρι-

2092 4018 2162 4088 κῇ
2186 4015 2282 4069 καὶ
2313 4017 2491 4086 οἰκείᾳ
2514 4016 2801 4086 ἄνθρωπος
2829 4014 3047 4085 γέγονε,
3083 4015 3394 4087 σαρκωθεὶς
3419 4019 3483 4070 ὲκ
3517 4018 3675 4088 Παρ-

2078 4108 2238 4164 θένου
2267 4107 2356 4162 διὰ
2386 4108 2480 4160 τὸν
2513 4108 2824 4164 ἐκπεσόντα
2867 4107 3158 4178 ἄνθρωπον
3204 4108 3378 4179 ’Δδάμ
3410 4125 3423 4138 ·
3454 4109 3484 4162 6
3518 4108 3666 4163 ἀσώ-

2081 4220 2252 4274 ματος
2317 4205 2376 4256 ὲν
2435 4201 2648 4272 σώματι
2714 4204 2962 4269 κενώσας
3015 4204 3230 4272 ἑαυτὸν,
3296 4205 3372 4269 ὡς
3426 4202 3586 4260 εἴπεν
3634 4204 3666 4256 6

2085 4293 2384 4356 ἀπόστολος
2416 4294 2650 4359 Παῦλος,
2686 4293 2777 4348 διὰ
2805 4293 2864 4348 τὸ
2884 4294 3066 4364 σῶμα,
3103 4295 3264 4350 ἔλαϐε
3293 4297 3452 4366 νέφος
3476 4297 3504 4350 6
3531 4295 3665 4360 Θεὸς

2077 4387 2254 4456 Λόγος
2270 4387 2332 4440 τὸ
2357 4387 2538 4457 σῶμα,
2560 4387 2646 4440 ἵνα
2669 4387 2745 4460 μὴ
2763 4388 3076 4459 καταφλέξῃ
3094 4387 3190 4451 τὰς
3217 4389 3442 4452 κτιστάς
3471 4389 3666 4458 φύσεις

390 4477 625 4535 Verbum
657 4480 853 4536 nubem
883 4478 1148 4549 corporis,
1179 4483 1238 4530 ut
1289 4483 1518 4528 naturas
1569 4480 1783 4528 creatas
1814 4472 1972 4541 hujus

2079 4479 2172 4542 τὰς
2203 4480 2264 4532 ὲν
2293 4477 2369 4547 τῷ
2403 4479 2629 4548 κόσμῳ·
2669 4497 2688 4530 ι
2753 4478 2887 4532 Θεὸν
2919 4479 3028 4550 γὰρ
3083 4478 3259 4542 οὐδεὶς
3297 4478 3510 4549 ἑώρακε
3545 4479 3653 4532 πώ-

391 4571 576 4626 mundi
619 4586 724 4625 non
763 4570 1154 4625 combureret:
1191 4585 1209 4617 ι
1241 4565 1407 4618 Deum
1450 4562 1595 4618 enim
1644 4577 1803 4618 nemo
1844 4563 1976 4618 vidit

391 4674 626 4729 unquam
649 4659 720 4716 ⁸⁸.
758 4679 777 4712 ι
813 4659 1043 4715 Carnem
1073 4656 1302 4725 accepit,
1330 4664 1388 4709 ut
1431 4671 1562 4710 caro
1606 4665 1829 4725 propter
1867 4655 1971 4711 im-

389 4752 704 4806 mutabilem
757 4765 878 4804 cum
930 4751 1048 4817 ipso
1098 4748 1150 4801 in
1209 4735 1374 4801 unum
1439 4747 1878 4818 conjunctionem
1925 4763 1954 4803 a

389 4853 563 4898 morte
609 4842 937 4896 liberaretur
969 4859 982 4894 :
1015 4839 1305 4894 invisibilis
1336 4840 1628 4908 visibilem,
1677 4857 1734 4896 ut
1761 4859 1822 4896 ea
1847 4857 1969 4912 qua:

317 4945 327 4956 ‘
387 4935 660 5001 videntur,
709 4931 1018 4989 sustineat:
1049 4933 1206 5001 quasi
1252 4935 1412 4990 homo
1445 4934 1498 4989 in
1548 4945 1818 5006 tempore,
1869 4932 1964 4989 sed

389 5041 577 5082 revera
633 5035 945 5093 utrumque,
994 5023 1138 5080 Deus
1185 5033 1236 5080 et
1287 5025 1470 5090 homo,
1527 5027 1691 5082 homo
1735 5035 1788 5080 ct
1824 5025 1965 5078 idem

390 5118 534 5175 Deus
563 5137 577 5175 :
612 5133 753 5173 ttnus
783 5118 925 5171 enim
971 5133 1035 5173 ex
1077 5117 1342 5176 ambobus
1374 5119 1649 5184 Christus,
1691 5117 1965 5174 intellecta

388 5221 442 5266 et
473 5211 688 5281 cognita
723 5209 1148 5265 substantiarum
1193 5213 1496 5268 diﬁerentia
1525 5213 1824 5268 divinitatis
1850 5211 1970 5279 ejus

385 5311 552 5371 atque
593 5299 796 5364 carnis,
844 5299 983 5356 Deus
1025 5315 1147 5358 erat
1190 5313 1244 5358 ct
1278 5316 1360 5360 est
1395 5324 1406 5358 :
1437 5305 1612 5360 laetus
1657 5317 1740 5358 es:
1785 5314 1966 5358 autem

386 5393 551 5448 homo
581 5404 800 5464 propter
849 5393 1336 5463 dispensationem.
1369 5396 1598 5466 Propter
1625 5397 1801 5466 ipsum
1847 5410 1968 5464 pro~

390 5483 588 5552 phetm,
631 5492 852 5554 propter
887 5485 1058 5556 ipsum
1091 5488 1342 5558 apostoli,
1391 5497 1612 5558 propter
1659 5503 1780 5540 emn
1831 5504 1968 5540 mar-
2017 5559 2022 5564 ι

387 5582 556 5647 tyres.
589 5575 872 5648 Prophetas
904 5591 1122 5650 propter
1159 5597 1281 5635 eum
1315 5582 1404 5651 qui
1456 5598 1481 5634 a
1517 5581 1794 5650 prophetis
1827 5597 1964 5652 prm-

453 5737 502 5773 ⁶⁸
528 5737 686 5796 Joan.
720 5740 838 5808 1,1,
867 5738 921 5794 2.
1001 5739 1046 5772 ⁸⁷
1079 5739 1214 5796 ch.
1250 5757 1287 5804 1,
1315 5739 1405 5793 26.
1482 5739 1528 5771 ⁸⁸
1558 5740 1785 5810 Ρξιὶιῖιῳ.
1821 5756 1879 5804 11,
1912 5741 1965 5793 7.

2079 4588 2232 4625 ποτε.
2275 4589 2298 4620 ι
2357 4569 2664 4641 Ἑκρατὴθη
2703 4572 2902 4642 σαρκὶ,
2942 4571 3031 4624 ἵνα
3066 4571 3160 4623 καὶ
3205 4571 3236 4641 ἡ
3276 4571 3412 4641 σὰρξ
3445 4570 3533 4624 διὰ
3562 4571 3662 4643 τῆς

2078 4661 2218 4732 πρὸς
2241 4659 2411 4716 αὑτὸν
2439 4659 2710 4732 ἀτρέπτον
2732 4659 2978 4726 ἑνώσεως
3003 4661 3352 4734 ἑλευθηρωθῇ
3377 4660 3472 4715 τοῦ
3496 4662 3652 4716 θα,νά-

2072 4768 2190 4814 του,
2231 4752 2485 4824 ἀόρατος,
2523 4754 2582 4805 ἐν
2624 4751 2827 4824 ὁρατῷ,
2867 4755 2952 4808 ἵνα
2983 4755 3234 4826 ὑπομένῃ
3268 4755 3334 4808 τὰ
3365 4755 3622 4825 ὁρώμενα
3647 4769 3661 4784 ⁵

2075 4844 2150 4908 ὼς
2183 4843 2472 4916 ἄνθρωπος
2507 4844 2613 4898 ὑπὸ
2641 4846 2854 4917 χρόνον,
2899 4846 3014 4899 ἀλλ’
3053 4847 3284 4918 ἀληθεία
3317 4847 3441 4902 κατ’
3477 4847 3658 4918 ἁμιρό·

2078 4951 2214 5007 τερα
2243 4935 2377 4998 Θεὸς
2409 4937 2504 4989 καὶ
2536 4935 2844 5008 ἄνθρωπος,
2885 4937 3172 5009 ἅνθρωπος
3207 4939 3303 4992 καὶ
3331 4938 3465 5002 Θεὸς
3497 4939 3527 4990 6
3561 4940 3657 4992 αὖ-

2073 5026 2166 5088 τός
2187 5038 2198 5052 ·
2225 5020 2306 5089 εἷς
2325 5025 2433 5096 γὰρ
2460 5025 2519 5090 ἐξ
2537 5027 2741 5096 ἀμφοῖν
2761 5027 2997 5096 Χριστὸς
3020 5029 3320 5100 νοουμένης
3350 5029 3446 5084 καὶ
3462 5045 3659 5100 γνωρι-

2078 5115 2318 5188 ζομένης
2351 5117 2450 5188 τῆς
2479 5116 2742 5187 διαφορᾶς
2774 5117 2882 5171 τῶν
2904 5119 3125 5188 οὐσιῶν,
3159 5121 3262 5191 τῆς
3302 5138 3363 5174 τε
3402 5120 3659 5193 Θεότητος

2075 5207 2240 5262 αὑτοῦ
2276 5209 2372 5262 καὶ
2400 5208 2499 5278 τῆς
2534 5209 2756 5281 σαρκὸς,
2815 5209 2948 5265 Θεὸς
2975 5206 3044 5282 ἦν
3096 5213 3189 5266 καὶΙ
3235 5212 3354 5266 ἐστι
3385 5229 3399 5242 ’
3434 5213 3660 5283 γέγονεν

2069 5300 2169 5356 ἄνθ
2179 5318 2360 5369 ρωπος
2379 5299 2444 5354 δι’
2458 5301 2792 5372 οἰκονομίαν.
2807 5302 2885 5355 Δι’
2905 5303 3070 5357 αὑτὸν
3092 5306 3394 5378 προφῆται,
3409 5305 3476 5359 δι’
3493 5305 3659 5360 αὑτὸν

2069 5393 2384 5457 ἀπόστολοι,
2402 5392 2470 5446 δι’
2493 5393 2656 5448 αὐτὸν
2680 5395 2954 5467 μάρτυρες
2969 5414 2982 5428 ·
3005 5399 3284 5468 προφῆται
3308 5399 3396 5453 διὰ
3425 5400 3515 5452 τὸν
3533 5415 3674 5469 προ-

2073 5490 2435 5560 φητευθέντα,
2467 5489 2757 5544 ἀπόστολοι
2776 5492 2866 5544 διὰ
2885 5491 2978 5544 τὸν
2999 5493 3412 5564 ἀπεσταλμένον
3452 5495 3654 5546 οἰκονο-

2074 5579 2271 5650 μικῶς,
2303 5581 2579 5652 μάρτυρες
2605 5579 2694 5634 διὰ
2714 5581 2806 5637 τὸν
2836 5566 3303 5655 πρωτομάρτυρα.
3323 5583 3492 5640 ⁷11).οε
3523 5583 3662 5641 Θεὸς

2048 5741 2092 5773 δ’
2125 5738 2282 5797 Joan.
2314 5757 2350 5807 I,
2385 5738 2472 5794 l8.
