4070 6384
354 302 483 370 1281

1230 266 1598 369 HISTORIA
1636 306 1970 368 CONCILII
2009 306 2323 371 malum.
2361 336 2431 345 -
2469 311 2617 371 LIB.
2657 311 2742 373 II.

3479 319 3496 379 l
3509 321 3612 383 282

351 417 441 469 ἐπὶ
476 415 600 485 γῆς.
630 418 658 470 ὸ
681 417 806 478 Υἱὸς
846 417 1007 487 σαρκὶ
1038 416 1269 488 κρύψας,
1304 418 1377 480 ὡς
1405 416 1706 488 ἠϐουλήθη,
1747 417 1806 468 τὸ
1831 416 1918 487 τῆς

2031 416 2209 471 dictus
2243 426 2327 472 est
2357 436 2370 472 :
2409 419 2636 488 apostoli
2670 428 2891 489 propter
2919 436 3064 488 eum,
3092 424 3183 493 qui
3213 424 3610 494 dispensatorie

350 507 514 559 αὑτοῦ
529 508 777 576 θεότητος
799 508 1045 577 μέγεθος,
1064 509 1162 561 οὔκ
1186 508 1482 581 ἐρημώσας
1494 508 1562 562 τὰ
1584 511 1641 562 ἐν
1652 509 1922 579 οὐρανοῖς·

349 598 471 651 οὐδὲ
498 598 606 668 γὰρ
628 600 733 670 πρὸ
745 600 838 651 τοῦ
862 601 1214 671 σαρκωθῆναι
1233 602 1329 672 ἕρη
1340 619 1436 671 μος
1456 599 1620 653 αὑτοῦ
1636 602 1663 653 ὀ
1695 600 1920 669 κόσμος,

351 690 483 752 Θεὸς
511 686 578 760 ἦν
615 691 709 743 καὶ
737 691 873 756 ἔστι,
907 692 1096 760 γέγονε
1145 695 1241 746 καὶ
1284 692 1572 764 ἅνθρωπος
1622 690 1693 745 δι’
1720 693 1926 744 οἰκονο-

354 779 505 843 μίαν,
535 780 844 850 σαρκωθεὶς
872 783 968 835 καὶ
984 783 1196 854 τεχθεὶς
1225 785 1290 836 ἐκ
1316 783 1594 853 Παρθένου
1625 782 1692 836 δι’
1716 782 1924 835 οίκείαν

348 870 780 941 φιλανθρωπίαν.
826 873 1009 938 Ἀξιον
1041 876 1242 928 ἑαυτοῦ
1275 875 1368 928 καὶ
1402 875 1515 928 ἴσον
1542 874 1671 926 Υίὸν
1707 873 1927 942 ἐγέννη-

350 976 441 1013 σεν
475 963 502 1014 ὁ
550 963 759 1039 Πατὴρ,
810 965 886 1027 ὼς
941 962 1080 1019 οἶδεν
1123 968 1151 1020 ὁ
1180 968 1447 1037 γεννήσας
1474 964 1634 1018 αὑτὸν
1668 964 1800 1026 Θεὸς
1834 964 1927 1017 καὶ

348 1052 557 1124 Πατὴρ,
593 1058 689 1109 καὶ
731 1056 762 1109 ὁ
803 1056 864 1121 ἐξ
897 1057 1061 1111 αὑτοῦ
1081 1057 1476 1130 γεγεννημένος
1505 1055 1658 1120 Υἱὸς,
1693 1050 1737 1109 ὦ
1769 1054 1923 1125 φιλό-

348 1159 498 1212 σοφε.

2035 508 2231 562 missus
2278 518 2332 563 et
2386 511 2664 577 apostolus
2697 510 2869 567 factus
2922 523 3050 569 est:
3084 525 3352 586 martyres
3395 530 3613 587 propter

2033 598 2282 651 eumdem
2337 610 2820 670 protomartyrem.
2872 601 3032 657 Venit
3069 603 3208 659 Deus
3274 608 3325 659 in
3370 617 3594 663 terram.

2032 687 2199 742 Filius
2246 689 2299 743 in
2331 705 2572 753 Carnem,
2610 693 2895 748 occultans
2924 704 2982 746 ut
3019 694 3210 758 voluit,
3266 698 3604 751 summi-ini-

2039 781 2166 835 tatis
2202 781 2659 850 magnitudinem,
2695 798 2798 839 non
2827 797 2890 839 ea
2926 800 3047 854 quas
3085 786 3138 839 in
3174 787 3330 841 ccelis
3355 798 3482 842 sunt
3512 790 3612 841 de~

2028 886 2248 937 serens;
2299 888 2476 943 neque
2520 875 2663 928 enim
2719 884 2847 930 ante
2900 876 3332 932 incarnationem
3364 881 3610 933 desertus

2032 961 2100 1014 ab
2127 976 2190 1015 eo
2224 972 2340 1016 erat
2379 964 2633 1019 mundus.
2665 965 2807 1020 Deus
2849 974 2968 1020 erat
3007 975 3191 1031 etest,
3246 977 3300 1022 et
3333 969 3501 1021 factus
3530 978 3611 1021 est

2029 1052 2192 1106 homo
2221 1062 2441 1122 propter
2475 1054 2963 1125 dispensationem,
2997 1057 3311 1111 incarnatus
3350 1068 3404 1111 ct
3445 1068 3609 1113 natus

2033 1159 2096 1198 ex
2153 1142 2379 1213 Virgine
2434 1157 2654 1215 propter
2694 1163 2849 1201 suam
2900 1162 3026 1218 erga
3069 1163 3242 1216 genus
3309 1148 3603 1201 humanum

346 1237 690 1293 rharitatem.
735 1238 897 1294 Pater
944 1242 1161 1313 dignum
1212 1244 1388 1312 scipso
1435 1252 1487 1297 ct
1515 1242 1778 1310 aequalem
1840 1236 2036 1305 genuit
2102 1236 2316 1297 Filium.
2354 1253 2419 1291 eo
2487 1241 2642 1291 modo
2706 1253 2867 1307 quem
2909 1240 3058 1293 novit
3087 1240 3199 1308 ipse
3229 1241 3317 1307 qui
3354 1254 3476 1293 cum
3510 1254 3605 1308 ge-

347 1333 462 1387 nuit
507 1332 647 1386 Deus
676 1343 726 1386 et
774 1334 952 1401 Pater,
995 1348 1043 1391 et
1082 1340 1170 1407 qui
1221 1354 1284 1391 ex
1326 1340 1437 1405 ipso
1475 1339 1684 1408 genitus
1719 1348 1800 1390 est
1832 1334 2026 1397 Filius,
2065 1345 2100 1386 0
2135 1331 2476 1401 philosophe.

676 1446 1050 1516 ‘Artt'ﬁpnmq
1096 1450 1202 1504 τοῦ
1231 1451 1598 1519 φιλοσόφου.

413 1556 504 1626 Μὴ
539 1557 632 1610 ἐπὶ
671 1558 922 1613 πλεῖστον
980 1561 1103 1614 ὅσον
1158 1561 1386 1632 ἐπίμενε
1450 1560 1767 1632 βιαζόμενος
1817 1559 1916 1631 τὴν

342 1644 621 1713 ἀλήθειαν,
656 1650 748 1703 καὶ
777 1653 843 1721 τῇ
865 1650 975 1704 τῶν
999 1651 1173 1720 λόγων
1195 1652 1442 1724 εὐτεχνὶα
1471 1651 1811 1716 ἐπισκιάζειν
1839 1651 1916 1712 ὡς

2452 1443 2816 1500 Conlratlictio
2861 1445 3176 1516 philosophi.

2094 1556 2175 1614 Ne
2221 1556 2465 1627 pluribus
2514 1574 2832 1628 perseveres
2886 1561 2992 1614 vim
3036 1561 3218 1616 facere
3259 1562 3496 1628 veritati,
3550 1572 3606 1618 ct

2024 1654 2310 1704 verborum
2363 1660 2479 1704 arte
2524 1651 2676 1719 quasi
2731 1654 2872 1706 nube
2908 1652 3233 1708 obumbrare
3282 1663 3453 1710 tentes
3501 1670 3604 1710 non

344 1734 505 1802 νέφος
534 1738 733 1807 πειρῶ,
765 1739 864 1809 τῆς
894 1740 1120 1811 Γραφῆς
1168 1742 1483 1812 ἁνάμαυρον
1507 1741 1709 1811 φέγγος
1735 1757 1747 1769 ·
1781 1740 1915 1794 ἀλλὰ

2024 1744 2316 1797 obscurum
2346 1743 2650 1812 Scriptura;
2679 1758 2981 1799 sermonem
3010 1764 3023 1799 :
3058 1747 3148 1801 sed
3182 1749 3300 1800 veni
3331 1749 3398 1799 ad
3433 1746 3609 1798 mani-

342 1827 421 1889 εἰς
450 1827 511 1881 τὸ
538 1831 817 1899 προφανὲς
847 1832 948 1902 τῆς
981 1832 1200 1904 Γραφῆς
1224 1833 1346 1887 ὲλθὲ
1365 1877 1379 1901 ,
1408 1834 1471 1887 τὸ
1497 1833 1761 1905 προτεθὲν
1789 1849 1871 1886 σοι
1899 1849 1914 1863 °

341 1920 436 1972 καὶ
469 1920 546 1991 μὴ
572 1922 741 1992 φεῦγε
769 1924 850 1987 τὸ,
884 1943 902 1976 ‹
933 1926 1138 1998 Κύριος
1167 1927 1352 1980 ἔκτισέ
1378 1944 1444 1997 με
1464 1926 1641 1998 ἀρχὴν
1664 1926 1798 1980 ὁδῶν
1822 1927 1921 1980 αύ-

337 2010 435 2065 τοῦ
472 2014 551 2078 είς
578 2015 715 2085 ἔργα
771 2017 939 2072 αὐτοῦ
970 2035 984 2050 ’
1021 2039 1040 2071 ι
1102 2021 1195 2074 καὶ
1244 2020 1325 2086 τὸ,
1377 2038 1396 2071 t
1442 2020 1647 2090 Κύριος
1692 2021 1917 2091 ἐποίησε

339 2106 524 2175 χώρας
554 2110 650 2162 καὶ
681 2110 992 2181 ἀοικήτους,
1031 2113 1124 2165 καὶ
1167 2111 1313 2183 ἂκρα
1366 2113 1660 2183 οἰκούμενα
1684 2113 1785 2184 τῆς
1823 2113 1917 2166 ὑπ’

338 2200 608 2271 οὐρανόνο
651 2221 670 2254 ι
711 2203 840 2272 μίαν
896 2202 991 2256 καὶ
1021 2204 1119 2274 τὴν
1170 2204 1340 2274 αὐτὴν
1392 2203 1512 2274 ἔχει
1545 2204 1757 2257 ἔννοιαν
1787 2203 1916 2274 περὶ

340 2292 435 2344 τοῦ
468 2292 588 2355 ἐνὸς
646 2294 879 2364 Κυρίου.
930 2294 1119 2349 Ταῦτά
1163 2296 1284 2347 ἐστι
1333 2293 1428 2347 τοῦ
1478 2293 1637 2359 Θεοῦ,
1673 2293 1766 2348 τοῦ
1824 2295 1918 2348 καὶ

341 2385 744 2454 πρωτόκτιστον
802 2374 1105 2448 Κτίσαντος
1140 2388 1220 2448 εἰς
1252 2385 1426 2456 ἀρχὴν
1460 2384 1596 2437 ὁδῶν
1636 2384 1803 2437 αὑτοῦ
1837 2385 1916 2447 είς

339 2477 474 2547 ἔργα
501 2476 688 2542 αὐτοῦ,
723 2475 781 2529 ὃν
815 2478 911 2531 καὶ
960 2476 1091 2529 Υίὸν
1122 2474 1286 2530 αὑτοῦ
1325 2476 1763 2545 προσηγόρευσε,
1820 2474 1915 2526 τοῦ

341 2568 436 2621 καὶ
467 2568 774 2631 Κτίσαντος
832 2568 898 2620 δι’
930 2567 1117 2633 αὑτοῦ,
1154 2568 1229 2630 ὡς
1283 2568 1351 2621 δι’
1378 2567 1683 2638 ἐργαλείου,
1732 2565 1916 2634 χώρας

340 2661 433 2711 καὶ
462 2659 768 2729 ἀοικήτους.
799 2660 861 2712 Εἰ
901 2660 1010 2728 γὰρ
1053 2659 1148 2712 καὶ
1201 2660 1234 2729 ἡ
1269 2659 1482 2727 κτιστὴ,
1520 2656 1616 2709 τοῦ
1663 2655 1798 2709 Θεοῦ
1825 2672 1916 2707 σο-

341 2750 472 2816 φία,
504 2750 648 2803 τοῦτ’
680 2751 848 2816 ἐστιν,
882 2753 910 2803 ὁ
941 2752 1068 2815 Υἱὸς
1117 2748 1433 2820 ἐργάζεται,
1484 2749 1601 2803 ἀλλ’
1635 2751 1663 2801 ὁ
1687 2749 1821 2813 Θεὸς
1846 2745 1917 2819 ἦν

339 2841 368 2891 ὁ
402 2839 601 2904 κτίζων
622 2840 690 2892 δι’
725 2839 891 2893 αὐτοῦ
922 2842 991 2895 τὰ
1020 2841 1096 2912 μὴ
1124 2841 1275 2907 ὄντα,
1302 2841 1377 2904 ὡς
1406 2840 1472 2894 δι’
1500 2839 1812 2911 ἐργαλείου.

353 3030 696 3099 Ἀπόκρισις
719 3032 839 3087 τῶν
865 3033 1049 3102 ἁγίων
1084 3034 1434 3088 ἐπισκόπων
1465 3033 1565 3087 διὰ
1589 3032 1697 3087 τοῦ
1727 3030 1913 3086 αὐτοῦ

549 3103 886 3156 ἐπισκόπου
912 3105 1206 3157 Εὐσεϐίου
1233 3103 1339 3156 τοῦ
1365 3105 1703 3172 Παμφίλου.

413 3231 556 3285 Πολὺ
588 3231 917 3303 ιδιαστήκων
960 3234 1059 3303 τῆς
1100 3232 1385 3304 βασιλικῆς
1434 3234 1735 3303 λεωφόρου,
1766 3232 1916 3286 τοῦτ’

338 3321 454 3378 εστι
484 3322 587 3393 τῆς
614 3323 980 3395 ἀποπολικῆς
1008 3324 1265 3391 πίστεως,
1297 3325 1415 3389 πῶς
1450 3324 1557 3390 ἔξω
1588 3324 1791 3396 ταύτης
1824 3325 1918 3393 φέ-

342 3415 531 3489 ρεσθαι
565 3415 767 3487 ἀνέχῃ;
819 3417 1124 3487 κρημνίσαι
1177 3417 1403 3471 σεαυτὸν
1440 3416 1590 3482 ἅπαξ
1640 3417 1915 3487 ἑλόμενος,

336 3510 435 3564 καὶ
491 3508 688 3580 μικρὸν
748 3508 1054 3572 ἀνανεύσας
1104 3510 1169 3562 ὲκ
1217 3509 1313 3562 τοῦ
1348 3510 1695 3581 περιέχοντος
1726 3526 1786 3562 σε
1819 3509 1918 3579 τῆς

336 3599 593 3661 ἀσεϐείας
649 3597 834 3668 βυθοῦ.
896 3599 1067 3652 Ὅταν
1120 3599 1361 3670 ἤκουσας
1423 3598 1572 3669 παρὰ
1605 3598 1706 3667 τῆς
1755 3598 1919 3666 ἁγίας

341 3688 557 3743 συνόδου
580 3688 788 3759 ταύτης
824 3689 924 3758 τὴν
954 3690 1296 3759 προφητείαν
1334 3687 1430 3742 τοῦ
1478 3688 1714 3758 μεγάλου
1756 3689 1921 3759 Ἰερε-

343 3783 470 3851 μίου
516 3782 1112 3846 δαχτυλοδεικτοῦντος,
1169 3782 1244 3844 ὠς
1279 3782 1345 3835 ἂν
1390 3782 1536 3835 εἴποι
1572 3799 1677 3848 τις,
1712 3783 1806 3835 καὶ
1828 3781 1916 3834 λέ-

340 3887 551 3938 γοντος·
586 3889 603 3921 t
633 3864 802 3934 Οὗτος
836 3874 863 3925 ὁ
888 3871 1018 3934 Θεὸς
1042 3870 1219 3941 ἡμῶν,
1240 3871 1300 3923 οὐ
1324 3869 1705 3940 λογισθήσεται
1730 3870 1919 3940 ἕτερος

341 3965 475 4036 πρὸς
511 3965 693 4024 αὐτὸν,
751 3983 768 4016 ι
821 3964 915 4017 καὶ
948 3965 1015 4016 τὰ
1050 3963 1198 4032 ἑξῆς.
1237 3960 1331 4027 Οἷς
1383 3961 1661 4030 ἐπιλέγει·
1697 3979 1714 4012 ι
1760 3960 1917 4016 Μετὰ

337 4054 509 4107 ταῦτα
541 4054 635 4107 ἐπὶ
655 4053 756 4124 τῆς
786 4054 891 4123 γῆς
931 4051 1084 4125 ὤφθη
1108 4095 1121 4118 ,
1162 4053 1259 4106 καὶ
1304 4055 1417 4117 τοῖς
1456 4051 1764 4123 ἀνθρώποις
1796 4068 1921 4105 συν-

338 4147 678 4217 ανεστράφη.
722 4164 740 4197 ›
792 4147 901 4199 Καὶ
936 4141 1113 4208 οἶσθα,
1156 4139 1201 4197 ὦ
1229 4145 1508 4214 φιλόσοφε,
1550 4143 1919 4214 ἐπερωτηθεὶς

340 4238 491 4310 παρὰ
519 4238 628 4293 τῶν
655 4238 828 4308 ἁγίων
851 4237 1189 4303 ἐπισκόπων,
1218 4238 1306 4301 τίς
1333 4238 1427 4291 ἐπὶ
1445 4238 1547 4307 τῆς
1574 4237 1680 4305 γῆς
1708 4236 1916 4305 ὀφθεὶς,

338 4330 434 4384 καὶ
456 4332 569 4393 τοῖς
596 4329 907 4398 ἀνθρώποις
928 4331 1356 4401 συναστραφεὶς,
1380 4331 1407 4381 ὁ
1428 4330 1616 4398 Πατὴρ
1641 4329 1673 4398 ἣ
1696 4329 1724 4380 ὁ
1753 4328 1880 4391 Υἱός
1901 4344 1915 4392 ;

1946 3111 1993 3173 C

2028 1832 2224 1887 festam
2265 1830 2642 1901 Scripturam,
2689 1850 2809 1904 qua:
2850 1834 2944 1889 tibi
2975 1844 3057 1888 est
3089 1834 3382 1905 proposita,
3413 1845 3465 1889 et
3500 1849 3606 1890 non

2020 1922 2240 1993 fugias:
2276 1923 2408 1978 illud
2445 1943 2458 1978 :
2498 1942 2517 1976 ι
2547 1925 2820 1981 Dominus
2856 1926 3101 1982 condidit
3128 1942 3213 1981 me
3245 1927 3457 1981 initium
3493 1927 3610 1980 via-

2020 2029 2139 2068 rum
2163 2029 2381 2068 suarum
2424 2016 2477 2069 in
2527 2031 2691 2086 opera
2736 2017 2852 2087 ejus
2872 2019 2952 2086 ’°;
2991 2038 3010 2072 ›
3048 2027 3104 2073 et
3155 2018 3288 2073 illud
3325 2036 3338 2073 :
3377 2036 3397 2070 ι
3430 2019 3607 2073 Domi-

2021 2121 2123 2160 nus
2151 2104 2282 2161 fecit
2327 2106 2581 2178 regiones
2620 2117 2676 2163 et
2711 2109 3107 2173 iuhabitabilia,
3152 2119 3207 2162 et
3238 2124 3450 2163 summa
3485 2125 3604 2179 qua:

2019 2197 2338 2253 habitantur
2380 2197 2496 2268 ejus
2539 2215 2660 2268 quae
2685 2201 2786 2255 sub
2819 2202 2960 2257 caelo
2981 2202 3065 2268 ⁹¹;
3100 2220 3118 2254 ι
3165 2217 3330 2257 unam
3373 2210 3430 2257 et
3455 2217 3605 2257 eam-

2017 2288 2140 2344 dem
2174 2289 2339 2344 habet
2374 2291 2811 2361 intelligentiam.
2842 2290 2916 2348 De
2948 2308 3055 2348 uno
3085 2293 3315 2348 Domino
3350 2291 3460 2348 Deo
3489 2295 3605 2348 haec

2017 2387 2167 2442 sunt,
2223 2380 2316 2448 qui
2364 2382 2542 2448 primo
2597 2380 2800 2436 factum
2856 2385 3062 2437 creavit
3115 2384 3328 2438 initium
3394 2384 3601 2439 viarum

2019 2487 2240 2526 suarum
2272 2473 2323 2526 in
2369 2488 2534 2541 Opera
2587 2474 2724 2541 ejus,
2763 2490 2923 2544 quem
2958 2486 3014 2530 et
3058 2476 3256 2530 Filium
3292 2478 3602 2546 appellavit,

2018 2566 2115 2633 qui
2161 2565 2302 2619 Deus
2349 2565 2514 2618 etiam
2563 2580 2659 2634 per
2709 2567 2907 2635 ipsum,
2943 2568 3140 2621 Filium
3177 2569 3331 2637 quasi
3372 2584 3469 2636 per
3522 2570 3606 2622 in-

2020 2662 2380 2708 strumentum
2434 2653 2568 2709 fecit
2622 2655 2871 2724 regiones
2923 2668 2982 2710 et
3034 2657 3429 2711 iultabitabilia.
3490 2657 3605 2712 Etsi
3650 2678 3663 2691 κ

2018 2747 2162 2801 enim
2195 2755 2379 2800 creata
2418 2747 2510 2801 Dei
2541 2747 2830 2816 sapientia,
2863 2749 2968 2802 hoc
2993 2759 3093 2811 est,
3123 2748 3295 2803 Filius
3327 2763 3602 2819 operatur,

2021 2839 2162 2891 Deus
2209 2848 2392 2892 tamen
2428 2849 2513 2893 est
2556 2842 2647 2908 qui
2689 2856 2787 2909 per
2835 2841 3012 2910 ipsum
3059 2841 3214 2910 quasi
3266 2855 3365 2910 per
3402 2842 3607 2906 instru-

2020 2937 2261 2983 mentum
2287 2944 2352 2984 ca
2384 2944 2505 2999 quae
2540 2945 2647 2985 non
2677 2940 2854 2996 erant,
2890 2941 3062 2987 creat.

2093 3039 2380 3111 Responsio
2424 3051 2731 3096 sanctorum
2766 3045 3125 3113 episcoporum
3166 3059 3257 3113 per
3298 3045 3533 3099 eumdem

2334 3113 2631 3181 episcopum
2666 3111 2951 3166 Eusebium
2986 3111 3271 3180 Pamphili.

2097 3247 2234 3302 Cum
2269 3248 2358 3303 diu
2383 3248 2439 3302 in
2471 3250 2556 3302 via
2588 3248 2803 3318 publica
2833 3257 2887 3303 et
2916 3248 3086 3319 regia,
3116 3250 3221 3305 hoc
3247 3256 3348 3315 est,
3388 3251 3440 3305 in
3487 3267 3608 3319 apo-

2019 3339 2210 3395 stolica
2250 3338 2354 3396 [ide
2382 3341 2777 3411 permanseris,
2810 3341 3083 3410 quomodo
3109 3350 3261 3396 extra
3298 3342 3444 3396 illam
3478 3341 3604 3397 ferri

2020 3434 2295 3489 sustines?
2317 3443 2376 3488 ut
2402 3433 2564 3489 simul
2604 3434 2848 3498 sublatus
2879 3435 3108 3505 teipsum
3136 3435 3459 3504 praecipites,
3486 3450 3605 3491 cum

2018 3536 2087 3578 ex
2144 3523 2413 3593 profundo
2471 3523 2766 3592 impietatis
2842 3534 2894 3580 te
2958 3526 3363 3582 circumstantis
3416 3542 3604 3595 parum

2019 3614 2332 3681 emerseris,
2371 3613 2590 3683 quando
2646 3614 2714 3669 ab
2769 3615 2872 3668 hae
2912 3626 3100 3669 sancta
3150 3617 3357 3686 synodo
3403 3616 3601 3671 audisti

2021 3704 2363 3778 prophetiam
2387 3704 2567 3772 magni
2613 3703 2885 3767 Jeremitc,
2917 3706 3073 3775 quasi
3115 3707 3302 3777 digito,
3338 3716 3396 3762 ut
3428 3708 3500 3762 ita
3529 3709 3607 3761 in.

2020 3808 2276 3863 quamur,
2309 3793 2601 3849 indicantis
2637 3803 2692 3848 et
2732 3795 2962 3851 dicentis
2993 3815 3006 3851 :
3038 3815 3057 3848 ι
3087 3796 3185 3853 ilic
3217 3797 3358 3852 Deus
3393 3809 3600 3865 noster,

2021 3895 2075 3940 et
2112 3898 2216 3938 non
2251 3885 2596 3954 reputabitur
2626 3885 2765 3939 alius
2807 3887 3066 3940 adversus
3094 3902 3215 3940 eum
3240 3890 3324 3955 9';
3356 3907 3374 3940 ι
3406 3899 3460 3943 et
3486 3906 3604 3958 quzc

2021 3981 2344 4043 sequuntur,
2390 3973 2585 4040 quibus
2626 3973 2821 4027 addit:
2860 3991 2878 4023 ι
2915 3972 3041 4028 Post
3075 3976 3189 4028 haec
3240 3975 3290 4028 in
3340 3979 3500 4030 terris
3536 3978 3606 4028 \‘i-

2021 4080 2132 4130 sus,
2177 4045 2240 4119 ἐι
2299 4081 2421 4118 cum
2478 4064 2789 4119 hominibus
2852 4075 3207 4120 conversatus
3257 4067 3430 4121 est”.
3464 4086 3482 4118 ι
3542 4069 3600 4121 Et

2022 4153 2185 4218 nosti,
2231 4169 2264 4208 ο
2303 4154 2624 4223 pltilOSOplte
2651 4193 2666 4219 ,
2713 4155 2853 4224 quod
2903 4154 3272 4224 interrogatus
3314 4173 3341 4211 a
3401 4159 3604 4213 sam-tis

2022 4244 2309 4313 episcopis,
2362 4245 2612 4313 quisnam
2666 4245 2720 4299 in
2770 4244 2932 4300 terris
2969 4245 3117 4300 visus
3166 4257 3330 4312 esset,
3376 4258 3432 4303 et
3478 4265 3599 4303 cum

2024 4336 2331 4391 hominibus
2357 4346 2733 4402 conversatus,
2767 4336 3023 4404 Paterne,
3054 4353 3121 4391 an
3152 4338 3362 4396 Filius?
3383 4341 3599 4395 confes-

337 4423 435 4475 καὶ
464 4422 826 4493 ὁμολογήσας,
868 4423 951 4475 ὃτι
981 4424 1009 4475 ὁ
1035 4422 1188 4485 Υἱὸς,
1229 4420 1415 4485 καθὼς
1446 4424 1501 4475 αἱ
1535 4421 1674 4475 θεῖαι
1702 4421 1915 4493 Γραφαὶ

2023 4444 2116 4484 sus
2143 4446 2222 4495 es,
2257 4431 2398 4499 quod
2426 4430 2620 4495 Filius,
2656 4441 2715 4486 ut
2752 4432 2946 4485 divinae
2974 4432 3271 4503 Scriptura:
3310 4444 3599 4493 testantur.

337 4512 607 4580 λέγουσιν.
635 4515 710 4566 Οὐ
741 4512 911 4566 ταῦτα
937 4512 1201 4583 signatae;
1240 4513 1357 4577 πῶς
1390 4513 1553 4566 πάλιν
1584 4512 1677 4566 ἐπὶ
1697 4512 1788 4566 τὸν
1822 4511 1918 4582 βυ-

340 4603 432 4655 θὸν
466 4603 564 4672 τῆς
599 4604 903 4674 μοχθηρίας
948 4605 1159 4674 Ἀρείου
1192 4605 1386 4657 ἑαυτὸν
1423 4604 1747 4669 ἁκοντίζεις,
1782 4602 1919 4673 μᾶλ-

337 4694 428 4747 λον
461 4695 519 4749 δὲ
552 4695 825 4766 βυθίζεις;
867 4697 930 4749 οὐ
962 4697 1068 4767 γὰρ
1112 4697 1405 4763 ἁνέξευξας
1453 4696 1743 4767 χωρισθεὶς
1772 4694 1918 4748 ὲκεί-

338 4804 453 4847 νου,
484 4787 560 4851 ὡς
592 4787 782 4842 ἑαυτὸν
804 4786 1148 4852 συνέζευξας.
1180 4788 1521 4859 Προκρίνεις,
1557 4783 1601 4841 ὦ
1631 4788 1782 4841 ἄθλιε
1805 4787 1915 4842 τῶν

339 4879 719 4933 ἁποστολικῶν
760 4880 1049 4949 δογμάτων
1078 4880 1145 4934 τὰ
1211 4881 1422 4949 Ἀρείου
1464 4880 1762 4950 βλάσφημα
1812 4881 1914 4950 ῥή-

345 4986 510 5037 ματα,
547 4970 753 5040 κτίσμα
783 4975 874 5024 καὶ
899 4970 1182 5041 ἐργαλεῖον
1204 4970 1293 5024 τὸν
1328 4970 1453 5022 Υἱὸν
1481 4971 1576 5023 τοῦ
1607 4968 1741 5022 Θεοῦ
1772 4971 1914 5022 ἀπο-

343 5060 543 5113 καλῶν.
580 5062 778 5113 Ἀκουε
800 5063 979 5115 τοίνυν
998 5062 1134 5130 πρὸς
1158 5059 1333 5131 ἡμῶν,
1356 5054 1401 5113 ὧ
1420 5059 1727 5126 φιλόσοφος,
1759 5060 1916 5129 εἴπερ

343 5149 632 5218 φιλόσοφος
651 5148 719 5215 εἷ,
753 5154 846 5205 καὶ
877 5151 1089 5213 πείθου,
1115 5150 1187 5221 μὴ
1207 5144 1370 5204 αὑτὸν
1397 5147 1533 5203 εἶναι
1554 5150 1646 5203 τὸν
1676 5149 1798 5202 Υἰὸν
1824 5148 1918 5202 τοῦ

342 5242 477 5294 Θεοῦ
527 5244 628 5313 τὴν
681 5245 906 5314 κτιστὴν
939 5245 1152 5312 σοφίαν,
1196 5244 1294 5312 τὴν
1341 5243 1678 5312 λογιστικὴν,
1712 5243 1812 5313 τὴν
1844 5241 1922 5312 τῷ

342 5334 616 5407 ἀνθρώπῳ
669 5338 763 5390 ὑπ’
806 5338 971 5391 αὐτοῦ
1002 5338 1132 5391 Υἱοῦ
1190 5337 1282 5390 τοῦ
1313 5336 1448 5389 Θεοῦ
1500 5336 1769 5400 δοθεῖσαν,
1829 5335 1921 5387 τοῦ

343 5426 645 5492 κτίσαντος
668 5429 849 5500 χώρας
871 5432 965 5484 καὶ
989 5431 1300 5500 ἀοικήτους.
1348 5429 1671 5498 Ἐπίστησόν
1704 5446 1797 5480 σου
1830 5429 1923 5481 τὸν

345 5516 492 5585 νοῦν,
534 5520 607 5588 μὴ
653 5522 789 5591 πρὸς
828 5521 1126 5592 ἀπέχθειαν
1179 5519 1415 5591 βλέπων,
1454 5519 1591 5577 ἀλλὰ
1625 5519 1759 5590 πρὸς
1792 5519 1923 5591 ἀλή-

440 5694 488 5728 ⁹⁶
516 5696 671 5750 Prov.
710 5714 826 5761 ιιιι,
852 5697 941 5751 2'2.

1023 5699 1065 5730 ⁰¹
1100 5699 1229 5752 ibid.
1269 5700 1359 5753 26.
1393 5714 1502 5755 see.
1535 5697 1677 5751 LXX
1746 5701 1790 5730 θ’
1823 5699 2057 5758 Βετηςιι.
2094 5714 2172 5759 tu.
2204 5697 2293 5753 ‘26.

2025 4520 2214 4576 Nonne
2241 4522 2353 4575 hate
2386 4522 2605 4576 dixisti?
2641 4525 2912 4590 quomodo
2945 4524 3139 4578 iterum
3173 4526 3225 4580 in
3275 4526 3599 4595 profundum
3634 4591 3640 4599 ο

2025 4611 2311 4680 pravitatis
2346 4610 2460 4665 Arii
2500 4613 2729 4680 teipsum
2761 4612 3010 4682 conjicis,
3056 4624 3149 4668 aut
3185 4616 3364 4684 potius
3393 4618 3601 4671 demer-

2026 4702 2145 4772 gis?
2174 4701 2288 4757 Non
2320 4704 2464 4757 enim
2505 4704 2574 4759 ab
2622 4719 2687 4758 eo
2719 4716 3005 4771 separatus
3037 4716 3214 4760 castra
3248 4722 3516 4776 moveres,
3552 4721 3608 4763 ut

2028 4795 2261 4864 teipsum
2309 4796 2638 4865 implicares.
2699 4796 2955 4862 Praefers,
2999 4815 3031 4851 ο
3070 4799 3258 4865 miser,
3294 4802 3609 4871 apostolicis

2023 4887 2367 4955 dogmatibus
2410 4887 2526 4941 Arii
2571 4890 2730 4942 verba
2784 4889 3135 4957 hlaspltema,
3194 4899 3502 4944 creaturam
3554 4901 3608 4945 υι

2022 4979 2448 5033 instrumentum
2502 4978 2699 5033 Filium
2735 4977 2829 5033 Dei
2884 4979 3175 5047 appellans.
3229 4981 3365 5032 Audi
3403 4995 3531 5048 ergo
3576 4998 3603 5031 a

2023 5067 2201 5134 nobis,
2258 5083 2289 5122 ο
2341 5068 2680 5138 philosophe.
2738 5069 2783 5121 si
2834 5077 3011 5121 tamen
3048 5067 3403 5137 philosophus
3441 5084 3523 5133 cs,
3554 5077 3609 5122 et

2026 5160 2187 5213 crede
2227 5174 2333 5213 non
2370 5160 2543 5228 ipsum
2578 5157 2775 5212 Filium
2805 5159 2896 5212 Dei
2944 5174 3066 5213 esse
3097 5158 3416 5225 sapientiam
3452 5172 3605 5208 crea-

1989 5254 2136 5331 ltam
2183 5247 2527 5313 rationalem,
2578 5248 2643 5303 ab
2677 5250 2789 5318 ipso
2825 5246 2961 5301 Filio
3001 5247 3091 5299 Dei
3122 5249 3212 5316 qui
3248 5245 3374 5299 fecit
3407 5256 3604 5299 terram

2026 5351 2081 5392 et
2144 5338 2560 5402 iultabitabilia,
2617 5339 2820 5393 homini
2870 5339 3070 5393 (latam.
3142 5338 3394 5392 Animum
3457 5349 3604 5391 tuum

2028 5437 2308 5494 converte,
2348 5443 2451 5481 non
2486 5428 2553 5481 ad
2582 5429 2765 5482 odium
2806 5428 3126 5495 respiciens,
3170 5433 3263 5482 sed
3298 5429 3363 5479 ad
3409 5427 3608 5480 verita-

2028 5529 2160 5583 tem.
2206 5530 2262 5575 et
2292 5521 2405 5591 ipsa
2450 5521 2655 5576 veritas
2686 5522 2846 5577 ducet
2881 5530 2931 5576 te
2968 5540 2979 5575 :
3008 5531 3170 5591 atque
3202 5532 3486 5588 agnosces,
3518 5514 3608 5571 Fi-

2376 5699 2422 5731 ⁹³
2454 5699 2587 5755 ibid.
2621 5699 2711 5754 28.
