4070 6408
374 303 508 370 1257

1623 298 1929 360 GELASII
2002 295 2347 359 CYZlCENl

3519 301 3660 367 1288

371 412 485 486 μσ.
520 407 846 483 χρήματος],
875 408 934 462 τὸ
961 406 1184 478 Πνεῦμα
1223 405 1278 459 τὸ
1313 406 1489 474 ἆγιον,
1518 399 1692 477 οὗπερ
1717 407 1745 459 6
1787 404 1975 476 Πατὴρ
2016 405 2110 458 καὶ
2149 406 2177 457 6
2247 406 2392 471 Υἱὸς,
2424 407 2516 460 καὶ
2558 407 2903 478 συνυπάρχον
2949 406 3036 460 ἀεὶ
3081 406 3159 478 τῷ
3203 405 3383 481 Ilasz
3427 411 3519 465 καὶ
3558 369 3662 480 ,τῷ

371 501 508 573 Υίῷ.
573 500 839 563 Ἀκούεις,
897 496 1173 566 φιλόσοφε.
1552 572 1560 581 .

445 592 732 663 Responsio
762 587 1056 660 philosophi
1086 587 1155 639 ad
1185 595 1393 640 sanctos
1434 582 1616 640 Patres
1641 597 1868 642 nostros.

446 768 633 838 Igitur,
693 777 754 823 ut
807 766 1008 831 dicitis,
1074 771 1128 818 et
1179 762 1490 818 testimonia
1554 759 1962 834 Scripturarum

379 879 516 934 quas
543 861 872 934 proponitis,
899 859 1164 924 indicant,
1192 864 1404 927 oportet
1428 854 1686 926 Spiritum
1717 866 1962 912 sanctum

380 955 547 1010 Dcum
605 969 727 1008 esse
776 952 1049 1006 amrmare
1081 968 1094 1004 :
1128 950 1221 1003 sed
1277 947 1408 1002 mihi
1457 947 1669 1002 videtur
1716 957 1962 1002 coactam

377 1060 500 1099 esse
540 1046 679 1098 hanc
717 1041 1066 1103 sententiam,
1119 1039 1220 1093 nisi
1276 1039 1395 1092 alia:
1450 1035 1748 1107 Scriptum
1807 1038 1964 1092 nobis

380 1135 741 1203 proferantur.
803 1132 912 1185 Nisi
961 1132 1101 1201 quod
1151 1130 1237 1184 illa
1285 1131 1349 1183 de
1400 1129 1518 1182 Elin
1575 1128 1966 1182 demonstratio

383 1225 668 1278 manifesta
713 1233 816 1277 est.
866 1221 1105 1276 Alteram
1155 1235 1285 1274 vero
1331 1235 1396 1274 ex
1449 1219 1652 1291 Moysis
1701 1219 1964 1291 analcpsi,

381 1332 540 1384 quam
574 1323 792 1380 vocant,
823 1324 878 1368 ut
907 1313 1067 1383 paulo
1109 1321 1239 1367 ante
1269 1312 1506 1374 dixistis,
1541 1327 1820 1381 nunquam
1865 1326 1964 1365 au-

381 1405 488 1458 divi
539 1403 638 1456 nisi
688 1418 832 1456 none
861 1421 872 1456 :
900 1403 1252 1471 quamobrem
1304 1415 1334 1454 a
1385 1401 1540 1455 vobis
1573 1401 1806 1472 postulo,
1851 1399 1964 1454 cla-

383 1495 580 1548 riorem
628 1494 758 1547 mihi
809 1508 996 1547 eorum
1031 1507 1151 1562 qua:
1179 1494 1322 1547 dicta
1376 1503 1525 1557 sunt,
1553 1493 1961 1548 consistentiam

383 1585 453 1639 ob
497 1585 682 1639 oculos
733 1584 1063 1638 exhibeatis.
1105 1584 1186 1638 Ad
1223 1583 1682 1655 perfectissimam
1717 1587 1860 1638 enim
1898 1583 1966 1638 de

386 1677 590 1747 Spiritu
621 1687 810 1730 sancto
841 1676 1222 1731 certitudiuem
1252 1691 1356 1730 non
1388 1677 1521 1731 mihi
1549 1675 1820 1730 suﬂiciunt
1845 1691 1966 1746 qua:

375 1770 489 1839 jam
534 1786 562 1824 a
592 1770 744 1825 vobis
776 1771 918 1824 dicta
953 1760 1100 1835 sntit,
1137 1770 1231 1824 sed
1274 1770 1577 1825 candidiori
1610 1780 1770 1840 atque
1806 1769 1966 1823 vehe-

385 1859 637 1914 mentiori
671 1873 923 1913 sermone
953 1873 1088 1928 0pns
1116 1859 1277 1913 habet
1317 1860 1431 1914 haec
1474 1859 1811 1931 hypotliesis.
1847 1858 1962 1913 Non

386 1947 532 2003 enim
562 1949 627 2002 de
655 1949 858 2018 passim
897 1949 1316 2004 occurrentibus
1346 1950 1575 2018 quaestio
1609 1959 1711 2004 est.

397 2057 679 2128 Responsio
728 2069 1029 2130 sanctorum
1067 2057 1294 2113 Patrum
1342 2076 1434 2128 per
1484 2060 1722 2115 eumdem
1762 2063 1966 2130 episco-

685 2145 808 2198 pum
837 2128 1116 2184 Leontium
1159 2131 1228 2183 ad
1259 2131 1648 2201 philosoﬂmm.

449 2244 582 2299 Cum
635 2243 707 2298 sit
755 2243 973 2313 copiosa
1007 2257 1198 2297 eorum
1231 2258 1350 2314 qua:
1399 2245 1494 2300 tibi
1529 2256 1780 2301 enarrata
1815 2255 1967 2312 sunt,

380 2334 794 2400 demonstratio,
839 2342 892 2389 et
937 2335 1250 2390 testimonia
1305 2350 1373 2390 ex
1419 2336 1618 2392 divinis
1669 2337 1967 2406 Scripturis

380 2425 817 2491 evidentissima,
854 2440 976 2494 quae
1009 2427 1342 2495 persuadere
1382 2427 1476 2482 tibi
1508 2428 1837 2497 pmpositam
1865 2429 1966 2498 hy-

380 2517 650 2586 pothesim
709 2517 944 2582 valeant,
1003 2518 1292 2583 miramur,
1352 2532 1387 2573 o
1443 2518 1789 2589 philosophe,
1838 2535 1968 2589 quo-

380 2610 541 2663 modo
575 2609 669 2678 qui
703 2617 850 2662 tanta
897 2609 1256 2679 intelligentia
1301 2609 1504 2666 videris
1531 2610 1757 2681 pollere,
1791 2611 1966 2668 adhuc

381 2699 617 2754 dubitas.
649 2697 1135 2755 Verumenimvero
1166 2739 1181 2765 ,
1237 2703 1538 2770 prmsertim
1579 2716 1702 2757 cum
1745 2711 1796 2757 te
1832 2705 1968 2758 veri-

381 2801 546 2846 tatem
576 2789 822 2861 aspicere
844 2790 1115 2856 volutnus,
1149 2793 1331 2850 ethoc
1360 2807 1667 2862 precamur,
1697 2805 1751 2849 et
1773 2794 1968 2850 exhor-
2021 2838 2025 2840 -

381 2892 561 2936 tamur
581 2881 924 2953 prudentiam
977 2891 1145 2948 tuam,
1193 2894 1251 2938 ut
1277 2883 1510 2953 incipias
1555 2886 1852 2941 increatam
1899 2885 1964 2940 il-

381 2975 487 3029 lam
518 2984 573 3030 et
611 2974 1005 3030 immutabilem
1055 2986 1305 3030 naturam
1341 2979 1446 3032 lide
1494 2977 1812 3048 intelligere,
1858 2993 1964 3032 non

383 3077 562 3121 autem
608 3067 861 3123 humanis
897 3067 1223 3133 rationibus,
1273 3075 1330 3122 ut
1377 3083 1520 3139 saepe
1548 3069 1807 3134 diximus,
1849 3083 1967 3138 qua:

385 3154 730 3208 intellectum
784 3163 1079 3223 superant,
1133 3157 1347 3211 curiose
1397 3157 1600 3212 audeas
1650 3157 1961 3228 inquirere,

1986 589 2035 648 Α
2075 580 2423 649 Ἀπόκρισις
2479 581 2586 636 τοῦ
2638 586 2986 662 ξεινίοσςξέρου
3033 586 3186 655 πρὸς
3245 589 3388 656 τοὺς
3443 591 3660 662 ἁγίους

2621 653 2792 723 ἡμῶν
2827 653 3112 725 Πατέραῤ.

2135 765 2370 832 Οὐκοῦν,
2411 765 2598 831 καθώς
2646 784 2806 836 φατε,
2862 769 2956 823 καὶ
3007 771 3065 825 αἱ
3106 773 3409 843 μαρτυρίαι
3452 774 3509 829 δὲ
3545 777 3658 830 τῶν

2066 856 2318 928 Γραφῶν,
2372 849 2449 911 ὧν
2498 856 2880 928 παρηγάγετε,
2925 857 3172 930 δηλοῦσι,
3221 859 3496 929 θεολογεῖν
3573 865 3662 918 δεῖ

2065 949 2162 1002 καὶ
2191 950 2252 1002 τὸ
2282 949 2507 1020 Πνεῦμα
2535 949 2594 1002 τὸ
2627 948 2785 1018 ἅγιον
2810 966 2822 980 °
2860 951 2953 1006 καί
2985 968 3076 1022 μοι
3110 951 3263 1006 δοκεῖ
3287 952 3663 1026 βεξιασμένην

2067 1035 2329 1111 εἶναιτὴν
2354 1041 2583 1107 ἔννοιαν,
2641 1043 2690 1096 εί
2741 1041 2818 1112 μὴ
2852 1043 2920 1097 τὰ
2957 1043 3068 1098 τῶν
3106 1044 3344 1116 Γραφῶν
3375 1047 3466 1114 ὑφ’
3501 1049 3662 1118 ἡμῶν

2069 1131 2348 1203 παρήχθη.
2379 1132 2526 1204 Πλὴν
2548 1132 2610 1187 τὸ
2632 1134 2730 1205 μὲν
2766 1135 2898 1204 περὶ
2939 1134 3163 1205 Ἐλιοὺμ
3195 1135 3291 1190 τοῦ
3327 1135 3661 1202 Βουζανίτου

2069 1221 2246 1291 σαφὴς
2278 1225 2310 1292 ἡ
2343 1221 2636 1290 ἀπόδειξις.
2662 1223 2802 1294 Περὶ
2825 1223 2880 1277 δὲ
2912 1224 3012 1295 τῆς
3039 1225 3302 1298 meum;
3334 1227 3662 1300 ἀναλήψεως

2066 1312 2336 1377 Μωσέως,
2395 1314 2523 1384 περὶ
2562 1311 2630 1386 ἧς
2679 1314 2884 1386 ἀρτίως
2945 1316 3232 1387 είρήκατε,
3275 1318 3398 1372 οὐδὲ
3443 1321 3662 1390 ἀκήκοά

2071 1421 2223 1470 ποτε,
2257 1408 2303 1458 εί
2353 1407 2429 1477 μὴ
2473 1406 2568 1460 νῦν
2594 1423 2608 1437 ⁸
2651 1406 2776 1461 ὅθεν
2833 1408 2974 1461 αἰτῶ
3005 1408 3150 1479 ὑμᾶς
3185 1411 3529 1480 σαφεστέραν
3567 1430 3660 1481 μοι

2067 1496 2176 1549 τῶν
2231 1496 2533 1566 λεχθέντων
2589 1499 2946 1570 παραστῆσαι
3004 1499 3102 1570 τὴν
3165 1500 3449 1556 σύστασιν.
3511 1504 3659 1575 Πρὸς

2067 1587 2460 1659 ὲντελεστάτην
2490 1589 2598 1660 γὰρ
2625 1588 3005 1661 πληροφορίαν
3043 1592 3172 1662 περὶ
3201 1590 3300 1645 τοῦ
3333 1592 3659 1664 Πνεῦματος

2068 1678 2169 1732 οὐκ
2194 1680 2443 1752 αὐτάρκη
2474 1698 2564 1752 μοι
2594 1683 2662 1736 τὰ
2701 1681 2805 1752 ἤδη
2847 1683 2978 1754 παρ’
3011 1683 3166 1754 ὑμῶν
3195 1683 3456 1754 λεχθέντα
3485 1702 3499 1715 ·
3526 1685 3659 1739 λευ⁸

2069 1773 2298 1844 κοτέρας
2360 1774 2466 1844 γὰρ
2519 1773 2693 1828 δεῖται
2735 1775 2991 1845 φράσεως
3045 1775 3140 1830 καὶ
3178 1779 3567 1850 γενναιοτέρας
3619 1783 3654 1852 ἡ

2071 1865 2348 1928 ὑπόθεσις.
2386 1865 2459 1917 Οὐ
2485 1864 2597 1936 γὰρ
2630 1862 2758 1934 περὶ
2789 1863 2900 1917 τῶν
2923 1864 3198 1936 τυχόντων
3223 1868 3256 1936 ή
3293 1864 3544 1938 ζήτησις.

2083 2064 2424 2134 Ἀπόκρισις
2477 2062 2601 2134 τῶν
2649 2063 2830 2132 ἁγίων
2873 2062 3044 2133 ἡμῶν
3085 2066 3367 2134 Hart-Spw
3405 2066 3504 2122 διὰ
3545 2068 3654 2122 τοῦ

2143 2133 2332 2187 αὐτοῦ
2377 2132 2722 2188 ἐπισκόπου
2781 2132 3072 2190 Λεοντίου
3136 2132 3290 2206 πρὸς
3333 2135 3441 2191 τὸν
3477 2139 3654 2206 φιλό-

2140 2220 2358 2272 cogor.

2142 2315 2348 2386 Πολλῆς
2379 2314 2546 2386 οὔσης
2580 2315 2677 2386 τῆς
2720 2315 2830 2371 τῶν
2871 2316 3280 2389 εἰσηγηθέντων
3323 2335 3407 2372 σοι
3433 2319 3656 2373 ἀποδεί-

2070 2413 2226 2480 ξεως,
2253 2411 2348 2463 καὶ
2383 2409 2797 2480 ἐναργεστάτων
2822 2407 2930 2462 τῶν
2963 2409 3280 2482 μαρτυριῶν
3310 2409 3420 2463 τῶν
3449 2412 3512 2465 ἐκ
3535 2411 3647 2464 τῶν

2073 2503 2237 2557 θείων
2270 2501 2524 2573 Γραφῶν,
2563 2500 2750 2554 πεῖσαί
2785 2517 2845 2554 σε
2873 2499 3193 2570 δυναμένων
3237 2499 3365 2572 περὶ
3394 2501 3492 2572 τῆς
3523 2519 3660 2572 προ-

2069 2595 2331 2666 κειμένης
2371 2593 2702 2658 ὑποθέσεως,
2740 2587 2785 2647 ὦ
2817 2592 3108 2662 φιλόσοφε,
3139 2591 3494 2663 θαυμάζομεν
3535 2593 3658 2659 πῶς

2068 2688 2339 2759 τοσαύτης
2365 2686 2635 2748 συνέσεως
2678 2685 2852 2740 δοκῶν
2885 2683 3140 2755 ἔμπλεως
3182 2679 3342 2752 εἶναι,
3371 2684 3452 2739 ἔτι
3480 2687 3657 2758 ἀμφι-

2070 2777 2307 2842 ϐάλλεις.
2353 2776 2492 2830 Ἀλλ’
2535 2776 2727 2847 ἐπειδή
2765 2793 2824 2829 σε
2853 2774 2989 2846 πρὸς
3011 2774 3112 2846 τὴν
3141 2775 3403 2847 ἀλήθειαν
3433 2776 3656 2847 βλέπειν

2069 2871 2349 2942 ἐθέλομεν,
2388 2869 2661 2924 καὶτοῦτο
2689 2867 2966 2940 εὐχόμεθα
2987 2907 3003 2932 ,
3050 2867 3433 2939 παραινοῦμεν
3463 2886 3558 2924 σου
3586 2873 3653 2942 τῇ

2074 2964 2286 3018 συνέσει
2317 2961 2586 3030 ἄρξασθαι
2643 2960 2826 3013 πίστει
2877 2961 3020 3013 νοεῖν
3063 2958 3164 3030 τὴν
3198 2959 3457 3016 ἄκτιστον
3490 2961 3654 3030 φύσιν

2071 3058 2306 3126 ἐκείνην,
2355 3057 2448 3108 καὶ
2483 3055 2749 3126 ἄτρεπτον
2779 3071 2794 3084 ·
2831 3053 2924 3108 καὶ
2982 3053 3058 3125 μὴ
3094 3054 3458 3125 ἀνθρωπίνοις
3505 3055 3650 3124 λογι-

2073 3150 2335 3218 σμοῖς,ὡς
2356 3147 2614 3210 πολλάκις
2641 3147 2966 3216 εἰρήκαμεν,
2986 3145 3460 3216 πολυπραγμονεῖν
3479 3163 3643 3201 κατα-

379 3258 557 3313 neque
605 3245 788 3313 pravis
843 3255 900 3300 et
953 3246 1134 3316 impiis
1188 3248 1305 3301 Arii
1360 3248 1711 3317 opinionibus
1759 3250 1962 3304 auxilio

2069 3242 2244 3311 τόλμα
2293 3239 2362 3292 τὰ
2395 3239 2536 3309 ὑπὲρ
2570 3239 2694 3293 νοῦν
2723 3254 2736 3267 ·
2779 3237 2854 3309 μὴ
2879 3241 2998 3301 ταῖς
3033 3236 3348 3304 κακοδόξοις
3377 3239 3472 3293 καὶ
3525 3241 3655 3293 ἀσε-

381 3348 504 3389 esse
550 3336 736 3390 taudin
789 3338 1101 3402 sustineas,
1157 3337 1390 3392 maxime
1443 3354 1565 3394 cum
1611 3339 1966 3412 philosophus

383 3426 480 3490 sis,
524 3435 582 3479 ut
613 3429 718 3491 ais,
767 3442 800 3480 ο
828 3427 1190 3498 philosophe;
1241 3431 1332 3484 sed
1367 3429 1598 3485 ﬁdeliter
1641 3432 1875 3502 suscipe,
1910 3443 1966 3489 ut

381 3516 544 3587 paulo
595 3527 722 3572 ante
773 3519 1105 3584 monuimus,
1150 3530 1204 3574 et
1256 3536 1376 3591 qua:
1422 3522 1512 3575 tibi
1547 3531 1672 3577 sunt
1706 3523 1870 3590 dicta,
1911 3534 1968 3580 et

383 3623 502 3677 qua:
531 3608 754 3663 dicenda
803 3621 950 3664 sunt.
1004 3611 1241 3666 Admitte
1292 3627 1450 3666 unam
1486 3614 1819 3670 divinitatem
1867 3615 1968 3672 Pa-

383 3699 482 3752 tris
514 3697 708 3752 Filinm
743 3700 1093 3757 ineﬂ'abiliter
1123 3706 1459 3773 generanlis,
1484 3714 1536 3760 cl
1562 3703 1664 3761 Fili
1697 3722 1761 3763 ex
1783 3723 1849 3764 eo
1872 3723 1968 3780 ge-

383 3791 502 3854 niti,
543 3801 597 3846 et
623 3789 856 3860 Spiritus
880 3794 1054 3849 sancti
1085 3809 1149 3849 cx
1191 3799 1378 3852 eodem
1414 3797 1573 3855 Patre
1596 3801 1963 3870 procedentis,

385 3883 475 3950 qui
496 3894 548 3938 et
573 3885 823 3952 proprius
848 3894 932 3939 est
953 3883 1098 3952 Filii,
1121 3897 1176 3940 ut
1197 3887 1272 3940 ait
1295 3889 1508 3945 divinus
1531 3894 1806 3960 apostolus
1825 3893 1966 3950 Pau-

383 3976 466 4029 lus
497 3993 508 4028 :
542 3993 560 4025 ι
593 3975 693 4041 Qui
735 3971 988 4046 spiritum
1019 3977 1224 4036 Christi
1267 3999 1370 4037 non
1403 3982 1586 4049 habet,
1617 3986 1702 4041 hic
1738 4001 1840 4040 non
1881 3996 1966 4042 est

329 4135 344 4146 '
381 4067 498 4136 ejus
520 4068 597 4134 ¹¹;
629 4085 648 4118 ι
699 4076 754 4122 et
788 4067 929 4124 idem
974 4070 1136 4125 alibi:
1165 4090 1182 4123 ι
1211 4071 1470 4129 Dominus
1516 4083 1695 4130 autem
1725 4073 1962 4146 Spiritus

381 4159 565 4226 est";
600 4177 618 4209 ι
675 4168 732 4215 et
777 4175 965 4217 rursus
1002 4180 1016 4216 :
1051 4180 1070 4215 ι
1102 4161 1406 4221 Divisiones
1456 4169 1756 4237 gratiarum
1811 4179 1958 4235 sunt,

383 4251 521 4305 idem
572 4259 754 4306 autem
811 4251 1103 4324 Spiritus:
1147 4263 1202 4311 et
1253 4257 1548 4313 divisiones
1598 4259 1961 4314 ministratio-

381 4357 509 4396 num
548 4351 697 4410 sunt,
736 4343 878 4399 idem
909 4355 1090 4400 autem
1121 4345 1378 4400 Dominus
1402 4358 1484 4401 :et
1516 4348 1807 4404 divisiones
1835 4365 1962 4419 ope-

385 4435 654 4488 rationum
672 4443 820 4498 sunt,
838 4435 976 4490 idem
997 4444 1176 4489 autem
1197 4433 1356 4503 Dens,
1383 4438 1474 4504 qui
1501 4449 1758 4508 operatur
1776 4441 1957 4494 omnia

2073 3335 2226 3388 Céatv
2276 3333 2508 3395 ἐννοίαις
2573 3331 2784 3402 Ἀρείου
2809 3331 3188 3402 συμφέρεσθαι
3256 3331 3350 3384 ἐπὶ
3405 3332 3656 3386 πλεῖστον

2070 3428 2195 3481 ὅσον
2218 3425 2443 3495 ἀνέχου,
2473 3422 2761 3492 φιλόσοφος
2796 3421 2893 3490 ὢν,
2925 3423 3002 3488 ὡς
3033 3423 3161 3492 φὴς,
3200 3421 3478 3492 φιλόσοφε,
3516 3423 3656 3478 ἀλλὰ

2068 3521 2223 3590 δέχου
2246 3517 2476 3582 πιστῶς,
2509 3517 2584 3580 ὡς
2605 3517 2807 3586 ἀρτίως
2831 3516 3158 3587 εἰρήκαμεν,
3187 3516 3255 3570 τά
3273 3533 3330 3569 τε
3347 3515 3440 3570 νῦν
3462 3515 3661 3588 ρηθέν-

2067 3629 2136 3665 τα
2197 3627 2314 3676 σοι,
2354 3609 2423 3662 τά
2463 3626 2523 3662 τε
2567 3607 2831 3678 μέλλοντα
2888 3607 3246 3678 ῥηθήσεσθαι.
3299 3609 3466 3678 Δέχου
3525 3609 3661 3678 μίαν

2069 3702 2299 3773 θεότητα
2328 3701 2422 3756 τοῦ
2457 3701 2670 3774 Πατρὺς
2695 3701 2789 3754 τοῦ
2811 3697 3185 3771 γεννήσαντος
3214 3701 3306 3753 τὸν
3333 3699 3466 3754 Υίδν
3487 3705 3656 3758 ἁνεκ·

2068 3795 2343 3867 φράστως,
2363 3792 2564 3847 καὶτοῦ
2586 3791 2719 3845 Υίοῦ
2737 3791 2830 3845 τοῦ
2845 3791 3246 3860 γεγεννημένου
3277 3791 3336 3855 ἐξ
3354 3790 3542 3852 αὑτοῦ,
3559 3793 3658 3846 καὶ

2063 3883 2161 3938 τοῦ
2179 3883 2336 3952 ἁγίου
2363 3881 2684 3952 Πνεύματος
2707 3881 2800 3934 τοῦ
2825 3879 3267 3950 ἐκπορευομένου
3291 3879 3350 3944 ἐξ
3371 3880 3537 3938 αὐτοῦ
3555 3882 3653 3933 τοῦ

2065 3977 2302 4048 Πατρδς,
2337 3974 2472 4028 ίδίου
2502 3973 2559 4026 δὲ
2584 3972 2734 4036 ὄντος
2757 3972 2850 4025 τοῦ
2885 3971 3038 4036 Υίοῦ,
3075 3971 3218 4026 καθά
3251 3989 3415 4041 φησιν
3451 3973 3478 4024 6
3508 3971 3656 4035 θεῖος

2061 4065 2362 4129 ἀπόστολος
2419 4063 2664 4127 Παῦλος·
2711 4081 2729 4115 ι
2775 4063 2843 4118 Εἴ
2886 4080 2968 4126 τις
3004 4061 3232 4133 Πνεῦμα
3281 4061 3520 4134 Χριστοῦ
3547 4068 3658 4118 οὐκ

2063 4159 2198 4230 ἔχει,
2227 4149 2381 4220 οὗτος
2415 4157 2516 4209 οὐκ
2538 4155 2684 4208 ἐστιν
2705 4153 2893 4208 αὑτοῦ.
2936 4173 2954 4204 ›
2984 4153 3092 4207 Καὶ
3123 4152 3358 4224 ἀλλαχοῦ
3391 4155 3418 4206 6
3449 4154 3612 4216 αὐτός
3639 4173 3649 4182 ·

2067 4266 2087 4301 ι
2133 4248 2194 4302 '0
2212 4247 2268 4300 δὲ
2292 4248 2497 4318 Κύριος
2517 4244 2579 4297 τὸ
2602 4242 2828 4314 Πνεῦμά
2861 4243 3000 4296 ἐστι.
3035 4261 3052 4294 ι
3086 4243 3192 4296 Καὶ
3214 4242 3372 4296 πάλιν
3397 4259 3410 4272 ·
3452 4261 3471 4292 ι
3503 4245 3656 4296 Διαιιη

2064 4340 2242 4410 ρέσεις
2269 4339 2327 4394 δὲ
2357 4337 2716 4408 χαρισμάτων
2747 4336 2876 4400 εἰσὶ,
2918 4335 2980 4389 τὸ
3001 4334 3057 4387 δὲ
3093 4335 3227 4389 αὐτὸ
3255 4335 3482 4406 Πνεῦμα
3501 4350 3515 4364 ⁶
3557 4337 3654 4389 καὶ

2061 4432 2356 4503 διαιρέσεις
2381 4427 2668 4482 διακονιῶν
2698 4429 2858 4490 εἰσιν,
2893 4427 2920 4479 6
2953 4427 3012 4480 δὲ
3061 4427 3226 4491 αὐτὸς
3267 4427 3472 4498 Κύριος
3497 4443 3511 4456 ⁸
3549 4429 3652 4480 καὶ

380 4525 433 4578 in
475 4526 728 4581 omnibus
764 4525 842 4594 ";
884 4547 902 4580 ι
937 4538 991 4582 et
1021 4537 1140 4595 post
1169 4543 1274 4581 non
1313 4527 1476 4580 multa
1514 4545 1528 4581 :
1565 4547 1582 4578 ι
1630 4527 1751 4582 Haec
1779 4540 1958 4584 autem

2063 4524 2335 4594 ιιαιρέσεις
2363 4519 2758 4592 ἐνεργημάτων
2779 4521 2939 4586 εἰσὶν,
2967 4519 2994 4574 6
3012 4520 3068 4573 δὲ
3095 4521 3258 4585 αὐτὸς
3280 4520 3412 4584 Θεὸς
3440 4521 3470 4574 6
3493 4520 3650 4592 ὲνερ-

377 4617 559 4667 onmia
634 4625 889 4684 operatur
941 4631 1080 4669 unus
1141 4623 1305 4681 atque
1367 4614 1505 4668 idem
1565 4614 1839 4684 Spiritus.
1885 4619 1958 4672 di-

379 4703 568 4757 videns
591 4706 884 4773 unicuiqne
907 4715 1068 4774 prout
1090 4707 1202 4760 vult
1220 4705 1285 4760 ”.
1320 4724 1338 4757 ι
1369 4706 1506 4760 Ecce
1535 4707 1647 4771 tibi,
1674 4723 1706 4762 ο
1728 4709 1958 4778 philoso-

378 4795 514 4864 pllc,
541 4795 1038 4851 manifestissimum
1067 4796 1618 4866 demonstrationem,
1645 4815 1763 4868 qua:
1791 4801 1956 4854 Deum

379 4885 635 4952 praedicat
663 4886 924 4955 Spiritum
953 4899 1198 4940 sanctum
1219 4928 1234 4952 ,
1263 4896 1315 4942 et
1341 4905 1458 4958 qua:
1483 4892 1718 4946 ostendit
1744 4892 1862 4960 ejus
1886 4907 1953 4946 ex

381 4987 572 5029 natura
604 4992 697 5031 sua
728 4978 1222 5046 potestatetit.\’iilc
1249 4980 1411 5050 igitur
1434 4984 1706 5050 quomodo
1735 4982 1814 5036 sic
1845 4986 1919 5034 ait
1945 4999 1959 5034 :

388 5083 406 5118 ι
451 5068 751 5124 Divisiones
785 5068 1160 5134 operationmn
1199 5081 1356 5135 sunt,
1393 5075 1532 5126 idem
1568 5084 1748 5128 autem
1786 5075 1958 5136 Dens,

381 5160 471 5228 qui
506 5168 760 5230 operatur
789 5159 968 5211 omnia
1007 5161 1056 5213 in
1093 5165 1361 5218 omnibus.
1402 5184 1418 5216 ι
1459 5163 1523 5218 Ει
1559 5165 1684 5218 illud
1721 5181 1734 5218 :
1773 5183 1791 5214 ι
1837 5164 1959 5218 1Ιέυο

381 5259 558 5305 autem
601 5253 780 5304 omnia
818 5261 1078 5318 operatur
1113 5271 1249 5310 unus
1297 5265 1458 5326 atque
1500 5258 1638 5312 idem
1686 5255 1955 5325 Spiritus,

383 5343 474 5410 qui
517 5342 704 5396 dividit
747 5341 1034 5410 unicuique
1075 5357 1234 5414 prout
1268 5347 1398 5401 vult.
1445 5366 1462 5397 ι
1507 5347 1572 5402 Et
1610 5346 1864 5400 Dominus
1906 5345 1956 5398 in

382 5429 710 5502 Evangeliis,
739 5444 797 5488 ut
824 5433 952 5495 scis,
985 5437 1318 5493 manifestius
1348 5437 1416 5492 ad
1449 5437 1850 5492 Samaritanam
1879 5436 1958 5490 lo-

383 5537 578 5592 quens,
608 5523 682 5578 ait
713 5543 727 5581 :
770 5545 788 5576 ι
828 5522 1061 5594 Spiritus
1090 5539 1173 5584 est
1205 5531 1342 5585 Deus
1371 5529 1434 5583 ”.
1475 5547 1493 5580 ι
1531 5527 1588 5584 Si
1619 5545 1746 5600 ergo
1782 5529 1959 5597 Spiri-

433 5681 475 5713 "
511 5679 667 5735 Rom.
701 5697 828 5754 vin,
851 5679 907 5736 9.
979 5682 1020 5713 "
1050 5681 1094 5736 ll
1123 5682 1250 5740 Cor.
1283 5681 1336 5748 ‘5,
1372 5681 1458 5736 17.
1535 5682 1578 5714 ⁸³
1613 5681 1630 5733 1
1663 5681 1789 5739 Cor.
1827 5697 1926 5748 ιιι,
1961 5716 1964 5727 ι

2063 5679 2100 5736 5.
2170 5681 2213 5712 ’⁸
2238 5679 2366 5736 ibid.
2403 5679 2490 5733 ll.

1991 4585 2034 4640 θ
2066 4585 2177 4682 γῶν
2190 4613 2256 4666 τὰ
2271 4585 2524 4665 πάνταεν
2540 4585 2694 4664 πᾶσι.
2725 4630 2741 4662 t
2759 4611 2870 4664 Καὶ
2891 4611 3086 4682 μετόὑ
3107 4611 3272 4666 πολλά
3299 4627 3312 4642 ·
3339 4631 3357 4664 ι
3379 4611 3566 4667 Πάντα
3590 4585 3652 4666 δὲ

2065 4703 2237 4757 ταῦτα
2270 4702 2486 4773 ἐνεργεῖ
2515 4701 2574 4755 τὸ
2607 4701 2665 4755 ἓν
2699 4703 2791 4756 καὶ
2839 4703 2899 4756 τὸ
2938 4703 3071 4757 αὐτὸ
3101 4703 3360 4774 Πνεῦμα,
3402 4704 3649 4777 διαιροῦν

2068 4795 2175 4866 tae;
2204 4794 2416 4864 ἑκάστῳ
2455 4790 2637 4858 καθὼς
2667 4793 2940 4865 βούλεται.
2986 4813 3003 4845 ι
3053 4795 3184 4848 Ἰδοὺ
3211 4835 3223 4858 ,
3248 4788 3294 4848 ὦ
3348 4794 3606 4864 φιλόσοφε
3633 4836 3647 4864 ,

2063 4885 2378 4955 σαφεστάτη
2420 4885 2517 4939 καὶ
2549 4885 2865 4956 τρανωτὲρα
2899 4885 3177 4950 ἀπόδειξις
3211 4885 3538 4954 θεολογοῦσα
3585 4888 3647 4940 τὸ

2062 4977 2286 5047 Πνεῦμα
2312 4979 2372 5032 τὸ
2401 4977 2577 5045 ἆγιον,
2620 4977 2946 5030 δεικνύουσα
2972 4977 3137 5032 αὐτοῦ
3172 4979 3272 5048 τὴν
3299 4978 3643 5039 αὐτεξουσιὸ-

2061 5087 2220 5140 τητα.
2257 5071 2398 5139 Ὅρα
2431 5068 2546 5131 πῶς
2569 5063 2671 5121 ὧδε
2701 5069 2850 5135 λέγει
2881 5084 2892 5098 ⁸
2931 5087 2947 5118 ⁶
2983 5069 3288 5138 Διαιρέσειῖ
3317 5069 3372 5121 δὲ
3407 5071 3639 5137 ἐνερκίῨ

2046 5153 2252 5232 ’μάτων
2276 5162 2436 5226 εἰσὶν,
2460 5164 2487 5214 6
2515 5161 2571 5214 δὲ
2597 5161 2760 5224 αὐτὸς
2803 5162 2934 5224 Θεὸς
2962 5164 2990 5213 ὁ
3016 5162 3256 5232 ἐνεργῶν
3282 5162 3350 5215 τά
3377 5162 3552 5214 πάντα
3588 5163 3644 5212 ἐν

2063 5257 2218 5308 πᾶσι.
2255 5273 2272 5304 ι
2303 5255 2413 5306 Καὶ
2436 5253 2517 5320 τὸ,
2547 5253 2733 5307 Πάντα
2765 5253 2821 5304 δὲ
2854 5253 3024 5308 ταῦτα
3055 5255 3268 5326 ἐνεργεῖ
3295 5253 3353 5305 τὸ
3379 5251 3436 5305 ἓν
3471 5254 3561 5306 καὶ
3586 5253 3646 5304 τὸ

2061 5345 2194 5398 αὐτὸ
2231 5343 2488 5415 Πνεῦμα,
2523 5341 2769 5415 διαιροῦν
2811 5343 2916 5412 ἰδία
2973 5345 3185 5413 ἑκάστῳ
3227 5335 3407 5406 καθῷς
3459 5343 3644 5412 395).:-

2059 5453 2151 5490 ται
2175 5452 2186 5465 ⁸
2238 5455 2257 5487 ι
2296 5437 2408 5488 Καὶ
2431 5437 2458 5487 6
2495 5434 2698 5506 Κύριος
2731 5433 2787 5487 δὲ
2827 5436 2885 5487 ὲν
2932 5435 3317 5503 Εὖαγγελίςις,
3350 5435 3424 5499 ὡς
3453 5430 3642 5495 οἶσθα,

2071 5526 2258 5596 σαφῶς
2287 5526 2668 5598 διαλεγόμενος
2704 5526 2842 5596 πρὸς
2874 5526 2973 5596 τὴν
3006 5527 3362 5597 Σαμαρῖῖεδα,
3395 5529 3445 5578 τί
3473 5541 3640 5594 φησις

2574 5679 2616 5711 ³⁸
2644 5676 2801 5734 Joan.
2835 5695 2912 5744 tv,
2939 5678 3030 5734 24.
