4070 6430
340 395 477 456 1239

342 525 359 549 ς
406 500 628 569 Πνεῦμα
669 502 697 554 6
725 499 878 562 856;.

336 589 472 651 θεὸς
502 589 596 642 καὶ
628 589 689 642 τὸ
718 587 938 657 πνεῦμα
958 626 972 651 ,
1003 585 1119 639 ἀλλ’
1145 585 1245 637 οὑκ
1273 584 1432 647 ἄλλος
1459 587 1555 637 καὶ
1577 583 1756 647 ἄλλος,
1781 582 1916 635 ἀλλὰ

338 682 439 751 μία
464 682 654 752 θεότης
691 682 802 734 τῶν
847 680 1091 749 θατέρων
1124 676 1452 747 προσώπων,
1501 676 1644 728 κατὰ
1682 675 1779 746 τὴν
1808 675 1917 728 τῶν

339 777 689 829 ὑποστὲσεων
713 774 944 827 ἔννοιαν.
989 769 1151 824 Ἀλλὰ
1178 768 1471 838 πρόσωπον
1495 767 1807 829 ἀκούοντες,
1842 766 1917 836 μὴ

337 866 807 936 ἀνθρωπόμορφον
851 866 912 917 τὸ
962 863 1106 916 θεῖον
1154 861 1531 931 ὑπολάϐωμεν.
1593 858 1918 913 Ἀσὺνθετον

304 1016 307 1021 ι
338 955 448 1027 γὰρ
475 956 566 1009 καὶ
594 957 1025 1027 ἀσχημάτιστον,
1074 951 1256 1015 καθὼς
1282 953 1377 1005 καὶ
1406 952 1463 1003 ὲν
1512 951 1657 1021 ἀρχῇ
1691 949 1799 1003 τῶν
1829 949 1917 1002 λό-

339 1066 473 1115 γων,
506 1049 598 1101 καὶ
630 1048 793 1111 αὑτὸς
815 1086 830 1111 ,
863 1047 936 1109 ὡς
961 1047 1055 1098 καὶ
1077 1046 1261 1114 ἡμεῖς,
1293 1042 1778 1113 καθωμολόγησας.
1809 1041 1918 1094 Καὶ

339 1141 448 1211 γὰρ
481 1142 573 1194 καὶ
595 1144 622 1194 ὀ
648 1142 875 1213 οὑρανδς
912 1141 1006 1193 καὶ
1032 1142 1063 1209 ἡ
1093 1140 1164 1210 γῆ
1205 1138 1498 1209 πρόσωπον
1530 1135 1674 1206 ἔχειν
1702 1151 1918 1205 μεμαρ-

339 1235 594 1304 τύρηται,
628 1234 769 1286 καθὰ
795 1234 955 1297 αὑτὸς
995 1234 1022 1285 6
1049 1232 1256 1300 Κύριος
1294 1232 1351 1282 ἐν
1390 1228 1749 1296 Εὑαγγελίοις
1780 1228 1918 1298 πρὸς

338 1326 465 1387 τοὺς
495 1325 847 1395 Γραμματεῖς
881 1324 975 1376 καὶ
1026 1322 1354 1394 Φαρισαίους
1384 1319 1764 1389 διαλεγόμενος
1790 1318 1915 1388 ἔφη’

345 1437 364 1468 ι
412 1418 730 1487 Ὑποκριταὶ
750 1459 763 1476 ,
788 1416 849 1469 τὸ
877 1416 1168 1486 πρόσωπον
1190 1412 1285 1467 τοῦ
1316 1412 1547 1483 οὐρανοῦ
1573 1413 1666 1464 καὶ
1688 1412 1787 1481 τῆς
1816 1410 1919 1479 γῆς

339 1510 514 1561 οἴδατε
537 1507 873 1577 δοκιμάζειν,
909 1527 926 1558 ι
957 1508 1051 1561 καὶ
1072 1507 1140 1559 τὰ
1164 1504 1310 1576 ἑξῆς.
1339 1506 1454 1558 Πᾶν
1476 1507 1584 1574 γὰρ
1604 1503 1665 1556 τὸ
1690 1503 1920 1572 ὑφεστὸς

340 1600 425 1668 ἐφ’
467 1602 590 1654 ὅσον
616 1600 905 1668 ὑφίσταται
924 1641 939 1663 ,
969 1600 1262 1670 πρόσωπον
1289 1595 1434 1666 ἔχειν
1459 1595 1679 1664 λέγεται
1710 1597 1810 1667 τῆς
1838 1598 1918 1649 oi-

340 1696 496 1759 κείας
537 1695 791 1766 φύσεως,
835 1698 956 1767 ἦτοι
1005 1696 1213 1765 σχῆμα.
1267 1691 1430 1744 Ἀλλὰ
1473 1690 1579 1761 μὴν
1626 1692 1656 1743 6
1692 1687 1919 1758 οὐρανὸς

342 1787 435 1836 καὶ
468 1787 500 1853 ἡ
551 1785 620 1854 γῆ
664 1788 888 1848 κτιστδι,
928 1784 1071 1838 καθὰ
1104 1785 1198 1837 καὶ
1250 1786 1400 1835 πᾶσα
1442 1783 1475 1852 ἡ
1526 1780 1635 1833 τῶν
1675 1777 1919 1848 γενητῶν

1220 386 1590 449 HISTORIA
1629 388 1964 450 CONClLII
2007 386 2307 446 NIGENI.
2352 411 2418 420 —-
2456 348 2602 446 ΠΒ.
2645 386 2726 445 II.

918 517 937 548 ι
994 496 1055 548 Εἰ
1100 491 1191 548 οὖν
1242 490 1460 564 πνεῦμα
1499 494 1667 559 Θεὸς,
1702 494 1916 555 πάντως

2027 502 2105 545 tus
2135 501 2217 545 est.
2247 491 2408 554 Deus,
2438 492 2658 547 omnino
2685 502 2738 546 et
2766 492 2908 547 Deus
2936 493 3041 548 erit
3073 494 3327 561 Spiritus,
3360 511 3462 550 non
3493 517 3593 551 au—

3458 388 3592 450 Ῑὲθθ

2021 592 2127 637 teut
2163 583 2301 637 alius
2338 594 2502 653 atque
2535 584 2708 651 alius;
2744 584 2837 639 sed
2875 601 2977 639 una
3015 586 3273 642 divinitas
3312 591 3594 661 utriusque

2020 688 2283 744 persona},
2329 666 2480 744 jux'ta
2534 675 2909 746 ltypostasium
2960 680 3473 735 considerationem.
3522 683 3594 735 At

2018 781 2148 820 vero
2177 782 2299 820 cum
2331 783 2619 837 personam
2651 770 2921 837 audimus,
2958 787 3025 826 ne
3055 775 3412 843 suspicemur,
3448 782 3590 845 quod

2018 869 2103 914 est
2135 860 2374 913 divinum
2415 862 2616 917 habere
2652 864 2940 917 humanam
2980 864 3230 936 etiigiem.
3268 867 3477 938 Expers
3510 881 3591 924 cst

2019 952 2161 1006 enim
2206 954 2612 1022 compositionis
2658 963 2823 1024 atque
2869 956 3074 1026 ligurze,
3121 969 3176 1013 ut
3224 960 3278 1014 in
3328 963 3595 1031 principio

2020 1040 2444 1110 disputationum
2482 1053 2536 1097 tu
2573 1046 2716 1115 ipse,
2755 1048 2896 1102 sicut
2931 1055 2986 1102 et
3024 1063 3155 1114 nos,
3193 1050 3478 1106 confessus
3511 1068 3590 1106 es.

2020 1131 2153 1186 Nam
2187 1145 2242 1188 et
2276 1135 2472 1189 coelum
2504 1147 2559 1190 et
2592 1146 2792 1191 terram
2829 1153 3115 1208 personam
3152 1141 3353 1197 habere
3390 1151 3593 1198 testan-

2023 1235 2132 1288 tur,
2168 1227 2616 1294 quemadmodum
2651 1237 2707 1282 et
2744 1228 2859 1299 ipse
2894 1229 3156 1287 Dominus
3197 1233 3249 1286 in
3286 1232 3593 1302 Evangeliis

2020 1315 2085 1369 ad
2123 1316 2341 1392 Scribas
2375 1327 2429 1372 et
2463 1319 2762 1375 Pharismos
2798 1322 3043 1391 loquens,
3081 1323 3261 1379 aiebat
3296 1338 3312 1378 :
3352 1344 3372 1376 ι
3419 1327 3597 1396 llypo-

2020 1408 2190 1471 critte,
2219 1408 2408 1464 faciem
2435 1411 2548 1465 sive
2575 1426 2858 1478 personam
2885 1413 3003 1469 caeli
3032 1424 3087 1469 et
3113 1425 3273 1471 terra:
3298 1417 3597 1486 dijudicare

2022 1501 2293 1570 nostis";
2335 1521 2355 1553 ι
2392 1513 2447 1558 et
2502 1520 2624 1574 quae
2656 1516 2978 1575 sequuntur.
3013 1507 3285 1578 Quidquid
3320 1511 3465 1564 enim
3503 1526 3597 1580 per

2020 1605 2080 1646 se
2108 1593 2385 1658 subsistit,
2414 1605 2678 1665 quatenus
2707 1610 2801 1663 per
2828 1613 2886 1652 se
2914 1598 3194 1664 subsistit,
3229 1603 3463 1670 propriae
3493 1618 3595 1656 tta-

2021 1691 2156 1737 turte
2197 1698 2509 1753 personam,
2551 1687 2665 1741 sive
2705 1685 2920 1752 faciem,
2964 1690 3078 1744 sive
3126 1690 3351 1760 ﬁgurant
3397 1693 3599 1748 habere

2020 1772 2240 1828 dicitur.
2266 1774 2371 1829 Sed
2394 1776 2589 1830 coelum
2616 1778 2831 1847 quidem
2861 1790 2915 1834 et
2941 1788 3083 1835 terra
3114 1781 3253 1835 facta
3282 1793 3428 1845 sunt,
3456 1785 3599 1838 sicut

341 1874 519 1944 φύσις·
563 1878 595 1945 ἠ
625 1875 681 1928 δὲ
709 1875 827 1929 θεία.
863 1876 959 1929 καὶ
990 1876 1227 1946 ἄρρητος
1254 1874 1432 1940 οὐσία,
1461 1872 1734 1934 ἄκτιστος⁴
1770 1871 1919 1923 ἐπείο

2027 1874 2076 1918 et
2107 1866 2285 1920 omnis
2316 1878 2687 1923 creaturarum
2725 1880 2919 1926 natura
2953 1889 2968 1927 :
3005 1873 3306 1927 substantia
3344 1888 3473 1927 vero
3511 1876 3598 1928 di—

342 1983 447 2035 περ
472 1966 677 2029 ἁπλοῦς
702 1970 795 2021 καὶ
832 1966 1143 2029 ἁσύνθετος,
1173 1967 1264 2018 καὶ
1290 1965 1719 2034 ἀσχημάτιστος.
1754 1962 1919 2024 ἀΐδιός

339 2075 399 2110 τε
432 2057 527 2110 καὶ
570 2057 856 2121 ἀθάνατος.
915 2058 1053 2110 Ἀλλ’
1083 2060 1174 2112 ἐπὶ
1206 2057 1266 2110 τὸ
1302 2055 1662 2126 προκείμενον
1692 2055 1919 2107 ἐπανέλ-

343 2148 546 2215 θωμεν.
592 2148 976 2217 Ἀπεδείξαμεν
999 2148 1086 2203 διὰ
1116 2149 1376 2202 πλειόνων
1406 2147 1513 2200 τῶν
1534 2148 1599 2200 ὲκ
1622 2146 1732 2200 τῶν
1761 2146 1921 2199 θείων

343 2238 575 2307 Γραφῶν
631 2240 969 2311 μαρτυριῶν,
1026 2239 1458 2309 συνδημιουργὸν
1492 2236 1570 2307 τῷ
1605 2238 1779 2306 Πατρὶ
1828 2238 1922 2290 καὶ

341 2329 421 2400 τῷ
463 2331 578 2400 Υἱῷ
607 2332 787 2401 πάσης
822 2331 1053 2394 κτίσεως
1083 2332 1370 2401 ὁρωμένης
1408 2347 1468 2382 τε
1500 2331 1596 2382 καὶ
1627 2329 1923 2399 νοουμένης

342 2416 484 2474 εἶναι
512 2421 574 2473 τὸ
611 2420 839 2490 Πνεῦμα
881 2420 942 2473 τὸ
972 2421 1149 2489 ίιίγιον⁵
1197 2420 1431 2490 ἐπείπερ
1476 2418 1572 2470 καὶ
1619 2416 1923 2488 ἀχώριστον

350 2513 436 2565 ἀεί
473 2517 586 2565 ἐστι
622 2512 712 2565 τοῦ
754 2512 967 2583 Πατρὺς
994 2512 1086 2564 καὶ
1111 2510 1206 2564 τοῦ
1239 2509 1393 2576 Υἰοῦ,
1435 2508 1579 2563 καθὰ
1608 2509 1703 2561 καὶ
1728 2512 1756 2563 6
1794 2509 1922 2574 Υἱὸς

340 2604 435 2657 τοῦ
486 2605 700 2675 Πατρδς
724 2644 739 2668 ,
774 2604 869 2657 καὶ
910 2605 938 2656 ὁ
971 2603 1163 2674 Πατὴρ
1208 2601 1303 2656 τοῦ
1349 2602 1502 2655 Υίοῦ.
1552 2601 1720 2673 Δεῦρο
1749 2602 1806 2655 δὲ
1828 2645 1842 2666 ,
1875 2604 1924 2656 εἰ

342 2692 520 2756 δοκεῖ,
551 2692 796 2762 λάμϐανε
833 2695 926 2745 καὶ
960 2691 1027 2745 δι’
1072 2691 1511 2762 ὑποδειγμάτων,
1548 2694 1597 2745 εί
1628 2692 1722 2744 καὶ
1763 2692 1925 2746 ἀσθε-

343 2784 634 2853 νεστὲρων,
667 2785 912 2855 χρηστὰς
940 2785 1220 2854 ὑποθήκας
1245 2801 1259 2815 ·
1299 2786 1328 2836 6
1357 2784 1514 2853 λόγος
1541 2786 1569 2837 6
1618 2784 1710 2849 σὸς
1731 2823 1746 2848 ,
1778 2785 1924 2839 καθὰ

344 2874 439 2925 καὶ
469 2876 665 2938 amab,-
704 2875 994 2944 ἀνθρώπου
1017 2915 1032 2938 ,
1071 2876 1405 2946 προφορικὸς
1438 2876 1538 2946 μέν
1568 2878 1705 2944 ἐστι,
1734 2878 1928 2946 γεννᾶ-

344 2982 436 3017 ται
482 2967 539 3018 δὲ
592 2969 853 3037 ἁτμήτως
899 2970 963 3021 ὲκ
1010 2968 1104 3022 τοῦ
1139 2968 1233 3021 σοῦ
1282 2968 1396 3023 νοῦ.
1452 2969 1685 3040 ὀμοίως
1723 2971 1820 3025 καὶ
1865 2970 1927 3024 τὸ

347 3059 566 3127 πνεῦμά
595 3077 711 3120 σου,
766 3062 859 3114 καὶ
893 3060 1253 3130 ἐκπορεύεται
1301 3063 1365 3114 ἐκ
1416 3061 1511 3115 σοῦ
1536 3077 1552 3092 ⁸
1605 3064 1698 3116 καὶ
1733 3064 1832 3115 οὑκ
1860 3061 1927 3116 ἂν

344 3148 465 3199 οὐδὲ
491 3146 760 3215 τὸνλόγον
790 3166 905 3212 σου,
936 3147 1061 3203 οὔτε
1095 3150 1157 3202 τὸ
1184 3149 1404 3219 πνεῦμά
1428 3167 1522 3202 σου
1554 3151 1730 3213 εἴποις
1763 3152 1923 3204 ἀλλό-

345 3237 497 3306 τριόν
528 3255 645 3291 σου.
683 3240 790 3292 Καὶ
821 3238 995 3293 ταῦτα
1027 3240 1126 3311 μὲν
1153 3241 1252 3292 οὑκ
1278 3241 1344 3293 ἂν
1368 3240 1690 3314 ἀπαξιὼσῃς
1718 3244 1806 3296 ἐπ’
1831 3247 1925 3298 ἅν·-

349 3328 582 3400 Ορὼπων
611 3334 751 3384 νοεῖν
772 3347 783 3359 ·
820 3332 913 3384 ἐπὶ
943 3332 999 3385 δὲ
1029 3332 1128 3403 τῆς
1161 3332 1405 3403 ἀρρήτου
1436 3334 1531 3385 καὶ⁸
1560 3334 1923 3405 ἀπερινοήτου

349 3422 443 3472 καὶ
474 3422 861 3493 ἁκαταλήπτου
887 3422 1074 3486 οὐσίας
1104 3424 1319 3495 ἐκείνης
1349 3423 1443 3476 τοῦ
1464 3423 1622 3488 Θεοῦ,
1646 3425 1928 3497 ἀλλότριον

347 3510 439 3562 τὸν
472 3512 532 3563 οὑ
559 3511 892 3583 προφορικδν
924 3512 1092 3566 αὑτοῦ
1120 3512 1298 3581 λόγον,
1326 3513 1464 3566 ἀλλὰ
1489 3513 1669 3577 ζῶντα
1696 3516 1801 3577 ἀεὶ,
1833 3517 1929 3569 καὶ⁵

349 3604 568 3673 ὲνεργῆ,
597 3606 691 3657 καὶ
715 3603 1027 3675 τομώτερον
1056 3605 1196 3676 ὑπὲρ
1224 3607 1405 3659 πᾶσαν
1443 3605 1723 3677 μάχαιραν
1752 3607 1927 3662 δίστο-

353 3711 474 3763 μον,
509 3698 706 3765 κριτήν
732 3712 789 3748 τε
818 3697 1037 3750 πάντων
1060 3697 1250 3763 ὄντων,
1281 3697 1511 3768 ἐπείπερ
1546 3698 1641 3750 καὶ
1665 3698 1728 3769 δη
1739 3715 1929 3770 μιουρ-

349 3787 463 3852 γόν·
492 3781 536 3854 ᾧ
559 3789 659 3840 οὑκ
690 3787 807 3841 ἐστι
830 3789 1006 3854 κτίσις
1031 3789 1245 3860 ἀφανὴς
1276 3788 1508 3842 ἐνώπιον
1534 3790 1722 3855 αὑτοῦ,
1752 3792 1929 3846 πάντα

346 3878 404 3931 δὲ
432 3880 613 3950 γυμνὰ
647 3881 743 3934 καὶ
771 3882 1247 3953 τετραχηλισμένα
1276 3885 1390 3945 τοῖς
1415 3881 1716 3952 ὀφθαλμοῖς
1738 3883 1924 3939 αὑτοῦ.

347 3969 460 4022 Καὶ
488 3969 548 4021 τὸ
585 3970 808 4039 Πνεῦμα
836 3971 1000 4024 αὑτοῦ
1040 3972 1100 4025 τὸ
1140 3972 1293 4041 ἅγιον
1321 3972 1382 4024 τὸ
1422 3972 1659 4042 ἐρευνῶν
1688 3972 1756 4025 τὰ
1789 3971 1928 4043 βάθη

346 4060 443 4112 τοῦ
472 4059 607 4112 Θεοῦ
633 4101 647 4125 ,
678 4060 854 4132 τολμᾷ
879 4079 962 4126 τις
1005 4062 1281 4132 ἀλλότριον
1324 4057 1463 4117 εἶναι
1503 4064 1700 4127 εἰπεῖν,
1750 4063 1784 4133 ἢ
1835 4063 1929 4115 τὸν

347 4152 542 4221 Λόγον,
566 4153 598 4221 ἢ
620 4155 679 4206 τὸ
705 4154 928 4224 Πνεῦμα
955 4154 1049 4210 τοῦ
1078 4154 1248 4223 Θεοῦ;
1272 4155 1305 4226 ἢ
1329 4156 1450 4221 τοὺς
1473 4154 1646 4211 ταῦτα
1674 4155 1931 4225 λέγοντας

350 4243 710 4314 προσίεσθαι;
742 4247 831 4299 ναὶ
848 4261 864 4312 ,
882 4246 1158 4317 φιλόσοφε.

929 4360 1182 4415 ΚΕΦΑΛ.
1219 4359 1348 4415 KA'.

363 4449 711 4516 Ἀπόκρισις
760 4410 868 4502 τοῦ
915 4410 1451 4518 οᾷἇιᾷιῖζςᾷοῖὲτρὸς
1482 4450 1547 4503 τὸ
1580 4455 1786 4506 κοινὸν
1812 4453 1932 4507 τῶν

849 4519 1032 4586 ἁγίων
1060 4521 1424 4587 ἐπισκόπων.

437 4609 656 4681 Ἐπειδὴ
690 4613 769 4674 εἰς
808 4610 1149 4680 ὑψηλοτέραν
1178 4611 1387 4663 ἔννοιάν
1416 4629 1483 4681 με
1519 4613 1777 4682 ἠγάγετε,
1823 4616 1918 4684 φή-

353 4720 548 4765 σαντες
585 4704 695 4755 δεῖν
740 4702 871 4773 μίαν
913 4702 1142 4772 θεότητα
1183 4703 1419 4757 νοεῖσθαι
1447 4706 1543 4757 καὶ
1572 4706 1927 4760 πιστεύεσθαι

350 4793 449 4847 τοῦ
480 4794 717 4865 ﬂat-96¢,
754 4796 850 4846 καὶ
875 4792 967 4846 τοῦ
999 4792 1152 4855 Υίοῦ,
1181 4794 1273 4847 καὶ
1296 4793 1388 4847 τοῦ
1408 4796 1565 4864 ἁγίου
1589 4797 1926 4866 [ivstitia-ro:

353 4885 736 4954 ὲπιμέμνημαι
766 4883 822 4936 δὲ
848 4882 955 4935 τῶν
983 4884 1109 4953 παρ’
1135 4883 1263 4952 ὑμῖν
1281 4882 1591 4954 ἔμπροσθεν
1620 4886 1927 4955 ῥηθέντων,

352 4977 438 5030 ὅτι
471 4976 600 5037 Θεὸς
651 4978 679 5030 6
724 4976 949 5045 Πατὴρ,
985 4975 1079 5029 καὶ
1120 4975 1250 5037 Θεὸς
1284 4975 1312 5026 6
1358 4974 1516 5038 Υἱὸς,
1571 4976 1668 5028 καὶ
1706 4976 1837 5038 Θεὸς
1868 4978 1930 5028 τὸ

330 5062 618 5131 Πνεῦματὸ
634 5062 915 5135 ἃγιονονῦν
942 5065 999 5118 δέ
1032 5082 1168 5133 φατε
1197 5064 1324 5132 μίαν
1356 5063 1585 5135 θεότητα
1626 5065 1736 5118 τῶν
1761 5066 1928 5136 τριῶν

354 5156 580 5211 τελείων
609 5157 983 5218 ὑποστάτεων,
1009 5157 1105 5209 τοῦ
1133 5157 1245 5209 Πατ
1257 5157 1368 5225 ρὸς,
1400 5158 1493 5209 καὶ
1517 5156 1613 5210 τοῦ
1652 5157 1806 5217 Υἰοῦ.
1838 5162 1932 5212 καὶ

353 5246 452 5300 τοῦ
489 5248 642 5316 ἁγίου
686 5247 998 5316 Πνεὺματος
1025 5262 1039 5276 ⁸
1087 5246 1404 5316 λευκότερον
1455 5247 1792 5318 σαφηνίσατὲ
1840 5265 1929 5318 μοι

355 5338 459 5402 τὰς
491 5340 698 5409 ῥήσεις,
732 5338 1055 5407 παρακαλῶ.

371 5454 717 5517 Ἀπόκρισις
738 5451 856 5505 τῶν
882 5451 1066 5518 ἁγίων
1098 5448 1370 5515 Πατέρων
1390 5451 1538 5516 πρὸς
1559 5450 1666 5503 τὸν
1686 5453 1934 5517 φιλόσο-

488 5538 625 5590 φον,
666 5523 762 5574 διὰ
790 5521 895 5574 τοῦ
920 5522 1103 5575 αὑτοῦ
1130 5521 1413 5574 Λεοντίου
1441 5521 1794 5574 ἐπισκόπου.

443 5633 841 5704 Ἀνέκφραστός
893 5634 1061 5697 ἐστιν,
1111 5635 1341 5704 ἐπείπερ
1391 5634 1487 5686 καὶ
1542 5634 1932 5704 ἁπερινόητος,

439 5786 487 5820 ⁸⁸
519 5785 646 5841 Luc.
679 5802 774 5849 stt,
808 5786 897 5840 56.
978 5786 1018 5816 ¹τ
1049 5786 1210 5844 lieltr.
1247 5802 1319 5848 tv,
1357 5786 1439 5842 12.

597 5883 867 5943 Parnm.
902 5882 1017 5940 Gtt.
1061 5881 1350 5939 LXXXV.

1962 4546 2008 4602 D

1522 5786 1563 5817 ¹⁸
1592 5790 1610 5840 l
1640 5787 1763 5841 (lor.
1797 5803 1856 5854 tt,
1896 5787 1974 5841 ιο.

2020 1957 2143 2011 vina
2172 1970 2224 2013 et
2252 1958 2562 2024 ineﬂ‘abilis,
2592 1962 2828 2016 increata
2856 1963 3123 2033 siquidem
3151 1975 3205 2019 et
3232 1965 3459 2034 simplex
3490 1977 3594 2026 ρει,

2022 2060 2187 2119 atque
2208 2053 2383 2107 omnis
2402 2052 2812 2120 compositionis
2833 2067 3043 2124 expers,
3067 2054 3371 2126 iuligurata,
3394 2068 3595 2112 aeterna

2022 2151 2076 2195 et
2113 2142 2452 2198 immortalis.
2487 2142 2593 2198 Sed
2628 2144 2695 2199 ad
2731 2144 3042 2201 institutum
3082 2158 3440 2204 revertamur.
3474 2149 3600 2203 Plu-

2024 2230 2172 2283 ribus
2194 2243 2263 2285 ex
2289 2231 2489 2286 divinis
2502 2231 2814 2303 Scripturis
2847 2236 3172 2291 testimOuiis
3203 2240 3599 2294 demonstravi-

2024 2333 2145 2372 mus
2179 2318 2441 2387 Spiritum
2481 2333 2728 2376 sanctum
2768 2323 2930 2378 simul
2993 2340 3115 2380 cum
3153 2326 3313 2382 Patre
3352 2343 3417 2383 ac
3458 2329 3601 2384 Filio

2024 2407 2357 2463 conditorem
2383 2424 2506 2465 esse
2528 2413 2704 2466 omnis
2729 2422 3010 2480 creaturte,
3036 2426 3091 2470 et
3115 2416 3233 2485 ejus
3258 2433 3375 2486 quae
3402 2419 3600 2474 intelli-

2025 2500 2205 2570 gentia
2257 2502 2553 2571 percipitur
2603 2521 2617 2558 :
2670 2505 3107 2576 quandoquidem
3160 2509 3603 2579 insepararabilis

2025 2606 2238 2662 semper
2258 2602 2341 2648 est
2367 2609 2396 2647 a
2421 2593 2582 2650 Patre
2606 2611 2669 2651 ac
2690 2595 2850 2661 Filio,
2875 2601 3329 2669 quemadmodum
3354 2615 3409 2658 et
3431 2603 3602 2659 Filius

2026 2698 2055 2736 a
2091 2684 2274 2750 Patre,
2306 2697 2361 2739 et
2392 2684 2558 2742 Pater
2605 2703 2635 2742 a
2675 2688 2831 2743 Filio.
2884 2691 3123 2767 Agedum
3161 2693 3206 2747 si
3243 2694 3474 2761 videtur,
3510 2712 3605 2767 per

2025 2776 2438 2842 similitudines,
2467 2780 2715 2848 quamvis
2744 2782 3103 2852 infirmiores,
3132 2785 3316 2855 accipe
3342 2787 3479 2841 bona
3508 2789 3603 2843 do-

2027 2878 2297 2924 cumenta.
2316 2868 2549 2925 Verbum
2578 2880 2752 2937 tuuut,
2778 2882 2834 2928 ut
2860 2882 2913 2928 et
2936 2873 3171 2943 cujusvis
3194 2877 3448 2940 hominis,
3478 2894 3603 2948 pro-

2026 2958 2253 3012 latitimu
2279 2969 2379 3024 est,
2399 2962 2634 3031 gignitur
2651 2973 2828 3018 autem
2855 2965 3222 3021 insecaixiliter
3236 2977 3286 3022 et
3310 2983 3373 3022 ex
3400 2980 3599 3036 mente,

2027 3051 2476 3118 quemadmodum
2511 3054 2734 3124 spiritus
2766 3068 2887 3110 tuus
2919 3059 3159 3125 procedit
3193 3074 3257 3115 ex
3296 3069 3347 3115 te
3379 3078 3393 3115 :
3430 3077 3603 3133 neque

2028 3153 2207 3196 autem
2229 3145 2450 3198 verbum
2481 3154 2652 3212 tuum,
2677 3162 2850 3215 neque
2874 3149 3122 3216 spiritum
3152 3159 3301 3205 tuum
3331 3168 3359 3205 a
3390 3161 3443 3208 te
3471 3154 3604 3219 alie-

2028 3247 2153 3284 num
2187 3246 2307 3286 esse
2337 3233 2560 3289 dixeris.
2590 3236 2655 3288 Et
2684 3236 2795 3290 haec
2826 3238 3042 3307 quidem
3073 3256 3177 3294 non
3210 3242 3516 3312 dedignaris
3548 3247 3600 3298 itt

2028 3322 2339 3379 hominibus
2372 3326 2720 3382 considerare
2750 3346 2764 3382 :
2800 3328 2851 3381 in
2890 3329 2976 3385 illa
3006 3346 3134 3387 vero
3167 3333 3261 3388 Dei
3297 3336 3602 3391 substantia

2028 3415 2315 3482 inetiabili,
2351 3426 2405 3472 et
2440 3433 2559 3487 qua:
2596 3431 2816 3489 superat
2855 3422 3219 3491 intellectum,
3254 3437 3420 3495 atque
3457 3443 3607 3483 com-

2029 3508 2288 3579 prehendi
2328 3524 2430 3564 nou
2466 3519 2674 3580 potest,
2706 3512 2930 3567 verbum
2966 3530 3070 3569 non
3108 3515 3474 3585 prolatitium,
3510 3522 3604 3575 sed

2028 3614 2244 3669 semper
2271 3600 2456 3655 vivens
2484 3611 2539 3655 et
2566 3600 2783 3670 emcax,
2808 3613 2865 3658 et
2894 3607 3283 3675 penetrabilius
3314 3612 3460 3664 omni
3493 3611 3607 3681 gla-

2030 3690 2119 3744 dio
2156 3691 2379 3760 ancipiti
2411 3692 2475 3758 ‘7,
2513 3695 2653 3762 quod
2686 3694 2853 3762 judex
2895 3703 2979 3750 est
3017 3698 3297 3765 omnium;
3335 3700 3600 3770 siquidem

2029 3794 2084 3834 et
2112 3780 2295 3850 opifex
2326 3793 2439 3847 est,
2472 3783 2526 3837 in
2560 3784 2714 3852 cujus
2745 3794 3035 3855 conspectu
3071 3788 3213 3843 nulla
3245 3800 3493 3847 creatura
3528 3793 3604 3846 la-

2034 3878 2132 3935 tet,
2154 3874 2334 3927 omnia
2362 3875 2501 3929 nuda
2529 3885 2581 3930 et
2607 3885 2792 3945 aperta
2817 3879 2870 3932 in
2895 3879 3068 3935 oculis
3092 3880 3247 3949 ejus:
3272 3894 3327 3938 et
3355 3894 3602 3939 sanctum

2033 3962 2150 4032 ejus
2181 3963 2470 4033 Spiritum,
2504 3968 2594 4036 qui
2624 3977 2901 4024 scrutatur
2929 3969 3199 4047 profunda
3229 3973 3320 4028 Dei
3348 3974 3416 4039 ’⁸,
3444 3977 3608 4031 audet

2032 4054 2226 4122 aliquis
2254 4055 2486 4109 alienum
2514 4070 2637 4111 esse
2664 4056 2954 4123 atiirmare,
2979 4071 3072 4114 aut
3091 4061 3330 4117 Verbum
3357 4073 3453 4119 aut
3481 4064 3607 4137 Spi-

2034 4147 2196 4199 ritum
2233 4144 2369 4200 Dei?
2402 4156 2494 4201 aut
2535 4149 2647 4204 haec
2682 4162 2994 4208 asserentes
3030 4152 3360 4211 admittere?
3393 4157 3604 4227 utique,

2035 4249 2069 4290 ο
2098 4234 2434 4306 philosophe.

2654 4356 2807 4412 CAP.
2849 4357 2990 4414 XXI.

2036 4444 2323 4514 Responsio
2369 4446 2664 4518 philosophi
2706 4449 2775 4505 ad
2818 4464 3027 4508 sanctos
3068 4457 3336 4524 episcopos
3380 4459 3435 4514 in
3483 4463 3606 4514 uni-

2711 4537 2935 4576 versum.

2105 4606 2395 4677 Postquam
2430 4608 2497 4662 ad
2532 4609 2902 4666 sublimiorem
2938 4612 3350 4684 intelligentiam
3384 4634 3471 4675 me
3505 4622 3604 4674 du-

2034 4699 2176 4762 citis,
2202 4710 2514 4755 asserentes
2536 4711 2790 4769 Oportere
2815 4718 2975 4769 unam
3001 4705 3339 4762 divinitatem
3369 4711 3609 4781 cogitare
3686 4781 3695 4789 .

2033 4805 2097 4846 ac
2116 4791 2339 4846 credere
2358 4791 2555 4856 Patris,
2589 4800 2643 4846 et
2694 4792 2842 4859 Filii,
2870 4804 2924 4848 et
2964 4796 3197 4866 Spiritus
3250 4802 3465 4857 sancti:
3492 4819 3608 4859 me-

2035 4882 2162 4935 tniui
2217 4890 2395 4935 autent
2461 4897 2554 4935 vos
2631 4883 2782 4951 prius
2830 4886 3053 4951 dixisse,
3121 4888 3286 4944 Deum
3332 4906 3454 4946 esse
3506 4888 3610 4946 Pa-

2035 4982 2194 5032 trem.
2221 4980 2276 5027 et
2320 4973 2483 5027 Deum
2510 4972 2730 5039 Filium,
2756 4984 2809 5030 et
2834 4976 3000 5032 Deum
3027 4979 3286 5049 Spiritum
3313 4992 3563 5038 sanctum
3591 5002 3605 5038 :

2040 5079 2182 5116 nunc
2206 5074 2384 5119 autem
2408 5066 2589 5120 dicitis
2610 5082 2772 5120 uuam
2797 5082 2915 5122 esse
2935 5070 3275 5127 divinitatem
3303 5074 3463 5126 trium
3490 5090 3612 5142 per-

2039 5155 2303 5209 fecturum
2345 5157 2736 5225 itypostasiutn,
2772 5159 2972 5227 Patris,
3012 5172 3065 5215 ct
3100 5161 3242 5228 Filii,
3282 5172 3337 5219 et
3372 5163 3610 5233 Spiritus

2037 5247 2213 5299 sancti
2254 5264 2268 5299 :
2302 5247 2606 5313 candidius,
2643 5264 2853 5318 precor,
2889 5250 2986 5306 bas
3022 5252 3150 5306 mihi
3185 5253 3484 5308 sententias
3515 5268 3610 5307 ex-

2038 5336 2252 5404 plicute.

2042 5450 2330 5521 liesponsio
2368 5465 2674 5531 sanctorum
2717 5453 2936 5509 Patrum
2974 5458 3043 5511 ad
3081 5459 3481 5529 philosophum,
3520 5476 3609 5531 per

2373 5527 2611 5579 eumdem
2652 5526 2921 5580 Leontium
2958 5543 3279 5598 episcopum.

2113 5636 2540 5708 inexplicabilis,
2572 5641 2838 5713 siquidem
2875 5653 3055 5699 tuente
3086 5653 3142 5698 et
3171 5643 3501 5712 cogitatione
3534 5647 3606 5703 iu-

3229 5884 3293 5947 41
