4070 6380
526 338 656 404 12')!

1785 335 2091 396 CELASII
2132 337 2477 404 CYZICENI

3648 363 3788 431 1292

520 447 1024 519 comprehensibilis
1066 457 1173 513 est,
1210 458 1264 505 et
1307 444 1734 517 impenetrabilis
1780 446 1956 499 divina
2001 446 2075 499 ill:

2198 451 2291 502 καὶ
2322 452 2767 523 ἀνεπιλόγιστος,
2801 460 2895 514 καὶ
2926 462 3104 535 πάντη
3141 464 3544 539 ἀνεξιχνίαστος
3586 475 3621 544 ἡ
3659 476 3784 531 θεία

516 543 577 590 et
608 536 891 591 iuell'ahilis
917 537 1244 598 substantia.
1275 552 1395 607 qua:
1420 536 1677 590 omnibus
1702 536 2089 603 supereminet,

521 643 687 700 stque
718 629 901 684 omnia
937 630 1182 684 continet
1217 647 1234 683 :
1271 637 1477 682 tantum
1513 618 1702 680 amli'a
1734 627 1892 681 nobis
1928 644 1943 680 :
1974 624 2093 681 Non

521 722 686 776 alium
722 722 816 775 tibi
852 721 1018 776 Deum
1048 730 1213 787 atque
1242 718 1405 773 alium
1438 716 1781 785 protulimus,
1811 716 1956 772 sicut
1988 718 2093 770 iut-

434 862 437 865 .
517 812 638 881 pius
662 812 823 866 Arius
852 809 1271 879 hlaspltemavit,
1297 823 1460 859 unntn
1493 807 1655 859 Deum
1687 806 2010 870 increatum,
2039 818 2093 861 et

518 901 749 956 alterum
782 910 1022 956 creatum
1055 900 1433 971 pronuntians,
1462 908 1516 952 et
1551 898 1812 966 Spiritum
1843 911 2090 953 sanetum

517 996 774 1049 similiter
799 1003 1037 1047 creatum
1070 992 1370 1063 prmdicaus
1398 1008 1414 1044 :
1444 991 1615 1045 absit!
1644 990 1737 1045 sed
1768 1006 1929 1044 unam
1959 991 2094 1045 divi-

517 1088 742 1141 nitatem
788 1086 1016 1156 cogitari
1061 1095 1112 1140 et
1157 1085 1305 1138 credi
1349 1084 1709 1148 asseruimus,
1754 1099 1915 1136 unum
1962 1085 2092 1138 sub-

516 1177 1237 1244 stantiam,dominationem
1266 1187 1319 1231 et
1350 1175 1675 1231 sententiam
1700 1191 1860 1228 unam
1892 1175 2090 1230 Patris.

516 1281 570 1324 et
607 1267 751 1333 Filii,
784 1277 839 1321 et
870 1266 1107 1338 Spiritus
1134 1268 1305 1321 sancti
1327 1281 1343 1320 :
1366 1267 1509 1321 scire
1536 1276 1715 1320 autem
1743 1277 1947 1321 sanctae
1974 1267 2094 1321 Tri-

516 1360 705 1413 nitatis
742 1361 1061 1431 hypostases
1096 1375 1200 1413 non
1235 1373 1355 1413 esse
1390 1356 1711 1426 disjuuctas,
1745 1367 1839 1411 aut
1871 1358 2090 1424 locales,

512 1455 608 1507 sed
637 1453 748 1507 sola
781 1452 884 1506 [ide
915 1466 1076 1505 uuam
1104 1450 1444 1505 divinitatem
1471 1449 1805 1505 considerari
1834 1459 1888 1503 et
1918 1451 2088 1514 credi,

512 1554 572 1596 ut
617 1543 813 1612 smpius
856 1542 1121 1606 diximus,
1167 1549 1372 1595 sanctae
1414 1548 1469 1594 et
1510 1540 1994 1595 consubstantialis
2035 1548 2090 1596 et

511 1635 798 1689 adoranda:
825 1632 1129 1687 Trinitatis.
1163 1631 1304 1687 Ecce
1335 1645 1431 1701 per
1452 1631 1633 1685 omnia
1669 1629 1804 1685 ﬁdes
1832 1645 1958 1685 vera
1989 1632 2086 1686 de-

511 1725 865 1789 monstravit,
901 1738 1005 1777 non
1041 1730 1297 1793 Oportere
1327 1721 1379 1775 in
1415 1729 1603 1775 sancta
1632 1716 1899 1775 Trinitate
1931 1719 2086 1777 αισα.

2201 543 2293 597 καὶ
2327 542 2563 615 saevo;
2592 547 2750 603 οὐσία
2779 551 2987 625 ἐκείνη,
3021 556 3055 625 ἡ
3084 556 3153 609 τὰ
3198 559 3376 611 πάντα
3406 542 3778 633 ὑπερέχουσα,

2200 634 2292 687 καὶ
2320 636 2389 688 τὰ
2421 637 2596 691 πάντα
2638 642 2967 713 περιέχουσα
2996 662 3009 675 ο
3044 645 3183 716 πλὴν
3217 647 3381 703 ἄκουε
3411 653 3548 723 πρὸς
3579 654 3739 724 ἡμῶν
3758 672 3776 689 ⁸

2195 725 2296 777 οὐκ
2323 725 2480 779 ἄλλον
2499 744 2579 780 σοι
2602 727 2733 784 Θεὸν
2756 734 2848 785 καὶ
2876 733 3037 787 ἄλλον
3059 737 3387 809 εἰρήκαμεν,
3408 741 3660 814 καθάπερ
3683 747 3782 798 καὶ

2195 817 2224 868 ό
2257 816 2459 888 ἀσεϐὴς
2480 820 2903 895 ἐϐλασφήμησεν
2935 829 3175 898 Ἀρειος,
3204 829 3301 883 ἕνα
3328 831 3462 884 Θεὸν
3496 834 3778 902 ἇκτιστον,

2196 907 2291 959 καὶ
2339 908 2497 961 ἀλλον
2551 913 2769 967 κτιστδν
2836 916 3106 988 είρηκὼς,
3150 920 3244 973 καὶ
3305 921 3368 974 τὸ
3411 924 3635 996 Πνεῦμα
3678 926 3781 982 τοῦ

2195 996 2330 1051 Θεοῦ
2373 1002 2573 1070 ὁμοίως
2605 1004 2822 1058 κτιστδν
2863 1009 3187 1080 κεκηρυχὼς
3228 1011 3329 1083 (μὴ
3364 1015 3616 1083 γένοιτο),
3640 1016 3782 1073 ἀλλὰ

2198 1089 2325 1159 μίαν
2371 1091 2601 1163 θεότητα
2636 1098 2873 1151 νοεῖσθαι
2912 1102 3007 1154 καὶ
3049 1104 3406 1158 πιστεύεσθαι
3441 1109 3777 1179 εἰρήκαμεν,

2198 1179 2330 1249 μίαν
2381 1184 2591 1247 οὐσίαν,
2649 1190 2949 1260 κυριότητα
2988 1208 3048 1244 τε
3111 1193 3207 1246 καὶ
3256 1194 3454 1266 βουλὴν
3504 1199 3633 1266 μίαν
3672 1200 3773 1253 τοῦ

2196 1271 2413 1344 Πατρδς
2457 1277 2552 1328 καὶ
2602 1277 2697 1331 τοῦ
2756 1281 2879 1333 Υἱοῦ
2937 1285 3032 1336 καὶ
3090 1284 3183 1339 τοῦ
3227 1286 3385 1354 ἁγίου
3419 1290 3777 1362 Πνεύματος⁶

2192 1363 2392 1417 είδὲναι
2433 1382 2491 1418 τε
2540 1368 2639 1432 τὰς
2693 1369 2794 1440 τῆς
2835 1373 2994 1441 ἁγίας
3045 1376 3275 1446 Τριάδος
3328 1381 3655 1446 ὑποστάσεις
3707 1384 3774 1437 οὐ

2191 1453 2611 1527 διεζευγμένας,
2666 1463 2786 1517 οὐδὲ
2852 1468 3127 1531 τοπικὰς,
3188 1471 3323 1525 ἀλλὰ
3392 1473 3575 1527 πίστει
3633 1476 3776 1549 μόιῃ

2195 1546 2327 1617 μίαν
2360 1548 2588 1621 θεότητα
2633 1555 2873 1608 νοεῖσθαι
2910 1558 3004 1611 καὶ
3048 1558 3440 1629 πιστεύεσθαι,
3486 1564 3631 1618 καθὰ
3677 1546 3778 1621 καί

2196 1640 2455 1705 πολλάκις
2492 1647 2816 1716 εἰρήκαμεν,
2865 1650 2962 1720 τῆς
2994 1652 3155 1718 ἁγίας
3196 1656 3289 1708 καὶ
3347 1659 3635 1727 όμοουσίου
3677 1664 3776 1715 καὶ

2192 1739 2574 1806 προσκυνητῆς
2630 1738 2874 1810 Τριὰδος.
2945 1743 3077 1798 Ἰδοὺ
3147 1746 3236 1800 διὰ
3296 1750 3515 1804 πάντων
3570 1753 3777 1816 ἔδειξεν

511 1817 741 1870 rentiam
771 1814 1028 1884 cogitare.
1053 1811 1206 1866 Nune
1231 1823 1410 1866 autem
1440 1825 1627 1878 parum
1657 1811 1897 1865 animum
1927 1811 2075 1867 nobis

2193 1823 2225 1892 ἡ
2281 1820 2487 1895 ἀληθὴς
2527 1805 2738 1893 πίστις,
2777 1831 2850 1899 μὴ
2893 1831 3002 1883 δεῖν
3053 1834 3143 1885 ἐπὶ
3187 1835 3287 1905 τῆς
3332 1838 3493 1905 ἁγίας
3540 1805 3775 1911 Τριάἐιᾷξ

508 1908 764 1967 adverte,
799 1915 960 1974 atque
992 1904 1223 1974 amplius
1259 1903 1669 1973 persuadeberis
1693 1940 1709 1967 ,
1747 1904 2020 1971 accipiens
2051 1918 2082 1957 s

509 1995 713 2066 Spiritu
740 2007 929 2051 sancto
951 2011 1046 2066 per
1068 2010 1168 2049 nos
1191 1994 1428 2049 salvilica
1450 1994 1798 2058 documenta,
1830 2003 1889 2047 ut
1911 2009 2082 2062 agno-

505 2102 629 2142 scas
659 2096 861 2142 sanctae
892 2085 1175 2142 Trinitatis
1209 2100 1371 2140 uuam
1403 2099 1525 2141 esse
1557 2085 1897 2140 divinitatem
1934 2100 2082 2142 sem-

504 2191 602 2249 per
643 2179 1017 2240 essisteutem,
1050 2186 1105 2231 et
1132 2175 1544 2241 subsistentem,
1586 2175 1909 2231 Trinitatem
1955 2190 2083 2231 vere

504 2266 843 2331 Trinitatem,
869 2278 925 2322 et
952 2267 1084 2321 nihil
1112 2268 1165 2321 lu
1194 2281 1258 2321 ea
1287 2269 1439 2337 prius
1467 2267 1782 2334 aliquando,
1807 2267 1903 2321 sed
1932 2280 2081 2321 sem-

501 2374 598 2429 per
622 2367 678 2414 et
706 2361 896 2414 eodem
918 2361 1079 2414 modo
1104 2359 1459 2414 exsisteutem
1505 2357 1834 2413 individuam
1861 2365 1917 2413 et
1942 2372 2079 2412 con-

505 2450 920 2507 substantialem
951 2447 1300 2506 Trinitatem.

962 2582 1254 2655 Responsio
1292 2583 1615 2655 philosophi.

575 2700 657 2757 Ne
686 2699 937 2773 cogitetis
964 2699 1237 2755 invertere
1266 2714 1352 2755 me
1382 2700 1634 2772 dogmata
1659 2699 1905 2755 veritatis
1935 2717 1952 2755 :
1980 2715 2079 2755 ne-

505 2806 612 2861 que
637 2792 779 2846 enim
805 2806 834 2845 a
860 2790 1129 2861 principio
1153 2789 1580 2859 disputationum
1609 2789 1771 2860 rejeci
1802 2806 2081 2849 sermones

497 2892 709 2937 vestros
738 2897 753 2937 ι
781 2882 874 2937 sed
906 2892 1189 2952 propterea
1219 2893 1534 2951 perscrutor
1559 2883 1953 2938 sententiarum
1983 2900 2068 2939 ve-

497 2988 732 3029 strarum
765 2971 1210 3043 signiﬁcationes.
1240 2984 1299 3026 ut
1331 2975 1424 3027 llat
1455 2972 1586 3028 mihi
1624 2973 1963 3028 manifestior
1990 2984 2075 3030 ato

493 3078 600 3134 que
643 3063 928 3119 dilucitlior
960 3077 1146 3117 eorum
1180 3076 1301 3133 quae
1334 3076 1366 3117 a
1401 3063 1554 3119 vobis
1588 3063 1867 3129 dicuntur,
1906 3064 2077 3135 hypo-

495 3154 690 3209 thesis.

497 3264 855 3338 Hypothelica
892 3272 1163 3333 responsio
1199 3272 1502 3338 sanctorum
1538 3263 1763 3338 Patruus
1786 3267 1873 3322 πά
1904 3267 2077 3337 philo-

567 3333 784 3407 ζομιιιιηι
816 3342 879 3389 de
907 3339 1055 3406 igne,
1086 3334 1358 3395 splendore
1386 3347 1431 3390 et
1463 3333 1692 3402 lautius,
1717 3353 1812 3407 per
1835 3333 2074 3396 eumdem

565 3404 842 3464 Leontium
875 3404 1194 3473 episcopum.

564 3541 702 3596 Audi
750 3551 804 3595 et
852 3556 1017 3604 nunc,
1047 3543 1200 3608 audi,
1231 3556 1264 3597 ο
1309 3542 1646 3614 philosophe.
1686 3542 2074 3615 Proposuimus

488 3631 603 3706 jam
631 3633 944 3704 cogitationi
968 3643 1070 3690 tute
1093 3634 1265 3690 fusius
1282 3650 1350 3690 ex
1369 3636 1568 3693 divinis
1589 3637 1905 3709 Scripturis,
1927 3644 2073 3713 quod

491 3726 747 3781 divinitas
777 3734 860 3780 est
892 3726 1121 3796 simplex
1153 3736 1209 3784 et
1238 3730 1650 3800 compositionis
1680 3746 1898 3801 expers,
1928 3742 1984 3788 et
2014 3744 2071 3788 ut

493 3824 549 3871 tu
574 3817 691 3887 ipse
715 3817 766 3869 iu
793 3818 1059 3886 principio
1084 3830 1296 3874 tuarqu
1323 3822 1758 3892 propositionum
1787 3822 2071 3879 confessus

489 3923 572 3972 es,
596 3918 651 3964 et
681 3910 821 3978 quod
852 3910 923 3965 sit
955 3912 1096 3982 ignis
1125 3912 1471 3980 immortalis,
1492 3924 1752 3983 aeternus,
1774 3928 1832 3972 et
1857 3918 2071 3973 increa-

491 4010 578 4056 tus
607 4012 822 4070 natura,
850 4002 1027 4058 lumen
1061 4004 1387 4062 immensum
1418 4017 1473 4063 et
1500 4008 2067 4081 iucomprebensibile,

490 4110 589 4149 nec
621 4094 674 4149 iu
710 4110 811 4148 uua
846 4110 1074 4165 persona
1104 4096 1258 4167 juxta
1288 4096 1600 4155 Judaiorutn
1631 4101 1944 4170 opinionem
1979 4103 2065 4156 iu-

490 4188 783 4259 telligatur,
806 4190 900 4243 sed
926 4204 1142 4260 semper
1166 4190 1218 4244 in
1246 4188 1515 4245 Trinitate
1543 4206 1898 4262 personarum
1946 4209 2084 4266 qua

488 4292 519 4334 ιι
552 4294 609 4331 se
643 4278 872 4333 invicem
904 4279 1143 4347 separari
1178 4288 1491 4348 nequeunt,
1525 4281 1595 4335 ab
1625 4283 1877 4337 omnibus
1905 4283 2064 4338 Chri-

486 4370 680 4424 stianis
707 4371 948 4423 creditur
969 4381 1023 4423 et
1053 4371 1379 4437 praedicatur
1404 4373 1667 4426 immensa
1694 4372 1933 4427 Trinitas
1961 4373 2065 4427 Pa-

2183 1915 2326 1965 νοεῖν
2366 1914 2652 1986 διαφοράν.
2689 1911 2813 1973 Ὧδε
2851 1920 2907 1972 δὲ
2934 1923 3131 1993 μικρόν
3179 1940 3274 1978 σου
3311 1927 3401 1980 τδν
3428 1927 3556 1982 νοῦν
3584 1930 3771 1986 δοῦναι

2185 2004 2317 2074 ἡμῖν
2346 2006 2624 2077 ὲθέλησον,
2658 2011 2752 2062 καὶ
2780 2012 3105 2085 πιστωθήσῃ
3128 2017 3222 2067 ἐπὶ
3249 2017 3451 2083 πλεῖον,
3478 2021 3771 2091 δεχόμενος

2183 2096 2290 2150 ὐπὸ
2339 2097 2436 2152 τοῦ
2487 2099 2642 2167 ἁγίου
2696 2103 3012 2172 Πνεύματος
3065 2107 3132 2159 δι’
3187 2110 3342 2179 ἡμῶν
3402 2114 3772 2183 σωτηριώδεις

2184 2187 2489 2259 ὑποθήκας,
2514 2192 2603 2245 ἵνα
2629 2193 2773 2264 γνῷς
2804 2197 2904 2265 τῆς
2933 2197 3094 2266 ἁγίας
3119 2199 3347 2270 Τριάδος
3379 2204 3510 2272 μίαν
3536 2204 3771 2275 θεότητα

2184 2279 2272 2333 ἀεὶ
2298 2280 2464 2335 οὒσαν
2511 2285 2607 2338 καὶ
2637 2285 2977 2353 ὑφεστῶσαν,
3022 2290 3229 2361 Τριάδα
3268 2294 3483 2364 ἀληθῶς
3523 2296 3772 2369 Τριάδα,

2182 2374 2276 2426 καὶ
2305 2374 2471 2444 μηδὲν
2509 2377 2566 2429 ὲν
2602 2379 2739 2449 αὐτῇ
2785 2381 3139 2452 προϋπάρχον
3172 2384 3337 2450 ποτὲ,
3375 2386 3510 2440 ἁλλά
3559 2389 3646 2440 ἀεὶ
3672 2388 3774 2442 καὶ

2181 2464 2441 2530 ὡσαύτως
2470 2463 2636 2521 οὖσαν
2659 2470 2966 2542 ἀδιαίρετον
2996 2473 3089 2526 καὶ
3114 2475 3397 2544 ὀμοούσιον
3430 2478 3657 2549 Τριάδα.

2540 2602 2874 2672 Ἀπόκρισις
2904 2604 3011 2659 τοῦ
3047 2610 3415 2679 φιλοσόφου.

2252 2714 2342 2784 Μή
2406 2730 2471 2785 με
2514 2716 2690 2770 οῖεσθε
2739 2719 3175 2791 ἀποστρέφεσθαι
3220 2724 3289 2778 τά
3357 2725 3455 2796 τῆς
3505 2724 3771 2798 ἀληθείας

2177 2804 2441 2875 δόγματα·
2467 2807 2530 2860 οὐ
2559 2808 2669 2880 γὰρ
2696 2810 2760 2863 ἂν
2791 2812 2855 2864 ἐκ
2885 2812 3110 2884 πρώτης
3133 2816 3416 2886 καταρχῆς
3442 2818 3553 2870 τῶν
3580 2818 3763 2889 λόγων

2178 2900 2525 2974 παρωσάμην
2579 2903 2731 2973 ὑμῶν
2792 2907 2919 2971 τοὺς
2977 2907 3206 2975 λόγους,
3253 2910 3390 2966 ἀλλὰ
3450 2911 3540 2965 διὰ
3599 2917 3766 2969 τοῦτο

2177 2994 2384 3065 ἑρευνῶ
2410 2995 2510 3060 τάς
2544 2995 2654 3050 τῶν
2692 2999 2981 3068 νοημάτων
3015 3001 3171 3072 ὐμῶν
3203 3004 3508 3073 σημασίας,
3543 3006 3627 3060 ῖνα
3663 3024 3766 3061 σα-

2178 3087 2421 3159 φεστέρα
2458 3106 2548 3159 μοι
2588 3090 2682 3143 καὶ
2725 3090 3038 3166 διευκρινὴς
3063 3094 3289 3167 γένηται
3334 3097 3499 3169 ἡτῶν
3530 3098 3757 3169 λεγομέ-

2178 3195 2284 3232 νων
2315 3179 2448 3250 παρ’
2478 3180 2632 3251 ὑμῶν
2669 3181 2947 3249 ὐπόθεσις.

2187 3292 2522 3371 Ἀπόκρισις
2550 3295 2880 3371 τῶνάγίωκ
2920 3298 3197 3369 Πατέρων
3220 3300 3561 3371 νύποθεττκὴ
3609 3302 3767 3371 πρὸς

2244 3365 2354 3441 τότ
2378 3369 2717 3441 φιλόσοφον
2742 3365 2874 3441 περὶ
2907 3365 3098 3441 πυρ-ὸζι
3134 3370 3233 3423 καὶ
3280 3365 3763 3441 ἁπαυγηάἁμᾱτοὲ

2244 3435 2342 3487 καὶ
2368 3435 2586 3505 φωτὸς,
2605 3435 2710 3490 διὰ
2735 3437 2844 3491 τοῦ
2864 3435 3050 3494 αὐτοῦ
3077 3441 3366 3496 Λεοντίου
3394 3435 3756 3502 ἐάισλὶόπουξ

2246 3571 2449 3625 Ἀκουε
2477 3571 2542 3644 δὴ
2577 3573 2669 3627 καὶ
2695 3573 2812 3641 νῦν,
2846 3575 3034 3644 ἄκουε,
3063 3569 3109 3631 ὧ
3134 3575 3411 3646 φιλόσοφε.
3451 3577 3591 3648 Ἤδη
3621 3594 3765 3649 προ-

2171 3660 2489 3732 απεθάμεθά
2535 3662 2634 3735 [ῐσ.
2672 3664 3121 3740 προῦπεθιμεθα]
3168 3684 3265 3722 σου
3300 3671 3365 3740 τῇ
3409 3669 3624 3742 διανοίᾳ
3670 3670 3763 3725 διὰ

2171 3751 2439 3806 πλείστων
2486 3753 2628 3808 ὅσων
2670 3754 2777 3808 τῶν
2822 3756 2887 3809 ὲκ
2928 3756 3039 3810 τῶν
3089 3757 3251 3811 θείων
3303 3759 3557 3829 Γραφῶν,
3594 3761 3680 3813 ὅτι
3724 3762 3762 3833 ἠ

2181 3844 2383 3914 Θεότης
2416 3845 2559 3917 ἁπλῆ
2591 3846 2672 3911 τίς
2711 3850 2826 3900 ἐστι
2858 3848 3168 3915 ἁσύισθετος,
3205 3850 3280 3913 ὡς
3309 3853 3402 3904 καὶ
3430 3851 3589 3913 αὐτὸς
3622 3853 3762 3905 καθα

2169 3936 2528 4006 ωμολόγησας
2575 3940 2635 3992 ὲν
2684 3940 2826 4011 ἀρχῇ
2874 3957 2965 3994 σου
3005 3942 3113 3995 τῶν
3145 3943 3487 4013 προτάσεων·
3536 3946 3632 3997 καὶ
3675 3946 3761 3999 ὅτι

2170 4025 2283 4097 πῦρ
2328 4028 2594 4081 ἀθάνατόν
2636 4046 2696 4082 τε
2736 4032 2833 4084 καὶ
2875 4032 3046 4085 ἀΐδιον
3092 4034 3188 4087 καὶ
3229 4033 3485 4088 ἄκτιστον
3514 4031 3653 4089 οῦσα
3690 4040 3759 4108 τῇ

2170 4117 2364 4186 φύσει,
2398 4117 2514 4189 φῶς
2555 4136 2612 4172 τε
2649 4120 2934 4193 ἀχώρητον
2964 4123 3060 4176 καλ⁵
3089 4125 3500 4197 ἀκατάληπτον,
3530 4128 3626 4180 καὶ
3656 4128 3760 4181 οὐκ

2167 4206 2226 4259 ιν
2255 4206 2334 4259 ἑνὶ
2365 4223 2469 4278 προ
2481 4208 2642 4277 ςώπῳ
2671 4212 2812 4265 κατά
2836 4210 2897 4263 τὸ
2925 4212 3115 4265 δοκοῦν
3154 4213 3432 4276 Ἰουδαίοις
3457 4215 3753 4286 νοουμένη,

2167 4296 2280 4348 ἀλλ’
2303 4298 2363 4350 ὲν
2390 4298 2581 4368 Τριὰδι
2610 4301 2699 4353 ἀεὶ
2722 4302 3052 4372 ἀχωρίστοις
3078 4301 3200 4359 οὖσι
3232 4305 3567 4376 προσώποις,
3598 4308 3752 4377 παρὰ

2168 4389 2303 4442 πᾶσι
2330 4390 2678 4459 Χριστιανοῖς
2710 4395 3027 4449 πιστεύεται
3058 4399 3153 4451 καὶ
3179 4399 3508 4468 κηρύττεται
3540 4401 3577 4471 ἡ
3609 4400 3756 4470 ἀχώ-

488 4461 677 4524 tris,et
702 4456 846 4525 Filii,
865 4469 921 4514 et
946 4459 1181 4528 Spiritus
1205 4462 1473 4525 sancti,ut
1495 4460 1607 4528 jam
1637 4464 2061 4519 demonstratum

2178 4495 2356 4549 ριστος
2385 4456 2557 4550 Τριὰς
2585 4482 2679 4535 τοῦ
2711 4486 2923 4557 Πατρος
2955 4491 3049 4541 καὶ
3075 4488 3169 4542 τοῦ
3199 4456 3328 4544 filo?)
3353 4491 3447 4545 καὶ
3471 4456 3749 4559 ’ποῦ’ἁᾷου

482 4561 587 4605 est.
618 4550 775 4604 Disce
802 4557 982 4604 autem
1012 4562 1070 4603 et
1098 4564 1264 4613 nunc,
1289 4564 1324 4603 ο
1355 4549 1695 4619 philosophe.
1724 4552 1789 4607 Et
1817 4558 2067 4622 quamvis

484 4640 746 4695 audacius
788 4640 1021 4708 agimus,
1065 4648 1243 4691 tamen
1291 4639 1520 4707 propitia
1565 4640 1637 4695 sit
1679 4643 1839 4699 nobis
1883 4646 2064 4702 divina

486 4720 800 4801 magnitudo
832 4746 846 4783 :
880 4745 978 4800 pro
1012 4741 1100 4783 tua
1133 4731 1277 4784 enim
1308 4740 1362 4784 et
1391 4731 1622 4788 aliorum
1653 4735 1826 4790 salute
1859 4738 1947 4793 hic
1979 4740 2063 4792 la-

484 4821 585 4875 bor
623 4836 651 4872 a
695 4821 849 4873 nobis
889 4821 1229 4890 transigitur.
1266 4821 1422 4876 Disce
1463 4823 1626 4894 igitur
1660 4843 1728 4882 ex
1769 4829 2064 4885 sensilibus

484 4911 843 4976 iutellectilia,
893 4927 959 4965 ex
1014 4912 1100 4967 his
1161 4929 1282 4983 quae
1336 4916 1629 4974 intellectui
1682 4921 2063 4990 BUbjitiIIllllll',

486 5016 546 5055 ea
604 5016 723 5069 quae
772 5001 1099 5057 intellectum
1154 5016 1429 5072 superant,
1485 5018 1539 5062 et
1588 5024 1655 5063 ex
1695 5012 1780 5066 his
1829 5026 1950 5079 quae
1982 5012 2066 5065 di-

484 5100 701 5155 ειιιιιιιι,
754 5104 817 5144 ca
887 5107 1003 5159 qua:
1059 5105 1181 5146 Slllll
1229 5110 1389 5164 super
1450 5112 1663 5153 omnem
1731 5114 2059 5154 εεηιιοιιθιῐι.

487 5184 744 5250 Quamvis
773 5193 948 5236 autem
977 5186 1158 5240 omnia
1186 5196 1239 5239 et
1265 5202 1382 5256 qua:
1408 5189 1658 5243 videntur
1681 5202 1733 5245 et
1757 5207 1877 5260 qua:
1907 5192 2064 5246 intel-

484 5272 747 5342 liguntur,
774 5287 837 5325 ex
868 5275 1183 5329 cielestibus
1209 5279 1473 5334 creaturis
1498 5292 1551 5333 et
1578 5282 1661 5335 his
1687 5298 1805 5350 qua:
1834 5282 1885 5335 iu
1916 5292 2061 5339 terra

486 5364 570 5417 vel
604 5364 705 5415 sub
742 5372 884 5417 terra
921 5374 1077 5432 sunt,
1112 5368 1347 5423 conferri
1384 5383 1655 5440 nequeant
1689 5388 1810 5426 cum
1850 5374 1937 5428 illa
1975 5376 2062 5429 iu-

482 5464 702 5518 crcata,
774 5455 1302 5525 iucomprelieusibili
1354 5469 1409 5514 et
1452 5462 1742 5516 immortali
1793 5463 1884 5518 Dei
1930 5468 2061 5521 sub-

481 5547 681 5601 stantia
709 5563 724 5600 :
756 5547 1102 5604 nihilominus
1131 5558 1309 5604 tamen
1338 5562 1714 5606 occurrentem
1746 5554 2058 5612 similitudi-

483 5651 606 5691 nem
639 5636 994 5707 proferemus,
1027 5639 1129 5695 etsi
1161 5656 1264 5694 uou
1297 5641 1638 5710 aequabilem,
1670 5644 1737 5697 ad
1771 5644 2055 5701 utilitatem

483 5738 661 5784 tamen
706 5728 933 5785 ﬁdeliter
966 5730 1400 5798 suscipientiuut,
1441 5740 1496 5789 et
1537 5748 1662 5803 qua:
1704 5735 2058 5795 sufﬁcientem

2168 4569 2510 4640 Πνεύματος,
2547 4575 2799 4649 καθάπερ
2837 4579 3239 4636 ἀποδέδεικται.
3282 4582 3536 4636 Μάνθανε
3566 4583 3621 4636 δὲ
3658 4585 3749 4636 καὶ

2165 4660 2279 4727 νῦν,
2321 4655 2367 4715 ὦ
2401 4663 2690 4734 φιλόσοφε,
2734 4670 2784 4722 sl
2828 4673 2922 4725 καὶ
2968 4672 3240 4744 τολμηρὸν
3276 4674 3561 4745 ποιοῦμεν,
3611 4675 3751 4729 ἀλλὰ

2167 4752 2323 4816 ἵλεως
2356 4755 2486 4825 ἡμῖν
2515 4757 2548 4827 ἡ
2600 4758 2721 4812 θεία
2761 4760 3121 4832 μεγαλειότης
3144 4780 3158 4793 ·
3199 4764 3338 4832 ὐπὲρ
3371 4764 3482 4836 γὰρ
3518 4767 3619 4834 τῆς
3649 4766 3748 4835 σῆς

2165 4843 2260 4895 καὶ
2301 4844 2409 4896 τῶν
2440 4847 2642 4901 λοιπῶν
2674 4853 2951 4922 σωτηρίας
2991 4856 3019 4907 ὁ
3067 4855 3228 4918 πόνος
3271 4856 3403 4925 ἡμῖν
3446 4856 3744 4909 διανύεται.

2165 4933 2418 4989 Μάνθανε
2452 4939 2630 4993 τοίνυν
2661 4943 2725 4995 ὲκ
2757 4944 2867 4997 τῶν
2898 4944 3175 5015 αἰσθητῶν
3207 4947 3337 5015 περὶ
3373 4946 3479 4997 τῶν
3509 4947 3739 5015 νοητῶν,

2165 5025 2259 5077 καὶ
2308 5026 2371 5078 ὲκ
2421 5027 2532 5079 τῶν
2567 5033 2711 5083 κατὰ
2750 5032 2877 5086 νοῦν
2924 5036 3053 5106 περὶ
3100 5035 3209 5087 τῶν
3259 5035 3397 5105 ὑπὲρ
3456 5036 3604 5100 νοῦν,
3647 5037 3743 5089 καὶ

2164 5110 2227 5162 ἐκ
2273 5110 2383 5163 τῶν
2435 5113 2744 5185 λεγομένων
2793 5121 2921 5190 περὶ
2966 5122 3076 5174 τῶν
3117 5122 3260 5193 ὑπὲρ
3304 5122 3483 5192 λόγον·
3544 5127 3595 5177 εί
3646 5126 3741 5177 καὶ

2162 5199 2467 5271 ἀσύγκριτα
2500 5206 2677 5260 πάντα
2709 5209 2778 5262 τά
2818 5226 2877 5263 τε
2909 5210 3184 5282 ὁρώμενα,
3230 5212 3301 5266 τὰ
3346 5230 3399 5268 τε
3441 5215 3738 5284 νοούμενα,

2161 5291 2269 5344 τῶν
2324 5310 2383 5346 τε
2434 5295 2699 5366 οὐρανίων
2750 5301 2846 5368 καὶ
2899 5303 3158 5370 ἀπιγείων
3212 5306 3305 5358 καὶ
3356 5306 3739 5375 καταχθονίων

2162 5387 2501 5456 κτισμάτων,
2561 5392 2697 5461 πρὸς
2753 5394 2853 5465 τὴν
2899 5395 3155 5451 ἄκτιστον
3210 5399 3429 5468 ἐκείνην
3469 5401 3565 5453 καὶ
3602 5400 3740 5457 ἀκᾷ·-

2161 5472 2437 5545 τάληπτον
2490 5480 2584 5532 καὶ
2625 5482 2896 5537 ἀθάνατον
2939 5485 3033 5539 τοῦ
3068 5486 3204 5544 Θεοῦ
3248 5488 3457 5543 οὐσίαν·
3509 5488 3646 5560 πλὴν
3681 5489 3742 5542 τὸ

2160 5564 2402 5635 ἐμπεσὸν
2449 5569 2754 5643 ὑπόδειγμα
2781 5575 2840 5627 οὐ
2893 5576 3112 5648 μέτριον
3158 5579 3293 5650 πρὸς
3331 5580 3602 5650 ὠφέλειαν
3626 5584 3739 5645 τοῖς

2160 5658 2369 5721 πιστῶς
2425 5659 2772 5732 δεχομένοις,
2827 5668 2943 5721 ἀλλ’
3013 5671 3204 5744 ἱκανὴν
3253 5674 3440 5727 εἰκόνα
3495 5674 3737 5745 παρέχον

2158 5746 2257 5817 τῆς
2300 5748 2580 5817 εὐσεϐείας
2615 5758 2729 5823 τοῖς
2751 5758 2990 5823 εὐσεϐῶς
3016 5760 3262 5816 ἐθέλουσι
3293 5765 3455 5833 νοεῖν,
3484 5762 3733 5833 λέξομεν.
