4070 6424
378 392 398 458 i
414 395 517 457 3393

1260 386 1629 448 HISTORIA
1665 386 1998 447 CONCILII
2036 385 2338 446 NIC.ENI.
2379 410 2448 418 -
2485 384 2629 443 LIB.
2670 381 2756 444 II.

3499 378 3632 442 129-5.

374 508 446 560 Τὸ
477 503 732 574 αἰσθητὸν
773 500 929 556 τοῦτο
970 499 1080 572 πῦρ
1122 499 1282 569 φύσις
1317 501 1416 569 μία
1482 499 1561 565 ὃν,
1603 501 1721 571 ἦτοι
1766 500 1956 563 οὐσία,

2080 499 2284 567 pietatis
2317 497 2602 567 imaginem
2639 496 2877 565 prmbeat
2911 492 2995 563 pie
3026 490 3378 548 considerare
3407 491 3631 546 volent.-

373 595 550 667 Τριάς
588 597 708 647 ἐστι
740 591 881 647 κατὰ
906 591 1091 657 ταυτὸ,
1123 591 1255 663 πῦρ,
1279 590 1616 659 ἀπαύγασμα
1638 629 1652 653 ,
1681 590 1816 658 φῶς.
1846 590 1957 644 Καὶ

371 686 530 740 οὐδὲν
562 684 770 737 τούτων
808 682 1168 753 προϋπάρχον
1202 681 1298 735 τοῦ
1333 681 1563 752 θατέρου
1607 682 1953 751 εὑρίσκεται,

376 777 494 833 ἀλλ’
527 776 673 829 ἔστιν
700 774 1020 846 ἀχωρίστως
1058 773 1302 845 ἀλλήλων
1331 773 1399 827 τὰ
1432 773 1558 844 τρία
1585 815 1598 838 ,
1632 774 1693 827 τὸ
1721 773 1832 844 πῦρ
1851 814 1866 837 ,
1897 773 1959 826 τὸ

387 868 449 933 ἐξ
478 867 641 923 αὐτοῦ
672 866 1044 936 ἀπαύγασμα,
1076 866 1171 918 καὶ
1203 865 1264 916 τὸ
1308 863 1442 932 φῶς.
1480 864 1814 934 Διαχώρισον
1842 862 1956 916 τοί-

381 975 494 1022 νυν,
521 962 570 1012 εί
593 957 727 1030 δύνῃ
747 999 762 1023 ,
790 951 839 1010 ὦ
887 957 1142 1025 φιλόσοφε
1166 998 1180 1020 ,
1208 956 1280 1009 τά
1309 956 1458 1028 τρία,
1496 957 1588 1009 καὶ
1618 955 1790 1020 δεῖξον
1829 957 1957 1027 ἡμῖν

379 1052 607 1122 θάτερον
631 1049 726 1104 τοῦ
750 1050 982 1118 θατέρου
1007 1054 1144 1120 προῦ
1155 1049 1383 1121 πάρχον,
1414 1048 1446 1119 ἣ
1472 1047 1568 1102 τοῦ
1592 1049 1960 1118 ἀπαυγὰσμα-

377 1158 469 1200 τος
497 1142 558 1193 τὸ
591 1138 704 1210 πῦρ
736 1139 859 1193 καθ’
894 1140 1060 1192 ἑαυτὸ
1102 1139 1478 1210 προϋπάρχον,
1522 1141 1618 1191 καὶ
1654 1139 1959 1209 μεταγενέ-

381 1250 571 1303 στερον
597 1232 735 1301 μετά
764 1230 991 1300 χρόνους
1012 1230 1164 1293 τινας
1182 1230 1278 1283 τοῦ
1307 1230 1481 1302 πυρὸς
1506 1231 1568 1283 τὸ
1594 1230 1956 1300 ἀπαύγασμα,

378 1324 413 1394 ἢ
464 1323 919 1393 μεταγενέστερον
961 1322 1126 1375 πάλιν
1167 1322 1200 1393 ἢ
1251 1322 1607 1393 μεταχρόνιον
1654 1321 1749 1375 τοῦ
1790 1323 1962 1393 πυρὸς

381 1415 478 1470 καὶ
507 1413 602 1468 τοῦ
632 1414 1068 1483 ἀπαυγάσματος
1098 1414 1158 1467 τὸ
1183 1413 1320 1481 φῶς,
1347 1413 1380 1483 ἣ
1408 1414 1745 1485 προχρόνιον.
1779 1414 1963 1479 Δεῖξον

381 1507 534 1576 ἡμῖν,
570 1507 618 1558 εί
646 1504 801 1576 δύνῃ,
826 1504 1166 1576 διαχωρίσας
1190 1505 1287 1561 ἀπ’
1318 1505 1564 1576 ἀλλήλων
1591 1507 1659 1560 τὰ
1689 1506 1836 1577 τρία,
1868 1508 1963 1562 καὶ

384 1602 462 1670 μὴ
494 1602 616 1670 οὐχὶ¹
664 1598 929 1662 ὡσαύτως
964 1599 1038 1653 ὢν
1071 1600 1181 1671 πῦρ
1202 1639 1218 1664 ,
1249 1599 1627 1670 ἀπαύγασμα,
1656 1602 1794 1671 φῶς,
1832 1604 1963 1671 μιᾶς

380 1692 550 1761 οῦσης
580 1692 678 1762 τῆς
716 1693 809 1745 τοῦ
844 1691 1017 1763 πυρὸς
1049 1691 1286 1761 φύσεως.
1319 1693 1505 1746 Ταῦτα
1529 1694 1673 1748 κατά
1706 1695 1832 1749 νοῦν
1867 1694 1965 1749 λα·-

384 1784 496 1837 6ὼν
527 1785 595 1836 τὰ
626 1782 861 1852 αἰσθητά
892 1784 986 1837 καὶ
1016 1784 1208 1837 κτιστά
1228 1825 1241 1849 ,
1286 1787 1335 1838 εί
1381 1785 1474 1837 καὶ
1505 1784 1846 1855 ἀσύγκριτα,
1888 1786 1964 1850 ὡς

384 1875 586 1941 ἀρτίως
619 1875 943 1944 εἰρήκαμεν,
978 1874 1112 1942 πρὸς
1146 1875 1244 1945 τὴν
1273 1875 1441 1928 ἀΐδιον
1465 1876 1560 1929 καὶ
1587 1874 1842 1928 ἄκτιστον
1870 1875 1964 1929 τοῦ

382 1962 522 2016 Θεοῦ
554 1963 762 2028 οὐσίαν,
799 1962 937 2033 πλὴν
980 1963 1135 2035 δέχου
1166 1966 1229 2016 ὲκ
1271 1964 1477 2018 τούτων
1503 1965 1758 2036 ἀφορμὰς
1791 1982 1966 2038 σωτη-

388 2053 560 2124 ρίους,
594 2053 687 2105 καὶ
718 2051 1007 2123 πτερώσας
1053 2054 1118 2123 τῇ
1158 2053 1342 2107 πίστει
1372 2054 1432 2106 τὸ
1462 2055 1562 2119 τῆς
1604 2054 1842 2118 διανοίας
1873 2072 1967 2107 σου

384 2144 572 2216 ὄμμα,
601 2144 833 2215 ἀνάϐηθι
857 2144 947 2198 ἐπὶ
980 2145 1079 2216 τὴν
1102 2144 1312 2215 ὑψηλὴν
1345 2145 1441 2199 τοῦ
1467 2145 1604 2199 Θεοῦ
1638 2146 1933 2215 ἐπίγνωσιν
1951 2164 1966 2180 υ

386 2238 483 2289 καὶ
508 2236 811 2307 ἀπαντήσει
849 2252 952 2302 σοι,
987 2235 1065 2300 ὣς
1094 2254 1173 2305 γε.
1189 2239 1464 2309 εὐχόμεθα
1491 2239 1585 2292 καὶ
1617 2239 1967 2310 πιστεύομεν,

387 2328 843 2399 ἐναστράπτουσά
891 2346 975 2381 σοι
1022 2330 1055 2400 ἠ
1107 2330 1271 2400 χάρις
1309 2332 1344 2399 ἡ
1373 2330 1468 2383 τοῦ
1500 2331 1711 2402 Πατρὸς
1744 2331 1838 2385 καὶ
1875 2332 1970 2385 τοῦ

389 2418 520 2473 Υἱοῦ
556 2422 649 2472 καὶ
683 2420 778 2474 τοῦ
810 2419 969 2488 ἁγίου
1004 2420 1343 2490 Πνεύματος,
1378 2422 1700 2477 δεικνύουσά
1726 2440 1808 2477 σοι
1843 2423 1973 2493 μίαν

390 2509 621 2578 θεότητα
660 2509 771 2580 πῦρ
813 2505 979 2563 οὖσαν
1014 2511 1305 2574 ἀθάνατον,
1340 2511 1436 2566 καὶ
1464 2513 1805 2584 ἀπαύγασμα
1827 2554 1843 2579 ,
1879 2516 1973 2569 καὶ

390 2599 541 2670 φῶς,
583 2601 760 2670 ἁπλῆν
790 2601 883 2653 καὶ
917 2600 1234 2669 ἀσύνθετον,
1269 2602 1596 2675 ἀχώριστον,
1641 2604 1970 2676 ἀδιαίρετον,

390 2692 772 2761 ἀπερινόητον,
808 2692 1286 2763 καὶάδέκφραστον
1310 2694 1352 2745 Τ
1359 2694 1516 2765 ριάδα
1538 2695 1753 2767 ἀληθῶς
1780 2698 1975 2767 ὁμοού-

394 2796 532 2840 σιον,
573 2781 673 2848 τὴν
700 2780 795 2834 τοῦ
840 2782 1056 2853 Πατρός
1077 2823 1092 2848 ,
1123 2784 1217 2836 καὶ
1246 2783 1342 2837 τοῦ
1391 2784 1547 2850 Υίοῦ,
1584 2788 1675 2839 καὶ
1699 2787 1791 2841 τοῦ
1816 2788 1991 2857 ἁγίου·

395 2869 536 2922 Πνεύ
547 2886 733 2939 ματος.
1682 2879 1691 2893 ’

394 2979 590 3032 Ὅπου
610 2982 878 3035 πιστεύει
894 2983 929 3035 o'
949 2982 1397 3056 φιλόσοφοςῆεὶς
1416 2985 1532 3053 τὴν
1543 2988 1723 3058 ἁγίαν
1744 2992 1974 3060 Τριάδα.

466 3088 653 3143 Ταῦτα
685 3091 925 3155 ἀκούσας
962 3095 989 3147 ό
1018 3094 1338 3164 φιλόσοφος,
1385 3101 1481 3151 καὶ
1509 3099 1586 3164 ὡς
1624 3102 1681 3155 ὲν
1724 3105 1978 3160 ἐκστάσει

2059 592 2179 645 hns.
2209 588 2495 644 Sensibilis
2521 588 2621 642 iste
2648 587 2809 657 ignis,
2836 595 3028 639 natura
3057 599 3162 637 una
3193 583 3308 639 sive
3333 582 3634 637 substantia

2057 694 2180 733 cum
2212 679 2306 744 sil,
2361 679 2575 732 trinitas
2605 687 2690 731 est
2722 677 2775 730 in
2808 675 3020 740 eodem,
3053 673 3214 744 ignis,
3243 672 3519 743 splendor,
3552 671 3635 727 lu-

2059 785 2218 837 men;
2257 779 2312 823 et
2348 768 2480 822 nihil
2522 769 2716 823 horum
2758 765 3032 821 invenitur
3067 764 3248 818 altero
3273 763 3422 833 prius
3458 778 3580 818 esse
3616 780 3632 817 :

2059 862 2152 916 sed
2185 878 2213 914 a
2248 875 2307 915 se
2342 860 2574 914 invicem
2611 857 2855 927 separari
2893 871 3000 910 non
3035 864 3261 923 possunt
3295 854 3429 920 tria,
3465 854 3631 925 ignis,

2058 968 2122 1007 ex
2157 953 2275 1022 ipso
2304 952 2564 1022 splendor
2613 961 2671 1006 et
2701 950 2900 1005 lumen.
2934 949 3214 1018 Distingue
3245 948 3430 1017 igitur,
3464 948 3509 1003 si
3543 962 3638 1015 ρο-

2060 1053 2164 1108 tes,
2199 1060 2232 1099 0
2267 1045 2610 1115 philosophe,
2648 1045 2749 1098 tria
2786 1045 2922 1107 haec,
2954 1052 3011 1097 et
3041 1042 3268 1097 ostende
3304 1041 3459 1095 nobis
3492 1040 3635 1094 aliud

2061 1136 2169 1191 alio
2192 1137 2343 1204 prius
2365 1136 2648 1201 exsistere,
2672 1134 2757 1188 vel
2787 1135 2963 1204 ignem
2992 1143 3119 1188 ante
3145 1132 3490 1203 splendorem
3521 1140 3640 1200 post

2060 1226 2266 1297 aliquot
2294 1235 2535 1296 tempora
2563 1226 2686 1294 igne
2713 1225 3098 1296 posteriorem;
3125 1232 3217 1277 aut
3246 1237 3433 1276 rursus
3459 1222 3636 1275 lumen

2062 1317 2185 1388 igne
2206 1316 2290 1371 vel
2313 1316 2601 1388 splendore
2626 1316 2896 1385 posterius
2918 1329 3044 1370 esse
3072 1324 3336 1383 tempore,
3362 1311 3446 1366 vei
3474 1312 3638 1366 etiam

2063 1412 2214 1482 prius
2248 1428 2262 1466 :
2299 1410 2524 1465 ostende
2563 1410 2607 1464 si
2648 1417 2835 1479 potes,
2872 1408 3120 1463 dividens
3153 1408 3221 1462 ab
3257 1406 3490 1461 invicem
3526 1406 3639 1460 haec

2066 1505 2188 1569 tria,
2223 1512 2279 1559 et
2310 1518 2415 1558 non
2452 1504 2613 1557 simul
2645 1503 2912 1558 exsistere
2947 1502 3145 1570 ignem,
3181 1499 3527 1569 splendorem
3585 1506 3642 1550 et

2064 1595 2244 1649 lumen
2273 1609 2434 1650 :cum
2464 1603 2644 1647 tamen
2670 1592 2740 1647 sit
2764 1607 2868 1646 una
2896 1592 3036 1661 ignis
3062 1603 3278 1646 natura.
3305 1587 3429 1644 Hasc
3455 1589 3639 1643 animo

2065 1687 2305 1742 retinens
2332 1685 2552 1741 sensilia
2578 1695 2633 1740 et
2659 1694 2862 1748 creata,
2891 1683 3142 1752 quamvis
3171 1682 3501 1737 conferenda
3535 1697 3638 1735 non

2063 1787 2222 1844 sunt,
2258 1786 2318 1832 ut
2350 1778 2511 1847 paulo
2543 1786 2669 1831 ante
2701 1776 2974 1839 diximus,
3010 1773 3076 1827 ad
3110 1782 3369 1827 aeternam
3407 1771 3553 1826 illam
3588 1781 3643 1826 et

2069 1867 2665 1938 incomprehensibilem
2699 1866 2790 1919 Dei
2822 1864 3213 1929 substantiam,
3247 1864 3432 1931 accipe
3461 1878 3529 1918 ex
3561 1864 3644 1918 his

2067 1960 2384 2015 occasiones
2417 1959 2706 2024 salutares,
2740 1967 2797 2012 et
2830 1957 2935 2011 ﬁde
2968 1957 3121 2027 quasi
3159 1955 3282 2010 aliis
3317 1956 3642 2024 quibusdam

2067 2053 2332 2121 adaptans
2372 2051 2572 2105 mentis
2613 2059 2717 2105 tuae
2758 2048 3008 2114 oculum,
3044 2049 3110 2104 ad
3147 2048 3517 2102 sublimiorem
3553 2046 3643 2100 Dei

2069 2143 2450 2213 cogitationem
2479 2141 2733 2202 ascende.
2758 2149 2813 2194 et
2839 2147 3090 2194 occurret
3117 2140 3236 2203 tibi,
3263 2149 3321 2192 ut
3346 2153 3567 2192 oramus
3593 2147 3647 2190 et

2069 2233 2645 2299 credimus,irradians
2674 2241 2726 2286 te
2741 2233 2913 2303 gratia
2943 2230 3139 2295 Patris,
3171 2242 3225 2285 et
3256 2230 3400 2297 Filii,
3433 2241 3488 2286 et
3520 2228 3645 2298 Spi-

2072 2327 2209 2381 ritus
2233 2325 2429 2390 sancti,
2454 2334 2508 2379 et
2529 2326 2823 2379 ostendens
2850 2324 2945 2379 tibi
2970 2340 3135 2378 unam
3159 2322 3502 2377 divinitatem
3529 2333 3652 2377 tan-—

2071 2432 2231 2487 quam
2274 2417 2451 2487 ignem
2496 2415 2901 2481 immortalem,
2942 2414 3285 2484 Splendurem
3331 2423 3384 2468 et
3430 2415 3648 2481 lumen,

2074 2506 2374 2575 simplicem
2405 2506 2608 2564 et.sine
2640 2506 3057 2574 compositione,
3091 2504 3536 2575 inseparabilem,
3567 2505 3651 2558 in.

2075 2596 2335 2660 divisam,
2383 2594 2781 2663 incogitabilem
2832 2603 2887 2649 et
2938 2593 3268 2649 ineffabilem
3319 2592 3649 2650 Trinitatem

2074 2701 2203 2741 vere
2238 2685 2791 2753 consubstantialem,
2824 2671 3024 2752 P'atris,
3062 2696 3119 2741 et
3159 2684 3304 2753 Filii,
3336 2694 3389 2741 et
3419 2683 3654 2758 Spiritus

2074 2777 2272 2833 sancﬁ.

2148 2976 2251 3032 Ubi
2290 2977 2455 3032 credit
2492 2977 2832 3047 philosophus
2870 2976 2926 3030 in
2968 2987 3206 3052 sanctam
3248 2976 3582 3036 Trinitatem.

2151 3091 2284 3147 Cum
2315 3094 2428 3148 haec
2457 3094 2698 3147 audisset
2727 3093 3098 3160 philosophus.
3125 3103 3180 3148 et
3204 3093 3357 3163 quasi
3386 3102 3574 3164 raptus
3598 3096 3677 3150 iu'

394 3181 686 3251 γενόμενος
706 3223 719 3242 ,
748 3182 1042 3252 ἀπηνεὼθη
1069 3186 1162 3238 ἐπὶ
1197 3186 1451 3243 πλεῖστον
1485 3190 1629 3253 ὅσον,
1667 3193 1763 3246 κα)⁵
1785 3197 1833 3248 oi
1863 3195 1972 3250 δια-

2080 3183 2344 3237 exstasim
2384 3186 2619 3238 maxime
2650 3184 3008 3254 obriguisset,
3045 3184 3272 3253 ejusque
3303 3184 3658 3254 cogitationes

392 3272 651 3343 λογισμοὶ⁸
680 3274 848 3327 αὐτοῦ
878 3277 1278 3346 συνετάρασσον
1309 3279 1493 3346 αὐτὸν,
1525 3281 1691 3350 φόϐος
1716 3302 1775 3337 τε
1810 3287 1976 3351 πολὺς

394 3364 664 3417 ἐπέπεσεν
690 3365 777 3417 ἐπ’
805 3365 986 3417 αὐτόν’
1015 3361 1132 3420 εἶτα
1164 3369 1243 3432 είς
1286 3369 1478 3423 ἑαυτοῦ
1508 3370 1679 3426 ἐλθὼν
1707 3375 1977 3445 ἀνεκραύ-

394 3469 530 3520 γασε
558 3452 719 3523 μέγα,
751 3453 939 3505 είπών·
972 3453 1109 3519 Δόξα
1126 3472 1230 3521 σοι,
1260 3459 1288 3509 6
1311 3457 1444 3523 Θεὸς
1469 3461 1499 3512 ό
1526 3461 1838 3531 ἐμπνεύσας
1856 3464 1979 3517 τού-

396 3560 511 3607 τοις
533 3543 646 3606 τοῖς
685 3546 863 3614 ἁγίοις
894 3563 987 3600 σου
1030 3548 1094 3600 τὸ
1122 3548 1263 3619 ὑπὲρ
1293 3552 1471 3621 πάντα
1510 3552 1648 3607 νοῦν
1678 3556 1980 3625 μυστήριον

396 3634 497 3699 τῆς
525 3635 791 3703 ἀχράντου
822 3635 915 3689 καὶ
944 3636 1251 3705 ἀχωρίστου
1280 3640 1374 3692 καὶ
1407 3641 1664 3695 ἀκτίστου
1695 3644 1978 3715 Θεότητος.

396 3724 563 3779 Ἀλλὰ
586 3726 775 3796 δέομαί
800 3743 915 3789 σου,
935 3728 1158 3799 Χριστὲ,
1179 3729 1254 3794 ὡς
1275 3732 1586 3800 παναγάθου
1606 3735 1818 3805 Πατρδς
1847 3754 1983 3790 παν-

401 3817 601 3885 άγαθος
646 3817 803 3881 Υἱὸς,
858 3818 1035 3890 πάρες
1082 3819 1226 3892 ἅπερ
1287 3823 1369 3884 είς
1415 3824 1514 3887 σὲ,
1559 3824 1821 3896 ὑπαχθεὶς
1861 3830 1983 3893 ταῖς

402 3906 624 3961 ἀσεϐέσι
658 3909 811 3979 παρά
848 3908 943 3962 τοῦ
997 3911 1210 3982 Ἀρείου
1242 3912 1453 3978 δόξαις,
1487 3915 1755 3986 ἥμαρτον,
1785 3919 1881 3971 καὶ
1908 3919 1982 3989 μὴ

402 3998 886 4073 εἰσπραχθήσομαι
930 3999 1088 4064 δίκας
1127 4002 1277 4073 παρά
1326 4002 1410 4057 σοὶ
1456 4003 1534 4074 τῷ
1579 4005 1774 4078 δικαίῳ
1822 4012 1981 4081 κριτῇ

406 4091 548 4159 ὑπὲρ
575 4092 684 4143 τῶν
724 4091 937 4144 ἀσεϐῶν
991 4091 1254 4163 ῥημάτων
1288 4092 1535 4156 ἐκείνων,
1579 4088 1656 4148 ὧν
1705 4097 1848 4150 κατά
1888 4096 1982 4150 σοῦ

406 4184 662 4253 ἀπέφηνα
695 4185 725 4237 ό
775 4182 960 4246 τάλας.
1015 4184 1154 4237 Οὐαὶ
1213 4184 1410 4255 Ἀρείῳ
1447 4184 1539 4240 καὶ
1592 4189 1658 4257 τῇ
1706 4188 1986 4259 συμμορίᾳ

406 4273 574 4327 αὐτοῦ
609 4277 677 4346 τῇ
714 4275 905 4328 ἀσεσεῖ
927 4315 942 4337 ,
977 4275 1437 4346 βλασφημήσασιν
1468 4278 1550 4341 είς
1603 4277 1698 4331 τὸν
1729 4279 1854 4333 Υίδν
1886 4279 1982 4333 τοῦ

407 4362 565 4428 Θεοῦ,
592 4363 858 4432 λέγουσιν·
885 4360 993 4418 Ἦν
1027 4380 1157 4418 ποτε
1185 4366 1274 4419 ὅτε
1299 4366 1400 4419 οὐκ
1425 4362 1514 4438 ἦν·
1552 4371 1647 4422 καὶ
1672 4370 1752 4422 ὅτι
1784 4370 1987 4440 κτίσμα

410 4455 505 4507 καὶ
529 4454 736 4524 ποίημα
762 4455 856 4508 καὶ
899 4455 959 4519 ἐξ
1004 4456 1198 4526 ἑτέρας
1233 4456 1423 4522 οὐσίας
1448 4460 1476 4512 6
1510 4458 1654 4520 ’Υἱὸς
1694 4460 1789 4514 τοῦ
1825 4462 1984 4527 Θεοῦ,

412 4547 505 4599 καὶ
533 4544 596 4598 τὸ
637 4545 860 4617 Πνεῦμα
908 4546 969 4599 τδ
999 4547 1178 4614 ἅγιον,
1224 4549 1316 4602 καὶ
1361 4549 1437 4622 μὴ
1468 4551 1568 4621 τῆς
1601 4553 1770 4623 αὐτῆς
1802 4555 1990 4618 οὐσίας

411 4632 479 4708 ἦς
541 4639 571 4690 ό
624 4636 838 4710 Πατὴρ,
877 4639 1123 4708 είρηκόσι
1166 4639 1258 4693 τὸν
1293 4641 1421 4694 Υἱὸν
1460 4642 1554 4697 τοῦ
1602 4642 1737 4699 Θεοῦ
1788 4647 1884 4700 καὶ
1931 4649 1992 4701 τὸ

413 4728 644 4799 Πνεῦμα
689 4729 752 4781 τὸ
790 4731 965 4797 ἆγιον.
1035 4729 1445 4801 Ἀναθεματίζω
1491 4733 1586 4786 νῦν
1633 4737 1730 4789 καὶ
1777 4737 1995 4802 πάντως

415 4816 698 4891 [πάντοτε]
753 4820 970 4887 Ἀρειον
995 4818 1206 4882 καὶτὰς
1233 4818 1453 4884 ἀσεόεῖς
1482 4820 1646 4875 αὐτοῦ
1676 4822 1861 4889 δόξας,
1902 4826 1999 4878 καὶ

415 4912 542 4974 τοὺς
586 4910 656 4964 τά
701 4909 867 4964 αὐτοῦ
909 4909 1240 4982 φρονοῦντας
1279 4910 1519 4978 πάντας,
1556 4913 1802 4976 καὶτοὺς
1834 4913 1994 4984 βλασ-

419 5000 738 5070 φημοῦντας
787 5002 931 5055 κατά
960 5017 1018 5055 τε
1044 4999 1137 5055 τοῦ
1171 5002 1401 5071 Πατρὸς,
1432 5003 1574 5056 κατά
1603 5019 1661 5056 τε
1692 5002 1785 5057 τοῦ
1821 5005 1951 5059 Υίοῦ
1974 5045 1990 5070 ,

420 5091 517 5145 καὶ
571 5092 713 5145 κατὰ
758 5091 852 5145 τοῦ
900 5093 1057 5161 ἁγίου
1091 5092 1430 5164 Πνεῦμα-τος.
1488 5096 1547 5149 ’0
1588 5095 1699 5167 γὰρ
1737 5098 1828 5151 τὸν
1876 5098 2003 5152 Υίὸν

424 5179 502 5251 μὴ
576 5180 738 5251 ἔχων,
795 5181 918 5236 οὐδὲ
966 5182 1057 5236 τὸν
1101 5182 1321 5252 Πατέρα
1375 5183 1512 5254 ἔχει*
1556 5185 1651 5238 καὶ
1700 5188 1730 5240 ό
1788 5189 1869 5250 είς
1910 5188 2003 5243 τὸν

424 5270 552 5324 Υίὸν
582 5273 676 5324 καὶ
704 5272 767 5323 τὸ
797 5273 1022 5344 Πνεῦμα
1052 5274 1113 5326 τὸ
1151 5273 1308 5343 ἇγιον
1352 5274 1774 5347 βλασφημήσας,
1802 5282 1882 5345 εἰς
1909 5281 2002 5335 τὸν

424 5363 647 5432 Πατέρα
678 5361 1091 5435 ἐϐλασφήμησε,
1118 5364 1468 5418 Καθικετεύω
1493 5367 1594 5435 τὴν
1625 5367 1896 5440 ὑμετέραν
1928 5372 2003 5425 is-

429 5454 528 5522 ρὰν
570 5455 884 5527 γερουσίαν,
929 5455 1234 5528 βοηθήσατέ
1276 5473 1367 5526 μοι
1405 5456 1495 5511 διὰ
1524 5455 1635 5509 τῶν
1680 5459 1820 5528 ὑπὲρ
1866 5461 2000 5531 ἐμοῦ

427 5547 565 5617 πρὸς
591 5549 683 5602 τὸν
714 5550 949 5620 Χριστὸν
985 5550 1075 5603 τὸν
1107 5550 1236 5603 Υἱὸν
1280 5550 1374 5603 τοῦ
1402 5549 1537 5603 θεοῦ
1573 5550 1792 5605 ίκεσιῶν
1824 5553 2001 5623 ὐμῶν,

427 5637 811 5694 ἀκολουθοῦντι
855 5639 1091 5710 μάλιστα
1125 5641 1238 5704 τοῖς
1282 5640 1351 5693 δι’
1386 5639 1540 5710 ὑμῶν
1584 5639 1690 5693 ὑπὸ
1717 5642 1813 5696 τοῦ
1842 5643 2001 5713 ἁγίου

489 5775 537 5814 “
567 5776 815 5839 Senatui.
844 5779 945 5835 hoc
975 5787 1078 5838 est.
1107 5781 1270 5835 οωιυί
1298 5790 1481 5838 vestro
1507 5796 1682 5838 sacro.

2079 3273 2256 3340 ipsum
2293 3273 2696 3342 perturbarenl,
2735 3288 2963 3343 magnus
2999 3274 3163 3328 timor
3195 3274 3248 3328 in
3286 3289 3410 3329 eum
3447 3275 3656 3330 incidit.

2082 3362 2283 3418 Deinde
2310 3364 2362 3417 in
2393 3364 2633 3433 seipsum
2664 3380 2916 3419 reversus
2946 3365 3203 3420 clamavit
3226 3365 3401 3429 Valde,
3428 3366 3613 3421 dicens
3639 3387 3656 3424 ς

2079 3452 2261 3507 Gloria
2290 3452 2407 3519 tibi,
2432 3452 2594 3520 Deus,
2625 3453 2718 3524 qui
2751 3454 3029 3523 inspirasti
3060 3454 3261 3509 sanctis
3293 3456 3376 3510 his
3406 3455 3515 3511 tuis
3544 3471 3661 3527 my-

2081 3543 2327 3609 sterinm,
2353 3546 2494 3614 quod
2519 3559 2734 3598 onmem
2763 3545 3094 3600 intellectum
3126 3556 3372 3616 supcrat,
3397 3546 3662 3603 immacu-

2080 3636 2225 3699 latm,
2259 3636 2537 3691 immensae
2565 3646 2620 3691 et
2654 3638 2909 3693 increattn
2946 3638 3274 3693 Divinitatis.
3309 3638 3415 3693 Sed
3445 3655 3545 3694 oro
3576 3650 3659 3706 te.
3688 3678 3691 3683 ‹

2082 3727 2322 3793 Christe,
2347 3738 2601 3797 tanquam
2633 3730 2989 3799 undequaque
3019 3731 3141 3784 boni
3171 3729 3350 3786 Patris
3380 3732 3664 3800 undequa-

2081 3833 2188 3889 que
2218 3819 2416 3873 bonum
2452 3819 2680 3883 Filium,
2710 3820 2953 3874 condoua
2987 3835 3107 3889 qua:
3136 3822 3316 3891 impiis
3344 3821 3519 3877 adhuc
3544 3823 3660 3876 Arii

2082 3911 2425 3979 Opinionibus
2472 3911 2726 3966 seductus
2774 3913 2991 3981 peccavi
3038 3930 3053 3969 :
3099 3928 3199 3969 nec
3248 3914 3423 3983 pinnis
3469 3929 3664 3984 graver

2083 4003 2223 4072 apud
2267 4012 2318 4058 te
2354 4002 2561 4073 justum
2587 4002 2836 4075 judicem
2879 4013 3100 4075 propter
3138 4003 3300 4074 impia
3346 4005 3435 4059 illa
3475 4006 3663 4068 verba,

2085 4111 2205 4165 qua:
2238 4095 2500 4149 adversus
2532 4104 2584 4150 te
2615 4095 2779 4149 miser
2811 4095 3032 4164 protuli.
3053 4094 3145 4150 Vat
3172 4096 3302 4150 Ario
3330 4106 3385 4149 et
3413 4095 3531 4165 ejus
3562 4097 3666 4151 im-

2086 4190 2175 4259 pio
2223 4189 2414 4254 coetui,
2460 4188 2960 4259 blasphemantibus
3000 4187 3262 4243 adversus
3305 4188 3502 4243 Filium
3548 4188 3665 4251 Dei.

2087 4279 2394 4335 dicentibus
2423 4297 2439 4334 :
2468 4279 2595 4332 Erat
2619 4280 2836 4349 quando
2862 4294 2969 4334 non
2999 4286 3140 4344 erat,
3163 4288 3219 4334 et
3245 4280 3389 4350 quod
3414 4289 3665 4337 creatura

2088 4372 2159 4427 sit
2183 4380 2238 4426 et
2266 4386 2419 4440 Opus,
2451 4386 2515 4426 ex
2549 4370 2655 4424 alia
2684 4372 2986 4426 substantia
3016 4371 3187 4426 Filius
3217 4371 3310 4427 Dei
3341 4381 3395 4426 et
3425 4370 3668 4442 Spiritus

2090 4474 2342 4527 sanctus;
2373 4473 2430 4517 et
2458 4461 2764 4518 dicentibus
2800 4461 2992 4517 Filium
3028 4463 3119 4517 Dei
3153 4472 3208 4517 et
3243 4461 3505 4532 Spiritum
3541 4479 3670 4519 san-

2090 4565 2238 4611 ctum
2270 4570 2373 4609 non
2405 4569 2525 4610 esse
2553 4553 2793 4621 ejusdem
2824 4555 3164 4622 substantiae,
3192 4556 3347 4626 cujus
3374 4566 3459 4612 est
3485 4554 3667 4613 Pater.

2089 4646 2504 4701 Anathematizo
2534 4659 2676 4699 nunc
2702 4652 2758 4698 et
2785 4659 3000 4714 semper
3026 4645 3216 4700 Arium
3244 4655 3298 4701 et
3328 4647 3521 4715 impias
3550 4645 3671 4717 ejus

2093 4736 2396 4807 opiniones,
2426 4745 2481 4790 et
2511 4749 2704 4790 omnes
2733 4749 2856 4789 cum
2887 4747 2952 4788 eo
2982 4735 3302 4801 sententias,
3332 4743 3388 4790 et
3417 4735 3672 4808 blasphe—

2096 4835 2309 4881 mantes
2337 4827 2596 4880 adversus
2622 4825 2837 4880 Patrem
2865 4833 2920 4880 et
2943 4823 3140 4880 Filium
3169 4835 3224 4881 et
3251 4826 3513 4895 Spiritum
3544 4843 3673 4883 san-

2100 4925 2269 4969 ctum.
2305 4914 2407 4981 Qui
2444 4914 2588 4970 enim
2630 4913 2826 4972 Filium
2870 4928 2979 4969 non
3020 4914 3212 4980 habet,
3248 4929 3422 4987 neque
3461 4914 3673 4971 Patrem

2100 5005 2265 5060 habet
2295 5020 2309 5058 :
2342 5013 2397 5059 et
2427 5003 2519 5073 qui
2553 5013 2740 5058 contra
2772 5001 2975 5058 Filium
3009 5012 3103 5058 aut
3135 5003 3396 5074 Spiritum
3430 5013 3674 5058 sanetum

2103 5096 2531 5165 blasphemavlt,
2578 5095 2633 5151 in
2683 5094 2903 5151 Patrem
2957 5094 3373 5165 blasphemavit.
3422 5092 3677 5165 Supplice

2102 5197 2282 5243 autem
2323 5203 2495 5244 sacrm
2530 5200 2728 5243 vestrae
2766 5188 3119 5255 senectuti",
3159 5185 3411 5256 adjuvate
3453 5201 3540 5240 me
3582 5201 3679 5254 per

2100 5291 2313 5335 vestras
2364 5281 2431 5335 de
2483 5266 2571 5335 me
2618 5279 2686 5334 ad
2734 5278 3011 5335 Christum
3065 5278 3260 5335 Filium
3312 5277 3405 5332 Dei
3454 5292 3677 5348 preces,

2109 5371 2342 5425 maxime
2366 5385 2488 5425 cum
2505 5370 2616 5438 jam
2641 5371 2976 5425 consentiam
3003 5369 3087 5423 his
3107 5384 3226 5437 quis
3247 5385 3275 5422 a
3297 5367 3451 5422 vobis
3471 5368 3537 5423 de
3558 5381 3683 5421 san-

2108 5471 2195 5518 cto
2235 5461 2440 5532 Spiritu
2480 5462 2726 5532 exposita
2763 5472 2818 5517 et
2855 5460 3078 5516 definita
3116 5468 3244 5516 sunt
3280 5477 3296 5517 :
3333 5467 3390 5514 et
3423 5459 3686 5515 conﬁteor

2107 5553 2473 5627 867-868
2495 5553 2584 5608 illa
2610 5567 2732 5608 esse
2756 5567 2881 5607 vera
2910 5562 3072 5624 atque
3094 5551 3274 5619 ﬁrma,
3299 5552 3401 5605 hoc
3425 5564 3547 5605 esse
3567 5565 3687 5604 cre-

2112 5650 2277 5711 deus,
2310 5646 2452 5716 quod
2487 5660 2769 5704 sacrorum
2804 5645 3037 5716 scriptor
3068 5642 3266 5700 Paulus
3292 5642 3434 5697 dixit
3468 5660 3478 5694 :
3518 5661 3537 5696 ι
3577 5640 3690 5717 Myo-
