4070 6452
411 333 548 398 1235

1655 325 1960 386 GELASlI
2000 324 2344 386 CYZiCENI

3537 323 3674 388 ῙὶζἻῦ

403 453 629 506 stcrium
675 447 1049 502 absconditum
1092 460 1120 497 a
1161 441 1376 496 szcrulis
1423 450 1473 495 et
1518 441 1980 508 generationibus,

2102 437 2403 507 ζινεύμχτος
2445 434 2712 489 ὲκτεθεῐσι
2757 437 2849 490 καὶ
2892 434 3262 507 ὁριζομένοις·
3297 433 3390 489 καὶ
3423 434 3678 505 ὁμολογῶ

399 541 550 607 quod
594 553 737 593 nunc
783 536 1077 591 revelatum
1119 543 1222 595 est,
1267 542 1324 585 ιιι
1369 532 1583 595 asserit,
1623 531 1831 585 sanctis
1872 529 1988 597 ejus

409 631 667 703 apostolis
701 640 754 686 et
789 629 1064 700 protihetis
1084 626 1154 690 ὀ,
1197 644 1214 677 ι
1253 633 1307 679 et
1336 623 1492 678 vobis
1527 622 1578 675 in
1615 619 1818 691 Spiritu
1857 636 1988 675 sau-

409 734 514 788 (ιω,
543 737 758 792 semper
779 721 987 776 scilicet
1014 719 1389 778 exsisteulem,
1415 721 1469 768 et
1493 713 1650 768 simul
1679 713 1982 767 subsisten-

413 826 540 880 teut,
567 829 629 869 ac
655 821 1062 885 permanentem
1089 825 1208 864 cum
1233 807 1342 864 Deo
1365 817 1420 861 et
1445 805 1604 860 Patre
1632 802 1824 858 Filium
1847 805 1986 875 ejus,

411 918 464 960 et
496 907 758 976 Spiritum
787 905 1030 974 ejusdem
1061 909 1331 956 sanctum.

2095 531 2264 587 ταῖτα
2291 528 2470 600 ἀληθῆ
2493 525 2654 590 εἶναι.
2688 531 2782 583 καὶ
2811 529 3030 601 βέϐαια.
3065 529 3236 582 Τοῦτο
3265 527 3374 598 γὰρ
3403 527 3680 580 πιστεύων

2093 617 2266 685 εἶναι,
2296 623 2433 693 ὅπερ
2470 624 2496 675 6
2527 621 2852 693 ἱεροφάντης
2881 617 3002 676 εἷπε
3033 621 3265 683 Παῦλος·
3301 639 3318 671 ι
3357 619 3430 672 Τὸ
3467 621 3680 689 μυστή-

2095 731 2208 785 ριον
2254 713 2314 766 τὸ
2345 714 2832 786 ἀποκεκριμμὲνον
2866 715 2975 768 ἀπὸ
3011 713 3120 768 τῶν
3163 713 3396 775 αἰώνων,
3445 712 3539 764 καὶ
3569 709 3683 764 ἀπὸ

2090 805 2199 858 τῶν
2228 805 2453 874 γενεῶν,
2488 805 2516 859 ὃ
2547 805 2642 858 νῦν
2674 805 3035 877 ἀπεκαλύφθη
3059 845 3074 867 ,
3108 803 3291 866 καθὼς
3315 805 3533 874 εἴρηται
3568 803 3684 862 τοῖς

2091 896 2270 964 ἁγίοις
2304 896 2470 950 αὐτοῦ
2503 896 2824 961 ἀποστόλοις
2850 899 2947 952 καὶ
2976 899 3318 966 προφήταις,
3362 913 3382 945 ι
3426 893 3520 948 καί
3552 893 3685 961 ὑμῖν

413 1003 472 1052 tv
502 1000 812 1070 Πνεύματι,
847 998 934 1051 ἀεὶ
981 996 1110 1050 ὅντα
1157 995 1246 1048 καὶ
1323 992 1733 1063 συνυπάρχοντα
1799 991 1892 1045 καὶ
1938 991 2358 1063 συνδιαμένοντα
2389 992 2467 1064 τῷ
2509 993 2628 1063 Θεῷ
2661 993 2753 1048 καὶ
2819 993 2994 1063 [largi
3033 991 3124 1045 τὸν
3188 991 3314 1044 Υἰὸν
3353 988 3542 1054 αὐτοῦ,
3585 991 3684 1040 καὶ

410 1091 474 1144 τὸ
505 1092 728 1162 Πνεῦμα
756 1089 922 1144 αὐτοῦ
949 1087 1010 1142 τὸ
1038 1087 1216 1155 ἅγιον.

1015 1205 1168 1260 CAP.
1215 1204 1382 1259 XXII.

2679 1204 2929 1257 ΚΕΦΔΛ.
2969 1202 3097 1255 KB'.

415 1327 676 1380 Addentes
701 1323 869 1377 sancti
891 1319 1078 1374 Patres
1099 1321 1162 1372 de
1183 1318 1355 1393 fonte,
1373 1319 1548 1382 ﬂuvio,
1574 1327 1802 1393 et_aqua_,
1831 1315 1990 1368 locuti

2102 1318 2461 1388 Προσοέντες
2485 1321 2538 1393 οἱ
2558 1317 2725 1393 firmo
2736 1315 2988 1393 Hatépec
3005 1311 3178 1368 εἷπον
3202 1309 3351 1393 ίτρός
3371 1311 3683 1393 τέτὲιλό-

504 1405 624 1450 sunt
657 1395 725 1446 ad
755 1393 1123 1463 philosophum
1159 1385 1251 1459 per
1276 1391 1573 1458 episcopum
1607 1385 1902 1442 Leontium.

483 1575 617 1628 Illud
647 1574 832 1639 etiam,
861 1573 1035 1626 amice
1063 1571 1402 1639 philosophr,
1430 1568 1570 1635 quod
1605 1576 1854 1634 superest
1884 1567 1988 1618 htt-

409 1667 498 1735 jus
524 1666 786 1730 veritatis,
809 1663 1259 1719 considerandum
1288 1673 1391 1716 est.
1415 1659 1637 1714 Fontem
1666 1660 1986 1728 cogitemus,

415 1759 504 1826 qui
543 1757 762 1812 ﬂuvium
794 1771 948 1825 aqua!
978 1763 1203 1822 generat
1241 1771 1256 1807 :
1290 1754 1468 1808 omnis
1499 1752 1642 1806 enim
1677 1750 1903 1813 ﬂuvius,
1939 1759 1998 1802 ut

418 1849 582 1914 nosti,
615 1849 817 1901 fontem
850 1846 1010 1900 habet
1039 1845 1339 1914 genitorem
1371 1861 1386 1898 :
1415 1844 1538 1897 inde
1568 1843 1810 1912 procedit
1843 1857 2000 1912 aqua:

418 1942 630 1996 ﬂuvius.
670 1938 775 1994 Sed
811 1954 970 1993 nemo
1012 1937 1232 1992 ﬂuvium
1278 1935 1516 2006 appellat
1545 1934 1786 2000 fontem,
1822 1948 1998 2004 neque

418 2034 620 2086 fuittem
649 2027 867 2084 ﬂuvium
898 2046 912 2083 :
939 2028 1031 2083 sed
1063 2025 1204 2093 fons,
1231 2025 1352 2081 fons
1377 2025 1702 2096 appellatur,
1727 2035 1781 2081 et
1807 2023 1999 2080 ﬂuxius

418 2127 632 2188 ﬂuvius,
665 2131 718 2177 et
753 2133 1041 2189 utrumque
1073 2132 1216 2186 aqua
1252 2133 1380 2172 uua.
1414 2117 1639 2183 Quando
1673 2126 1853 2171 autem
1893 2117 2002 2168 vult

419 2215 683 2287 quispiam
723 2227 754 2268 c
795 2211 942 2266 fonte
981 2211 1063 2266 vel
1103 2209 1264 2264 ﬂuvio
1301 2224 1498 2280 aquam
1543 2209 1794 2274 haurire,
1831 2219 2002 2263 mutat

420 2304 916 2367 nomenclaturam;
955 2315 1059 2356 non
1091 2301 1234 2357 enim
1264 2301 1395 2356 dicit
1422 2297 1626 2365 :Vade,
1650 2299 2000 2371 progrediens

419 2399 641 2453 haurias
665 2408 714 2450 et
740 2395 882 2450 l'eras
904 2393 1032 2448 mihi
1057 2391 1259 2476 fontem
1282 2402 1376 2447 aut
1399 2390 1644 2456 ﬂuvium,
1663 2393 1756 2447 sed
1780 2407 2000 2462 aquam,

419 2501 468 2545 et
502 2504 604 2543 una
639 2487 856 2559 quidem
889 2495 1079 2539 natura
1099 2524 1114 2551 ,
1145 2493 1255 2540 tres
1281 2491 1460 2538 autem
1491 2497 1734 2553 personae
1763 2483 2004 2538 dicendae

419 2590 567 2644 sunt,
597 2579 738 2644 fons,
767 2576 978 2637 ﬂuvius,
1006 2586 1061 2630 et
1088 2591 1250 2645 aqua.
1281 2575 1389 2629 Sed
1419 2583 1476 2631 et
1504 2574 1685 2629 divina
1719 2574 2004 2644 Scriptura

417 2673 604 2727 eadem
641 2683 894 2724 asserens
926 2667 1285 2722 demonstrat.
1317 2664 1500 2737 Neque
1533 2664 1674 2720 enim
1711 2663 1778 2719 ab
1810 2664 2000 2720 eadem

419 2763 596 2818 aliena
621 2776 720 2817 nos
745 2761 838 2814 tibi
866 2758 1157 2829 loquimur,
1181 2772 1215 2812 ο
1239 2757 1477 2828 legitime
1501 2757 1550 2810 in
1577 2764 1854 2826 posterum
1876 2771 2002 2825 gra-

421 2859 509 2910 tia:
541 2855 635 2921 illi,
693 2851 942 2922 quamvis
971 2851 1026 2905 in
1057 2848 1524 2912 similitudinibus,
1557 2849 1698 2918 typis
1721 2856 1774 2902 et
1806 2847 2000 2917 imagi-

421 2947 578 3000 uilms
611 2957 917 2999 sermonem
953 2940 1202 2996 veritatis
1234 2951 1574 2995 enarramus.
1612 2936 1704 2992 Ait
1739 2938 1902 3009 igitur
1935 2939 2002 2993 de

2169 1407 2368 1458 σοφον
2393 1380 2526 1456 ,περὶ
2559 1380 2792 1456 πήγ-ῆς,
2845 1380 2942 1438 καὶ
2971 1380 3260 1458 ποταμοῦ,
3311 1382 3407 1436 καὶ
3439 1380 3683 1446 ὕδατος,

2167 1455 2264 1514 διὰ
2287 1459 2392 1514 τοῦ
2425 1455 2763 1513 ἐπισκόπου
2797 1455 3101 1510 Λεοντίου.

2171 1576 2408 1628 κακεῖνο
2448 1572 2506 1626 δὲ
2533 1570 2776 1642 νοητέον,
2824 1563 2869 1622 ὦ
2909 1567 3028 1637 φίλε
3053 1567 3237 1620 λοιπὸν
3279 1565 3380 1634 τῆς
3414 1563 3682 1634 ἀληθείας

2097 1669 2374 1737 φιλόσοφε.
2413 1667 2601 1738 Πηγὴν
2633 1669 2912 1736 νοήσωμεν
2945 1663 3224 1732 γεννῶσαν
3258 1661 3504 1731 ποταμδν
3552 1661 3685 1713 ὓδα-

2101 1777 2191 1824 τος
2209 1777 2222 1790 ο
2255 1762 2362 1822 πᾶς
2390 1759 2502 1830 γάρ
2527 1760 2788 1830 ποταμὸς,
2816 1757 2894 1821 ὼς
2920 1753 3096 1818 οἷσθα,
3131 1755 3314 1826 πηγὴν
3349 1753 3462 1824 ἔχει
3488 1755 3688 1823 γεννὴ-

2099 1867 2309 1918 τειραν·
2341 1843 2459 1902 εἶτα
2499 1849 2826 1919 προέρχεται
2860 1847 2959 1916 μὲν
2999 1847 3026 1899 6
3068 1845 3312 1916 ποταμὸς
3341 1843 3434 1898 τοῦ
3464 1843 3683 1906 ὕδατος.

2113 1941 2251 1994 Ἀλλ’
2281 1941 2460 2006 οὐθεὶς
2493 1940 2648 1994 καλεῖ
2670 1941 2762 1994 τὸν
2792 1937 3036 2010 ποταμὸν
3070 1938 3275 2008 πηγὴν,
3301 1937 3334 2006 ἢ
3365 1936 3463 2007 τὴν
3499 1936 3687 2006 πηγὴν

2103 2033 2367 2104 ποταμόν·
2391 2032 2562 2102 ἀλλ’ἢ
2598 2032 2750 2102 πηγὴ
2775 2030 2926 2100 πηγὴ
2955 2029 3226 2090 καλεῖται,
3257 2029 3353 2082 καὶ
3377 2028 3406 2078 ὁ
3438 2025 3686 2096 ποταμδς

2102 2125 2350 2196 ποταμός
2377 2140 2391 2151 ·
2424 2124 2517 2178 καὶ
2547 2124 2830 2194 ἀμφότερα
2860 2121 2918 2174 ἓν
2948 2119 3112 2191 ὕδωρ.
3165 2119 3334 2172 Ἐπάν
3359 2118 3416 2172 δέ
3447 2135 3531 2180 τις
3563 2117 3687 2170 ἐ.θέ-

2100 2221 2183 2271 λοι
2213 2215 2522 2288 ἀρύσασθαι
2563 2216 2629 2267 ta:
2661 2214 2754 2266 τοῦ
2788 2211 3034 2281 ποταμοῦ
3080 2211 3114 2284 ἢ
3153 2212 3253 2280 τῆς
3294 2209 3478 2280 πηγῆς
3517 2207 3686 2278 ὕδωρ,

2105 2307 2429 2381 μτσόάλλει
2457 2308 2556 2376 τὴν
2581 2304 2972 2378 προσηγορίαν.
2991 2303 3106 2358 Οὐκ
3131 2305 3250 2374 ὲρεῖ
3273 2302 3402 2372 γὰρ,
3421 2299 3689 2364 Ἀπελθε,

2104 2395 2394 2469 πορευθεὶς
2423 2395 2708 2462 άντλησον,
2747 2395 2844 2448 καὶ
2873 2394 3005 2464 φέρε
3041 2411 3131 2465 μοι
3159 2393 3258 2463 τὴν
3286 2393 3490 2464 πηγὴν,
3525 2391 3558 2460 ἢ
3593 2390 3690 2443 τὸν

2104 2487 2370 2558 ποταμὸν,
2410 2487 2526 2540 ἀλλ’
2555 2486 2719 2558 ὓδωρ.
2751 2488 2856 2539 Καὶ
2895 2485 2994 2556 μία
3030 2485 3131 2555 μὲν
3170 2487 3203 2554 ή
3241 2483 3438 2552 φύσις,
3471 2481 3599 2550 τρία
3628 2481 3689 2533 δὲ

2104 2579 2372 2650 πρόσωπα
2416 2577 2636 2640 λεκτέα,
2670 2577 2855 2646 πηγή,
2885 2573 3148 2645 ποταμζς,
3185 2573 3348 2644 ὓδωρ.
3399 2569 3559 2624 Ἀλλά
3590 2571 3690 2622 καὶ

2103 2670 2136 2738 ἠ
2175 2669 2294 2722 θεία
2337 2667 2530 2740 Γραφὴ
2581 2667 2758 2720 ταῦτα
2808 2664 3089 2736 φράζουσα
3134 2663 3444 2716 δείκνυταιο
3479 2661 3538 2713 ού
3574 2659 3690 2729 γάρ

2102 2761 2355 2832 ἀλλότρια
2383 2760 2589 2830 ταύτης
2622 2760 2783 2830 ἡμεῖς
2817 2775 2899 2810 σοι
2931 2754 3302 2827 φθεγγόμεθα,
3327 2755 3549 2824 γνήσιον
3578 2751 3689 2804 λοι-

2093 2853 2202 2906 ’πὶν
2231 2851 2422 2906 τέκνον
2459 2852 2558 2923 τῆς
2588 2852 2812 2921 χάριτος
2836 2867 2850 2880 ·
2883 2851 2930 2902 εἰ
2961 2849 3057 2902 καὶ
3091 2848 3166 2911 ὡς
3200 2849 3258 2900 tv
3285 2845 3686 2915 ὑποδείγμασι,

2103 2947 2198 3000 καὶ
2235 2945 2451 3010 τύποις,
2503 2943 2598 2998 καὶ
2627 2943 2799 2996 εἰκόσι
2826 2941 2926 3012 τῆς
2957 2940 3216 3010 ἀληθείας
3243 2937 3336 2992 τὸν
3371 2938 3528 3006 λόγον
3565 2938 3682 2990 εἱσ-

419 3037 557 3093 Filio
576 3035 753 3092 divina
779 3035 1096 3105 Scriptura:
1129 3049 1148 3084 ι
1174 3030 1380 3087 lnclino
1414 3030 1466 3086 in
1493 3044 1586 3086 eos
1619 3031 1772 3100 quasi
1807 3029 2000 3085 ﬂuvius

2107 3039 2456 3112 ηγησάμεθα.
2477 3038 2639 3107 Λέγει
2667 3033 2760 3092 οὖν
2791 3037 2918 3108 περὶ
2941 3035 3036 3088 τοῦ
3066 3033 3196 3088 Υίοῦ
3225 3037 3258 3104 ή
3297 3031 3418 3086 θεία
3447 3031 3630 3102 Γραφή
3659 3043 3676 3058 ⁸

421 3129 684 3201 pacis'°':
723 3147 742 3180 ι
769 3127 1051 3198 egrediens
1103 3124 1353 3181 videlicet
1385 3138 1450 3179 ex
1497 3137 1622 3178 vero
1670 3123 1792 3178 vitae
1832 3123 2000 3189 fonte,

421 3225 600 3282 Patris
629 3223 934 3290 divinitate,
968 3231 1025 3274 ut
1055 3220 1170 3291 ipse
1196 3220 1454 3276 Dominus
1484 3221 1536 3274 iu
1568 3219 1860 3290 Evangelia
1888 3218 2000 3274 cla-

423 3329 567 3374 mat:
597 3335 618 3370 ι
652 3316 762 3386 Ego
786 3331 812 3369 a
843 3315 1001 3370 Patre
1023 3313 1188 3382 exivi,
1210 3323 1264 3369 et
1287 3315 1444 3370 venio
1464 3316 1508 3348 "
1539 3331 1554 3368 :
1587 3332 1606 3366 ι
1634 3325 1689 3370 et
1715 3313 1859 3382 quod
1889 3311 2004 3383 ipse

421 3408 766 3480 apertissime
795 3406 928 3461 dixit
959 3423 973 3460 :
1009 3423 1026 3456 ι
1063 3404 1174 3476 Ego
1201 3415 1253 3460 et
1283 3404 1444 3460 Pater
1467 3421 1631 3460 unmn
1665 3419 1852 3460 sumus
1875 3405 1942 3466 ",
1977 3423 1997 3456 ι

422 3512 477 3558 et
513 3501 642 3556 illud
680 3517 695 3554 :
739 3517 758 3551 ι
801 3497 913 3566 Ego
952 3498 1003 3553 in
1041 3497 1226 3564 Patre,
1262 3506 1317 3554 et
1355 3496 1516 3552 Pater
1547 3498 1601 3552 in
1639 3513 1726 3554 me
1751 3498 1796 3529 "
1831 3517 1844 3554 :
1890 3515 1908 3550 ι
1949 3508 2004 3553 et

423 3590 567 3662 quod
600 3588 860 3661 Spiritum
891 3597 1138 3644 sanctqu
1169 3603 1236 3643 ex
1269 3589 1388 3659 ipso
1421 3587 1608 3644 lldcles
1637 3603 1828 3643 omnes
1857 3590 2001 3644 arci-

423 3684 620 3752 pimus,
649 3681 740 3750 qui
770 3681 1012 3752 ejusdem
1047 3681 1362 3736 substantiae
1389 3687 1472 3735 est
1499 3679 1652 3750 cujus
1680 3691 1731 3736 et
1763 3679 1923 3736 Pater
1949 3691 2004 3738 et

425 3775 618 3840 Filius,
657 3775 954 3842 procedens
1003 3786 1032 3826 a
1081 3771 1258 3836 Patre,
1301 3773 1554 3842 proprius
1593 3787 1718 3827 vero
1761 3771 1904 3838 Filii,
1948 3782 2004 3827 ut

422 3869 672 3936 superius
698 3865 1054 3920 ostendimus.
1084 3863 1240 3930 Quod
1273 3872 1455 3919 autem
1488 3863 1558 3920 ab
1591 3864 1705 3934 ipso
1737 3866 1894 3920 nobis
1925 3864 2005 3918 el-

425 3958 696 4023 luudatur,
723 3958 1029 4012 clarissime
1056 3957 1107 4010 iu
1136 3955 1442 4028 Evangeliis
1469 3957 1651 4014 docuit
1680 3960 1792 4030 ipse
1821 3959 2002 4014 Domi-

424 4063 546 4112 nus,
571 4049 758 4103 dicens
786 4065 800 4104 :
837 4067 856 4100 ι
892 4045 948 4103 Si
981 4047 1104 4117 quis
1131 4049 1269 4114 sitit,
1294 4050 1474 4104 veniat
1500 4051 1566 4106 ad
1598 4065 1704 4118 me,
1732 4061 1784 4104 et
1813 4049 1958 4106 bibat
1987 4067 2002 4105 :

423 4143 514 4208 qui
548 4141 720 4196 credit
753 4141 805 4195 in
839 4155 943 4208 me,
979 4151 1034 4195 ut
1071 4140 1350 4213 Scriptura
1389 4151 1642 4210 testatur,
1677 4142 1899 4198 ﬂumina
1937 4143 2004 4198 de

425 4241 610 4288 ventre
634 4233 750 4302 ejus
775 4232 941 4288 ﬂuent
965 4248 1118 4304 aqua:
1143 4237 1275 4290 vivze
1295 4235 1362 4289 “.
1398 4255 1415 4287 ο
1444 4236 1650 4304 Quibus
1671 4237 2003 4307 evangelista

423 4326 681 4380 divinitus
704 4325 1024 4395 inspiratus,
1050 4323 1250 4378 dictum
1275 4327 1666 4393 interpretans,
1690 4326 1962 4380 subinfert
1987 4343 2001 4380 :

313 4409 325 4415 ’
430 4435 450 4469 ι
484 4415 596 4471 lloc
625 4427 808 4471 autem
836 4415 973 4470 dixit
999 4415 1066 4470 de
1092 4414 1320 4482 Spiritu,
1346 4429 1506 4483 quem
1541 4415 1815 4482 accepturi
1847 4424 2002 4469 erant
2035 4413 2076 4470 D

427 4511 713 4566 credentes
737 4509 789 4564 in
817 4524 940 4563 eum
955 4508 1022 4562 ’⁸.
1057 4526 1075 4558 ι
1105 4507 1168 4562 Ει
1195 4505 1459 4575 propheta
1491 4506 1658 4560 David
1685 4507 1750 4560 de
1776 4507 1878 4561 hoc
1905 4507 2010 4560 uti-

428 4615 530 4670 que
561 4601 709 4655 fonte
739 4600 889 4664 vitte,
921 4607 1107 4652 sancta
1146 4598 1424 4663 trinitate,
1456 4595 1578 4650 vide
1607 4597 1735 4665 quid
1765 4597 1960 4654 clamet
1989 4617 2004 4655 :

431 4713 450 4744 ι
491 4694 640 4762 Apud
667 4701 722 4746 te
747 4700 832 4746 est
865 4689 986 4744 fons
1012 4690 1155 4753 vitae,
1183 4697 1238 4743 et
1271 4689 1322 4742 in
1356 4687 1558 4743 lumine
1589 4697 1678 4744 tuo
1704 4689 2008 4748 videbimus

428 4785 612 4840 lumen
635 4785 716 4852 ἐς
748 4804 765 4836 ι
803 4782 1007 4836 fontem
1036 4781 1158 4834 vita:
1187 4781 1351 4835 Deum
1381 4789 1434 4835 et
1458 4778 1674 4836 Patrem
1704 4783 2004 4853 appellans,

427 4879 494 4931 ad
519 4877 712 4932 Filium
736 4889 864 4929 vero
891 4871 1117 4940 loquens
1139 4889 1152 4926 :
1174 4872 1216 4926 si
1241 4870 1456 4941 quidem
1477 4870 1638 4928 Pater
1659 4885 1738 4928 cst
1765 4875 1818 4929 in
1842 4873 2000 4942 Filio,

429 4979 481 5024 et
514 4968 681 5022 Filius
716 4969 767 5020 in
805 4964 966 5019 Patre
999 4980 1012 5016 :
1046 4961 1224 5016 lumen
1259 4971 1436 5018 autem
1471 4963 1642 5032 ipsum
1675 4959 1868 5018 Filium
1903 4979 2000 5017 uo-

430 5061 620 5123 minat,
647 5061 699 5113 iu
725 5071 832 5127 quo
857 5053 1057 5110 lumine
1084 5063 1313 5111 testatur
1334 5055 1618 5110 vidcudmu
1647 5073 1766 5112 esse
1793 5058 1996 5122 lumen,

430 5153 692 5222 Spiritum
725 5159 972 5203 sanctum
1003 5165 1017 5201 :
1048 5165 1072 5199 ι
1108 5147 1162 5202 ltt
1196 5148 1418 5214 lumine,
1449 5149 1644 5218 inquit,
1679 5157 1768 5204 tuo
1797 5149 2004 5203 videbi-

431 5257 551 5296 mus
591 5242 790 5294 lumen.
837 5257 854 5292 ι
895 5237 1036 5295 Fons
1069 5240 1210 5296 enim
1247 5241 1370 5296 vita:
1407 5256 1469 5296 ac
1505 5241 1724 5296 luminis
1763 5255 1886 5296 vere
1926 5249 2010 5296 est

433 5332 594 5387 Pater
631 5349 644 5384 ι
691 5330 868 5384 lumen
909 5329 1068 5384 etiam
1110 5339 1194 5386 est
1231 5330 1398 5386 Filius
1437 5347 1501 5386 ex
1543 5330 1706 5385 Patre
1749 5330 1950 5386 lumine
1988 5350 2002 5386 :

435 5423 612 5478 lumen
641 5420 804 5475 etiam
832 5429 912 5476 est
945 5419 1180 5492 Spiritus
1212 5433 1433 5478 sanctus
1465 5438 1528 5478 ex
1561 5421 1748 5478 eodem
1781 5421 2004 5476 lumine.

433 5513 745 5584 Siquidem,
775 5522 830 5568 ut
862 5514 1015 5570 nobis
1047 5530 1186 5587 saepe
1219 5515 1504 5570 dicendum
1537 5521 1646 5577 est,
1679 5529 1782 5568 una
1811 5524 1895 5568 est
1924 5515 2007 5568 di-

2110 3155 2130 3187 ι
2167 3133 2386 3196 Κλίνω,
2417 3131 2600 3202 φησὶν,
2633 3133 2718 3184 ἐπ’
2760 3129 2961 3191 αὐτοὺς
2985 3127 3063 3192 ὡς
3103 3125 3350 3196 ποταμὸς
3377 3124 3612 3195 εἰρήνης’
3647 3139 3668 3172 ι

2103 3225 2538 3298 ἐκπορευόμενος
2578 3221 2820 3292 δηλονότι
2865 3222 2929 3274 ἐκ
2958 3220 3055 3288 τῆς
3097 3217 3333 3287 ἀληθοῦς
3366 3215 3546 3287 πηγῆς
3574 3213 3680 3282 τῆς

2103 3317 2249 3388 ζωῆς
2268 3359 2282 3383 ,
2310 3317 2408 3386 τῆς
2431 3315 2525 3368 τοῦ
2559 3314 2770 3385 Πατρδς
2799 3310 3238 3383 θεότητος,καθά
3261 3325 3428 3378 φημι,
3459 3305 3622 3371 αὐτὸς
3654 3307 3691 3358 6

2105 3413 2310 3484 Κύριος
2353 3413 2411 3465 tv
2442 3410 2794 3478 Εὐαγγελίοις
2828 3409 2926 3479 βοᾷ
2954 3424 2968 3437 ·
3007 3426 3025 3460 ι
3071 3403 3214 3473 Ἐγὼ
3242 3405 3307 3457 ὲκ
3346 3401 3440 3456 τοῦ
3467 3400 3688 3470 Πατρὸς

2104 3505 2347 3577 ἐξῆλθον,
2377 3505 2472 3559 καὶ
2502 3505 2643 3576 ἥκω.
2679 3523 2698 3555 ι
2731 3503 2970 3557 Κάκεῖνο
2991 3500 3046 3553 δὲ
3068 3500 3210 3570 ὅπερ
3227 3497 3332 3566 ἔφη
3360 3494 3688 3550 λευκότατα’

2108 3621 2126 3653 ι
2173 3597 2314 3668 Ἐγὼ
2339 3600 2433 3652 καὶ
2454 3601 2481 3652 6
2505 3597 2698 3668 Πατὴρ
2715 3596 2774 3649 tv
2796 3597 2983 3666 ἐσμεν.
3006 3613 3024 3646 ι
3058 3592 3167 3646 Καὶ
3195 3590 3276 3656 τὸ,
3292 3609 3310 3642 ι
3351 3587 3493 3658 Ἐγὼ
3523 3589 3584 3641 tv
3607 3585 3695 3654 τῷ

2105 3691 2300 3762 Πατρὶ,
2339 3690 2430 3742 καὶ
2457 3691 2485 3741 6
2515 3688 2704 3758 Πατὴρ
2743 3686 2801 3739 ὲν
2829 3685 2972 3755 ὲμοίο
3013 3702 3033 3735 ι
3069 3682 3162 3736 καὶ
3189 3681 3252 3735 τὸ
3279 3679 3508 3749 Πνεῦμα
3539 3677 3596 3730 δὲ
3625 3675 3700 3729 τὸ

2104 3784 2260 3851 ἅγιον
2301 3783 2382 3834 ὅτι
2417 3781 2475 3848 ἐξ
2501 3777 2669 3832 αὑτοῦ
2715 3777 3066 3848 λαμϐάνομεν
3095 3776 3336 3836 ἅπαντες
3371 3773 3421 3825 οἱ
3461 3769 3693 3832 πιστοὶ,

2102 3875 2203 3947 τῆς
2231 3875 2399 3943 αὐτῆς
2423 3873 2481 3926 ὃν
2508 3871 2717 3935 οὐσίας,
2742 3865 2809 3940 ἧς
2831 3872 2861 3924 6
2889 3867 3077 3940 Πατὴρ
3101 3866 3196 3921 καὶ
3223 3864 3372 3929 Υἱὸς,
3397 3861 3701 3932 ἐκπορευό-

2107 3982 2268 4037 μενον
2293 3965 2393 4035 μὲν
2434 3966 2500 4016 ὲκ
2525 3961 2619 4015 τοῦ
2653 3961 2888 4032 Πατρὸς,
2919 3959 3049 4013 tam
3075 3958 3132 4011 δὲ
3158 3957 3219 4011 ὂν
3247 3957 3341 4010 τοῦ
3367 3953 3520 4016 Υίοῦ,
3553 3952 3696 4006 καθ-

2103 4057 2249 4127 άπερ
2291 4056 2550 4124 ἀνωτέρω
2595 4052 2978 4122 ἀπεδείξαμεν.
3014 4050 3136 4104 Ὀτι
3166 4049 3224 4102 δί
3251 4046 3312 4113 ἐξ
3353 4043 3518 4100 αὑτοῦ
3551 4046 3696 4114 ἡμῖν

2103 4147 2404 4213 ἀναϐλύζον
2433 4148 2550 4200 ἐστὶ
2571 4185 2584 4210 ,
2619 4147 2936 4215 σαφέστατα
2965 4145 3024 4196 tv
3057 4138 3410 4209 Εὐαγγελίοις
3447 4135 3697 4199 ἐδίδαξεν

2104 4241 2265 4305 αὐτὸς
2293 4243 2323 4294 6
2366 4239 2572 4310 Κύριος
2613 4237 2806 4292 εἰπών’
2855 4255 2874 4289 ι
2933 4231 3059 4292 Ἐάν
3095 4250 3183 4297 τις
3225 4231 3391 4303 διψᾷ,
3441 4228 3696 4301 ἐρχέσθω

2105 4331 2346 4402 πρδςιμὲ
2367 4371 2380 4394 ,
2413 4330 2510 4384 καὶ
2553 4329 2756 4382 πινέτω
2781 4345 2796 4360 ο
2839 4329 2869 4381 6
2909 4325 3182 4380 πιστεύων
3209 4325 3290 4388 εἰς
3319 4322 3419 4392 ἐμὲ
3445 4361 3460 4384 ,
3501 4317 3691 4382 καθὼς

2105 4421 2260 4478 εἶπεν
2291 4427 2324 4494 ἡ
2361 4421 2552 4493 Γραφὴ
2571 4461 2585 4486 ,
2623 4421 2862 4493 ποταμοὶ
2895 4421 2962 4474 ὲκ
2985 4419 3086 4490 τῆς
3114 4417 3324 4481 κοιλίας
3352 4413 3518 4468 αὑτοῦ
3559 4412 3692 4484 ῥεύ-

2105 4514 2501 4580 σουσινῦδατος
2523 4512 2747 4579 ζῶντος.
2795 4531 2814 4565 ι
2871 4506 2968 4574 Οἷς
3001 4514 3031 4566 6
3071 4506 3461 4578 εὐαγγελιστὴς
3497 4504 3695 4558 θεόθεν

2055 4665 2062 4679 ,
2104 4605 2486 4680 ἐμπνευσθεὶς,
2517 4605 2578 4659 τὸ
2619 4605 2784 4678 ῥηθὲν
2814 4602 3155 4676 ἑρμηνεύων,
3184 4599 3436 4670 ἐπιφέρει
3466 4595 3644 4663 λέγων
3670 4611 3685 4626 ·

2111 4715 2130 4749 ι
2167 4695 2340 4750 Τοῦτο
2367 4694 2425 4748 δὲ
2457 4693 2610 4762 ἔλεγε
2663 4694 2790 4766 περὶ
2833 4693 2928 4746 τοῦ
2975 4689 3294 4761 Πνεύματος
3337 4683 3400 4742 οὗ
3446 4686 3690 4760 ἤμελλον

2104 4785 2402 4857 λαμϐάνειν
2432 4789 2482 4841 oi
2512 4786 2864 4850 πιστεύοντες
2895 4787 2976 4850 είς
3005 4784 3188 4838 αὐτόν.
3225 4801 3248 4836 ι
3274 4782 3387 4836 Καὶ
3415 4783 3443 4835 6
3469 4779 3688 4851 προφή-

2107 4895 2207 4950 της
2228 4877 2286 4931 δὲ
2314 4879 2476 4934 Δαδὶδ
2497 4879 2598 4950 δρα
2621 4879 2674 4933 τί
2699 4879 2824 4951 περὶ
2845 4877 3050 4947 ταύτης
3073 4877 3176 4948 τῆς
3193 4875 3374 4946 πηγῆς
3397 4873 3497 4943 τῆς
3513 4871 3689 4934 ὅντως

2108 4967 2253 5039 ζωῆς
2273 4985 2289 5001 θ
2318 4971 2416 5040 τῆς
2443 4970 2604 5038 ἁγίας
2628 4971 2856 5040 Τριὰδος
2887 4969 3012 5040 βοᾷ,
3045 4969 3126 5022 ὅτι
3164 4986 3183 5020 ι
3220 4967 3377 5036 Παρὰ
3421 4965 3505 5018 σοὶ
3533 4963 3687 5033 πηγὴ

2107 5057 2274 5131 ζωῆς,
2303 5063 2360 5114 ἐν
2397 5061 2476 5131 τῷ
2505 5063 2646 5130 φωτί
2676 5079 2771 5116 σου
2797 5061 3042 5132 ὀψόμεθα
3069 5061 3184 5131 φῶς
3207 5077 3222 5090 ο
3261 5077 3279 5108 ι
3325 5056 3510 5127 πηγὴν
3539 5053 3687 5124 ζωῆς

2107 5151 2199 5206 τὸν
2225 5151 2358 5206 Θεὸν
2383 5154 2476 5206 καὶ
2501 5154 2723 5225 Πατέρα
2744 5153 2945 5208 καλῶν.
2975 5153 3118 5224 Πρὸς
3141 5153 3231 5205 τὸν
3255 5151 3386 5204 Υἱὸν
3411 5147 3467 5202 δὲ
3487 5147 3684 5216 λέγων,

2106 5242 2341 5312 ἐπείπερ
2363 5244 2391 5295 6
2415 5243 2604 5315 Πατὴρ
2635 5247 2692 5297 tv
2719 5243 2796 5315 τῷ
2816 5244 2953 5315 Υίῷ,
2984 5245 3079 5298 καὶ
3103 5245 3132 5297 6
3155 5243 3280 5304 Υἱὸς
3299 5242 3358 5294 tv
3383 5239 3459 5310 τῷ
3485 5237 3682 5309 Πατρῖο

2109 5333 2226 5402 φῶς
2250 5334 2308 5388 δὲ
2330 5335 2420 5388 τὸν
2448 5334 2576 5389 Υίδν
2605 5337 2956 5408 ὑπαγορεύει,
2985 5337 3042 5389 tv
3129 5335 3266 5405 φωτὶ
3285 5334 3434 5402 λέγει
3456 5329 3683 5400 ὄψεσθαι

2109 5423 2246 5492 φῶς,
2277 5428 2338 5478 τὸ
2368 5425 2590 5497 Πνεῦμα
2615 5428 2675 5480 τὸ
2719 5429 2892 5497 ἅγιον.
2941 5447 2960 5480 ι
3011 5430 3102 5481 Ἐν
3128 5429 3238 5499 γὰρ
3272 5426 3350 5497 τῷ
3389 5425 3527 5496 φωτί
3554 5441 3683 5490 σου,

2109 5519 2296 5588 φησιν,
2325 5518 2570 5589 όᾲόμεθα
2610 5521 2726 5590 φῶς
2754 5538 2768 5553 ·
2811 5541 2828 5573 ι
2864 5522 3014 5592 πηγὴ
3061 5525 3170 5594 γὰρ
3199 5522 3368 5586 ὅντως
3396 5519 3493 5591 τῆς
3539 5517 3686 5588 ζωῆς

485 5696 531 5773 ξο
553 5693 997 5773 ροηδε-μειερ
1039 5699 1245 5773 ’νίς-ιι.
1284 5712 1432 5773 cvvt,
1470 5696 1554 5748 l2.
1590 5696 1664 5773 A"
1693 5683 1848 5750 Joaui
1887 5711 2000 5760 vm,

2102 5704 2123 5750 i‘.
2205 5700 2248 5730 "
2279 5697 2434 5753 Joan.
2471 5715 2520 5765 ιι,
2554 5701 2642 5756 50.
2723 5703 2770 5736 ²⁸
2797 5701 2952 5758 Joau.
2989 5719 3097 5768 xtv,
3135 5703 3222 5759 ιο.
3305 5705 3352 5740 ’⁸
3377 5705 3535 5763 Joan.
3585 5723 3680 5773 vn,

431 5767 523 5831 57,
553 5767 640 5820 53.
705 5772 748 5801 ⁸⁵
780 5771 910 5824 ibid.
941 5771 1028 5824 59.
1109 5771 1152 5800 "
1183 5769 1325 5824 l’sul.
1363 5781 1526 5832 xxxv,
1558 5766 1639 5820 l0.
