4070 6384
376 363 508 426 1:237

1257 355 1623 418 HISTORIA
1662 353 1992 416 CONCILII
2036 351 2316 412 ΝΙΟᾹΞΝΙ
2381 375 2447 384 --
2487 349 2633 410 LIB.
2678 345 2758 406 II.

3501 335 3632 404 1293

374 477 470 528 καὶ
504 474 679 544 φωτὸς
710 474 737 526 6
767 473 991 544 Πατήρ·
1024 473 1138 540 φῶς
1167 475 1263 525 καὶ
1301 474 1327 524 6
1359 472 1520 537 Υἱὸς,
1553 474 1616 524 ἐκ
1644 471 1820 540 φωτὸς
1859 469 1952 522 τοῦ

2082 469 2253 522 'iuitas
2284 467 2460 520 Patris
2490 473 2542 519 et
2572 463 2690 518 Ftlii
2725 471 2779 516 cl.
2808 461 3040 530 Spiritus
3068 459 3266 524 sancti,
3292 467 3348 512 ttl
3377 457 3494 526 ipse
3524 459 3630 511 t'la-

1593 561 1616 595 ε

378 564 610 634 Πατρός·
643 562 760 631 φῶς
793 563 886 615 καὶ
913 563 974 615 τὸ
1007 562 1230 632 Πνεῦμα
1260 563 1322 614 τὸ
1361 561 1519 630 ἆγιον
1559 561 1618 626 ἐξ
1661 560 1827 614 αὑτοῦ
1857 559 1952 612 τοῦ

378 657 574 725 φωτός.
639 654 898 725 Ἐπείπερ
925 694 940 718 ,
985 654 1062 717 ὡς
1104 653 1363 716 πολλάκις
1417 653 1550 723 ἡμῖν
1582 650 1824 716 λεκτέον,
1861 649 1958 721 μία

2061 569 2168 614 mat
2211 574 2307 628 per
2347 557 2512 611 verba
2557 555 2872 624 prophetica
2919 572 2932 608 :
2984 571 3002 604 ι
3047 551 3160 622 Ego
3205 565 3323 605 sunt
3367 547 3540 613 Deus,
3585 557 3641 602 et

2060 665 2163 705 non
2211 657 2290 702 tst
2338 648 2474 702 alius
2513 665 2525 702 :
2564 654 2619 700 ct
2653 660 2754 714 ego
2793 645 2998 715 primus
3040 662 3052 698 :
3091 655 3145 697 et
3192 657 3290 712 ego
3333 649 3550 708 postea,
3588 647 3642 692 et

379 747 571 813 θεότης
599 745 693 798 τοῦ
725 746 936 816 Πατρὸς
961 746 1058 798 καὶ
1083 745 1178 798 τοῦ
1205 745 1336 798 Υίοῦ
1361 745 1456 798 καὶ
1479 743 1574 797 τοῦ
1605 743 1762 812 ἁγίου
1788 740 1956 794 Ilvati—

2083 758 2112 794 ιι
2170 741 2424 796 saeculum
2485 754 2584 808 ego
2614 753 2734 794 sum
2753 737 2830 800 '7;
2867 755 2886 786 ι
2912 743 2968 790 et
2995 750 3210 788 rursum
3238 751 3251 788 :
3285 751 3302 783 ι
3338 731 3450 803 Ego
3495 745 3637 792 sum,

383 855 574 908 ματος,
608 836 750 890 καθα
779 837 938 900 αὐτὸς
969 837 1066 907 βοᾷ
1090 837 1177 890 διὰ
1205 835 1314 890 τῶν
1349 834 1704 907 προφητικῶν
1743 833 1954 901 λόγων·

380 947 405 978 1
449 925 592 994 Ἐγώ
621 928 737 996 εἰμι
767 925 920 988 Θεὸς.
952 927 1052 978 οὐκ
1101 923 1249 978 ἔστιν
1273 924 1431 988 ἄλλος
1456 939 1470 952 ·
1522 923 1618 978 καλ⁵
1667 923 1778 990 ἐγὼ
1825 921 1960 984 Θεὸς

381 1017 628 1088 πρῶτος,
677 1017 772 1072 καὶ
819 1017 931 1085 ἐγὼ
967 1016 1104 1086 μετά
1137 1016 1343 1080 ταῦτα,
1393 1017 1488 1070 καὶ
1526 1017 1607 1080 εἰς
1648 1015 1740 1068 τὸν
1789 1013 1960 1067 αίῶνα

379 1108 492 1176 ἐγὼ
525 1110 659 1178 εἰμι.
698 1127 717 1160 ›
749 1108 860 1163 Καὶ
909 1109 1091 1162 πάλιν·
1137 1127 1157 1160 ι
1207 1107 1348 1176 Ἐγώ
1395 1109 1533 1176 εἰμι,
1585 1105 1680 1159 καὶ
1729 1105 1829 1158 οὐκ
1867 1103 1962 1174 ἡλ-

383 1199 654 1268 λοίωμοιι,
729 1199 825 1251 καὶ
893 1201 972 1262 εἰς
1031 1199 1124 1252 τὸν
1173 1199 1348 1254 αἰῶνα
1412 1197 1522 1266 ἐγώ
1584 1185 1736 1266 ἒίμι,
1776 1215 1795 1248 ι
1867 1197 1964 1250 καὶ⁹

383 1291 450 1343 τὰ
497 1290 644 1358 ἑξῆς.
707 1291 817 1342 Καί
876 1289 1018 1343 κατὰ
1075 1289 1148 1343 τὰ
1207 1289 1740 1360 προαποδειχθέντα,
1797 1289 1964 1355 ἀναγ-

388 1384 540 1436 καῖον
569 1383 676 1452 γάρ
701 1377 855 1451 οἶμαι
901 1381 1264 1436 ἐπαναλαϐεῖν
1303 1381 1404 1445 τὰς
1437 1383 1646 1452 ῥήσεις,
1683 1383 1730 1434 εί
1762 1381 1854 1434 καὶ
1889 1379 1965 1453 μὴ

389 1472 569 1534 πάσας
591 1471 682 1523 διὰ
710 1473 770 1523 τὸ
797 1471 1026 1540 πλῆθος,
1061 1466 1289 1526 ἀλλὀὗν
1311 1473 1410 1534 τὰς
1435 1471 1797 1541 σαφεστέρας,
1828 1471 1967 1542 πρὸς

387 1563 449 1614 τὸ
483 1561 840 1632 βεϐαιοτέραν
865 1563 964 1633 τὴν
1001 1563 1260 1616 σύστασιν
1291 1561 1438 1634 ἔχειν
1463 1562 1533 1616 τὰ
1563 1561 1849 1634 εἰρημένα.
1886 1561 1969 1615 Τὰ

387 1647 482 1706 οὖν
509 1655 574 1707 ἐκ
613 1653 882 1722 στόματος
921 1655 1186 1725 Ἱερεμίου
1217 1654 1312 1708 τοῦ
1337 1657 1616 1728 προφήτου
1647 1653 1968 1725 παραθήσο-

385 1759 526 1812 -μενο
575 1762 592 1794 ι
639 1745 702 1797 '0
751 1747 1192 1812 κατασκευάσας,
1246 1749 1402 1818 φησὶ,
1451 1747 1551 1819 τὴν
1598 1747 1704 1819 γῆν
1745 1749 1827 1834 εἰς
1879 1747 1970 1800 τὸν

387 1836 564 1888 αἰῶνα
599 1836 812 1906 χρόνον,
837 1837 1132 1908 ἐνέπλησεν
1149 1805 1332 1908 ἀὐτὴν
1356 1805 1570 1904 κτηνῶν
1597 1805 1964 1910 τετρατζόδων.
2002 1805 2046 1864 Β
2073 1805 2344 1891 Adsumus
2395 1849 2408 1883 :

403 1926 460 1978 ὐ
493 1926 841 1982 ἀποστέλλων
887 1929 948 2001 τὸ
995 1929 1135 1998 φῶς,
1185 1931 1280 1983 καὶ
1328 1929 1644 2001 πορεύεται,
1705 1929 1968 2006 ἐκάλεσεν

391 2017 545 2080 αὐτὸ,
582 2019 676 2071 καὶ
724 2020 1040 2092 ὑπήκουσεν
1090 2021 1242 2092 αὐτῷ
1285 2024 1478 2094 τρόμῳ
1506 2038 1520 2053 ⁸
1569 2022 1702 2077 οἶδὲ
1741 2023 1995 2100 ἀστέρες⁸

392 2110 645 2180 ἔλαμψαν
671 2113 730 2166 ὲν
749 2115 872 2176 ταῖς
898 2111 1170 2181 φυλακαῖς
1197 2114 1403 2178 αὐτῶν,
1433 2115 1530 2169 καὶ
1551 2115 1967 2187 ηύφράνθησαν·

388 2199 654 2254 ἐκάλεσεν
687 2203 914 2268 αὐτοὺς,
966 2205 1060 2258 καὶ
1111 2201 1306 2259 εἶπαν*
1352 2205 1680 2276 Πάρεσμεν·
1723 2205 1971 2276 ἔλαμψαν

393 2289 514 2358 μετ’
541 2289 884 2362 εὐφροσύνης
908 2291 988 2362 τῷ
1015 2295 1306 2363 ποιήσαντι
1337 2293 1563 2358 αὐτούς.
1591 2288 1763 2359 Οὗτος
1790 2296 1818 2348 6
1840 2295 1973 2358 Θεὸς

394 2381 574 2450 ἡμῶν,
609 2383 671 2435 ού
705 2383 1092 2456 λογισθήσεται
1119 2385 1307 2456 ἔτερος
1339 2386 1476 2457 πρὸς
1509 2386 1692 2440 αὐτόν·
1729 2406 1748 2439 ι
1783 2386 1878 2440 καὶ
1903 2387 1975 2440 τὰ

395 2472 544 2541 ἑξῆς.
580 2473 900 2542 Ἀναγκαῖον
920 2466 1035 2537 οὖν,
1060 2468 1106 2528 ὦ
1128 2475 1512 2544 θεοφιλέστατε
1534 2477 1818 2546 φιλόσοφε,
1849 2477 1974 2530 ἐπι-

398 2565 594 2634 στῆσαι
627 2558 730 2619 ὧδε
760 2565 854 2619 τὸν
881 2566 1027 2632 ναῦν,
1059 2568 1154 2622 καὶ
1183 2568 1490 2634 ἀναπτύξαι
1504 2569 1604 2639 τῆς
1627 2569 1848 2642 Γραφῆς
1877 2567 1976 2640 τὴν

397 2652 658 2709 διάνοιαν.
702 2655 912 2720 Ἐδειξε
959 2656 1089 2726 γὰρ,
1125 2656 1270 2712 καθὰ
1317 2659 1413 2712 καὶ
1455 2657 1615 2722 αὐτὸς
1667 2657 1978 2729 συνωμολό-

399 2757 594 2809 γησας,
625 2744 707 2796 ὅτι
737 2745 867 2815 περὶ
892 2743 988 2796 τοῦ
1017 2744 1150 2798 Υἱοῦ
1179 2745 1354 2800 ταῦτα
1378 2747 1722 2818 προείρηται.
1762 2765 1782 2799 ι
1820 2747 1979 2802 Μετὰ

400 2827 574 2882 ταῦτα
600 2830 730 2900 γὰρ,
777 2833 964 2902 φησὶν,
1009 2835 1104 2886 ἐπὶ
1129 2834 1230 2904 τῆς
1263 2835 1366 2904 γῆς
1405 2834 1580 2906 ὤφθη,
1617 2836 1710 2890 καὶ
1747 2839 1861 2900 τοῖς
1887 2837 1980 2890 ἀν-

399 2919 644 2991 θρώποις
692 2925 1128 2996 συνανεστράφη.
1179 2944 1198 2976 ι
1235 2926 1298 2978 Εἰ
1341 2921 1434 2979 06v
1478 2924 1620 2979 κατὰ
1658 2925 1758 2998 τὴν
1805 2926 1977 2997 ἀσεϐῆ

405 3012 712 3084 μοχθηρίαν
759 3017 992 3086 Ἀρείου,
1024 3017 1161 3089 ἄλλη
1191 3035 1275 3082 τις
1305 3018 1462 3072 οὐσία
1495 3019 1690 3088 κτιστή
1733 3019 1848 3072 ἐστι
1881 3018 1976 3072 τοῦ

2061 845 2116 888 et
2155 847 2260 886 non
2338 839 2538 896 mutor,
2590 839 2644 884 et
2691 829 2744 883 in
2793 826 3048 882 saeculum
3108 839 3208 895 ego
3273 821 3484 888 sum”,
3531 839 3548 872 ι
3585 828 3638 874 et

2062 941 2180 995 qua:
2231 932 2546 993 sequuntur.
2593 919 2656 974 Et
2701 919 2854 988 juxta
2907 919 3056 988 prius
3113 917 3480 972 demonstrata
3541 927 3638 963 ne-

2064 1015 2358 1072 cessarium
2419 1013 2652 1068 arbitror
2707 1013 2848 1066 dicta
2907 1019 3171 1079 repetere,
3227 1006 3475 1075 quamvis
3535 1017 3640 1056 non

2065 1109 2244 1164 omnia
2277 1114 2497 1176 propter
2543 1101 2964 1162 nmlt-itudiuem,
3015 1097 3110 1152 sed
3145 1095 3397 1156 chriom,
3456 1102 3518 1144 ut
3550 1092 3643 1142 ltr-

2066 1199 2291 1253 mioretn
2356 1194 2589 1248 habeant
2649 1188 3052 1246 consistentiam
3105 1200 3226 1254 qua:
3289 1183 3443 1238 dicta-
3493 1189 3639 1234 sunt.

2065 1284 2197 1352 Quae
2229 1283 2397 1352 igitur
2425 1289 2670 1334 erantex
2719 1293 2814 1332 ore
2861 1276 3110 1332 Ieremia:
3138 1273 3413 1342 prophetae
3443 1283 3642 1340 propo-

2067 1365 2306 1433 nemus:
2341 1393 2360 1427 t
2388 1373 2490 1440 Qui
2527 1371 2874 1440 praeparavit,
2915 1368 3113 1438 inquit,
3156 1375 3353 1421 terram
3387 1363 3439 1417 in
3485 1371 3645 1416 a'tcr-

2069 1485 2196 1525 num
2235 1479 2467 1536 tempus,
2522 1475 2576 1519 et
2612 1463 3026 1533 ἰιιψιενὶιξθειη
3087 1458 3348 1528 iumentis
3409 1453 3645 1523 quadru—

2068 1561 2315 1632 pedibus.
2356 1559 2456 1626 Qui
2495 1557 2659 1612 tnittit
2685 1557 2888 1620 lumen,
2935 1564 2990 1609 et
3029 1552 3220 1606 vadit:
3253 1546 3638 1608 vocavitillud,

2069 1663 2126 1710 et
2150 1652 2390 1708 obedivit
2426 1649 2656 1704 timore:
2691 1644 2862 1700 stella:
2884 1642 3277 1712 splenduerunt
3302 1638 3357 1692 in
3387 1635 3650 1692 custodiis

2071 1745 2206 1810 suis,
2253 1752 2308 1797 et
2331 1739 2778 1797 exsultaverunt:
2833 1743 3038 1790 vocata:
3070 1741 3216 1796 sunt,
3265 1739 3320 1785 et
3355 1729 3646 1782 dixerunt:

2467 1829 2854 1900 Spleuduerunt
2884 1841 3005 1880 cum
3059 1819 3424 1878 exsultatione
3452 1815 3644 1872 {actori

2075 1943 2194 1984 suo.
2222 1924 2323 1980 Hic
2361 1923 2500 1978 Deus
2528 1929 2737 1984 noster,
2772 1933 2877 1974 non
2915 1915 3250 1988 reputabitur
3281 1912 3420 1968 alius
3454 1910 3649 1962 adven-

2076 2035 2170 2077 sus
2197 2033 2321 2074 eum
2351 2016 2418 2081 ⁸⁸,
2455 2035 2475 2068 ι
2535 2022 2590 2069 et
2619 2027 2738 2082 quae
2766 2017 3086 2079 sequuntur.
3135 2003 3515 2062 Necessarium
3553 1998 3654 2069 igi-

2079 2120 2186 2175 tur,
2234 2123 2268 2165 o
2313 2107 2423 2163 Deo
2473 2099 2824 2159 dileCtissime
2871 2095 3210 2168 philosophe,
3263 2094 3367 2147 huc
3410 2089 3658 2144 animum

2079 2203 2384 2262 advertere,
2429 2206 2485 2253 et
2534 2194 2832 2262 Scriptura:
2867 2203 3084 2245 sensum
3134 2183 3362 2256 aperire.
3403 2177 3655 2254 Ostendit

2078 2292 2245 2354 enim,
2279 2297 2336 2343 ut
2365 2297 2418 2342 tu
2455 2288 2570 2356 ipse
2599 2286 2802 2357 pariter
2835 2282 3122 2340 confessus
3149 2292 3230 2340 es,
3272 2276 3340 2330 de
3371 2271 3510 2327 Filio
3537 2272 3655 2325 hate

2079 2382 2223 2437 dicta
2252 2394 2393 2435 esse.
2445 2396 2465 2430 ι
2499 2375 2629 2432 Post
2650 2377 2768 2431 hac
2791 2375 2960 2438 enim,
2997 2370 3196 2440 inquit,
3246 2367 3298 2420 iu
3335 2373 3476 2419 terra
3502 2361 3654 2415 visus

2081 2482 2186 2539 est,
2215 2465 2270 2527 et
2303 2472 2444 2526 inter
2479 2467 2730 2524 homines
2759 2473 3112 2522 conversatus
3143 2467 3228 2516 est
3254 2456 3375 2512 “.a
3439 2453 3496 2508 Si
3527 2465 3658 2519 ergo

2075 2565 2232 2635 juxta
2270 2562 2488 2632 impiam
2520 2559 2636 2616 Arii
2675 2559 3020 2628 pravitatem,
3049 2552 3153 2607 alia
3180 2549 3397 2620 quidem
3424 2553 3507 2600 est
3535 2539 3658 2635 Filii

2083 2633 2390 2711 substantia
2419 2661 2623 2716 creata,
2667 2657 2726 2704 ut
2758 2647 2830 2704 sit
2859 2647 3002 2701 Deus
3032 2644 3191 2698 Patre
3217 2639 3485 2712 posterior
3511 2651 3528 2701 ;
3582 2633 3661 2686 ait

2084 2758 2264 2802 autem
2295 2749 2362 2802 de
2395 2747 2514 2817 ipso
2558 2745 2886 2814 Scriptura:
2949 2759 2970 2796 ι
3003 2740 3103 2796 Hic
3156 2739 3295 2792 Deus
3341 2741 3550 2793 uoster,
3606 2737 3662 2782 et

2088 2856 2194 2896 non
2232 2839 2570 2909 reputabitur
2622 2837 2762 2893 alius
2799 2837 3062 2892 adversus
3115 2847 3284 2889 eum:
3319 2847 3338 2882 ι
3399 2832 3664 2894 sequetur

2085 2948 2150 2988 ex
2185 2931 2465 2999 impietate
2493 2929 2608 2984 Arii
2639 2929 2851 2984 Patrem
2877 2929 3043 2983 Deum
3073 2940 3179 2980 non
3213 2935 3358 2984 esse,
3395 2915 3662 2986 siquidem

2087 3023 2160 3078 ait
2195 3023 2262 3076 de
2288 3021 2468 3076 Filio:
2529 3039 2548 3072 ι
2583 3019 2650 3074 Ει
2695 3035 2802 3075 non
2849 3017 3188 3088 reputabitur
3217 3013 3353 3067 alius
3402 3009 3666 3064 adversus

403 3101 537 3158 Υἱοῦ
567 3105 661 3156 καὶ
689 3108 1150 3179 μεταγενέστερος
1179 3109 1274 3162 τοῦ
1302 3110 1514 3180 Πατρὸς
1541 3110 1694 3172 Θεός-
1736 3109 1888 3178 λέγει
1921 3110 1979 3164 δὲ

2089 3129 2252 3169 eum:
2288 3132 2308 3166 ι
2373 3121 2431 3168 et
2485 3113 2882 3168 convincuntur
2935 3107 3085 3177 impii
3125 3102 3481 3160 Ariomanitze
3539 3112 3663 3153 cum

408 3193 533 3264 περὶ
587 3195 752 3248 αὑτοῦ
804 3198 1015 3269 Γραφή·
1059 3217 1077 3250 ε
1127 3199 1296 3264 Οὗτος
1335 3203 1363 3254 6
1401 3201 1533 3264 Θεὸς
1577 3200 1754 3272 ἡμῶν,
1799 3203 1862 3255 οὐ
1895 3202 1984 3256 λο-

406 3282 726 3354 γισθήσεται
771 3285 960 3357 ἕτερος
1006 3289 1143 3358 πρὸς
1185 3289 1380 3342 αὐτόν·
1424 3308 1442 3342 ι
1477 3291 1538 3343 οὺ
1571 3291 1702 3355 Θεὸς
1734 3293 1762 3345 6
1795 3291 1987 3363 Πατὴρ

407 3375 550 3430 κατᾶ
586 3375 686 3448 τὴν
727 3377 938 3448 Ἀρείου
979 3378 1268 3445 ἀσέϐειαν,
1295 3380 1526 3452 ἐπείπερ
1559 3381 1706 3450 λέγει
1731 3382 1863 3454 περὶ
1891 3382 1986 3436 τοῦ

409 3460 562 3528 Υίοῦ,
584 3481 601 3514 t
624 3463 685 3516 ού
702 3463 1085 3538 λογισθήσεται
1107 3469 1191 3522 ἓτε
1202 3487 1292 3540 ρος
1312 3469 1449 3540 πρὸς
1475 3471 1637 3525 αὐτόν
1655 3485 1700 3522 ⁸)
1719 3471 1812 3524 καὶ
1833 3471 1989 3541 ἐλέγ-

410 3568 595 3620 χονται
627 3555 678 3606 οί
711 3555 928 3618 ἀσεϐεῖς
971 3556 1382 3628 ’Δρειομανῖται
1415 3560 1512 3612 σὺν
1554 3559 1634 3631 τῷ
1679 3561 1778 3631 τῆς
1827 3561 1991 3632 βλασ-

412 3645 626 3714 φημίας
655 3647 836 3701 αὐτῶν
867 3647 1100 3720 αὐθέντῃ
1121 3689 1136 3713 ,
1169 3649 1276 3720 πρὸ
1306 3649 1407 3720 τῆς
1435 3651 1565 3722 περὶ
1596 3649 1690 3704 τοῦ
1723 3651 1853 3705 Υίοῦ
1889 3653 1988 3723 ἀρ-

413 3737 644 3805 νήσεως,
673 3738 835 3792 αὐτὸν
864 3739 956 3792 τὸν
987 3739 1206 3812 Πατέρα
1236 3741 1560 3806 ἐκϐαλόντες
1587 3743 1689 3812 τῆς
1712 3743 1982 3814 θεότητος·

415 3829 508 3881 καὶ
539 3829 689 3882 ἄθεοι
721 3830 1002 3895 παντελῶς
1035 3832 1381 3898 εὑρίσκονται
1413 3835 1463 3886 οἱ
1485 3834 1583 3904 τῆς
1609 3834 1868 3903 ἀληθείας
1895 3852 1993 3888 πο-

413 3920 610 3990 λέμιοι.
641 3941 660 3973 ‹
705 3923 766 3976 Ὀ
788 3923 898 3994 γὰρ
919 3922 1012 3976 τὸν
1041 3923 1170 3977 Υίὸν
1201 3924 1276 3995 μὴ
1313 3923 1474 3994 ἔχων,
1513 3943 1532 3976 ι
1567 3924 1718 3978 καθά.
1743 3943 1910 3996 φησιν
1937 3928 1996 3980 ἐν

414 4013 752 4078 καθολικαῖς,
795 4033 815 4066 ι
842 4015 964 4068 οὐδὲ
991 4015 1084 4070 τὸν
1110 4015 1331 4086 Πατέρα
1356 4016 1491 4086 ἔχει.
1527 4036 1546 4068 ι
1568 4017 1633 4070 Ἥ
1661 4017 1718 4071 δὲ
1737 4017 1998 4090 καθολικὴ

417 4103 600 4168 πίστις
643 4107 772 4176 μίαν
803 4107 1043 4178 Θεότητα
1099 4105 1227 4173 οἶδε,
1280 4109 1376 4162 καὶ
1415 4108 1621 4178 ταύτην
1665 4109 1996 4180 πρεσϐεύει,

2089 3220 2200 3260 suae
2237 3203 2592 3273 blasphemia:
2621 3211 2864 3266 auctore,
2917 3208 3116 3270 praeter
3147 3196 3269 3251 Filii
3319 3191 3664 3263 negationem

2089 3296 2267 3366 ipsum
2304 3295 2520 3350 Patrem
2551 3309 2582 3348 a
2611 3291 2898 3349 divinitate
2927 3289 3216 3360 depellere,
3249 3295 3304 3342 et
3328 3283 3472 3338 athei
3508 3295 3668 3350 pror-

2091 3402 2182 3442 sus
2211 3387 2688 3456 deprehenduntur
2709 3383 2954 3438 veritatis
2977 3377 3311 3436 adversarii:
3345 3393 3364 3427 ι
3388 3371 3491 3440 Qui
3521 3370 3665 3427 enim

2091 3480 2288 3535 Filium
2321 3493 2428 3532 non
2463 3477 2642 3543 habet,
2677 3495 2696 3528 ι
2752 3484 2812 3530 ut
2847 3475 2900 3530 in
2936 3471 3218 3528 catholicis
3248 3469 3347 3536 ait,
3390 3485 3410 3520 ι
3441 3480 3541 3520 nec
3567 3463 3668 3518 Pa-

2095 3581 2232 3626 trem
2267 3569 2428 3624 habet
2449 3569 2516 3622 ³¹.
2547 3587 2566 3620 ι
2607 3568 2766 3623 Fides
2794 3578 2974 3622 autem
3006 3563 3273 3619 catholica
3308 3575 3471 3615 unam
3501 3555 3670 3610 deita-

2095 3673 2202 3718 tem
2235 3663 2385 3716 novit
2407 3669 2464 3716 et-
2493 3660 2642 3724 eolit,
2670 3658 2853 3714 Patris
2881 3665 2935 3712 et
2961 3655 3081 3712 Filii
3112 3663 3168 3710 et
3191 3652 3430 3723 Spiritus
3457 3647 3667 3706 sancti:

2093 3758 2352 3809 adversus
2378 3768 2538 3822 quam
2581 3766 2686 3806 non
2717 3749 3071 3805 aestimabitur
3097 3745 3224 3801 alia.
3259 3745 3426 3798 Porro
3461 3749 3672 3812 mystea

2096 3847 2234 3901 rium
2273 3847 2376 3900 hoc
2423 3853 2629 3900 sanetae
2663 3851 2828 3911 atque
2857 3839 3146 3895 adoranda:
3198 3845 3254 3892 et.
3304 3834 3672 3890 consubstan-

2095 3935 2242 3988 tialis
2277 3933 2586 3999 Trinitatis,
2622 3947 2838 3987 omnem
2879 3928 3212 3984 intellectum
3242 3935 3408 3994 atque
3460 3936 3673 3976 sermo-

2099 4040 2218 4082 nem
2255 4033 2497 4095 superat.
2534 4034 2590 4078 et
2633 4037 2861 4092 prorsus
2893 4016 3281 4090 comprehendi
3313 4029 3418 4070 non
3473 4019 3669 4082 potest,

2099 4116 2193 4170 sed
2220 4117 2334 4170 sola
2373 4116 2476 4170 lide
2508 4115 2734 4185 percipi.

413 4195 510 4250 τοῦ
543 4197 777 4268 Πατρὸς,
815 4200 907 4255 καὶ
948 4200 1046 4254 τοῦ
1079 4198 1234 4265 Υίοῦ,
1266 4201 1362 4256 καὶ
1411 4201 1506 4254 τοῦ
1539 4201 1696 4270 ἁγίου
1764 4203 2086 4274 Πνεύματος
2113 4221 2130 4239 ο
2197 4209 2328 4279 παρ’
2367 4208 2435 4280 ἢν
2475 4208 2552 4260 οὐ.
2605 4205 2992 4278 λογισθήσεται
3031 4203 3210 4274 ἑτέρα.
3251 4201 3324 4254 Τὸ
3365 4199 3422 4253 δὲ
3463 4195 3674 4270 μυστὴ·

417 4311 535 4364 ριον
585 4294 744 4348 τοῦτο
809 4296 908 4366 τῆς
983 4296 1144 4366 ἁγίας
1215 4297 1310 4350 καὶ
1356 4298 1738 4369 προσκυνητῆς
1787 4299 1882 4352 καὶ¹
1921 4301 2214 4370 ἁμοουσίου
2272 4301 2523 4374 Τριάδος,
2583 4301 2944 4374 ἁπερινόητον
3000 4296 3521 4367 καὶάνέκφραστον
3577 4291 3698 4353 καὶ,

419 4387 600 4460 πάντῃ
628 4387 1016 4461 ἀκατάληπτον
1063 4389 1318 4462 ὑπάρχει,
1355 4391 1538 4444 πίστει
1577 4391 1715 4461 μόνῃ
1759 4391 1996 4446 νοεῖσθαι
2033 4393 2348 4468 δυνάμενον.
2739 4405 2752 4416 ⁸

988 4505 1238 4560 ΚΕΦΑΛ.
1296 4505 1427 4560 KI‘"

994 4617 1056 4671 '0
1081 4619 1440 4689 φιλόσοφος.

497 4731 630 4784 Θεῖα
661 4733 736 4794 ὡς
768 4730 986 4803 ἀληθῶς
1024 4733 1117 4786 καὶ
1142 4733 1320 4802 φωτὸς
1347 4732 1582 4804 ἔμπλεα,
1614 4735 1680 4790 τὰ
1707 4737 1861 4808 παρά
1907 4739 2000 4792 τοῦ

423 4824 586 4891 ἁγίου
617 4823 936 4894 Πνεύματος
972 4823 1026 4878 δι
1050 4825 1206 4895 ὑμῶν
1243 4827 1654 4897 ὲκφωνηθέντα.
1691 4831 1896 4902 Δέομαι
1946 4833 2004 4885 δὲ

426 4916 603 4986 ὑμῶν,
631 4917 908 4988 ὲρασμίων
936 4933 1027 4986 μοι
1069 4916 1238 4971 ὄντων
1275 4918 1388 4972 τῶν
1417 4919 1579 4991 ἱερῶν
1615 4921 1717 4990 τῆς
1747 4923 2004 4976 διδασκα-

427 5008 548 5070 λίας
597 5008 752 5079 ὑμῶν
800 5009 996 5078 λόγων,
1029 5009 1298 5078 ὑπόσχετέ
1321 5027 1412 5079 μοι
1453 5011 1554 5075 τὰς
1589 5013 1808 5080 εὐαγεῖς
1847 5014 2000 5084 ὑμῶν

429 5099 620 5162 ἀκοὰς,
665 5096 760 5153 καὶ
810 5100 947 5172 πρὸς
984 5101 1020 5155 ἃ
1056 5102 1322 5171 ἐπερωτῶ
1358 5103 1623 5169 διδάξατε,
1665 5105 1751 5159 ἵνα
1797 5107 2003 5179 πληρε-

432 5191 633 5261 στάτην
659 5191 898 5262 λήψεσθε
935 5192 1086 5265 παρά
1117 5192 1212 5246 τοῦ
1245 5193 1382 5248 Θεοῦ
1414 5195 1515 5267 τὴν
1556 5198 1694 5267 ὑπὲρ
1729 5199 1830 5270 τῆς
1861 5198 2004 5270 ὲμῆς

432 5283 702 5353 σωτηρίας
735 5284 988 5362 ἀμοιϐήν.

445 5396 801 5478 Ἀπόκρισις
821 5396 942 5478 τῶν
965 5399 1159 5478 ῥγίςον
1181 5401 1474 5478 -Πᾳτέρων
1503 5401 1654 5478 πρὸς
1685 5401 1794 5478 τρν
1829 5402 2005 5472 φιλόδ-

539 5481 738 5535 σοςσον
763 5466 862 5520 διὰ
891 5467 994 5522 τοῦ
1024 5469 1210 5523 αὑτοῦ
1233 5466 1516 5526 Λεοντίου
1539 5466 1897 5528 ἐπίσκόποὶ).

504 5579 639 5635 Εἰπὲ
679 5579 709 5634 ὃ
756 5579 970 5650 βούλει,
1026 5582 1367 5655 ἐπιθυμητὸν
1405 5585 1514 5655 γὰρ
1567 5587 1696 5655 ἡμῖν
1736 5584 2011 5656 πληροφο-

2025 4504 2076 4564 D

2690 4513 2844 4571 CAP.
2883 4509 3076 4566 XXIII.

2702 4625 3076 4694 Philosophus.

2171 4742 2363 4798 Divina
2401 4757 2592 4798 revera
2624 4749 2681 4796 et
2708 4740 2846 4795 lucis
2886 4741 3043 4808 plena
3076 4743 3234 4799 sunt,
3259 4747 3386 4802 quae
3407 4729 3676 4799 a-Spiritu

2101 4845 2292 4893 sancto
2325 4849 2422 4905 per
2454 4849 2550 4891 vos
2597 4833 2816 4889 luerunt
2861 4831 3152 4900 explicata.
3189 4827 3322 4884 Oro.
3350 4833 3528 4882 autem
3582 4837 3680 4877 vos

2104 4925 2251 4998 (amo
2273 4925 2420 4980 enim
2445 4937 2630 4982 sacros
2647 4922 2908 4978 doctrinm
2937 4928 3130 4976 vestra:
3156 4913 3484 4984 sermones),
3514 4925 3680 4982 spon-

2107 5019 2231 5074 dete
2280 5017 2414 5072 mihi
2453 5017 2569 5087 pias
2613 5028 2670 5071 et
2717 5015 3000 5085 religiosas
3049 5024 3210 5065 aures
3244 5017 3474 5072 vestras,
3527 5015 3582 5058 et
3610 5004 3680 5058 de

2111 5111 2196 5165 bis
2229 5109 2418 5164 docete
2463 5123 2584 5176 qua
2616 5105 2794 5162 adhuc
2841 5103 3076 5173 inquiro,
3135 5107 3195 5154 ut
3243 5096 3608 5170 plenissimam
3647 5111 3678 5147 a

2111 5201 2223 5258 Deo
2274 5216 2370 5271 pro
2414 5199 2587 5256 salute
2639 5213 2760 5253 mea
2813 5196 3306 5252 remunerationem
3375 5186 3679 5258 accipiatis.

2116 5398 2408 5470 Responsiu
2445 5408 2760 5470 sanctorum
2790 5395 3012 5470 Patrum
3059 5391 3129 5470 ad
3176 5388 3543 5461 philosophum
3591 5401 3686 5454 per

2454 5469 2694 5523 eumdem
2729 5466 3004 5521 Leontium
3035 5464 3354 5532 episcopum.

2171 5583 2287 5656 ,Dic
2317 5584 2459 5653 quod
2510 5582 2613 5649 vis,
2645 5581 2890 5650 cupimus
2914 5579 3060 5636 enim
3103 5587 3154 5632 te
3193 5572 3501 5646 plenissime
3544 5572 3685 5629 scire

509 5737 555 5770 ιτ
587 5734 690 5793 lsa.
721 5752 828 5802 ιιι,
860 5737 927 5804 l;
965 5755 1088 5805 xcv,
1119 5741 1209 5794 2|.
1289 5743 1334 5774 ’⁸
1359 5741 1586 5799 Μιιίςιυίι.
1624 5757 1703 5812 ιιι,
1739 5743 1791 5799 6.
1861 5745 1904 5776 ἐ’
1932 5743 1979 5796 Β;

2082 5743 2141 5799 ch
2201 5756 2286 5809 tu,
2321 5737 2508 5796 52-56.
2583 5740 2628 5772 ³ο
2653 5737 2782 5793 ibid.
2821 5737 2910 5792 58.
2985 5696 3031 5770 λι
3057 5733 3074 5790 I
3099 5732 3258 5792 Joan.
3289 5749 3350 5796 tt.
3381 5733 3470 5788 Q6.
