4070 6384
447 301 583 368 Ιὲϋ9

1695 310 1998 369 GELASII
2039 307 2374 370 CYZICENI

3581 304 3716 370 13ὒο

439 423 507 479 de
535 427 808 490 omnibus,
844 427 1077 481 maxime
1123 441 1244 480 cum
1293 425 1406 494 jam
1447 435 1498 479 te
1550 424 1860 478 illustrante
1896 425 2013 492 Spi-

2129 425 2292 495 ρῆσαί
2340 427 2502 479 σεὲν
2558 429 2758 490 πᾶσιν,
2807 426 3066 498 εὐμαρῶς
3114 423 3418 496 δυναμένου
3474 440 3568 476 σου
3616 423 3717 476 νῦν

445 518 546 570 rltu
575 529 783 582 sancto,
814 517 969 572 facile
997 518 1172 587 possis
1199 517 1469 572 dictorum
1499 517 2020 570 demonstrationem

443 609 746 676 percipere.

441 714 748 772 Gratiarum
773 720 911 773 actio
940 719 1258 801 philosophi,
1292 731 1337 801 et
1363 722 1710 790 interrogatio
1744 722 1808 774 de
1838 722 2019 775 divina

1038 804 1426 845 lﬂCdl‘NﬂHO’ie.

511 899 696 954 Gratia
733 917 890 957 sacro
932 913 1113 957 vestro
1163 903 1347 970 capiti.
1405 902 1574 956 Dicite
1627 915 1808 959 autem
1863 905 2020 968 mihi,

441 1008 472 1040 ο
530 993 884 1059 sanctissimi,
942 996 1210 1061 quomodo
1261 993 1332 1046 sit
1389 993 1794 1061 intelligendum
1851 995 2019 1049 Deum

446 1081 677 1136 Verhntn
727 1085 820 1140 Βυὶ
878 1085 1071 1140 Filium
1127 1087 1180 1140 in
1219 1095 1360 1138 terra
1393 1087 1567 1140 visum
1602 1103 1744 1153 esse,
1793 1098 1848 1142 et
1883 1089 2024 1142 inter

445 1176 692 1229 homines
727 1188 1132 1240 eonversatnm,
1167 1193 1288 1229 cum
1318 1178 1665 1244 aspectaliilis
1713 1195 1816 1232 non
1857 1181 1928 1232 sit
1956 1180 2023 1232 ab

441 1267 587 1318 omni
613 1277 796 1322 creata
824 1279 1038 1332 natura,
1066 1278 1119 1322 et
1163 1284 1280 1337 qua:
1312 1269 1546 1331 videtur,
1575 1281 1627 1324 et
1659 1286 1780 1340 qua:
1823 1270 2024 1324 intelli-

443 1360 620 1425 gentia
651 1361 981 1430 percipitur:
1012 1373 1065 1416 et
1099 1378 1217 1429 qua:
1265 1363 1336 1416 sit
1383 1377 1568 1428 causa,
1602 1374 1820 1434 propter
1860 1379 2021 1432 quant

442 1452 557 1504 haec
593 1461 741 1521 gesta
769 1462 914 1519 sunt,
948 1455 1185 1508 doceatis
1212 1469 1359 1524 rogo.

448 1561 731 1632 Responsio
779 1575 1082 1619 sanctorum
1137 1565 1362 1638 Patrum
1410 1567 1479 1619 ad
1530 1566 1895 1635 philosophum
1929 1584 2022 1638 per

903 1638 1203 1703 episcopum
1248 1635 1546 1692 Leontium.

511 1745 686 1800 Causa
745 1750 1046 1816 praesentia».
1099 1750 1215 1818 ejus
1273 1750 1340 1803 ab
1393 1751 1507 1820 ipso
1561 1752 1874 1819 dispensata
1939 1761 2023 1807 est
2056 1774 2098 1831 η

443 1849 663 1906 propter
692 1841 988 1908 primorum
1029 1842 1310 1895 hominum
1347 1843 1537 1895 Adami
1569 1855 1623 1896 et
1654 1842 1780 1896 Eva!
1814 1843 2020 1913 lapsum

446 1931 497 1982 in
558 1931 823 1996 paradiso,
877 1933 966 2000 qui
1021 1943 1190 1986 totum
1263 1933 1497 2001 ipsorum
1564 1948 1734 2002 genus
1801 1933 2021 1990 invasit.

443 2020 733 2090 Postquam
794 2023 956 2090 igitur
1014 2026 1340 2092 transgressi
1402 2035 1754 2094 praeceptum,
1840 2026 2021 2079 divina

444 2113 614 2180 gratia
647 2114 841 2181 privati
880 2113 1126 2180 fuerunt,
1167 2131 1287 2168 eam
1331 2116 1567 2169 luunano
1617 2116 1800 2186 generi
1833 2115 2020 2184 Opifcx

445 2204 614 2256 voluit
647 2206 952 2260 restituere.
1015 2207 1076 2260 Et
1111 2208 1568 2262 considerandum
1604 2208 1690 2261 hic
1727 2216 1830 2270 est.
1879 2209 2021 2276 quod

444 2299 894 2364 quemadmodum
953 2299 1091 2353 Deus
1140 2301 1276 2353 dixit
1319 2318 1332 2353 :
1383 2317 1401 2350 ι
1437 2299 1720 2354 Faciamus
1749 2300 2021 2353 hominem

443 2389 509 2440 ad
565 2389 848 2458 imaginem
903 2399 951 2443 el
1005 2392 1409 2444 similitudinem
1468 2401 1748 2456 nostram;
1801 2400 1854 2444 et
1893 2389 2026 2444 fecit

448 2482 584 2533 licus
632 2481 901 2534 hominem
925 2482 970 2513 "
994 2523 1009 2548 ,
1042 2501 1060 2534 ι
1085 2483 1238 2551 juxta
1292 2483 1442 2551 prius
1472 2483 1646 2536 dictas
1684 2482 2022 2535 demonstra-

447 2573 656 2638 tiones;
688 2575 826 2627 idem
866 2591 1049 2630 rursus
1077 2576 1214 2629 dixit
1258 2595 1271 2630 :
1311 2575 1602 2629 Servemus
1638 2575 1902 2641 perditum
1935 2573 2025 2626 ho-

445 2666 667 2726 minem.
703 2682 861 2733 quem
907 2669 970 2720 ad
1013 2668 1300 2741 imaginem
1351 2676 1405 2719 et
1458 2666 1866 2719 similitudinem
1929 2681 2025 2718 no-

446 2766 613 2810 stram
670 2757 916 2813 fecimus.
980 2760 1053 2814 Ut
1115 2770 1292 2812 autem
1349 2759 1489 2814 Deus
1543 2768 1599 2812 et
1653 2759 1813 2812 Pater
1867 2760 2020 2823 dixit,

449 2847 775 2916 Faciamus,-
810 2861 862 2904 et
893 2850 1063 2904 Filius
1096 2851 1238 2904 Deus
1274 2866 1338 2905 ex
1374 2849 1481 2905 Deo
1515 2850 1640 2905 fecit
1675 2870 1687 2904 :
1728 2852 1863 2905 idem
1902 2867 2023 2904 rur-

446 2954 538 2991 sns
573 2955 634 2992 ex
668 2939 846 2994 Patris
879 2940 1150 2995 sententia
1193 2939 1412 2996 salvarc
1465 2941 1739 2995 hominem
1775 2941 1940 2996 voluit
1971 2941 2026 2995 in

452 3033 770 3102 semetipso.

716 3228 1074 3300 Interrogatio
1102 3233 1398 3301 philosophi
1431 3233 1496 3287 de
1532 3233 1738 3287 eodem.

520 3341 587 3394 Et
617 3341 890 3409 quomodo
917 3341 968 3394 in
1003 3351 1145 3396 terra
1184 3343 1352 3408 visus,
1390 3353 1444 3398 et
1499 3343 1654 3412 quasi
1690 3344 1848 3397 homo
1887 3343 2029 3397 inter

451 3430 699 3484 homines
743 3442 1093 3487 conversatus
1137 3442 1240 3499 est,
1294 3448 1416 3488 cum
1483 3432 1556 3486 sit
1620 3431 1763 3486 Deus
1831 3431 2027 3484 immu-

453 3522 682 3576 labilis?

449 3633 736 3703 Responsio
764 3645 1066 3689 sanctorum
1110 3633 1335 3688 Patrum
1376 3652 1470 3704 per
1498 3634 1795 3690 Macarium
1827 3638 2020 3704 episco-

863 3722 986 3774 pum
1029 3705 1588 3775 llierosolymitarum.

519 3817 681 3872 Juxta
727 3819 895 3874 divini
958 3820 1107 3874 Pauli
1158 3836 1389 3874 \‘0t'etll:
1445 3839 1462 3872 ι
1505 3819 1750 3890 Magnum
1809 3821 2027 3890 pietatis

451 3920 533 3965 est
625 3922 1026 3966 sacramentum
1122 3914 1264 3980 quod
1338 3911 1741 3967 manifestatum
1813 3923 1898 3967 est
1974 3913 2026 3966 in

452 4016 615 4056 carne
642 4002 730 4067 ³³;
766 4021 788 4055 s
847 4003 947 4056 hoc
986 4011 1093 4066 est,
1133 4003 1226 4058 Dei
1276 4001 1466 4059 Filius.
1529 4002 1731 4059 Eodem
1785 4013 2029 4075 tempore

454 4093 594 4146 idem
650 4093 899 4162 apparuit
950 4094 1178 4164 angelis,
1230 4093 1413 4164 Neque
1467 4095 1614 4149 enim
1676 4095 1883 4164 angelis
1946 4094 2029 4150 vel

453 4183 832 4253 archangelis,
877 4185 959 4238 vel
1001 4184 1271 4255 aliquibus
1310 4186 1623 4242 ewlestibns
1671 4185 2031 4257 potestatibus

451 4275 687 4330 visibilis
716 4285 802 4330 est
833 4274 1182 4344 Unigenitos,
1214 4276 1652 4346 quandoquidem
1680 4278 1845 4331 Deum
1873 4292 2032 4332 nemo

455 4367 590 4420 vidit
618 4383 856 4435 unquam
886 4367 954 4423 “.
989 4368 1156 4438 Cujus
1189 4367 1256 4421 de
1279 4367 1434 4420 caelis
1461 4367 1752 4421 adventum
1780 4369 2030 4432 audiens,

2129 519 2366 586 μάλιστα
2416 519 2669 590 δέχεσθαι
2701 520 2800 583 τὰς
2842 519 3148 585 ἀποδείξεις
3188 517 3300 570 τῶν
3347 517 3583 587 ῥήσεων,
3621 517 3714 569 ὲλ-

2125 609 2465 678 λαμςρθέντος
2501 629 2594 665 σου
2635 612 2740 665 ὐπὸ
2765 611 2860 665 τοῦ
2892 610 3050 680 ἁγίου
3085 607 3428 679 Πνεύματος.

2118 724 2486 792 ΕὺχαριστΙα
2515 727 2619 780 τοῦ
2646 729 3011 796 φιλοσόφου,
3039 725 3139 779 καί
3169 724 3542 796 ἐπερώτησις
3577 719 3716 789 περὶ

2384 796 2492 863 τῆς
2521 797 2624 851 τοῦ
2651 795 2880 866 Κυρίου
2907 795 3446 864 ἐνανθρωπήσεως-

2196 912 2366 982 Χάρις
2395 909 2548 980 ὑμῶν
2577 913 2641 980 τῇ
2677 911 2796 980 ἱερᾷ
2825 907 3057 977 κεφαλῇ.
3088 905 3230 959 Φατὲ
3261 904 3316 956 δέ
3349 921 3458 974 μοι,
3483 892 3528 954 ὦ
3550 899 3714 970 ἱερώ-

2123 1019 2297 1060 τατοι,
2327 1002 2443 1064 πῶς
2474 1002 2692 1070 νοητέον
2741 1001 2799 1053 τὸ
2823 1001 2913 1054 τὸν
2944 1000 3076 1052 Θεὸν
3111 999 3306 1066 Λόγον,
3343 996 3436 1049 τὸν
3455 993 3552 1047 τοῦ
3573 991 3714 1046 Θεοῦ

2125 1092 2272 1155 Υἱὸν,
2299 1093 2388 1143 ἐπὶ
2421 1093 2519 1160 τῆς
2544 1092 2644 1159 γῆς
2679 1085 2881 1159 ὦφθαι,
2932 1091 3027 1142 καὶ
3067 1091 3181 1151 τοῖς
3223 1083 3532 1157 ἀνθρώποις
3585 1100 3718 1134 συν-

2124 1179 2519 1250 ανεστράιρθαι,
2552 1179 2780 1231 ἀθέατον
2804 1177 2932 1230 ὄντα
2960 1179 3108 1245 πάσῃ
3145 1176 3337 1244 κτιστῇ
3364 1170 3714 1238 φύσει,ὁρω-

2126 1272 2264 1341 μένῃ
2299 1288 2357 1322 τε
2402 1270 2498 1323 καί
2525 1267 2791 1339 νοουμένῃ
2813 1284 2826 1298 ο
2860 1269 2951 1319 καὶ
2991 1267 3073 1328 τίς
3103 1269 3132 1335 ἡ
3169 1263 3316 1317 αἰτία
3345 1261 3412 1315 δι’
3441 1261 3508 1331 ἦν
3533 1257 3716 1312 ταῦτα

2123 1362 2634 1433 ἐπραγματεύσατο,
2668 1359 2917 1427 διδάξατε
2937 1400 2953 1423 ,
2980 1354 3308 1428 παρακαλῶ.

2135 1565 2478 1630 Ἀπόκρισις
2504 1558 2622 1614 τῶν
2653 1560 2838 1630 ἁγίων
2885 1559 3159 1622 Πατέρων
3211 1555 3362 1622 πρὸς
3388 1553 3508 1630 ’τὸν
3535 1553 3717 1622 5:116-

2333 1647 2532 1700 o‘opor
2557 1630 2655 1684 διὰ
2678 1627 2782 1683 τοῦ
2809 1630 3148 1683 ἐπισκόπου
3184 1627 3491 1680 Λεοντίου.

2208 1747 2272 1800 'H
2302 1747 2399 1817 μὲν
2424 1747 2574 1798 αἰτία
2603 1743 2703 1812 τῆς
2734 1741 2898 1796 αὐτοῦ
2934 1739 3235 1812 παρουσίας
3257 1735 3586 1808 ᾠκονομήθη
3616 1735 3712 1787 ὑπ’

2128 1839 2293 1892 αὐτοῦ
2320 1838 2407 1890 διὰ
2433 1837 2531 1906 τὴν
2561 1838 2619 1888 ὲν
2662 1834 2740 1904 τῷ
2783 1833 3101 1904 παραδείσῳ
3133 1830 3240 1884 τῶν
3282 1829 3712 1901 πρωτοκτίστων

2126 1930 2431 2001 ἀνθρώπων
2457 1929 2551 1981 τοῦ
2586 1943 2644 1980 τε
2692 1927 2865 1996 Ἀδὰμ
2891 1926 2985 1978 καὶ
3013 1927 3112 1995 τῆς
3145 1922 3291 1985 Εὐας
3329 1919 3713 1990 γεγενημένην

2125 2025 2467 2086 ἀπόπτωσιν,
2526 2023 2647 2091 ἥτις
2680 2020 2827 2074 ἅπαν
2875 2017 2935 2070 τὸ
2980 2017 3159 2070 αὐτῶν
3198 2015 3495 2081 ἐπενέμετο
3527 2012 3711 2080 γένος.

2137 2118 2291 2172 Ἐπεὶ
2323 2113 2416 2170 οὖν
2448 2114 2800 2184 παραϐάντες
2824 2113 2924 2182 τὴν
2955 2111 3196 2179 ἐντολὴν,
3236 2108 3331 2160 τοῦ
3363 2106 3509 2159 θείου
3550 2104 3712 2174 χαρί-

2126 2227 2334 2281 σματος
2389 2207 2784 2278 ἐστερήθησαν,
2833 2204 2993 2258 τοῦτο
3040 2201 3334 2258 ἀποδοῦναι
3383 2198 3649 2268 ἠθέλησεν
3682 2196 3712 2247 6

2125 2302 2465 2372 Δημιουργὸς
2494 2299 2571 2370 τῷ
2618 2299 2728 2352 τῶν
2768 2297 3072 2368 ἀνθρώπων
3116 2295 3289 2363 γένει.
3333 2293 3442 2345 Καὶ
3489 2290 3715 2358 νοητὲον

2124 2393 2379 2453 ἐνταῦθα,
2412 2394 2494 2446 ὅτι
2540 2391 2729 2460 ὥσπερ
2761 2390 2916 2442 εἶπεν
2942 2391 2969 2441 ό
2998 2387 3132 2447 Θεός
3157 2403 3169 2415 ⁶
3209 2403 3227 2436 ι
3261 2385 3588 2452 Ποιήσωμεν
3618 2381 3715 2433 ἆν-

2125 2487 2343 2558 θρωπον
2376 2485 2494 2538 κατ’
2524 2484 2708 2537 εἰκόνα
2738 2482 3021 2552 ἡμετέραν
3052 2480 3147 2533 καὶ
3175 2476 3592 2544 καθ’όμοίωσιν·
3618 2472 3718 2524 καὶ

2125 2578 2380 2646 ἐποίησεν
2407 2577 2434 2628 6
2466 2574 2600 2638 Θεὸς
2629 2574 2721 2626 τὸν
2748 2571 3056 2642 ἄνθρωπον,
3099 2587 3117 2619 ι
3159 2567 3301 2620 κατᾶ
3332 2565 3433 2626 τὰς
3465 2564 3715 2632 προρρη-

2123 2670 2310 2731 θείσας
2344 2666 2679 2732 ἀποδείξεις·
2711 2666 2740 2716 6
2763 2663 2924 2725 αὐτὸς
2953 2661 3117 2714 πάλιν
3149 2654 3292 2721 εἶπε,
3327 2657 3600 2723 Σώσωμεν
3623 2653 3715 2705 τὸν

2123 2759 2440 2814 ἀπολωλότα
2476 2757 2786 2828 ἄνθρωπον,
2824 2755 2882 2807 ὃν
2922 2754 3040 2805 κατ’
3081 2751 3268 2803 εἰκόνα
3307 2747 3583 2817 ἡμετέραν
3620 2746 3716 2797 καὶ

2123 2853 2243 2906 καθ’
2271 2851 2530 2920 ὁμοίωσιν
2555 2849 2914 2918 ἐποιήσαμεν.
2943 2846 3053 2898 Καὶ
3070 2843 3258 2911 ὥσπερ
3275 2842 3302 2892 6
3327 2839 3458 2901 Θεὸς
3488 2838 3584 2890 καὶ
3608 2838 3714 2890 Ha-

2121 2943 2226 3014 τὴρ
2263 2940 2384 2994 εἷπε
2438 2942 2500 2994 τό
2521 2958 2535 2971 °
2593 2940 2964 3007 Ποιήσωμεν,
3003 2936 3095 2990 καὶ
3125 2937 3153 2987 6
3182 2934 3308 2996 Υἱὸς
3341 2931 3713 3003 ἐδημιούργη-

2125 3050 2236 3094 σεν,
2262 3032 2391 3094 Θεὸς
2415 3030 2489 3084 ὢν
2525 3032 2587 3083 ἐκ
2607 3029 2765 3082 Θεοῦ·
2797 3032 2825 3081 6
2851 3027 3013 3090 αὐτὸς
3057 3026 3220 3078 πάλιν
3257 3024 3428 3095 βουλῇ
3462 3022 3698 3090 πατρικῇ

2050 3115 2097 3176 C
2128 3124 2404 3178 ἀνασῶσαι
2440 3125 2498 3176 ὲν
2532 3123 2710 3191 ἑαυτῷ
2737 3119 3016 3190 ἠϐουλήθη
3049 3118 3140 3170 τὸν
3183 3116 3493 3187 ἄνθρωπον.

2211 3230 2609 3299 Ἐπερὼτησις
2633 3230 2737 3282 τοῦ
2764 3229 3106 3298 φιλοσόφου
3133 3225 3267 3295 περὶ
3292 3225 3399 3279 τοῦ
3425 3222 3633 3278 αὑτοῦ.

2200 3344 2310 3396 Καὶ
2352 3342 2468 3406 πῶς
2509 3342 2600 3395 ἐπὶ
2640 3342 2739 3410 τῆς
2785 3344 2888 3410 γῆς
2933 3338 3110 3409 ὤφθη,
3147 3338 3242 3392 καὶ
3288 3334 3709 3404 συνανεστρὰφη

2125 3432 2202 3496 ὡς
2232 3432 2517 3504 ἄνθρωπος
2565 3433 2682 3493 τοῖς
2733 3430 3062 3501 ἀνθρώποις,
3114 3428 3246 3491 Θεὸς
3289 3425 3364 3479 ὣν
3416 3424 3712 3479 ἀναλλοίω-

2128 3541 2217 3587 τος
2240 3542 2252 3588 ;

2139 3638 2488 3706 Ἀπόκρισις
2519 3635 2679 3703 παρὰ
2709 3635 2829 3689 τῶν
2861 3635 3046 3706 ἁγίων
3072 3633 3350 3706 Πατέρων
3373 3630 3472 3686 διὰ
3500 3635 3712 3684 Μακα-

2399 3710 2538 3774 ρίου
2571 3708 2910 3760 ἐπισκόπου
2950 3705 3409 3774 Ἰεροσολύμων.

2199 3823 2355 3877 Κατὰ
2387 3823 2485 3893 τὴν
2525 3822 2711 3891 φωνὴν
2757 3820 2849 3874 τοῦ
2881 3818 3173 3873 Θεσπεσίου
3227 3815 3463 3878 Παύλου,
3501 3832 3518 3864 ι
3552 3812 3719 3882 Μέγα

2128 3918 2245 3970 ἐστὶ
2278 3915 2338 3969 τὸ
2371 3917 2470 3985 τῆς
2524 3913 2808 3976 εὐσεϐείας
2864 3912 3186 3982 μυστήριον,
3223 3908 3251 3962 ὃ
3294 3905 3613 3978 ἐφανερώθη
3660 3907 3719 3958 ὲν

2132 4009 2298 4079 σαρκί
2327 4025 2340 4039 ⁸
2383 4006 2754 4072 »τοῦτ’έστιν,
2798 4003 2946 4058 ότοῦ
3003 4002 3138 4056 Θεοῦ
3189 4001 3336 4065 Υἱός.
3371 3999 3506 4052 Τότε
3555 3997 3720 4059 αὐτὸς

2129 4099 2287 4172 ὤφθη
2313 4100 2406 4154 καὶ
2431 4099 2706 4168 ἀγγέλοις.
2750 4095 2886 4150 Οὐδὲ
2921 4095 3030 4166 γὰρ
3061 4091 3340 4162 ἀγγέλοις,
3374 4091 3407 4160 ἢ
3438 4088 3720 4160 ἀρχαγγέ-

2130 4194 2264 4258 λοις,
2295 4192 2330 4263 ἡ
2356 4209 2466 4245 τισι
2497 4190 2606 4245 τῶν
2636 4186 2982 4260 ἐπουρανίων
3021 4185 3306 4254 δυνάμεων
3335 4182 3528 4244 θεατὸς
3559 4182 3586 4233 ὁ
3607 4181 3722 4234 Μο-

2131 4285 2384 4355 νογενής·
2423 4283 2655 4353 ἐπείπερ
2689 4282 2822 4335 Θεὸν
2861 4279 3037 4342 οὐδεὶς
3067 4276 3280 4347 ἑώρακε
3331 4276 3584 4328 πώποτε.
3618 4265 3722 4326 Οὗ-

2134 4396 2242 4449 περ
2267 4381 2364 4449 τὴν
2403 4377 2461 4443 ἐξ
2490 4375 2740 4446 οὐρανῶν
2794 4373 3190 4441 καταφοίτησιν
3225 4369 3459 4432 ἀκούων,
3499 4365 3576 4437 μὴ
3624 4382 3720 4418 το-

457 4458 764 4512 nullatenus
796 4460 1072 4514 immensa:
1123 4458 1426 4512 divinitatis
1476 4457 1698 4512 localem
1753 4460 2028 4528 migratio-

2139 4472 2305 4538 πικὴν
2350 4469 2682 4540 μετάστασιν
2714 4467 2816 4536 τῆς
2843 4465 3129 4535 ἀχωρήτου
3168 4461 3331 4516 αὐτοῦ
3367 4456 3722 4527 ὑποπτεύσῃς

457 4564 578 4602 nem
606 4551 924 4619 suspiceris,
981 4551 1074 4605 sed
1107 4548 1582 4618 dispensationem
1631 4550 1806 4619 cogita
1867 4553 2030 4609 totius

458 4639 619 4707 hujus
645 4643 820 4711 magni
857 4657 1043 4696 revera
1073 4640 1294 4708 pietatis
1327 4639 1679 4703 sacramenti,
1731 4641 1783 4696 in
1813 4659 1916 4712 quo
1946 4661 2036 4700 su-

457 4747 577 4784 mus
614 4733 882 4786 renovati.
933 4731 1236 4784 Renovatio
1274 4730 1417 4783 enim
1469 4729 1569 4785 fuit
1607 4734 1868 4790 novitatis
1919 4752 2036 4790 res-

457 4821 714 4890 sumptio.
768 4822 871 4876 Per
921 4822 1022 4874 hoc
1055 4821 1200 4873 enim
1226 4821 1317 4890 qui
1344 4820 1497 4876 nobis
1527 4823 1674 4878 dedit
1721 4826 2035 4881 similitudi-

458 4928 582 4968 nem
611 4930 786 4980 suam,
819 4913 963 4968 Deus
989 4911 1222 4966 Verbum
1252 4914 1317 4967 ad
1346 4914 1754 4972 similitudinem
1788 4931 2031 4973 nostram

458 5011 759 5064 descendit.
803 5009 1140 5078 hnpossibile
1167 5021 1250 5067 est
1275 5023 1452 5067 autem
1484 5015 1650 5070 Deum
1698 5016 1855 5071 nobis
1889 5017 2030 5071 assi-

461 5101 658 5164 tnilari,
688 5111 741 5154 et
771 5118 875 5156 non
909 5103 1216 5159 incarnari:
1262 5121 1436 5176 neque
1489 5108 1634 5161 enim
1686 5111 1894 5177 species
1943 5109 2032 5163 iu-

461 5207 723 5262 corporea
753 5194 1070 5249 substantia:
1102 5197 1454 5270 incorporeas,
1508 5215 1628 5270 quae
1667 5201 1885 5270 quidem
1922 5201 2038 5270 ipse

463 5293 600 5344 erat,
645 5285 896 5349 accessit,
925 5287 1019 5339 sed
1043 5303 1302 5358 corporea
1332 5308 1346 5355 ;
1389 5306 1648 5360 corporea
1685 5301 1864 5345 autem
1899 5293 2034 5346 sub-

463 5372 668 5426 stantia
722 5375 926 5444 absque
965 5383 1335 5450 assutnptione
1383 5397 1486 5436 non
1537 5391 1696 5436 erat:
1753 5391 2040 5451 propterea.

462 5475 664 5533 corpus
691 5483 818 5523 vere
845 5473 1157 5540 assumpsit,
1193 5483 1252 5527 nt
1277 5474 1368 5543 qui
1407 5489 1434 5525 a
1466 5475 1638 5542 prima
1673 5472 2032 5537 fraternitate.

467 5559 570 5615 hoc
600 5570 702 5624 est,
733 5563 908 5633 gratia
945 5567 1118 5620 sancti
1174 5566 1431 5636 Spiritus,
1473 5581 1637 5636 quam
1687 5582 1781 5636 per
1835 5567 2036 5642 primos

537 5716 740 5776 "Gen.
775 5734 811 5781 t,
850 5718 940 5783 26,
971 5718 1061 5773 Ἦ.
1161 5719 1247 5774 ³³1
1283 5720 1422 5774 Tim.
1460 5735 1541 5784 ιιι,
1579 5719 1664 5774 l6.

2132 4562 2404 4631 θεότητος,
2428 4558 2742 4629 οἰκονομίαν
2775 4557 2832 4610 δὲ
2863 4557 2973 4610 νόει
3013 4556 3074 4608 τὸ
3112 4555 3234 4608 ὅλον
3276 4552 3433 4606 τοῦτο
3463 4551 3523 4603 τὸ
3567 4547 3719 4618 μέγα

2131 4653 2204 4715 ὡς
2235 4650 2449 4720 ἀληθῶς
2474 4650 2572 4718 τῆς
2621 4649 2904 4711 εὐσεϐείας
2934 4648 3256 4717 μυστήριον,
3288 4647 3344 4697 ὲν
3375 4638 3417 4710 ᾧ
3443 4641 3724 4696 ἀνεκαινί-

2136 4745 2362 4814 σθημεν.
2403 4743 2768 4805 Ἀνακαίνισις
2798 4743 2906 4812 γὰρ
2931 4741 3123 4810 γέγονε
3164 4739 3483 4806 καινότητος
3516 4734 3723 4787 ἐπανά-

2137 4837 2317 4907 ληψις.
2353 4837 2452 4892 Διὰ
2482 4837 2546 4906 δὴ
2585 4835 2746 4889 τοῦτο
2779 4835 3012 4895 ἀποδοὺς
3046 4835 3179 4902 ἡμῖν
3228 4832 3327 4900 τὴν
3361 4831 3495 4897 πρὸς
3525 4827 3722 4880 ἑαυτὸν

2139 4931 2418 4999 ὁμοίωσιν,
2444 4932 2471 4983 6
2500 4927 2659 4990 αὐτὸς
2688 4927 2782 4980 τοῦ
2815 4925 2950 4978 Θεοῦ
2978 4925 3148 4992 Λόγος
3177 4924 3256 4986 εἰς
3278 4923 3536 4991 ὁμοίωσιν
3561 4918 3722 4989 ἡμῶν

2139 5019 2426 5090 κατῆλθεν.
2477 5019 2764 5072 Ἀδύνατον
2791 5017 2846 5070 δὲ
2870 5012 2938 5086 ἦν
2961 5015 3092 5068 Θεὸν
3121 5015 3454 5084 ὁμοιωθῆναι
3485 5013 3616 5080 ἡμῖν
3644 5009 3723 5079 μὴ

2143 5111 2514 5182 σαρκωθέντα·
2551 5111 2610 5163 οὐ
2665 5110 2774 5179 γὰρ
2802 5107 3092 5176 ἀσώματον
3134 5103 3274 5170 εἶδος
3311 5104 3460 5181 αὐτῷ
3489 5102 3721 5171 ἀσωμά-

2134 5221 2230 5255 του
2258 5203 2445 5267 οὐσίας
2491 5203 2861 5272 προσεγίνετο,
2884 5202 3021 5271 ὅπερ
3044 5195 3111 5270 ἦν
3145 5197 3335 5261 αὐτὸς,
3363 5197 3498 5250 ἀλλὰ
3523 5195 3583 5248 τὸ
3624 5210 3724 5246 σω-

2141 5294 2370 5363 ματικόν
2394 5309 2406 5322 ·
2448 5293 2734 5364 σωματικὴ
2763 5293 2820 5345 δὲ
2870 5291 3028 5344 οὐσία
3059 5291 3185 5344 ἄνευ
3227 5287 3588 5358 προσλήψεως
3619 5285 3724 5336 οὐκ

2136 5385 2376 5451 ἐγίνετο·
2406 5385 2494 5439 διὰ
2517 5383 2672 5437 τοῦτο
2703 5382 2866 5454 σῶμα
2902 5381 3123 5449 ἀληθῶς
3159 5378 3526 5450 προσέλαϐεν,
3558 5377 3646 5428 ἵνα
3671 5373 3723 5426 οι

2135 5477 2235 5546 τῆς
2270 5475 2329 5542 ἐξ
2363 5477 2537 5547 ἀρχῆς
2568 5475 2933 5545 ἀδελφότητος
2969 5473 3318 5534 ἐκπεσόντες,
3367 5470 3456 5523 διὰ
3500 5469 3600 5536 τὴν
3627 5465 3723 5518 τοῦ

2137 5569 2429 5637 ἀσωμάτου
2467 5568 2638 5629 εἴδους
2674 5563 2934 5635 ἀλλαγὴν,
2967 5564 3114 5617 τοῦτ’
3144 5563 3263 5616 ἔστι
3305 5562 3406 5628 τῆς
3434 5559 3526 5612 τοῦ
3552 5555 3727 5610 Ilva-3—

1745 5720 1788 5750 “
1814 5719 1972 5774 Joan.
2010 5736 2046 5785 ι,
2079 5722 2167 5777 l8.
