4070 6384
382 314 517 382 1301

386 446 556 502 ματος
588 426 833 497 χάριτος,
851 417 918 493 ἧς
948 420 1037 475 διὰ
1061 419 1165 474 τῶν
1195 417 1424 488 πρώτων
1455 412 1758 484 ἀνθρώπων
1780 408 1872 463 τοῦ
1898 423 1956 458 τε
1987 419 2003 465 λ

2101 384 2315 456 arentes
2356 397 2621 451 Adamum

398 519 568 588 Ἀδὰμ
587 517 684 571 καὶ
709 517 808 585 τῆς
834 513 978 577 Εὔας
1001 511 1384 581 ἀπωλέσαμεν,
1402 511 1478 572 είς
1499 506 1833 575 ἀδελφότητα
1858 502 1964 555 εἰσ-

387 608 646 679 αχθῶμεν
708 604 799 660 διὰ
830 603 931 674 τῆς
967 602 1284 673 σωματικῆς
1316 597 1696 672 προσλήψεως,
1738 594 1830 648 καὶ
1860 592 1964 646 πά-

392 698 476 751 λιν
499 696 561 751 τὸ
580 694 871 765 ἀσώματον
898 691 1035 756 εἶδος
1055 692 1117 745 τὸ
1146 691 1289 743 θεῖον
1320 688 1708 756 ἀπολάϐωμεν.
1740 681 1966 753 Λαμϐἀ-

392 804 476 842 νει
529 787 587 840 δὲ
616 786 794 858 σάρκα
824 787 887 837 ὲκ
935 782 1212 852 γυναικός.
1247 780 1434 843 Οῦτως
1492 778 1601 848 γὰρ
1642 774 1738 829 καὶ
1774 775 1970 844 ὁμογε-

394 874 491 947 γῆς
529 876 664 944 ἡμῖν
709 873 1057 937 καθίσταται,
1097 871 1184 923 ἵνα
1227 871 1321 924 καὶ
1352 869 1428 933 ὡς
1470 866 1787 937 ὁμογενέσιν
1838 864 1970 933 ἡμῖν

401 965 613 1036 μεταδῴ
642 965 742 1035 τῆς
778 964 935 1035 δόξης
961 964 1060 1034 τῆς
1094 960 1312 1025 ἑαυτοῦ,
1345 960 1432 1013 ἵνα
1475 959 1572 1012 καὶ
1601 955 1699 1028 τὴν
1738 956 1972 1023 γυναῖκα

394 1058 487 1112 διὰ
512 1059 612 1126 τῆς
634 1058 943 1126 γεννήσεως
964 1054 1273 1126 ἀνασώσῃ.ι
1295 1051 1610 1121 Σωθήσεται
1634 1047 1763 1119 γὰρ,
1788 1046 1970 1117 φησιν,

400 1154 434 1220 ἠ
466 1150 604 1220 γυνὴ
648 1149 735 1202 διὰ
768 1149 866 1218 τῆς
900 1147 1264 1215 τεκνογονίας.
1303 1163 1321 1197 ι
1348 1143 1493 1214 Σᾶρε
1521 1142 1577 1194 δὲ
1606 1140 1976 1212 προσείληπτο

398 1241 632 1295 τὸνκατᾶ
667 1238 831 1309 φύσιν
867 1239 1067 1309 ἔχουσα
1119 1235 1383 1301 ζωτικόν·
1416 1232 1643 1303 οὐδεμία
1674 1232 1784 1302 γὰρ
1839 1229 1979 1300 σὰρξ

402 1335 532 1386 ἄνευ
590 1329 685 1384 τοῦ
745 1329 1000 1397 ζωτικοῦ,
1050 1329 1079 1384 ὃ
1124 1329 1218 1384 καί⁵
1265 1328 1445 1399 ψυχὴν
1506 1326 1653 1390 ἰδίως
1702 1327 1737 1397 ἡ
1786 1324 1826 1377 Γ
1830 1324 1977 1397 ραφὴ

404 1424 581 1480 καλεῖ.

886 1580 897 1595 .
965 1535 1029 1589 Ὀ
1059 1536 1419 1605 φιλόσοφος.

477 1649 575 1713 Τίς
611 1650 712 1704 οὐκ
741 1650 808 1703 ἂν
835 1648 1083 1719 ἐκπλαγῇ
1115 1649 1207 1702 ἐπὶ
1240 1651 1351 1713 τοῖς
1385 1646 1692 1720 μεγαλείως
1720 1645 1815 1700 τοῦ
1843 1643 1981 1699 Θεοῦ

408 1739 636 1802 τούτοις,
666 1740 743 1803 ὡς
786 1740 988 1807 space;
1034 1739 1180 1810 Πλὴν
1215 1738 1336 1802 πῶς
1375 1738 1644 1810 λαμϐάνει
1693 1738 1875 1810 σάρκα
1919 1738 1985 1790 ὲκ
2016 1743 2058 1802 Β

408 1829 688 1898 γυναικὸς,
724 1829 908 1893 καθὼς
937 1829 1141 1902 ἀρτίως
1170 1830 1457 1900 είρήκατε;

422 1942 768 2011 Ἀπόκρισις
799 1939 920 1995 τῶν
963 1943 1149 2012 ἁγίων
1187 1941 1463 2012 Πατέρων
1501 1941 1600 1997 διὰ
1648 1941 1755 1996 τοῦ
1799 1940 1986 1996 αὑτοῦ

622 2013 931 2081 Maxaplov
953 2012 1288 2067 ἐπισκόπου
1333 2013 1777 2082 Ἰεροσολύμων.

488 2144 628 2215 Ἤδη
654 2145 957 2218 εἰρήκαμέν
983 2163 1087 2212 σοι,
1115 2139 1161 2200 ὦ
1186 2145 1452 2216 βέλτιστε,
1482 2145 1748 2217 μηδαμῶς
1765 2146 1858 2200 ἐπὶ
1882 2141 1991 2200 τῶν

413 2235 509 2290 τοῦ
539 2236 677 2290 Θεοῦ
704 2236 1019 2308 μυστηρίων
1044 2236 1226 2304 λέγειν
1248 2237 1309 2290 τὸ
1338 2237 1485 2300 ὅπως
1509 2250 1523 2265 ⁸
1558 2236 1851 2310 ἀπόρρητα
1883 2235 1993 2308 γάρ

414 2330 523 2381 εἱσι
548 2328 642 2381 καὶ
662 2327 1074 2413 ᾲνεπιλὸγισταο
1098 2327 1174 2391 ὡς
1194 2327 1249 2380 δὲ
1269 2330 1333 2380 ὲκ
1350 2326 1457 2381 τῶν
1488 2327 1650 2398 ἱερῶν
1678 2327 1854 2395 λόγων
1882 2330 1991 2382 εδι-

414 2418 583 2488 δὰχθη
594 2434 711 2486 μεν,
740 2417 975 2490 ἐροῦμεν
1003 2419 1126 2472 ὅσον
1153 2419 1181 2472 ὁ
1206 2416 1361 2486 λόγος
1389 2417 1739 2488 παραστῆσαι
1769 2418 1994 2491 δυνήσεο

415 2526 528 2565 ται.
560 2511 634 2564 Τὸ
659 2510 767 2582 γὰρ
794 2509 1070 2574 παντελῶς
1113 2510 1524 2581 καταληπτικὺν
1562 2510 1657 2563 τοῦ
1692 2512 1995 2583 μυστηρίου

419 2601 653 2665 ἐκείνου,
698 2601 797 2670 τῆς
824 2599 919 2653 τοῦ
957 2600 1163 2670 Κυρίου
1197 2600 1464 2670 ὲνσάρκου
1507 2599 1845 2669 οἰκονομίας,
1878 2599 1999 2664 πῶς

420 2691 664 2759 γέγονεν,
692 2689 837 2745 οἶδεν
869 2689 1174 2761 ἀνθρώπων
1210 2690 1331 2743 οὐδὲ
1362 2689 1610 2759 ἀγγέλων
1641 2689 1848 2753 οὐδεὶς,
1878 2689 1998 2761 οὐδὲ

422 2756 586 2841 αὐτὸς
614 2778 855 2847 Γαϐριὴλ
882 2780 911 2830 6
935 2756 1508 2847 6iaxovchpavoart};
1537 2777 1823 2847 μυστηρίῳ
1851 2756 1999 2829 ἐκείέ-

423 2885 519 2938 νῳ,
550 2868 672 2921 οὐδὲ
702 2869 737 2938 ή
777 2868 1052 2936 πάναγνος
1076 2867 1171 2921 καὶ
1197 2867 1413 2939 καθαρὰ
1442 2867 1537 2922 καὶ
1566 2867 1698 2936 ἁγία
1722 2866 2003 2937 Παρθένος

424 2958 616 3027 Μαρία
638 2976 710 3012 ττι
723 2959 993 3028 ραστῆσαι
1017 2959 1303 3029 δυνήσεται
1322 2959 1422 3029 τὴν
1440 2959 1570 3029 ὃλην
1584 2959 1686 3029 τῆς
1708 2959 1880 3030 αὐτῆς
1903 2955 2001 3012 τοῦ

422 3049 562 3103 Θεοῦ
591 3050 766 3118 Λόγου
795 3050 1126 3120 σαρκώσεως
1156 3050 1481 3121 κατάληψιν.
1508 3050 1679 3114 Αὐτὸς
1705 3050 1815 3122 γὰρ
1842 3050 2002 3121 μόνος
2027 3081 2071 3140 C

422 3143 455 3194 6
482 3142 777 3213 μονογενὴς
803 3142 897 3195 τοῦ
926 3142 1060 3195 Θεοῦ
1104 3142 1230 3205 Tib;
1256 3142 1319 3195 τὸ
1346 3142 1573 3212 ἀκριϐὲς
1608 3136 1718 3195 οἶδε
1747 3143 1847 3213 τῆς
1877 3143 2004 3194 ἑαυ-

427 3230 521 3285 τοῦ
547 3231 613 3285 δι’
648 3233 794 3302 ὑμᾶς
842 3232 1332 3303 ὲνανθρωπήσεως.
1376 3234 1438 3287 Ei
1478 3233 1585 3304 γὰρ
1619 3231 1716 3285 καὶ
1752 3232 2005 3303 παρέδωο

430 3339 533 3377 σαν
560 3324 689 3392 ἡμῖν
714 3322 766 3376 οί
793 3322 893 3376 ἀπ’
919 3322 1097 3393 ἀρχῆς
1132 3322 1401 3378 αὐτόπται
1427 3324 1524 3376 καὶ
1559 3324 1829 3395 ὑπηρέται
1860 3323 2010 3390 γενό-

433 3432 586 3487 μενοι
612 3415 705 3469 τοῦ
731 3415 916 3484 λόγου,
948 3415 1092 3469 καθά
1133 3432 1299 3487 φησιν
1321 3418 1349 3471 6
1378 3417 1615 3482 Λουκᾶς,
1643 3417 1776 3486 περί
1803 3414 1902 3487 τῆς
1926 3417 2012 3469 ὲν-

430 3507 641 3577 σάρκου
686 3506 853 3560 αὐτοῦ
901 3508 1247 3576 οἰκονομίας”
1279 3508 1359 3562 ὅτι
1398 3509 1462 3561 ὲκ
1495 3509 1813 3579 σπέρματος
1842 3507 2007 3562 Δαυῖδ

431 3598 529 3651 καί⁸
572 3597 827 3669 Ἀϐραὰμ
856 3598 915 3651 τὸ
949 3597 1091 3651 κατὰ
1127 3600 1327 3669 σάρκα,
1366 3599 1545 3653 καὶτὸ
1577 3618 1600 3650 ι
1642 3597 1733 3663 Ἐξ
1766 3591 1834 3669 ἧς
1857 3603 2012 3668 ἐγεν-

433 3686 572 3757 νήθη
614 3686 877 3756 Ἰησοῦς,ι
906 3685 1048 3741 τοῦτ’
1084 3686 1231 3740 ἔστιν
1267 3690 1330 3741 ὲκ
1359 3689 1459 3757 τῆς
1486 3686 1788 3758 Παρθένου,
1820 3706 1837 3739 ι
1874 3689 1903 3741 6
1923 3686 2013 3740 λε-

434 3778 666 3848 γόμενος
697 3777 931 3848 Χριστός
954 3793 968 3807 ⁸
999 3778 1093 3831 καὶ
1128 3778 1209 3830 ὅτι
1234 3770 1310 3833 ὧν
1339 3779 1387 3831 οί
1418 3777 1688 3848 πατέρες,
1719 3778 1815 3831 καὶ
1843 3776 1904 3841 ἐξ
1931 3770 2006 3830 ὧν

432 3870 465 3920 6
496 3869 730 3938 Χριστὸς
761 3867 820 3920 τὺ
869 3867 1012 3920 κατὰ
1040 3866 1247 3936 σάρκα·
1283 3886 1301 3917 ι
1330 3866 1425 3921 καὶ
1457 3867 1539 3920 ὅτι
1572 3885 1591 3918 r
1622 3865 1720 3919 οὐκ
1742 3865 2011 3934 ἀγγέλων,

438 3960 575 4013 ἀλλὰ
627 3960 944 4030 σπέρματος
1009 3960 1267 4029 Ἀϐραὰμ
1325 3958 1644 4024 ἐπελάϐετο,
1702 3977 1720 4009 ι
1784 3958 1879 4012 καὶ
1934 3958 2017 4011 ὅτι

444 4069 463 4102 ι
497 4050 638 4103 κατά
660 4051 842 4104 πάντα
870 4050 1128 4121 ὡμοιώθη
1150 4052 1302 4121 ἡμῖν,
1345 4049 1485 4120 πλὴν
1519 4050 1619 4119 τῆς
1654 4050 1952 4120 ἁμαρτίας,
1990 4067 2009 4100 ι

436 4141 611 4195 ταῦτα
640 4140 820 4212 ἴσμεψ
851 4142 880 4194 ὁ
906 4141 964 4195 δὲ
986 4141 1210 4212 τρόπος,
1227 4140 1344 4203 πῶς
1364 4140 1537 4194 ταῦτα
1567 4141 1883 4209 γεγένηται,
1909 4139 2018 4193 πά-

441 4249 542 4303 σης
572 4231 802 4300 λογικῆς
829 4232 1047 4302 φύσεως
1069 4232 1390 4302 ὑπερϐαίνει
1431 4231 1689 4285 διάνοιαν.
1716 4231 1880 4299 Λέγει
1909 4229 2018 4303 γὰρ

440 4326 534 4378 καὶ
560 4326 688 4395 περὶ
705 4324 895 4379 τούτου
938 4325 1206 4396 Ἱερεμίας
1226 4327 1256 4378 6
1286 4324 1601 4395 προφήτης
1637 4343 1655 4375 ι
1687 4323 1796 4377 Καὶ
1818 4323 2020 4395 ἄνθρω-

1264 302 1632 366 HISTORIA
1672 286 2005 359 CONCILII
2048 287 2348 351 NICENI.
2388 309 2457 323 -·
2492 280 2636 343 LIB.
2682 276 2764 339 Il.

3502 256 3639 321 1303

2663 399 2718 443 et
2768 385 2932 441 Evam
2964 378 3269 436 amisimus,
3305 385 3397 441 per
3447 368 3632 436 figura:

2067 496 2401 563 incorporea:
2430 485 2783 542 mulationem
2826 473 3226 532 excideramus,
3260 463 3329 517 ad
3380 455 3637 513 fraterni-

2069 554 2237 641 laletti
2277 597 2374 653 per
2403 575 2650 648 corporis
2681 567 3099 637 assumptionem
3134 557 3541 613 reducerentur,
3584 554 3639 599 et

2069 678 2263 732 iterum
2295 675 2667 741 incorpoream
2695 660 2929 733 speciem
2963 655 3199 708 divinam
3243 644 3637 712 acciperemus.

2069 769 2281 837 Accipit
2310 777 2489 819 autem
2523 773 2738 815 carnem
2767 769 2833 808 ex
2866 748 3131 803 mulieie:
3181 742 3262 796 sic
3301 736 3446 790 enim
3481 730 3639 785 uultis

2072 860 2265 916 similis
2289 856 2461 910 factus
2491 860 2592 916 est,
2616 834 2691 904 hut
2713 859 2810 900 nos
2838 841 2938 896 sibi
2971 835 3177 892 similes
3202 826 3497 902 participes
3527 835 3637 872 sua:

2073 951 2260 1024 gloria:
2307 946 2534 1005 faceret,
2592 950 2643 994 et
2700 948 2758 989 ut
2815 932 3096 989 mulierem
3153 940 3250 994 per
3296 918 3639 975 nativitatem

2076 1005 2105 1024 ο
2143 1005 2148 1006 ,

2076 1057 2229 1097 suam
2258 1038 2510 1092 salvaret.
2566 1048 2586 1084 ‹
2622 1026 2930 1084 Salvabitur
2976 1020 3147 1080 enim,
3201 1012 3399 1081 inquit,
3454 1005 3648 1061 mulier

2078 1150 2173 1204 per
2225 1130 2456 1183 ﬁliorum
2505 1121 2905 1195 generationem
2929 1114 2997 1167 ⁸⁸.
3049 1130 3068 1163 ι
3121 1109 3264 1164 Caro
3313 1110 3493 1156 autem
3546 1111 3649 1149 as-

3224 1201 3233 1204 ,
3296 1196 3308 1204 .
3366 1196 3376 1204 ,
3440 1201 3450 1204 _
3596 1185 3646 1204 ί,

2078 1185 2135 1204 ³⁷⁷
2506 1185 2536 1195 ν

2078 1232 2286 1291 sumpta
2320 1231 2425 1284 est,
2452 1232 2569 1286 quae
2593 1213 2887 1269 secundum
2934 1214 3188 1262 naturam
3224 1196 3458 1251 habebat
3507 1185 3648 1257 quod

2081 1319 2241 1372 vitale
2263 1323 2388 1369 est:
2440 1309 2580 1364 nulla
2614 1306 2757 1360 enim
2793 1315 2920 1355 caro
2945 1311 3010 1352 eo
3060 1294 3203 1365 quod
3240 1287 3402 1342 vitale
3442 1291 3527 1339 est
3563 1294 3653 1335 ca-

2083 1419 2183 1477 ret,
2214 1404 2353 1479 quod
2386 1401 2669 1471 Scriptura
2699 1391 2917 1466 preprie
2941 1388 3181 1443 animum
3219 1379 3474 1452 appellat.

2694 1500 3061 1568 Philosophus.

2153 1636 2285 1703 Quis
2310 1647 2415 1687 non
2446 1632 2660 1697 stupeat
2686 1623 2739 1674 in
2782 1617 2869 1673 his
2905 1614 2999 1668 Dei
3033 1604 3390 1678 magnalibus,
3415 1607 3475 1653 ut
3503 1595 3652 1650 diee-

2084 1699 2266 1786 batis?
2312 1723 2696 1779 Verumtamen
2732 1706 3004 1782 quomodo
3058 1699 3269 1766 accepit
3311 1704 3549 1749 carnem-
3583 1700 3652 1741 ex

2089 1820 2333 1882 muliere,
2361 1825 2418 1869 ut
2447 1810 2605 1883 paulo
2635 1814 2762 1862 ante
2791 1795 3102 1857 asseruistis
3126 1793 3150 1847 ?

2087 1932 2370 2005 Responsio
2400 1935 2701 2005 sanctorum
2732 1916 2951 2005 Patrum
2981 1925 3071 2005 p'er
3090 1905 3331 2005 armis!!!
3359 1894 3655 1955 Macarium

2436 1996 2737 2066 episcopum
2774 1981 3283 2051 Hierosolymorum.

2158 2137 2279 2195 Jam
2334 2129 2646 2189 monuimus
2697 2131 2772 2187 te,
2819 2118 2902 2172 vir
2946 2113 3168 2183 optime,
3219 2115 3565 2177 nequaquam
3605 2097 3665 2152 in

2093 2230 2291 2290 divinis
2317 2221 2595 2298 mysteriis
2616 2218 2823 2296 dicere,
2856 2203 3170 2279 quomodo?
3201 2196 3491 2255 ineﬂ’abilia
3515 2191 3662 2248 enim

2094 2330 2221 2379 sunt
2285 2325 2342 2374 et
2374 2280 2988 2379 incomprehensibilia.
3027 2294 3098 2352 Ut
3131 2302 3312 2347 autem
3365 2302 3430 2343 ex
3488 2280 3666 2338 sacris

2094 2410 2318 2469 Litteris
2372 2402 2550 2461 edocti
2584 2372 2810 2459 'suiuus,
2876 2392 3118 2446 dicemus
3165 2389 3426 2453 quantum
3486 2372 3670 2430 oratio

2096 2463 2354 2571 consequi
2389 2494 2606 2568 poterit.
2637 2483 3018 2545 Omnimodam
3047 2478 3192 2533 enim
3228 2468 3469 2542 mysterii
3522 2463 3668 2571 illius

2096 2554 2497 2666 cOguitionem,
2538 2577 2811 2654 quomodo
2861 2568 3198 2642 dispensatio
3250 2565 3303 2618 in
3352 2571 3517 2615 carne
3564 2554 3669 2607 Do-

2098 2659 2228 2746 mini
2264 2685 2406 2738 facta
2437 2678 2528 2743 sit,
2558 2672 2734 2729 nullus
2767 2679 2941 2738 neque
2967 2661 3274 2722 hominum,
3302 2665 3476 2722 neque
3503 2659 3672 2746 ange-

2099 2781 2299 2842 lorum,
2335 2787 2435 2828 nec
2464 2772 2579 2840 ipse
2619 2760 2865 2826 Gabriel,
2901 2757 2991 2826 qui
3038 2754 3213 2809 eidem
3270 2743 3529 2819 mySterio
3564 2735 3673 2792 mi-

2084 2867 2372 2929 .nistravit,
2406 2874 2583 2930 neque
2610 2854 2830 2913 omnino
2866 2857 3074 2910 sancta,
3100 2859 3231 2915 pura
3274 2851 3323 2896 et
3353 2845 3500 2893 casta
3525 2831 3681 2901 virgo

2101 2923 2273 3018 Maria
2317 2923 2575 3023 cotisequi
2610 2946 2814 3018 poterit
2854 2951 3020 2997 totam
3058 2935 3221 3003 hujus
3265 2931 3359 2989 Dei
3391 2925 3550 2984 Verbi
3593 2923 3674 2978 in-

2102 3047 2438 3110 carnationis
2477 3036 2910 3108 intelligentiam.
2951 3030 3070 3100 Ipse
3108 3027 3310 3083 etenim
3356 3020 3501 3076 solus
3550 3012 3678 3068 uni-

2106 3144 2319 3218 genitus
2350 3139 2447 3193 Dei
2493 3134 2667 3190 Filius
2692 3136 2885 3185 exacte
2916 3122 3065 3179 novit
3104 3133 3256 3175 suam
3309 3119 3531 3184 propter
3579 3121 3678 3159 nos

3065 3212 3112 3218 --
3199 3217 3202 3218 ν
3490 3207 3521 3218 ν.
3591 3194 3676 3218 ___.

2106 3194 2612 3291 i’uhumanationem
2640 3241 2657 3290 ;
2710 3220 2804 3275 sed
2834 3230 2959 3286 qua:
2992 3212 3147 3266 nobis
3193 3205 3550 3265 tradiderunt,
3585 3194 3677 3266 qui

2109 3328 2179 3381 ah
2207 3323 2360 3378 initio
2405 3319 2506 3386 ipsi
2537 3315 2809 3372 viderunt,
2843 3316 2898 3362 et
2930 3300 3164 3359 ministri
3194 3298 3416 3352 fuerunt
3467 3304 3679 3347 sermo-

2112 3418 2217 3480 nis,
2253 3420 2311 3467 ut
2369 3382 2445 3463 ait
2496 3404 2675 3460 Lucas
2695 3400 2764 3463 ",
2814 3397 2881 3453 de
2910 3395 3055 3449 illius
3096 3392 3148 3443 in
3174 3400 3348 3443 carne
3398 3382 3682 3451 dispensa-

2111 3509 2280 3571 tione,
2319 3499 2460 3571 quod
2491 3495 2699 3551 scilicet
2732 3504 2800 3544 ex
2842 3485 3050 3542 semine
3103 3479 3268 3534 David
3310 3485 3362 3530 et
3406 3470 3682 3528 Abraham

2112 3595 2405 3653 secundum
2434 3598 2686 3650 carnem;
2723 3590 2777 3637 et
2822 3595 2837 3632 :
2875 3596 2895 3630 ι
2925 3576 3001 3631 De
3054 3587 3161 3643 qua
3209 3578 3369 3623 natus
3393 3575 3476 3619 est
3504 3561 3682 3625 Jesus,

2113 3695 2203 3763 qui
2237 3699 2463 3746 vocatur
2489 3679 2826 3743 Christus”,
2857 3695 2876 3728 ι
2930 3676 2980 3729 id
3008 3681 3110 3733 est,
3149 3684 3212 3724 ex
3253 3664 3474 3732 Virgine
3502 3681 3514 3717 :
3570 3676 3588 3708 ι
3621 3657 3688 3711 Ει

2114 3752 2340 3852 quorum
2375 3777 2582 3838 Patres,
2637 3780 2693 3826 et
2739 3785 2806 3824 ex
2858 3766 3054 3834 quibus
3082 3760 3335 3815 Christus
3383 3752 3685 3809 secundum

2115 3887 2330 3927 carnem
2354 3868 2439 3934 ³⁸;
2477 3885 2496 3918 ι
2534 3874 2590 3918 et
2624 3881 2644 3913 ι
2672 3861 2815 3931 quod
2845 3872 2953 3912 non
3014 3850 3348 3923 angelorum,
3381 3845 3472 3901 sed
3500 3856 3689 3899 semen

2116 4058 2200 4112 bis
2232 4051 2567 4109 assimilatus
2606 4057 2712 4110 eat,
2743 4051 2971 4111 excepto
3006 4044 3230 4106 peccato
3252 4033 3298 4066 ⁸ο
3322 4048 3338 4097 ;
3363 4050 3382 4082 ι

2119 4162 2284 4211 mus;
2334 4142 2525 4196 modus
2564 4146 2743 4191 autem
2796 4148 2903 4203 quo
2956 4130 3071 4185 Iuec
3116 4134 3268 4197 gesta
3311 4130 3466 4185 sunt,
3513 4118 3695 4174 omnis

2119 4246 2391 4293 creaturae
2441 4228 2722 4285 rationalis
2777 4223 3156 4294 cogitationem
3208 4211 3562 4270 transcendit.
3603 4208 3696 4264 Ait

2121 4337 2299 4384 autem
2331 4326 2477 4381 etde
2507 4323 2609 4378 hoc
2626 4318 2890 4375 Jeremias
2915 4314 3175 4385 prepheta
3207 4328 3222 4366 :
3257 4327 3275 4361 ι
3306 4307 3480 4362 [lomo
3512 4312 3618 4366 est,
3641 4310 3701 4356 et

443 4420 543 4482 πός
574 4421 715 4481 ἐστι,
760 4418 856 4472 καὶ
896 4418 980 4483 τίς
1022 4418 1292 4488 γνώσεται
1337 4394 1534 4486 αὑτόνξ
1573 4437 1592 4471 ι
1633 4415 2003 4487 Θαυμάζοντος

2126 4419 2247 4488 quis
2281 4423 2570 4486 cognoscet
2599 4411 2747 4465 illum
2773 4407 2817 4440 “
2839 4406 2865 4460 τ
2894 4425 2919 4456 ι
2955 4402 3281 4459 Admirante
3313 4409 3492 4453 autem
3521 4394 3701 4464 philos

436 4511 499 4565 δὲ
536 4510 631 4564 τοῦ
680 4510 996 4579 φιλοσόφου,
1033 4511 1128 4564 καὶ
1167 4512 1369 4574 παντὸς
1404 4510 1509 4563 τοῦ
1539 4508 2020 4581 συναθροισθέντος

444 4601 685 4671 πλήθους
740 4603 822 4665 είς
874 4601 976 4672 τὴν
1032 4600 1318 4671 ἀκρόασιν,
1384 4599 1714 4671 προσθέντες
1767 4599 1820 4653 οἱ
1876 4599 2022 4669 ἆγιοι

445 4694 731 4837 Ιέατέρες,
774 4690 866 4745 διὰ
920 4692 1211 4763 Μακαρίου
1267 4692 1571 4745 ἐπισκόπου
1632 4689 2021 4762 Ἰεροσολύμων

445 4801 471 4837 ε
499 4801 608 4837 παν
628 4800 643 4814 ’

441 4800 608 4838 ειπαν
628 4800 643 4814 ⁸

521 4877 660 4949 Ἤδη
710 4875 801 4929 διὰ
835 4873 1104 4929 πλείστων
1153 4875 1294 4929 ὅσων
1339 4874 1724 4946 ἀπεδείξαμεν,
1770 4874 1853 4929 ὅτι
1895 4872 2029 4935 Θεὸς

445 4964 515 5039 ἦν
538 4968 567 5019 6
603 4968 898 5039 μονογενὴς
928 4968 1056 5031 Υἱὸς
1089 4966 1184 5020 τοῦ
1209 4967 1346 5020 Θεοῦ
1366 5007 1381 5032 ,
1416 4967 1642 5035 γέγονεν
1662 4965 1779 5039 [γρ.
1811 4966 1907 5018 καὶ
1931 4964 2027 5032 γὲ-

2125 4485 2318 4579 s'opho,
2358 4485 2419 4560 iet
2468 4512 2577 4557 tota
2630 4498 2974 4555 multitudine
3022 4493 3253 4550 collecta
3302 4490 3368 4544 ad
3420 4485 3697 4542 ausculta.-

2126 4574 2348 4661 tionem,
2396 4595 2654 4651 addentes
2720 4588 2894 4645 sancti
2956 4585 3169 4647 Patres,
3232 4595 3328 4651 per
3395 4574 3696 4633 Macarium

2122 4692 2434 4761 episcopum
2466 4683 2958 4754 Hierosolymorum
2982 4677 3238 4732 dixerunt
3266 4689 3282 4728 :

2194 4867 2444 4923 Pluribus
2467 4864 2577 4933 iam
2614 4858 3132 4923 demonstravimus,
3167 4855 3310 4926 quod
3342 4854 3485 4909 Deus
3512 4851 3701 4919 unige-

2131 4962 2276 5016 nitns
2300 4958 2471 5013 Filius
2496 4954 2588 5009 Dei
2613 4951 2789 5008 factus
2825 4952 2899 5005 sit
2932 4951 3095 5004 homo
3127 4954 3345 5017 propter
3385 4940 3695 5010 benignita-

447 5030 630 5132 ‘y'ovsv'j
671 5030 959 5131 ἄνθρωπος
1003 5030 1094 5112 διὰ
1128 5030 1563 5131 φιλανθρωπίαν,
1592 5030 1903 5129 σαρκωθεὶς
1935 5030 2003 5108 κα

2131 5062 2236 5106 tem
2276 5062 2403 5118 erga
2448 5059 2616 5117 genus
2671 5043 2991 5105 humanum,
3031 5039 3347 5092 incarnatus
3390 5042 3445 5088 et
3481 5030 3697 5102 genitus

447 5150 735 5221 γεννηθεὶς
761 5153 825 5204 ὲκ
871 5152 972 5221 τῆς
1003 5150 1282 5222 Παρθένου
1315 5151 1538 5223 Μαρίας
1575 5150 1873 5222 ἀπορρήτῳ
1907 5164 2033 5216 γεν-

451 5248 624 5315 νήσει.
667 5244 887 5315 Ἐπειδὴ
912 5243 1022 5317 γὰρ
1050 5243 1346 5316 ἠϐουλήθη,
1375 5244 1451 5309 ὠς
1474 5243 1868 5314 προαπεδειξεν-
1887 5244 1914 5294 ὁ
1936 5240 2025 5294 10'-

451 5353 570 5404 γος,
599 5336 948 5391 ἀνακαινίσαι
977 5337 1047 5391 τὰ
1074 5335 1164 5390 διὰ
1192 5337 1291 5407 τὴν
1323 5335 1641 5393 ἀπόπτωσιν
1669 5333 1776 5388 τῶν
1808 5349 2024 5405 πρωτο-

455 5426 712 5483 πλάστων
754 5428 1006 5495 λυθέντα,
1051 5429 1281 5497 γέγονεν
1322 5429 1385 5484 ἐν
1428 5430 1541 5493 τοῖς
1594 5426 1905 5499 ἡμετέροις,
1938 5423 2027 5477 ἵνα

528 5597 618 5651 ⁸⁸1
652 5598 791 5652 Tim.
834 5613 895 5660 ιι,
926 5597 1013 5652 15.
1111 5597 1156 5628 ³⁸
1181 5594 1310 5651 Luc.
1344 5611 1383 5662 ι,
1409 5594 1464 5650 2.
1544 5595 1586 5627 ³⁷
1614 5592 1799 5649 Matth.
1842 5608 1882 5654 ι,
1918 5589 2003 5644 16.

458 5663 731 5723 “Jercut.
765 5682 901 5732 XVII,
936 5668 972 5725 9
1011 5682 1123 5724 scr.
1151 5664 1318 5720 LXX.

2128 5160 2193 5199 ex
2221 5141 2444 5212 Virgine
2478 5136 2644 5192 Maria
2699 5129 3062 5204 inexplicabili
3110 5125 3480 5198 generatione.
3537 5120 3699 5176 Post-

2132 5248 2292 5303 quam
2321 5230 2466 5285 enim
2497 5226 2689 5291 voluit,
2725 5233 2784 5278 ut
2826 5237 3006 5278 sermo
3038 5218 3187 5289 prior
3206 5214 3465 5279 ostendit,
3492 5212 3700 5265 iustauo

2138 5302 2260 5381 rare
2285 5337 2404 5393 qum
2446 5335 2541 5390 per
2578 5318 2878 5388 primorum
2925 5322 3210 5381 parentum
3247 5309 3455 5376 lapsum
3490 5302 3705 5356 fuerant

2134 5391 2336 5479 soluta,
2368 5422 2530 5469 natus
2556 5418 2641 5466 est
2668 5409 2721 5464 in
2767 5405 2988 5473 nostris,
3033 5410 3093 5456 ut
3133 5415 3232 5456 nos
3279 5398 3333 5453 in
3376 5395 3490 5451 suis
3532 5391 3706 5463 ipsius

2119 5584 2346 5651 "Rom.
2382 5598 2461 5649 is,
2498 5580 2552 5637 5.
2675 5579 2719 5612 "
2746 5577 2909 5633 liebr.
2949 5590 3007 5643 ιι,
3045 5573 3131 5629 ιϐ.
3209 5571 3255 5604 ⁸⁸
3287 5567 3454 5625 ilebr.
3512 5582 3585 5631 tv,
3617 5561 3707 5617 ιιι.
