4072 6438
438 306 458 359 l
469 299 575 362 303

1699 305 2003 365 GELASII
2045 307 2388 366 CYZICENI

3570 297 3708 362 1304

436 416 726 477 reticeret;
783 414 1221 468 condescendeus
1274 414 1432 482 quasi
1479 417 1719 485 optimus
1771 420 2016 473 medicus

2128 420 2272 488 ἡμᾶς
2302 420 2505 489 ποιήσῃ
2537 420 2593 470 ἐν
2627 421 2738 481 τοῖς
2781 417 3001 479 ἑαυτοῦ,
3033 412 3385 485 συγκαταϐὰς
3414 414 3490 477 ὡς
3523 415 3706 482 ἰατρὸς

438 506 742 561 inlirmitati
782 516 1001 559 nostrae.
1047 504 1245 559 lterum
1282 507 1526 563 dicemus
1558 509 1661 564 hoc
1691 511 2019 566 condescen-

437 595 587 657 dere,
620 601 674 647 et
705 593 1052 658 descendere,
1092 603 1148 647 et
1188 595 1352 659 mitti,
1394 596 1546 665 juxta
1605 613 1719 654 sum
1774 601 2020 654 inhuma-

440 684 677 737 nalionis
719 685 936 737 modum
964 685 1363 755 accipiendum,
1402 696 1460 741 ut
1499 690 1653 759 prius
1681 691 2020 745 demonstra-

440 776 638 829 vimus.
686 774 981 830 Divinitate
1011 778 1155 831 enim
1193 793 1287 831 sua
1321 780 1503 834 omnia
1535 797 1657 835 cum
1691 783 1851 838 Patre
1877 798 2021 837 sem-

440 884 534 933 per
566 867 775 937 implet,
809 868 1111 924 secundum
1156 871 1307 939 prius
1348 873 1578 928 traditas
1613 873 2018 943 lntelligentias.

440 960 579 1013 Audi
606 973 757 1030 ergo.
812 959 933 1015 Nati
972 977 1158 1017 sumus
1204 976 1272 1017 ex
1323 963 1596 1020 muliere:
1655 967 1799 1021 venit
1833 969 1884 1020 in
1920 967 2024 1022 hoc

443 1056 668 1118 propter
694 1051 1018 1106 cltaritatem
1046 1068 1174 1122 erga
1206 1054 1474 1111 homines.
1509 1058 1579 1110 At
1606 1072 1703 1112 nos
1755 1072 1820 1113 ex
1883 1057 2024 1113 dele-

442 1150 718 1196 ctamento
743 1144 916 1198 somni
939 1153 993 1198 ct
1027 1145 1233 1200 semine
1260 1147 1360 1201 viri
1386 1166 1402 1214 ;
1432 1149 1546 1216 ipse
1576 1160 1756 1204 autem
1786 1152 1933 1207 solus
1953 1168 2020 1208 ex

446 1232 653 1302 Spiritu
698 1246 885 1292 sancto
926 1247 978 1293 et
1031 1238 1196 1294 Maria
1256 1241 1493 1311 Virgine.
1557 1241 1848 1298 Laetamur
1888 1261 2018 1300 nos:

446 1327 593 1380 venit
623 1328 786 1381 etiam
824 1328 877 1381 in
912 1328 1015 1383 hoc
1048 1331 1345 1386 secundum
1394 1346 1636 1396 carnem,
1684 1334 1776 1402 qui
1824 1334 2023 1390 deitate

445 1433 541 1470 sua
586 1420 731 1472 omni
776 1421 925 1474 carni
963 1419 1276 1476 alimentum
1317 1424 1542 1491 prabet.
1583 1423 1907 1482 Prollcimus
1962 1428 2017 1482 in

445 1511 621 1565 :etatis
659 1521 1050 1580 augmentum:
1080 1527 1185 1568 non
1223 1513 1548 1583 dedignatus
1572 1526 1657 1571 est
1686 1526 1742 1571 et
1781 1519 1895 1587 ipse
1918 1518 2021 1575 hoc

448 1602 563 1655 tieri
599 1603 980 1671 corporaliter,
1014 1604 1156 1660 sicut
1187 1606 1449 1676 scriptum
1480 1617 1585 1671 est,
1626 1609 1769 1678 quod
1816 1629 1834 1661 ι
1864 1608 2022 1666 Jesus

448 1693 763 1762 proﬁciebat
791 1695 1082 1764 sapientia,
1113 1704 1272 1752 aetate
1314 1704 1370 1752 et
1395 1699 1568 1768 gratia
1598 1701 1740 1769 apud
1768 1702 1933 1755 Deum
1964 1710 2020 1756 et

449 1785 694 1843 homines
714 1787 781 1852 ";
811 1806 830 1839 ι
860 1796 914 1842 et
939 1803 1111 1859 usque
1136 1790 1203 1844 ad
1232 1790 1566 1847 tricesimum
1595 1806 1796 1847 annum
1846 1804 2021 1849 trans-
2054 1779 2093 1829 Β

420 1876 629 1944 _igens,
677 1883 735 1930 ut
773 1877 918 1932 omni
948 1879 1092 1933 aatati
1122 1879 1493 1946 benediceret,
1544 1890 1669 1936 tunc
1714 1882 1778 1935 ad
1846 1882 2021 1951 bapti-

446 1984 623 2022 smum
687 1970 858 2038 venit,
928 1972 1256 2040 praedicante
1300 1968 1508 2029 Joanne
1569 1969 1847 2030 Zachariae
1912 1976 2022 2032 [ilio

447 2060 514 2113 ad
574 2060 826 2128 populum
887 2061 1211 2131 baptismum
1283 2062 1702 2130 pmnitcntize",
1756 2079 1863 2119 non
1920 2080 2021 2119 au-

448 2162 557 2204 tem
601 2151 939 2207 remissionis
983 2161 1360 2222 peccatorum,
1393 2164 1486 2207 aut
1523 2154 1829 2225 adaptionis
1882 2156 2021 2211 lilio-

450 2258 565 2296 ium
602 2242 803 2297 donum
853 2243 1152 2312 largiente:
1183 2259 1288 2298 non
1328 2245 1471 2299 enim
1521 2254 1639 2301 erat
1672 2244 1895 2303 Joannis
1921 2249 2023 2303 hoc

445 2338 596 2397 dare,
657 2336 752 2389 sed
803 2351 980 2405 neque
1036 2334 1231 2405 angeli,
1299 2351 1486 2390 verum
1541 2337 1709 2405 ipsius
1762 2341 2024 2395 duntaxat

447 2427 709 2481 incarnati
744 2437 800 2481 ct
835 2427 1173 2481 inhumanati
1205 2426 1297 2480 Dei
1333 2425 1520 2481 Verbi.
1568 2426 1637 2481 Et
1671 2430 1871 2499 accipit
1926 2447 2023 2486 uo-

443 2530 615 2571 strutn
650 2517 999 2587 baptismum,
1025 2525 1078 2572 et
1108 2531 1229 2571 cum
1257 2526 1405 2571 esset
1434 2516 1577 2572 Deus
1617 2519 1737 2573 sine
1773 2529 2020 2587 peccato,

444 2608 802 2677 corporaliter
838 2609 1142 2677 baptizatus
1168 2617 1252 2663 est
1283 2616 1343 2661 ut
1376 2608 1578 2673 homo;
1632 2624 1736 2663 non
1784 2609 1898 2677 ipse
1942 2610 2024 2664 in-

444 2702 633 2769 digens
680 2700 970 2770 baptismo,
1022 2700 1116 2755 sed
1171 2709 1230 2754 ut
1278 2707 1520 2754 nostrum
1555 2702 1880 2771 baptismum
1915 2719 2025 2773 ap-

446 2795 743 2860 probaret:
801 2805 859 2848 ut
909 2794 1201 2848 credamus
1256 2795 1398 2863 quod
1452 2796 1908 2864 quemadmodum
1968 2798 2021 2852 in

442 2898 566 2938 cum
613 2884 896 2940 descendit
936 2883 1172 2955 Spiritus
1217 2894 1457 2949 sanctus,
1516 2885 1588 2939 ita
1631 2895 1684 2940 et
1735 2885 1786 2939 in
1836 2902 1934 2941 nos
1968 2888 2022 2942 in

446 2978 564 3049 ipso
606 2979 930 3048 baptizatos.
972 2980 1178 3035 Deinde
1220 2988 1576 3036 conversatus
1621 2993 1744 3034 cum
1792 2979 2024 3035 homini.

448 3073 545 3125 luis
574 3068 643 3137 “,
681 3081 735 3126 et
783 3086 1004 3127 suorum
1052 3071 1358 3128 divinorum
1418 3080 1809 3141 praeceptorum
1869 3086 2023 3125 man-

447 3161 583 3216 dans
630 3160 973 3226 traditiones,
1038 3163 1427 3231 signorumque
1484 3161 1802 3214 admiranda
1859 3174 2023 3228 opera

448 3253 755 3322 perliciens,
782 3264 904 3323 post
936 3254 1152 3308 tertium
1179 3268 1401 3318 annum,
1424 3263 1617 3323 quarto
1636 3253 1745 3322 jam
1772 3253 2026 3307 inchoan

449 3349 515 3401 ad
545 3345 881 3416 corporalem
915 3361 1013 3414 pro
1036 3345 1189 3401 nobis
1215 3346 1520 3415 passionem
1545 3354 1734 3415 sponte
1758 3344 2025 3414 pervenit.

447 3433 617 3489 Nobis
648 3433 863 3503 quidem
896 3434 1193 3490 debebatur
1228 3435 1407 3491 crucis
1447 3435 1809 3504 supplicium;
1854 3436 1946 3490 sed
1978 3437 2025 3491 si

446 3541 639 3583 omnes
689 3526 932 3581 cruciﬁxi
992 3526 1287 3583 fuissemus
1338 3529 1585 3597 nosipsos
1627 3544 1656 3583 a
1694 3538 1865 3584 morte
1917 3543 2025 3585 non

451 3619 817 3688 potuissemus
867 3620 1122 3675 liberare.
1178 3641 1197 3674 ι
1235 3621 1505 3691 Regnavit
1560 3621 1705 3676 enim
1768 3636 1914 3676 mors
1958 3622 2026 3675 ab

448 3710 621 3764 Adam
659 3726 831 3780 usque
864 3711 930 3766 ad
968 3713 1211 3783 Moysen,
1241 3713 1402 3768 etiam
1439 3713 1493 3767 in
1524 3728 1617 3768 eos
1645 3713 1735 3782 qui
1767 3729 1873 3768 non
1902 3729 2028 3783 pec-

452 3811 711 3855 caverunt
733 3800 819 3868 ⁶⁸;
854 3821 874 3855 ι
931 3803 1084 3856 multi
1110 3803 1311 3868 sancti,
1358 3802 1511 3857 multi
1543 3803 1843 3871 prophetae,
1875 3802 2026 3856 multi

444 3899 574 3966 justi
603 3917 618 3967 ;
652 3906 709 3950 et
752 3908 939 3950 eorum
997 3908 1156 3950 nemo
1206 3895 1443 3963 seipsum
1476 3908 1507 3948 e
1536 3901 1804 3961 potestate
1839 3894 2029 3948 mortis

452 3993 721 4047 redimere
748 3989 943 4058 potuit.
987 3986 1092 4041 Sed
1142 3985 1291 4041 venit
1339 3985 1430 4040 ille
1465 3984 1716 4039 Salvator
1755 3985 2023 4049 omnium,

448 4097 501 4138 et
534 4099 564 4138 a
598 4082 755 4138 nobis
785 4082 964 4137 debita
997 4078 1262 4150 supplicia
1288 4078 1341 4132 in
1387 4091 1483 4133 sua
1523 4091 1711 4143 carne,
1756 4092 1876 4146 quae
1911 4076 2029 4129 sine

451 4184 672 4242 peccato
702 4182 841 4239 erat,
872 4188 969 4241 pro
999 4169 1155 4226 nobis
1175 4180 1229 4223 et
1253 4182 1318 4223 ex
1344 4167 1497 4223 nobis
1514 4178 1568 4223 et
1595 4168 1812 4222 nomine
1843 4174 2029 4222 nostro

451 4268 710 4338 suscepit.
751 4265 1225 4320 Descendebamus
1254 4277 1353 4316 nos
1386 4271 1508 4332 post
1543 4271 1770 4315 mortem
1818 4261 1883 4314 ad
1941 4260 2026 4314 in-

450 4361 594 4415 l‘cros
624 4375 636 4413 :
675 4357 912 4426 suscepit
938 4367 994 4410 et
1030 4357 1151 4420 hoc,
1173 4353 1564 4421 descenditque
1589 4360 1782 4420 sponte
1807 4352 1871 4405 ad
1897 4367 1989 4407 eos
2015 4370 2028 4406 :

2123 511 2346 579 ἄριστος
2380 513 2446 580 τῇ
2475 508 2732 580 ἀσθενείᾳ
2763 508 2941 578 ἡμῶν.
2964 505 3135 560 Πάλιν
3152 505 3388 576 ἐροῦμεν
3413 504 3475 557 τὸ
3504 520 3710 571 συγκα·

2121 603 2315 667 ταὸἁν,
2343 602 2530 655 καὶτὸ
2580 602 2883 663 κατελθεῖν,
2927 601 3022 653 καὶ
3060 599 3122 653 τὸ
3161 597 3524 659 ἀπεστάλθαι,
3565 599 3712 650 κατά

2122 693 2215 747 τὸν
2244 694 2343 763 τῆς
2386 694 2858 765 ἐνανθρωπήσεως
2902 690 3069 746 αὑτοῦ
3114 691 3320 762 τρόπον
3357 689 3709 759 διαληπτέον,

2127 786 2205 850 ὡς
2233 785 2709 857 προαπεδείξαμεν
2730 802 2744 815 ο
2769 788 2834 857 τῇ
2865 786 2974 856 γὰρ
3007 783 3222 854 θεότητι
3249 782 3416 836 αὐτοῦ
3443 781 3512 832 τά
3532 782 3714 833 πάντα

2125 878 2221 932 σὺν
2251 877 2328 948 τῷ
2360 878 2536 947 Πατρὶ
2576 876 2777 947 πληροῖ
2804 876 2892 929 ἀεὶ
2935 875 3077 929 κατά
3107 872 3209 936 τάς
3243 868 3715 943 προαποδοθείσας

2124 970 2353 1032 ἐννοίας.
2377 970 2577 1021 ’Λκουε
2600 966 2804 1021 τοίνυν.
2829 966 3156 1037 Γεννώμεθα
3181 967 3246 1018 ὲκ
3275 961 3556 1034 γυναικός·
3580 957 3715 1032 ἦλθε

2122 1062 2210 1114 διὰ
2243 1060 2654 1133 φιλανθρωπίαν
2681 1061 2761 1123 είς
2788 1058 2966 1113 τοῦτο,
3004 1058 3151 1111 Ἀλλ’
3183 1059 3346 1127 ἡμεῖς
3374 1056 3472 1126 μὲν
3499 1054 3558 1119 ἐξ
3583 1054 3716 1125 ἡδο-

2122 1152 2218 1221 νῆς
2246 1151 2437 1217 ὕπνου,
2472 1150 2564 1205 καὶ
2591 1149 2908 1221 σπέρματος
2931 1150 3145 1221 ἀνδρός.
3171 1147 3344 1211 Αὐτὸς
3367 1147 3426 1200 δὲ
3456 1147 3616 1218 μόνος
3647 1147 3718 1200 ὲκ

2126 1242 2443 1312 ιῐνεύματος
2475 1243 2632 1313 ἀγίου
2660 1245 2756 1297 καὶ
2785 1242 3007 1314 Μαρίας
3052 1244 3151 1312 τῆς
3196 1238 3499 1311 Παρθένου.
3540 1237 3719 1291 Γαλα-

2124 1335 2572 1406 κτοτροφούμεθα
2596 1354 2610 1369 ·
2641 1332 2775 1408 ἦλθε
2797 1336 2888 1390 καὶ
2921 1337 3000 1397 εἰς
3025 1332 3184 1387 τοῦτο
3217 1333 3402 1403 σαρκὶ,
3437 1332 3465 1383 6
3497 1331 3563 1398 τῇ
3591 1328 3718 1399 θεότ

2122 1444 2244 1497 τητι
2275 1427 2439 1481 αὐτοῦ
2471 1427 2650 1492 διδοὺς
2679 1427 2887 1499 τροφὴν
2931 1425 3082 1497 πάσῃ
3113 1424 3301 1495 σαρκί.
3328 1420 3602 1491 Γινόμεθα
3633 1421 3720 1482 εἰς

2124 1519 2408 1589 προκοπὴν
2438 1519 2536 1572 καὶ
2574 1517 2804 1590 αὔξησιν
2836 1517 3055 1589 ἡλικίας
3074 1533 3089 1547 ·
3125 1516 3227 1568 οὐκ
3253 1513 3534 1584 ἀπηξίωσε
3558 1511 3719 1580 γενέ-

2124 1617 2249 1668 σθαι
2274 1615 2368 1667 καὶ
2397 1613 2560 1677 αὐτὸς
2591 1612 2753 1667 τοῦτο
2789 1610 3141 1683 σωματικῶς,
3166 1608 3348 1672 καθὼς
3378 1606 3719 1677 γέγραπται,

2123 1705 2205 1758 ὅτι
2238 1724 2256 1755 ι
2306 1704 2516 1775 Ἰησοῦς
2545 1704 2855 1776 προέκοπτε
2888 1702 3051 1775 accpiet
3086 1702 3182 1755 καὶ
3217 1700 3403 1772 ἡλικίᾳ
3427 1697 3525 1751 καὶ
3553 1698 3718 1769 χάρι-

2123 1814 2174 1848 τι
2212 1794 2361 1866 παρά
2383 1795 2502 1867 Θεῷ
2541 1796 2636 1849 καὶ
2677 1793 2990 1866 ἀνθρώποις
3013 1810 3025 1823 ·
3059 1812 3077 1845 ι
3138 1793 3235 1846 καὶ
3266 1793 3373 1854 έως
3401 1806 3722 1862 τριακοστο·

2124 1888 2284 1952 ετοῦς
2314 1890 2509 1960 χρόνου
2536 1888 2815 1954 διανύσας,
2852 1889 2939 1941 ἵνα
2972 1888 3155 1939 πᾶσαν
3184 1884 3399 1955 ἡλικίαν
3422 1883 3717 1952 εὑλογήσηο

2121 1982 2242 2036 τότε
2273 1982 2365 2034 ἐπὶ
2396 1982 2457 2034 τὸ
2508 1979 2794 2051 βάπτισμα
2834 1978 3077 2049 ἔρχεται,
3116 1976 3488 2048 κηρύσσοντος
3528 1973 3719 2026 ἰωάνο

2123 2090 2213 2127 νου
2253 2072 2370 2125 υίσῦ
2405 2072 2686 2143 Ζαχαρίου
2712 2071 2789 2141 τῷ
2821 2068 2936 2140 λαῷ
2962 2069 3245 2140 βάπτισμα
3278 2066 3589 2139 μετανοίας,
3614 2065 3718 2117 οὐκ

2123 2163 2370 2233 ἀφέσεως
2400 2163 2712 2234 ἁμαρτιῶν,
2745 2159 2873 2215 οὔτε
2920 2159 3198 2224 υἱοθεσίας
3232 2158 3406 2230 δῶρον
3448 2155 3719 2219 διδόντος⁶

2123 2255 2183 2306 οὗ
2215 2255 2323 2324 γὰρ
2342 2249 2411 2324 ἦν
2448 2251 2698 2307 Ἰωάννου
2722 2250 2896 2304 ταῦτα
2922 2249 3128 2313 δοῦναι,
3152 2248 3267 2303 ἀλλ’
3295 2247 3421 2302 οὗτε
3450 2247 3712 2316 ἀγγέλου,

2124 2345 2242 2397 ἀλλ’
2278 2344 2442 2397 αὑτοῦ
2477 2343 2571 2397 τοῦ
2622 2343 3003 2415 σαρκωθέντος
3045 2342 3142 2393 κα)⁵
3194 2341 3719 2411 ὲνανθρωπήσαντος

2123 2436 2258 2489 Θεοῦ
2299 2436 2495 2505 Λόγου.
2531 2435 2644 2489 Καὶ
2677 2436 2931 2507 ἀνέχεται
2958 2434 3019 2487 τὺ
3040 2433 3181 2502 ὑπὲρ
3215 2417 3373 2503 ἡμῶν
3407 2430 3717 2503 βάπτισμα,

2132 2531 2226 2581 καὶ
2287 2527 2418 2590 Θεὸς
2456 2526 2532 2579 ὢν
2571 2526 2889 2598 ἀμάρτητος
2922 2523 3225 2595 ἐϐαπτίσθη
3262 2522 3592 2595 σωματικῶς
3642 2522 3720 2584 ὡς

2123 2617 2429 2689 ἄνθρωπος,
2460 2618 2560 2670 οὐκ
2588 2618 2749 2681 αύτὶς
2778 2616 3030 2688 δεόμενος
3056 2615 3452 2686 βαπτίσματος,
3480 2610 3596 2666 ἀλλ’
3633 2611 3723 2665 ἴνα

2123 2708 2185 2761 τὸ
2224 2709 2492 2781 ἡμέτερον
2519 2708 2801 2778 βάπτισμα
2837 2708 3075 2782 δοξάσῃ,⁶
3121 2708 3208 2760 ἵνα
3231 2705 3599 2775 πιστεύωμεν.
3637 2705 3724 2758 ὅτι

2124 2797 2311 2871 ὥσπερ
2338 2801 2424 2853 ἐπ’
2445 2801 2604 2854 αὐτὸν
2637 2798 2873 2871 κατῆλθε
2903 2798 2963 2851 τὸ
2992 2797 3215 2869 Πνεῦμα
3240 2796 3301 2851 τὸ
3331 2798 3507 2865 ἅγιον,
3533 2794 3722 2858 οὕτως

2124 2896 2217 2947 καὶ
2248 2893 2332 2963 ἐφ’
2361 2895 2509 2965 ἡμᾶς
2549 2894 2677 2955 τοὺς
2724 2894 2805 2956 είς
2851 2892 3015 2947 αὑτὸν
3082 2888 3535 2961 βαπτιζομένους.
3584 2883 3721 2941 Εἶτα

2128 2984 2599 3055 συναναστραφεὶς
2647 2987 2761 3048 τοῖς
2802 2983 3134 3056 ἀνθρώποις,
3178 2982 3279 3043 τάς
3321 2997 3379 3033 τε
3412 2979 3520 3033 τῶν
3554 2978 3718 3031 θείων

2126 3073 2294 3129 αὐτοῦ
2340 3073 2573 3128 ἐντολῶν
2603 3074 2883 3146 παραδοὺς
2927 3074 3190 3140 ἐκδόσεις,
3223 3071 3323 3135 τάς
3366 3089 3425 3124 τε
3471 3068 3574 3122 τῶν
3615 3086 3710 3139 ση-

2131 3168 2299 3238 μείων
2340 3166 2716 3238 ἐργασάμενος
2750 3164 3215 3238 θαυματουργίας,
3244 3164 3335 3216 ἐπὶ
3376 3160 3560 3233 τριετῆ
3583 3161 3709 3230 χρό-

2128 3278 2238 3325 νον,
2272 3260 2367 3314 καὶ
2411 3260 2673 3329 τετάρτου
2729 3258 3066 3330 ἀρξαμένου,
3112 3257 3288 3321 οὕτως
3336 3256 3430 3309 ἐπὶ
3475 3255 3536 3307 τὸ
3569 3254 3714 3323 ὑπὲρ

2129 3351 2287 3422 ἡμῶν
2349 3349 2597 3404 ἑκούσιον
2649 3350 2816 3403 αὑτοῦ
2879 3348 3191 3421 σωματικὸν
3244 3347 3465 3421 ἔρχεται
3511 3347 3714 3412 πάθοςο

2129 3448 2261 3516 ἡμῖν
2306 3445 2413 3517 γὰρ
2459 3442 2844 3515 κεχρεώστητο
2884 3439 3125 3511 τιμωρία
3168 3437 3442 3510 παυροῦο
3495 3437 3609 3490 ἀλλ’
3668 3441 3720 3490 εἰ

2131 3540 2334 3601 πάντες
2366 3535 2813 3607 ὲσταυρώθημεν,
2844 3532 2968 3586 οὔτε
2996 3533 3222 3595 ἑαυτοὺς
3250 3534 3314 3585 ἑκ
3347 3529 3442 3583 τοῦ
3480 3530 3720 3584 θανάτου

2132 3630 2377 3701 ἁρπάσαι
2423 3628 2744 3700 ἰσχύσαμεν.
2792 3645 2810 3680 ι
2861 3626 3216 3682 Ἐϐασίλευσε
3262 3622 3372 3694 γὰρ
3419 3625 3448 3676 6
3485 3622 3721 3683 θάνατος

2131 3725 2239 3777 ἀπὸ
2281 3722 2451 3793 Ἀδὰμ
2482 3722 2645 3793 μέχρι
2676 3720 2921 3782 Μωσέως
2946 3718 3041 3771 καὶ
3070 3716 3164 3770 ἐπὶ
3192 3717 3320 3778 τοὺς
3350 3714 3426 3786 μὴ
3455 3714 3719 3783 ἁμαρτή-

2135 3832 2355 3879 σαντας.
2389 3834 2408 3868 ι
2449 3813 2642 3867 Πολλοὶ
2677 3812 2844 3879 ἂγιοι,
2879 3809 3068 3864 πολλοὶ
3092 3810 3393 3879 προφῆται,
3418 3804 3604 3858 πολλοὶ
3641 3804 3718 3856 δί-

2134 3924 2281 3962 καιοι
2305 3923 2318 3937 '
2354 3907 2447 3959 καὶ
2479 3905 2656 3968 οὐδεὶς
2688 3903 2869 3957 αὐτῶν
2908 3902 3009 3971 τῆς
3053 3898 3149 3953 τοῦ
3190 3898 3423 3951 θανάτου
3465 3893 3723 3960 ἐξουσίας

2134 3997 2324 4051 ἑαυτὸν
2349 3997 2585 4067 ἠδυνήθη
2636 3994 3035 4066 λυτρώσασθαι.
3078 3991 3238 4045 Ἀλλά
3269 3987 3434 4063 ἦλθεν
3484 3988 3650 4051 αὐτὸς
3694 3991 3725 4042 6

2131 4088 2241 4143 τῶν
2265 4089 2484 4142 πάντων
2513 4086 2726 4157 Σωτὴρ,
2757 4086 2969 4149 καὶτὰς
2989 4086 3123 4155 ἡμῖν
3161 4079 3616 4153 χρεωστουμένας
3646 4095 3728 4131 τι·

2136 4181 2349 4252 μωρίας
2399 4181 2480 4243 είς
2511 4177 2609 4249 τὴν
2632 4179 2690 4244 ἐξ
2716 4177 2892 4247 ἡμῶν,
2916 4176 3031 4229 ἀνθ’
3052 4173 3232 4245 ἡμῶν,
3270 4172 3409 4243 ὑπὲρ
3430 4170 3586 4242 ἡμῶν
3630 4170 3726 4222 ἀν-

2135 4273 2450 4343 αμάρτητον
2483 4266 2649 4323 αὐτοῦ
2691 4267 2983 4332 ὑπεδέξατο
3039 4268 3238 4338 σάρκα.
3289 4261 3724 4333 Κατεφερὸμεθα

2139 4365 2276 4433 μετὰ
2308 4364 2397 4416 τὸν
2431 4361 2658 4415 θάνατον
2690 4362 2771 4425 είς
2790 4361 2880 4413 τὸν
2901 4359 3053 4431 ᾅδην·
3082 4356 3368 4423 ἀνεδέξατο
3407 4358 3502 4410 καὶ
3535 4354 3721 4414 τοῦτο.

452 4469 555 4507 non
592 4463 774 4508 tamen
829 4453 1102 4512 detentus,
1147 4445 1290 4502 sicut
1329 4451 1383 4497 et
1431 4458 1554 4506 nos,
1603 4444 1696 4496 sed
1749 4443 2027 4500 descendit

2135 4452 2226 4503 καὶ
2257 4449 2525 4519 κατῆλθεν
2553 4448 2817 4510 ἑκουσίως
2849 4447 3133 4510 είςαύτόν·
3163 4447 3225 4499 ού
3250 4443 3557 4514 κατηνέχθη
3586 4444 3723 4497 καθ-

452 4554 661 4599 tantum
688 4560 703 4609 ;
740 4557 847 4597 non
874 4542 1017 4595 enim
1047 4546 1167 4594 erat
1195 4534 1473 4601 subjectus
1501 4534 1687 4600 morti,
1716 4536 1809 4589 sed
1836 4536 2027 4589 mortis

451 4635 721 4687 dominus.
760 4632 1005 4699 Cumque
1040 4627 1186 4684 solus
1221 4624 1613 4692 descendisset,
1669 4644 1794 4684 cum
1843 4631 2028 4687 multis

453 4727 629 4779 rediit.
659 4724 790 4798 .lpse
817 4721 963 4777 enim
991 4731 1110 4793 erat
1156 4720 1438 4791 spirituale
1476 4737 1700 4791 granum
1744 4721 2024 4787 frumenti,

450 4819 594 4885 quod
627 4831 725 4885 pro
748 4815 905 4869 nobis
931 4815 1132 4868 cadens
1158 4813 1209 4865 in
1239 4822 1464 4880 terram,
1491 4825 1547 4871 et
1578 4830 1741 4870 carne
1766 4816 2026 4878 moriens,

453 4921 548 4973 per
580 4920 690 4961 suae
716 4903 1014 4959 divinitatis
1039 4903 1335 4972 potentiam
1384 4905 1659 4975 corporale
1691 4918 1847 4958 suum
1890 4911 2028 4958 tem-

455 4997 598 5066 plum
627 4995 910 5052 suscitavit
945 4996 1242 5051 secundum
1266 4994 1600 5066 Scripturas,
1639 4995 1871 5051 fructum
1900 4993 2029 5051 aﬁ'e-

456 5105 580 5145 rens
610 5087 774 5143 totius
812 5088 1034 5142 humani
1071 5088 1282 5158 generis
1313 5088 1789 5154 resurrectionem,
1829 5094 1882 5143 ei
1908 5095 2028 5157 post

450 5181 757 5237 triduanam
805 5182 1158 5250 sepulturam,
1204 5189 1260 5237 et
1310 5181 1538 5237 reditum
1578 5196 1645 5237 ex
1701 5181 1929 5237 mortuis
1958 5182 2024 5236 ad

454 5275 644 5337 vitam,
702 5288 969 5343 apparens
1013 5258 1311 5345 discipulis,
1365 5277 1601 5332 ostendit
1653 5276 1732 5331 eis
1789 5290 1920 5345 quas
1972 5276 2027 5329 in

452 5383 615 5420 cruce
667 5368 961 5436 pertulerat
1010 5369 1093 5423 sui
1151 5368 1394 5440 corporis
1444 5369 1745 5439 passiones,
1802 5370 2026 5424 dicens:

458 5478 477 5508 ι
512 5458 728 5528 Palpate
760 5475 864 5526 me,
908 5475 969 5515 ac
998 5461 1173 5515 videte
1204 5460 1345 5530 quod
1376 5474 1477 5529 ego
1505 5475 1625 5515 sum
1651 5460 1695 5492 "
1717 5501 1732 5524 ,
1766 5478 1785 5511 ι
1831 5459 1921 5528 qui
1950 5459 2029 5511 fa-

450 5552 539 5605 cio
580 5551 938 5618 admirabilia,
988 5555 1076 5624 qui
1121 5562 1176 5609 et
1222 5568 1321 5622 pro
1350 5564 1528 5608 vestro
1561 5569 1756 5623 genere
1785 5554 1836 5607 in
1865 5568 2030 5609 carne

523 5729 722 5786 "Luc.
752 5747 811 5798 ιι,
843 5730 933 5785 52.
1016 5732 1057 5763 ⁸³
1080 5729 1211 5787 Luc.
1251 5745 1310 5807 tt,
1348 5731 1399 5783 5.

2134 4544 2275 4613 άπερ
2339 4544 2523 4611 ἡμεῖς,
2557 4539 2692 4594 ἀλλὰ
2719 4541 2988 4611 κατῆλθεν
3011 4555 3025 4569 ο
3074 4539 3133 4591 οὒ
3178 4537 3287 4607 γὰρ
3322 4533 3390 4608 ἦν
3419 4535 3723 4604 ὑποκείμε-

2132 4649 2219 4693 νος
2254 4629 2330 4700 τῷ
2368 4630 2603 4698 θανάτῳ,
2636 4628 3155 4698 must-gamma;
3211 4625 3306 4679 τοῦ
3351 4626 3587 4679 θανάτου
3623 4625 3722 4677 καὶΙ

2135 4723 2297 4791 μόνος
2337 4722 2635 4788 κατελθὼν,
2673 4722 2813 4793 μετὰ
2854 4720 3092 4791 πλήθους
3140 4718 3490 4789 ἀνελήλυθεν.
3543 4715 3722 4778 Αὐτὸς

2133 4814 2242 4883 γὰρ
2270 4809 2337 4885 ἦν
2366 4815 2395 4865 6
2423 4813 2608 4883 νοερὸς
2639 4816 2837 4877 κόκκος
2862 4811 2956 4866 τοῦ
2995 4813 3166 4875 σίτου,
3190 4811 3220 4864 6
3250 4811 3393 4882 ὑπὲρ
3425 4813 3456 4881 ἠ
3467 4809 3584 4881 μῶν
3620 4827 3722 4861 πε-

2134 4904 2242 4957 σὼν
2270 4906 2350 4968 είς
2381 4904 2482 4974 τὴν
2530 4905 2653 4973 γῆν,
2698 4906 2793 4958 καὶ
2857 4903 3141 4957 ἀποθανὼν
3187 4904 3371 4974 σαρκὶ,
3418 4901 3477 4965 ὃς
3516 4904 3583 4971 τῇ
3615 4900 3722 4970 τῆς

2136 4994 2389 5065 θεότητος
2415 4994 2581 5049 αὑτοῦ
2612 4995 2837 5066 δυνάμει
2869 4997 3134 5065 ἀνέστησε
3162 4994 3253 5048 τὸν
3280 4994 3590 5065 σωματικὸν
3614 4993 3720 5044 αὑ-

2131 5090 2227 5143 τοῦ
2248 5090 2393 5154 ναδν,
2419 5089 2561 5143 κατά
2581 5090 2680 5153 τάς
2704 5089 2948 5161 Γραφάς,
2981 5088 3483 5160 καρποφορὴσαντα
3507 5084 3608 5155 τὴν
3621 5082 3720 5138 τοῦ

2135 5182 2337 5244 παντὴ
2379 5181 2723 5253 ἀνθρωπίνου
2766 5180 2959 5250 γένους
2991 5180 3311 5244 ἀνάστασιν,
3347 5178 3443 5231 καὶ
3484 5174 3722 5246 ἐμφανι-

2138 5294 2236 5341 σας
2266 5278 2380 5339 τοῖς
2416 5275 2684 5345 μαθηταῖς
2732 5276 2873 5345 μετά
2920 5274 3018 5345 τὴν
3068 5274 3368 5345 τριήμερον
3388 5272 3587 5343 ταφὴν,
3619 5268 3720 5323 καὶ⁵

2136 5370 2235 5439 τὴν
2261 5371 2324 5421 ὲκ
2353 5367 2561 5439 νεκρῶν
2586 5367 2904 5433 ἀναϐίωσιν,
2932 5366 3206 5431 ἐπέδειξεν
3234 5366 3416 5429 αὐτοῖς
3452 5363 3520 5417 τά
3550 5365 3610 5416 ὲν
3638 5362 3721 5433 τῷ

2139 5460 2359 5532 σταυρῷ
2390 5460 2483 5514 τοῦ
2516 5460 2773 5532 σώματος
2808 5458 2973 5513 αὐτοῦ
3004 5459 3174 5528 πάθη,
3217 5457 3387 5512 εἰπὼν
3412 5474 3426 5489 ’
3466 5475 3486 5509 r
3524 5454 3720 5526 Ψηλα-

2137 5556 2346 5624 φήσατέ
2376 5574 2464 5626 με,
2497 5556 2590 5609 καὶ
2624 5553 2784 5620 ἴδετε,
2819 5556 2902 5609 ὅτι
2930 5555 3094 5617 αὐτὸς
3126 5554 3240 5623 ἐγώ
3258 5556 3398 5625 εἰμι,
3441 5572 3462 5606 ι
3513 5554 3542 5606 6
3580 5556 3719 5605 θαυο

1480 5730 1525 5759 ⁸³
1550 5728 1780 5786 Buruch.
1820 5747 1901 5799 ιιι,
1930 5731 2018 5785 53.
2096 5731 2141 5765 ⁸⁸
2164 5732 2322 5786 Rotu.
2358 5747 2408 5795 ν,
2444 5731 2528 5787 H.
2604 5732 2648 5764 ⁸⁸
2674 5731 2803 5787 Luc.
2840 5747 2989 5798 xxnv,
3026 5731 3116 5785 '59.
