4072 6398
354 326 491 396 1305

1236 336 1606 399 HISTORIA
1643 335 1974 400 CONCILII
2018 340 2321 401 NICENI.
2364 366 2431 376 -
2472 343 2623 405 LIB.
2662 343 2746 403 II.

3478 322 3615 402 1306

354 443 701 515 ματουργῶν,
732 445 761 497 ό
800 444 894 500 καὶ
933 443 1002 499 τὰ
1045 445 1185 513 ὑπὲρ
1227 446 1321 500 τοῦ
1349 449 1627 520 ἡμετέρου
1661 451 1850 518 γένους
1880 452 1933 502 ἐν

2046 466 2163 504 mea
2197 451 2475 521 passiones
2501 453 2736 521 suscepi.
2776 451 2975 506 Deinde
3004 465 3100 522 per
3122 450 3236 505 dies
3259 449 3614 519 quadraginta

349 540 416 607 τῇ
443 536 606 607 σαρκί
643 553 745 607 μου
780 538 1217 608 καταδεξάμενος
1238 540 1403 609 πάθη.
1440 537 1575 594 Εἶτα
1610 543 1703 593 ἐπὶ
1738 558 1935 594 τεσσα-

356 629 590 698 ράκοντα
630 629 844 699 ἡμέρας
871 629 1314 699 συναυλιζόμενος
1343 632 1547 695 αὐτοῖς,
1588 633 1714 695 δούς
1741 650 1799 686 τε
1830 634 1930 686 αὑ-

351 722 464 781 τοῖς
516 720 797 788 σωτηρίων
848 720 1077 773 ὲντολῶν
1122 721 1427 793 ὑποθήκας,
1465 724 1797 795 ἀνελήλυθεν
1852 728 1931 788 είς

352 810 478 871 τοὺς
510 811 794 880 οὐρανοὺς.
845 810 1148 881 βλεπόντων
1202 814 1404 878 αὐτῶν,
1448 817 1506 867 ὲν
1550 814 1699 886 δεξιᾷ
1744 833 1804 869 τε
1837 816 1930 868 τοῦ

356 901 569 971 Πατρὸς
603 902 956 955 κεκαθικέναι
984 903 1147 956 αὑτὸν
1197 906 1246 955 οί
1288 894 1433 976 ἱεροὶ
1480 905 1725 970 ἐδίδαξαν
1760 907 1928 975 λόγοι.

360 995 457 1046 Ὃν
480 995 572 1045 καὶ
595 993 747 1063 ἥξειν
775 994 1167 1065 προσδοκῶμεν
1189 997 1280 1048 ἐπὶ
1307 996 1587 1068 συντελείᾳ
1611 997 1705 1050 τοῦ
1738 998 1935 1062 αἰῶνος

356 1086 538 1154 κρίναι
580 1083 788 1147 ζῶντας
835 1085 929 1137 καὶ⁵
964 1087 1212 1154 νεκροὺς,
1249 1086 1453 1151 ἀῖδίως,
1498 1086 1575 1150 ὡς
1604 1088 1689 1140 ἀεὶ
1720 1088 1933 1158 συμϐα-

358 1176 638 1229 σιλεύοντα
666 1177 743 1246 τῷ
776 1178 951 1249 Πατρὶ
971 1181 1052 1243 εἰς
1083 1180 1209 1243 τοὺς
1232 1181 1495 1251 ἀπείρους
1530 1181 1750 1245 αἰῶνας.
1784 1182 1933 1254 Αὕτη

358 1269 391 1336 ἠ
418 1269 518 1337 τῆς
565 1267 892 1336 Ἐκκλησίας
924 1269 1258 1338 ἁποστολικὴ
1286 1272 1382 1323 καὶ
1410 1269 1710 1340 ἀμώμητος
1729 1272 1932 1337 πίστις,

357 1360 546 1431 ἥντινα
578 1360 784 1414 ἄνωθεν
819 1360 948 1431 παρ’
1000 1360 1165 1415 αὑτοῦ
1195 1361 1291 1415 τοῦ
1320 1362 1530 1434 Κυρίου
1553 1363 1639 1417 διὰ
1668 1364 1777 1417 τῶν
1802 1366 1940 1418 ἀπο-

362 1451 562 1504 στόλων
609 1453 672 1504 ἐκ
706 1452 995 1523 προγόνων¹
1034 1454 1115 1516 εἰς
1163 1454 1427 1522 ἐκγόνους
1476 1456 1872 1527 παραδοθεῖσαν
1904 1460 1936 1528 ἡ

373 1543 669 1613 Ἐκκλησία
712 1542 1025 1613 πρεσὸεύει,
1068 1547 1163 1598 καὶ
1211 1545 1305 1599 νῦν
1348 1548 1444 1600 καὶ
1490 1548 1571 1611 είς
1602 1548 1690 1600 ἀεὶ
1736 1547 1942 1617 ταύτην

361 1640 571 1706 κρατεῖ,
604 1638 849 1700 εἰπόντος
890 1638 983 1691 τοῦ
1023 1640 1230 1711 Κυρίου
1281 1643 1396 1704 τοῖς
1431 1642 1699 1712 μαθηταῖς
1724 1657 1737 1671 '
1777 1661 1794 1692 ι
1833 1642 1941 1695 Πο-

2039 558 2263 596 versans
2293 557 2415 597 cum
2447 543 2546 608 eis,
2599 543 2921 610 tradensque
2956 542 3060 597 illis
3088 541 3343 595 salutaria
3375 552 3618 609 pnecep-

2040 642 2215 687 torum
2245 634 2491 704 pignora,
2535 635 2671 707 ipsis
2695 634 3001 689 videntibus
3026 635 3093 687 ad
3130 633 3296 687 caelos
3323 631 3502 695 rediit,
3533 643 3619 683 se-

2040 725 2276 793 dereque
2333 725 2480 778 illum
2537 726 2602 778 ad
2647 724 2823 779 Patris
2878 726 3121 779 dextram
3163 723 3305 777 sacri
3337 721 3483 775 Libri
3525 721 3620 774 de-

2042 826 2346 871 monstrant
2370 817 2436 870 ".
2475 817 2641 883 Quem
2670 826 2723 871 et
2752 818 2806 871 in
2836 817 2942 871 ﬁne
2972 816 3155 871 saaculi
3184 812 3613 881 adjudicaudum

2039 910 2191 965 vivos
2234 918 2288 963 et
2334 919 2576 965 mortuos
2621 920 2905 964 venturum
2948 918 3328 977 exspectamus
3376 922 3390 959 :
3430 905 3519 974 qui
3562 903 3614 956 in

2037 1013 2325 1068 mtcrnum,
2361 1012 2419 1055 ut
2448 1017 2662 1072 semper
2697 1017 2797 1054 una
2828 1016 2949 1055 cum
2974 999 3136 1054 Patre
3167 1006 3354 1067 regnat
3396 1010 3490 1065 per
3532 992 3616 1046 in-

2039 1094 2189 1147 ﬁnita
2224 1094 2438 1147 sa'cula.
2486 1094 2610 1148 llmc
2655 1103 2738 1148 est
2779 1092 3037 1147 Ecclesiae
3082 1090 3215 1144 ﬁdes
3243 1086 3532 1157 apostolica
3563 1095 3619 1137 et

2037 1184 2333 1253 inculpata,
2360 1200 2519 1254 quam
2549 1189 2780 1255 desuper
2804 1187 2870 1240 ab
2893 1186 3008 1255 ipso
3036 1183 3260 1238 Domino
3285 1196 3381 1249 per
3401 1186 3618 1249 aposto-

2039 1274 2139 1341 los,
2168 1285 2221 1330 et
2249 1291 2277 1329 a
2332 1276 2586 1331 Patribus
2611 1279 2675 1331 ad
2727 1278 2862 1333 ﬁlios
2898 1278 3148 1330 traditam
3192 1273 3426 1328 Ecclesia
3463 1270 3612 1331 colit,

2038 1379 2092 1423 et
2126 1372 2312 1436 usque
2346 1384 2489 1424 nunc
2532 1380 2586 1423 et
2623 1371 2677 1424 in
2728 1372 3114 1438 sempiternum
3152 1366 3366 1425 retinet,
3404 1364 3616 1418 dicente

2041 1460 2155 1515 suis
2178 1461 2457 1530 discipulis
2489 1462 2717 1517 Domino
2744 1480 2759 1517 :
2787 1479 2807 1515 t
2835 1461 3035 1515 Eunlcs
3062 1463 3247 1514 docete
3274 1471 3463 1510 omnes
3491 1468 3619 1522 geu-

2041 1561 2143 1615 tes,
2194 1554 2532 1623 baptizantes
2568 1569 2663 1609 eos
2719 1556 2771 1609 iu
2798 1555 3018 1609 nomine
3062 1551 3265 1613 Patris,
3292 1558 3349 1603 et
3370 1547 3523 1611 Filii,
3561 1554 3619 1596 ct

2042 1644 2284 1714 Spiritus
2310 1648 2483 1703 sancti
2500 1647 2568 1701 ".
2604 1666 2625 1701 ι

366 1731 645 1801 ρευθέντες
671 1732 1045 1805 μαθητεύσατε
1067 1736 1247 1790 πάντα
1280 1737 1347 1790 τὰ
1390 1736 1540 1807 ἔθνη,
1574 1736 1928 1808 βαπτίζοντες
1972 1740 2170 1806 αὐτοὺς
2194 1745 2275 1806 είς
2339 1745 2400 1796 τὸ
2425 1743 2597 1806 ὄνομα
2655 1741 2750 1797 τοῦ
2787 1739 3001 1813 [ἰατρὸς
3025 1740 3118 1794 καὶ
3144 1738 3235 1792 τοῦ
3257 1737 3387 1790 Υίοῦ
3409 1734 3501 1787 καὶ
3523 1729 3615 1785 τοῦ

363 1826 519 1894 ἁγίου
551 1828 886 1897 Πνεύματος.
931 1848 951 1881 ι

939 1923 1191 1979 ΚΕΦΑΛ.
1232 1925 1362 1982 KA'.
1764 1916 1789 1935 ³

359 2033 499 2102 Περὶ
544 2032 650 2102 τῆς
704 2033 822 2087 τῶν
875 2035 1152 2103 Πατέρων
1205 2037 1544 2106 ὁμοφωνίας
1585 2037 1700 2107 τῆς
1746 2042 1834 2107 εὶς
1869 2042 1937 2095 τὸ

973 2109 1318 2174 ὁμοούσιον.

428 2210 648 2267 Τούτων
687 2214 859 2280 οὕτως
890 2216 995 2270 ὑπὸ
1026 2215 1122 2270 τοῦ
1156 2217 1310 2285 ἁγίου
1355 2219 1674 2289 Πνεύματος
1712 2221 1801 2275 διὰ
1833 2221 1942 2275 τῶν

356 2304 530 2372 ἁγίων
552 2308 584 2377 ή
594 2306 710 2375 μῶν
741 2309 1018 2378 Πατέρων,
1038 2308 1146 2362 τῶν
1177 2312 1235 2361 ἐν
1263 2310 1447 2380 ἐκείνῃ
1478 2314 1543 2381 τῇ
1576 2311 1708 2382 ἁγίᾳ
1739 2313 1941 2382 συνόδῳ

361 2396 814 2468 συνειλεγμένων,
844 2399 1292 2469 ὲκφωνηθέντων,
1326 2402 1631 2470 ἐμεγάλυνε
1671 2403 1763 2455 τὸν
1808 2404 1943 2456 Θεὸν

358 2485 501 2541 ἅπαν
540 2488 601 2540 τὸ
640 2489 841 2559 πλῆθος
864 2490 1058 2551 ἐκεῖνο,
1097 2492 1157 2544 τὸ
1191 2492 1271 2551 είς
1310 2493 1408 2560 τὴν
1432 2493 1696 2562 ἀκρόασιν
1725 2494 1941 2565 ἐκείνην

358 2575 631 2634 συνελθόν.
671 2582 1009 2652 Ἐπηκροᾶτο
1041 2582 1097 2635 δὲ
1134 2584 1229 2635 καὶ
1259 2583 1422 2647 αὐτὸς
1456 2586 1484 2636 ὁ
1530 2583 1943 2652 θεοφιλέστατος

360 2670 632 2737 βασιλεὺς,
666 2673 969 2743 συμπαρὼν
997 2674 1090 2726 καὶ
1115 2675 1276 2738 αὐτὸς
1319 2674 1388 2727 τὰ
1439 2674 1667 2728 πλεῖστα
1702 2679 1767 2747 τῇ
1811 2694 1940 2729 συν-

358 2761 487 2832 ὁδῳ·
522 2764 616 2816 καὶ
682 2764 1114 2835 ὑπεραγασθεὶς,
1139 2765 1354 2830 ἐδόξαζε
1382 2766 1474 2819 τὸν
1504 2766 1659 2831 Θεὸν,
1681 2768 1939 2822 τοιούτων

346 2851 669 2915 «ἐπακούσας
697 2853 858 2908 θείων
885 2853 1194 2925 δογμάτων,
1219 2857 1424 2928 χαίρων
1451 2857 1588 2926 δῆτα
1610 2859 1701 2910 ἐπὶ
1728 2862 1794 2930 τῇ
1830 2859 1938 2912 τῶν

358 2945 641 3015 ἡμετέρων
668 2946 980 3000 ἐπισκόπων
1006 2950 1314 3019 συμφωνίᾳ,
1346 2949 1643 3019 ἡγαλλιᾶτο
1672 2950 1750 3020 τῷ
1775 2950 1940 3004 πνεύ-

360 3052 528 3104 ματι·
569 3037 797 3091 ἔσπευδε
829 3039 938 3108 γὰρ
979 3039 1208 3109 μηδένα,
1254 3041 1330 3112 μὴ
1382 3043 1582 3111 μέγαν,
1627 3044 1702 3112 μὴ
1742 3043 1939 3113 μικρὸν

353 3124 691 3195 διαφωνῆσαι
725 3125 929 3198 ταύτης
966 3128 1065 3203 τῆς
1106 3130 1376 3200 σωτηρίου
1424 3126 1737 3200 όμολογίαςζ
1785 3133 1939 3186 Μετὰ

354 3214 484 3283 γοῦν
513 3214 610 3285 τὴν
638 3217 835 3287 πολλὴν
864 3218 1067 3287 ταύτην
1099 3221 1193 3272 καὶ
1227 3220 1449 3289 χρονίαν
1488 3221 1588 3290 τῆς
1620 3239 1935 3293 προσκυνη-

2636 1924 2792 1982 CAP.
2831 1924 3022 1979 XXIV.

2184 2040 2264 2097 De
2290 2042 2523 2095 omnium
2562 2056 2817 2096 consensu
2845 2042 2984 2095 circa
3012 2037 3478 2093 consttbstanliale.

2115 2214 2209 2270 llis
2272 2214 2376 2269 hoc
2441 2217 2601 2268 modo
2649 2228 2680 2267 a
2739 2222 2928 2267 sancto
2987 2211 3189 2280 Spiritu
3241 2226 3336 2280 per
3397 2215 3618 2264 sanctos

2043 2306 2235 2361 Patres
2266 2317 2482 2359 nostros
2504 2305 2555 2358 in
2592 2320 2745 2358 sacra
2776 2304 2864 2357 illa
2896 2305 3100 2372 synodo
3130 2303 3406 2363 collectos,
3447 2300 3616 2368 expli-

2043 2396 2198 2458 catis,
2228 2395 2610 2465 magniﬁcabat
2641 2393 2807 2448 Deum
2832 2405 2938 2447 t0ta
2963 2394 3052 2447 illa
3078 2392 3382 2453 multitudo,
3409 2405 3528 2458 quae
3549 2388 3617 2442 ad

2044 2487 2374 2541 auditionem
2413 2484 2557 2537 illam
2586 2495 2933 2538 convenerat.
2964 2481 3321 2536 Ausi-uitabat
3353 2491 3527 2533 autem
3564 2489 3619 2532 et

2044 2578 2159 2646 ipse
2184 2576 2291 2631 Deo
2310 2575 2729 2629 amabilissimus
2752 2591 2869 2639 rex,
2902 2576 2992 2644 qui
3019 2586 3073 2627 ut
3102 2574 3386 2643 pluritnum
3434 2575 3622 2627 aderat

2042 2669 2268 2740 synodo,
2313 2678 2369 2722 et
2429 2667 2852 2755 atlmirabupdus
2927 2668 3183 2721 laudabat
3242 2668 3428 2728 Deum,
3496 2679 3617 2718 cum

2043 2760 2226 2816 divina
2292 2762 2406 2816 haec
2474 2761 2713 2815 audisset
2789 2761 3086 2828 dogmata;
3145 2768 3197 2812 et
3250 2760 3488 2829 gaudens
3552 2757 3619 2809 de

2043 2862 2349 2907 nostrorum
2393 2852 2766 2920 episcopormn
2800 2852 3109 2916 concordia,
3156 2850 3462 2929 essultaltat
3503 2850 3618 2917 Spi-

2044 2946 2148 2998 ritu
2176 2963 2189 2998 :
2222 2946 2471 2999 studebat
2496 2945 2641 2998 enim
2674 2943 2944 2997 neminem
2980 2958 3153 3010 neque
3202 2956 3484 3010 maguum,
3521 2954 3620 2992 ne-

2042 3049 2147 3103 que
2200 3051 2429 3106 parvum
2475 3035 2542 3090 ab
2595 3034 2695 3088 hac
2734 3034 3075 3088 confessione
3121 3032 3429 3085 dissentire.
3492 3029 3621 3083 Post

2042 3128 2256 3196 longam
2314 3126 2477 3196 igitur
2506 3134 2669 3194 atque
2725 3126 3032 3179 diuturnam
3108 3123 3265 3191 hujus
3324 3120 3617 3172 adoranda:

2043 3214 2500 3271 Considerationis
2530 3213 2942 3284 plenitudinem,
2975 3213 3148 3265 visum
3180 3221 3264 3265 est
3293 3208 3455 3264 siuml
3499 3224 3619 3261 om-

352 3305 453 3373 τῆς
505 3305 752 3374 σκέψεως
808 3306 1192 3379 ἐκπλήρωσιν,
1240 3309 1387 3376 ἔδοξε
1434 3313 1599 3365 πᾶσιν
1648 3312 1783 3382 ὁμοῦ
1827 3314 1933 3375 τοῖς

2047 3306 2205 3361 nibus
2251 3305 2469 3371 nostris,
2510 3305 2975 3359 consubstantiale
3027 3306 3078 3356 iu
3113 3302 3482 3359 ecclesiastica
3518 3304 3620 3356 lide

353 3396 670 3465 ἡμετέροις,
705 3396 765 3449 τὸ
805 3398 1091 3468 ὀμοούσιον
1120 3399 1228 3452 δεῖν
1266 3400 1555 3472 ὁρίσασθαι
1587 3402 1680 3455 ἐπὶ
1714 3403 1812 3473 τῆς
1841 3404 1936 3456 ὲκ-

353 3488 745 3559 κλησιαστικῆς
785 3489 1018 3555 πίστεως
1057 3490 1118 3544 ὃν
1160 3492 1362 3561 τρόπον
1406 3493 1499 3545 καὶ
1529 3495 1579 3546 oi
1633 3494 1772 3564 μετὰ
1810 3495 1936 3556 τοὺς

355 3580 685 3642 ἀποστόλους
720 3579 864 3648 ἆγιοι
898 3581 1055 3649 ἡμῶν
1084 3583 1330 3652 Πατέρες
1378 3584 1585 3653 ταύτην
1630 3588 1936 3657 παρέδοσαν

353 3671 450 3741 τὴν
478 3671 683 3731 πίστιν.
718 3670 863 3724 τοῦτ’
896 3671 1013 3724 ἔστι
1035 3676 1133 3741 τῆς
1164 3675 1335 3744 αὐτῆς
1365 3676 1552 3739 οὐσίας
1587 3678 1685 3747 τῆς
1708 3678 1799 3731 τοῦ
1824 3680 1936 3731 Ilot-

350 3762 477 3831 τρδς
508 3762 790 3832 ὁμολογεῖν
834 3761 924 3815 τὸν
977 3763 1104 3816 Υἱὶν
1139 3766 1231 3817 καὶ
1266 3766 1325 3818 τὸ
1367 3767 1592 3836 Πνεῦμα
1639 3768 1700 3820 τὸ
1755 3768 1931 3837 ἅγιον.

352 3858 579 3911 ’Ἢντινα
614 3858 797 3911 πίστιν
827 3859 1029 3922 πάντες
1059 3860 1108 3912 οί
1138 3861 1196 3911 ὲν
1228 3862 1292 3929 τῇ
1342 3860 1595 3913 Νικαέων
1645 3862 1932 3933 συναθροιη

352 3950 573 4012 σθέντες
602 3948 747 4017 ἆγιοι
788 3950 1080 4003 ἐπίσκοποι
1111 3950 1470 4017 ἐϐεϐαίωσαν,
1498 3952 1558 4005 τό
1606 3970 1666 4005 τε
1697 3954 1803 4006 τῶν
1854 3955 1933 4006 ἱε-

353 4039 594 4109 ρατικῶν
623 4040 717 4092 καὶ
750 4039 1101 4109 όμολογητῶν
1153 4041 1363 4111 ἀνδρῶν
1409 4041 1635 4109 πλῆθος,
1682 4042 1845 4105 αὑτός
1873 4060 1933 4095 τε

344 4122 380 4183 ’ὁ
409 4130 765 4201 πανεύφημος
798 4132 892 4184 καὶ
918 4132 1331 4201 θεοφιλέστατος
1361 4133 1633 4203 βασιλεὺς,
1666 4136 1760 4187 καὶ
1785 4134 1931 4189 ἅπαν

348 4220 410 4273 τὸ
452 4223 635 4275 ἐκεῖσε
680 4222 787 4275 τῶν
819 4222 1026 4276 πιστῶν
1059 4223 1415 4294 συνεληλυθὸς
1456 4225 1677 4289 πλῆθος,
1710 4226 1930 4296 χαίρον-

347 4329 438 4375 τες
490 4312 817 4384 ᾁπεδέξαντο
849 4312 948 4385 τὴν
985 4314 1276 4384 ὁμολογίαν
1322 4317 1421 4387 τῆς
1470 4316 1724 4382 πίστεως,
1784 4334 1929 4387 παρ.

347 4404 505 4466 ικτδς
537 4404 904 4457 ἑπτακαίδεκα
933 4406 1247 4459 ἐπισκόπων
1282 4406 1374 4461 τὸν
1413 4407 1665 4478 ἀριθμὸν,
1708 4409 1836 4479 περὶ
1855 4401 1929 4461 ὧν

347 4497 443 4549 καὶ
466 4497 725 4566 ἀνωτέρω
748 4497 1053 4567 εἰρήκαμεν
1080 4514 1094 4527 ·
1124 4492 1204 4561 οἷς
1224 4500 1254 4551 ὁ
1286 4499 1503 4569 ’Ἄρειος
1533 4498 1930 4569 ἐπιτέρπεσθαι

346 4587 540 4651 δοκῶν,
578 4589 674 4642 σὺν
703 4590 884 4651 αὐτοῖς
918 4588 1081 4653 ἑάλω,
1118 4588 1427 4658 συμφώνοις
1461 4591 1610 4660 αὐτῴ
1651 4587 1794 4657 οὖσι,
1843 4592 1930 4644 λε-

345 4680 550 4748 γόντων
571 4680 751 4733 αὐτῶν
777 4679 874 4733 σὺν
904 4679 1072 4749 αὐτῷ,
1095 4679 1292 4744 ἔξωθεν
1321 4684 1410 4736 τὸν
1445 4684 1573 4736 Υίδν
1605 4684 1929 4755 δεδημιουρ-

346 4769 551 4838 γῆσθαι
580 4769 657 4839 τῷ
688 4768 808 4840 Θεῷ
837 4771 902 4823 ἐκ
936 4770 1010 4840 μὴ
1038 4769 1207 4823 ὄντων
1236 4773 1397 4826 τινῶν
1425 4775 1797 4839 ὑποστάσεων,
1824 4777 1923 4829 καὶ

346 4861 447 4914 οὐκ
475 4862 569 4914 ἀπ’
596 4862 767 4933 αὐτῆς
795 4863 894 4932 τῆς
924 4863 1017 4915 τοῦ
1048 4865 1258 4935 [ἰατρὸς
1289 4865 1539 4935 θεότητος
1576 4864 1927 4935 γεννηθέντα.

921 4976 1170 5031 ΚΕΦΑΛ.
1224 4974 1353 5029 KE'.

346 5083 541 5137 Ὅπου
566 5083 683 5138 ὑπὸ
709 5086 814 5139 ⁴τοῦ
835 5086 1038 5140 κοινοῦ
1066 5087 1174 5153 τῆς
1199 5074 1466 5141 συνόδου
1496 5088 1920 5154 ἐκκηρύττεται

558 5156 591 5205 ὀ
629 5156 854 5223 ἀσεϐὴς
878 5158 1126 5225 Ἄρειος,
1160 5158 1259 5210 καὶ
1285 5160 1340 5209 οἱ
1369 5157 1491 5211 σὺν
1516 5154 1694 5224 αὐτῷ.

418 5264 508 5317 Διὸ
540 5267 915 5337 ὲκκηρύκτους
944 5268 1144 5330 αὐτοὺς
1181 5268 1277 5320 καὶ
1318 5263 1475 5330 αὖθις
1528 5268 1783 5335 γενέσθαι
1824 5270 1923 5323 σὺν

357 5356 553 5430 Ἀρείῳ
582 5359 682 5428 τῆς
715 5359 1009 5430 καθολικῆς
1045 5359 1388 5429 Ἐκκλησίας,
1422 5360 1687 5431 παμψηφὶ
1721 5362 1922 5426 πάντες

345 5447 394 5500 οἱ
430 5448 574 5515 ἅγιοι
614 5449 771 5521 ἡμῶν
814 5450 1053 5521 Πατέρες
1084 5451 1371 5521 ὡρίσαντο,
1419 5451 1919 5522 ἀναθεματίσαντες

344 5537 542 5603 αὐτούς
560 5556 618 5593 τε
645 5539 739 5594 καὶ
756 5539 853 5609 τὴν
870 5540 1040 5611 ἀσεϐῆ
1062 5540 1242 5594 αὐτῶν
1261 5537 1438 5604 δόξαν,
1466 5540 1558 5594 καὶ
1578 5541 1647 5594 τὰ
1672 5543 1914 5613 ῥήματα,

414 5695 460 5727 ⁸⁷
484 5696 602 5749 Act.
636 5712 671 5759 ι,
706 5696 792 5749 5-1
816 5696 869 5749 is
942 5696 983 5727 ⁵⁸
1009 5696 1195 5750 .‘tiattlt.
1230 5713 1419 5763 xxvm,
1458 5698 1539 5761 1‘),
1573 5700 1666 5757 '29.

2044 3398 2257 3453 deﬁniri
2288 3407 2558 3466 oportere,
2595 3398 2660 3449 ad
2682 3397 2939 3449 eumdem
2978 3396 3193 3450 modum
3245 3412 3350 3464 quo
3400 3407 3455 3450 et
3500 3405 3621 3465 post

2043 3488 2317 3559 apostolos
2349 3489 2517 3544 sancti
2548 3488 2736 3543 Patres
2781 3488 2949 3542 nostri
3000 3488 3157 3543 ﬁdem
3193 3490 3332 3543 lianc
3370 3487 3612 3541 tradide-

2046 3589 2188 3646 rant,
2221 3584 2323 3636 ltoc
2354 3590 2456 3644 est,
2491 3580 2734 3635 conliteri
2760 3578 2955 3633 Filium
2988 3590 3042 3633 et
3068 3578 3328 3648 Spiritum
3363 3587 3617 3633 sanctum

2042 3675 2285 3742 ejusdem
2323 3673 2637 3727 substantia:
2668 3687 2788 3726 cum
2819 3671 2999 3724 Patre.
3027 3669 3196 3736 Quam
3236 3668 3394 3723 ﬁdem
3427 3684 3618 3722 omnes

2039 3767 2234 3821 Nicaeae
2273 3763 2584 3834 congregati
2612 3763 2782 3817 sancti
2813 3761 3049 3830 episcOpi
3087 3762 3505 3821 conﬁrmarunt,
3558 3768 3615 3810 et

2044 3869 2152 3914 tota
2189 3872 2472 3913 sacrorum
2504 3865 2557 3909 et
2603 3854 2974 3909 conﬁtentium
3024 3853 3258 3906 virorqu
3307 3851 3613 3914 multitudo,

2040 3961 2096 4007 et
2132 3952 2247 4020 ipse
2280 3949 2685 4003 landatissimus
2735 3956 2789 4000 et
2832 3945 2942 4000 Deo
2994 3944 3378 3999 dilectissimus
3418 3958 3529 4008 rex,
3562 3953 3618 3996 et

2042 4054 2152 4098 tota
2186 4041 2421 4098 ﬁdelium
2460 4055 2579 4110 quae
2632 4038 2742 4093 illic
2764 4045 3095 4092 convenerat
3135 4035 3443 4098 multitudo,
3480 4051 3615 4102 gau-
3672 4021 3693 4032 ’

2040 4139 2229 4193 dentes
2252 4136 2395 4189 hanc
2424 4133 2546 4187 ﬁdei
2576 4132 2969 4188 confessionem
3011 4138 3389 4198 susceperunt,
3421 4138 3618 4197 prmter

2039 4225 2430 4297 septemdecim
2464 4224 2837 4293 episcoporum
2865 4237 3176 4285 numerum,
3220 4221 3284 4274 de
3306 4221 3501 4289 quibus
3522 4236 3616 4271 su-

2040 4335 2134 4389 pra
2160 4319 2322 4373 etiam
2348 4317 2587 4371 diximus
2615 4332 2628 4368 :
2674 4316 2874 4385 quibus
2904 4330 3023 4369 cum
3050 4313 3307 4369 delectari
3344 4314 3507 4368 Arius
3538 4314 3617 4365 vi-

2040 4413 2278 4474 deretur,
2308 4414 2586 4464 convictus
2611 4418 2695 4463 est
2718 4424 2837 4461 cum
2877 4407 3007 4476 ipsis
3033 4407 3081 4460 ei
3128 4406 3615 4481 consentientibus,

2040 4503 2283 4572 quicum
2305 4517 2371 4556 eo
2393 4501 2712 4556 asserebant
2761 4503 3005 4554 exterius
3032 4498 3232 4551 factum
3280 4513 3400 4552 esse
3450 4515 3477 4548 a
3509 4496 3616 4549 Duo

2040 4592 2229 4647 Filium
2257 4607 2320 4649 ex
2345 4592 2668 4662 quibusdam
2694 4591 3011 4646 Substantiis
3036 4606 3139 4644 non
3176 4591 3536 4655 exstantibus,
3564 4601 3617 4642 et

2037 4701 2141 4740 non
2166 4699 2232 4741 ex
2258 4685 2375 4755 ipsa
2399 4684 2574 4739 Patris
2599 4684 2883 4739 divinitate
2906 4683 3151 4753 genitura
3187 4682 3373 4737 fuisse.

2636 4968 2788 5025 CAP.
2849 4967 3018 5026 XXV.

2033 5083 2308 5150 Quomodo
2347 5084 2417 5138 ab
2461 5083 2702 5136 universa
2739 5083 2939 5151 synodo
2978 5081 3462 5134 cxcommuuicalur
3507 5082 3611 5135 ἱοην

2361 5156 2478 5222 pius
2502 5153 2684 5215 Arius,
2710 5162 2756 5205 et
2783 5152 2870 5221 qui
2898 5167 3015 5204 cum
3037 5152 3130 5203 illo
3164 5159 3337 5205 erant.

2101 5265 2391 5334 Propterea
2432 5280 2621 5318 rursus
2667 5273 2821 5317 extra
2855 5262 3098 5316 ecclesia:
3134 5261 3417 5315 catholica:
3450 5275 3607 5314 com-

2029 5355 2341 5409 muniouem
2392 5353 2515 5421 pelli
2562 5368 2657 5408 eos
2705 5368 2828 5407 cum
2874 5352 3004 5405 Ario
3046 5351 3298 5406 omnibus
3335 5349 3605 5419 suﬁragiis

2025 5448 2198 5503 sancti
2236 5446 2427 5502 Patres
2464 5446 2631 5503 nostri
2670 5447 3024 5510 deﬁnierunt,
3073 5444 3606 5499 anathematizantes

2026 5542 2203 5611 ipsos,
2255 5550 2310 5597 et
2343 5540 2559 5610 impiam
2622 5539 2860 5609 ipsorum
2920 5536 3271 5608 opinionem,
3325 5546 3381 5592 et
3440 5536 3606 5592 vctba
