4072 6392
283 324 450 447 .1303

1194 323 1562 385 HISTORIA
1601 323 1931 387 CONCILII
1970 321 2277 384 NICENI.
2308 347 2379 357 —
2414 323 2562 383 LIB.
2606 323 2689 384 II.

3435 323 3568 388 1310

310 442 439 503 τοὺς
459 438 735 500 τοιούτους
763 433 1148 505 ἀναθεματίζει
1178 438 1212 507 ἡ
1245 435 1509 507 καθολικὴ
1538 437 1633 488 καὶ
1662 437 1893 489 ἀποστο-

2004 435 2166 490 nostri
2202 436 2415 498 Patres.
2446 435 2734 492 orthodoxi
2769 437 3002 508 episcopi
3036 457 3051 493 :
3085 437 3318 506 primum
3348 438 3567 508 quidem

311 531 435 601 λικὴ
478 529 795 598 Ἐκκλησία.
860 527 1007 595 Δῦτη
1045 528 1192 579 ἐστὶν
1225 528 1257 597 η
1288 526 1489 590 πίστις,
1539 528 1607 596 ἢν
1641 526 1887 589 ἐξέθεντο

312 625 362 676 οἱ
394 623 451 675 ἐν
483 622 690 690 Νικαίᾳ
736 618 881 685 ἅγιοι
912 618 1070 688 ἡμῶν
1104 618 1345 687 Πατέρες
1373 617 1423 669 οι
1456 615 1728 687 όρθόδοξοι
1765 616 1889 667 ἐπί-

314 728 541 771 σκοποι·
584 710 799 781 πρῶτον
854 710 954 780 μὲν
1004 709 1147 761 κατὰ
1179 707 1391 779 ’Δρείου
1439 706 1890 778 βλασφημοῦντος

315 804 408 855 καὶ
438 802 688 867 λέγοντος
735 799 941 869 κτίσμα
983 800 1075 852 τὸν
1108 800 1236 853 Υίὸν
1285 800 1379 853 τοῦ
1409 800 1567 863 Θεοῦ,
1616 803 1710 853 καὶ
1746 800 1892 854 κατὰ

282 963 293 970 ο
315 891 606 945 Σιϐελλίου
650 908 708 943 τε
749 891 844 944 καὶ
892 890 1183 955 Φωτεινοῦ,
1218 891 1311 943 καὶ
1345 890 1557 944 Παύλου
1587 890 1678 944 τοῦ
1714 890 1892 962 Σαμοιι

319 984 546 1048 σατέως,
583 982 679 1035 καὶ
717 983 1041 1051 Μανιχαίου,
1068 982 1162 1035 καὶ.
1212 982 1569 1036 Οὐαλεντίνου
1610 985 1702 1036 καὶ
1732 982 1892 1053 Μαρ-

319 1074 533 1136 κίωνος,
556 1074 651 1125 καὶ
679 1073 821 1126 κατὰ
843 1073 1023 1142 πάσης
1065 1074 1121 1125 δὲ
1152 1074 1437 1145 αἱρέσεως,
1473 1074 1594 1143 ἥτις
1622 1076 1890 1145 ἐπανέστη

317 1168 383 1236 τῇ
415 1163 678 1233 καθολικῇ
733 1163 828 1216 καὶ
875 1163 1207 1235 ἀποστολικῇ
1255 1164 1585 1235 Ἐκκλησίαο
1628 1162 1723 1227 οὒς
1758 1179 1890 1218 κατ-

320 1256 536 1324 έκρινεν
585 1255 618 1323 ἡ
668 1256 728 1306 ἐν
780 1256 844 1323 τῇ
909 1254 1164 1306 Νικαέων
1223 1252 1376 1306 πόλει
1437 1254 1750 1324 συνηγμένη
1785 1254 1893 1307 τῶν

322 1347 491 1414 ἁγίων
521 1345 819 1417 όρθοδὸξων
853 1344 1087 1407 σύνοδος,
1137 1338 1211 1398 ὧν
1241 1348 1309 1400 τὰ
1346 1348 1607 1416 ὀνόματα,
1638 1346 1731 1398 καὶ
1782 1344 1893 1397 τῶν

324 1438 603 1506 ἐπαρχιῶν
633 1436 835 1501 αὐτῶν,
878 1436 1029 1488 ἐστὶν
1065 1436 1499 1506 ὑποτεταγμένα.
1542 1435 1895 1505 ’Δναφέρεται

323 1529 502 1581 τοίνυν
537 1530 630 1581 ἐπὶ
663 1530 755 1579 τὸν
803 1527 1002 1597 εὐσεϐῆ
1040 1528 1132 1580 καὶ
1184 1525 1541 1596 πανεύφημον
1576 1526 1801 1597 βασιλέα
1829 1526 1897 1578 τὰ

324 1620 431 1674 ὑπὸ
460 1622 556 1690 τῆς
582 1620 798 1673 συνόδου
823 1619 1143 1691 κεκριμένα,
1172 1619 1207 1689 ἦ
1235 1636 1292 1671 τε
1318 1619 1458 1672 κατὰ
1483 1620 1589 1672 τῶν
1612 1617 1897 1687 θεομάχων

324 1712 617 1781 ἀπόφασις,
647 1712 795 1781 καὶὴ
830 1712 927 1781 τῆς
958 1710 1239 1782 ὀρθοδόξου
1275 1709 1516 1773 πίστεως
1551 1708 1764 1771 ἔκθεσις
1784 1723 1799 1738 ·
1830 1708 1899 1777 ῆν

322 1800 398 1861 ὡς
432 1800 613 1852 θεόθεν
638 1798 1057 1869 προενεχθςϊσαν
1082 1799 1336 1867 ἁσμένως
1366 1797 1728 1870 προσεδέξατο
1761 1798 1898 1866 μετᾶ

324 1890 582 1960 πλείστης
621 1892 752 1959 ὅσης
781 1888 1243 1958 σεϐασμιότητος·
1286 1890 1413 1952 τοὺς
1459 1888 1516 1941 δὲ
1543 1887 1751 1958 ταύτης
1800 1905 1899 1940 πο-

323 1979 564 2047 λεμίους,
605 1978 680 2041 ὡς
710 1979 805 2032 an
849 1979 968 2049 Θεῷ
994 1977 1475 2049 ἐναντιουμένους,
1512 1979 1729 2049 ὲξορίαν
1759 1979 1894 2031 ὐπο-

325 2068 515 2137 στῆναι
543 2066 857 2137 ψηφίζεται.
902 2068 1001 2132 Ἐξ
1041 2070 1221 2121 τοίνυν
1268 2070 1332 2122 ὲκ
1374 2069 1483 2121 τῶν
1517 2070 1652 2139 μετὰ
1687 2068 1899 2139 ’Ᾱρείοθυ

322 2158 642 2212 ἐπισκόπων
693 2161 790 2213 σὺν
841 2160 991 2229 αὐτῷ
1032 2160 1229 2229 Ἀρείῳ
1268 2160 1504 2222 καὶτοῖς
1553 2159 1683 2230 περὶ
1737 2160 1900 2213 αὐτὸν

326 2248 729 2317 συναποστῆναι
757 2246 1067 2317 ἠνέσχου-ἵ».
1101 2248 1165 2299 Οἱ
1191 2246 1246 2299 δὲ
1269 2247 1378 2317 γὰρ
1405 2246 1598 2300 ⁴ιῖνδιιικα
1627 2248 1901 2311 δείσαντες

321 2335 416 2389 τοῦ
445 2354 505 2389 τε
558 2336 837 2405 θεοφιλοῦς
871 2337 1135 2407 βασιλέως
1163 2338 1262 2409 τὴν
1296 2339 1620 2407 παρουσίαν,
1664 2339 1761 2390 καὶ
1802 2340 1901 2407 τῆς

326 2428 548 2481 συνόδου
600 2428 708 2481 τῶν
763 2429 1078 2480 ἐπισκόπων
1103 2429 1165 2480 τὸ
1210 2427 1433 2497 πλῆθος,
1485 2428 1558 2498 μὴ
1588 2427 1905 2497 ἐξοστρακι-

326 2520 525 2582 σθεῖεν,
549 2520 971 2591 ὑποκρινάμενοι
995 2519 1402 2588 ὑπογράφουσιν
1418 2520 1497 2581 εἰς
1516 2520 1575 2572 τὸ
1593 2519 1899 2589 ὁμοούσιον,

324 2612 487 2680 χειρὶ,
537 2611 599 2663 οὐ
633 2609 911 2679 προθέσει.
954 2608 1172 2677 Ταύτης
1193 2608 1292 2676 τῆς
1323 2606 1583 2669 ὐπουλίας
1613 2605 1841 2678 ἔξαρχος
1879 2609 1907 2660 ὀ

326 2701 693 2770 Νικομηδείας
727 2701 1007 2763 Εὐσέϐιος,
1048 2701 1107 2763 ὃς
1143 2699 1236 2753 καὶ
1273 2698 1438 2768 μέχρι
1470 2698 1659 2762 τέλους
1686 2699 1907 2753 δείκνυ-

326 2808 417 2844 ται
450 2794 514 2861 τῇ
562 2791 646 2860 ἐφ’
694 2792 932 2862 ἑκάτερᾳ
970 2789 1312 2859 κεχρημένος
1359 2787 1572 2860 γνώμῃ,
1609 2787 1755 2842 καθὰ
1803 2789 1909 2842 Eti-

331 2881 547 2943 σταθιός
593 2897 653 2932 τε
687 2881 715 2933 ὀ
758 2881 856 2951 τῆς
898 2879 1235 2949 Ἀντιοχέων,
1283 2877 1381 2931 καὶ
1412 2878 1671 2942 Εὐσέϐιος
1698 2880 1726 2931 ὁ
1755 2880 1911 2948 Παμ-

329 2971 504 3038 φίλου,
553 2970 865 3034 Ἀθανάσιός
895 2987 953 3023 τε
982 2973 1010 3024 ό
1037 2970 1232 3040 μέγας,
1265 2972 1362 3025 καὶ
1411 2971 1612 3033 πάντες
1646 2972 1694 3023 οἱ
1717 2972 1786 3025 τὰ
1814 2973 1912 3042 τῆς

331 3062 548 3115 συνόδου
581 3063 1027 3132 συγγραψάμενοι
1061 3062 1398 3130 διηγοῦνται.
1435 3061 1512 3131 Τῇ
1548 3061 1658 3131 (19)
1685 3078 1745 3114 τε
1774 3063 1913 3134 πρὸς

1992 529 2253 581 adversus
2280 529 2468 582 Arium
2497 530 2960 599 blasphemantem
2986 541 3039 585 et
3061 532 3326 585 dicentem
3353 540 3571 584 creatu-

1994 634 2107 670 ram
2135 615 2330 672 Filium
2368 618 2482 684 Dei,
2513 629 2567 674 et
2594 630 2783 675 contra
2835 622 3127 676 Sabellium
3167 631 3223 675 et
3253 620 3566 683 Photinnm,

1990 718 2049 763 et
2079 707 2306 762 Paulum
2333 711 2770 776 Samosatenum,
2797 725 2847 766 et
2879 712 3258 775 Manichanm,
3283 721 3339 766 et
3367 710 3570 765 ValenL

1992 799 2187 864 tinum,
2209 810 2261 855 et
2295 798 2647 868 Marcionem,
2674 813 2728 857 et
2757 804 3016 857 adversus
3046 817 3260 857 omnem
3293 803 3568 867 haeresim,

1993 904 2115 959 qua
2158 898 2279 945 orta
2323 899 2407 945 est
2444 890 2497 944 in
2537 892 2804 947 catlmlica
2851 900 2908 946 et
2939 892 3231 961 apostolica
3274 889 3515 944 Ecclesia
3553 906 3568 944 :

1993 996 2131 1049 quos
2164 982 2437 1035 damnavit
2459 984 2695 1053 synodus
2718 994 3028 1038 sanctorum
3065 983 3488 1036 orthodoxornm
3516 982 3571 1035 in

1994 1070 2208 1126 civitate
2248 1070 2425 1127 Nicaea
2453 1084 2773 1141 congregata
2795 1114 2810 1139 ,
2839 1089 3067 1144 quorum
3091 1073 3307 1128 nomina
3340 1113 3354 1136 ,
3381 1087 3571 1142 quiem-

1986 1157 2281 1212 admodum
2325 1168 2380 1212 et
2428 1160 2819 1227 provinciarum
2867 1163 3063 1230 quibus
3091 1171 3392 1228 praet-ant,
3446 1162 3575 1213 sub-

1988 1246 2179 1314 jnncta
2208 1258 2355 1304 sunt.
2393 1248 2724 1305 liel'eruntur
2754 1252 2920 1318 igitur
2950 1254 3017 1307 ad
3054 1253 3199 1322 pium
3236 1260 3291 1306 et
3315 1252 3573 1305 illustris—

1997 1340 2192 1394 simum
2234 1341 2611 1409 imperatorem
2658 1358 2992 1412 quacunque
3018 1360 3050 1398 a
3086 1344 3296 1413 synodo
3355 1342 3575 1396 fuerant

1991 1430 2237 1500 indicata
2290 1438 2345 1486 et
2392 1432 2662 1486 sententia
2710 1444 2899 1488 contra
2958 1434 3052 1489 Dei
3098 1436 3279 1488 hostes
3330 1433 3462 1496 lata,
3519 1440 3575 1486 et

1997 1522 2315 1575 orthodoxa
2364 1521 2486 1576 ﬁdei
2516 1523 2810 1591 expositio;
2846 1540 3005 1593 quam
3039 1536 3096 1579 ut
3125 1525 3385 1580 divinitus
3416 1522 3573 1578 obla-

2001 1619 2109 1664 tam
2154 1612 2386 1667 libenter
2439 1622 2494 1668 et
2548 1628 2742 1683 magna
2796 1631 2919 1670 cum
2978 1616 3282 1671 reverentia
3334 1615 3573 1681 excepit,

2000 1702 2183 1758 hostes
2216 1714 2393 1759 autem
2423 1706 2545 1775 ejus
2573 1715 2826 1776 tanquam
2861 1707 2970 1762 Deo
3000 1709 3354 1763 adversantes
3380 1705 3575 1760 exsilio

1931 1786 1971 1840 Β
2004 1795 2309 1850 multandos
2336 1797 2570 1851 censuit.
2625 1796 2734 1853 Sex
2767 1814 2930 1868 porro
2958 1813 3027 1852 ex
3055 1798 3274 1852 Arianis
3302 1796 3574 1866 episcopis

2000 1901 2121 1941 cum
2152 1888 2269 1957 ipso
2295 1890 2445 1952 Ario,
2475 1899 2529 1944 et
2570 1890 2661 1959 qni
2699 1905 2822 1946 cum
2859 1906 2926 1946 eo
2957 1901 3132 1955 erant,
3166 1889 3416 1944 exsulare
3449 1901 3578 1941 sus-

2000 1977 2294 2032 tinuernnt.
2352 1977 2609 2034 Undecim
2664 1980 2832 2044 enim,
2890 1981 2981 2050 qui
3030 1977 3420 2049 religiosissimi
3475 1976 3579 2030 im-

2003 2071 2267 2138 peratoris
2303 2072 2667 2140 prasentiam,
2697 2081 2751 2125 et
2783 2073 2970 2143 synodi
3008 2073 3384 2141 episcopormn
3432 2065 3578 2123 mul-

2005 2160 2288 2214 titudinem
2340 2162 2554 2216 reveriti
2602 2171 2749 2226 sunt,
2799 2178 2902 2216 non
2953 2161 3172 2216 fuerunt
3203 2160 3445 2229 relegati.
3496 2158 3581 2212 Si-

2004 2251 2273 2306 mulantes
2324 2253 2508 2318 enim,
2560 2267 2719 2307 manu
2762 2254 3002 2321 quidem,
3037 2268 3138 2307 non
3190 2253 3491 2321 preposito,
3527 2250 3578 2303 in

2004 2343 2469 2398 consubstantiale
2515 2345 2978 2413 subscripserunt.
3015 2344 3387 2398 Simulationis
3418 2342 3578 2410 hnjns

2007 2430 2272 2485 Eusebius
2300 2431 2726 2487 Nicomediensis
2758 2434 3013 2501 princeps
3047 2434 3165 2495 fuit,
3204 2433 3295 2502 qui
3332 2442 3387 2487 ct
3414 2445 3585 2499 usque

2007 2532 2063 2579 et
2103 2524 2156 2578 in
2190 2524 2349 2577 ﬁnem
2380 2524 2641 2579 alterutra
2678 2526 2949 2580 sententia
2984 2541 3113 2580 usus
3142 2517 3308 2579 fuisse
3337 2522 3582 2579 ostendi-

2011 2627 2118 2681 tur,
2164 2624 2223 2669 nt
2256 2615 2579 2671 Eustathius
2610 2617 3004 2684 Antiocltenus,
3032 2624 3087 2671 et
3131 2615 3397 2669 Eusebius
3431 2612 3588 2666 Pam-

2009 2705 2180 2777 phili,
2229 2713 2283 2760 et
2338 2720 2562 2774 magnus
2611 2705 2975 2768 Athanasius,
3034 2714 3089 2758 et
3138 2716 3330 2757 omnes
3369 2699 3458 2751 alii
3492 2697 3584 2766 qui

2010 2799 2218 2868 synodo
2262 2796 2740 2865 subscripserunt,
2782 2797 3044 2851 referunt.
3074 2795 3302 2861 Propter
3333 2792 3472 2845 hanc
3506 2789 3585 2841 si-

2013 2888 2361 2941 mulationem
2404 2891 2579 2940 virum
2631 2888 2774 2942 hunc
2817 2897 3015 2940 nostra
3074 2883 3361 2940 sententia
3423 2879 3590 2932 fuisse

2011 2979 2262 3034 arbitrati
2314 2989 2463 3043 sunt,
2512 2979 2605 3049 qni
2648 2979 3081 3033 adversariorum
3128 2984 3330 3032 catum
3358 2984 3591 3042 genero-

2014 3069 2129 3124 sius
2153 3075 2648 3139 propugnaverunt.

328 3155 473 3225 ἡμᾶς
503 3152 569 3206 δι’
596 3153 937 3225 ὑποκρίσεως
970 3152 1061 3204 τὸν
1095 3151 1264 3223 ἄνδρα
1300 3152 1395 3206 τοῦ
1426 3150 1604 3205 δοκεῖν
1672 3146 1815 3206 εἶναι
1883 3156 1979 3209 καὶ
2016 3158 2114 3229 τῆς
2156 3158 2267 3212 τῶν
2323 3159 2585 3214 ἐναντίων
2651 3157 2962 3230 συμμορίας
3014 3153 3280 3227 γενναίως
3341 3150 3593 3220 ὑπερμα-

329 3247 553 3320 χοῦντες
591 3246 723 3318 (20).

923 3379 1175 3433 ΚΕΦΑΛ.
1215 3379 1344 3432 ΚΖ⁹.

420 3501 489 3554 At
514 3496 626 3566 τῆς
654 3496 914 3559 πίστεως
952 3491 1291 3565 ὑπογραφαὶ
1318 3490 1437 3545 τῶν
1460 3489 1830 3544 ἐπισκόπων.

410 3613 934 3678 ’Ὀσιοςὲπίσκοπος
978 3610 1183 3672 πόλεως
1239 3604 1586 3679 Κουρδούϐης
1634 3606 1746 3667 τοῖς
1775 3602 1915 3656 κατὰ

350 3703 567 3775 Ῥώμην
606 3703 703 3758 καὶ
746 3701 986 3754 Σπανίαν
1018 3701 1112 3753 καὶ
1153 3698 1385 3753 Ἰταλίαν
1415 3698 1618 3758 πᾶσαν,
1664 3694 1761 3747 καὶ
1798 3697 1915 3757 ταῖς

339 3796 400 3847 ὲν
432 3796 544 3858 τοῖς
572 3794 777 3855 λοιποῖς
799 3791 1000 3855 ἔθνεσι,
1029 3794 1141 3852 τοῖς
1170 3789 1428 3843 ἐπέκεινα
1470 3781 1594 3839 κατ’
1624 3786 1723 3855 ἐμὲ
1745 3782 1914 3849 οὖσιν,

352 3886 458 3949 ἕως
512 3885 605 3939 τοῦ
646 3882 923 3947 Ὠκεανοῦ,
987 3882 1172 3949 ἁγίαις
1204 3879 1297 3933 τοῦ
1346 3876 1483 3932 Θεοῦ
1546 3876 1915 3946 Ἐκκλησίαις,

339 3978 423 4032 διὰ
453 3978 563 4031 τῶν
587 3978 683 4031 σὺν
714 3974 864 4047 αὐτῷ
901 3973 1292 4047 πρεσϐυτέρων
1332 3970 1552 4042 Ῥώμης
1578 3969 1808 4033 Βίτωνος
1827 3970 1920 4023 καὶ

339 4070 644 4125 Βικεντίου.

425 4184 770 4256 Ἀλέξανδρος
834 4179 1245 4252 Ἀλεξανδρείας
1292 4178 1391 4232 σὺν
1447 4175 1754 4244 Ἀθανασίῳ
1793 4176 1918 4228 τότε

339 4276 703 4349 ἁρχιδιακόνῳ
754 4276 890 4342 δντι,
943 4276 1065 4338 ταῖς
1120 4272 1242 4325 κατ’
1292 4271 1570 4339 Αἴγυπτον
1608 4270 1790 4322 πᾶσαν
1825 4266 1922 4321 καὶ

339 4370 570 4439 Λιϐύην,
619 4369 715 4421 καὶ
748 4367 1082 4421 Πεντάπολιν
1116 4365 1211 4419 καὶ
1235 4364 1304 4417 τὰ
1328 4364 1505 4435 ὅμορα
1537 4361 1770 4428 τούτοις,
1816 4361 1923 4425 ἕως

339 4464 450 4516 τῶν
481 4462 580 4531 τῆς
616 4462 805 4523 Ἰνδίας
838 4458 1145 4528 ἐπαρχιῶν.

414 4570 714 4633 Εὐστάθιος
753 4567 1083 4637 ’Δντιοχείας
1110 4564 1208 4637 τῆς
1239 4567 1483 4637 μεγάλης
1506 4564 1605 4635 τῆς
1638 4563 1749 4636 (21)
1780 4562 1923 4617 κατὰ

342 4661 546 4733 Συρίαν
571 4660 780 4730 κοίλην,
809 4659 903 4711 καί
935 4655 1364 4727 Μεσοποταμίαν
1397 4657 1602 4721 πᾶσαν,
1644 4654 1738 4708 καὶ
1770 4652 1925 4707 Κιλι-

344 4753 470 4807 κίαν
506 4753 798 4823 ἑκατέραν.

429 4846 682 4916 Ἰωάννης
711 4844 928 4913 Πέρσης
955 4840 1054 4911 τῆς
1087 4838 1190 4913 [ἴα.
1219 4835 1362 4911 ταῖς]
1392 4838 1448 4891 ὲν
1478 4835 1701 4907 Περσίδι
1748 4834 1921 4906 πάσῃ,

346 4935 443 4990 καὶ
467 4938 535 5006 τῇ
564 4935 780 5007 μεγάλῃ
822 4933 999 5003 Ἰνδία.

419 5027 667 5089 Λεόντιος
717 5024 1063 5096 Καισαρείας
1098 5019 1509 5083 Καππαδοκίας,
1555 5017 1616 5072 τὺ
1651 5017 1751 5088 τῆς
1800 5016 1925 5069 Ἐκ-

350 5118 586 5189 κλησίας
628 5118 720 5171 τοῦ
754 5118 963 5189 Κυρίου
1013 5114 1400 5184 καλλώπισμα,
1433 5114 1554 5174 ταῖς
1598 5110 1723 5163 κατ’
1754 5108 1926 5179 αὐτὴν

350 5208 775 5272 Καππαδοκίαν,
828 5208 1119 5270 Γαλατίαν,
1168 5206 1370 5259 Πόντον
1399 5201 1762 5265 Διοσπόντου,
1812 5201 1927 5253 Πα-

351 5303 670 5372 φλαγονίαν,
723 5302 924 5357 Πόντον
966 5299 1331 5371 Πολεμαῑκδν,
1379 5294 1672 5366 ’Δρμενίαν
1724 5294 1929 5365 μικρὰν

353 5397 447 5452 καὶ
482 5396 749 5467 μεγάλην.

422 5485 640 5549 Θεωνᾶς
684 5484 953 5549 Κυζίκου,
986 5486 1101 5548 ταῖς
1136 5481 1276 5538 κατὰ
1304 5480 1401 5552 τὴν
1438 5477 1624 5532 Ἀσίαν
1652 5476 1748 5537 καὶ
1805 5475 1928 5529 Ἐλ-

426 5643 541 5711 (19)
580 5644 721 5712 Lege
754 5644 852 5711 πῇ.
886 5641 1057 5712 Hann:

429 5705 543 5783 (20)
588 5705 728 5782 Lege
762 5705 899 5780 ὑπὲρ
925 5711 1186 5781 μάχονται.
1213 5708 1453 5766 Tametsi
1484 5723 1606 5764 cum
1630 5706 1782 5762 libris
1814 5705 1927 5762 edi-

2576 3379 2731 3436 CAP.
2785 3377 3005 3435 XXVII.

2088 3489 2504 3560 Subscriptiones
2536 3489 2890 3556 episcoporum
2926 3486 3083 3555 ﬁdem
3105 3483 3527 3555 approbantium.

2086 3605 2245 3659 Osins
2280 3606 2564 3675 episcopus
2606 3603 2872 3659 Corduba
2911 3600 3115 3654 sanctis
3164 3598 3255 3653 Dei
3317 3595 3597 3660 Ecclesiis,

2017 3712 2135 3767 qua
2169 3698 2354 3752 Roma
2382 3706 2530 3762 sunt,
2575 3704 2630 3749 et
2656 3696 2709 3749 in
2739 3695 2887 3748 Italia
2924 3703 2979 3746 et
3008 3690 3265 3759 Hispania
3299 3698 3435 3753 tota,
3464 3697 3519 3742 et
3544 3688 3596 3740 in

2019 3788 2246 3856 reliquis
2266 3786 2491 3841 ulterius
2519 3786 2826 3840 nationibus
2853 3798 3022 3851 usque
3046 3782 3112 3836 ad
3137 3780 3413 3835 Oceanum
3445 3792 3597 3831 com-

2020 3876 2376 3943 morantibus,
2424 3892 2518 3945 per
2559 3890 2665 3929 eos
2689 3873 2777 3942 qui
2806 3888 2926 3926 cum
2957 3872 3074 3941 ipso
3110 3879 3287 3936 erant,
3314 3868 3593 3923 Romanos

2018 3970 2365 4039 presbyteros
2395 3965 2647 4023 Vitonem
2674 3974 2729 4020 et
2760 3962 3129 4021 Vincentium.

2090 4164 2396 4220 Alexander
2437 4160 2782 4216 Alexandria
2826 4173 2948 4212 cum
3003 4153 3302 4209 Athanasio
3348 4160 3474 4207 tunc
3507 4166 3596 4217 ar,-

2020 4259 2357 4319 chidiacono,
2383 4253 2644 4309 Ecclesiis
2674 4267 2768 4320 per
2796 4259 2962 4305 totam
2997 4246 3312 4318 Egyptunt,
3351 4243 3595 4314 Libyam.

2021 4356 2076 4404 et
2130 4346 2489 4415 Pentapolim,
2540 4354 2597 4398 et
2641 4342 2892 4412 regiones
2951 4336 3249 4402 ﬁnitimas,
3304 4348 3480 4404 usque
3529 4332 3600 4388 ad

2022 4437 2189 4493 India
2219 4435 2553 4506 provincias.

2093 4544 2414 4602 Eustathius
2446 4557 2653 4614 magna
2683 4536 2989 4594 Antiochia
3017 4535 3323 4606 episcopus,
3354 4528 3609 4587 ecclesiis

2026 4639 2080 4695 in
2137 4636 2437 4707 Calesyria
2509 4642 2565 4687 et
2628 4628 3016 4701 Mesopotamia
3085 4635 3235 4690 tota,
3297 4634 3355 4678 et
3411 4620 3600 4676 Cilicia

2026 4742 2279 4801 utraque.

2098 4821 2336 4877 Joannes
2365 4819 2553 4883 Persa,
2588 4815 2848 4871 Ecclesiis
2875 4814 2929 4869 in
2965 4822 3074 4868 tota
3104 4808 3291 4866 Persia
3323 4816 3378 4864 et
3410 4819 3611 4874 magna

2030 4913 2204 4969 India.

2102 5005 2358 5059 Leontius
2408 5002 2666 5057 Caesarea
2721 4997 3095 5069 Cappadocia,
3128 4991 3375 5049 ecclesia
3401 4985 3605 5042 domini

2033 5102 2449 5157 ornamentum,
2484 5093 2741 5146 Ecclesiis
2790 5091 2842 5143 in
2885 5091 3073 5143 cadent
3106 5080 3468 5152 Cappadocia,
3497 5075 3613 5133 G‘ao

2035 5186 2198 5251 latia,
2228 5187 2399 5240 Ponto
2447 5183 2754 5254 Diosponti,
2798 5177 3185 5250 Paphlagonia,
3225 5174 3398 5228 Ponto
3454 5169 3615 5222 Ρυιις-

2035 5278 2212 5334 maico
2240 5272 2687 5349 [Polemoniaco],
2716 5272 2974 5328 Armenia
3009 5281 3200 5340 magna
3234 5273 3288 5320 et
3314 5275 3504 5333 parva.

2047 5456 2056 5464 ’
2109 5470 2363 5526 Theonas
2390 5466 2597 5539 Cyzici,
2627 5464 2885 5522 Ecclesiis
2908 5464 2958 5517 in
2985 5460 3137 5526 Asia,
3162 5468 3217 5515 et
3247 5454 3620 5525 Hellesponto,

2043 5632 2111 5683 tis
2145 5627 2419 5684 consentit
2452 5625 2615 5679 codex
2653 5633 2836 5676 noster
2869 5636 2967 5673 ms.
3008 5619 3181 5673 ΙΙλιιο.

2102 5700 2214 5769 (2t)
2257 5696 2564 5767 Legendum
2590 5697 2729 5754 ταῖς.
2767 5690 2941 5746 lima.
