4072 6402
557 324 652 385 ιιι

1755 317 2055 376 ΟΕΙΑΒΠ
2097 316 2434 376 CYZiCENI

3652 301 3794 408 131%

521 442 578 484 et
610 431 774 501 Lydia
805 441 859 484 et
887 429 1065 494 Caria,
1093 443 1188 498 per
1212 428 1495 497 episcopos
1517 428 1608 496 qui
1641 428 1742 482 suh
1771 429 1888 496 ipso
1917 435 2095 489 erant,

2212 428 2522 496 λὴσποντον,
2576 426 2772 479 Λυδίαν
2814 441 2874 475 τε
2913 422 3006 476 καὶ
3034 419 3270 490 Καρίαν,
3309 417 3397 470 διὰ
3428 415 3536 468 τῶν
3566 413 3656 466 ὑπ’
3692 412 3799 464 αὖ·

524 521 844 592 Eutychium
881 521 1150 592 Smyrnae,
1179 529 1235 574 et
1263 519 1525 573 Marinum
1557 517 1810 574 'l‘roadis.

595 693 861 750 Macarius
915 693 1408 765 Hierosolymorum
1465 711 1588 748 cum
1647 693 1882 748 Eusebio
1934 695 2100 748 Pam-

523 785 655 852 phili
683 784 936 853 episcopo
963 785 1228 838 Caesareae
1271 783 1590 850 Palaestinae,
1624 783 1882 838 Ecclesiis
1915 785 1966 837 in
2011 785 2105 838 Pa-

527 876 759 942 laestina,
789 876 988 930 Arabia
1025 885 1081 929 et
1109 875 1408 930 l’lttenicia.

599 968 906 1022 Alexander
953 965 1354 1020 Thessalonicae
1410 965 1698 1034 episcopus
1747 980 1842 1034 per
1867 981 1964 1020 eos
2010 969 2102 1036 qui

529 1059 632 1113 sub
677 1059 794 1126 ipso
839 1068 1150 1121 censemur,
1195 1054 1455 1110 Ecclesiis
1485 1055 1538 1108 in
1573 1054 1887 1111 Macedonia
1929 1059 2104 1126 prima

529 1152 867 1213 etsecunda,
900 1166 1024 1204 cum
1054 1149 1120 1202 iis
1161 1162 1282 1217 quae
1305 1147 1357 1200 in
1380 1145 1610 1212 Gracia,
1637 1156 1691 1200 et
1723 1147 1932 1217 EurOpa
1967 1157 2103 1214 tota,

532 1244 581 1292 iu
615 1253 842 1310 utraque
872 1241 1116 1310 Scythia,
1149 1247 1204 1293 et
1249 1237 1502 1292 omnibus
1529 1237 1762 1307 denique
1788 1240 1840 1294 itt
1869 1239 2102 1311 Illyrico,

530 1329 804 1385 Thessalia
835 1343 888 1385 et
916 1335 1143 1388 Achaia.

602 1420 918 1477 Nunechius
947 1422 1232 1479 Laodicea:
1275 1425 1559 1496 episcopus
1590 1428 1848 1485 Eet-lesiis
1901 1445 2020 1499 quae
2051 1430 2104 1485 in

530 1512 760 1583 Phrygia
794 1515 964 1582 prima
994 1523 1051 1568 et
1083 1516 1338 1573 secunda.

607 1606 947 1672 Protogenes
996 1607 1084 1658 ille
1129 1607 1502 1676 admirabilis,
1554 1611 1791 1666 Sardieae
1844 1612 2104 1677 civitatis,

532 1695 740 1748 Sanctis
785 1697 875 1748 Dei
907 1695 1169 1750 Et-t-lcsiis
1196 1697 1248 1750 itt
1295 1697 1483 1762 Dacia,
1510 1700 1785 1765 Calauria,
1815 1701 2104 1769 Dardania,

532 1796 580 1838 et
613 1787 906 1851 provinciis
933 1787 1148 1841 vicinis.

605 1876 930 1932 Caecilianus
976 1879 1442 1950 Carthaginensis,
1488 1883 1817 1941 sanctis-De?
1852 1884 2108 1942 Ecclesiis

537 1970 589 2022 itt
638 1971 931 2038 provinciis
970 1970 1195 2038 African,
1237 1971 1520 2042 Numidiae,
1565 1986 1730 2048 atque
1771 1979 2110 2036 Mauritaniae

536 2062 835 2132 utriusque.

607 2235 783 2290 Pistus
811 2239 1222 2312 Marcianopolis
1251 2245 1556 2314 episcopus,
1610 2245 1868 2303 Ecclesiis
1907 2252 1958 2302 in
1998 2251 2110 2322 My-

535 2325 638 2389 sia,
672 2328 1027 2395 Athenarum,
1074 2343 1126 2386 et
1169 2333 1445 2390 Gallorum
1475 2338 1746 2406 gentibus,
1784 2349 1839 2393 et
1875 2340 2111 2395 civitati-

534 2414 634 2468 lms
667 2431 789 2485 quae
821 2418 905 2474 his
935 2421 1124 2476 vicinae
1149 2433 1295 2479 sunt.

605 2507 912 2564 Alexander
931 2511 1428 2586 Constantinopolis
1453 2529 1579 2575 tunc
1603 2520 1777 2574 solum
1804 2524 2109 2594 presbyter,

537 2602 719 2661 postea
769 2611 894 2651 vero
949 2599 1206 2657 Ecclesiae
1250 2605 1393 2659 illius
1438 2608 1808 2678 episcopatum
1861 2613 2108 2676 sortitus,

535 2698 658 2737 eum
712 2688 872 2743 Paulo
915 2699 1044 2744 tunc
1087 2691 1292 2748 lectore
1339 2705 1502 2765 atque
1535 2698 1706 2767 ipsius
1733 2701 1970 2768 notario,
2010 2702 2111 2758 Ec-

535 2774 717 2832 ciesiis
739 2780 981 2836 omnium
1004 2782 1299 2853 Cycladum
1331 2787 1650 2845 insularum.

609 2954 671 3009 lli
715 2972 904 3015 omnes
946 2964 1120 3017 sancti
1167 2977 1331 3035 atque
1375 2969 1653 3036 apostolici
1696 2972 1796 3027 viri
1859 2975 2112 3030 omnibus

2204 519 2294 570 τὸν
2341 519 2673 583 ἐπισκόπων,
2729 517 2990 586 Εὐτυχίου
3061 512 3338 583 Σμύρνης,
3393 509 3488 562 καὶ
3535 505 3789 574 Μαρίνου

2206 609 2480 680 Τρωάδος.

2275 699 2561 769 Μακάριος
2593 695 2987 766 Ἰεροσολύμων
3011 694 3108 746 σὺν
3130 690 3379 760 Εὐσεδίῳ
3397 688 3475 759 τῷ
3493 687 3789 758 Παμφίλου

2204 784 2490 852 ὲπισκόπῳ
2535 783 2872 852 Καισαρείας
2916 781 3016 852 τῆς
3058 779 3170 851 (29)
3221 779 3366 832 κατὰ
3417 777 3792 845 Παλαιστίνην

2205 877 2310 927 καὶ·
2340 875 2601 944 Ἀραϐίαν
2635 876 2730 928 καὶ
2760 873 3040 942 Φοινίκην.

2287 966 2636 1036 Ἀλέξανδρος
2693 964 3099 1033 Θεσσαλονίκης
3155 960 3245 1015 διὰ
3302 960 3413 1013 τῶν
3469 960 3561 1014 ὑπ’
3623 959 3794 1012 αὐτὸν

2202 1057 2520 1120 τελούντων,
2553 1060 2674 1120 ταῖς
2717 1057 2859 1127 κειτὰ
2901 1055 3236 1110 Μακεδονίαν
3269 1051 3494 1124 πρώτην
3533 1053 3630 1104 καὶ
3663 1052 3795 1104 δευ-

2203 1149 2390 1217 τέραν,
2425 1149 2522 1202 σὺν
2545 1151 2612 1218 τῇ
2639 1147 2874 1212 Ἑλλάδι,
2904 1148 3004 1218 τήν
3026 1163 3086 1199 τε
3120 1145 3392 1216 Εὐρώπην
3417 1144 3618 1204 πᾶσαν,
3648 1143 3793 1194 Σκυ-

2205 1241 2325 1294 θίαν
2352 1241 2638 1313 ἑκατέραν,
2670 1243 2766 1295 καὶ
2785 1243 2901 1304 ταῖς
2928 1240 3070 1294 κατὰ
3089 1239 3150 1292 τὺ
3189 1237 3492 1310 Ἰλλυρικὸν
3523 1237 3787 1303 ἁπάσαις,

2203 1333 2511 1386 Θεσσαλίαν
2539 1349 2599 1386 τε
2621 1333 2716 1386 καὶ
2755 1333 3003 1404 ’Δχαταν.

2275 1424 2567 1494 Νουνέχιος
2627 1423 2950 1488 Λαοδικείας
3002 1425 3125 1487 ταῖς
3191 1420 3336 1476 κατὰ
3384 1421 3486 1493 τὴν
3543 1422 3793 1493 Φρυγίαν

2208 1515 2434 1586 πρώτην
2461 1517 2557 1570 καὶ
2585 1516 2870 1588 δευτέραν.

2279 1608 2636 1678 Πρωτογένης
2677 1610 2706 1662 δ
2764 1608 3066 1676 Θαυμάσιος
3099 1607 3308 1669 πόλεως
3339 1604 3635 1676 Σαρδικῆς,
3669 1607 3792 1668 ταῖς

2207 1699 2265 1750 ὲν
2311 1699 2506 1770 Δακίᾳ,
2541 1699 2860 1770 Καλαυρίᾳ,
2914 1697 3220 1770 Δαρδανία,
3257 1695 3351 1750 καὶ
3397 1698 3518 1758 ταῖς
3565 1695 3794 1766 ὁμόροις

2209 1789 2437 1855 τούτοις.

2280 1884 2606 1947 Κεκιλιανδς
2665 1883 3032 1956 Καρθαγὲνης
3081 1887 3203 1946 ταῖς
3261 1881 3403 1936 κατὰ
3455 1882 3636 1944 πάσας
3692 1881 3795 1943 τὰς

2210 1976 2498 2045 ἐπαρχίας,
2530 1976 2630 2038 τάς
2656 1991 2716 2028 τε
2757 1975 3046 2045 Ἀφρικὶις,
3079 1973 3174 2026 καὶ
3204 1974 3302 2038 τὰς
3335 1973 3657 2043 Νουμιδίας,
3696 1972 3795 2024 καὶ

2209 2066 2582 2137 Μαυριτανίας
2627 2065 2967 2136 ἀμφοτέρας,
3024 2064 3215 2128 οὔσαις
3269 2063 3458 2134 ἁγίαις
3505 2065 3600 2116 τοῦ
3655 2061 3794 2116 Θεοῦ

2225 2156 2595 2226 Ἔκκλησίαις.

2282 2247 2480 2309 Πιστὸς
2517 2244 3054 2315 Μαρκιανουπόλεως
3093 2245 3214 2309 ταῖς
3250 2244 3391 2298 κατὰ
3416 2244 3517 2316 τὴν
3551 2245 3794 2308 Μυσίαν,

2211 2339 2305 2390 καὶ
2352 2337 2420 2390 τὰ
2463 2336 2570 2390 τῶν
2629 2335 2874 2404 Ἀθηνῶν
2915 2337 3010 2390 καὶ
3064 2335 3285 2390 Γάλλων
3343 2334 3494 2406 ἔθνη,
3531 2335 3627 2388 καὶ
3673 2336 3797 2398 ταῖς

2211 2427 2607 2499 πλησιοχώροις
2640 2427 2843 2482 τούτων
2884 2427 3125 2482 πόλεσιν.

2294 2518 2637 2588 Ἀλέξανδρος
2690 2516 3322 2578 Κωνσταντινουπόλεως
3363 2515 3484 2569 τότε
3543 2517 3796 2588 πρεσϐύ-

2211 2627 2368 2681 τερος
2417 2609 2496 2662 ἔτι
2523 2609 2618 2675 ὢν,
2671 2612 2751 2672 είς
2787 2609 3014 2680 ὕστερον
3045 2610 3101 2664 δὲ
3139 2611 3230 2663 καὶ
3273 2609 3378 2679 τῆς
3428 2610 3798 2680 ὲπισκοπικῆς

2213 2700 2484 2770 ίερατείας
2513 2699 2612 2769 τῆς
2639 2697 2830 2753 αὐτόθι
2869 2697 3197 2769 Ἐκκλησίας
3229 2696 3434 2768 λαχὼν,
3465 2697 3564 2750 σὺν
3597 2698 3797 2767 Παύλῳ

2211 2791 2291 2844 ἔτι
2330 2791 2450 2844 τότε
2501 2789 2826 2862 ἀναγνώστῃ
2873 2789 2988 2843 δντι
3029 2790 3122 2844 καὶ
3166 2789 3401 2860 νοταρίῳ
3434 2787 3636 2856 αὐτοῦ,
3674 2789 3800 2852 ταῖς

2211 2883 2270 2936 ὲν
2303 2884 2422 2946 ταῖς
2445 2884 2630 2953 νήσοις
2658 2883 2862 2946 πάσαις
2898 2880 3183 2934 κυκλὰσιν.

2283 2968 2444 3026 Οὗτοι
2508 2973 2709 3035 πάντες
2767 2973 2816 3024 οἱ
2859 2970 3005 3040 ἁγιοι
3041 2971 3136 3024 καί
3204 2968 3548 3023 ἀποστολικοὶ
3603 2969 3799 3037 ἄνδρες

536 3045 638 3099 sub
683 3050 822 3103 ctelo
869 3055 1074 3108 sant-tis
1129 3057 1215 3112 Dei
1277 3058 1566 3126 Ecclesiis,
1617 3079 1738 3131 quae
1789 3066 1842 3118 in
1893 3065 2106 3122 Nicaena

2215 3065 2417 3128 πάσαις
2447 3067 2569 3127 ταῖς
2603 3065 2708 3118 ὑπὸ
2748 3065 2840 3117 τὸν
2886 3063 3118 3134 οὐρανὸν
3159 3063 3342 3131 ἁγέαις
3368 3060 3461 3115 τοῦ
3489 3059 3618 3113 Θεοῦ
3661 3060 3793 3112 Ἑκ-

535 3148 724 3192 sant-ta
781 3156 974 3212 magna
1031 3155 1084 3198 et
1137 3151 1376 3216 generali
1429 3155 1635 3222 synodo
1679 3155 1900 3210 decreta
1950 3169 2106 3224 sunt,

537 3232 990 3297 :ransmitteutes,
1023 3237 1220 3306 ubique
1253 3242 1614 3298 tradiderunt.

1099 3431 1252 3488 CAP.
1299 3435 1553 3508 xxvm,

567 3538 841 3603 Quomodo
882 3543 1168 3612 imperator
1219 3565 1283 3601 ea:
1330 3552 1463 3632 solio
1496 3569 1712 3622 surgens
1745 3554 1852 3610 Deo
1889 3559 2096 3628 gratias

1234 3632 1418 3689 egerit.

609 3724 910 3794 lmpcrator
942 3741 1120 3784 autem
1154 3732 1560 3801 COnStantinus,
1578 3750 1698 3808 post
1719 3745 2110 3810 cxttositionctn

2216 3154 2464 3226 κλησίαις
2501 3155 2569 3208 τὰ
2595 3155 2652 3207 ἐν
2686 3157 2752 3225 τῇ
2782 3154 3030 3207 Νικαέων
3057 3153 3188 3224 ἁγίᾳ
3225 3151 3438 3222 μεγάλῃ
3473 3151 3567 3202 καὶ
3597 3151 3792 3202 οἰκουο

2216 3247 2412 3315 μενικῇ
2453 3243 2654 3313 συνόδῳ
2703 3244 3008 3314 κεκριμένα
3051 3240 3611 3314 διαπορθμεύσαντες,
3649 3256 3799 3293 παν-

2212 3336 2380 3410 ταχοῦ
2406 3337 2512 3408 γῆς
2540 3335 2890 3408 παρέδωκαν.

2780 3450 3033 3506 ΚΕΦΑΛ.
3073 3451 3210 3506 κη’.

2219 3561 2409 3621 Ὅπου
2434 3568 2467 3620 ὀ
2488 3565 2786 3630 βασιλεὺς
2815 3565 3086 3631 ἀναστὰς
3120 3565 3189 3619 ἐκ
3215 3563 3322 3618 τοῦ
3345 3563 3585 3634 θρόνου,
3617 3565 3803 3634 εὐχα-

2381 3637 2733 3704 ριστηρίους
2762 3635 2966 3704 φωνὰς
2994 3633 3330 3704 ἀναπέμπει
3359 3633 3436 3699 τῷ
3471 3633 3614 3700 Θεῷ.

2296 3750 2355 3803 ’0
2388 3749 2446 3802 δὲ
2483 3748 2738 3819 βασιλεὺς
2767 3748 3173 3810 Κωνσταντῖνος
3207 3747 3300 3799 ἐπὶ
3342 3749 3408 3817 τῇ
3445 3745 3664 3798 ἐκθέσει
3699 3747 3801 3815 τῆς

539 3829 701 3868 τιςιαι
732 3827 891 3887 atque
943 3823 1250 3890 apostolica:
1295 3826 1438 3894 fidei,
1477 3845 1507 3884 a
1548 3829 1752 3900 Spiritu
1799 3847 1988 3891 sancto
2019 3853 2108 3908 per

2214 3841 2380 3912 ὀρθῆς
2407 3841 2500 3894 καὶ
2537 3839 2901 3910 datos-relati};
2935 3838 3190 3904 πίστεως,
3217 3839 3321 3909 τῆς
3369 3840 3432 3890 ὲκ
3473 3837 3802 3907 Πνεῦματος

539 3917 812 3965 trecentos
837 3925 1054 3968 sancto.»
1083 3915 1270 3973 Patres
1299 3921 1450 3990 quasi
1478 3937 1573 3978 ore
1599 3940 1706 3979 uno
1737 3929 2111 3998 promulgatae,

2215 3935 2373 4004 ἁγίου
2419 3932 2509 3988 διὰ
2553 3931 2663 3986 τῶν
2711 3931 3041 4002 τριακοσίων
3096 3929 3268 3999 ἁγίων
3312 3930 3470 4001 ἡμῶν
3528 3930 3800 4001 Πατέρων

536 4011 589 4054 et
609 4005 676 4054 ah
698 4005 950 4062 omnibus
983 4013 1363 4080 comprobatae.
1386 4016 1477 4084 qui
1499 4015 1563 4068 ad
1601 4031 1842 4075 sanctam
1884 4021 2027 4080 illam
2053 4028 2108 4082 li-

2218 4025 2650 4097 ὲκφωνηθείσης,
2683 4023 2872 4094 ὥσπερ
2919 4023 2986 4076 δι’
3020 4023 3142 4085 ἐνὸς
3201 4022 3490 4092 στόματος,
3549 4024 3645 4076 καὶ
3698 4040 3796 4076 κυ-

539 4094 622 4148 dei
641 4095 1090 4166 disceptationem
1118 4117 1531 4173 concurrerant,
1556 4112 1811 4178 expansis
1841 4117 2114 4184 manibus,

537 4196 591 4241 et
637 4191 810 4245 oculis
865 4191 917 4246 itt
949 4196 1146 4250 ewlum
1199 4197 1265 4251 ad
1299 4198 1467 4253 Deum
1498 4203 1748 4266 sublatis,
1794 4207 1968 4276 ipsunt
2008 4211 2113 4265 Do-

539 4281 740 4335 minum
784 4287 1022 4340 omnium
1077 4297 1315 4341 nostrum
1350 4288 1682 4346 Salvatorem
1710 4303 1766 4348 et
1799 4296 2114 4354 benefacto-

2218 4117 2485 4188 ρωθείσης
2531 4115 2684 4187 παρὰ
2732 4116 2960 4184 πάντωνε
2989 4115 3098 4168 τῶν
3138 4114 3557 4186 συνδραμόντων
3587 4117 3669 4176 εἰς
3695 4115 3798 4181 τὴν

2215 4207 2377 4275 ἁγίαν
2407 4207 2620 4276 ἐκείνην
2657 4205 2756 4274 τῆς
2786 4205 3017 4265 πίστεως
3042 4201 3336 4274 ἀκρόασιν,
3399 4201 3496 4254 καὶ
3544 4199 3645 4263 τὰς
3680 4201 3797 4270 χεῖ-

2219 4313 2316 4367 ρας
2355 4295 2633 4359 ἁπλὼσας,
2690 4293 2782 4346 καὶ
2807 4293 2871 4346 τὸ
2899 4291 3052 4362 ὄμμα
3093 4292 3276 4354 τείνας
3307 4291 3387 4354 είς
3434 4289 3526 4342 τὸν
3567 4289 3798 4359 οὐρανὸν

539 4384 650 4422 rem
693 4371 854 4428 claris
893 4375 1071 4428 verbis
1117 4377 1370 4439 laudavit,
1409 4380 1554 4447 quod
1591 4381 1954 4438 desideratam
2000 4388 2108 4456 epi-

2217 4388 2353 4459 πρὺς
2382 4387 2474 4440 τὸν
2501 4386 2652 4452 Θεὸν,
2682 4386 2949 4456 εὐφήμοις
2979 4384 3221 4455 ῥήμασιν
3245 4382 3522 4452 ἀνύμνησε
3555 4381 3649 4433 τὸν
3686 4380 3794 4433 τῶν

537 4475 819 4529 scopornm
843 4466 1284 4530 coancordiam,et
1314 4471 1625 4524 eornnulem
1651 4472 1795 4526 circa
1828 4485 2026 4530 rectam
2059 4489 2114 4534 et

540 4554 829 4610 salutarem
878 4557 1031 4610 (idem
1063 4572 1386 4613 conscustnn
1422 4561 1646 4627 largitus
1674 4564 1766 4616 sit.
1799 4563 1968 4622 Tanta
2009 4571 2114 4626 sci-

541 4644 661 4698 licet
687 4661 813 4700 cura
855 4649 1090 4711 Optimus
1134 4647 1220 4701 ille
1259 4663 1322 4703 ac
1349 4648 1457 4704 Deo
1493 4653 1689 4708 cltarns
1733 4654 2030 4727 imperator
2057 4661 2110 4716 in

541 4733 806 4790 Et-clesias
854 4739 946 4791 Dei
993 4748 1048 4792 et
1097 4737 1373 4804 paciﬁcam
1430 4753 1702 4811 pastorum
1758 4753 2109 4806 concordiam

537 4825 798 4881 incubuit.
839 4825 952 4879 Non
983 4829 1272 4882 absurdum
1297 4843 1474 4886 autem
1520 4837 1772 4893 existimo
1803 4841 1929 4895 lmic
1956 4857 2109 4896 com-

540 4918 806 4970 mentario
847 4919 1106 4983 inserere,
1137 4935 1258 4988 quae
1285 4923 1504 4991 pulchre
1537 4927 1794 4984 disseruit
1841 4932 2108 4990 Eusebius

537 5005 800 5076 Pamphili
829 5009 896 5064 tle
937 5009 1044 5063 vita
1073 5009 1408 5070 Constantini
1439 5017 1546 5074 Deo
1581 5023 1828 5077 amabilis
1863 5024 2109 5094 impera-

538 5096 688 5163 toris,
720 5101 784 5152 de
809 5100 994 5168 gestis,
1015 5102 1253 5170 inquam,
1273 5105 1324 5160 in
1349 5110 1555 5178 synodo
1579 5113 1740 5166 verba
1769 5111 1948 5168 facere
1977 5117 2111 5171 inci-

535 5191 710 5259 piens.
764 5192 903 5245 Sunt
945 5205 1124 5249 autem
1187 5198 1300 5253 haec
1329 5199 1424 5258 ⁸ος
1482 5220 1501 5253 ι
1543 5201 1678 5256 Cum
1733 5205 1895 5275 igitur
1943 5209 2108 5264 multa

533 5289 718 5333 essent
747 5294 811 5336 ex
845 5293 1074 5351 utraque
1116 5300 1266 5357 parte
1295 5294 1593 5361 proposita.
1645 5311 1945 5367 magnaque
1973 5315 2106 5355 con-

536 5370 798 5424 troversia
825 5371 876 5426 in
905 5374 1022 5444 ipso
1041 5377 1425 5446 disputationis
1455 5383 1698 5453 ingressu
1725 5400 1753 5438 a
1782 5388 2101 5456 quibusdam

618 5547 666 5584 ⁸³
688 5545 800 5602 Lib.
834 5566 912 5614 ut,
947 5567 1058 5622 cap.
1093 5556 1180 5610 15.

603 5708 716 5781 (2%;
753 5709 890 5782 Lege
919 5716 1058 5776 ταῖς.
1111 5712 1281 5767 ilum.

2217 4480 2436 4532 πάντων
2483 4476 2640 4548 ἡμῶν
2671 4476 2904 4546 Σωτῆρα
2942 4475 3038 4528 καὶ⁵
3071 4473 3369 4545 εὐεργέτην
3395 4472 3548 4540 Θεὺν,
3591 4473 3678 4525 δτι
3699 4470 3794 4542 τὴν

2215 4569 2558 4638 ποθουμένην
2592 4567 2740 4638 αὐτῷ
2772 4567 2881 4620 τῶν
2917 4568 3234 4620 ἐπισκόπων
3262 4566 3540 4636 ὁμόνοιαν,
3572 4565 3669 4618 καὶ
3699 4563 3794 4632 τὴν

2215 4663 2344 4734 περὶ
2390 4661 2489 4734 τῆς
2527 4661 2697 4732 ὀρθῆς
2725 4663 2820 4716 καὶ
2855 4663 3126 4734 σωτηρίου
3178 4661 3414 4725 πίστεως
3445 4659 3629 4714 αὐτῶν
3661 4661 3796 4729 δμο-

2215 4755 2420 4827 φωνίαν
2479 4753 2632 4825 αὐτῷ
2694 4755 3088 4825 ὲπρυτὰνευσε.
3127 4753 3394 4818 Τοσοῦτος
3442 4749 3512 4824 ἦν
3545 4753 3576 4805 ὁ
3617 4753 3799 4806 πάντα

2213 4847 2438 4916 ἄριστος
2481 4846 2690 4910 ἐκεῖνος
2715 4848 2808 4899 καὶ
2836 4845 3088 4916 θεοφιλὴς
3115 4844 3368 4916 βασιλεὺς
3399 4845 3526 4916 περὶ
3550 4843 3650 4913 τὴν
3685 4843 3797 4896 τῶν

2215 4932 2306 4986 τοῦ
2327 4933 2462 4987 Θεοῦ
2497 4934 2839 5005 Ἐκκλησιῶν
2861 4935 3118 5006 φροντίδα
3141 4936 3236 4988 καὶ
3255 4935 3356 5006 τὴν
3376 4933 3486 4989 τῶν
3512 4933 3796 5005 ποιμένων

2220 5027 2659 5096 εἰρηνικωτάτην
2708 5026 2982 5096 ὁμόνοιαν.
3049 5027 3164 5081 Οὐκ
3214 5026 3413 5080 ἄτοπον
3459 5025 3516 5078 δὲ
3547 5023 3796 5094 ἠγοῦμαι

2216 5117 2310 5170 καὶ
2335 5115 2402 5169 τὰ
2441 5116 2702 5169 Εὐσεόίου
2733 5117 2828 5170 τοῦ
2863 5117 3172 5187 Παμφίλου,
3215 5116 3360 5187 ἅπερ
3399 5116 3529 5187 περὶ
3559 5115 3792 5178 τούτων,

2211 5204 2323 5258 τῶν
2344 5207 2404 5259 ὲν
2435 5208 2499 5278 τῇ
2529 5205 2732 5277 συνόδῳ
2759 5206 3296 5278 πραγματευθέντων
3323 5204 3490 5272 λέγω,
3516 5202 3795 5256 ποιεῖσθαι

2213 5297 2304 5350 τὸν
2331 5297 2490 5366 λόγον
2525 5298 2825 5368 ἀρχόμενος
2871 5297 3054 5362 καλῶς
3105 5297 3384 5351 διελάὁετο
3415 5297 3472 5348 ὲν
3511 5293 3592 5364 τῷ
3621 5293 3799 5364 τρίτῳ

2213 5389 2376 5442 αὐτοῦ
2431 5388 2619 5460 βιϐλίῳ
2669 5387 2748 5458 τῷ
2801 5391 2878 5452 είς
2932 5389 3023 5444 τὸν
3069 5389 3184 5459 βίον
3231 5386 3647 5442 Κωνσταντίνου
3699 5383 3794 5437 τοῦ
