4072 6402
326 344 459 408 1313

1209 334 1579 395 HISTORIA
1617 331 1950 392 CONCILII
1987 332 2289 392 NICEENI.
2332 358 2399 366 -
2439 334 2583 394 LIB.
2626 335 2706 395 Il.

3438 339 3570 404 1314

321 449 603 519 θεοφιλοῦς
658 445 943 519 βασιλέως,
1004 441 1221 508 ἐντάξαι
1278 442 1403 510 τῇδε
1456 442 1521 508 τῇ
1574 440 1885 507 συγγραφῇ.

1997 439 2299 500 concitata;
2354 439 2651 506 imperator
2680 438 2771 493 ille
2818 440 3209 496 celeberrimus
3255 457 3445 496 on'ncs
3476 446 3563 495 hc-

332 542 493 594 Ἐστι
524 539 579 592 δὲ
627 537 831 590 ταῦτα·
893 553 911 585 ι
955 532 1225 585 Πλείστων
1269 530 1439 582 δεῖται
1488 530 1576 597 ὑφ’
1627 526 1889 597 ἐκατέρου

318 631 597 700 τάγματος
627 624 1079 700 προτεινομένων,
1118 621 1320 691 πολλῆς
1350 637 1412 672 τε
1448 618 1779 689 ἀμφιϐολίας
1823 616 1891 669 τὰ

319 721 510 790 πρῶτα
541 720 693 789 παρά
732 733 894 769 τινων
925 713 1236 784 γινομένης,
1269 711 1580 780 ἐπηκροᾶτο
1615 708 1833 760 πάντων
1862 707 1890 758 6

321 811 573 881 βασιλεὺς
604 811 632 861 6
678 807 1064 876 πανεύφημος,
1103 803 1267 873 σχολῇ
1297 818 1356 853 τε
1406 797 1754 868 εὐτονωτάτῃ
1791 794 1890 857 τὰς

318 902 608 972 προτάσεις
632 899 875 969 θατέρων
900 896 1006 948 τῶν
1028 895 1208 966 μερῶν
1234 891 1537 961 ὑπεδέχετοο
1569 891 1627 940 ὲν
1655 887 1808 958 μέρει
1831 901 1890 937 τε

317 989 846 1059 ἀντιλαμϐανόμενος
874 985 983 1039 τῶν
1022 985 1152 1055 παρ’
1205 982 1463 1054 ἐκατέρου
1494 980 1771 1048 τάγματος
1801 975 1889 1028 λε-

317 1081 585 1151 γομένων,
608 1080 707 1150 ἡρέ
717 1096 791 1148 μα
821 1094 879 1129 τε
906 1076 1105 1145 συνῆγε
1125 1073 1250 1136 τοὺς
1275 1070 1587 1143 φιλονείκως
1612 1067 1891 1135 ἐνισταμέ-

315 1187 461 1234 νους.
486 1171 674 1241 πράως
698 1186 756 1221 τε
784 1168 1103 1237 ποιούμενος
1117 1165 1213 1228 τάς
1232 1163 1372 1236 πρὸς
1395 1165 1626 1217 ἕκαστον
1652 1159 1887 1229 ὁμιλίας,

315 1262 609 1331 ἑλληνίζων
638 1278 696 1311 τε
720 1262 784 1329 τῇ
816 1260 967 1329 φωνῇ
995 1274 1009 1288 ’
1044 1256 1233 1327 ἐπειδὴ
1273 1253 1405 1324 μηδὲ
1431 1251 1634 1321 ταύτης
1663 1250 1889 1320 ἀμαθῶς

315 1346 449 1420 εἶχε,
480 1347 746 1418 γλυκερός
776 1365 859 1409 τις
879 1343 947 1418 ἦν
973 1347 1067 1399 καὶ
1098 1346 1249 1417 ἡδὺς,
1268 1346 1391 1407 τοὺς
1420 1344 1518 1415 μὲν
1548 1342 1884 1412 συμπείθων,

313 1444 439 1507 τοὺς
472 1442 528 1495 δὲ
562 1440 966 1494 καταδυσωπῶν
998 1439 1264 1510 τῷλόγῳ,
1295 1439 1421 1499 τοὺς
1445 1437 1502 1489 δὲ
1536 1431 1594 1489 εὖ
1626 1436 1886 1503 λέγοντας

315 1533 573 1594 ἐπαινῶν,
625 1532 830 1595 πάντας
872 1548 932 1584 τε
978 1531 1059 1593 εἰς
1105 1528 1356 1600 ὁμόνοιαν
1383 1526 1622 1581 ἐλαύνων
1660 1527 1765 1589 ἕως
1796 1526 1885 1579 ὅτε

316 1623 704 1693 ὁμογνώμονας
758 1623 850 1675 καὶ
901 1620 1190 1692 ὁμοδόξους
1241 1622 1328 1673 ἐπ’
1373 1618 1522 1689 αύτῷ
1556 1619 1665 1690 [ἐπ’
1696 1616 1883 1691 αὑτοῦ]

315 1715 691 1781 κατεστήσατο
711 1729 725 1743 ο
759 1712 834 1774 ὡς
867 1712 1185 1782 ὁμοφρόνως
1230 1711 1330 1781 μὲν
1362 1708 1635 1780 κρατῆσαι
1666 1708 1763 1779 τὴν
1796 1709 1883 1761 εύ-

317 1802 448 1873 σεδῆ
505 1802 832 1870 δοξολογίαν,
879 1800 1248 1872 κρατυνθῆναί
1306 1816 1366 1853 τε
1397 1799 1494 1870 τὴν
1551 1799 1767 1867 ἀληθῶς
1818 1799 1883 1852 ἐκ

314 1894 630 1962 Πνεύματος
678 1892 834 1960 ἁγίου
879 1892 1029 1963 παρὰ
1056 1891 1274 1943 πάντων
1306 1890 1415 1942 τῶν
1462 1888 1883 1960 προρρηθέντων

315 1985 483 2052 ἁγίων
517 1984 673 2054 ἡμῶν
708 1984 967 2054 Πατὲρων
1013 1981 1423 2052 ὲκφωνηθεϊσαν
1470 1983 1737 2050 σωτήριον
1793 1982 1883 2035 πί-

315 2093 452 2128 στιν.
500 2076 585 2129 Ἐν
621 2075 667 2127 τ’
697 2074 846 2145 αὐτῷ
889 2075 945 2127 δὲ
979 2074 1071 2126 καὶ
1104 2074 1231 2143 περί
1260 2074 1357 2142 τῆς
1386 2072 1655 2141 σωτηρίου
1689 2072 1884 2141 ἑορτῆς

311 2166 405 2220 τοῦ
435 2168 622 2236 Πάσχα
648 2166 742 2218 ἕνα
774 2165 923 2235 παρὰ
951 2166 1115 2217 πᾶσιν
1132 2162 1530 2234 ὁμολογηθῆναι
1559 2163 1746 2233 καιρὸν
1769 2165 1884 2214 ἐνο-

315 2258 601 2326 μοθέτησε.
634 2258 763 2309 Τότε
793 2257 855 2327 δὴ
885 2257 976 2309 κα)⁸
1010 2256 1301 2324 ἐγγράφως
1324 2254 1391 2307 δι’
1419 2254 1880 2323 ὑποσημειώσεως

312 2350 541 2403 ἑκάστου
590 2349 659 2401 τὰ
691 2352 841 2418 κοινῇ
895 2346 1186 2417 δεδογμένα
1226 2346 1539 2417 κυρωθῆναι
1602 2345 1877 2415 ὡρίσατο·

310 2442 404 2493 καὶ
434 2440 563 2510 περὶ
608 2439 717 2491 τῶν
760 2440 880 2491 καθ’
911 2438 1144 2490 ἕκαστον
1186 2434 1657 2505 ἐκκλησιαστικῶν
1694 2436 1881 2488 διατυο

311 2531 539 2584 πώσεων
570 2531 664 2584 καὶ
707 2531 945 2583 κανόνων
988 2529 1283 2600 ἐγγράφως
1332 2526 1573 2580 ἐκθεῖναι
1606 2527 1730 2589 τοὺς
1760 2528 1883 2580 ἑπι-

311 2624 544 2687 σκόπους
570 2624 877 2694 παρεγγυᾷ.
936 2640 956 2673 ι

884 2734 1136 2788 ΚΕΦΑΛ.
1172 2732 1301 2787 ΚΘ.

309 2845 450 2914 Περὶ
492 2845 768 2899 Ἀκεσίου
800 2845 1138 2930 ἐπεσκόπρυ
1173 2841 1745 2929 τῷνηΝαυατιαν-ὦν,
1783 2841 1882 2895 καί

840 2931 960 2967 των
1011 2929 1135 2966 συν
1174 2930 1352 2977 αυτῳ.

377 3031 535 3084 Κινεῖ
562 3029 618 3082 δὲ
649 3030 794 3099 ἡμᾶς
824 3031 856 3098 ἡ
902 3025 997 3080 τοῦ
1048 3025 1312 3096 βασιλέως
1348 3025 1528 3088 πίστις
1569 3026 1661 3078 καὶ
1690 3025 1877 3096 ἐτέρου

1996 531 2154 598 uigne
2187 531 2458 593 οιιι11‹·1›.;ι,
2489 532 2849 586 intentissimo
2880 535 3058 588 studio
3084 535 3364 604 utriusque
3393 538 3566 605 partis

1992 620 2388 690 prepositioues
2433 623 2732 689 excipiebat
2783 641 2795 677 :
2853 625 3120 678 interdum
3172 628 3333 680 etiam
3381 628 3561 681 ferens

1990 726 2147 778 opem
2177 711 2422 765 alterutri
2457 713 2872 779 disceptantium
2902 718 3060 784 parti,
3091 732 3182 767 eos
3212 734 3404 787 magna
3439 734 3557 771 cum

1991 803 2341 856 contentione
2364 803 2713 870 digladiantes
2738 805 2991 873 paulatim
3014 808 3415 872 recuuciliabat,
3439 825 3559 861 cum

1991 892 2218 961 singulis
2261 894 2488 946 comiter
2533 902 2587 946 ct
2635 894 2864 962 benigne
2899 910 3205 949 sermonem
3246 898 3563 951 c0ul'crehat

1990 981 2175 1037 Graece
2209 1002 2221 1037 :
2251 999 2373 1037 nam
2417 1000 2481 1039 ne
2512 988 2670 1057 hujus
2696 988 2909 1056 quidem
2945 988 3135 1057 lingua:
3164 989 3382 1055 ignarus
3422 996 3560 1042 erat.

1992 1070 2190 1126 Suavis
2216 1082 2334 1126 erat
2362 1084 2413 1127 et
2441 1074 2690 1139 blandus,
2737 1078 2861 1130 dum
2907 1077 3028 1129 aliis
3061 1080 3408 1146 persuadere,
3440 1078 3561 1131 aliis

1988 1178 2241 1217 sermone
2296 1166 2558 1234 pudorem
2627 1170 2961 1238 exprimere,
3024 1170 3156 1222 alios
3211 1171 3302 1239 qui
3360 1169 3561 1222 diserte

1989 1257 2281 1319 dixissent,
2327 1257 2665 1322 Cullaudare,
2723 1276 2911 1314 omnes
2963 1261 3196 1328 denique
3233 1262 3299 1312 ad
3328 1274 3560 1312 contor-

1987 1348 2130 1400 diam
2182 1348 2438 1403 reducere
2478 1351 2872 1405 contendebat:
2905 1366 3073 1421 usque
3118 1368 3182 1405 eo
3214 1352 3385 1405 donec
3441 1362 3561 1404 tan-

1987 1437 2105 1490 dem
2133 1451 2224 1492 eos
2252 1448 2361 1491 tmn
2392 1440 2768 1508 conspirantes
2799 1440 3020 1506 animis,
3067 1452 3176 1494 ιιιιιι
3208 1442 3560 1508 opinionibus

1987 1528 2391 1582 cnnsentientes
2435 1530 2680 1584 redderet
2712 1548 2725 1583 :
2752 1539 2811 1583 ut
2855 1531 2999 1598 pium
3053 1530 3345 1585 Dominica:
3373 1532 3560 1601 gloria:

1985 1622 2225 1675 studimn
2277 1623 2637 1692 principatmu
2694 1641 2800 1678 uno
2856 1640 3124 1679 consensu
3180 1625 3451 1679 obtineret
3506 1636 3562 1679 et

1989 1711 2307 1779 praevaleret
2340 1713 2472 1767 lides
2496 1714 2746 1768 salutaris
2787 1729 2910 1769 vere
2956 1732 2983 1768 a
3016 1715 3217 1785 Spiritu
3248 1724 3437 1770 sancto
3466 1731 3561 1783 per

1916 1788 1954 1841 Β
1985 1817 2172 1859 omnes
2223 1805 2508 1872 praedictos
2548 1818 2765 1859 sanctos
2808 1804 2995 1859 Patres
3050 1818 3270 1861 nostros
3320 1808 3557 1875 promul-

1986 1905 2132 1960 gata.
2178 1895 2379 1950 lbidem
2435 1898 2596 1950 etiam
2648 1898 2765 1966 lege
2820 1900 3033 1964 sanxit,
3088 1912 3143 1952 ut
3191 1900 3330 1969 apud
3370 1916 3561 1953 omnes

1986 2000 2151 2037 unum
2212 1996 2421 2055 tempus
2469 1998 2745 2042 constaret
2797 2004 2895 2056 pro
2952 1991 3210 2044 Saltttaris
3275 1991 3560 2046 Paschalis

1985 2074 2320 2130 festivitate:
2371 2088 2481 2131 tum
2525 2078 2688 2133 etiam
2736 2090 2792 2131 ut
2832 2096 2926 2148 per
2966 2096 3280 2150 expressam
3317 2084 3559 2151 singulo-

1988 2183 2104 2221 rum
2146 2170 2622 2239 subscriptionem,
2655 2189 2774 2243 qua:
2799 2175 2850 2227 in
2883 2176 3155 2228 communi
3194 2176 3408 2230 decreta
3440 2177 3561 2228 l'ue-

1988 2267 2138 2325 rant,
2179 2260 2546 2316 linuareutur.
2571 2257 2827 2335 ’Denique
2875 2266 3159 2335 episcopos
3200 2277 3256 2319 ut
3289 2267 3355 2322 de
3381 2268 3551 2319 cccle-

1985 2350 2221 2404 siastiris
2279 2353 2762 2409 constitutionibus
2816 2366 2869 2410 et
2927 2357 3233 2411 canuuibus
3291 2357 3554 2426 scriptum

1986 2441 2229 2505 ederent,
2263 2443 2511 2497 hortatus
2549 2456 2651 2498 est.
2692 2463 2710 2498 ι

2578 2732 2729 2790 CAP.
2773 2734 2966 2789 XXIX.

1982 2842 2061 2897 De
2104 2843 2289 2899 Acesio
2325 2843 2748 2898 Novatiauorum
2800 2847 3063 2916 episcopo,
3104 2856 3151 2900 et
3194 2848 3283 2917 qui
3320 2864 3437 2901 cum
3467 2848 3558 2902 illo

2686 2930 2855 2969 erant.

2057 3026 2299 3080 Movet“
2332 3037 2511 3082 autem
2549 3043 2648 3082 nos
2682 3028 3025 3096 imperatoris
3062 3029 3221 3093 ﬁdes,
3249 3040 3383 3084 utet
3410 3032 3556 3085 aliud

309 3122 632 3193 πράγματος
677 3118 1106 3189 ἐπιμνησθῆναι,
1137 3117 1195 3180 ὃς
1232 3116 1331 3188 τὴν
1363 3116 1596 3187 σπουδὴν
1629 3117 1722 3169 καὶ
1751 3117 1885 3187 πρό-

1990 3116 2246 3185 quiddam
2277 3131 2767 3172 commemoremus
2796 3135 2810 3171 :
2840 3119 2930 3186 qui
2954 3129 3100 3174 tanto
3131 3120 3313 3174 studio
3346 3131 3400 3175 et
3432 3138 3559 3189 prn-

308 3231 455 3267 νοιαν
487 3213 585 3283 τῆς
622 3210 1080 3280 ὲκκλησιαστικῆς
1110 3210 1332 3279 εἰρήνης
1360 3209 1614 3271 ἐποιεῖτο,
1646 3207 1719 3271 ὡς
1749 3208 1884 3278 μηδὲ

308 3306 377 3358 τὰ
408 3303 668 3375 ἐλάχιστα
686 3302 848 3355 αὐτὸν
874 3300 1221 3371 παραλιπεῖν.
1246 3299 1356 3352 Καὶ
1382 3298 1624 3352 Ἀκὲσιον
1652 3300 1760 3369 γάρ
1785 3300 1884 3368 τῆς

308 3396 415 3450 τῶν
440 3393 797 3450 Ναυατιανῶν
831 3391 1126 3463 θρησκείας
1171 3390 1470 3443 ἐπίσκοπον
1501 3391 1594 3443 καὶ
1628 3390 1753 3453 τοὺς
1786 3390 1883 3444 σὺν

310 3486 457 3557 αὑτῷ
497 3486 784 3555 ὲκεκλήκει
822 3485 901 3546 εἰς
943 3482 1040 3552 τὴν
1080 3482 1317 3546 σύνοδον,
1353 3480 1427 3541 ὡς
1461 3481 1553 3533 καὶ
1588 3481 1784 3545 αὐτοὺς
1823 3481 1883 3535 τὸ

312 3575 592 3646 ὁμοούσιον
643 3575 737 3628 καὶ
764 3574 864 3643 τὴν
894 3572 1100 3643 Τριάδα
1139 3570 1481 3635 δοξάζοντας.
1511 3571 1668 3624 Μετά
1701 3566 1796 3625 οὖν
1822 3571 1883 3624 τὸ

311 3666 597 3737 ἐκτεθῆναι
643 3664 740 3718 καὶ
785 3664 1167 3736 ὐπογραφῆναι
1219 3661 1372 3732 παρά
1403 3678 1471 3721 τις¹
1510 3661 1612 3731 τῆς
1659 3663 1880 3715 συνόδου

310 3758 405 3814 καὶ
431 3758 524 3811 τοῦ
558 3757 823 3829 βασιλέως
862 3756 953 3809 τὸν
982 3756 1107 3826 ὅρον
1153 3754 1251 3825 τῆς
1283 3753 1536 3817 πίστεως,
1571 3752 1760 3825 ἠρώτα
1792 3754 1882 3807 τὸν

320 3851 565 3906 Ἀκέσιον
598 3850 1001 3910 Κωνσταντῖνος
1040 3848 1069 3899 6
1099 3845 1371 3931 βασιλεὺς,
1398 3846 1448 3897 ει
1496 3847 1591 3897 καὶ
1619 3845 1783 3908 αὐτὸς
1810 3847 1878 3915 τῇ
1908 3847 1917 3857 ‘

314 3943 492 3996 πίστει
513 3940 822 3994 συντίθεται
850 3939 945 3992 καὶ
965 3938 1044 4009 τῷ
1068 3936 1279 4009 ὁρισμῷ
1304 3936 1403 4006 τῆς
1426 3937 1556 4007 περὶ
1575 3935 1669 3989 τοῦ
1693 3936 1883 4006 Πάσχα

314 4034 524 4105 ἑορτῆς.
574 4034 633 4085 '0
679 4032 736 4085 δὲ
786 4032 1029 4093 Ἀκέσιος
1073 4030 1207 4101 πρὸς
1247 4029 1433 4094 αὐτὸν,
1457 4028 1626 4082 Οὐδὲν
1672 4028 1880 4093 καινὸν,

310 4124 435 4195 ἔφη,
464 4120 510 4179 ὦ
541 4122 782 4194 βασιλεῦ,
814 4124 847 4193 ὴ
882 4120 1095 4182 σύνοδος
1124 4118 1322 4190 ὥρισεν
1349 4136 1360 4148 ·
1388 4118 1529 4172 οὕτω
1549 4117 1656 4189 γάρ
1678 4118 1882 4173 ἄνωθεν

310 4217 546 4279 ἅπαντες
572 4222 635 4269 ὲκ
670 4215 776 4268 τῶν
808 4212 1181 4268 ἀποστολικῶν
1224 4212 1431 4283 θρόνων
1460 4211 1881 4281 παρειλήφαμεν

308 4309 522 4363 καὶτὸν
554 4308 679 4378 ὅρον
720 4307 820 4377 τῆς
865 4305 1124 4371 πίστεως,
1166 4303 1262 4357 xui.
1305 4302 1397 4355 τὸν
1437 4302 1629 4373 χρόνον
1659 4302 1758 4372 τῆς
1784 4299 1878 4354 τοῦ

308 4401 496 4470 πάσχα
534 4398 746 4469 ἑορτῆς.
783 4397 892 4450 Καὶ
935 4396 962 4447 6
1013 4393 1262 4465 βασιλεὺς
1293 4393 1426 4462 πρὸς
1459 4392 1643 4446 αὐτόν·
1681 4392 1746 4444 Τί
1787 4386 1881 4445 οὖν

1985 3209 2165 3263 dentia
2202 3210 2256 3263 in
2292 3210 2719 3277 ecclesiasticam
2764 3226 2948 3280 pacem
2995 3212 3362 3277 incumbebat,
3399 3224 3454 3267 ut
3492 3231 3560 3268 ne

1983 3298 2206 3351 minima
2237 3298 2455 3367 quidem
2500 3300 2813 3369 uegligeret.
2858 3298 3067 3353 Etenim
3104 3299 3357 3353 Acesium
3399 3310 3559 3354 serue

1981 3388 2410 3443 Novatianorum
2461 3390 2800 3460 episc0pum,
2838 3400 2891 3446 et
2941 3390 3061 3460 ejus
3089 3391 3268 3446 socios
3305 3393 3358 3446 in
3391 3408 3556 3463 syno-

1982 3482 2110 3536 dum
2145 3481 2379 3546 vocavit,
2427 3483 2570 3537 haud
2622 3482 2782 3537 aliter
2828 3498 2989 3551 quam
3025 3482 3171 3552 ipsos
3201 3486 3292 3551 qui
3320 3485 3556 3539 consub-

1983 3571 2236 3628 stantiale
2279 3582 2333 3627 et
2380 3572 2701 3627 Trinitatem
2757 3572 3127 3629 celebrabant.
3166 3574 3244 3628 Ac
3272 3583 3556 3644 postquam

1985 3665 2191 3718 decisio
2238 3664 2303 3719 de
2336 3664 2439 3718 ﬁde
2481 3680 2604 3719 cum
2660 3666 2710 3719 in
2758 3665 3183 3720 commentarios
3212 3667 3405 3730 relata,
3444 3677 3554 3721 tum

1983 3755 2467 3824 subscriptionibus
2523 3756 2838 3809 confirmata
2874 3770 2904 3809 a
2953 3756 3156 3825 synodo
3212 3764 3268 3811 et
3325 3758 3556 3823 impera-

1984 3856 2100 3901 tore
2178 3858 2327 3909 erat,
2403 3846 2701 3915 imperator
2781 3846 3168 3901 Constantinus
3241 3848 3559 3902 sciscitaba-

1984 3947 2071 3992 tur
2111 3939 2178 3991 ab
2206 3937 2434 4001 Acesio,
2465 3946 2643 3990 utrum
2709 3938 2823 4006 ipse
2870 3937 3043 4009 eidem
3073 3939 3218 4003 tidei,
3245 3946 3300 3991 et
3338 3939 3556 3992 decreto

1981 4043 2198 4099 quoque
2233 4029 2300 4081 de
2338 4028 2457 4082 festi
2504 4027 2787 4083 Paschatis
2832 4028 3207 4081 observatione
3256 4031 3558 4084 constituto

1982 4121 2360 4175 assentiretut'.
2413 4117 2551 4172 Tum
2588 4118 2720 4174 ille:
2763 4118 2910 4173 Nihil
2954 4120 3097 4184 novi,
3146 4119 3338 4189 inquit,
3384 4136 3416 4174 ο
3452 4123 3557 4176 im-

1983 4195 2222 4280 perafor,
2280 4209 2568 4264 concilium
2626 4211 2897 4276 decrevit;
2958 4225 3079 4263 nam
3138 4213 3436 4280 antiquitus
3490 4215 3559 4265 ab

1983 4301 2361 4370 Aposmlornm
2396 4301 2615 4355 sedibus
2646 4315 2836 4356 omnes
2886 4300 3127 4355 eamdem
3176 4301 3297 4357 ﬁdei
3332 4303 3561 4356 decisio-

1986 4408 2147 4459 nem,
2198 4404 2253 4448 et
2292 4394 2433 4446 idem
2484 4402 2698 4461 tempus
2745 4391 2868 4447 festi
2917 4391 3200 4447 Paschalis
3228 4395 3557 4463 accepimus.

309 4457 738 4562 τῆςηκοινωνίας
790 4489 947 4559 ἡμῶν
1002 4457 1251 4558 {(0)9ng,
1294 4457 1353 4539 ’ό
1399 4485 1455 4538 δὲ
1523 4484 1768 4547 Ἀκέσιος
1815 4483 1884 4538 τὰ

1988 4484 2122 4538 Τιιιιι
2155 4484 2449 4554 imperator
2474 4500 2487 4536 :
2516 4483 2625 4539 Cur
2645 4484 2807 4553 igitur
2835 4494 2886 4539 te
2911 4500 2940 4536 a
2966 4486 3347 4539 communione
3376 4496 3557 4538 nostra

309 4584 403 4637 ἰπὶ
429 4582 620 4636 Δεκίου
660 4583 802 4634 κατὰ
837 4580 931 4632 τὸν
960 4576 1201 4647 διωγμὸν
1237 4578 1499 4647 γινόμενα
1529 4575 1659 4646 περὶ
1688 4575 1797 4629 τῶν
1825 4577 1884 4629 ἐν

307 4675 389 4746 τῷ
430 4673 717 4747 μαρτυρίιρ
778 4672 853 4743 μὴ
902 4668 1241 4739 δυνηθέντων
1288 4666 1691 4735 ἀγωνίσασθαι,
1747 4665 1886 4719 ἀλλά

307 4770 725 4841 ἀρνησαμένων,
753 4765 1015 4835 διηγεῖτο,
1046 4763 1141 4814 καὶ
1170 4762 1459 4832 ἀκρίϐειαν
1485 4760 1762 4832 αὐστηροῦ
1785 4778 1888 4815 και

307 4861 456 4923 νόνος
507 4858 906 4932 προεϐάλλετο,
960 4855 1165 4923 λέγων·
1215 4854 1290 4917 ὡς
1321 4854 1463 4922 "Aput
1519 4854 1579 4906 οὐ
1610 4854 1716 4924 χρὴ
1758 4854 1887 4916 τοὺς

312 4953 452 5023 μετά
500 4954 562 5005 τὸ
621 4951 906 5020 βάπτισμα
954 4946 1346 5018 ἡμαρτηκότας
1401 4945 1652 5014 δέχεσθαι
1718 4961 1883 5013 μετα-

308 5041 585 5103 νοοῦντας,
617 5041 650 5110 ἢ
682 5040 782 5107 τῆς
813 5038 1100 5099 κοινωνίας
1128 5034 1221 5088 τοῦ
1252 5033 1551 5106 μυστηρίου
1576 5035 1668 5086 τοῦ
1691 5031 1882 5087 λοιποῦ

311 5130 619 5197 ἀξιοῦσθαι.
661 5131 847 5184 Ταῦτα
876 5129 1119 5189 εἰπόντος
1160 5126 1254 5179 τοῦ
1305 5125 1575 5189 Ἀκεσίου,
1606 5125 1713 5195 ἔφη
1748 5125 1885 5194 πρὸς

310 5223 474 5275 αὒτὸν
520 5224 548 5274 6
583 5222 868 5292 βασιλεύς·
914 5222 1035 5285 Θὲς,
1081 5213 1125 5271 ὦ
1160 5219 1392 5280 Ἀκέσιε,
1431 5217 1673 5286 κλίμακα
1701 5216 1882 5286 μόνος,

312 5315 407 5366 καὶ
440 5313 669 5383 ἀνάϐηθι
699 5315 779 5374 είς
812 5311 902 5365 τὸν
932 5310 1181 5382 οὐρανόν.
1206 5310 1360 5363 Μετὰ
1409 5308 1581 5361 ταῦτα
1610 5309 1809 5365 πάντες
1837 5310 1887 5361 οἱ

312 5406 602 5458 ἐπίσκοποι
663 5404 1024 5467 διατυπώσεις
1071 5400 1531 5473 ὲκκλησιαστικάς
1597 5400 1888 5470 διαφόρους

312 5496 638 5550 ἐκτίθενται.

396 5715 622 5772 “Socr.
648 5718 746 5775 lib.
770 5733 807 5783 ι,
846 5731 965 5786 cap.
1003 5718 1100 5786 1οξ
1126 5728 1179 5775 et
1210 5719 1428 5776 Sozam.
1463 5716 1558 5773 lib.
1595 5732 1634 5783 ι,
1662 5731 1781 5787 cap.
1817 5716 1907 5770 21.

1981 4574 2311 4643 segregasti'l
2339 4573 2431 4628 Ille
2464 4587 2552 4627 res
2597 4583 2856 4643 regnante
2898 4572 3059 4627 Decio
3105 4585 3283 4640 gestas
3307 4614 3323 4640 ,
3355 4584 3407 4627 et
3441 4589 3561 4643 qua:

1983 4665 2359 4736 persecutione
2419 4665 2702 4735 ingruente
2760 4664 3105 4730 acciderant,
3147 4675 3206 4721 et.
3246 4672 3313 4721 de
3368 4666 3433 4721 iis
3464 4666 3554 4735 qui

1983 4758 2234 4829 martyrii
2290 4765 2564 4811 certamen
2630 4758 2911 4812 decertare
2965 4772 3072 4811 non
3127 4767 3410 4827 poterant,
3463 4757 3558 4812 scd

1986 4847 2265 4904 Christum
2327 4847 2701 4919 abnegabaut,
2769 4849 3044 4914 narravit,
3125 4849 3562 4917 exquisitamque

1989 4941 2161 4995 severi
2199 4941 2477 5009 cujusdam
2527 4942 2749 4995 canonis
2779 4941 3211 4995 observationem
3241 4943 3293 4993 in
3324 4941 3559 4992 medium

1981 5030 2433 5096 adduxit:Quod
2480 5047 2585 5086 nou
2623 5042 2875 5101 Oporteat
2926 5046 3019 5085 eos
3078 5031 3165 5099 qui
3213 5039 3333 5096 post
3386 5030 3562 5096 ὺιιιιιὶο

1985 5138 2163 5178 smum
2190 5132 2505 5191 peccarunt,
2557 5124 2809 5193 quamvis
2863 5123 3191 5193 poenitentes
3248 5118 3559 5183 admittere,

1989 5228 2088 5267 nec
2119 5214 2498 5283 mysteriorum
2534 5215 2915 5268 conmmnioue
2943 5211 3150 5283 dignari
3175 5212 3242 5263 ".
3275 5207 3405 5274 Qua:
3435 5224 3558 5263 eum

1988 5305 2486 5367 dixissctAcesius,
2531 5306 2825 5375 imperator
2855 5306 2933 5361 sic
2972 5305 3119 5359 illum
3165 5304 3338 5356 demto
3368 5300 3562 5353 allatus

1985 5404 2068 5447 est
2101 5410 2116 5447 :
2148 5394 2356 5464 Erigito
2399 5396 2493 5449 tibi
2524 5396 2749 5461 scalam,
2781 5395 2959 5459 Acesi,
2988 5403 3041 5447 et
3080 5393 3145 5447 ad
3183 5391 3379 5446 coelum
3411 5391 3561 5443 solus

1986 5485 2290 5540 ascendite.
2333 5485 2460 5540 Post
2499 5490 2611 5541 haec
2651 5503 2842 5541 omnes
2883 5486 3118 5556 cpisc0pi
3162 5485 3343 5538 varias
3387 5482 3560 5538 eccle—

1986 5577 2237 5631 siasticas
2267 5578 2681 5633 constitutiones
2709 5578 2893 5633 edunt.

1991 5717 2032 5748 ’“
2059 5716 2226 5771 Conc.
2258 5718 2455 5772 EliL-er.
2491 5733 2609 5772 can.
2642 5717 2689 5771 1.
