4072 6392
502 327 641 396 1315

1098 441 1254 501 CAP.
1296 439 1466 497 XXX.

571 555 652 612 De
676 554 1039 627 diotyposibus
1067 556 1434 611 ecclesiasticis
1460 568 1630 608 sermo
1648 552 2004 623 dogmaticus.

570 731 865 788 Versemur
893 748 1015 787 cum
1047 733 1164 785 luce
1185 774 1200 799 ,
1233 747 1354 801 qua:
1378 741 1463 786 est
1494 730 1765 790 Christus.
1823 737 2080 795 tanquam

503 826 603 894 ipsi
650 824 936 895 pr0pinqui
985 824 1313 878 exsistcutes
1342 863 1357 885 ,
1400 831 1456 876 et
1508 822 1681 888 ipsum
1726 820 2080 890 aspicientes.

506 917 601 973 Sic
636 919 689 971 in
722 917 1193 971 sanctificautibus
1241 913 1649 982 precationibus
1703 926 2079 967 exerceamus.

506 1010 706 1066 Preces
734 1010 879 1064 enim
910 1007 1281 1068 sanctiﬁcaut,
1314 1006 1356 1059 si
1400 1004 1642 1059 divinum
1677 1003 1914 1057 Verbum
1948 1004 2083 1057 ado-

507 1116 715 1156 remus.
770 1099 1007 1154 Verbum
1044 1106 1223 1151 autem
1274 1096 1514 1150 divinum
1545 1095 1740 1158 adest,
1777 1094 1865 1148 ubi
1904 1109 1998 1148 cor
2029 1102 2086 1148 et

507 1210 643 1263 pura
677 1193 799 1246 vitae
832 1192 1106 1245 institutio
1139 1190 1191 1243 in
1225 1188 1531 1242 humilitate
1561 1196 1946 1241 conservatur.
1977 1183 2086 1238 La-

512 1285 741 1339 liorabat
772 1282 939 1336 Israel
972 1280 1241 1335 sacrilicia
1279 1278 1601 1345 perlicieus;
1633 1276 1944 1330 clamabant
1964 1291 2088 1344 pro-

512 1377 689 1446 pltette
720 1376 786 1428 ad
818 1376 982 1428 Deum
1018 1390 1032 1428 :
1071 1391 1090 1424 ι
1130 1372 1331 1427 Emitte
1365 1372 1537 1424 lucem
1571 1379 1718 1423 tuam
1769 1380 1826 1423 et
1883 1368 2087 1421 verita—

512 1480 621 1523 tem
659 1478 803 1521 tuam
860 1467 928 1519 ".
968 1484 987 1517 s
1024 1463 1101 1517 llli
1151 1463 1456 1516 clamabant
1480 1499 1494 1524 ,
1524 1469 1579 1515 et
1612 1473 1710 1514 nos
1759 1459 2085 1527 accepimus:

516 1581 536 1613 ε
575 1560 677 1614 Alii
712 1559 1119 1617 laboraverunt,
1169 1555 1306 1608 sicut
1338 1551 1595 1605 Dominus
1630 1551 1788 1613 dixit,
1822 1560 1876 1603 et
1907 1563 2003 1602 uos
2033 1548 2088 1603 in

512 1652 752 1705 laborem
805 1651 1039 1719 ipsorum
1084 1645 1446 1699 introivimus.
1491 1661 1509 1694 ι
1550 1641 1705 1696 Venit
1728 1641 1871 1695 enim
1903 1640 1966 1693 ad
1995 1654 2091 1693 nos

1740 327 2043 389 GELASII
2086 327 2429 389 CYZICENI

3630 324 3764 391 l316

2783 447 2829 499 Κ
2841 445 3035 498 ΕΦΛΛ.
3077 441 3157 500 A'.

2180 558 2322 626 Περί
2373 556 2490 611 τῶν
2542 556 3062 629 ἐκκλησιαστικῶν
3116 556 3546 629 διατυπώσεων
3584 560 3767 629 λόγος

2751 628 3204 691 διδασκαλικός.

2265 738 2642 809 Ὀμιλήσωμεν
2664 736 2741 806 τῷ
2762 738 2922 806 φωτὶ,
2954 737 2982 791 ὅ
3009 738 3157 789 ἔστιν
3189 739 3217 790 ό
3245 735 3501 806 Χριστὸς,
3524 735 3601 799 ὡς
3632 737 3768 808 πὶησ

2186 829 2299 884 σίον
2333 829 2499 883 αὑτοῦ
2535 829 2789 891 ἑστῶτες,
2820 827 2895 891 ὡς
2924 827 3156 897 δρῶντες
3190 826 3372 886 αὑτὸν.
3399 825 3572 890 οὕτως
3606 827 3765 880 πολι-

2182 920 2506 991 τευσὼμεθα
2565 922 2688 984 ταῖς
2739 919 2925 989 εὐχαῖς
2999 916 3374 985 ἀγιαζούσαις.
3430 917 3602 986 Εὐχαὶ
3662 917 3771 987 γὰρ

2183 1010 2525 1081 άγιάζουσιν,
2554 1011 2651 1064 ἐὰν
2686 1009 2829 1081 λόγῳ
2858 1009 2986 1078 θείῳ
3026 1009 3493 1080 προσευχώμεθαο
3525 1008 3682 1076 λόγος
3712 1010 3771 1063 δὶ

2186 1104 2332 1166 θεῖος
2370 1104 2672 1175 πάρεστιν.
2711 1101 2840 1155 ἔνθα
2889 1101 3086 1170 καρδία
3126 1102 3219 1153 καὶ
3255 1100 3503 1153 πολιτεία
3551 1100 3773 1171 καθαρὰ

2188 1196 2247 1247 ἐν
2284 1190 2751 1261 ταπεινοφροσύνῃ
2802 1189 3152 1259 φυλάττεται.
3188 1187 3466 1258 Ἐκαμνεν
3494 1190 3522 1240 ὀ
3558 1187 3777 1257 Ἰσραὴλ

2186 1281 2287 1344 τὰς
2310 1281 2502 1343 θυσίας
2527 1278 2791 1333 ἐπιτελῶν
2810 1295 2824 1309 ο
2854 1277 3088 1348 ἔκραζον
3115 1279 3163 1332 oi
3195 1276 3473 1348 προφῆται
3509 1278 3644 1349 πρὶς
3675 1278 3771 1330 τὸν

2187 1373 2321 1425 θεόν
2347 1388 2360 1401 ·
2390 1391 2408 1423 ι
2450 1370 2861 1436 Ἐξαπόστειλον
2894 1368 2953 1421 τὸ
2985 1369 3099 1438 φῶς
3131 1385 3225 1423 σου
3257 1369 3353 1421 καὶ
3377 1370 3477 1438 τὴν
3506 1368 3770 1439 ἀλήθειάν

2191 1480 2305 1516 σου.
2346 1481 2365 1515 s
2411 1463 2639 1515 Ἐκεῖνοι
2665 1461 2918 1531 ἔκραζον,
2946 1462 3039 1514 καὶ
3069 1461 3228 1530 ἡμεῖς
3259 1459 3546 1529 ἐλάϐομεν·
3578 1478 3599 1511 ι
3637 1460 3777 1513 Ἀλ-

2189 1555 2269 1608 λοι
2303 1554 2715 1615 κεκοπιάκασι,›
2750 1552 2931 1616 καθὼς
2960 1546 3111 1606 εἶπεν
3139 1554 3167 1605 ὁ
3197 1551 3419 1623 Κύριος,
3451 1571 3469 1603 ι
3498 1554 3592 1606 καὶ
3616 1554 3778 1623 ἡμεῖς

2192 1649 2272 1710 εἰς
2319 1646 2412 1699 τὸν
2452 1646 2620 1699 κόπον
2657 1643 2837 1698 αὐτῶν
2884 1641 3337 1714 εἰσεληλύθαμεν.
3377 1662 3396 1696 s
3454 1638 3626 1696 τΗλθε
3666 1644 3778 1714 γάρ

515 1744 798 1804 Dominus,
820 1741 1038 1794 dicens:
1062 1758 1079 1790 ‹
1102 1738 1213 1805 Ego
1238 1752 1353 1791 sum
1372 1736 1481 1799 lus,
1501 1749 1598 1805 ego
1620 1748 1735 1787 sum
1755 1730 2043 1786 veritas":
2066 1749 2086 1781 s

2195 1742 2332 1813 πρὸς
2365 1743 2512 1812 ἡμᾶς
2542 1741 2705 1803 αὐτὸς
2736 1742 2764 1794 ὁ
2807 1739 3013 1810 Κύριος
3057 1739 3267 1807 λέγων·
3304 1758 3323 1792 ι
3383 1739 3529 1808 Ἐγώ
3567 1740 3685 1808 εἰμι
3722 1740 3781 1791 τὸ

516 1841 637 1893 sine
694 1837 877 1890 labore
935 1835 1242 1902 accepimus
1289 1831 1559 1902 gratiam,
1600 1830 1694 1883 sed
1726 1842 1850 1882 cum
1909 1826 2092 1882 labore

2196 1832 2335 1902 φῶς,
2378 1831 2488 1901 ἐγώ
2538 1833 2653 1901 εἰμι
2693 1833 2728 1902 ἡ
2778 1831 3023 1903 ἀλήθεια.
3068 1850 3088 1883 s
3135 1831 3460 1900 Ἀκαμάτως
3511 1830 3782 1900 ἐλάϐομεν

523 1940 741 1999 Oportet
773 1943 870 1984 nos
903 1927 1132 1997 gratiam
1163 1936 1513 1979 conservare.

518 2125 594 2180 De
617 2125 697 2178 Itis
727 2122 815 2193 qui
836 2122 1020 2175 dicunt
1055 2135 1157 2174 non
1194 2126 1432 2189 oportere
1454 2114 1788 2171 Christianos
1823 2111 2092 2167 laborare.

590 2297 858 2367 Quoniam
898 2293 1061 2364 aliqui
1122 2290 1368 2345 uolentes
1424 2287 1699 2350 laborare,
1753 2286 1848 2341 scd
1899 2282 2095 2338 curiosi

518 2407 681 2453 esse,
730 2388 871 2444 male
917 2387 1349 2455 interpretantur
1396 2394 1584 2435 sacras
1621 2376 1831 2432 Domini
1891 2390 2094 2440 voces,

519 2483 797 2539 dicentis:
837 2497 857 2532 ι
899 2477 977 2533 Ne
1025 2478 1146 2531 sitis
1197 2472 1415 2529 solliciti
1469 2470 1663 2525 animae
1724 2478 1924 2523 vestra:
1971 2468 2099 2535 quid

522 2571 858 2628 manducetis
885 2569 932 2601 ⁸⁸
958 2555 983 2623 ἰ
1023 2587 1041 2618 ι
1081 2566 1304 2637 perinde
1359 2579 1422 2617 ac
1459 2563 1505 2618 si
1545 2560 1725 2617 verbis
1765 2561 1897 2629 ipsis
1922 2560 2103 2614 adhte-

525 2674 707 2720 rentes
759 2677 867 2717 non
899 2669 1175 2730 oporteret
1207 2655 1554 2711 Christianos
1606 2663 1808 2707 terram
1840 2650 2020 2706 colere
2046 2660 2101 2705 et

525 2756 776 2811 laborare
813 2770 827 2807 :
877 2747 1360 2805 demonstrandum
1395 2752 1480 2798 est
1511 2758 1615 2797 non
1646 2742 1726 2796 sic
1756 2741 1958 2795 dixisse
1992 2741 2100 2796 Do-

524 2847 755 2902 minum.
788 2842 1083 2898 Possumus
1113 2840 1258 2893 t'ttilll
1311 2837 1589 2900 laborare,
1629 2843 1687 2888 et
1715 2833 1892 2887 securi
1931 2846 2053 2888 esse
2075 2872 2093 2898 ,

523 2937 761 2990 scientes
788 2944 845 2988 et
871 2932 1155 2987 credentes
1187 2968 1203 2996 ,
1238 2927 1382 2997 quod
1414 2939 1637 2995 operum
1672 2932 1984 2978 nostrorum
2012 2924 2098 2977 in-

524 3030 863 3081 crementum
894 3030 948 3075 et
980 3018 1189 3073 fructus
1221 3019 1336 3086 ipse
1371 3014 1630 3069 Dominus
1659 3014 1774 3079 dat,
1804 3014 1893 3082 qui
1918 3015 2054 3068 dixit
2081 3032 2095 3069 :

2195 1924 2294 1992 τὴν
2325 1923 2506 1994 χάριν,
2544 1922 2681 1977 ἀλλὰ
2710 1923 2800 1977 δια
2833 1923 3082 1994 καμάτου
3114 1921 3196 1975 δεῖ
3222 1924 3373 1993 ἡμᾶς
3403 1922 3638 1991 φυλάξαι
3683 1923 3781 1994 τὴν

2195 2015 2379 2085 χάριν.

2199 2129 2337 2198 Περί
2379 2128 2496 2183 τῶν
2535 2129 2839 2198 λεῖηόντων
2868 2127 2955 2259 ἕὴ
2975 2128 3136 2253 ϐδεῖν
3180 2126 3576 2197 Χριστιανοὺς
3607 2128 3784 2198 ἐργά-

2898 2214 2971 2251 εο-
3010 2215 3091 2252 αι.

2898 2214 3091 2252 εσθαι.

2284 2309 2547 2380 Ἐπείπερ
2576 2308 2721 2371 τινὲς
2758 2308 2859 2361 οὐκ
2896 2305 3226 2377 ἐργάζεσθαι
3260 2304 3609 2378 βουλόμενοι,
3646 2304 3785 2361 ἀλλὰ

2202 2399 2683 2474 περιεργάζεσθαι,
2702 2398 3105 2469 ὲκλαμὸἀνουσι
3130 2398 3311 2462 κακῶς
3334 2396 3429 2461 τάς
3455 2396 3549 2450 τοῦ
3570 2397 3782 2468 Κυρίου

2203 2494 2353 2565 ἱερὰς
2404 2491 2607 2561 φωνὰς.
2658 2489 2923 2552 εἰπόντος·
2986 2507 3004 2541 t
3047 2490 3139 2558 Μὴ
3185 2489 3489 2559 μεριμνᾶτε
3527 2490 3594 2558 τῇ
3633 2487 3782 2557 ψυχῇ

2201 2584 2377 2656 ὑμῶν,
2413 2583 2465 2637 τί
2499 2583 2710 2653 φάγητε
2731 2599 2746 2612 ο
2779 2600 2800 2635 s
2835 2581 2913 2645 ὡς
2935 2582 2995 2633 οὺ
3022 2580 3222 2651 χρῆναι
3249 2580 3520 2648 λέγοντες,
3549 2580 3782 2632 ἀκολουο

2201 2676 2428 2739 θοῦντας
2467 2678 2534 2745 τῇ
2583 2676 2734 2745 φωνῇ
2793 2673 2967 2744 ταύτῃ
3018 2672 3349 2743 ἐργάζεσθαι
3392 2672 3473 2734 εἰς
3525 2671 3628 2740 τὴν
3677 2674 3782 2740 γῆν

2205 2765 2599 2838 Χριστιανούςο
2645 2765 2993 2819 ἀποδεικτέον
3024 2767 3153 2835 ἡμῖν
3191 2763 3268 2834 μὴ
3296 2762 3470 2828 οὕτως
3497 2763 3782 2834 εἰρηκέναι

2198 2861 2292 2914 τὸν
2322 2858 2549 2931 Κύριον.
2599 2857 2870 2929 Ἑγχωρεῖ
2917 2856 3026 2930 γάρ
3056 2856 3151 2911 καὶ
3193 2854 3525 2926 ἐργάζεσθαι
3559 2854 3659 2907 καὶ
3702 2854 3780 2924 μὴ

2203 2954 2495 3024 μεριμνᾷν,
2531 2951 2739 3013 εἰδότας
2780 2952 2927 3021 ἡμᾶς
2979 2949 3074 3004 καὶ
3115 2948 3498 3012 πιστεύοντας,
3545 2946 3627 2999 ὅτι
3669 2946 3781 2999 τῶν

2202 3042 2375 3114 ἔργων
2405 3042 2561 3113 ἡμῶν
2589 3042 2686 3113 τὴν
2716 3040 2966 3113 αὔξησιν,
2998 3042 3093 3095 καὶ
3120 3041 3249 3103 τοὺς
3283 3040 3529 3110 καρποὺς
3555 3037 3713 3099 αὐτὸς
3745 3037 3775 3088 6

529 3134 551 3166 s
594 3117 685 3168 Sic
717 3125 802 3165 est
834 3126 1056 3179 regnum
1094 3109 1206 3174 Dei,
1241 3104 1694 3177 quemadmodum
1733 3106 1780 3160 si
1815 3103 1978 3159 homo
2007 3105 2092 3175 ja-

2203 3103 2672 3205 Ιξιίριοςδίδωσιν,
2703 3103 2891 3187 εἰπὼν·
2922 3103 3156 3195 «illitos;
3188 3103 3386 3202 ἐστὶ.νῆ
3412 3127 3646 3202 βασιλεία
3671 3128 3772 3180 τοῦ

531 3209 639 3261 ciut
684 3214 983 3259 sementem
1029 3203 1082 3255 in
1138 3212 1337 3255 terram
1365 3238 1381 3262 ,
1413 3207 1469 3252 et
1499 3198 1780 3264 dormiat,
1816 3206 1874 3251 et
1913 3210 2102 3269 surgat

528 3309 686 3355 nocte
714 3299 765 3349 ei
802 3299 885 3347 die
921 3312 936 3347 :
966 3304 1019 3347 et
1058 3308 1244 3347 semen
1295 3289 1609 3359 germinat,
1641 3295 1699 3344 et
1751 3291 2016 3360 assurgit,
2045 3300 2103 3345 et

530 3407 634 3445 non
669 3388 816 3442 novit
848 3388 962 3454 ipse
994 3384 1063 3437 ".
1112 3402 1131 3434 s

944 3608 1019 3663 De
1041 3608 1244 3663 clericis
1276 3607 1415 3662 sacri
1440 3610 1660 3666 ordinis.

603 3724 805 3784 Cleiici
834 3723 973 3778 sacri
1008 3723 1212 3777 ordinis
1239 3722 1541 3777 cmlestium
1591 3723 1697 3794 typi
1744 3733 1800 3779 et
1843 3724 2104 3794 imagines

527 3833 648 3874 esse
675 3818 890 3870 debent.
920 3814 1214 3883 Episcopus
1235 3814 1450 3883 quidem
1474 3815 1633 3870 debet
1657 3816 1905 3871 obtinere
1926 3816 2102 3870 locum

531 3909 768 3972 Domini,
801 3919 1057 3974 tauquam
1098 3914 1263 3974 caput
1301 3914 1418 3975 post
1455 3906 1605 3961 illum
1652 3907 1908 3963 Ecclesia:
1938 3923 2101 3977 quam

528 4001 735 4069 recepit
774 4015 789 4053 :
828 3998 1114 4067 presbyter
1163 4007 1348 4052 tenere
1397 3997 1557 4054 debet
1588 4000 1774 4055 sedem
1819 4010 1874 4055 et
1928 4000 2102 4056 locum

529 4091 872 4160 serapliicum
900 4103 917 4152 ;
950 4089 1211 4143 diaconus
1245 4099 1422 4143 autem
1454 4090 1808 4147 cheruliicum
1875 4107 1888 4144 :
1945 4093 2105 4147 mini-

527 4195 644 4240 ster
673 4196 803 4237 vero
832 4180 919 4262 bis
943 4179 1254 4236 ministrare
1283 4181 1464 4236 debet.

562 4400 719 4466 Quod
745 4417 847 4455 nou
880 4410 1079 4467 oportet
1110 4399 1273 4455 (uicos
1304 4400 1359 4453 iu
1417 4408 1715 4469 suggestum
1749 4403 2050 4457 ascendere.

595 4533 712 4587 Non
750 4534 871 4588 licet
907 4534 1074 4589 laicos
1107 4534 1159 4588 iu
1193 4540 1508 4602 suggestum
1539 4533 1833 4591 ascendere
1855 4576 1870 4600 ,
1907 4550 2103 4608 praeter

522 4641 618 4681 eos
646 4627 738 4695 qui
767 4627 943 4698 legere
973 4634 1066 4680 aut
1098 4639 1298 4679 canere
1318 4639 1383 4678 ex
1416 4622 1571 4679 libris
1599 4624 1817 4682 debent.

974 4846 1053 4901 De
1083 4854 1267 4901 sancto
1308 4846 1641 4915 baptismate.

598 4982 870 5048 Baptisma
908 4993 1158 5037 nostrum
1212 4999 1316 5036 non
1354 4984 1525 5039 oculis
1559 4989 1805 5057 corporis
1840 4993 2089 5048 conside-

520 5075 749 5129 randum
781 5083 865 5126 est
895 5113 911 5136 ,
950 5074 1044 5127 sed
1079 5072 1293 5127 tuentis.
1342 5075 1550 5143 Aquam
1590 5078 1740 5133 vides
1769 5119 1783 5144 ,
1810 5084 2089 5137 considera

518 5166 775 5217 virtutem
813 5160 905 5215 Dei
940 5164 991 5216 iu
1024 5163 1180 5232 aquis
1216 5165 1605 5220 absconditam.
1643 5166 1700 5221 ln
1724 5179 1912 5223 sancto
1945 5172 2089 5225 cnim

520 5254 727 5322 Spiritu
758 5266 810 5305 et
834 5255 956 5323 igne
989 5256 1249 5324 baptizari
1282 5272 1378 5310 nos
1414 5258 1574 5312 docet
1607 5258 1982 5329 Evangelium.
2021 5264 2080 5316 ln

521 5346 628 5397 nde
653 5343 796 5395 enim
835 5345 1181 5414 baptizantis,
1215 5358 1269 5402 et
1298 5347 1400 5401 [ide
1432 5349 1711 5418 llapllZilll,
1753 5366 1848 5418 per
1877 5366 2087 5407 sacram

520 5432 914 5489 lnvocatiouem
947 5436 1133 5506 plenas
1159 5438 1589 5494 sanctiﬁcatione
1608 5439 1843 5510 Spiritus
1873 5450 1926 5496 et
1950 5444 2088 5510 ignis

519 5522 683 5579 divini
730 5539 898 5595 aquas
930 5527 1237 5583 considera.
1280 5546 1298 5580 ε
1336 5529 1456 5598 Ipse
1489 5530 1635 5584 enim
1662 5569 1677 5595 ,
1722 5532 1918 5601 inquit,
1961 5534 2084 5603 bap-

2203 3225 2359 3292 Θεοῦ,
2389 3225 2465 3289 ὼς
2503 3225 2597 3278 ἐὰν
2632 3224 2917 3296 ἅνθρωπος
2950 3224 3090 3300 βάλῃ
3121 3225 3210 3277 τὸν
3242 3223 3447 3295 σπόρον
3488 3219 3649 3275 αὑτοῦ
3680 3219 3778 3274 ἐπὶ

2202 3317 2302 3387 τὴν
2349 3316 2475 3387 γῆν,
2526 3316 2623 3370 καὶ
2679 3317 2936 3389 καθεύδῃ,
2987 3317 3082 3370 καὶ
3137 3316 3411 3388 ἐγείρεται
3463 3314 3635 3367 νύκτα
3686 3314 3782 3366 καὶ

2203 3407 2438 3478 ἡμέραν·
2472 3406 2566 3459 καὶ
2597 3408 2627 3459 ό
2656 3407 2856 3476 σπόρος
2887 3405 3175 3478 βλαστάνει
3205 3406 3299 3460 καὶ
3331 3403 3639 3473 μηκύνεται
3660 3441 3677 3466 ,
3705 3403 3784 3465 ὡς

2200 3494 2304 3551 οὐκ
2329 3483 2465 3550 οἰδεν
2496 3497 2675 3559 αὑτός.
2718 3513 2737 3549 ι

2648 3633 2785 3702 Περὶ
2814 3632 2932 3687 τῶν
2952 3632 3327 3703 ἰερουμένων.

2277 3745 2417 3809 Τοὺς
2458 3746 2802 3816 ίερουμένους
2841 3747 2917 3810 εἰς
2950 3747 3120 3800 τύπον
3150 3748 3244 3800 καὶ
3282 3747 3469 3802 εἰκόνα
3497 3748 3606 3818 χρὴ
3643 3744 3789 3804 εἶναι

2204 3837 2312 3891 τῶν
2341 3839 2700 3908 ἐπουρανίωνσ
2732 3839 2828 3893 καὶ
2855 3838 2948 3892 τὸν
2987 3839 3085 3911 μὲν
3110 3838 3409 3894 ἐπίσκοπον
3439 3840 3663 3911 έπέχειν
3691 3842 3789 3895 τὸν

2204 3929 2370 3983 τόπον
2393 3930 2489 3984 τοῦ
2522 3930 2725 4002 Κυρίου
2745 3971 2761 3994 ,
2791 3932 2867 3994 ὡς
2896 3930 3137 4001 κεφαλὴν
3172 3932 3292 4002 μετ’
3327 3932 3490 3985 αὐτὸν
3524 3932 3656 3986 ὄντα
3685 3934 3789 4004 τῆς

2219 4021 2566 4091 Ἐκκλησίας,
2593 4017 2661 4094 ἦς
2693 4022 3019 4093 παρείληφε.
3046 4023 3149 4077 Τὸν
3174 4023 3233 4077 δὶ
3262 4024 3661 4093 πρεσϐύτερον,
3695 4027 3792 4078 τὶν

2205 4113 2502 4185 σεραφικὸν
2551 4113 2771 4183 ἐπέχειν
2825 4114 3051 4183 θρόνον⁹
3106 4113 3200 4167 τὸν
3250 4114 3309 4169 δὶ
3354 4115 3639 4180 διάκονον,
3692 4118 3791 4169 τὸν

2204 4204 2540 4276 χερουδικόνο
2571 4205 2663 4258 τὸν
2691 4205 2970 4276 ὑπηρέτην
2996 4207 3077 4268 εἰς
3098 4205 3379 4261 διακονίαν
3407 4207 3618 4262 τούτων
3644 4202 3789 4262 εἷναι

2205 4293 2494 4365 προσήκει.

2131 4446 2175 4503 ι)
2206 4425 2344 4494 Περί
2374 4423 2482 4478 τοῦ
2503 4422 2588 4493 μὴ
2615 4422 2745 4477 δεῖν
2772 4425 3025 4491 λατκοὺς
3062 4423 3292 4479 ἀνιέναι
3319 4426 3389 4480 ἐν
3418 4427 3497 4494 τῷ
3529 4427 3775 4499 ἇμεωγι.

2274 4557 2410 4628 Περί
2439 4555 2532 4610 τοῦ
2569 4556 2645 4627 μὴ
2688 4558 2802 4611 δεῖν
2841 4557 3064 4622 λαῖκοὺς
3092 4558 3302 4615 ἀνιέναι
3345 4563 3404 4616 έν
3434 4563 3510 4633 τῷ
3540 4564 3779 4634 ἄμϐωνι.

2200 4648 2340 4718 πλὴν
2384 4647 2493 4701 τῶν
2529 4647 2879 4718 τεταγμένων
2923 4647 3317 4717 ἀναγινώσκειν
3361 4651 3395 4721 ἢ
3446 4652 3677 4722 ψάλλειν
3724 4654 3782 4706 ιν

2197 4743 2318 4804 ταῖς
2334 4738 2635 4810 διφθέραις.

2516 4850 2653 4920 Περὶ
2685 4849 2791 4904 τοῦ
2823 4851 2996 4920 ἁγίου
3022 4852 3462 4925 βαπτίσματος.

2268 4985 2342 5039 To
2389 4985 2672 5059 βάπτισμα
2709 4987 2866 5058 ἡμῶν
2898 4987 2960 5041 οὐ
2998 4991 3109 5052 τοῖς
3144 4987 3423 5057 αἰσθητοῖς
3472 4984 3787 5055 ὀφθαλμοῖς

2198 5076 2582 5145 κατανοητέον,
2616 5077 2754 5129 ἀλλὰ
2785 5078 2897 5139 τοῖς
2924 5080 3151 5147 νοεροῖς.
3180 5077 3364 5147 ’Υδωρ
3397 5076 3551 5146 ὁρᾷς,
3580 5075 3785 5144 νόησον

2193 5165 2291 5234 τὴν
2327 5169 2383 5219 ὲν
2413 5171 2524 5231 τοῖς
2572 5167 2728 5221 ὕδασι
2773 5168 3160 5238 κρυπτομένην
3201 5166 3295 5220 τοῦ
3335 5163 3470 5218 Θεοῦ
3513 5163 3777 5232 δύναμιν.

2208 5257 2297 5309 Ἐν
2325 5258 2432 5328 γὰρ
2466 5258 2742 5330 Πνεῦματι
2771 5262 2913 5334 ἁγίῳ
2942 5262 3036 5314 καὶ
3070 5260 3203 5329 πυρὶ
3232 5255 3590 5328 βαπτίζεσθαι
3619 5257 3784 5323 ἡμᾶς

2190 5350 2239 5401 οἰ
2266 5349 2401 5419 ἱεροὶ
2427 5350 2735 5407 διδάσκουσι
2756 5354 2921 5422 λόγοι·
2949 5356 3004 5405 ἐν
3025 5352 3134 5422 γάρ
3158 5352 3332 5404 πίστει
3358 5348 3450 5401 τοῦ
3480 5345 3782 5418 βαπτίζον·

2192 5456 2305 5501 τος.
2334 5442 2427 5494 καὶ
2458 5443 2516 5494 ὲν
2546 5443 2728 5497 πίστει
2757 5445 2853 5498 τοῦ
2891 5442 3287 5514 βαπτιζομένου
3316 5481 3331 5501 .
3366 5440 3454 5493 διὰ
3480 5439 3583 5508 τῆς
3617 5438 3803 5507 ἱερᾶς·

2193 5531 2556 5601 ἐπικλήσεως,
2584 5533 2769 5605 πλήρη
2794 5534 2888 5588 τοῦ
2909 5533 3184 5605 ἀγιασμοῦ
3207 5533 3299 5587 τοῦ
3325 5531 3643 5602 Πνεῦμα-τος
3673 5526 3786 5580 καὶ

587 5697 633 5727 "
657 5690 800 5754 Psal.
831 5717 960 5766 sui,
991 5698 1048 5753 3.
1127 5700 1174 5733 ⁸⁸
1192 5698 1352 5755 Joan.
1388 5716 1459 5765 tv,
1491 5701 1581 5757 58.
1657 5703 1705 5735 “
1725 5702 1883 5759 Joan.
1917 5719 2036 5770 vm,
2078 5705 2319 5774 12,-xn',
2356 5707 2407 5762 6.
2484 5707 2532 5739 "
2551 5705 2746 5763 Matth.
2795 5723 2873 5774 vr,
2900 5708 2991 5763 25.
3069 5709 3117 5741 ⁸⁸
3140 5706 3306 5763 Marc.
3335 5721 3412 5774 tv,
3439 5704 3529 5770 26,
3564 5702 3657 5763 27.
