4072 6396
326 362 456 430 ιιι-1

1198 363 1569 424 HISTORIA
1607 360 1943 425 CONCILII
1984 362 2287 424 NIC/ENI.
2327 388 2397 402 --
2435 363 2581 423 LIB.
2625 362 2708 423 Ii.

3444 362 3578 429 1913

318 475 414 528 τοῦ
453 474 600 527 θείου
632 470 803 544 πυρὸς
833 472 942 526 νόει
970 473 1037 525 τά
1069 469 1260 526 ὕδατα.
1298 489 1317 523 ι
1371 471 1544 533 Αύτδς
1574 470 1712 540 γὰρ,
1747 450 1903 538 φησὶ,

2011 470 2195 524 lizabit
2228 484 2324 524 vos
2366 470 2417 523 in
2456 470 2661 538 Spiritu
2705 475 2896 525 sancto
2924 478 2977 525 et
3009 469 3131 540 igne
3164 470 3231 526 ".
3275 489 3294 525 ι
3344 471 3565 526 Descen-

321 564 576 635 βαπτίσει
617 565 762 638 ὑμᾶς
794 565 852 617 ἐν
881 562 1159 634 Πνεύματι
1200 562 1342 632 ἁγίῳ
1375 564 1470 615 καὶ
1498 561 1652 632 πυρί.
1695 580 1715 612 ι
1751 560 1902 612 Κατ-

320 660 537 728 έρχεται
572 656 672 726 μὲν
701 652 794 710 οὖν
823 658 851 709 ὁ
888 654 1285 726 βαπτιζόμενος
1312 652 1613 713 ὑπεύθυνος
1646 652 1901 722 ἁμαρτη-

325 749 530 817 μάτων,
561 749 654 801 καὶ
697 751 761 819 τῇ
795 751 894 820 τῆς
932 745 1141 818 φθορᾶς
1176 744 1389 818 δουλείᾳ
1432 745 1768 815 ἐνεχόμενος·
1806 742 1898 796 ἀν-

321 840 539 911 έρχεται
581 841 641 894 δὲ
683 839 1072 910 ἐλευθερωθεὶς
1113 839 1211 909 τῆς
1255 855 1314 891 τε
1357 837 1616 907 τοιαύτης
1658 833 1903 896 δουλείας

321 934 416 985 καὶ
442 934 541 1003 τῆς
584 932 882 1004 ἁμαρτίας,
928 932 1056 994 Υἱὸς
1099 932 1193 983 τοῦ
1234 929 1370 983 Θεοῦ
1419 929 1513 983 καὶ
1565 926 1904 999 κληρονόμος

320 1022 504 1092 χάριτι
542 1023 709 1076 αὑτοῦ
741 1020 1016 1091 γεγονὼς,
1052 1020 1495 1091 συγκληρονὸμος
1538 1019 1595 1074 δὲ
1639 1015 1900 1088 Χριστοῦ,

321 1114 485 1166 αὑτὸν
522 1114 885 1186 ἐνδυσάμενος
923 1113 1013 1167 τὸν
1046 1114 1306 1185 Χριστὸν,
1379 1111 1563 1175 καθὼς
1633 1112 1962 1181 γέγραπται·

325 1211 509 1261 σασθε.
542 1226 562 1258 ι

325 1300 463 1367 Περὶ
491 1299 600 1365 τῆς
634 1301 799 1367 θείας
829 1301 1148 1370 τραπέζης,
1183 1301 1281 1355 καὶ
1305 1304 1412 1356 τοῦ
1438 1301 1530 1355 ἐπ’
1571 1299 1768 1366 αὐτὴν
1791 1316 1904 1370 tu);

393 1374 645 1442 στηρίου
694 1372 800 1426 τοῦ
855 1367 1131 1442 σώματος
1189 1373 1287 1426 καὶ
1341 1373 1447 1427 τοῦ
1497 1373 1745 1441 αἵματος
1796 1367 1903 1421 τοῦ

396 1440 673 1508 Χριστοῦ.

406 1551 529 1603 Ἐπὶ
567 1552 663 1621 τῆς
705 1550 854 1614 θείας
884 1555 1169 1627 τραπέζης
1219 1554 1379 1609 πάλιν
1414 1551 1692 1607 κάνταῦθα
1727 1550 1801 1622 μὴ
1830 1549 1906 1621 τῷ

325 1642 674 1711 προκειμένῳ
702 1644 852 1714 ἄρτῳ
883 1645 978 1698 καὶ
1032 1646 1109 1715 τῷ
1141 1647 1387 1716 ποτηρίῳ
1426 1643 1699 1707 ταπεινῶς
1736 1659 1906 1711 προσ-

326 1735 562 1803 έχωμεν.
586 1735 724 1787 Ἀλλ’
756 1736 1066 1805 ὑψώσαντες
1093 1739 1251 1809 ἡμῶν
1294 1741 1393 1807 τὴν
1434 1737 1692 1802 διάνοιαν,
1725 1736 1905 1788 πίστει

326 1826 606 1895 νοήσωμεν
656 1826 868 1880 κεῖσθαι
907 1829 998 1880 ἐπὶ
1035 1830 1131 1898 τῆς
1182 1830 1333 1899 ἱερᾶς
1383 1829 1596 1897 ἐκείνης
1629 1825 1909 1897 τραπέζης

325 1916 417 1969 τὸν
460 1918 631 1985 ἀμνὶν
662 1917 755 1970 τοῦ
794 1918 955 1982 Θεοῦ,
986 1920 1078 1973 τὸν
1107 1921 1332 1990 αἴροντα
1371 1921 1470 1991 τὴν
1510 1919 1787 1989 ἁμαρτίαν
1815 1917 1906 1971 τοῦ

326 2006 534 2075 κόσμου
556 2048 570 2072 ,
618 2007 832 2070 ἀθύτως
861 2009 967 2062 ὑπὸ
993 2009 1103 2063 τῶν
1152 2010 1343 2081 ἱερέων
1375 2010 1651 2081 θυόμενον.
1700 2010 1811 2063 Καὶ
1847 2011 1911 2062 τὸ

325 2096 506 2165 τίμιον
538 2097 704 2151 αὐτοῦ
742 2098 904 2169 σῶμα
954 2103 1047 2153 καὶ
1079 2097 1219 2171 αἷμα
1265 2100 1483 2171 ἀληθῶς
1532 2100 1908 2172 λαμϐάνοντας

327 2190 494 2256 ἡμᾶς,
530 2191 807 2244 πιστεύειν
841 2190 1016 2265 [forte
1056 2193 1435 2265 πιστεύωμεν]
1462 2193 1635 2248 ταῦτα
1673 2190 1810 2246 εἶναι
1840 2193 1909 2246 τὰ

325 2280 427 2348 της
473 2284 752 2353 ἡμετέρας
799 2285 1150 2347 ἀναστάσεως
1180 2285 1447 2355 σύμϐολα.
1486 2285 1585 2337 Διά
1611 2284 1770 2337 τοῦτο
1802 2286 1911 2356 γὰρ

325 2369 448 2423 οὔτε
480 2373 614 2425 πολὺ
646 2373 1026 2445 λαμϐάνομεν,
1066 2375 1182 2427 ἀλλ’
1216 2376 1398 2443 ὀλίγον
1418 2418 1431 2438 ,
1464 2375 1551 2428 ἵνα
1584 2376 1803 2445 γνῶμεν
1829 2376 1909 2429 ὅτι

325 2461 427 2515 οὐκ
454 2465 531 2527 είς
566 2464 906 2537 πλησμονὴν,
939 2466 1054 2519 ἀλλ’
1089 2469 1168 2530 είς
1195 2467 1488 2537 ἁγιασμόν.

568 2578 707 2644 Περὶ
745 2576 852 2645 τῆς
884 2578 953 2632 ἐκ
986 2577 1216 2648 νεκρῶν
1244 2579 1665 2647 ἀναστάσεως.

402 2686 516 2756 Οὐχ
540 2687 729 2751 ἁπλῶς
755 2690 784 2742 ὁ
810 2688 1011 2755 Κύριος
1035 2690 1134 2761 τὴν
1162 2691 1357 2744 ἑαυτοῦ
1388 2692 1566 2762 σάρκα
1591 2693 1690 2745 ύπὲ
1699 2711 1731 2763 ρ
1756 2694 1787 2764 ἡ
1797 2694 1912 2762 μῶν

328 2778 647 2845 παρέδωκεν
698 2780 776 2842 είς
819 2779 988 2843 πάθος
1040 2782 1135 2834 καὶ
1189 2781 1456 2846 θάνατον,
1509 2783 1627 2836 ἀλλ’
1676 2784 1777 2856 ἵνα-
1812 2787 1912 2856 τὴν

327 2868 606 2939 ἡμετέραν
643 2870 916 2941 σωτηρίαν
952 2872 1487 2946 πραγματεύσηται,
1527 2876 1727 2947 καίπερ
1753 2852 1914 2932 Elati-

329 2957 489 3027 θερος
516 2958 592 3013 ὣν
622 2960 715 3013 τοῦ
750 2961 983 3016 θανάτου
1005 3004 1021 3030 ,
1052 2963 1235 3027 καθὼς
1265 2965 1523 3038 ἀνωτέρω
1563 2969 1591 3018 ό
1622 2967 1780 3036 λόγος
1808 2971 1914 3022 ἀπ-

328 3047 522 3113 έδειξε.
572 3051 678 3122 Bo;
723 3054 751 3106 ὁ
801 3056 1100 3125 Προφήτης
1144 3055 1220 3118 ὡς
1267 3057 1332 3109 ἐκ
1379 3056 1670 3129 προσώπου
1705 3060 1908 3129 αὐτοῦ,

327 3143 736 3209 προαναφωνῶν
785 3142 847 3197 τὸ
882 3143 1074 3213 μέλλον
1104 3146 1202 3214 τῆς
1248 3145 1391 3198 κατά
1430 3148 1607 3216 σάρκα
1635 3148 1800 3202 αὑτοῦ
1832 3151 1910 3202 οἱ·

328 3227 592 3297 κονομίας
619 3231 951 3302 μυστήριονο
986 3250 1005 3283 ι
1052 3232 1352 3302 Ἐγενήθην
1382 3275 1395 3298 ,
1429 3237 1616 3303 φησὶν,
1648 3235 1782 3289 ὡσεὶ
1825 3238 1918 3291 ἄν·

330 3316 547 3388 θρωπος
577 3320 899 3392 ἀϐοήθητος,
935 3323 991 3376 ὲν
1026 3324 1244 3393 νεκροῖς
1276 3323 1584 3395 ἐλεύθερος.
1647 3344 1666 3378 ι
1717 3325 1815 3388 Τίς
1859 3326 1917 3381 δὲ

329 3409 617 3480 ἰλεύθερος
670 3411 924 3476 Θανάτου,
974 3414 1022 3466 εί
1078 3413 1153 3483 μὴ
1206 3413 1376 3477 Θεός;
1428 3412 1590 3467 Ἀλλὰ
1627 3416 1769 3469 κατά
1815 3415 1915 3479 τὰς

332 3501 853 3572 προαποδειχθείσας
894 3502 1200 3568 ἀποδείξεις
1239 3504 1545 3575 σαρκωθεὶς
1591 3505 1681 3559 διὰ
1730 3506 1916 3575 φιλαν-

335 3587 614 3657 θρωπίαν,
647 3591 870 3659 γέγονεν
926 3592 1064 3644 ώσεὶ
1109 3592 1400 3664 ἄνθρωπος
1445 3594 1770 3665 ἀϐοήθητος,
1817 3610 1917 3647 τα-

337 3680 608 3746 πεινώσας
637 3682 737 3753 τὴν
766 3683 963 3737 ἑαυτοῦ
991 3682 1171 3754 σάρκα
1206 3686 1367 3756 μέχρι
1403 3685 1655 3750 θανάτου,
1683 3687 1914 3742 θανάτου

329 3767 389 3822 δὲ
411 3772 666 3844 σταυροῦ,
699 3775 733 3843 ἣ
767 3775 861 3827 καὶ
899 3775 1199 3847 ὲγηγέρθαι
1237 3778 1610 3848 κηρύττεται,
1643 3777 1732 3832 ἵνα
1767 3779 1916 3851 ἡμᾶς

311 3859 743 3926 ,ἀπαθανατίσας
763 3902 779 3927 ,
807 3866 1156 3939 πρυτανεύσῃ
1180 3869 1314 3938 ἡμῖν
1330 3870 1442 3932 τοῖς
1470 3869 1916 3939 ἀπεγνωσμένοις

331 3947 401 4002 δι’
442 3950 611 4020 αὐτῆς
642 3951 741 4021 τῆς
781 3954 1057 4024 ἡμετέρας
1096 3956 1350 4027 ἀπαρχῆς
1399 3956 1498 4025 τὴν
1540 3956 1640 4027 τῆς
1681 3957 1917 4013 ἀναστά-

334 4056 473 4103 σεως
524 4042 682 4112 ἡμῶν
717 4043 941 4096 ἐλπίδα·
984 4046 1131 4110 ὅπως
1165 4046 1367 4119 μηκέτι
1413 4040 1565 4117 ὦμεν
1611 4047 1791 4101 δοῦλοι
1837 4047 1914 4119 τῷ

331 4132 537 4202 αἰωνίῳ
552 4133 784 4203 θανάτῳ,
808 4134 922 4189 ἀλλ’
938 4135 1232 4206 ἐλεύθεροι,
1247 4137 1499 4208 καθάπερ
1522 4138 1617 4191 καὶ
1638 4140 1670 4210 ὴ
1693 4139 1913 4212 ἀπαρχὴ

329 4222 490 4293 ἡμῶν
541 4224 777 4296 Χριστὸς
804 4263 818 4288 ,
850 4226 996 4281 καθά
1026 4244 1192 4298 φησιν
1239 4228 1268 4280 ὀ
1318 4228 1587 4299 μακάριος
1616 4228 1914 4293 ἀπόστολος

330 4313 565 4378 Παῦλοςθ
601 4332 619 4365 ι
673 4316 922 4388 Ἀπαρχὴ
955 4317 1210 4387 Χριστὸς,
1251 4318 1443 4373 ἔπειτα
1473 4321 1521 4374 οἱ
1545 4320 1639 4373 τοῦ
1677 4321 1913 4391 Χριστοῦ

330 4406 392 4458 ὲν
415 4408 482 4477 τῇ
511 4409 783 4479 παρουσίᾳ
810 4410 996 4465 αύτοῦ.
1055 4431 1073 4463 ι
1118 4414 1216 4466 Ὃν
1245 4412 1341 4465 καὶ
1380 4412 1613 4484 Σωτῆρα
1660 4414 1823 4467 αὐτὸν
1850 4413 1912 4484 δὴ

329 4493 521 4548 τοῦτον
562 4497 654 4548 τὸν
696 4496 903 4567 Κύριον
946 4499 1106 4570 ἡμῶν
1151 4500 1361 4570 Ἰησοῦν
1391 4502 1627 4572 Χριστὸν
1673 4501 1766 4554 τὸν
1818 4502 1911 4555 τοῦ

330 4586 468 4640 Θεοῦ
493 4589 584 4641 καὶ
606 4590 817 4662 Πατρός
834 4591 956 4645 Υίὸν
978 4595 1238 4664 μονογενῆ
1266 4594 1661 4665 ἀπεκδέχεσθαι
1682 4596 1828 4666 ἡμᾶς
1854 4594 1914 4660 ἐξ

332 4678 577 4748 οὐρανῶν
603 4722 617 4745 ,
651 4682 1028 4753 ἀναστήσοντα
1059 4683 1216 4754 ἡμῶν
1249 4688 1313 4739 ἐκ
1342 4686 1451 4739 τῶν
1490 4688 1681 4755 τάφων
1709 4686 1779 4741 τὰ
1812 4686 1916 4740 σώ-

334 4786 505 4848 ματα,
528 4772 616 4823 ὲπι
626 4770 987 4843 μαρτύρεται,
1017 4772 1226 4842 λέγων’
1253 4795 1270 4826 ι
1293 4775 1480 4844 Ἦμῶν
1500 4777 1560 4829 τὸ
1588 4777 1912 4848 πολίτευμα,

332 4863 539 4930 φησὶν,
596 4865 653 4916 ὲν
705 4865 957 4934 οὐρανοῖς
1006 4865 1272 4935 ὑπάρχει,
1318 4867 1379 4932 ἐξ
1435 4863 1494 4922 οῦ
1544 4871 1640 4922 καί⁵
1686 4870 1917 4939 Σωτῆρα

327 4952 748 5023 ἀπεκδεχόμεθα
781 4957 983 5026 Κύριον
1027 4957 1232 5025 Ἰησοῦν
1263 4960 1519 5031 Χριστὸν,
1554 4959 1611 5024 ὃς
1641 4977 1913 5031 μετασχη-

332 5041 556 5111 ματίσει
587 5045 648 5095 τὸ
680 5047 839 5117 σῶμα
867 5047 965 5117 τῆς
993 5048 1375 5112 ταπεινώσεως
1401 5050 1559 5122 ἡμῶν
1588 5052 1911 5123 σύμμορφον

327 5131 409 5202 τῷ
436 5130 649 5203 σώματι
673 5140 770 5207 τῆς
795 5138 953 5208 δόξης
979 5140 1168 5195 αὐτοῦ.
1204 5161 1223 5193 ι
1253 5142 1410 5196 Οὕτω
1432 5144 1536 5215 γὰρ
1563 5143 1644 5197 δεῖ
1666 5145 1725 5198 τὸ
1752 5145 1910 5216 σῶμα

325 5222 487 5293 ἡμῶν
516 5225 860 5299 δοξασθῆναι,
899 5232 975 5295 ὡς
1011 5233 1071 5285 τὸ
1104 5232 1197 5286 τοῦ
1229 5235 1528 5296 Δεσπὸτου,
1565 5238 1914 5291 ἀνεπίδεκτον

327 5317 524 5379 κακίας
573 5320 666 5373 καὶ
703 5321 921 5376 πάντων
965 5325 1073 5378 τῶν
1120 5324 1215 5377 νῦν
1245 5326 1463 5391 παθῶν,
1497 5328 1782 5400 ἐλεύθερον
1816 5329 1910 5382 τοῦ

327 5405 559 5461 θανάτου
589 5412 683 5463 καὶ
723 5414 818 5482 τῆς
859 5415 1152 5486 ἁμαρτίας,
1194 5419 1372 5486 ἅγιονο
1411 5420 1498 5472 ἵνα
1536 5421 1595 5472 ὲν
1631 5420 1910 5492 καινότητι

2009 561 2087 614 dit
2128 562 2307 630 itaque
2335 561 2426 631 qui
2456 562 2765 631 baptizatur
2798 578 2921 616 reus
2965 574 3308 633 peccatorum
3338 604 3354 630 ,
3391 579 3447 618 et
3481 565 3579 618 ob-

2007 652 2203 707 noxius
2235 653 2482 706 servituti
2516 654 2881 722 corruptiOnis
2909 670 2925 707 :
2956 664 3009 709 et
3038 657 3282 709 ascendit
3316 655 3578 709 liberatus

2004 743 2072 796 ab
2105 743 2207 796 hac
2231 745 2494 797 servitute
2523 753 2577 798 et
2606 753 2847 812 peccato,
2883 743 3060 799 factus
3091 746 3230 800 (ilius
3265 745 3357 801 Dei
3384 757 3437 800 et
3466 745 3611 798 li:r-'

2012 846 2099 886 res
2135 833 2310 901 gratia
2361 835 2549 903 ipsius,
2582 837 2824 889 cohaeres
2870 846 3050 888 autem
3088 835 3288 889 Christi
3318 875 3332 896 ,
3363 837 3579 888 indutus

2006 924 2180 993 ipsum
2211 924 2488 980 (Ihrisntm
2510 963 2524 987 ,
2573 925 2718 979 sicut
2747 927 3009 992 scriptum
3043 937 3127 981 est
3159 945 3174 980 :
3204 944 3222 977 ι
3262 926 3582 991 Quicunque

2007 1014 2061 1067 in
2086 1012 2362 1068 Christum
2395 1013 2651 1083 baptizati
2674 1017 2831 1079 estis,
2863 1014 3142 1070 Christum
3179 1016 3431 1070 lndnistis
3455 1013 3522 1067 ".
3556 1030 3574 1063 ι

2013 1124 2032 1158 ι
2075 1106 2234 1161 Ὅσοι
2271 1108 2349 1170 εἰς
2395 1107 2632 1179 Χριστὸν
2681 1106 3069 1179 ἐϐαπτίσθητε,
3120 1106 3356 1180 Χριστὸν
3403 1101 3583 1159 ἐνεδύ-

2008 1289 2085 1344 De
2115 1289 2294 1343 divina
2322 1300 2591 1363 metumet
2627 1290 2690 1344 de
2729 1306 2787 1343 eo
2816 1292 2958 1363 quod
2990 1292 3048 1363 in
3080 1292 3203 1363 ipso
3225 1299 3302 1344 est
3332 1292 3582 1363 mysterio

2272 1370 2273 1373 ‘
2358 1362 2591 1429 corporis
2631 1371 2677 1414 et
2712 1358 2987 1428 sanguinis
3008 1358 3224 1416 Christi.

2078 1541 2281 1598 lterum
2333 1544 2496 1598 etiam
2533 1543 2622 1597 hic
2652 1543 2705 1596 in
2754 1543 2935 1596 divina
2968 1558 3149 1597 mensa
3197 1558 3264 1599 ne
3300 1544 3586 1600 humiliter

2010 1634 2204 1689 intenti
2257 1637 2427 1689 simus
2476 1635 2543 1688 ad
2587 1634 2924 1704 propositum
2960 1649 3150 1702 panem
3183 1644 3237 1687 et
3286 1634 3581 1704 poculum:

2011 1728 2103 1781 sed
2140 1726 2449 1781 attollentes
2495 1734 2726 1779 mentem
2756 1765 2770 1791 ,
2805 1724 2911 1779 (ide
2938 1724 3307 1794 intelligamus
3335 1727 3495 1779 situm
3532 1727 3583 1780 itt

2011 1835 2164 1874 sacra
2210 1819 2298 1873 illa
2329 1834 2516 1872 mensa
2553 1833 2748 1886 agnum
2792 1817 2941 1870 illum
2986 1816 3100 1880 Dei,
3141 1816 3420 1870 tollentem
3457 1831 3586 1885 pec-

2010 1920 2189 1965 catum
2219 1911 2425 1975 tuundi,
2455 1910 2738 1963 incruente
2762 1923 2791 1961 a
2816 1907 3190 1961 sacerdotibus
3216 1906 3584 1960 immolatum:

2010 2013 2064 2058 et
2121 2003 2417 2072 pretiosum
2469 2001 2643 2070 ipsius
2673 2015 2875 2069 corpus
2904 2009 2959 2053 et
2998 2000 3314 2068 sanguinem
3344 2014 3473 2053 vere
3500 2013 3591 2052 sn-

2012 2104 2224 2148 mentes
2253 2132 2269 2157 ,
2320 2091 2546 2147 credere
2596 2093 2709 2146 haec
2759 2106 2880 2145 esse
2934 2100 3136 2144 nostra:
3179 2090 3590 2144 resurrectionis

2012 2184 2279 2257 symbola.
2313 2184 2543 2252 Propter
2572 2183 2674 2237 hoc
2703 2182 2851 2235 enim
2901 2197 3081 2251 neque
3117 2180 3349 2235 nudtum
3387 2180 3592 2246 accipi—

2012 2290 2153 2341 mus,
2184 2274 2280 2326 sed
2307 2288 2521 2341 parum,
2551 2282 2608 2324 ut
2637 2271 2875 2325 sciamus
2900 2273 3045 2340 quod
3070 2282 3178 2323 non
3203 2268 3464 2332 satietati,
3493 2267 3590 2323 sed

2011 2365 2384 2420 sanctimoniae
2409 2363 2700 2417 sumimus.

2365 2561 2443 2616 De
2483 2560 2865 2615 resurrectione
2897 2575 2930 2612 α
2969 2559 3213 2612 mortuis.

2081 2676 2199 2732 Non
2220 2675 2540 2745 simpliciter
2569 2674 2831 2728 Dominus
2862 2687 3012 2726 suam
3044 2672 3214 2740 ipsius
3240 2684 3459 2725 carnem
3494 2683 3591 2739 pro

2014 2769 2170 2824 nobis
2225 2767 2464 2837 passioui
2502 2776 2556 2820 et
2610 2765 2770 2819 morti
2818 2763 3086 2826 tradidit“,
3118 2762 3213 2818 sed
3255 2769 3313 2815 ut
3346 2770 3589 2814 nostram

2013 2862 2241 2916 salutem
2304 2866 2664 2927 procuraret,
2705 2872 2825 2910 cum
2860 2855 2997 2909 liber
3024 2862 3170 2909 esset
3218 2869 3247 2907 a
3280 2862 3454 2908 morte
3482 2892 3497 2917 ,
3533 2859 3592 2905 ut
3679 2844 3685 2851 ’

2012 2964 2200 3006 sermo
2258 2949 2511 3018 superius
2564 2948 2982 3001 demonstravit.
3052 2945 3269 2999 Clamat
3323 2944 3588 3012 Propheta

2013 3045 2169 3114 quasi
2222 3058 2290 3099 ex
2334 3057 2565 3113 persona
2619 3040 2789 3110 ipsius
2816 3081 2831 3105 ,
2866 3040 3166 3110 prmdicens
3201 3039 3439 3093 futurum
3472 3038 3590 3106 ejus

2016 3136 2309 3190 secundum
2344 3149 2564 3189 carnem
2592 3133 2910 3188 mconmuiaa
2939 3131 3256 3202 mysterium
3292 3147 3306 3183 :
3339 3149 3357 3181 ι
3393 3129 3590 3184 Factus

2014 3242 2159 3291 sum,
2187 3226 2382 3295 inquit,
2414 3224 2567 3295 quasi
2606 3224 2768 3277 homo
2795 3223 2917 3278 sine
2949 3223 3240 3290 adiutorio.
3274 3223 3416 3275 inter
3442 3238 3588 3275 mor-

2004 3328 2139 3372 .tuos
2165 3318 2298 3372 liber
2326 3317 2394 3391 ξ’.
2420 3335 2439 3369 ι
2466 3316 2598 3382 Quis
2629 3325 2808 3369 autem
2832 3315 2968 3368 liber
2998 3331 3026 3368 a
3062 3325 3258 3378 morte,
3283 3314 3384 3368 nisi
3412 3312 3594 3367 Deus?

2017 3409 2122 3466 Sed
2152 3411 2306 3479 juxta
2339 3407 2489 3478 prius
2519 3419 2770 3462 ostensas
2809 3407 3591 3479 demonstrationesint-arua-

2019 3509 2104 3555 tus
2147 3478 2376 3569 propter
2430 3498 2707 3553 hominum
2768 3496 3159 3562 dilectionem,
3211 3478 3386 3551 factus
3435 3495 3588 3565 quasi

2016 3593 2179 3647 homo
2203 3592 2322 3644 sine
2352 3588 2644 3658 adiutorio,
2674 3587 2968 3642 humilians
2985 3602 3136 3642 suam
3170 3587 3339 3655 ipsius
3368 3602 3590 3649 carnem

2015 3697 2188 3753 usque
2218 3684 2281 3736 ad
2315 3692 2568 3745 mortem,
2609 3688 2835 3736 mortem
2861 3688 3045 3732 autem
3081 3677 3260 3732 crucis
3292 3677 3360 3741 '°,
3389 3692 3509 3745 qua:
3538 3687 3596 3732 et

2016 3774 2388 3829 resurrexisse
2417 3773 2744 3842 praedicatur
2785 3778 2886 3824 :ut
2916 3777 3203 3837 postquam
3237 3781 3334 3822 nos
3369 3769 3594 3823 immor-

2020 3870 2152 3925 tales
2198 3868 2425 3930 l‘ccerit,
2458 3883 2555 3937 per
2588 3867 2859 3936 primitias
2902 3876 3121 3921 nostras
3172 3866 3594 3921 resurrectionis

2016 3974 2165 4031 spem
2201 3961 2355 4015 nobis
2397 3960 2560 4015 etiam
2611 3959 2913 4027 desperatis
2944 3958 3352 4028 suppeditaret,
3387 3968 3447 4011 ut
3485 3974 3591 4012 non

2016 4051 2247 4124 amplius
2293 4051 2516 4106 obnoxii
2547 4050 2720 4104 simus
2754 4060 2973 4104 aeternae
3018 4049 3218 4113 morti,
3267 4048 3361 4103 sed
3395 4048 3592 4113 liberi,

2014 4144 2471 4215 quemadmodum
2523 4150 2579 4196 et
2628 4140 2884 4209 primitiae
2942 4150 3147 4194 nostrae
3204 4138 3499 4201 Christus,
3538 4150 3596 4193 ut

2016 4239 2192 4309 inquit
2220 4238 2413 4291 beatus
2443 4232 2730 4302 apostolus
2766 4231 2963 4286 Paulus
3018 4250 3032 4286 :
3075 4249 3094 4282 ι
3138 4230 3399 4286 Primitiae
3436 4229 3597 4285 Chri-

2017 4329 2366 4395 suts,deinde
2395 4327 2447 4380 hi
2466 4326 2556 4394 qui
2581 4323 3013 4388 suutChristi,in
3035 4322 3263 4377 adventu
3298 4322 3467 4393 ipsius
3490 4324 3587 4377 ⁸η.»

1949 4422 2085 4499 DEt
2155 4420 2331 4487 ipsum
2401 4414 2738 4471 Salvatorem
2801 4413 2945 4468 hunc
2999 4412 3287 4466 Dominum
3343 4423 3592 4467 nostrum

2008 4516 2191 4570 losum
2228 4509 2506 4564 Christum
2559 4506 2651 4560 Dei
2688 4514 2745 4559 et
2795 4503 2971 4559 Patris
3012 4502 3208 4557 Filium
3256 4504 3591 4574 unigenitum

2011 4615 2327 4674 exspectare
2363 4615 2463 4655 nos
2514 4600 2566 4653 in
2617 4597 2792 4661 ctelis,
2822 4611 2945 4653 cum
3013 4607 3197 4652 nostra
3249 4612 3474 4666 corpora
3525 4613 3592 4653 ex

2010 4695 2275 4769 sepulcris
2318 4691 2663 4753 excitaverit,
2715 4699 2948 4746 testatur
3005 4691 3192 4745 dicens
3238 4709 3252 4745 :
3300 4708 3320 4743 ι
3351 4689 3591 4745 Conver-

2012 4790 2149 4844 satio
2180 4794 2362 4841 nostra
2395 4784 2446 4837 in
2483 4782 2640 4838 cmlis
2661 4790 2767 4845 est,
2795 4783 2938 4835 unde
2960 4788 3014 4835 et
3042 4781 3380 4836 Salvatorem
3415 4782 3595 4836 Domi-

2014 4896 2140 4934 nmn
2170 4887 2416 4932 nostrum
2446 4873 2630 4929 Jesum
2663 4873 2968 4940 Christum,
3000 4874 3093 4944 qui
3123 4873 3439 4930 reformabit
3468 4890 3593 4928 cor-

2013 4984 2112 5038 pus
2140 4965 2462 5022 humilitatis
2497 4973 2717 5027 nostrae,
2748 4964 3147 5032 conﬁguratum
3204 4966 3421 5031 corpori
3481 4965 3595 5018 cla-

2012 5060 2192 5113 ritatis
2222 5072 2334 5113 sum
2377 5056 2444 5111 θ’.
2485 5072 2506 5108 ι
2552 5054 2647 5110 Sic
2683 5054 2827 5109 enim
2869 5063 3084 5123 Oportet
3117 5069 3317 5122 corpus
3346 5063 3590 5107 nostrum

2012 5151 2300 5205 clariﬁcari
2323 5189 2337 5215 ,
2369 5148 2515 5205 sicut
2548 5157 2604 5203 et
2632 5162 2831 5216 corpus
2875 5143 3087 5201 Domini
3116 5185 3132 5210 ,
3162 5155 3218 5200 ut
3245 5145 3507 5199 malitiam
3538 5153 3595 5199 ut

2016 5253 2112 5293 eas
2156 5253 2277 5307 qua:
2310 5253 2454 5292 nunc
2505 5244 2635 5291 sunt
2689 5234 2971 5304 passiones
3017 5234 3291 5302 suscipere
3337 5241 3591 5299 nequeat,

2015 5329 2244 5384 liberum
2270 5343 2300 5381 a
2321 5337 2496 5382 morte
2526 5337 2581 5383 et
2602 5335 2849 5397 peccato,
2880 5331 3152 5386 sanctum,
3185 5331 3243 5375 ut
3273 5322 3323 5374 in
3352 5322 3593 5374 novitate

2012 5424 2134 5474 vita:
2165 5434 2287 5474 cum
2316 5418 2435 5488 ipso
2457 5419 2724 5489 possimus
2748 5415 3029 5471 ambulare
3055 5414 3109 5468 in
3135 5411 3341 5468 ccclesti
3365 5410 3589 5476 lumine,

330 5494 474 5568 ζωῆς
525 5504 624 5555 σὺν
670 5504 819 5575 αὑτῷ
871 5509 1244 5581 περιπατῆσαι
1298 5511 1618 5584 δυνηθῶμεν
1671 5516 1728 5567 ὲν
1769 5516 1909 5584 φωτὶ

2011 5529 2224 5586 seraper
2257 5530 2379 5571 cum
2432 5515 2547 5584 ipso
2577 5512 2799 5568 Christo
2830 5520 3139 5580 regnantes.
3199 5508 3255 5562 In
3293 5507 3392 5562 bac
3442 5504 3588 5560 enim

354 5725 362 5735 ι
408 5655 454 5687 ³⁷
480 5656 675 5735 Mulli}.
703 5675 785 5726 ιιι,
822 5661 903 5717 ll.
969 5664 1014 5696 ⁸³
1035 5664 1212 5721 Galat.
1249 5682 1331 5731 Ill,
1364 5667 1455 5720 27.

329 5724 461 5797 lipp.
497 5743 578 5793 In,
615 5729 702 5782 :20.

1534 5669 1582 5701 "
1605 5668 1747 5726 Psal.
1781 5685 2020 5738 Lxxxrn,
2057 5672 2111 5737 5,
2143 5670 2198 5726 6.
2257 5671 2304 5705 '°
2326 5669 2562 5741 Philipp.
2592 5684 2651 5734 ιι,
2676 5668 2732 5724 8.

2828 5668 2871 5700 ⁶¹
2893 5669 2911 5724 l
2934 5667 3063 5724 Cor.
3091 5682 3180 5734 xv,
3209 5666 3299 5722 23.
3381 5666 3425 5697 "
3447 5665 3579 5722 Phi-
