4072 6402
284 564 510 622 medicis
534 569 720 618 sectus
746 568 851 624 est,
891 559 972 612 vel
1026 573 1054 610 ιι
1092 556 1338 612 barbaris

285 663 556 712 castratns
595 664 712 720 est,
771 654 873 708 iste
921 650 1337 720 permaneat'in

293 749 459 803 clero.
509 747 660 813 Quod
712 745 758 800 si
813 743 932 813 quis
997 756 1167 798 sanus
1197 740 1342 810 seip.

287 855 406 893 sum
481 836 822 898 exsecuerit,
895 835 1037 889 hunc
1110 831 1340 900 amplius

287 930 342 984 in
391 928 538 982 clero
595 943 700 982 non
761 926 950 980 haberi
1015 922 1269 979 convenit
1324 944 1336 978 :

289 1028 344 1073 et
366 1019 620 1086 deinceps
640 1017 910 1071 neminem
931 1014 1095 1069 talem
1126 1021 1340 1082 oportet

289 1113 621 1182 promoveri.
655 1111 810 1166 Sicut
869 1119 1051 1164 autem
1102 1107 1331 1162 manife-

290 1217 436 1261 stum
477 1213 561 1258 est
603 1201 733 1257 illud
775 1203 977 1256 dictum
1027 1214 1147 1254 esse
1176 1199 1242 1253 de
1272 1198 1339 1252 iis

290 1296 382 1365 qui
439 1309 559 1349 eam
605 1309 720 1348 rem
771 1292 1025 1348 consulto
1075 1290 1335 1345 institue—

292 1399 441 1452 runt,
469 1394 524 1438 et
553 1383 673 1440 ausi
706 1392 834 1438 sunt
864 1385 1072 1453 seipsos
1111 1381 1328 1436 exscin-

294 1481 425 1534 dere
467 1495 482 1532 :
520 1480 593 1533 ita
636 1478 680 1533 si
728 1477 819 1545 qui
853 1477 936 1532 vel
973 1492 1002 1530 a
1038 1475 1291 1530 barbaris
1315 1512 1331 1539 ,

293 1570 437 1625 vela
487 1569 724 1624 dominis
764 1569 881 1624 suis
913 1567 1151 1622 eunuchi
1202 1565 1334 1620 facti

294 1663 427 1726 sint,
463 1669 517 1715 et
547 1659 897 1715 inveniantur
928 1658 1133 1729 alioqui
1160 1657 1334 1728 digni,

296 1769 392 1808 eos
432 1753 486 1806 in
519 1753 723 1808 clerum
757 1751 952 1822 recipit
977 1765 1175 1806 canon.

788 1923 854 1978 11.

299 2036 346 2069 ⁸³
381 2036 454 2090 De
471 2036 741 2104 neopliytis
766 2049 935 2103 neque
968 2032 1038 2104 ad
1071 2019 1340 2102 episcopo¥

374 2121 488 2158 rum
552 2103 715 2175 neque
740 2173 748 2175 _
773 2104 865 2175 adi
899 2103 1334 2172 presbyterorum

373 2177 612 2229 ordinem
629 2173 938 2227 ‘evehendis.

371 2285 639 2352 Quoniam
666 2282 832 2336 multa
858 2282 975 2338 sive
1005 2297 1101 2351 per
1142 2295 1336 2337 neces-

297 2379 561 2444 sitatem,
619 2377 735 2431 sive
789 2377 926 2430 alias
989 2375 1336 2445 cogentibus,

295 2478 493 2523 contra
582 2468 824 2537 regulam
906 2466 1338 2521 ecclesiasticam

295 2564 457 2621 gesta
485 2562 640 2619 sunt;
672 2553 746 2607 ita
773 2561 832 2607 ut
859 2553 1110 2608 homines
1131 2567 1198 2606 ex
1229 2555 1338 2608 vita

298 2649 495 2720 gentili
551 2664 719 2719 nuper
775 2649 956 2704 adhuc
1015 2649 1339 2703 accedentes

299 2742 374 2790 ad
409 2738 564 2790 tidem
587 2776 603 2799 ,
638 2745 690 2790 et
728 2751 895 2806 parvo
924 2745 1166 2806 tempore
1189 2747 1340 2790 cate-

301 2827 534 2892 chizati,
567 2826 650 2881 vel
682 2827 934 2881 instructi
961 2865 977 2889 ,
1008 2825 1192 2880 statim
1218 2838 1342 2880 cum

300 2920 378 2972 ad
401 2918 700 2986 spiritalem
721 2919 1051 2985 baptismum
1072 2916 1345 2980 venerint,

301 3017 366 3062 et
426 3007 685 3063 continuo
762 3007 1024 3077 baptizati
1093 3007 1340 3074 fuerint,

302 3099 476 3155 etiam
511 3101 579 3154 ad
603 3101 976 3170 episcopatum
1007 3099 1092 3154 vel
1131 3099 1348 3170 presby-

304 3195 512 3248 terium
584 3195 1060 3263 proveherentur;
1132 3201 1346 3248 rectum

303 3299 434 3340 esse
462 3285 637 3338 visum
657 3291 739 3338 est
763 3284 829 3339 de
858 3291 1057 3340 caetero
1085 3283 1218 3338 nihil
1245 3282 1351 3339 tale

309 3375 458 3429 ﬁeri.
489 3372 624 3428 Nam
655 3383 707 3428 et
742 3381 986 3443 tempore
1007 3386 1146 3442 opus
1173 3381 1274 3428 est.
1290 3381 1348 3426 ut

307 3467 392 3521 sit
409 3465 854 3529 catechumenus,
873 3474 926 3517 et
943 3472 1066 3532 post
1083 3462 1350 3532 baptisma

311 3556 484 3611 mttlta
517 3555 837 3624 probatione
859 3553 1088 3623 indiget.
1121 3552 1355 3608 Evidens

314 3657 552 3711 namque
609 3650 691 3695 est
744 3638 1102 3709 apostolicum
1153 3651 1356 3709 praece-

317 3743 471 3799 ptum
503 3731 704 3786 docens
740 3748 755 3784 :
793 3746 812 3781 s
849 3725 965 3783 Non
1001 3729 1353 3797 neophytum,

316 3837 388 3877 ne
413 3823 590 3877 elatus
639 3823 692 3876 in
722 3821 992 3891 judicium
1026 3819 1232 3876 incidat
1255 3857 1273 3884 ,
1301 3830 1357 3875 et

320 3914 569 3981 laqueum
601 3913 800 3969 diaboli
824 3912 891 3966 '“.
933 3930 952 3964 ›
981 3908 1040 3966 Si
1063 3925 1197 3967 vero
1222 3925 1356 3979 pro-

322 4005 546 4058 cedente
615 4015 894 4072 tempore,
955 4001 1100 4072 quod
1163 4001 1359 4056 animae

322 4102 519 4150 noceat
557 4105 836 4164 peceatum
870 4094 1152 4148 inventum
1189 4090 1358 4148 fuerit

320 4184 376 4238 in
435 4201 497 4241 ea
560 4201 836 4256 persona,
897 4194 953 4241 et
1010 4185 1362 4241 convincitur

315 4279 532 4334 duobus
561 4279 644 4333 vel
676 4279 852 4334 tribus
878 4278 1132 4342 testibus,
1174 4293 1350 4332 cessa-

315 4369 399 4422 bit
430 4383 462 4422 a
489 4367 656 4434 clero,
695 4368 785 4437 qui
814 4366 1124 4434 huiusmodi
1147 4375 1251 4422 est.
1293 4366 1348 4421 Si

313 4461 444 4528 quis
471 4473 602 4514 vero
635 4469 828 4527 praeter
857 4461 972 4514 haec
1024 4458 1192 4524 facit,
1230 4468 1352 4512 tan-

316 4565 487 4619 quam
553 4551 824 4604 contraria
896 4550 1113 4604 statutis
1174 4548 1348 4604 sancti

317 4641 485 4712 hujus
513 4640 728 4695 concilii
771 4654 986 4710 gerens,
1029 4641 1191 4695 etiam
1236 4641 1350 4709 ipse

314 4732 388 4786 de
421 4739 565 4785 statu
614 4729 696 4784 sui
744 4728 955 4784 ordinis
1011 4727 1349 4797 periclitabi-

315 4834 430 4878 tur.

608 5045 649 5076 '"
682 5045 756 5100 De
780 5047 1089 5114 synesactis.

392 5222 730 5278 Omnimodis
818 5220 1101 5275 interdixit
1176 5228 1362 5274 sancta

414 5403 563 5458 "At.
596 5403 668 5456 De
695 5400 780 5456 his
811 5400 900 5467 qui
933 5415 1000 5455 ex
1022 5399 1256 5456 ethnicis
1305 5407 1427 5469 post
1478 5398 1742 5468 baptisma
1773 5401 1840 5455 ad
1892 5400 2094 5455 clerum
2149 5399 2511 5470 applicantur.

316 5472 667 5529 manentibus
697 5471 1033 5525 mulieribus.

315 5580 494 5638 refert
513 5578 711 5634 Franc.
744 5577 1043 5632 Turrianus
1087 5575 1180 5630 lib.
1206 5588 1238 5624 v
1269 5571 1607 5632 Delensionis
1627 5585 1725 5640 pro
1739 5573 1899 5640 epist.

1173 442 1544 522 HISTORIA
1581 435 1916 500 CONCILII
1957 429 2264 495 NICr‘ENI.
2310 452 2376 465 -
2412 424 2560 487 LIB.
2601 422 2687 484 II.

1417 551 1731 624 ρουργήθη,
1783 549 1816 618 ἢ
1875 545 1981 598 ὑπὸ
2036 540 2327 614 βαρϐάρων
2363 536 2452 602 ἐξ·

1415 661 1470 696 ετ
1481 642 1648 713 μήθη,
1666 634 1819 701 οὗτος
1836 636 2044 706 μενέτω
2069 635 2130 686 ἒν
2147 630 2222 701 τῷ
2241 628 2447 699 κλήρῳ.

1414 732 1476 784 Et
1505 731 1562 783 δὲ
1593 746 1674 792 τις
1699 726 1957 794 ὑγιαίνων
1986 721 2176 775 ἑαυτὸν
2207 717 2450 784 ἐξέτεμε,

1413 817 1601 871 τοῦτον
1634 815 1731 868 καὶ
1771 817 1828 867 ἐν
1860 811 1938 881 τῷ
1977 809 2166 878 κλήρῳ
2197 803 2451 872 ἐξεταζό-

1416 924 1578 976 μενον
1608 901 1929 969 πεπαῦσθαι¹
1951 899 2240 971 προσήκει,
2271 894 2367 948 καὶ
2390 895 2454 945 ὲκ

1411 999 1506 1051 τοῦ
1558 996 1720 1068 δεῦρο
1778 993 1985 1065 μηδένα
2035 989 2147 1042 τῶν
2195 986 2455 1041 τοιούτων

1411 1093 1609 1162 χρῆναι
1665 1084 2040 1159 προσάγεσθαι
2099 1081 2230 1155 [ῑσ.
2276 1079 2454 1149 προά-

1410 1179 1648 1253 γεσθαι].
1665 1181 1881 1247 Ὥσπερ
1901 1176 1960 1229 δὲ
1979 1174 2141 1228 τοῦτο
2163 1169 2451 1243 πρόδηλον,

1410 1275 1494 1326 ὅτι
1545 1271 1675 1342 περὶ
1735 1269 1845 1321 τῶν
1909 1264 2337 1335 ἐπιτηδευόντων
2393 1261 2455 1312 τὸ

1411 1365 1650 1435 πρᾶγμα
1675 1401 1688 1425 ,
1724 1361 1820 1414 καὶ
1848 1355 2174 1428 τολμώντων
2224 1353 2455 1414 ἑαυτοὺς

1411 1455 1721 1525 ἐκτέμνειν,
1741 1453 1958 1523 εἴρηται
1979 1466 1992 1480 ’
2028 1447 2202 1510 οὕτως
2231 1447 2285 1499 εἴ
2311 1461 2455 1506 τινες

1414 1550 1522 1604 ὑπὸ
1544 1548 1836 1620 βαρϐάρων
1860 1545 1893 1616 ἢ
1919 1541 2197 1597 δεσποτῶν
2221 1538 2456 1607 εὐνουχί-

1417 1628 1664 1712 σθησαν,
1741 1636 2082 1708 εὑρίσκοιντο
2142 1632 2200 1684 δὲ
2277 1630 2454 1692 ἄλλως

1414 1739 1584 1806 ἄξιοι,
1635 1736 1859 1798 τούτους
1913 1734 1990 1794 εἰς
2035 1729 2236 1800 κλῆρον
2285 1743 2454 1798 προσ-

1418 1831 1555 1884 ίεται
1579 1831 1608 1881 ὁ
1632 1825 1831 1881 κανών.

1900 1917 1976 1969 B'.

1415 2033 1553 2101 Περὶ
1579 2031 1697 2084 τῶν
1716 2029 1836 2085 ἀπὸ
1860 2023 2118 2101 ἑθνικᾷξν
2149 2025 2239 2086 είς
2269 2037 2456 2091 χειρο-

1609 2101 1820 2154 τονίαν
1846 2095 2250 2166 πραχθέντων.

1495 2283 1714 2352 Ἐπειδὴ
1737 2280 1906 2334 πολλὰ
1921 2281 2031 2334 εἴτε
2055 2279 2162 2332 ὑπὸ
2181 2279 2457 2345 ἀνάγκης,

1412 2380 1446 2450 ἢ
1475 2378 1652 2441 ἄλλως
1682 2393 1799 2440 πως
1822 2374 2196 2444 ἐπειγομένων
2221 2372 2331 2425 τῶν
2357 2372 2455 2425 ἁν-

1414 2467 1650 2540 θρὼπων
1696 2465 1914 2534 ἐγένετο
1940 2465 2094 2536 παρὰ
2121 2463 2213 2516 τὸν
2247 2460 2453 2515 κανόνα

1413 2558 1506 2612 τὸν
1539 2556 1997 2627 ἐκκλησιαστικὸν
2016 2597 2031 2622 ,
2061 2553 2203 2607 ὥστε
2244 2551 2458 2622 ἀνθρώ-

1409 2655 1547 2712 πους
1565 2647 1672 2701 ἀπὸ
1690 2644 1907 2699 ὲθνικοῧ
1933 2645 2050 2715 βίου
2071 2644 2198 2714 ἄρτι
2223 2641 2456 2714 προσελ-

1416 2740 1609 2801 θόντας
1659 2739 1726 2807 τῇ
1773 2736 1985 2799 πίστει,
2032 2735 2130 2789 καὶ¹
2181 2734 2240 2786 ἐν
2287 2732 2456 2803 ὀλίγῳ

1417 2829 1597 2900 χρόνῳ
1621 2825 2056 2896 κατηχηθὼτας,
2085 2825 2248 2886 εὐθὺς
2277 2824 2370 2876 ἐπὶ
2394 2824 2456 2876 τὸ

1419 2916 1791 2989 πνευματικὸν
1839 2916 2066 2986 λουτρὸν
2119 2913 2275 2982 ἄγειν
2298 2953 2312 2975 ,
2364 2915 2459 2967 καὶ

1415 3009 1534 3079 ἅμα
1550 3005 1628 3078 τῷ
1643 3003 2010 3079 βαπτισθῆναι
2021 3004 2322 3074 προσάγειν
2346 2999 2451 3071 [τον.

1420 3097 1726 3172 προάγειν]
1753 3099 1835 3161 είς
1864 3097 2185 3159 ἐπίσκοπον,
2223 3093 2257 3164 ἢ
2295 3110 2462 3164 πρεσ-

1419 3191 1675 3263 ϐύτερον,
1701 3189 1882 3250 καλῶς
1903 3187 2051 3258 ἔχειν
2073 3186 2220 3253 ἔδοξε
2241 3184 2336 3238 τοῦ
2362 3183 2464 3236 λοι-

1421 3281 1528 3336 ποῦ
1579 3281 1748 3352 μηδὲν
1777 3278 2020 3334 τοιοῦτον
2053 3276 2336 3346 γίνεσθαι·
2372 3276 2467 3328 καὶ

1423 3373 1535 3444 γὰρ
1566 3375 1662 3426 καὶ
1692 3373 1886 3442 χρόνου
1910 3371 1991 3423 δεῖ
2017 3367 2096 3438 τῷ
2119 3365 2468 3438 κατηχουμέ-

1423 3478 1522 3532 νῳ,
1548 3461 1643 3514 καὶ
1675 3459 1816 3530 μετὰ
1842 3458 1906 3512 τὸ
1934 3457 2220 3528 βάπτισμα
2241 3457 2470 3525 δοκιμα-

1427 3553 1550 3615 σίας
1586 3551 1852 3613 πλείονος.
1894 3548 2075 3617 Σαφὲς
2104 3547 2214 3618 γὰρ
2249 3545 2313 3599 τὸ
2341 3546 2472 3598 ἀποο

1427 3641 1676 3696 στολικὸν
1721 3640 1962 3711 γράμμα
2001 3639 2063 3692 τὸ
2093 3638 2272 3707 λέγον·
2311 3656 2330 3687 ι
2377 3637 2470 3706 Μὴ

1427 3731 1707 3799 νεόφυτον,
1730 3731 1818 3785 ἵνα
1851 3730 1928 3800 μὴ
1952 3727 2225 3798 τυφωθεὶς
2243 3727 2326 3792 είς
2349 3729 2464 3797 κρῖ-

1433 3838 1512 3892 μα
1558 3820 1780 3891 ὲμπὲσῃ
1816 3820 1912 3874 καὶ
1960 3817 2169 3886 παγίδα
2216 3817 2312 3870 τοῦ
2357 3817 2472 3871 δια-

1431 3911 1609 3967 δόλου.
1645 3930 1664 3963 ι
1693 3911 1758 3964 Ei
1773 3910 1831 3964 δὲ
1852 3909 2133 3977 προϊόντος
2153 3907 2248 3962 τοῦ
2272 3908 2468 3979 χρόνου

1430 4003 1661 4074 ψυχικόν
1727 4021 1780 4057 τι
1843 4001 2153 4073 ἁμάρτημα
2214 3999 2467 4072 εὑρεθείη

1433 4098 1566 4166 περὶ
1599 4094 1660 4148 τὸ
1697 4091 2016 4164 πρόσωπον,
2050 4091 2148 4145 καὶ
2189 4091 2469 4160 ἐλέγχοιτο

1435 4186 1540 4241 ὑπὸ
1559 4185 1654 4240 δύο
1680 4185 1776 4237 καὶ
1794 4183 1964 4256 τριῶν
1988 4183 2302 4253 μαρτύρων,
2331 4181 2469 4234 παύ-

1427 4293 1581 4330 σεται
1610 4276 1640 4327 ὁ
1666 4273 1912 4336 τοιοῦτος
1941 4273 2036 4326 τοῦ
2077 4273 2282 4344 κλήρου
2303 4288 2317 4302 ⁸
2353 4273 2382 4325 ὁ
2411 4273 2470 4326 δὲ

1425 4367 1578 4440 παρὰ
1624 4366 1798 4420 ταῦτα
1829 4364 2023 4430 ποιῶν,
2053 4364 2131 4429 ὡς
2175 4365 2470 4418 ὑπεναντία

1425 4463 1493 4531 τῇ
1533 4459 1749 4530 μεγάλῃ
1778 4457 1983 4529 συνόδῳ
2029 4457 2469 4528 θρασυνόμενος,

1426 4548 1590 4609 αὐτὸς
1637 4545 1979 4600 κινδυνεύσει
2021 4545 2153 4616 περὶ
2195 4544 2291 4599 τοῦ
2339 4548 2472 4618 κλή-

1432 4660 1526 4714 ρου
1564 4643 1701 4716 (26).

1916 4925 1991 4982 1'".

1510 5038 1650 5106 Περὶ
1677 5036 1796 5091 τῶν
1820 5038 1927 5104 τὰς
1959 5039 2404 5105 συνεισάκινους

1812 5110 2097 5179 ἐχόντων.

1526 5221 1902 5294 ’Δπηγόρευσε
1934 5223 2166 5277 καθόλου
2197 5225 2229 5293 ἡ
2265 5223 2476 5293 μεγάλη

3423 415 3560 481 1322

2526 532 2743 587 excisus
2766 526 2863 595 sit,
2896 528 2979 585 vel
3042 543 3070 582 a
3114 522 3363 581 barbaris
3402 541 3561 579 exse-

2525 632 2646 678 ctus
2671 663 2684 686 ,
2731 621 2819 675 ille
2848 629 3168 692 permaneat
3210 619 3262 671 in
3298 618 3466 672 clero.
3503 617 3561 669 Si

2525 714 2647 784 quis
2708 721 2886 766 autem
2978 711 3330 778 semetipsum
3396 723 3565 764 sanus

2526 801 2787 864 abscidit,
2845 801 2934 855 hic
2987 801 3187 867 etiam,
3243 801 3344 854 etsi
3393 798 3563 853 estin

2527 893 2708 958 clero,
2751 905 2967 947 cessare
3015 891 3171 946 debet
3206 907 3220 943 :
3268 896 3324 944 et
3349 904 3418 943 ex
3463 889 3568 942 hoc

2528 982 2733 1036 nullum
2799 982 2960 1036 talem
3015 988 3238 1051 oportet
3295 979 3563 1034 ordinari.

2529 1071 2681 1128 Sicut
2715 1088 2846 1144 ergo
2879 1077 2947 1127 de
2979 1073 3066 1127 his
3101 1071 3196 1141 qui
3225 1070 3311 1126 vel
3347 1067 3572 1125 allecta-

2529 1175 2748 1228 verunt,
2782 1163 2868 1218 vel
2915 1164 3032 1218 ausi
3064 1173 3192 1218 sunt
3234 1162 3444 1232 seipsos
3471 1161 3567 1214 ab-

2528 1257 2799 1320 scindere,
2815 1257 2931 1311 haec
2956 1270 3078 1326 quae
3101 1254 3340 1308 diximus
3364 1261 3566 1307 statuta

2529 1358 2661 1402 sunt
2707 1367 2724 1403 :
2760 1348 2834 1403 ita
2880 1349 2924 1403 si
2957 1348 3054 1419 qui
3097 1347 3184 1402 vel
3215 1362 3244 1400 a
3279 1345 3566 1406 barbaris,

2530 1439 2614 1493 vel
2647 1453 2677 1492 a
2722 1439 2964 1495 dominis
3012 1438 3126 1494 suis
3161 1437 3396 1492 eunuchi
3431 1434 3563 1489 facti

2529 1537 2677 1591 sunt,
2705 1538 2760 1584 et
2775 1529 3075 1599 probabilis
3096 1531 3225 1585 vita:
3253 1526 3566 1593 sunt,-tales

2531 1621 2629 1674 hos
2656 1619 2883 1686 suscipit
2916 1620 3290 1676 ecclesiastica
3320 1619 3530 1689 regula.

3179 1851 3188 1878 ί

2534 2007 2608 2060 De
2648 2010 2730 2062 his
2780 2010 2871 2079 qui
2915 2011 2980 2062 ab
3030 2010 3253 2064 eth-uicis
3298 2011 3561 2064 uenientes

2884 2080 3226 2134 ordinantur.

2610 2261 2877 2329 Quoniam
2909 2259 3075 2316 multa
3103 2261 3184 2316 vel
3207 2277 3305 2332 pro
3335 2263 3568 2319 necessi-

2535 2359 2670 2415 tate,
2701 2351 2786 2406 vel
2807 2351 3010 2420 alioqui
3040 2351 3363 2418 cogentibus
3387 2353 3568 2407 homi-

2532 2442 2692 2496 nibus
2729 2451 2920 2496 contra
2996 2457 3262 2497 canonem
3311 2443 3575 2499 ecclesia-

2538 2528 2737 2584 sticum
2774 2529 2916 2584 facta
2939 2538 3106 2594 sunt,
3140 2529 3215 2584 ita
3241 2539 3300 2584 ut
3335 2532 3580 2586 homines

2535 2636 2601 2678 ex
2633 2622 2743 2676 vita
2789 2622 2975 2693 gentili
3021 2637 3197 2692 nuper
3243 2622 3578 2678 accedentes

2534 2717 2602 2769 ad
2631 2714 2815 2779 ﬁdem,
2847 2723 2904 2768 et
2933 2714 3133 2783 exiguo
3169 2721 3413 2782 tempore
3444 2727 3576 2768 eru-

2532 2806 2654 2872 diti,
2675 2806 2858 2861 statim
2883 2807 2952 2860 ad
2978 2805 3265 2875 spirituale
3295 2807 3574 2862 lavacrum

2533 2900 2824 2962 ducantur,
2849 2909 2906 2954 et
2931 2899 3094 2953 simul
3122 2908 3289 2969 atque
3316 2901 3577 2969 baptizati

2538 2991 2762 3058 fuerint,
2783 2994 2850 3045 ad
2887 2993 3129 3063 episcopi
3155 2994 3238 3048 vel
3271 2994 3578 3064 presbyteri

2534 3081 2849 3152 dignitatem
2900 3093 3318 3151 promoveantur
3368 3102 3384 3140 :
3434 3095 3581 3140 recte

2537 3171 2702 3242 igitur
2739 3171 2912 3225 visum
2939 3181 3020 3227 est
3044 3211 3062 3236 ,
3100 3173 3168 3228 de
3197 3181 3396 3228 czetero
3444 3174 3581 3230 nihil

2541 3263 2650 3317 tale
2676 3262 2876 3318 debere
2910 3263 3050 3318 licri.
3083 3262 3218 3318 Nam
3243 3272 3298 3320 et
3335 3275 3579 3336 tempore

2541 3367 2680 3422 opus
2704 3352 2864 3406 habet
2895 3347 3342 3422 eatechumerius,
3377 3363 3430 3410 et
3459 3365 3583 3425 post

2543 3442 2876 3512 baptismum
2950 3443 3182 3515 longiori
3257 3445 3582 3514 probatione

2545 3534 2771 3603 indiget.
2814 3532 3048 3589 Evidens
3089 3549 3325 3605 namque
3363 3547 3586 3606 aposto—

2547 3622 2710 3677 licum
2772 3635 3101 3694 praeceptum
3163 3636 3278 3684 est.
3345 3625 3582 3683 dicens:

2549 3731 2571 3766 s
2605 3713 2722 3769 Non
2768 3718 3121 3788 neophytum,
3153 3732 3222 3771 ne
3253 3717 3394 3772 forte
3429 3717 3583 3773 inﬂa-

2546 3813 2634 3858 tus
2653 3803 2705 3857 in
2725 3801 2992 3871 judicium
3013 3805 3239 3869 incidat,
3259 3815 3312 3860 et
3330 3805 3582 3876 laqueum

2547 3893 2770 3949 diaboli.
2811 3912 2830 3944 ι
2858 3893 2914 3947 Si
2941 3908 3074 3948 vero
3097 3897 3424 3963 procedente
3453 3907 3583 3952 tem-

2552 3996 2705 4049 pore,
2740 3981 2909 4036 animi
2935 3982 3155 4052 aliquod
3187 3994 3470 4052 peceatum
3504 3987 3583 4040 in-

2542 4073 2795 4125 veniatur
2823 4071 2877 4125 in
2907 4085 2972 4127 ea
3004 4087 3260 4142 persona,
3287 4084 3342 4128 et
3371 4075 3583 4131 duobus

2546 4163 2631 4216 vel
2679 4163 2852 4219 tribus
2904 4164 3135 4218 testibus
3190 4167 3576 4228 convincatur,

2543 4252 2815 4308 abstineat
2875 4251 2999 4309 talis
3042 4269 3071 4306 a
3125 4251 3295 4309 clero.
3355 4253 3412 4310 Si
3461 4261 3596 4326 quis

2545 4358 2674 4400 vero
2703 4344 2961 4400 adversus
2980 4345 3096 4399 haec
3121 4345 3252 4402 facit
3281 4387 3297 4413 ,
3330 4354 3586 4414 tanquam

2547 4437 2811 4492 adversus
2842 4451 3098 4508 magnum
3145 4437 3440 4492 concilium
3491 4440 3587 4494 ali-
3645 4467 3648 4470 -

2549 4531 2680 4599 quid
2712 4529 2942 4594 audens,
2981 4527 3045 4583 de
3071 4527 3330 4582 clericaln
3369 4532 3588 4600 pericli-

2553 4620 2727 4675 tabitu
2738 4635 2781 4675 r.

2551 5029 2627 5083 Ds
2655 5030 2734 5082 Itis
2759 5027 2848 5096 qui
2886 5024 3130 5148 mt’t'lizres
3157 5017 3588 5075 subintroduetas

2983 5111 3012 5146 α
3054 5105 3159 5148 ent.

2983 5105 3159 5148 αυεηι.

2619 5217 2810 5290 Magna
2859 5213 3100 5287 synodus
3134 5209 3450 5281 plenissime
3500 5215 3590 5263 ve-

2608 5394 2654 5429 "
2684 5393 2704 5448 l
2731 5392 2871 5450 Tim.
2905 5405 2990 5458 ιιι,
3017 5387 3072 5444 6.
3148 5388 3193 5420 ’ί
3214 5387 3304 5441 Al.
3339 5384 3415 5441 De
3443 5396 3615 5458 com-_

2011 5579 2172 5626 dorus
2195 5579 2250 5625 tu
2280 5575 2611 5629 Collectarid
2624 5590 2720 5628 suo
2749 5573 2815 5627 de
2840 5570 3129 5625 sationibus
3152 5575 3383 5637 quatuor
3406 5565 3596 5619 editio-

315 5649 522 5708 Pontil.
557 5665 676 5718 cap.
706 5648 799 5711 25,
825 5649 910 5703 his
919 5647 1111 5718 _verbis
1130 5642 1374 5718 {uideri
1414 5639 1904 5718 meminirllicmn-
2011 5639 2339 5718 nes_Nicnrni
2370 5643 2580 5718 concilii
2608 5643 3023 5718 compaginatus.

315 5737 418 5776 rus
446 5711 867 5785 archiepiscopus
911 5715 1179 5785 Remensis
1202 5716 1283 5785 fin
1313 5712 1408 5765 lib.
1429 5711 1522 5785 De
1557 5713 1897 5785 variis__capi-

316 5792 460 5844 talis
483 5781 855 5843 ecclesiasticis
890 5801 1006 5852 cap.
1055 5783 1150 5846 2‘5,
1177 5784 1240 5836 de
1269 5783 1618 5852 translatione
1651 5799 1677 5834 e
1707 5781 1894 5852 Greece

2010 5783 2162 5836 ἰδίου.
2191 5781 2364 5836 ίΙΑειι).

314 5859 674 5916 conciliorum
696 5867 742 5910 et
769 5849 1063 5908 canonum:
1084 5856 1158 5904 sic
1179 5853 1316 5905 enim
1346 5853 1420 5904 ait
1446 5868 1462 5905 :
1487 5851 1552 5903 Et
1580 5854 1761 5905 beatus
1791 5849 1894 5903 lsi-

602 5949 874 6010 ΡΑτιιοι..
904 5948 1042 6009 νῦν..
1079 5943 1360 6005 LXXXV.

2080 5713 2194 5780 (26)
2227 5711 2468 5769 Joannes
2508 5701 2905 5776 Antioclietfus,
2949 5705 3203 5780 περὶτοῦ
3247 5706 3455 5778 κλήρου
3497 5701 3596 5756 νδ

3202 5933 3278 5994 42
