4072 6396
526 465 662 532 1323

526 583 786 654 synodus,
848 595 1021 650 neque
1063 578 1315 649 episcopo
1341 617 1356 642 ,
1402 592 1573 648 neque

527 675 886 745 presbytero,
939 684 1114 740 neque
1177 669 1422 730 diacono,
1473 684 1571 722 ne-

528 779 635 835 que
676 763 768 818 ulli
806 763 1026 818 omnino
1075 761 1392 816 clericorum
1448 773 1571 829 per-

525 857 694 912 mittit
753 855 955 910 habere
1032 869 1214 908 secum
1285 851 1568 905 mulierem

527 958 864 1012 extraneum,
923 945 1026 1000 nisi
1075 943 1212 998 forte
1252 952 1420 996 mater
1473 942 1564 1011 sit,

524 1051 616 1095 aut
647 1055 822 1105 soror,
863 1047 958 1093 aut
992 1038 1176 1092 amita.
1212 1036 1267 1090 In
1295 1035 1380 1090 his
1411 1050 1564 1088 nam-

524 1146 632 1200 que
663 1129 910 1198 personis
955 1136 1010 1183 et
1059 1127 1248 1182 harum
1295 1123 1563 1180 similibus

525 1220 702 1275 omnis
765 1219 998 1288 suspicio
1067 1216 1389 1272 declinatur.
1458 1213 1559 1280 Qui

525 1308 681 1362 aliter
711 1317 905 1379 prater
952 1308 1066 1363 lucc
1111 1305 1254 1376 agit,
1289 1303 1560 1376 periclita-

524 1398 671 1452 bitur
698 1397 764 1452 de
783 1398 928 1453 clero
959 1412 1082 1453 suo.

998 1506 1090 1563 IV.

527 1621 574 1653 "
598 1620 676 1677 De
701 1621 1008 1692 episcopisu
1033 1617 1558 1692 comprovincialibus

869 1688 1201 1743 ordinandis.

599 1813 826 1882 Oportet
917 1808 1230 1879 episcopum
1325 1807 1557 1860 maxime

527 1899 745 1970 quidem
804 1896 872 1952 ab
921 1895 1172 1951 omnibus
1207 1892 1300 1963 qui
1349 1892 1557 1946 suntin

527 1990 808 2064 provincia
853 1988 1123 2058 episcopis
1183 1985 1448 2040 ordinari.
1500 1985 1556 2040 Si

527 2098 657 2138 vero
685 2081 788 2136 hoc
815 2077 1031 2136 diﬂicile
1076 2076 1260 2144 fuerit,
1293 2075 1408 2131 sive
1467 2091 1559 2128 ur-

529 2181 686 2241 gente
739 2169 1082 2233 necessitate,
1162 2167 1278 2221 sive
1349 2166 1560 2220 itlneris

533 2259 866 2330 longitudine
883 2295 901 2326 ,
925 2263 1077 2310 certe
1095 2255 1242 2310 omni
1270 2253 1428 2308 modo
1449 2259 1559 2308 tres

531 2350 772 2420 episcopi
848 2349 902 2403 in
954 2361 1120 2401 unum
1175 2344 1376 2400 debent
1437 2357 1560 2398 esse

529 2439 879 2509 congregati;
929 2438 1004 2491 ita
1033 2444 1090 2490 ut
1138 2435 1304 2490 etiam
1337 2440 1560 2489 extero-

531 2545 651 2583 rum
737 2527 1044 2584 absentium
1112 2537 1438 2581 consensum
1506 2529 1562 2576 et

530 2618 857 2674 sententiam
915 2631 1012 2686 per
1061 2616 1275 2670 litteras
1311 2620 1557 2678 teneant,

531 2719 585 2765 et
610 2711 679 2763 ita
711 2707 913 2763 faciant
953 2707 1371 2761 ordinationem.
1406 2702 1564 2759 Pote-

530 2813 646 2858 stas
681 2815 812 2857 sane
851 2798 934 2854 vel
957 2797 1299 2854 conﬁrmatio
1324 2797 1564 2866 pertine-

529 2895 609 2947 bit
637 2908 733 2961 per
755 2889 996 2961 singulas
1026 2887 1335 2958 provincias
1353 2886 1422 2942 ad
1452 2899 1566 2940 me-

531 2983 946 3053 tropolitanum.

1019 3095 1082 3149 γ.

529 3211 575 3244 ’³
622 3210 696 3266 De
745 3210 825 3263 his
878 3207 973 3278 qui
1021 3204 1562 3278 excommunicantur,

693 3282 797 3334 sive
840 3276 1069 3345 clericis,
1095 3277 1197 3330 sive
1221 3276 1392 3328 laicis.

606 3393 680 3446 De
707 3391 792 3446 bis
822 3388 912 3459 qui
941 3387 1478 3443 excommunicantur
1497 3385 1564 3440 ab

533 3481 804 3553 episcopis
839 3463 957 3534 suis
1010 3494 1108 3549 per
1150 3492 1275 3532 suas
1322 3488 1563 3546 quasque

533 3572 867 3644 provincias,
902 3576 1146 3624 servetur
1171 3567 1270 3622 ista
1291 3564 1561 3621 sententia

534 3665 828 3720 secundum
857 3675 1120 3716 canonem
1140 3697 1158 3727 ,
1189 3668 1248 3713 ιιι
1278 3658 1330 3714 1ιί
1365 3657 1459 3729 qui
1493 3659 1562 3713 ab

535 3756 658 3811 aliis
711 3751 1274 3817 excommunicantur,
1323 3751 1391 3806 ab
1442 3750 1566 3807 aliis

539 3866 645 3904 non
675 3846 1026 3917 recipiantur.
1059 3841 1388 3912 chuiratur
1413 3857 1564 3910 sane,

539 3955 606 3994 ne
638 3939 776 3994 forte
820 3937 942 4002 quis
983 3948 1080 4004 pro
1119 3932 1301 4003 aliqua
1328 3932 1568 4003 indigna-

540 4032 683 4084 tione
734 4027 898 4082 animi
936 4033 1029 4079 aut
1063 4025 1433 4091 contentione,
1476 4032 1569 4079 aut

537 4121 782 4191 qualibet
816 4116 1187 4174 commotione
1230 4115 1570 4172 stomachan-

542 4212 612 4267 tis
641 4209 880 4280 episcopi
932 4208 1177 4278 abiectus
1210 4206 1299 4262 sit.
1343 4206 1417 4264 Ut
1441 4220 1568 4274 ergo

539 4303 654 4357 lucc
688 4300 846 4372 digna
899 4299 1111 4369 possint
1169 4296 1571 4352 examinatione

539 4391 808 4462 perquiri,
845 4398 1060 4470 rectum
1122 4400 1244 4442 esse
1281 4385 1458 4440 visum
1488 4391 1571 4438 est

539 4497 636 4553 per
701 4479 943 4551 singulos
992 4491 1166 4533 annos
1226 4475 1279 4528 in
1345 4471 1572 4543 singulis

541 4573 851 4640 quibusque
892 4566 1186 4638 provinciis
1225 4564 1308 4618 bis
1346 4562 1399 4615 in
1432 4575 1573 4614 anno

539 4662 921 4732 episcOporum
997 4654 1229 4712 concilia
1311 4651 1466 4716 fieri;
1515 4661 1574 4703 ut

543 4753 706 4809 simul
739 4756 792 4807 in
831 4763 996 4805 unum
1041 4744 1430 4801 convenientes
1460 4741 1574 4811 cpi-

543 4845 693 4913 scopi
727 4857 792 4898 ex
825 4835 1100 4893 universis
1132 4831 1451 4904 provinciis,
1481 4833 1579 4886 hu-

539 4932 780 5004 jusmodi
842 4926 1157 4983 cxaminent
1213 4923 1579 4993 quastiones;

541 5034 602 5083 et
629 5027 702 5081 ita
731 5024 949 5078 demum
1013 5017 1070 5072 lii
1125 5017 1217 5086 qui
1270 5016 1340 5070 ob
1388 5013 1572 5084 culpas

547 5131 674 5170 snas
717 5113 1093 5182 episcoporum
1153 5120 1373 5162 suorum
1407 5103 1577 5160 oﬂ'en-

547 5219 666 5263 sam
698 5202 896 5257 merito
948 5199 1361 5264 contraxerint,
1417 5197 1576 5266 digne

545 5297 712 5353 etiam
757 5309 787 5347 a
818 5293 1029 5347 caeteris
1057 5289 1324 5362 episcopis
1352 5303 1574 5343 excom-

549 5383 812 5441 municati
894 5385 1004 5438 sint
1068 5399 1083 5438 :
1163 5391 1445 5451 usquequo
1521 5375 1572 5428 in

550 5491 839 5533 commune
884 5476 1173 5539 omnibus,
1204 5481 1295 5526 aut
1333 5469 1430 5540 ipsi
1465 5466 1577 5536 epi-

553 5581 719 5638 seopo
779 5579 896 5630 suo,
953 5565 1164 5634 placeat
1203 5561 1575 5618 humaniorem

549 5657 698 5716 circa
739 5672 834 5711 eos
870 5655 1014 5710 ierre
1047 5653 1388 5710 sententiam.
1420 5646 1579 5702 Fiant

1758 465 2054 525 GEIASII
2096 467 2435 525 CYZICENI

1975 580 2108 648 μήτε
2170 579 2487 649 ἐπισκόπῳ,
2540 580 2675 648 μήτε

1647 669 2032 740 πρεσϐυτέρῳ,
2064 672 2204 739 μήτε
2244 670 2477 739 διακόνῳ
2505 710 2517 733 ,
2549 671 2676 740 μήθ’

1642 760 1777 824 ὅλως
1804 759 1914 812 τῶν
1945 761 2002 811 ἐν
2031 759 2109 829 τῷ
2139 759 2324 830 κλήρῳ
2347 761 2452 812 τινὶ
2479 759 2675 825 ἐξεῖναι

1641 852 1994 904 συνείσακτον
2017 850 2180 920 ἔχειν.
2218 851 2364 920 Πλὴν
2388 853 2436 903 εί
2466 852 2540 922 μὴ
2569 851 2676 921 ἄρα

1640 943 1856 1015 μητέρα
1903 945 1934 1012 ἦ
1990 943 2229 1013 ἀδελφὴν
2273 943 2306 1013 ἢ
2346 943 2530 1008 θείαν,
2573 944 2605 1013 ἢ
2644 943 2677 997 τι

1640 1035 1778 1104 μόνα
1819 1034 2086 1104 πρόσωπα
2120 1030 2453 1102 διαπέφευγε
2494 1036 2677 1086 πᾶσαν

1635 1124 1894 1194 ὑποψίαν.
1939 1125 1997 1177 '0
2032 1124 2089 1177 δὲ
2120 1124 2273 1194 παρὰ
2299 1123 2472 1178 ταῦτα
2508 1123 2676 1176 ποιῶν

1633 1213 1972 1269 κινδυνεύσει
2000 1215 2129 1286 περὶ
2149 1214 2246 1285 τὴν
2270 1213 2474 1267 ἐαυτοῦ
2497 1213 2672 1280 ἀξίαν.

1652 579 1864 640 σύνοδος
1891 620 1903 643 ,

2108 1494 2182 1547 Δ’.

1634 1605 1773 1674 Περὶ
1813 1602 2237 1670 καταστάσεως
2298 1602 2670 1657 ἐπισκόπων.

1718 1777 2046 1832 Ἐπίσκοπον
2105 1777 2376 1848 προσήκει
2442 1775 2677 1847 μάλιστα

1635 1869 1734 1940 μέν
1764 1867 1870 1922 ὑπὸ
1909 1868 2126 1922 πάντων
2143 1867 2252 1920 τῶν
2291 1869 2349 1920 ἐν
2386 1869 2451 1937 τῇ
2503 1867 2677 1938 ἐπαρ-

1631 1957 1724 2028 χίᾳ
1787 1956 2102 2010 ἐπισκόπων
2159 1955 2574 2010 καθίστασθαι·
2629 1957 2678 2008 εί

1631 2048 1686 2102 δέ
1717 2048 1977 2119 δυσχερὲς
2006 2048 2092 2119 εῐη
2122 2045 2182 2100 τὸ
2213 2045 2475 2113 τοιοῦτον,
2528 2046 2562 2117 ἢ
2592 2046 2679 2101 διὰ

1632 2140 2073 2208 καταπείγουσαν
2155 2141 2425 2212 ἀνάγκην,
2483 2139 2516 2210 ἢ
2590 2139 2678 2194 διά

1635 2231 1812 2302 μῆκος
1846 2229 2006 2296 ὀδοῦ,
2043 2229 2346 2297 ἐξάπαντος
2387 2233 2536 2304 τρεῖς
2585 2231 2679 2284 ἐπὶ

1630 2325 1692 2377 τὸ
1716 2323 1851 2378 αὐτὸ
1892 2321 2320 2394 συναγομένους,
2367 2324 2678 2396 συμψήφων

1632 2419 1947 2490 γενομένων
1986 2417 2084 2471 καὶ
2114 2415 2224 2472 τῶν
2275 2418 2546 2484 ἀπόντων,
2584 2421 2680 2476 καὶ

1636 2505 2037 2576 συντιθεμένων
2075 2503 2166 2557 διὰ
2192 2507 2562 2576 γραμμάτων,
2587 2508 2678 2560 τό·

1637 2614 1697 2650 τε
1717 2597 1816 2668 τὴν
1845 2595 2184 2668 χειροτονίαν
2204 2597 2500 2652 ποιεῖσθαι’
2531 2599 2593 2652 τὸ
2621 2600 2678 2654 δέ

1641 2687 1810 2760 κῦρος
1832 2687 1940 2748 τῶν
1970 2687 2274 2757 γινομένων
2325 2687 2566 2742 δίδοσθαι
2599 2692 2678 2755 είς

1639 2779 1878 2850 ἑκάστην
1907 2777 2177 2849 ἐπαρχίαν
2199 2776 2276 2849 τῷ
2307 2780 2682 2852 μητροπολίτῃ

1641 2870 1949 2940 ἐπισκὸπῳ.
2397 2861 2414 2876 ’

2116 3067 2194 3121 Ε’.

1638 3182 1780 3252 Περὶ
1821 3181 1940 3236 τῶν
1981 3177 2403 3246 ἁκοινωνήτων
2441 3179 2679 3250 γινομέ-

2083 3267 2226 3306 νων.

1708 3361 1842 3434 Περὶ
1891 3360 1999 3415 τῶν
2032 3359 2413 3431 άκοινωνήτων
2459 3360 2681 3430 γινομὲ-

1642 3469 1772 3517 νων,
1801 3444 1912 3504 είτε
1941 3449 2050 3504 τῶν
2100 3452 2158 3504 ἐν
2195 3449 2273 3520 τῷ
2312 3449 2519 3520 κλήρῳ,
2567 3451 2680 3502 εἴτε

1637 3544 1748 3598 τῶν
1779 3546 1836 3596 ἐν
1859 3541 1937 3612 τῷ
1959 3541 2132 3613 λαῖκῷ
2154 3542 2418 3611 τάγματι,
2441 3540 2547 3594 ὑπὸ
2573 3539 2680 3593 τῶν

1640 3637 1762 3692 καθ’
1783 3636 2020 3706 ἑκάστην
2052 3634 2322 3704 ἐπαρχίαν
2341 3631 2676 3696 ἐπισκόπων,

1642 3727 1912 3802 κρατείτω
1936 3729 1968 3798 ἡ
1988 3727 2182 3796 γνώμη
2199 3724 2340 3779 κατὰ
2353 3723 2444 3778 τὸν
2460 3723 2678 3788 κανόνα,

1639 3822 1766 3884 τοὺς
1795 3821 1885 3889 ὑφ’
1916 3819 2118 3889 ἐτέρων
2134 3813 2566 3886 άποϐληθέντας,
2593 3811 2682 3881 ὑφ’

1645 3913 1847 3984 ἐτέρων
1917 3910 1992 3982 μὴ
2057 3907 2398 3980 προσίεσθαι.
2466 3907 2684 3972 Ἐξιτα-

1646 4004 1827 4069 ζέσθω
1849 4003 1928 4068 δέ,
1963 4001 2038 4072 μὴ
2077 3998 2433 4072 μικροψυχίᾳ,
2470 3998 2504 4068 ἢ
2536 3998 2676 4068 φιλο-

1645 4093 1906 4165 νεικίᾳ,ἦ
1957 4108 2064 4145 τινι
2116 4089 2344 4160 τοιαύτῃ
2380 4087 2543 4158 ἀηδίᾳ
2589 4086 2684 4140 τοῦ

1643 4185 1966 4247 ἐπισκόπου,
1991 4182 2410 4250 ἀποσυνάγωγοι
2427 4177 2686 4248 γεγένην-

1642 4292 1754 4329 ται.
1802 4275 1922 4327 Ἵνα
1939 4268 2031 4326 οὖν
2059 4270 2216 4326 τοῦτο
2240 4269 2339 4342 τὴν
2372 4268 2686 4338 πρέπουσαν

1646 4369 1896 4432 ἐξέτασιν
1957 4363 2210 4435 λαμϐάνῃ
2236 4403 2252 4428 ,
2310 4361 2491 4425 καλῶς
2537 4359 2682 4432 ἔχειν

1649 4456 1826 4520 ἔδοξεν
1865 4454 2094 4508 ἑκάστου
2125 4453 2370 4508 ἐνιαυτοῦ
2405 4451 2526 4507 καθ’
2551 4452 2682 4506 ἐκά-

1652 4563 1784 4618 στην
1837 4547 2100 4616 ἐπαρχίαν
2129 4545 2211 4608 δὶς
2255 4542 2348 4596 τοῦ
2371 4543 2522 4605 ἔτους
2562 4557 2686 4594 συν-

1652 4639 1804 4701 όδους
1854 4636 2097 4706 γίνεσθαι
2123 4676 2138 4702 ,
2172 4635 2258 4689 ἵνα
2289 4635 2444 4702 κοινῇ
2471 4632 2686 4686 πάντων

1649 4731 1759 4786 τῶν
1793 4732 2109 4787 ἐπισκόπων
2143 4728 2243 4797 τῆς
2277 4726 2550 4797 ἐπαρχίας
2595 4728 2686 4779 ἐπὶ

1648 4825 1710 4878 τὸ
1741 4823 1872 4877 αὐτὸ
1912 4819 2318 4890 συναγομένων,
2347 4819 2417 4872 τὰ
2466 4817 2687 4872 τοιαῦτα

1653 4918 1945 4988 ζητήματα
1987 4911 2321 4978 ἐξετάζοιτο·
2377 4913 2468 4965 καὶ
2517 4912 2687 4976 οὕτως

1653 5009 1704 5063 οἱ
1721 5006 2166 5077 ὁμολογουμένως
2185 5003 2688 5075 ἰτροσκεκρουκήτες⁸

1647 5099 1728 5172 τῷ
1760 5097 2043 5164 ἐπισκόπῳ
2077 5096 2218 5151 κατὰ
2247 5096 2404 5162 λόγον
2463 5091 2691 5146 ἀκοινώ-

1645 5206 1799 5261 νητοι
1829 5191 1982 5259 παρὰ
2027 5187 2244 5240 πάντων
2289 5181 2430 5239 εἶναι
2465 5185 2685 5252 δοκῶσι,

1652 5281 1850 5351 μέχρις
1876 5279 1940 5334 ἂν
1965 5277 2044 5349 τῷ
2075 5277 2240 5346 κοινῴ
2284 5276 2316 5346 ἢ
2354 5275 2431 5346 τῷ
2463 5277 2690 5330 ἐπισκό-

1649 5389 1736 5441 πῳ
1819 5369 1948 5442 δόξῃ
2010 5371 2111 5440 τὴν
2174 5369 2690 5442 φιλανθρωποτέραν

1649 5463 1779 5534 περὶ
1831 5461 2010 5515 αὐτῶν
2049 5461 2308 5513 ἐκθέσθαι
2362 5462 2561 5530 ψῆφον.
2625 5463 2690 5514 Ai

1649 5554 1706 5608 δὲ
1727 5553 1932 5607 σύνοδοι
1963 5552 2318 5620 γινέσθωσαν,
2347 5552 2446 5622 μία
2475 5553 2693 5624 μὲνπρὸ

1650 5649 1749 5719 τῆς
1805 5645 2282 5714 Τεσσαρακοστῆς,
2358 5644 2447 5698 ἵνα
2507 5646 2691 5717 πάσης

621 5829 666 5860 ⁷³
692 5835 779 5890 Al.
823 5832 895 5888 Dc
918 5832 1261 5888 ordinatione
1293 5827 1693 5893 episc0porum.
1769 5823 1814 5855 ⁷³
1836 5822 1920 5877 Δί.
1954 5823 2025 5876 De
2060 5822 2643 5878 excommunicatione.

3646 465 3780 530 1324

2759 582 2857 636 tnit
2888 583 3218 654 episcopum,
3247 583 3642 654 presbyterum,
3669 584 3779 636 dia-

2752 688 2946 728 conum
2996 683 3088 729 aut
3119 675 3283 728 ullum
3316 672 3635 727 clericorum
3685 675 3776 727 ba-

2752 763 2881 819 bcre
2954 779 3137 820 secum
3200 764 3478 819 mulierem
3541 763 3780 818 introdu-

2751 863 2891 908 ctam
2935 871 2952 912 :
2998 854 3097 908 nisi
3141 855 3276 908 forte
3302 864 3527 908 matrem
3570 853 3653 907 vel
3697 869 3782 910 so-

2752 958 2927 997 rorem
2973 945 3054 1000 vel
3112 945 3373 1009 amilam,
3431 945 3515 999 vel
3545 944 3777 1015 denique

2752 1047 2844 1087 eas
2870 1033 3012 1088 solas
3043 1047 3324 1104 personas,
3361 1047 3481 1102 qua:
3507 1033 3653 1086 omni
3687 1049 3778 1087 su-

2751 1126 2991 1196 spicione
3017 1138 3203 1178 carere
3238 1123 3439 1178 solent.
3481 1122 3582 1189 Qui
3618 1137 3779 1178 secus

2752 1215 2906 1281 faxit,
2940 1217 3004 1270 de
3029 1214 3295 1285 dignitate
3321 1228 3423 1270 sua
3449 1213 3784 1285 periclitabi-

2751 1320 2857 1366 tur.

3225 1512 3312 1568 IV.

2914 1621 2992 1676 De
3030 1624 3362 1679 ordinatione
3387 1627 3637 1695 episcopi.

2822 1776 3146 1848 Episc0pnm
3179 1789 3397 1848 oportet
3448 1780 3685 1834 maxime
3715 1783 3784 1833 ab

2752 1870 3006 1924 omnibus
3043 1869 3314 1940 episcopis
3351 1870 3444 1940 qui
3477 1871 3531 1924 in
3564 1872 3786 1940 provin-

2751 1961 2833 2015 cia
2866 1969 3011 2024 sunt,
3060 1961 3318 2015 constitui
3353 1979 3366 2013 :
3414 1963 3556 2031 quod
3603 1961 3647 2016 si
3685 1962 3785 2014 hoc

2753 2049 2966 2106 difﬁcile
3002 2049 3088 2106 vel
3121 2050 3192 2106 ob
3227 2061 3504 2122 urgentem
3539 2051 3780 2120 aliquam

2755 2141 3156 2206 necessitatem,
3191 2142 3276 2197 vel
3310 2142 3380 2204 ob
3414 2141 3626 2198 itineris
3661 2144 3786 2198 Ion-

2753 2230 3052 2300 gitudinem
3122 2231 3308 2296 fuerit,
3354 2241 3504 2288 certe
3556 2241 3666 2286 tres
3731 2235 3784 2286 in

2755 2337 2919 2376 unum
2964 2322 3141 2377 locum
3187 2323 3783 2387 convenientes,dum-

2756 2413 2915 2466 modo
2946 2412 3323 2468 consenserint
3353 2413 3444 2482 qui
3481 2413 3699 2477 absunt,
3731 2425 3785 2467 et

2756 2514 2852 2569 per
2874 2501 3079 2556 litteras
3122 2503 3563 2572 approbaverint,
3599 2518 3787 2555 manus

2759 2589 3159 2661 imposilionem
3184 2591 3406 2646 faciant.
3431 2591 3785 2645 Couﬁrmatio

2755 2699 2886 2740 vero
2913 2700 3102 2741 eorum
3139 2701 3259 2756 qua:
3290 2689 3424 2739 liunt
3455 2685 3507 2738 in
3559 2685 3784 2755 singulis

2756 2775 3075 2844 provinciis,
3108 2777 3226 2831 dari
3279 2776 3434 2832 debet
3457 2790 3487 2831 a
3513 2785 3787 2846 metropo-

2756 2865 2923 2925 litano
2952 2868 3231 2939 episcopo.

3239 3068 3302 3123 ν.

2966 3176 3043 3231 De
3084 3180 3565 3235 excommunicatis.

2822 3360 2901 3418 De
2959 3361 3027 3417 iis
3066 3363 3157 3434 qui
3207 3363 3772 3427 excommunicantur,

2753 3452 2868 3506 sive
2889 3453 2942 3506 in
2963 3451 3113 3508 clero
3147 3453 3281 3521 sint,
3315 3455 3495 3508 sivein
3518 3453 3786 3508 laicerum

2752 3543 2965 3610 ordine,
2993 3544 3061 3598 ab
3081 3543 3345 3613 cujusque
3367 3545 3657 3613 provincia:
3669 3547 3789 3614 epi-

2751 3640 2951 3709 scopis,
2998 3639 3243 3694 obtineat
3283 3638 3549 3694 sententia
3584 3653 3789 3694 secun-

2754 3732 2882 3785 dum
2915 3744 3178 3785 canonem
3215 3729 3518 3798 iubentem,
3559 3731 3628 3784 ab
3658 3729 3787 3785 aliis

2754 3822 2957 3891 electos
2993 3823 3062 3878 ab
3076 3822 3199 3876 aliis
3215 3836 3319 3876 non
3336 3820 3566 3876 admitti.
3592 3821 3792 3890 Exqui-

2757 3925 2909 3969 ratur
2941 3926 3121 3969 autem
3152 3930 3280 3969 num
3308 3913 3628 3984 impotentia
3666 3916 3791 3968 ani-

2755 4006 2855 4071 mi,
2887 4014 2978 4060 aut
3005 4007 3324 4077 pertinacia,
3358 4015 3453 4061 aut
3475 4006 3657 4076 aliqua
3683 4006 3788 4061 alia

2756 4097 3125 4168 indignatione
3154 4097 3396 4168 episcOpi
3427 4097 3540 4152 sint
3564 4111 3792 4151 excom-

2758 4189 3040 4245 municati.
3093 4189 3168 4245 Ut
3211 4189 3375 4260 igitur
3413 4187 3556 4243 istud
3589 4202 3793 4242 conve-

2760 4285 2942 4340 niente
3009 4285 3362 4355 inquisitione
3419 4283 3790 4346 examinetur,

2761 4386 2905 4432 recte
2931 4376 3134 4446 placuit
3167 4375 3456 4445 quotannis
3482 4388 3579 4442 per
3605 4373 3785 4440 singu-

2761 4465 2840 4522 las
2874 4466 3176 4536 provincias
3205 4465 3289 4520 bis
3317 4465 3367 4520 in
3393 4478 3538 4518 anno
3557 4462 3782 4534 synodos

2760 4556 2901 4622 ﬁeri,
2965 4565 3022 4610 ut
3063 4555 3315 4610 omnibus
3361 4553 3655 4623 provinciae
3677 4551 3783 4618 cpi-

2758 4649 2936 4717 scopis
2967 4646 3127 4702 simul
3164 4648 3217 4700 in
3259 4661 3424 4700 unum
3453 4645 3634 4699 locum
3659 4658 3786 4696 con-

2762 4737 3119 4804 venientibus,
3137 4735 3444 4805 huiusmodi
3462 4736 3788 4806 qna‘sﬁones

2760 4829 3123 4893 excutiantur,
3183 4839 3239 4882 et
3291 4829 3361 4882 ita
3423 4829 3637 4882 denmm
3692 4826 3783 4890 qui

2763 4917 3050 4972 nt:mifeste
3075 4918 3389 4987 episcopum
3436 4915 3788 4979 oﬂ'cnderint,

2761 5012 2956 5066 merito
3006 5011 3150 5081 apud
3183 5024 3374 5064 omnes
3425 5010 3800 5063 excommuni-

2761 5103 2868 5156 cati
2928 5103 3251 5164 habeantur,
3289 5102 3462 5154 donec
3515 5099 3801 5154 communi

2763 5196 3139 5262 episcoporum
3188 5191 3376 5253 coetui,
3416 5191 3498 5244 vel
3539 5189 3799 5258 privatim

2764 5282 2862 5352 ipsi
2895 5284 3168 5352 episcopo,
3200 5283 3374 5338 visum
3404 5281 3562 5336 fuerit
3597 5281 3802 5332 buma-

2764 5376 2973 5429 niorem
3001 5375 3067 5430 de
3103 5374 3233 5443 ipsis
3264 5373 3408 5428 ferre
3444 5371 3803 5427 sententiam.

2767 5462 2970 5534 Synodi
3004 5473 3182 5518 autem
3234 5464 3384 5527 ﬁant,
3433 5476 3538 5515 una
3576 5457 3806 5528 quidem

2765 5563 2890 5609 ante
2921 5553 3420 5620 Quadragesimam,
3458 5560 3515 5605 ut
3543 5547 3690 5605 omni
3723 5550 3808 5600 si-

2767 5645 2990 5701 multate
3018 5642 3282 5717 deposita,
3308 5641 3508 5697 donum
3534 5637 3814 5695 iuundum
