4072 6408
402 355 533 418 1327

401 481 492 520 ros
554 480 612 517 se
649 465 753 526 his,
813 463 903 532 qui
961 453 1098 514 forte
1164 461 1428 515 secundas

405 556 617 626 nuptias
640 556 848 624 experti
897 562 1046 617 sunt,
1078 553 1158 606 vel
1209 553 1291 607 his
1339 555 1427 621 qui

402 645 796 712 persecutionis
819 652 1061 711 tempore
1087 642 1218 710 lapsi
1266 654 1388 696 sunt
1414 657 1427 694 :

399 737 597 803 quibus
645 744 821 787 tamen
862 733 1192 802 pmnitentia:
1241 735 1430 785 modus

397 837 452 880 et
485 836 694 893 tempus
749 834 1047 892 sequantur
1104 839 1167 878 ea
1214 837 1331 890 quae
1378 823 1427 875 in

399 918 665 972 catholica
748 923 801 969 et
865 916 1158 983 apostolica
1229 916 1429 968 obser—

399 1021 593 1064 vantur
650 1008 915 1063 Ecclesia.
993 1007 1173 1060 Sicubi
1264 1007 1427 1072 igitur

396 1106 481 1160 vel
531 1107 584 1160 in
645 1104 774 1160 vicis
839 1103 924 1156 vel
971 1102 1022 1155 in
1069 1100 1291 1156 urbibus
1330 1100 1426 1152 soli

397 1197 499 1267 ipsi
553 1194 750 1266 reperti
810 1192 1008 1246 fuerint
1057 1192 1312 1253 ordinati,
1375 1190 1428 1244 hi

397 1293 488 1362 qui
546 1291 894 1346 inveniuntur
947 1288 997 1342 in
1059 1287 1223 1350 clero,
1275 1286 1326 1338 in
1367 1301 1430 1338 eo

396 1392 770 1453 permaneant.
803 1379 858 1434 Si
883 1394 1010 1434 vero
1032 1380 1316 1448 episcopus
1347 1378 1426 1431 vel

395 1475 676 1544 presbyter
719 1469 1003 1525 catholica:
1033 1467 1288 1523 Ecclesiae
1324 1466 1431 1520 fue-

400 1567 494 1629 rit,
539 1564 604 1618 ad
637 1577 796 1631 quem
843 1561 1006 1630 aliqui
1036 1575 1102 1614 ex
1150 1559 1235 1611 his
1271 1573 1422 1611 acce-

399 1657 576 1711 dunt:
609 1661 820 1708 certum
859 1660 941 1705 est
978 1651 1119 1718 quod
1147 1650 1429 1717 episc0pus

401 1742 656 1798 Ecclesia:
686 1740 883 1794 habeat
909 1752 1060 1791 suam
1090 1736 1423 1805 dignitatem.

403 1832 664 1887 Similiter
683 1839 736 1884 et
779 1827 1060 1898 presbyter
1087 1836 1140 1881 et
1170 1827 1426 1880 diaconus

393 1922 616 1976 debent.
653 1920 718 1975 Hi
760 1934 890 1972 vero
933 1917 1024 1984 qui
1066 1918 1132 1969 ab
1175 1915 1290 1968 istis
1333 1929 1426 1968 ve-

399 2015 572 2076 niunt,
631 2011 674 2064 si
729 2009 864 2063 forte
897 2009 1182 2076 episcopus
1239 2003 1421 2070 fuerit,

398 2105 594 2159 habeat
669 2099 966 2172 presbyteri
1041 2099 1422 2168 dignitatem:

395 2197 499 2251 nisi
531 2194 667 2248 forte
697 2193 905 2262 placeat
941 2191 1198 2258 episcopo
1226 2188 1423 2242 catho-

395 2290 502 2344 lico
534 2287 832 2343 concedere
866 2284 914 2338 ei
947 2284 1112 2338 etiam
1141 2283 1425 2353 episcopa-

395 2377 463 2434 lis
494 2375 724 2433 nominis
756 2377 1038 2430 honorem.
1071 2373 1128 2427 Si
1163 2387 1286 2425 vero
1321 2385 1423 2425 non

394 2469 680 2539 placuerit,
708 2467 947 2520 inveniat
976 2464 1022 2516 ci
1047 2463 1242 2526 locum,
1277 2471 1335 2514 ut
1360 2461 1425 2514 sit

397 2561 452 2614 in
519 2559 773 2628 parochia
852 2554 1276 2622 chorepiscopus
1337 2561 1426 2606 aut

398 2651 706 2720 presbyter,
765 2646 1059 2700 dummodo
1112 2658 1427 2714 permanere

401 2742 648 2794 videatur
696 2738 749 2791 in
782 2737 973 2791 clero:
1020 2745 1074 2788 et
1132 2750 1198 2788 ne
1232 2735 1283 2787 in
1323 2748 1426 2788 una

398 2836 618 2891 civitate
637 2834 740 2890 duo
767 2832 876 2888 sint
905 2831 1163 2902 episcopi.

871 2991 959 3048 IX.

399 3107 443 3139 "
490 3106 562 3161 De
617 3107 696 3162 his
744 3105 833 3176 qui
884 3102 1234 3158 inexaminati
1287 3101 1436 3156 ordi-

803 3182 1015 3229 nantur.

471 3286 526 3344 Si
566 3291 656 3359 qui
709 3287 827 3343 sine
871 3285 1269 3341 examinatione
1302 3298 1428 3353 pro-

397 3383 536 3437 vecti
561 3379 883 3451 presbyteri,
914 3389 966 3432 et
990 3386 1112 3448 post
1132 3373 1432 3432 examinati

395 3473 634 3531 confessi
681 3473 882 3526 fuerint
930 3481 1149 3541 peccata
1203 3483 1336 3529 sua,
1382 3474 1437 3519 et

399 3581 520 3621 cum
562 3563 794 3619 confessi
834 3561 1070 3623 fuerint,
1107 3569 1295 3613 contra
1349 3570 1434 3610 re-

398 3659 578 3729 gulam
623 3656 903 3710 venientes
955 3654 1203 3708 homines
1248 3664 1437 3704 manus

401 3759 602 3804 temere
632 3747 710 3801 eis
737 3745 1116 3814 imposuerint,
1144 3743 1242 3797 hos
1265 3739 1436 3796 eccle-

403 3842 657 3897 siasticus
731 3839 862 3893 ordo
923 3853 1028 3891 non
1098 3835 1310 3903 recipit.
1382 3835 1436 3890 In

397 3933 652 3987 omnibus
685 3932 830 3984 enim
863 3929 1005 3998 quod
1041 3926 1438 3998 irrept'eltensi-

400 4023 510 4079 bile
529 4033 612 4078 est
630 4021 898 4078 catholica
917 4019 1154 4075 defendit
1174 4019 1434 4076 Ecclesia.

880 4201 945 4268 Χ.

577 4321 626 4354 ’⁸
656 4320 730 4374 De
769 4321 934 4390 lapsis
972 4320 1254 4374 ordinatis.

476 4500 792 4570 Quicunque
814 4513 876 4552 ex
903 4497 988 4552 his
1011 4497 1100 4565 qui
1127 4493 1263 4562 lapsi
1289 4499 1431 4556 sunt,

404 4606 502 4663 per
531 4590 891 4661 ignorantiam
919 4584 1153 4640 ordinati
1177 4591 1323 4644 sunt,
1352 4580 1434 4635 vel

406 4689 774 4751 contemptum
806 4691 990 4732 eorum
1035 4673 1127 4743 qui
1168 4685 1260 4726 eos
1289 4671 1436 4724 ordi—

407 4782 698 4838 naverunt,
737 4772 838 4824 hoc
869 4781 971 4821 non
1001 4761 1318 4831 praeiudicat
1344 4775 1433 4814 ec-

406 4865 725 4922 clesiasticae
765 4859 986 4929 regulae.
1016 4853 1152 4908 Cum
1184 4853 1324 4908 enim
1353 4868 1438 4908 re-

404 4965 614 5028 pertum
637 4951 825 5013 fuerit,
855 4950 1210 5017 deponantur.

879 5099 975 5156 XI.

1635 355 1938 414 GELASII
1980 355 2323 413 CYZICENI

1507 462 1596 514 καὶ
1615 461 1982 531 ἀποστολικῆς
2015 461 2344 530 Ἐκκλησίας
2362 462 2562 532 δόγμα·

1507 571 1581 617 σι,
1613 554 1758 606 τοῦτ’
1793 554 1911 606 ἔστι
1948 554 2204 625 διγάμοις
2252 555 2554 620 κοινωνῶν,

1503 646 1596 696 καὶ
1629 647 1740 707 τοῖς
1771 646 1828 696 ἐν
1881 645 1961 714 τῷ
2019 645 2253 716 διωγμῷ
2299 663 2558 716 παραπε-

1505 735 1800 798 πτωκόσιν,
1836 735 1923 802 ἐρ’
1951 729 2024 788 ὧν
2051 735 2146 788 καὶ
2175 736 2366 806 χρόνος
2396 737 2558 788 τέταο

1508 839 1655 886 κται,
1713 824 1806 876 καὶ
1856 825 2047 894 καιρὸς
2103 823 2358 894 ὥρισται,
2417 825 2557 878 ὥστε

1503 913 1699 974 αὐτοὺς
1760 913 2078 966 ἀκολουθεῖν
2157 917 2214 965 ἐν
2255 916 2388 967 πᾶσι
2446 919 2557 978 τοῖς

1501 1002 1734 1072 δόγμασι
1795 1003 1895 1070 τῆς
1955 1005 2251 1072 καθολικῆς
2323 1005 2556 1076 Ἐκκλη-

1505 1094 1654 1156 σίας,
1754 1094 1924 1148 Ἔνθα
2008 1095 2105 1163 μὲν
2174 1095 2267 1147 οὖν
2357 1095 2555 1158 πάντες,

1506 1185 1614 1236 εἴτε
1679 1186 1735 1237 ἐν
1792 1184 2029 1254 κώμαις,
2076 1186 2184 1236 εῐτε
2227 1187 2284 1236 ἐν
2337 1185 2555 1237 πόλεσιν

1502 1275 1656 1327 αὐτοὶ
1690 1275 1840 1344 μόνοι
1871 1275 2214 1344 εὑρίσκοιντο
2253 1291 2558 1345 χειροτονηο

1503 1363 1708 1428 Θέντες,
1733 1365 2116 1435 εὑρισκόμενοι
2146 1366 2204 1417 ἐν
2225 1365 2302 1435 τῷ
2345 1365 2552 1436 κλήρῳ,

1502 1461 1718 1514 ἔσονται
1748 1462 1807 1512 ἐν
1825 1460 1903 1530 τῷ
1924 1460 2071 1530 αὐτῷ
2094 1462 2356 1531 σχήματι.
2395 1463 2550 1515 Ὅσοι

1501 1551 1559 1604 δὲ
1595 1550 1690 1603 τοῦ
1725 1552 1823 1620 τῆς
1872 1550 2174 1619 καθολικῆς
2217 1551 2550 1621 Ἐκκλησίας

1502 1643 1803 1696 ἐπισκόπου
1862 1643 1893 1712 ἦ
1951 1643 2328 1713 πρεσϐυτέρου
2376 1645 2549 1710 ὅντος,

1501 1735 1919 1805 προσέρχονται,
1943 1735 2210 1804 πρόδηλον
2236 1735 2310 1799 ὡς
2363 1739 2392 1789 ό
2453 1737 2551 1807 μὲν

1499 1825 1795 1887 ἐπίσκοπος
1821 1825 1918 1894 τῆς
1967 1825 2296 1896 Ἑκκλησίας
2334 1826 2445 1892 ἕξει
2493 1826 2552 1880 τὸ

1499 1916 1714 1985 ἀξίωμα
1735 1914 1831 1968 τοῦ
1855 1916 2157 1969 ἐπισκόπου
2177 1933 2192 1948 ⁸
2218 1919 2244 1970 ό
2269 1918 2326 1971 δὲ
2349 1919 2549 1987 ὀνομα-

1500 2005 1728 2076 ζόμενος
1744 2007 1894 2077 παρὰ
1914 2009 2022 2071 τοῖς
2037 2007 2314 2078 Καθαροῖς
2326 2009 2550 2063 ἐπίσκο-

1499 2113 1598 2161 πος
1647 2098 1746 2166 τὴν
1801 2096 1896 2148 τοῦ
1952 2098 2330 2170 πρεσϐυτέρου
2384 2102 2551 2170 τιμὴν

1498 2190 1642 2254 ἕξει·
1681 2189 1821 2260 πλὴν
1875 2191 1923 2242 εἰ
1969 2190 2042 2258 μὴ
2071 2192 2178 2260 ἄρα
2236 2189 2418 2260 δοκοίη
2472 2191 2549 2260 τῷ

1499 2280 1784 2349 ἐπισκόπῳ
1810 2281 1907 2349 τῆς
1956 2280 2120 2348 τιμῆς
2152 2277 2245 2331 τοῦ
2287 2280 2550 2348 ὀνόματος

1502 2373 1663 2424 αὑτὸν
1726 2371 1993 2441 μετέχειν.
2054 2371 2117 2424 Εἰ
2156 2371 2212 2421 δὲ
2265 2371 2341 2440 μὴ
2391 2371 2550 2424 τοῦτο

1501 2462 1651 2533 αὐτῷ
1699 2463 1947 2532 ἀρέσκοι,
1996 2463 2275 2529 ἐπινοήσει
2312 2463 2475 2514 τόπον
2515 2462 2547 2532 ἢ

1501 2556 1925 2625 χωρεπισκοπῆς
2001 2554 2032 2623 ἢ
2109 2552 2481 2622 πρεσϐυτέρου
2531 2592 2546 2616 ,

1503 2646 1642 2714 ὑπὲρ
1678 2645 1772 2697 τοῦ
1805 2645 1860 2696 ὲν
1900 2642 1976 2712 τῷ
2004 2643 2192 2712 κλήρῳ
2217 2642 2352 2705 ὅλως
2377 2643 2550 2696 δοκεῖν

1503 2732 1666 2801 εἶναι,
1715 2735 1800 2788 ἵνα
1839 2735 1915 2806 μὴ
1944 2738 2001 2788 ἐν
2034 2738 2100 2806 τῇ
2143 2734 2294 2787 πόλει
2319 2733 2411 2788 δύο
2436 2735 2553 2788 ὲπί-

1505 2844 1697 2881 σκοποι
1719 2820 1872 2882 ὦσιν.

1984 2988 2061 3041 Θθ.

1521 3099 1660 3168 Περι
1702 3097 2074 3168 χειροτονίας
2104 3097 2545 3166 πρεσϐυτέρων.

1579 3297 1648 3349 El.’
1679 3314 1824 3359 τινες
1858 3296 2229 3361 ἀνεξετάστως
2265 3293 2548 3366 προήχθη-

1508 3403 1606 3440 σαν
1647 3387 2035 3458 πρεσϐύτεροι,
2066 3387 2098 3456 ἢ
2128 3385 2548 3457 ἀνακρινόμενοι

1508 3479 1869 3548 ὡμολόγησαν
1914 3479 1983 3530 τὰ
2028 3477 2397 3549 ἡμαρτημένα
2446 3477 2545 3528 αὑ-

1506 3573 1658 3631 τοῖς,
1708 3572 1801 3622 καὶ
1860 3568 2337 3639 ὁμολογησάντων,
2394 3566 2545 3637 παρὰ

1510 3662 1708 3714 κανόνα
1761 3660 2068 3729 κινούμενοι
2119 3658 2396 3728 ἄνθρωποι
2438 3659 2546 3727 χεῖ-

1513 3767 1611 3820 ρας
1647 3749 2020 3803 ἐπιτεθείκασι
2049 3790 2061 3812 ,
2099 3749 2223 3810 τοὺς
2271 3746 2546 3807 τοιούτους

1508 3846 1535 3896 ό
1567 3844 1745 3896 κανὼν
1772 3844 1832 3896 οὐ
1888 3842 2191 3912 προσίεται.
2221 3841 2294 3894 Τὸ
2329 3842 2436 3909 γὰρ
2460 3842 2549 3894 ἀν-

1510 3936 1807 4004 επίληπτον
1875 3935 2152 4005 ἐκδικήσει
2198 3934 2231 4003 ἡ
2282 3933 2545 4004 καθολικὴ

1524 4025 1836 4096 Ἐκκλησία.

1511 4320 1649 4386 Περὶ
1708 4319 1828 4371 τῶν
1876 4317 2208 4383 παυόντων,
2262 4319 2357 4371 καὶ
2406 4335 2548 4386 προ-

1585 4388 2011 4456 χειρισθέντων
2037 4388 2184 4441 κατὰ
2205 4388 2473 4457 ἄγνοιαν.

1585 4498 1743 4550 Ὅσοι
1775 4499 2269 4570 προεχειρίσθησαν
2298 4498 2405 4551 τῶν
2435 4515 2540 4551 πα-

1519 4587 1954 4655 ραπεπτωκότων
2013 4589 2153 4642 κατὰ
2211 4589 2456 4655 ἄγνοιαν,
2510 4585 2543 4656 ἢ

1510 4676 1604 4730 καὶ
1655 4678 1980 4748 προειδότων
2031 4678 2138 4731 τῶν
2195 4693 2547 4748 προχειρισα-

1515 4766 1716 4834 μένων,
1750 4767 1906 4821 τοῦτο
1927 4769 1987 4821 οὐ
2025 4767 2307 4838 προκρίνει
2339 4766 2416 4836 τῷ
2450 4784 2549 4819 κα-

1516 4857 1624 4908 νόνι
1642 4857 1718 4929 τῷ
1740 4857 2194 4927 ἐκκλησιαστικῷ.
2215 4857 2551 4919 Γνωσθέντες

1517 4950 1624 5018 γὰρ
1648 4949 2055 5019 καθαιροῦνται.

1955 5102 2067 5168 μ’.

406 5221 450 5252 ⁷³
503 5221 575 5275 οε
608 5212 1313 5288 praevaricatis_reciptendis
1355 5226 1451 5282 per
1514 5217 1651 5284 Περὶ
1721 5213 1840 5268 τῶν
1883 5230 2014 5288 *παι

936 5212 1313 5288 Es_reciptendis
1355 5226 1451 5282 per
1514 5217 1651 5284 Περὶ
1721 5213 1840 5268 τῶν
1883 5213 2306 5288 *παραϐάντων
2370 5215 2544 5284 χωρὶς

730 5286 1103 5353 paenitentiam.

475 5393 554 5449 De
610 5394 693 5449 his
750 5393 841 5461 qui
911 5393 1241 5462 praevaricati
1314 5403 1439 5449 sunt

475 5591 526 5627 "’
552 5591 638 5646 Al.
703 5591 782 5647 De
819 5590 902 5645 bis
959 5589 1048 5659 qui
1079 5589 1144 5643 ad
1197 5588 1561 5644 sacerdotium
1598 5591 1716 5644 sine
1749 5591 2150 5648 examinatione
2181 5591 2409 5659 promoti
2467 5599 2613 5645 sunt.

1864 5285 2157 5353 ἀνάγκης.

1585 5381 1722 5464 Περὶ
1755 5393 1864 5446 τῶν
1903 5392 2350 5462 παραϐαινόντων
2381 5395 2551 5464 χωρὶς

3533 365 3670 434 I328

2635 467 2776 534 quod
2809 470 3284 526 eommuuicabunt
3311 487 3433 528 cum
3465 476 3548 530 his
3573 483 3665 547 qui

2633 560 2899 614 secundas
2959 563 3176 630 nuptias
3227 567 3436 634 experti
3504 580 3665 633 sunt,

2632 656 2686 702 et
2716 649 2801 704 his
2831 651 2921 718 qui
2967 654 3363 721 persecutionis
3417 667 3661 728 tempore

2631 735 2763 807 lapsi
2795 748 2943 802 sunt,
2974 741 3172 809 quibus
3205 753 3384 797 tamen
3443 756 3495 800 et
3533 760 3666 800 tein-

2630 841 2729 894 pus
2770 831 3126 885 constitutum
3161 842 3214 886 et
3254 835 3368 889 dies
3411 837 3666 890 deﬁnitus

2629 927 2732 982 est,
2773 929 2829 971 ut
2864 931 3168 989 sequantur
3207 925 3259 976 in
3289 926 3541 980 omnibus
3570 931 3664 982 dc-

2629 1016 2775 1061 creta
2804 1010 3086 1065 catholica“:
3115 1011 3392 1070 Ecclesiae.
3423 1014 3666 1072 Ubicun-

2632 1114 2739 1169 que
2773 1101 2940 1171 igitur
3000 1104 3115 1158 sive
3157 1105 3210 1158 in
3251 1108 3400 1175 pagis
3461 1110 3574 1164 sive
3608 1112 3664 1165 in

2630 1191 2853 1244 urbibus
2890 1192 2987 1262 ipsi
3027 1193 3373 1250 inveniantur
3399 1200 3658 1263 ordinati,

2630 1281 2830 1336 inventi
2865 1284 2915 1337 iu
2954 1284 3122 1350 clero,
3173 1297 3335 1341 erunt
3367 1289 3420 1343 in
3467 1292 3658 1346 eodem

2627 1371 2817 1425 ordine
2884 1388 2897 1424 :
2976 1375 3287 1444 quicunque
3357 1390 3536 1432 autem
3597 1394 3673 1431 en

2628 1461 2871 1527 veniunt,
2905 1464 2995 1518 ubi
3020 1464 3130 1534 jam
3157 1476 3240 1521 est
3286 1467 3541 1524 Ecclesia:
3569 1484 3664 1525 ca-

2625 1552 2839 1607 tholica:
2876 1555 3162 1626 episcopus
3209 1569 3303 1611 aut
3353 1561 3661 1630 presbyter,

2627 1643 2972 1698 manifestum
2997 1650 3140 1716 quod
3173 1649 3459 1719 episcopus
3483 1651 3664 1706 Eccle-

2622 1731 2720 1786 sia:
2739 1734 2957 1788 habebit
2978 1738 3360 1794 auctoritatem
3383 1742 3656 1810 episcopi:

2624 1823 2717 1891 qui
2749 1836 2932 1880 autem
2987 1842 3016 1879 a
3099 1828 3355 1883 Catharis
3427 1845 3658 1885 vocatur

2624 1913 2944 1982 episcopus,
3013 1919 3315 1989 presbyteri
3394 1922 3658 1976 honorem

2624 2001 2846 2059 habebit
2877 2022 2890 2059 :
2925 2007 3027 2060 nisi
3065 2007 3204 2063 forte
3235 2010 3501 2078 placuerit
3532 2016 3661 2081 epi-,

2625 2108 2789 2164 scopo
2814 2097 3049 2151 nominis
3068 2104 3324 2155 honorem
3347 2102 3422 2155 illi
3454 2103 3661 2174 imper-

2629 2188 2750 2242 tire.
2786 2189 2880 2242 Sin
2911 2190 3091 2244 minus
3131 2192 3236 2245 hoc
3269 2193 3319 2247 ei
3365 2194 3657 2263 placuerit,

2626 2280 2930 2347 providebit
2995 2281 3069 2334 illi
3128 2282 3302 2337 locum
3362 2286 3443 2339 vel
3493 2291 3660 2340 chor-

2625 2369 2889 2437 episcopi,
2927 2369 3011 2423 vel
3046 2373 3374 2441 presbyteri;
3401 2383 3456 2426 ut
3481 2378 3627 2428 omni
3645 2407 3661 2416 -

2627 2474 2697 2513 no
2730 2460 2818 2514 ille
2851 2461 2904 2514 in
2935 2462 3086 2516 clero
3133 2478 3255 2518 esse
3313 2467 3575 2532 videatur,
3605 2482 3660 2522 et

2624 2549 2678 2603 in
2729 2567 2834 2606 una
2881 2551 3014 2608 urbe
3072 2570 3179 2610 non
3242 2556 3351 2612 sint
3402 2559 3506 2614 duo
3551 2564 3665 2632 epi-

2625 2643 2795 2714 scapi.

3097 2995 3185 3051 IX.

2697 3103 2773 3160 De
2800 3105 3127 3163 ordinatione
3145 3111 3572 3180 presbyterorum.

2694 3278 2752 3332 Si
2782 3281 2872 3350 qui
2902 3283 3036 3337 citra
3053 3286 3506 3341 examinationem
3534 3303 3657 3357 pro-

2621 3371 2750 3424 moti
2781 3382 2907 3427 sunt
2954 3377 3288 3446 presbyteri,
3322 3389 3413 3432 aut
3446 3383 3658 3432 exami-

2622 3463 2730 3516 nati
2763 3465 2996 3520 confessi
3034 3478 3162 3522 sunt
3197 3480 3417 3538 peccata
3449 3485 3567 3536 sua,
3603 3482 3661 3525 et

2620 3565 2906 3626 postquam
2945 3561 3180 3616 confessi
3217 3570 3367 3625 sunt,
3408 3562 3661 3617 homines

2619 3651 2874 3704 commoti
2933 3665 3122 3707 manus
3175 3653 3254 3708 eis
3304 3655 3662 3723 imposuerint

2619 3751 2814 3809 praeter
2843 3757 3130 3807 canonem,
3169 3745 3303 3799 tales
3326 3762 3430 3800 nou
3461 3748 3664 3801 admit-

2620 3834 2684 3885 tit
2729 3845 2920 3888 cauon.
2975 3835 3126 3901 Quod
3167 3836 3310 3891 enim
3360 3839 3658 3908 reprehen-

2621 3927 2773 3980 sione
2813 3937 3005 3993 caret,
3060 3938 3242 3982 tuetur
3290 3927 3531 3984 Ecclesia
3564 3945 3662 3986 ca-

2621 4017 2839 4072 tltolica.

3107 4197 3172 4252 Χ.

2622 4311 2697 4364 De
2747 4309 2948 4380 lapsis,
2979 4320 3030 4364 et
3079 4311 3336 4390 ordinatis
3373 4326 3466 4378 per
3506 4311 3663 4381 igno-

3007 4389 3252 4433 rantiam.

2689 4495 3006 4564 Quicunque
3064 4509 3128 4548 ex
3187 4494 3352 4563 lapsis
3406 4493 3654 4548 ordinati

2619 4596 2746 4642 sunt
2796 4601 2892 4655 per
2930 4586 3320 4656 ignorantiam,
3351 4584 3440 4638 vel
3487 4586 3655 4639 etiam

2619 4678 2915 4734 scientibus
2951 4679 3014 4731 iis
3045 4679 3138 4747 qui
3173 4678 3514 4738 ordinarunt,
3554 4676 3658 4728 hoc

2623 4786 2730 4826 non
2785 4768 3098 4840 praejudicat
3140 4766 3334 4821 canoni
3393 4765 3657 4820 ecclesia-

2626 4867 2760 4920 stico
2791 4881 2804 4917 :
2837 4863 3036 4932 cogniti
3068 4863 3212 4914 enim
3249 4861 3614 4929 deponuntur.

3093 5090 3187 5146 XI.

2623 5213 2697 5267 De
2730 5212 2810 5266 his
2851 5213 2942 5281 qui
2985 5210 3316 5292 prwvaricati
3363 5215 3486 5262 sunt
3517 5205 3658 5260 citra

2941 5291 3316 5334 necessitatem.

2698 5394 2773 5449 De
2793 5394 2878 5447 his
2900 5394 2990 5462 qui
3021 5391 3357 5462 praevaricati
3383 5398 3509 5445 sunt
3529 5390 3660 5444 abs-

2693 5591 2841 5644 "Al.
2875 5593 2949 5645 De
3011 5588 3093 5646 his
3153 5589 3240 5657 qui
3315 5596 3654 5658 negaverunt

411 5660 466 5731 in
517 5664 912 5729 persecutione,
971 5658 1024 5714 et
1055 5669 1240 5730 postea
1304 5659 1372 5716 ad
1396 5659 1711 5715 clericatum
1773 5662 2008 5728 promoti
2058 5671 2204 5717 sunt.
2280 5661 2324 5692 "
2350 5659 2434 5714 Al.
2470 5659 2542 5716 De
2570 5661 2653 5717 bis
2681 5662 2770 5731 qui
2811 5669 3161 5730 negaverunt,
3193 5669 3245 5715 et
3275 5658 3544 5714 habentur
3590 5658 3652 5711 in

411 5728 596 5804 laicis.
