4072 6410
374 470 521 539 1329

385 585 502 638 sine
552 583 656 639 ulla
701 586 1062 651 necessitate,
1107 588 1225 644 sine
1269 588 1420 643 abla-

390 674 533 728 tione
596 676 942 745 patrimonii,
1006 679 1089 733 vel
1158 681 1275 735 sine
1331 695 1424 749 pe-

390 762 590 827 riculo,
624 773 717 818 aut
745 765 923 836 aliqua
959 767 1052 822 tali
1082 784 1159 836 re,
1187 785 1306 838 quae
1339 779 1423 825 est

389 853 441 907 in
497 855 813 935 novissima}
841 859 1127 927 tyrannide
1178 861 1416 916 Licinii:

385 944 591 1013 placuit
632 958 823 1002 saneto
870 950 1140 1015 concilio,
1171 950 1294 1005 licet
1340 952 1424 1005 in-

387 1034 534 1101 digni
597 1035 705 1089 sint
761 1038 1171 1105 misericordia,
1242 1050 1419 1095 tamen

389 1123 593 1193 aliquid
638 1136 827 1181 contra
876 1126 1069 1202 [circa]
1104 1144 1197 1185 eos
1233 1130 1421 1185 buma-

358 1213 575 1269 ‘nitalis
629 1219 865 1273 ostendi.
923 1218 978 1274 Si
1028 1221 1119 1289 qui
1172 1236 1301 1292 ergo
1356 1238 1423 1276 ex

391 1305 574 1360 animo
595 1307 880 1375 paenitent,
910 1310 1082 1365 tribus
1102 1311 1261 1366 anuis
1282 1310 1425 1365 inter

392 1397 668 1453 auditores
697 1401 1098 1455 constituantur
1127 1420 1140 1457 ε
1173 1403 1220 1458 si
1245 1412 1423 1457 tamen

1264 480 1635 541 HISTORIA
1672 481 2006 542 CONCILlI
2046 481 2350 541 NICJENI.
2393 504 2461 516 --
2496 480 2643 541 LIB.
2686 480 2768 541 II.

3506 477 3640 545 1330

1495 590 1743 662 ἀνάγκης
1763 633 1778 657 ,
1814 592 1847 663 ἢ
1881 591 2225 661 ἀφαιρέσεως
2255 588 2530 660 ὑπαρχόν-
2604 598 2711 653 que
2743 589 3089 656 necessitate,

2032 591 2225 661 ρέσεως
2255 588 2530 660 ὑπαρχόν-
2604 598 2711 653 que
2743 589 3089 656 necessitate,
3117 599 3211 644 aut
3241 588 3443 659 absque
3471 588 3640 645 facul-

1494 700 1624 744 των,
1668 683 1701 755 ἢ
1750 684 1920 754 χωρὶς
1958 680 2244 744 κινδύνων,
2301 681 2334 751 ἦ
2386 696 2533 742 τινος
2609 688 2778 733 talum
2811 679 3102 745 ablatione,

2036 680 2244 744 νδύνων,
2301 681 2334 751 ἦ
2386 696 2533 742 τινος
2609 688 2778 733 tatum
2811 679 3104 745 ablatione,
3134 692 3229 734 aut
3261 680 3469 749 absque
3503 680 3644 747 peri-

1494 774 1759 839 τοιούτου,
1812 774 1840 827 ὃ
1885 774 2110 842 γέγονεν
2147 775 2241 825 ἐπὶ
2289 772 2392 842 τῆς
2442 788 2537 826 τοι
2607 771 2749 838 culo,
2785 783 2878 829 aut
2918 774 3100 843 aliquo

2039 790 2110 826 θεν
2147 775 2241 825 ἐπὶ
2289 772 2392 842 τῆς
2442 788 2537 826 τυα
2607 771 2749 838 ουΙο,
2785 783 2878 829 aut
2918 774 3100 843 aliquo
3132 774 3332 842 simili,
3365 774 3507 844 quod
3561 772 3647 827 fa-

1498 865 1738 937 ραννίδος
1785 866 2068 918 Λικινίου·
2110 862 2256 929 ἔδοξε
2307 868 2372 936 τῇ
2412 880 2537 917 συν·
2610 870 2754 916 ctum
2802 870 2885 918 est
2925 864 3027 919 sub
3076 872 3106 935 ι]

2053 883 2068 896 ·
2110 862 2256 929 ἔδοξε
2307 868 2372 936 τῇ
2412 880 2537 917 σον-
2610 870 2754 916 ctum
2802 870 2885 918 est
2925 864 3027 919 sub
3076 864 3355 935 tyrannide
3400 862 3592 917 Licinii
3631 879 3646 915 :

1492 956 1599 1026 ὁδῳ
1620 998 1634 1022 ,
1687 957 1735 1009 εἰ
1793 957 1891 1011 καὶ
1920 956 2135 1023 ἀνάξιοι
2178 951 2319 1024 ἦσαν
2349 956 2539 1023 φιλοιν-
2611 951 2814 1023 placuit
2847 961 3049 1008 sanctae
3081 967 3100 1007 ε

2043 958 2135 1023 ito:
2178 951 2319 1024 ἦσαν
2349 956 2539 1023 φιλαν-
2611 951 2814 1023 placuit
2847 961 3049 1008 sanctae
3081 952 3311 1023 synodo,
3347 952 3471 1007 licet
3508 951 3651 1005 indi-

1496 1046 1764 1118 Θρωπίας,
1791 1046 1941 1116 ὅμως
1977 1046 2424 1117 χρηστεύσασθαι
2459 1046 2540 1107 εις
2613 1041 2701 1110 gni
2727 1040 3101 1097 fuerinthuma

2047 1046 2424 1117 πιστώσασθαι
2459 1046 2540 1107 εις
2613 1041 2701 1110 gni
2727 1040 3296 1106 fuerinthumanitate,
3318 1039 3655 1109 benignitate

1494 1139 1711 1203 αὐτούς.
1743 1140 1900 1192 Ὅσοι
1939 1134 2032 1192 οὖν
2077 1140 2315 1209 γνησίως
2367 1155 2541 1210 μετα-

1505 1230 1807 1303 μελῶνται,
1842 1229 1969 1301 τρία
2018 1228 2115 1298 ἔτη
2154 1230 2214 1283 ἐν
2248 1230 2542 1301 ἀκροωμέ-

1499 1343 1612 1389 νοις
1643 1325 1955 1395 ποιήσουσι.
1986 1325 2082 1379 καὶ
2108 1325 2247 1377 ἑπτὰ
2270 1324 2375 1395 ,ἐτη
2412 1326 2545 1378 ὑπο-

1499 1416 1792 1471 πεσοῦνται
1811 1433 1824 1447 ο
1854 1414 1946 1469 δύο
1974 1414 2032 1468 δὲ
2059 1414 2154 1485 ἔτη
2189 1414 2358 1486 χωρὶς
2388 1431 2550 1486 προσ-

2619 1139 2799 1187 tamen
2835 1131 3018 1201 aliqua
3050 1145 3180 1201 erga
3208 1146 3302 1186 eos
3335 1132 3436 1185 uti.
3469 1128 3653 1196 Quos-

2618 1237 2832 1294 eunque
2886 1224 3053 1294 igitur
3102 1224 3247 1279 serio
3302 1222 3566 1293 poenitet,
3618 1220 3652 1275 ii

2623 1324 2733 1370 tres
2767 1328 2939 1371 annos
2970 1316 3115 1371 inter
3146 1315 3435 1371 audientes
3472 1322 3673 1389 agent,‘

2622 1412 2826 1475 septem
2876 1406 3032 1461 annis
3085 1412 3504 1476 prosternentur
3531 1417 3659 1471 sup-

396 1484 579 1580 lideles
615 1488 746 1548 sint,
784 1499 837 1544 et
860 1500 1065 1561 septem
1101 1493 1256 1548 amris
1283 1493 1424 1548 inter
1499 1512 1672 1580 φορᾶς
1708 1509 2004 1580 κοινωνήσο

2053 1524 2099 1561 τι
2278 1484 2401 1578 ἠλαῷ
2433 1484 2546 1561 ξτῶν
2624 1497 2791 1568 plices
2814 1537 2828 1561 ,
2866 1496 3075 1551 duobus
3104 1510 3231 1551 vero
3265 1494 3471 1563 absque
3511 1491 3661 1546 obla-

396 1578 722 1645 poeniteutes
755 1582 758 1587 '
791 1581 904 1636 sint
948 1599 963 1636 :
1012 1583 1224 1639 duobus
1298 1598 1427 1640 vero

399 1671 559 1728 annis
621 1681 772 1727 extra
850 1676 1284 1732 communionem
1379 1678 1433 1733 in

397 1762 641 1817 oratione
682 1763 796 1819 sola
842 1767 1136 1837 participes
1171 1767 1302 1823 ﬁant
1334 1784 1434 1839 po-

396 1851 545 1920 pulo.

854 1968 971 2026 XII.

398 2074 448 2109 ⁸⁸
465 2076 542 2157 De
559 2082 859 2157 panitentia
876 2100 1060 2157 eorum
1075 2087 1164 2154 qui
1179 2088 1436 2157 baptizati

471 2148 538 2202 ad
564 2151 873 2206 saecularem
894 2148 1139 2209 militiam
1171 2148 1443 2212 reuertun-

469 2227 577 2273 tur.

470 2329 527 2384 Si
559 2332 652 2401 qui
688 2348 819 2391 vero
854 2339 1029 2393 vocati
1057 2352 1157 2409 per
1188 2338 1282 2394 Dei
1318 2354 1443 2410 gra—

400 2422 531 2476 tiam
578 2424 771 2494 primo.
802 2428 1023 2497 quidem
1086 2430 1444 2486 ostenderunt

399 2514 559 2570 ﬁdem
593 2531 748 2572 suam
798 2519 1043 2589 deposito
1076 2521 1282 2578 militiae
1327 2522 1445 2577 cin-

399 2605 543 2674 gulo,
576 2609 815 2678 posthaec
850 2622 1031 2669 autem
1070 2613 1139 2669 ad
1163 2615 1440 2686 proprium

403 2699 666 2754 vomitum
707 2704 911 2760 reversi
955 2714 1120 2773 sunt,
1151 2705 1226 2759 ita
1259 2715 1318 2759 ut
1341 2720 1436 2773 pe-

402 2790 596 2845 cunias
628 2793 820 2848 darent
861 2805 915 2849 et
952 2797 1223 2852 ambirent
1253 2811 1442 2853 rursus

401 2882 586 2938 redire
645 2886 712 2939 ad
770 2886 1060 2956 militiam;
1107 2888 1197 2944 isti
1257 2889 1441 2944 decem

401 2972 561 3028 annis
599 2975 712 3028 sint
753 2975 898 3030 inter
929 2979 1291 3046 pmnitentes,
1325 2989 1445 3049 post

402 3062 639 3129 primum
664 3066 954 3121 triennium
995 3085 1101 3138 quo
1143 3069 1341 3125 fuerint
1368 3070 1445 3125 in-

402 3160 488 3208 ter
542 3156 844 3213 auditores.
893 3159 947 3214 lu
1007 3162 1260 3216 omnibus
1315 3177 1443 3218 vero

403 3249 532 3306 illud
582 3254 857 3324 praecipue
903 3256 1338 3324 observandum,
1387 3267 1442 3313 ut

402 3343 619 3400 animus
657 3359 722 3400 ac
747 3348 1084 3415 propositum
1128 3364 1315 3404 eorum
1360 3350 1444 3405 vel

404 3435 613 3503 species
690 3436 1029 3504 poenitentiae
1111 3440 1440 3508 requiratur.

404 3523 723 3597 Quicunque
745 3527 890 3582 enim
935 3544 1054 3584 cum
1077 3532 1224 3585 omni
1252 3532 1446 3587 timore

405 3627 458 3671 et
477 3615 735 3686 lacrymis
757 3621 1229 3686 perseverantibus
1249 3630 1303 3676 et
1326 3636 1447 3691 ope-

407 3707 556 3762 ribus
607 3708 765 3762 bonis
818 3711 1233 3765 conversionem
1268 3726 1445 3779 suam,

406 3813 512 3853 non
551 3798 668 3854 solo
702 3798 914 3866 habitu,
946 3804 1039 3857 sed
1073 3818 1237 3871 opere
1270 3814 1324 3858 et
1358 3819 1448 3860 νος

410 3892 569 3946 ritate
617 3891 1031 3961 demonstrant;
1087 3896 1143 3950 bi
1204 3906 1447 3970 tempora

411 3989 610 4034 statuta
641 3981 974 4050 complentes
1009 3987 1209 4042 merito
1238 3987 1447 4042 oratio-

412 4070 569 4124 nibus
592 4073 1093 4139 communicabunt.
1120 4076 1332 4133 Licebit
1356 4093 1451 4131 au-

412 4167 517 4214 tem
537 4161 793 4236 episcopo
805 4170 968 4225 etiam
988 4159 1277 4224 humanius
1301 4169 1448 4224 circa

406 4264 504 4307 eos
532 4252 739 4330 aliquid
780 4261 1042 4332 cogitare.
1078 4257 1138 4314 Si
1184 4259 1276 4329 qui
1316 4273 1448 4313 vero

404 4349 782 4405 iudiﬂ'erenter
847 4351 1152 4405 habuerunt
1235 4348 1444 4419 lapsum

412 4454 591 4506 suum,
623 4445 678 4493 et
707 4436 953 4493 sutﬁcere
978 4438 1080 4494 sibi
1104 4438 1449 4494 existimave-

417 4535 544 4581 runt
571 4528 637 4582 ad
679 4528 1108 4593 conversionem,
1139 4529 1243 4584 hoc
1272 4529 1446 4600 ipsum

417 4617 558 4685 quod
595 4618 819 4673 introire
854 4621 908 4673 in
954 4616 1252 4673 Eeclesiam
1305 4620 1454 4674 vide-

418 4712 650 4776 bantur;
703 4708 793 4763 isti
848 4709 1166 4765 omnimodo
1209 4718 1450 4780 tempora

416 4809 618 4859 statuta
642 4801 916 4873 complere
946 4801 1163 4859 debent.

867 4912 1006 4971 Xlll'.

417 5032 461 5063 "
487 5029 564 5087 De
587 5032 1012 5087 reconciliatione
1033 5029 1213 5085 danda
1236 5029 1462 5085 marieuc

855 5102 1011 5159 tibus.

490 5214 565 5272 De
615 5213 700 5270 his
752 5228 882 5269 vero
938 5212 1029 5284 qui
1084 5211 1343 5267 recedunt
1384 5222 1449 5264 ex

419 5321 669 5377 corpore,
695 5307 931 5376 antiquae
959 5304 1097 5375 legis
1136 5302 1322 5373 regula
1353 5300 1453 5356 ob.

419 5398 728 5453 servabitur
766 5397 934 5452 etiam
967 5409 1113 5451 nunc
1145 5411 1161 5451 :
1197 5395 1271 5449 ita
1298 5400 1357 5447 ut
1405 5392 1453 5447 si

347 5533 354 5549 ,
422 5488 685 5544 recedunt
730 5504 796 5543 ex
849 5501 1112 5558 corpore,
1163 5485 1354 5541 ultimo
1405 5494 1460 5540 et

422 5579 735 5634 necessario
788 5580 912 5633 vitae
960 5594 1072 5633 suae
1106 5578 1305 5632 viatico
1348 5590 1454 5630 non

1505 1602 1701 1673 εὐχῶν.

1966 1962 2069 2018 IB'.

1510 2081 1650 2149 Περὶ
1699 2077 1822 2132 τῶν
1885 2075 2381 2149 ἀποταξαμέναξν,
2454 2074 2559 2149 καὶ

1580 2145 1768 2204 πάλιν
1795 2150 1882 2213 εις
1910 2148 2145 2216 κόσμον
2172 2145 2555 2216 ἀναδραμόν-

1582 2235 1721 2275 των.

1582 2332 1644 2384 0t
1686 2329 2125 2401 προσκληθέντες
2154 2330 2373 2400 ὑπὸτῆς
2401 2332 2556 2399 χάρι-

1513 2439 1624 2486 τος,
1656 2421 1750 2474 καὶ
1778 2420 1878 2492 τὴν
1908 2422 2133 2491 πρώτην
2178 2420 2356 2491 ὁρμὴν
2388 2419 2559 2473 ἐνδει-

1516 2513 1739 2586 ξάμενον.
1765 2553 1779 2579 ,
1814 2513 1910 2567 καὶ
1947 2510 2276 2582 ἀποθέμενοι
2309 2510 2407 2574 τὰς
2447 2508 2555 2575 ζώ-

1516 2628 1635 2677 νας,
1673 2609 1813 2682 μετά
1831 2608 1887 2663 δὲ
1913 2608 2088 2662 ταῦτα
2114 2608 2209 2661 ἐπὶ
2240 2606 2331 2660 τὸν
2354 2606 2551 2659 οἰκεῖον

1515 2703 1709 2774 ἔμετον
1731 2700 2156 2771 ἀναδραμόντες,
2181 2698 2257 2762 ὥς
2283 2714 2436 2760 τινας
2460 2697 2555 2752 καὶ

1514 2793 1755 2866 ἀργύρια
1778 2790 2083 2863 προΐεσθαι,
2110 2791 2206 2845 καὶ
2227 2788 2554 2859 βενεφικίοις

1518 2886 1867 2958 κατορθῶσαι
1896 2885 1957 2938 τὸ
1992 2883 2391 2956 στρατεύεσθαι
2414 2897 2427 2911 ’
2459 2877 2554 2937 οὗ·

1516 2995 1597 3032 τοι
1622 2978 1754 3031 δέκα
1780 2977 1875 3046 ἔτη
1907 2975 2389 3038 ὑποπιπτέτωσαν,
2418 2972 2567 3043 μετὰ·

1515 3070 1605 3123 τὸν
1635 3071 1731 3140 τῆς
1774 3066 2023 3140 τριετοῦς
2064 3067 2383 3138 ἀκροάσεως
2428 3065 2553 3137 χρό-

1516 3179 1625 3215 νον.
1673 3162 1788 3229 Ἐφ⁹
1828 3159 1999 3212 ἆπασι
2044 3157 2101 3210 δὲ
2137 3157 2346 3217 τούτοις
2385 3173 2555 3227 προσ-

1518 3255 1641 3325 ήκει
1707 3252 1984 3317 ἐξετάζειν
2047 3250 2146 3321 τὴν
2208 3249 2552 3320 προαίρεσιν,

1517 3345 1610 3399 καὶ
1645 3344 1704 3396 τὸ
1745 3338 1884 3405 εἶδος
1922 3341 2020 3411 τῆς
2053 3340 2366 3411 μετανοίας.
2396 3339 2554 3394 Ὅσοι

1521 3437 1620 3507 μὲν
1649 3434 1755 3504 γὰρ
1788 3434 1884 3487 καὶ
1927 3432 2105 3504 φόϐῳ,
2142 3434 2237 3485 καὶ
2285 3433 2555 3504 δάκρυσι,

1519 3529 1614 3583 xa't
1670 3528 1952 3597 ὑπομονῇ,
2009 3526 2107 3578 καὶ
2166 3524 2559 3595 ἀγαθοεργίαις

1518 3620 1617 3674 τὴν
1640 3618 2030 3689 ὲπιστρέφειαν
2051 3616 2197 3686 ἔργῳ
2219 3617 2281 3668 οὺ
2316 3619 2559 3686 σχήματι

1522 3711 1940 3774 ἐπιδείκνυνται,
1979 3703 2124 3762 οὗτοι
2167 3707 2561 3782 πληρώσαντες

1523 3803 1616 3857 τὸν
1681 3801 1872 3874 χρόνον
1937 3801 2028 3853 τὸν
2094 3800 2402 3871 ὡρισμένον
2460 3798 2559 3869 τῆς

1520 3895 1871 3968 ἀκροάσεως,
1922 3890 2030 3945 τῶν
2076 3888 2253 3961 εὐχῶν
2299 3890 2562 3959 κοινωνή-

1521 4003 1697 4041 σουσι.
1726 3984 1885 4040 Μετὰ
1921 3980 2019 4037 τοῦ
2081 3980 2286 4046 ἐξεῖναι
2316 3979 2395 4051 τῷ
2439 3981 2559 4032 ἐπι-

1523 4077 1712 4147 σκόπῳ
1747 4072 2259 4145 φιλανθρωπότερόν
2318 4088 2374 4124 τι
2429 4071 2560 4141 περὶ

1522 4167 1702 4223 αὐτῶν
1737 4163 2152 4237 βουλεύσασθαι.
2178 4161 2335 4217 Ὅσοι
2362 4162 2419 4214 δὲ
2448 4161 2563 4215 δια-

1520 4261 1700 4332 φόρως
1728 4260 1989 4330 ἤνεγκαν,
2021 4257 2116 4309 καὶ
2146 4256 2204 4309 τὸ
2244 4256 2432 4326 σχῆμα
2463 4253 2555 4308 τοῦ

1519 4352 1747 4405 εἰσιέναι
1781 4351 1861 4412 εἰς
1893 4348 1990 4421 τὴν
2023 4346 2350 4416 Ἐκκλησίαν
2370 4348 2560 4419 ἀρκεῖν

1521 4443 1734 4505 ἑαυτοῖς
1781 4441 2056 4513 ἡγήσαντο
2106 4438 2242 4509 πρὸς
2293 4436 2393 4509 τὴν
2430 4439 2555 4490 ἐπι-

1525 4531 1784 4605 στροφὴν,
1825 4529 2127 4597 ὲξάπαντος
2164 4528 2560 4601 πληρούτωςαν

1523 4626 1614 4680 τὸν
1645 4624 1858 4697 χρόνον.
2560 4623 2566 4628 ’

1974 4884 1985 4893 ’
2007 4901 2104 4958 11".

1532 5014 1672 5084 Περὶ
1717 5012 1835 5068 τῶν
1895 5013 1965 5071 ἐν
2019 5013 2103 5084 τῷ
2154 5011 2567 5078 ἀποθνήσκειν

1640 5084 1962 5141 κοινωνίαν
1982 5082 2436 5153 ἐπιῷιτούντων.

1522 5224 1529 5227 -
1598 5199 1732 5271 Περὶ
1750 5197 1860 5252 τῶν
1891 5196 2249 5264 ὲξοδευόντων
2276 5198 2304 5250 ὁ
2335 5194 2562 5258 παλαιὸς
2630 5206 2633 5209 ·

1526 5292 1622 5346 καὶ
1648 5290 1931 5353 κανονικὸς
1953 5289 2115 5359 νόμος
2146 5288 2554 5359 φυλαχθήσεται

1528 5385 1622 5439 καὶ
1649 5384 1775 5450 νῦν,
1805 5383 1945 5437 ὥστε
1995 5384 2050 5438 ετ
2068 5399 2152 5445 τις
2182 5379 2439 5445 ὲξοδεύοι,
2467 5378 2560 5432 τοῦ

1530 5476 1867 5533 Δεσποτικοῦ
1917 5476 2132 5547 ὲφοδίου
2192 5475 2267 5546 μὴ
2323 5475 2558 5528 ἀποστε-

1533 5569 1752 5642 ρεισθω.
1809 5569 1873 5622 El.
1914 5568 1972 5622 δὲ
2028 5564 2404 5635 ἀπογνωσθεὶς
2428 5605 2441 5629 ,
2473 5565 2567 5618 καὶ

2630 1585 2795 1647 tione,
2826 1583 3131 1637 orationum
3160 1596 3281 1639 cum
3311 1580 3505 1651 pepulo
3547 1578 3699 1651 pur-ﬁ

2628 1679 2823 1750 ticipcs
2848 1688 3025 1735 erunt.

3092 1952 3207 2007 Xll.

2635 2066 2708 2121 De
2735 2067 2799 2120 tis
2812 2066 2904 2136 qui
2928 2075 3299 2134 separaverunt
3321 2081 3394 2127 se,
3414 2075 3459 2118 et
3479 2065 3669 2126 iterum

2808 2138 2876 2189 ad
2903 2137 3153 2190 mundum
3187 2136 3472 2189 redierunt.

2704 2318 2805 2384 Qui
2833 2320 3011 2373 vocati
3034 2325 3159 2373 sunt
3188 2331 3283 2386 per
3315 2314 3542 2386 gratiam
3565 2352 3580 2377 ,
3612 2321 3669 2367 et

2630 2410 2861 2480 primam
2910 2410 3241 2464 alacritatem
3274 2422 3429 2463 suam
3481 2414 3667 2459 osten-

2631 2500 2848 2563 derunt,
2875 2508 2927 2553 et
2959 2497 3234 2568 cingulum
3272 2495 3479 2550 militia:
3502 2493 3671 2561 depo-

2630 2598 2855 2647 suerunt
2874 2628 2890 2655 ,
2920 2600 3107 2659 postea
3135 2603 3267 2644 vero
3296 2596 3553 2657 tanquam
3578 2601 3670 2642 ca—

2633 2697 2732 2738 nes
2772 2683 2840 2737 ad
2873 2681 3154 2752 proprium
3194 2680 3453 2734 vomitum
3489 2678 3670 2733 redie-

2635 2782 2782 2840 runt,
2821 2774 2901 2828 sic
2932 2781 2993 2826 ut
3034 2771 3254 2842 quidam
3300 2770 3461 2825 etiam
3510 2784 3673 2838 pecu-

2628 2866 2776 2922 niam
2807 2864 3112 2928 conferant,
3150 2870 3204 2917 et
3224 2859 3503 2917 beneﬁciis
3531 2860 3674 2913 mili-

2631 2955 2760 3010 tiam
2810 2961 3101 3023 repetant:
3143 2952 3230 3007 isti
3264 2952 3449 3006 decem
3501 2964 3673 3005 annos

2630 3028 3053 3118 prosternamur
3123 3043 3428 3115 supplices,
3503 3043 3671 3097 etiam

2638 3149 2757 3212 post
2781 3139 3075 3193 auditionis
3109 3134 3426 3191 triennium.
3469 3133 3573 3187 Sed
3615 3132 3672 3189 in

2636 3231 2723 3286 bis
2767 3230 3020 3286 omnibus
3069 3234 3284 3298 oportet
3333 3223 3673 3295 propositum

2636 3323 2971 3393 perpendere
2990 3364 3005 3389 ,
3038 3328 3092 3376 et
3122 3334 3293 3390 genus
3317 3316 3670 3388 paenitentiae.

2636 3413 2956 3483 Quicunque
2981 3411 3127 3468 enim
3161 3411 3374 3475 timore,
3408 3414 3462 3462 et
3490 3406 3674 3477 lat-ry-

2637 3506 2775 3572 mis,
2822 3515 2877 3560 et
2926 3501 3367 3574 perseverantia,
3420 3510 3474 3555 et
3519 3497 3677 3554 bonis

2639 3596 2896 3666 operibus
2945 3592 3381 3650 emendationem
3413 3590 3539 3645 vita:
3586 3604 3676 3645 re-

2639 3687 2776 3757 ipsa,
2812 3698 2919 3740 non
2961 3682 3312 3739 simulatione
3342 3679 3673 3748 ostendunt;

2635 3776 2690 3831 bi
2746 3784 3031 3846 postquam
3082 3770 3406 3843 praeﬁnitum
3467 3780 3677 3839 tempus

2634 3867 2931 3921 auditionis
2944 3862 3352 3933 compleverint,
3368 3860 3677 3917 orationum

2634 3958 2929 4028 participes
2952 3962 3115 4010 erunt
3148 3971 3163 4008 :
3207 3954 3406 4010 deinde
3442 3968 3573 4009 vero
3606 3952 3679 4007 li-

2634 4050 2778 4105 cebit
2798 4056 2850 4105 et
2868 4048 3127 4117 episcopo
3151 4044 3445 4101 humanius
3467 4042 3675 4113 aliquid

2635 4143 2701 4198 de
2749 4137 2817 4196 iis
2862 4146 3121 4195 statuere.
3154 4135 3258 4203 Qui
3293 4149 3426 4191 vero
3476 4144 3678 4190 utcun-

2635 4248 2739 4303 que
2792 4230 3055 4299 tulerunt,
3085 4236 3140 4282 et
3175 4225 3347 4280 videri
3387 4224 3675 4280 ecclesiam

2637 4325 2843 4397 ingredi
2885 4322 3131 4380 sufﬁcere
3159 4321 3260 4377 sibi
3285 4320 3674 4377 existimarunt

2636 4419 2702 4471 ad
2740 4412 3097 4472 mutationem
3137 4411 3296 4477 vitaz,
3343 4409 3419 4465 illi
3466 4418 3678 4480 tempus

2636 4524 2800 4585 omne
2855 4508 2997 4578 quod
3048 4504 3370 4577 pralinitum
3428 4512 3513 4560 est
3573 4503 3676 4561 im-

2637 4602 2849 4671 pleant.

3088 4889 3226 4946 XIII.

2642 5011 2718 5067 De
2745 5011 2824 5065 his
2863 5011 2954 5081 qui
2984 5011 3232 5065 morituri
3264 5010 3678 5064 communionem

3059 5091 3258 5148 petunt.

2720 5200 2795 5255 De
2816 5199 2901 5254 bis
2920 5198 3011 5267 qui
3037 5211 3104 5252 ex
3130 5200 3229 5250 hac
3253 5197 3359 5249 vita
3385 5194 3676 5257 excedunt,

2633 5298 2791 5345 vetus
2841 5296 2897 5343 et
2954 5287 3215 5342 canonica
3276 5285 3357 5337 lex
3429 5291 3679 5336 servetur

2635 5385 2801 5437 etiam
2850 5395 3030 5445 nunc,
3075 5388 3133 5433 ut
3161 5378 3206 5430 si
3251 5376 3373 5445 quis
3419 5376 3679 5439 decedat,

2640 5471 2920 5527 Dominico
2966 5470 3164 5523 viatico
3206 5481 3308 5521 non
3356 5464 3677 5519 fraudetur:

2638 5562 2781 5633 quod
2830 5561 2877 5616 si
2920 5561 3244 5628 desperatus
3297 5537 3680 5612 communione

346 5676 353 5701 θ
422 5670 830 5726 defraudeutur.
865 5669 1019 5735 Quod
1050 5669 1096 5723 si
1136 5668 1454 5736 desperatus
1531 5661 1817 5724 κοινωνίας
1869 5677 1954 5730 τυ)

2106 5660 2201 5711 xui.
2244 5657 2566 5727 προσφορᾶς
2641 5662 2855 5723 sumpta
2901 5659 2952 5706 et
2986 5651 3159 5704 hostia
3196 5655 3448 5719 percepta
3482 5646 3678 5701 iterum

494 5824 541 5855 '°
563 5823 651 5878 ΑΙ.
686 5824 763 5877 De
792 5823 875 5877 his
907 5823 997 5891 qui
1024 5822 1429 5889 abrenuntiant,
1466 5827 1520 5875 et
1546 5820 1742 5875 iterum
1775 5815 1839 5871 ad
1873 5811 2130 5871 sacculum
2160 5820 2288 5868 sunt
2324 5809 2548 5866 reversi.
2623 5805 2667 5839 ⁸·
2694 5806 2781 5862 At.
2819 5803 2895 5861 De
2927 5804 3011 5861 bis
3038 5803 3130 5874 qui
3162 5805 3216 5859 in
3262 5803 3411 5859 exitu
3440 5817 3714 5881 commu-_

423 5894 643 5951 nionem
688 5893 985 5962 requirunt.
