4072 6394
431 429 561 497 Ῑ33ί

1663 432 1965 492 GELASII
2005 431 2344 491 CYZlCENl

3555 430 3577 493 1
3588 433 3698 496 33‘!

425 541 626 610 aliquis
674 546 892 609 accepta
947 537 1328 593 communione
1371 552 1460 590 su-
1537 539 1844 608 μετασχὼν,
1907 540 2070 592 uim

2124 541 2184 592 ὲν
2229 542 2340 601 τοῖς
2404 537 2571 602 ζῶσιν
2646 537 3019 602 convalescat,
3053 538 3292 622 sitinter
3314 553 3410 594 eos
3435 542 3525 609 qui
3558 557 3686 596 ora-

425 631 756 704 pervixerit,
813 632 887 685 sit
933 630 1074 686 inter
1122 631 1241 686 illos
1277 632 1366 701 qui
1406 633 1458 684 in

425 727 668 782 oratione
692 723 806 779 sola
831 724 1258 790 communicant,
1290 724 1460 778 donec

425 826 640 884 tempus
683 821 945 868 statutum
978 813 1333 884 compleatur.
1385 812 1462 869 De

425 906 675 961 omnibus
717 913 896 960 tamen
928 904 1036 969 bis,
1083 905 1173 973 qui
1210 919 1279 959 ex
1317 905 1462 960 nudo

427 996 522 1069 [αι.
549 1013 616 1052 ει
639 995 806 1066 nodo]
825 996 1070 1066 corporis
1095 995 1375 1060 recedunt,
1409 1005 1467 1049 et

428 1086 826 1142 Eucharistiam
885 1085 1182 1154 postulant,
1237 1085 1287 1138 in
1345 1095 1459 1139 trn-

427 1178 600 1234 denda
650 1177 1178 1246 eiscommunione',
1232 1191 1361 1231 cura
1407 1185 1463 1230 et

426 1270 678 1341 probatio
694 1271 766 1326 sit
790 1271 1042 1339 episcopo
1056 1267 1156 1341 [αι.
1176 1265 1460 1338 episcopi].

871 1399 1013 1456 XIV.

603 1506 681 1562 De
703 1506 1088 1560 catechumenis
1108 1502 1290 1574 lapsis.

498 1682 572 1738 De
628 1681 1035 1738 catechumenis
1078 1695 1210 1736 vero
1265 1679 1457 1748 lapsis.

424 1773 630 1842 placuit
668 1783 858 1828 sancto
895 1773 1157 1836 concilio,
1192 1780 1250 1825 nt
1289 1771 1459 1826 tribus

426 1867 584 1921 annis
617 1866 728 1920 sint
757 1865 898 1918 inter
922 1864 1198 1918 auditores
1228 1872 1459 1916 tantum-

428 1954 589 2010 modo
631 1972 646 2009 :
689 1956 929 2025 posthaec
966 1967 1100 2010 vero
1142 1962 1298 2008 orent
1336 1969 1456 2007 cum

427 2043 862 2100 catechumsnis.

882 2260 998 2316 XV.

425 2372 475 2407 ⁸⁸
500 2371 581 2430 Ds
606 2375 690 2430 Itis
715 2375 804 2443 qui
819 2375 1069 2430 ecclesias
1106 2377 1372 2441 deserunt,
1411 2386 1460 2431 et

661 2448 729 2499 ad
758 2445 894 2500 alias
921 2453 1220 2499 transeunt.

492 2623 725 2696 Propter
775 2625 974 2681 multas
1022 2627 1458 2696 perturbationes

423 2727 480 2774 et
530 2719 862 2786 seditiones,
913 2734 1033 2789 quae
1079 2717 1194 2773 ﬁeri
1245 2719 1458 2784 solent,

424 2809 628 2879 placuit
667 2809 979 2864 omnimo‘do
1023 2810 1264 2865 abscindi
1303 2810 1457 2863 istam

423 2900 896 2964 consuetudinem,
930 2901 974 2955 si
1003 2909 1189 2954 contra
1217 2899 1457 2968 regulam

423 2999 673 3062 repertus
708 2991 870 3046 fuerit
903 2992 954 3045 in
993 2991 1262 3060 aliquibus
1292 2992 1458 3060 parti-

425 3085 526 3138 bus
551 3083 616 3138 de
644 3085 864 3139 civitate
893 3085 960 3138 ad
982 3084 1258 3139 civitatem
1287 3092 1460 3138 trans-

426 3174 504 3226 ire
536 3175 847 3244 episcopus,
895 3175 980 3229 vel
1020 3175 1328 3245 presbyter,
1376 3175 1458 3230 vel

424 3261 806 3329 diaconus,vel
823 3263 1077 3319 clericus.
1105 3263 1160 3319 Si
1187 3264 1310 3334 quis
1335 3279 1461 3320 vero

424 3352 666 3421 posthaec
695 3361 906 3409 statuta
930 3357 1104 3410 sancti
1139 3355 1299 3424 hujus
1329 3372 1462 3411 con-

427 3443 536 3498 cilii
567 3444 670 3498 tale
691 3445 891 3515 aliquid
917 3449 1117 3503 audere
1148 3448 1464 3514 tentaverit,

429 3533 757 3604 infringetur
815 3537 963 3591 omni
1019 3554 1214 3606 genere
1270 3537 1458 3606 hujus-

429 3625 574 3679 modi
609 3636 864 3681 conatus:
907 3637 961 3682 et
991 3629 1306 3683 restituetur
1335 3643 1461 3698 pro-

428 3715 560 3782 prim
581 3716 845 3785 ecclesiae,
875 3718 925 3773 in
947 3734 1054 3788 qua
1076 3719 1158 3774 vel
1178 3719 1464 3787 episcopus

429 3805 514 3860 vel
550 3809 832 3880 presbyter
869 3819 964 3865 aut
1011 3810 1272 3866 diaconus
1310 3809 1462 3865 ordi-

431 3907 591 3956 natus
625 3909 734 3956 est.-

875 4035 1017 4093 XVI.

429 4146 478 4180 ⁸⁸
506 4146 584 4203 De
621 4165 726 4205 non
759 4152 1106 4220 suscipiendis
1130 4156 1351 4213 alterius
1382 4176 1468 4214 ec-

729 4223 904 4277 clesia:
939 4223 1163 4282 clericis.

503 4334 561 4389 Si
588 4334 679 4407 qui
705 4337 822 4392 sine
845 4345 1097 4403 respectu
1129 4349 1351 4411 agentes
1371 4380 1386 4405 ,
1415 4353 1468 4397 et

432 4424 684 4480 timorem
732 4425 827 4482 Dei
865 4437 990 4483 ante
1017 4429 1202 4484 oculos
1227 4444 1332 4483 non
1375 4432 1470 4484 ha-

433 4519 646 4587 bentes,
680 4537 854 4592 neque
876 4522 1242 4578 ecclesiastica
1268 4531 1470 4578 statuta

436 4612 706 4678 scientes,
760 4616 1088 4669 recesserint
1123 4613 1192 4666 ab
1237 4612 1470 4667 ecclesia

436 4716 555 4770 sua,
581 4705 696 4758 sive
719 4706 1041 4775 presbyteri,
1065 4705 1178 4758 sive
1191 4704 1468 4771 diacones,

437 4793 551 4848 sive
572 4795 622 4848 in
647 4805 970 4862 quocunque
995 4793 1187 4847 ordine
1213 4792 1472 4848 ecclesia-

438 4883 574 4938 stico
613 4883 774 4952 positi
827 4881 1050 4946 iuerint,
1103 4882 1158 4936 bi
1203 4897 1466 4954 nusquam

438 4974 637 5042 suscipi
689 4972 893 5027 debent
943 4972 996 5026 in
1043 4973 1315 5042 ecclesia;
1376 4976 1468 5032 sed

439 5083 561 5124 eum
587 5069 731 5124 omni
761 5069 1087 5125 necessitate
1118 5078 1380 5140 cogantur
1413 5081 1472 5128 ut

444 5167 665 5221 redeant
698 5170 764 5220 ad
794 5164 1054 5222 ecclesias
1083 5181 1212 5223 suas
1237 5187 1258 5225 :
1302 5180 1400 5226 aut
1425 5174 1468 5228 si

442 5253 1470 5322 permanserint,excommunicatoseos

443 5357 565 5398 esse
584 5351 819 5412 oportet.
860 5341 918 5398 Si
944 5347 1064 5416 quis
1095 5359 1274 5404 autem
1305 5365 1470 5408 ausus

1533 629 1871 701 ἐξετασθείη,
1905 631 2046 684 ἔστω
2069 630 2210 701 μετὰ
2237 630 2345 683 τῶν
2378 645 2569 682 κοινω-

1533 719 1769 773 νούντων
1791 721 1890 791 τῆς
1912 723 2076 790 εὐχῆς
2104 721 2290 792 μόνης.
2325 719 2570 773 Καθόλου

1532 809 1590 862 δὲ
1607 811 1842 883 καὶπερὶ
1859 812 2058 876 παντὸς
2075 807 2286 875 οὗτινος
2301 809 2570 876 ἐξοδεύον-

1533 917 1622 964 τος
1673 901 1951 966 αἰτοῦντος
2007 905 2300 974 μετασχεῖν
2352 902 2573 972 εύχαριυ

1536 995 1709 1060 στίας,
1749 997 1778 1048 ὀ
1807 997 2108 1060 ἐπίσκοπος
2149 995 2288 1066 μετὰ
2340 995 2570 1065 δοκιμα-

1538 1083 1660 1148 σίας
1696 1085 2027 1155 μεταδιδότω
2056 1086 2154 1156 τῆς
2185 1085 2531 1156 προσφορᾶς.

1991 1381 2086 1434 IA'.

1542 1499 1680 1567 Περὶ
1712 1496 1833 1552 τῶν
1868 1495 2352 1566 κατηχουμένων,
2383 1510 2571 1564 παρα-

1751 1569 2066 1622 πεσόν-των
2101 1567 2188 1621 δέ.

1604 1682 1742 1754 Περὶ
1762 1681 1872 1734 τῶν
1900 1679 2326 1750 κατηχουμένων
2343 1679 2436 1732 καὶ
2462 1695 2568 1732 πα-

1537 1791 1672 1845 ραπε
1682 1773 1881 1826 σόντων
1899 1773 1956 1825 ἐν
1978 1774 2043 1843 τῇ
2063 1772 2390 1841 κατηχήσει,
2415 1767 2561 1835 ἔδοξε

1532 1865 1596 1934 τῇ
1634 1861 1765 1932 ἁγίᾳ
1798 1861 1898 1914 καὶ
1928 1861 2138 1931 μεγάλῃ
2169 1861 2392 1930 συνόδῳ,
2427 1859 2566 1912 ὥστε

1530 1951 1698 2021 τριῶν
1724 1949 1861 2003 ἐτῶν
1890 1950 2087 2014 αὐτοὺς
2117 1950 2567 2020 ἀκροασαμένους

1535 2041 1716 2111 μόνον,
1751 2042 1892 2111 μετὰ
1932 2041 2109 2095 ταῦτα
2136 2041 2392 2112 εὔχεσθαι
2431 2039 2568 2112 μετὰ

1531 2130 1638 2184 τῶν
1666 2149 1904 2203 κατηχου
1913 2133 2112 2204 μένων.

1988 2266 2093 2321 1Ε’.

1981 2377 2114 2432 δεῖν
2145 2381 2567 2449 μετατίθεσθαι

1604 2449 1724 2503 ἀπὸ
1775 2447 1981 2518 ἑτέρας
2031 2447 2264 2518 πόλεως
2320 2451 2408 2517 είς
2444 2449 2567 2504 ἐτέ-

1596 2536 1733 2588 ραν.

1532 2381 1672 2447 Περὶ
1707 2378 1815 2432 τοῦ
1861 2378 1948 2446 μὴ

1601 2634 1700 2686 Διά
1767 2633 1859 2686 τὸν
1916 2633 2086 2688 πολὺν
2147 2633 2411 2704 τάραχον,
2475 2634 2568 2686 καὶ

1533 2726 1752 2790 στάσεις
1778 2725 1875 2790 τὰς
1904 2725 2223 2797 γινομένας,
2253 2725 2402 2792 εδοξε
2430 2742 2568 2780 παν-

1531 2820 1732 2873 τάπασι
1789 2818 2211 2890 περιαιρεθῆναι
2274 2817 2375 2890 τὴν
2441 2836 2570 2871 συν-

1531 2909 1718 2980 ήθειαν
1753 2909 1852 2980 τὴν
1883 2909 2032 2980 παρὰ
2066 2909 2157 2962 τὸν
2187 2909 2390 2963 κανόνα
2416 2908 2572 2980 εὕρεο

1532 3001 1718 3054 θεῖσαν
1757 3000 1814 3053 ἐν
1846 3016 1957 3052 τισι
2003 2999 2251 3071 μέρεσιν,
2285 2999 2428 3053 ὥστε
2463 3000 2573 3053 ἀπὸ

1533 3093 1742 3155 πόλεως
1783 3092 1863 3154 είς
1903 3089 2056 3144 πόλιν
2085 3091 2160 3161 μὴ
2191 3090 2568 3160 μεταϐαίνειν,

1536 3186 1673 3254 μήτε
1702 3182 2022 3246 ἐπίσκοπον,
2080 3182 2221 3252 μήτε
2264 3181 2568 3252 πρεσϐύτε-

1535 3296 1650 3350 ρον,
1676 3277 1816 3348 μήτε
1842 3275 2109 3329 διάκονον.
2144 3275 2286 3330 Είδὲ
2313 3294 2400 3340 τις
2437 3276 2575 3346 μετὰ

1533 3375 1626 3426 τὸν
1654 3374 1753 3443 τῆς
1777 3373 1938 3440 ἁγίας
1963 3372 2183 3425 συνόδου
2207 3375 2331 3443 ὅρον
2361 3372 2576 3426 τοιοῦτό

1533 3482 1586 3517 τι
1634 3464 2062 3534 ἐπιχειρήσειεν,
2103 3463 2137 3534 ἢ
2179 3462 2347 3534 ἐπιδῷ
2380 3463 2577 3517 ἑαυτὸν

1535 3555 1820 3625 πράγματι
1890 3551 2158 3624 τοιούτῳ,
2222 3552 2578 3624 ἀκυρωθήσε-

1533 3662 1625 3698 ται
1657 3645 1958 3710 ὲξάπαντος
1991 3644 2056 3698 τὸ
2091 3644 2532 3715 κατασκεύασμα
2558 3683 2573 3707 ,

1537 3739 1633 3792 καὶ
1683 3735 2272 3807 ἀποκατασταθήσεται
2326 3739 2392 3806 τῇ
2453 3738 2577 3789 Ἐκ-

1534 3829 1754 3902 κλησίᾳ,
1787 3823 1857 3900 ἦς
1890 3829 2221 3891 ἐπίσκοπος,
2259 3828 2293 3897 ἢ
2338 3826 2579 3899 πρεσόύυ

1535 3939 1711 3996 τερος,
1742 3922 1785 3994 ἢ,
1807 3921 2055 3987 διάκονος
2086 3922 2503 3993 ἐχειροτονήθη.

1990 4056 2108 4124 tq'.

1537 4167 1677 4234 Περὶ
1715 4165 1836 4218 τῶν
1865 4166 1938 4219 ἐν
1967 4160 2062 4232 αῖς
2101 4167 2578 4235 προύϐλήθησαν

1591 4237 1950 4302 ἐκκλησίαις
1981 4239 2093 4291 οὐκ
2122 4237 2524 4307 ἐμμενόντων.

1611 4352 1766 4402 Ὅσοι
1820 4349 2238 4420 ῥιψοκινδύνως,
2297 4353 2434 4424 μήτε
2486 4354 2578 4406 τὸν

1543 4440 1708 4510 φόϐον
1771 4440 1865 4493 τοῦ
1922 4441 2057 4496 Θεοῦ
2119 4444 2224 4513 πρὸ
2279 4443 2576 4514 ὀφθαλμῶν

1543 4532 1780 4600 ἔχοντες,
1825 4533 1959 4602 μήτε
1991 4533 2082 4586 τὸν
2113 4534 2573 4602 ἐκκλησιαστικὸν

1543 4629 1744 4682 κανόνα
1783 4632 1984 4695 εἰδότες
2013 4672 2028 4697 ,
2081 4632 2426 4703 ἀναχωροῦσι
2477 4634 2576 4702 τῆς

1553 4719 1880 4790 Ἐκκλησίας
1906 4765 1921 4790 ,
1957 4723 2322 4793 πρεσῦύτεροι
2348 4768 2362 4791 ,
2397 4725 2429 4795 ἢ
2461 4725 2576 4779 διά-

1543 4828 1710 4875 κονοι,
1740 4813 1774 4883 ἦ
1805 4811 1942 4875 ὅλως
1976 4815 2034 4865 ὲν
2062 4813 2140 4882 τῷ
2170 4814 2356 4885 κλήρῳ
2389 4815 2575 4882 ἐξετα-

1541 4904 1790 4974 ζόμενοι·
1867 4899 2014 4958 οὗτοι
2078 4905 2334 4974 οὐδαμῶς
2395 4907 2578 4962 δεκτοὶ·

1540 4995 1844 5066 ὀφείλουσιν
1877 4991 2017 5048 εἶναι
2051 4997 2110 5050 ὲν
2139 4997 2301 5068 ἑτέρᾳ
2345 4996 2574 5070 Ἐκκλη-

1545 5084 1820 5156 σίᾳ,ἀλλὰ
1872 5086 2056 5138 πᾶσαν
2101 5087 2286 5150 αὐτοῖς
2329 5087 2578 5159 ἀνάγκην

1541 5174 1843 5242 ἐπάγεσθαι
1865 5174 1971 5246 χρὴ
1995 5176 2354 5246 ἀναστρέφειν
2379 5179 2459 5241 είς
2477 5179 2576 5243 τὰς

1542 5265 1753 5319 ἑαυτῶν
1817 5266 2110 5335 παροικίας
2136 5283 2154 5298 ο
2215 5269 2576 5336 ἐπιμένοντας

1544 5358 1604 5411 δὲ
1654 5358 2054 5428 ἀκοινωνήτους
2093 5357 2233 5414 εἶναι
2284 5365 2584 5434 προσήκει.-

2647 628 2850 680 tiunum
2915 636 3122 681 tantum
3179 627 3474 698 participes
3540 643 3686 688 sunt.

2644 717 2877 772 Omnino
2919 732 3050 772 vero
3081 719 3384 788 cuicunque
3428 722 3689 779 morituro

2645 808 2844 878 petenti
2904 807 3338 873 Eucharistiam,
3399 810 3687 882 episcOpus

2652 918 2776 957 cum
2813 902 3167 973 inquisitione
3195 904 3402 960 tribuat
3427 905 3685 964 hostiam.

3091 1429 3234 1486 XIV.

2689 1530 2772 1600 De
2798 1547 3186 1599 catcchumcnis
3210 1545 3302 1615 qui
3325 1545 3458 1616 iapsi
3482 1556 3632 1606 sunt.

2712 1714 2788 1770 De
2834 1713 3242 1770 catechumenis
3285 1713 3377 1781 qui
3423 1713 3686 1770 labuntur

2638 1805 2763 1861 dum
2825 1819 2981 1860 sacra
3045 1805 3306 1874 mysteria
3385 1805 3683 1871 docentur,

2640 1895 2811 1950 visum
2847 1905 2929 1950 est
2973 1904 3174 1950 sanctae
3225 1908 3544 1964 magnaeque
3593 1911 3687 1966 sy-

2639 1985 2799 2049 nodo,
2819 1995 2878 2040 ut
2902 1994 3016 2040 tres
3036 2000 3207 2040 annos
3229 1984 3372 2040 inter
3395 1986 3676 2042 auditores

2640 2083 2849 2130 tantum
2899 2076 3045 2142 sint,
3098 2086 3290 2146 postea
3343 2086 3501 2132 orent
3556 2093 3684 2134 cum

2639 2165 3064 2220 catechumenis.

3091 2295 3208 2352 XV.

2640 2407 2797 2473 Quod
2827 2423 2929 2488 non
2963 2418 3233 2489 oporteat
3263 2427 3330 2465 ex
3375 2413 3589 2470 civitate
3611 2414 3674 2470 in

2875 2483 3135 2533 civitatein
3159 2483 3411 2552 migrare.

2712 2655 2939 2725 Propter
2960 2653 3252 2725 plurimum
3296 2657 3585 2712 tumultum
3617 2667 3676 2714 et

2642 2747 2938 2803 seditiones
2968 2763 3090 2818 qua:
3119 2749 3444 2804 exoriuntur
3476 2750 3684 2819 placuit

2643 2855 2866 2908 prorsus
2937 2841 3383 2896 consuetudinem
3458 2843 3688 2906 tollere,

2643 2945 2762 3000 quze
2784 2940 2969 2985 contra
2987 2946 3252 2986 canonem
3276 2932 3330 2986 in
3354 2931 3676 3002 quibusdam

2646 3021 2890 3089 partibus
2924 3033 3204 3092 comperta
3252 3032 3370 3087 est,
3415 3034 3473 3077 ut
3519 3039 3680 3077 nemo

2646 3127 2711 3168 ex
2756 3112 2983 3168 civitate
3014 3129 3120 3169 una
3163 3117 3217 3170 in
3271 3116 3432 3170 aliam
3468 3117 3680 3184 migret,

2647 3218 2823 3276 neque
2849 3204 3160 3274 episcopus,
3191 3221 3366 3276 neque
3384 3212 3686 3277 presbyter,

2649 3311 2824 3364 neque
2861 3297 3145 3352 diaconus.
3176 3297 3236 3352 Si
3272 3300 3392 3368 quis
3423 3309 3541 3369 post
3562 3314 3692 3353 san-

2649 3395 2749 3442 ctae
2779 3385 2941 3454 hujus
2971 3390 3162 3459 synodi
3199 3390 3534 3444 sanctionem
3581 3389 3693 3444 tale

2648 3476 2848 3548 aliquid
2903 3479 3219 3542 tentaverit,
3251 3488 3350 3534 aut
3377 3495 3437 3534 se
3473 3480 3700 3547 negotio

2651 3572 2775 3626 huic
2804 3574 3056 3640 dederit,
3104 3573 3294 3628 irritus
3325 3573 3550 3629 omnino
3587 3573 3697 3629 erit

2650 3657 2953 3728 bnjusmodi
2999 3671 3224 3715 conatus
3247 3699 3266 3726 ,
3293 3669 3348 3716 et
3374 3662 3696 3716 restituetur

2649 3747 2912 3812 ecclesias,
2942 3749 3097 3820 enjus
3124 3759 3216 3804 aut
3245 3749 3531 3820 episcOpus
3552 3790 3569 3816 ,
3598 3764 3694 3806 aut

2651 3839 2954 3912 presbyter,
2986 3849 3080 3896 aut
3117 3840 3379 3898 diaconus
3407 3843 3698 3900 ordinatus

2653 3927 2848 3984 luerat.

3092 4061 3236 4120 XVI.

2656 4176 2728 4230 De
2758 4177 2836 4229 his
2860 4177 2948 4247 qui
2970 4193 3073 4229 non
3108 4185 3322 4231 manent
3361 4177 3414 4229 iu
3451 4178 3698 4232 ccclesiis

2821 4250 2876 4300 in
2902 4249 3091 4316 quibus
3117 4248 3349 4302 ordinati
3370 4258 3514 4301 sum.

2720 4365 3039 4435 Quicunque
3069 4373 3296 4431 temere,
3330 4378 3508 4432 neque
3542 4363 3692 4417 limo-

2651 4473 2762 4513 rem
2796 4455 2887 4512 Dei
2917 4466 3042 4511 ante
3070 4454 3256 4511 oculos
3280 4455 3572 4520 habentes,
3607 4471 3692 4508 ne-

2648 4565 2753 4620 que
2775 4548 3206 4604 ecclesiasticum
3229 4561 3491 4601 canonem
3515 4547 3695 4601 scien-

2653 4656 2752 4710 tes,
2785 4653 3129 4700 recesserunt
3161 4643 3228 4698 ab
3271 4643 3501 4700 ecclesia
3528 4685 3542 4710 ,
3576 4644 3696 4697 sive

2649 4735 2990 4806 presbyteri,
3027 4735 3142 4790 sive
3191 4734 3441 4798 diaconi,
3475 4735 3592 4789 sive
3635 4735 3686 4787 in

2649 4840 2970 4895 quocunque
3017 4825 3124 4879 alio
3161 4825 3534 4880 ecclesiastico
3597 4840 3686 4879 or-

2647 4915 2779 4971 dine
2841 4915 3080 4981 l'uerint;
3137 4916 3194 4970 bi
3245 4931 3588 4986 nequaquam
3636 4917 3696 4970 in

2647 5005 2750 5060 alia
2807 5004 3040 5060 ecclesia
3093 5005 3260 5075 recipi
3314 5005 3546 5072 debent,
3596 5007 3694 5060 sed

2649 5097 2795 5150 omni
2844 5098 3172 5151 necessitate
3206 5098 3324 5168 cogi
3361 5113 3454 5152 eos
3479 5112 3576 5166 par
3610 5109 3697 5151 est

2652 5186 2828 5242 redire
2861 5187 2914 5240 in
2951 5188 3219 5256 pzirtecias
3249 5203 3376 5243 suas
3404 5207 3418 5243 :
3450 5187 3695 5258 pertina-

2647 5265 2740 5334 ces
2788 5294 2915 5334 vero
2947 5281 3410 5335 excommunieari
3450 5287 3695 5348 oportet.

2653 5369 2710 5424 Si
2761 5371 2885 5440 quis
2959 5380 3139 5426 autem
3195 5370 3359 5425 luerit
3407 5371 3702 5439 subripere

447 5431 609 5486 inerit
638 5431 870 5500 aliquem
895 5436 984 5504 qui
1008 5438 1080 5492 ad
1099 5438 1330 5495 alterum
1359 5455 1477 5510 per-
1549 5447 1610 5500 Ei
1641 5447 1697 5499 δὲ
1718 5449 1814 5500 καὶ
1838 5448 2074 5519 τολμήσε

2086 5451 2128 5504 ιὲ
2149 5469 2230 5515 τις
2257 5431 2582 5526 ὑφαρπάσαι
2651 5431 2903 5530 eum-qui
2947 5460 3012 5514 ad
3048 5461 3215 5515 alium
3247 5463 3505 5531 pertinet,
3547 5431 3602 5515 et
3639 5462 3696 5515 in

448 5523 613 5588 tinet,
664 5523 915 5582 ordinare
962 5527 1016 5582 in
1065 5545 1161 5585 sua
1212 5531 1474 5598 ecclesia,
1548 5538 1636 5591 τὸν
1668 5538 1744 5609 τῷ
1773 5538 1944 5610 ἑτέρῳ
1971 5540 2080 5610 διας,

2086 5542 2319 5613 >ἐροντα,
2352 5548 2447 5599 καὶ
2470 5565 2581 5618 χει·
2654 5567 2750 5606 sua
2808 5551 3036 5607 ecclesia
3084 5554 3366 5618 ordinare,
3409 5567 3518 5608 non
3564 5568 3697 5607 eon-

443 5626 568 5668 cum
600 5629 704 5670 non
745 5617 947 5674 habeat-
989 5635 1313 5680 eonsensum
1357 5625 1473 5694 epi—
1553 5627 1836 5700 ροθετήσει
1865 5631 1922 5683 ὲν
1949 5633 2014 5702 τῇ
2040 5633 2080 5685 si

2086 5634 2236 5688 ιυτοῦ
2265 5635 2541 5710 ἐκκλησίᾳ.
2563 5680 2578 5705 ,
2654 5641 2922 5696 sentiente
2957 5645 3176 5713 proprio
3215 5647 3493 5715 episcopo,
3525 5660 3561 5698 a
3585 5658 3698 5713 Quo

522 5767 568 5798 "
591 5767 677 5821 At.
708 5767 781 5825 De
807 5769 1049 5836 clericis,
1079 5787 1146 5828 ne
1175 5774 1240 5829 de
1272 5775 1492 5831 civitate
1531 5778 1596 5834 ad
1629 5780 1789 5836 aliam
1827 5792 2080 5838 transeant

451 5839 685 5902 provecti
721 5851 870 5905 sunt,
910 5855 1015 5896 non
1041 5855 1294 5898 morante
1326 5882 1348 5897 .

2086 5793 2124 5840 t.
2207 5789 2252 5818 ⁸³
2281 5788 2364 5843 ΑΙ.
2405 5787 2476 5846 De
2513 5790 2594 5848 his
2631 5793 2722 5859 qui
2792 5793 2842 5848 in
2904 5793 3158 5853 Ecclesiis
3219 5796 3354 5862 suis,
3389 5797 3439 5852 in
3469 5794 3680 5868 quibus
