4072 6396
321 373 472 442 ’1333

333 494 481 561 scopi
507 490 669 554 illius,
696 504 723 541 a
753 503 859 558 quo
887 484 1113 541 recessit
1138 483 1369 538 clericus
1447 482 1522 552 μὴ
1553 479 1941 548 συγκατατιθεε.

602 504 669 554 ιε,
696 504 723 541 a
753 503 859 558 quo
887 484 1113 541 recessit
1138 483 1369 538 clericus
1447 482 1522 552 μὴ
1553 477 2083 548 συγκατατιθεμένου
2118 474 2210 527 τοῦ

1215 368 1583 430 HISTORIA
1619 365 1951 428 CONCILII
1992 359 2293 423 NICI‘ENI.
2341 317 2403 390 ὲ-
2440 355 2585 414 LIB.
2621 351 2700 410 II.

2253 470 2471 524 ἐπισκό-
2547 468 2846 517 recesserat
2878 457 3113 514 clericus
3141 453 3248 518 ille,
3282 449 3437 506 irrita
3485 447 3592 503 erit

3450 335 3591 400 ’1334

335 598 488 649 suus,
521 581 673 636 irrita
705 579 777 634 sit
809 574 1115 645 huiusmodi
1153 574 1370 630 ordina-
1444 595 1546 630 που
1575 616 1590 640 ,
1625 569 1685 629 οὗ
1747 575 1943 638 ἀνακεχ

1588 546 1685 630 νοῦ
1747 546 2170 642 ἀνακενὼρηκεν
2216 569 2244 620 ὁ
2289 569 2357 652 ,ἐν
2399 563 2478 634 τῷ
2550 549 2864 624 huiusmodi
2904 546 3196 605 ordinatio.

339 669 434 725 tio.

780 864 945 920 XVII.

446 997 494 1031 ”
519 995 596 1051 De
629 993 1009 1066 feneratoribus
1043 991 1266 1046 clericis.

419 1131 684 1200 Quoniam
751 1129 902 1185 multi
947 1128 1130 1184 clerici
1202 1127 1378 1182 avari-

350 1225 438 1278 tiae
493 1237 654 1277 causa
695 1221 871 1288 turpia
912 1220 1059 1275 lucra
1085 1227 1375 1283 sectantes,

348 1313 609 1382 oblitique
692 1311 858 1365 divini
927 1309 1181 1380 praecepti
1238 1309 1380 1378 quod

350 1402 482 1456 dicit
498 1442 512 1466 ,
559 1398 663 1466 Qui
717 1401 991 1468 pecuniam

349 1492 490 1545 dedit
547 1490 616 1546 ad
666 1506 881 1545 usuram
919 1490 999 1558 ⁸⁸,
1049 1509 1067 1543 ι
1124 1490 1378 1543 feneran-

353 1591 433 1638 tcs
492 1583 815 1639 centesimas
877 1583 1137 1652 exigunt;
1194 1580 1377 1636 statuit

1072 1415 1224 1453 suam
1278 1414 1381 1451 ηοη

1444 667 1628 721 κανόνι
1656 664 2042 734 ἐξεταζόμενος
2065 701 2080 727 ,
2107 660 2308 729 ἂκυρος
2337 654 2476 708 έστω

1446 761 1480 830 ἠ
1508 757 1843 829 χειροθεσία.

1913 884 2016 939 IZ'.

1520 1025 1659 1093 Περί
1702 1021 2002 1091 κληρικῶν
2040 1017 2411 1080 τοκιζόντων.

1534 1156 1754 1228 Ἐπειδὴ
1804 1155 1987 1208 πολλοὶ
2051 1156 2110 1207 ἐν
2164 1152 2242 1223 τῷ
2298 1151 2484 1206 κανόνι

1453 1247 1866 1319 ἐξεταζόμενοι,
1896 1246 1994 1316 τὴν
2044 1243 2354 1308 πλεονεξίαν
2391 1243 2486 1297 καί⁵

1453 1342 1553 1412 τὴν
1633 1337 2081 1409 αἰσχροκέρδειαν
2154 1334 2441 1398 διώκοντες
2467 1376 2482 1399 ,

1456 1431 1780 1486 ἐπελάθοντο
1817 1429 1913 1482 τοῦ
1958 1429 2104 1482 θείου
2157 1427 2487 1499 γράμματος

1452 1524 1702 1590 λέγοντος
1721 1537 1735 1550 ο
1767 1537 1785 1570 ι
1809 1519 1882 1572 Τὸ
1908 1518 2170 1591 ἀργύριον
2197 1515 2363 1571 αὑτοῦ
2389 1516 2490 1570 οὐκ

918 1605 1137 1686 518m“?
1194 1605 1382 1686 διδξωξ
1457 1613 1656 1666 ἔδωκεν
1684 1612 1778 1664 ἐπὶ
1797 1611 1958 1682 τόκῳ·
1991 1629 2008 1662 ι
2033 1611 2126 1663 καὶ
2153 1605 2490 1672 δανείζοντες

351 1685 596 1730 sanctum
631 1675 735 1729 hoc
777 1674 1104 1738 concilium,
1150 1673 1385 1765 quodsi
1461 1701 1758 1765 ἑκατοστάς
1785 1673 1959 1754 am"?

887 1674 1068 1765 cilium
1089 1712 1104 1738 ν
1129 1673 1292 1765 Aquo‘l
1311 1759 1325 1765 _
1342 1673 1385 1726 Si
1461 1701 1758 1765 ἐκατοστὰς
1785 1673 2112 1754 ἀπαιτοῦσιν
2134 1714 2145 1727 ·
2177 1696 2495 1751 ἐδικαίωσεν

2986 858 3151 915 XVII.

2720 997 2796 1054 De
2825 996 3026 1052 clericis
3052 990 3432 1065 fenerantibus.

2629 1132 2891 1202 Quoniam
2940 1128 3182 1200 plerique
3236 1119 3594 1180 ecclesiastici

2559 1224 2837 1279 avaritiam
2876 1230 2932 1276 ct
2975 1230 3184 1287 turpem
3211 1221 3474 1286 quaestum
3505 1226 3595 1268 se—

2559 1323 2790 1378 ctantes,
2809 1311 3201 1367 obliviscuntur
3229 1303 3425 1360 divinae
3447 1300 3600 1356 Scri-

2561 1419 2732 1479 ptura:
2781 1405 3056 1462 dicentis:
3110 1420 3130 1454 ι
3178 1399 3283 1466 Qui
3322 1396 3598 1466 pecuniam
3640 1462 3648 1466 _

2562 1519 2715 1558 suam
2757 1517 2861 1556 non
2909 1498 3052 1553 dedit
3095 1494 3163 1550 ad
3216 1506 3432 1547 usuram
3473 1502 3492 1542 :

2563 1599 2870 1656 fenerantes
2924 1587 3251 1645 centesimas
3306 1581 3532 1652 exigunt
3587 1594 3602 1631 :

2565 1689 2770 1759 justum
2822 1681 2976 1738 duxit
3027 1684 3273 1733 sanctum
3318 1681 3605 1740 magnum-

3550 1496 3607 1540 et

355 1764 761 1864 quis-inventus
787 1762 950 1817 fuerit
979 1770 1098 1832 post
1129 1759 1389 1864 hanc-de-
1462 1795 1496 1864 ἡ
1549 1792 1680 1861 ἁγία
1731 1759 1826 1847 ,λαὶ
1864 1807 1963 1862 μεγ

1997 1790 2074 1860 ιλη
2127 1788 2374 1851 σύνοδος,
2423 1787 2497 1852 ὡς
2571 1793 2676 1849 que
2703 1771 3032 1833 concilium,
3084 1777 3142 1820 ut
3189 1765 3232 1819 si
3288 1762 3605 1862 quis-com-

359 1855 654 1910 ﬁnitionem
681 1869 874 1909 usuras
899 1855 1144 1924 accipere
1164 1896 1176 1919 ,
1213 1852 1294 1906 vel
1324 1865 1390 1906 ex

359 1947 597 2016 quolibet
638 1946 728 2000 tali
764 1945 976 2015 negotio
1019 1945 1197 2015 turpia
1243 1944 1392 1999 lucra

363 2035 594 2100 sectari,
629 2034 714 2089 vel
744 2036 906 2090 etiam
935 2035 986 2088 in
1007 2033 1396 2088 Graecisidimi-

364 2129 478 2182 dias
514 2127 840 2182 centesimas
868 2125 1078 2197 frugum
1109 2127 1175 2180 ad
1215 2139 1397 2179 sescu-

364 2218 508 2288 plum
542 2220 704 2286 dare;
732 2220 911 2274 omnis
938 2219 1032 2289 qui
1061 2216 1167 2272 tale
1196 2215 1399 2283 aliquid

366 2321 704 2366 commentus
764 2309 928 2364 fuerit
980 2309 1047 2362 ad
1100 2317 1397 2374 quaestum,

367 2402 646 2457 excidetur
685 2403 751 2456 dc
783 2401 932 2456 clero
954 2442 970 2466 ,
1005 2410 1061 2455 et
1090 2399 1298 2453 alienus
1334 2398 1401 2452 ab

369 2497 740 2554 ecclesiastico
771 2495 1060 2552 habebitur
1087 2495 1278 2564 gradu.

795 2681 982 2738 XVIII.

375 2813 424 2849 “
449 2813 527 2870 De
547 2816 876 2898 diaconibuc,
905 2832 970 2898 ne
1003 2830 1165 2898 supra
1187 2814 1406 2885 presby-

750 2896 886 2940 teros
910 2892 1037 2939 sint.

443 3068 706 3124 Pervenit
733 3069 796 3123 ad
825 3078 1073 3124 sanctum
1095 3069 1410 3132 concilium,

378 3161 520 3230 quod
554 3160 608 3212 in
652 3158 784 3214 locis
826 3159 1148 3228 quihusdam
1177 3167 1232 3212 et
1278 3157 1412 3212 civi-

382 3253 580 3306 tatibus
601 3291 615 3316 ,
649 3250 980 3321 presbyteris
1010 3256 1352 3304 sacramenta
1383 3263 1415 3303 a

381 3345 632 3398 diaconis
668 3344 890 3407 dentur;
932 3340 1076 3410 quod
1118 3353 1290 3408 neque
1325 3354 1415 3394 re-

383 3435 538 3505 gula,
586 3447 760 3501 neque
794 3429 1128 3486 consuetudo
1161 3429 1415 3494 tradidit;

387 3538 446 3583 ut
494 3528 546 3582 bi
582 3527 671 3596 qui
720 3524 984 3580 efferendi
1027 3522 1277 3578 sacriﬁcii
1311 3536 1416 3576 non

389 3617 588 3672 habent
628 3623 946 3686 potestatem
972 3654 988 3681 ,
1039 3613 1124 3669 bis
1165 3613 1257 3683 qni
1287 3611 1423 3668 oﬂ'e-

387 3717 532 3773 runt,
550 3707 750 3762 Christi
775 3720 969 3776 corpus
993 3703 1421 3775 porrigant.'Sed

385 3806 439 3851 et
487 3797 617 3850 illud
668 3793 939 3860 innotuit,
1011 3794 1152 3863 quod
1204 3793 1423 3861 quidam

391 3885 599 3940 diaconi
693 3884 856 3940 etiam
919 3891 1044 3939 ante
1113 3883 1425 3952 episc0pum

393 3986 729 4031 sacramenta
747 3975 1080 4044 contingant.
1105 3972 1229 4029 Haec
1243 3973 1426 4030 omnia

389 4081 736 4142 amputentur
766 4089 780 4125 :
827 4083 883 4128 et
913 4081 1170 4128 maneant
1215 4073 1427 4128 diaconi

394 4160 536 4214 intra
572 4162 843 4230 propriam
877 4175 1218 4216 mensuram:
1251 4161 1428 4217 scien-

396 4261 497 4318 tes,
530 4253 652 4322 quia
679 4253 1052 4323 episcoporum
1080 4253 1297 4320 quidam
1326 4255 1429 4309 mi.-

396 4343 553 4396 nistri
601 4351 727 4396 sunt
777 4360 791 4396 :
843 4343 1174 4414 presbyteris
1250 4353 1432 4399 autem

397 4432 687 4487 inferiores
754 4443 901 4489 sunt.
974 4436 1255 4505 Accipiant
1305 4451 1435 4506 ergo

397 4526 794 4582 Eucharistiam
843 4531 1136 4583 secundum
1194 4530 1438 4584 ordinem

399 4629 519 4688 post
553 4617 893 4686 presbyteros
935 4621 1003 4675 ab
1047 4620 1300 4689 episcopo
1350 4621 1438 4676 vel

397 4727 427 4765 a
473 4711 804 4780 presbytero.
847 4709 999 4777 Quod
1041 4711 1088 4765 si
1128 4728 1231 4767 non
1279 4712 1441 4768 fuerit

397 4801 452 4859 in
536 4801 790 4870 prmsenti
859 4801 944 4856 vel
1007 4802 1291 4872 episcopus
1358 4805 1444 4859 vel

401 4892 716 4961 presbyter,
748 4900 874 4944 tunc
928 4891 1029 4958 ipsi
1077 4892 1350 4960 proferant
1389 4900 1444 4946 et

400 4984 551 5038 dent.
587 4982 693 5039 Sed
749 4999 848 5038 nec
894 4984 1082 5038 sedere
1126 4980 1339 5052 quidem
1389 4983 1440 5037 in

405 5074 581 5130 medio
627 5075 1062 5146 presbyterorum
1122 5074 1281 5129 liceat
1327 5073 1443 5129 dia-

404 5165 584 5220 eonis:
611 5177 764 5220 extra
791 5165 1028 5236 regulam
1049 5165 1190 5220 enim
1213 5175 1268 5220 et
1287 5173 1440 5220 extra

408 5257 806 5312 ordinationem
852 5267 935 5313 est
983 5265 1036 5312 ut
1084 5258 1186 5312 hoc
1232 5258 1344 5313 ﬁat.
1385 5258 1444 5326 Si

355 5372 364 5388 ι
409 5347 532 5415 quis
567 5355 747 5401 autem
778 5363 883 5402 non
912 5348 1025 5402 vult
1051 5347 1135 5404 bis
1163 5362 1285 5405 esse
1313 5327 1438 5405 sub;

354 5586 368 5617 ἰ

405 5434 606 5504 iectus,
643 5437 804 5491 etiam
831 5447 953 5507 post
995 5439 1136 5493 hanc
1163 5439 1442 5496 diiﬁnitio-

413 5541 538 5582 nem
570 5537 744 5583 cesset
775 5544 895 5585 esse
923 5530 1202 5586 diaconus.

489 5745 538 5780 “
557 5748 641 5801 ΑΙ.
683 5748 754 5803 De
783 5749 991 5804 clericis
1019 5749 1111 5816 qui
1148 5766 1337 5807 usuras
1374 5751 1661 5823 accipiunt.
1737 5747 1784 5816 9'
1810 5750 1950 5804 I'sal.
1985 5764 2093 5811 xlv.

1465 1885 1517 1939 εἴ
1533 1902 1618 1950 τις
1633 1883 1884 1956 εὑρεθείη
1919 1883 2057 1953 μετὰ
2097 1881 2188 1935 τὸν
2216 1880 2341 1949 ὅρον
2371 1877 2498 1932 τοῦ-

1465 1993 1555 2030 τον
1583 1973 1775 2035 τόκους
1809 1970 2102 2040 λαμϐάνων
2128 1969 2194 2022 ἐκ
2245 1982 2500 2037 μεταχει-

2574 1868 2815 1940 periatur
2893 1868 3014 1932 post
3061 1857 3202 1912 hanc
3269 1851 3608 1908 sanctionem

2575 1972 2766 2014 usuras
2787 1966 2980 2023 capere
3008 1965 3074 2004 ex
3098 1943 3486 2015 negotiatione,
3517 1946 3611 1989 aut

1471 2065 1664 2135 ρίσεως
1691 2105 1704 2128 ν
1736 2062 1771 2132 ἢ
1804 2035 1979 2123 ἄλλως
2011 2035 2419 2130 μετερχόμενος
2442 2055 2505 2108 τὸ
2576 2049 2732 2104 aliter
2767 2058 2881 2101 rem
2915 2054 3079 2096 conse

2011 2035 2419 2130 μετερχόμενος
2442 2055 2505 2108 τὸ
2576 2049 2732 2104 aliter
2767 2058 2881 2101 rem
2915 2035 3218 2096 consectari
3240 2073 3256 2094 .
3292 2039 3400 2135 aut.
3426 2040 3615 2135 sescu-

1470 2116 1722 2224 ςπρᾶγμα,
1846 2116 2100 2223 ἡμιολίας
2151 2116 2423 2211 απαιτῶν,
2469 2145 2504 2215 ἢ
2577 2138 2694 2210 plas
2738 2146 3051 2224 exposcere,

2008 2116 2100 2212 ξας
2151 2116 2423 2211 siceum,
2469 2145 2504 2215 ἢ
2577 2138 2694 2210 plas
2738 2146 3051 2204 exposcere,
3103 2135 3213 2224 aut.
3258 2119 3412 2224 aliud
3457 2116 3616 2187 quid-

1471 2213 1660 2316 ἕτερόν
1680 2213 1732 2299 τί
1765 2213 1999 2298 ἐπινοῶν
2030 2239 2261 2312 αἰσχροῦ
2282 2213 2508 2310 κέρδους
2581 2231 2722 2300 piam
2745 2223 3052 2316 excogitare
3075 2229 3079 2269 1

2030 2239 2261 2312 αἰσχροῦ
2282 2213 2508 2310 κέρδους
2581 2231 2722 2300 piam
2745 2223 3052 2292 excogitare
3075 2215 3247 2286 turpis
3275 2213 3412 2316 lucri
3433 2221 3612 2316 causa:

1471 2297 1655 2404 ἐπέξει,
1687 2297 2262 2405 καθαιρεθήσεταιποῦ
2283 2297 2507 2400 κλῖήρουξ
2582 2297 2649 2376 de
2681 2318 2828 2374 clero
2867 2313 3079 2405 dejiciet

2006 2297 2262 2386 σεταῖίτοῦ
2283 2297 2507 2400 κλῆρουξ
2582 2297 2649 2376 de
2681 2318 2828 2374 clero
2867 2313 3172 2382 dejicietur,
3214 2316 3284 2405 et-
3310 2303 3519 2359 alienus
3549 2297 3614 2352 ab

1474 2431 1571 2485 καὶ
1610 2427 1893 2496 ἀλλότριος
1918 2422 2012 2479 τοῦ
2046 2420 2273 2484 κανόνος
2307 2419 2485 2473 ἐσται.

1941 2684 2052 2735 lII'.

1480 2820 1621 2888 Περί
1647 2815 2068 2888 πρεσϐυτέρων
2090 2817 2524 2888 λαμϐανόντων

1553 2885 1715 2956 ἐταρᾶ
1769 2887 2067 2940 διακόνων
2115 2885 2232 2954 τὴν
2269 2888 2524 2956 Εὐχαρί-

1554 2960 1756 3012 στίαν.
2044 2958 2054 2966 ⁵

1552 3067 1759 3124 *Ηλθεν
1786 3071 1866 3132 εἰς
1888 3070 1988 3142 τὴν
2018 3069 2182 3137 ἁγίαν
2211 3068 2307 3129 καὶ
2346 3068 2522 3137 μεγά-

1484 3161 1585 3230 λην
1619 3158 1860 3223 σύνοδον,
1887 3161 1969 3213 ότι
2004 3158 2062 3213 ἐν
2104 3176 2214 3212 τισι
2259 3158 2451 3222 τόποις
2490 3159 2523 3228 ἢ

1486 3251 1709 3316 πόλεσι,
1760 3248 2152 3321 πρεσϐυτέροις
2202 3249 2302 3320 τὴν
2350 3249 2530 3319 Εὐχα-

1492 3341 1702 3412 ριστίαν
1738 3341 1787 3394 οἰ
1817 3339 2051 3394 διάκονοι
2092 3338 2326 3392 διδόασιν
2347 3356 2362 3370 ο
2390 3339 2528 3410 ὅπερ

1489 3431 1610 3485 οὔτε
1638 3433 1666 3486 ό
1688 3427 2027 3493 κανὼν,οὖτε
2047 3429 2080 3500 ἡ
2103 3429 2359 3501 συνήθεια
2383 3445 2529 3500 παρ-

1493 3522 1661 3576 έδωκε
1689 3563 1703 3588 ,
1733 3523 1860 3586 τοὺς
1903 3522 2153 3589 ἐξουσίαν
2196 3521 2270 3593 μὴ
2303 3520 2527 3592 ἔχοντας

1495 3609 1829 3681 προσφέρειν
1860 3607 2086 3672 τούτους
2133 3611 2247 3672 τοῖς
2292 3607 2530 3681 προσφέ-

1500 3715 1653 3770 ρουσι
1671 3697 1949 3751 διδόναι-τὸ
1972 3695 2132 3768 σῶμα
2153 3697 2247 3751 τοῦ
2265 3697 2531 3769 Χριστοῦ.

1499 3788 1736 3840 Κὰκεῖνο
1761 3786 1818 3840 δὲ
1835 3787 2138 3857 ἐγνωρίσθη
2162 3789 2243 3842 ὅτι
2264 3787 2367 3858 ἤδη
2389 3786 2531 3852 τινὲς

1497 3876 1608 3930 τῶν
1645 3876 1909 3931 διακόνων
1953 3877 2050 3931 καὶ
2109 3877 2215 3948 πρὸ
2260 3877 2370 3930 τῶν
2411 3879 2533 3931 ἐπι-

1501 3967 1720 4022 σκόπων
1739 3968 1838 4038 τῆς
1854 3967 2219 4038 Εὑχαριστίας
2242 3966 2529 4020 ἅπτονται.

1501 4057 1688 4113 Ταῦτα
1742 4054 1837 4111 οὖν
1898 4058 2080 4112 πάντα
2136 4057 2530 4129 περιῃρήσθω,

1503 4149 1598 4201 καὶ
1640 4147 2033 4219 ἐμμενέτωσαν
2071 4148 2121 4202 οἰ
2150 4148 2391 4202 διάκονοι
2420 4149 2536 4215 τοῖς

1507 4238 1659 4302 ἰδίοις
1687 4240 1929 4312 μέτροις,
1969 4240 2171 4304 εἰδότες
2205 4241 2288 4294 ὅτι
2318 4239 2410 4294 τοῦ
2439 4241 2538 4311 μὲν

1507 4332 1807 4385 ἐπισκόπου
1858 4332 2131 4402 ὑπηρέται
2164 4332 2303 4396 εἰσί,
2339 4329 2447 4385 τῶν
2481 4331 2539 4384 δὲ

1509 4423 1895 4493 πρεσϐυτέρων
1918 4423 2170 4486 ἐλάττους
2191 4423 2536 4493 τυγχάνουσι.

1509 4509 1952 4581 Λαμϐανέτωσαν
1980 4511 2036 4564 δέ
2077 4511 2220 4564 κατὰ
2261 4510 2417 4578 τάξιν
2442 4510 2540 4584 τὴν

1512 4603 1881 4674 Εὐχαριστίαν
1919 4601 2059 4673 μετὰ
2081 4602 2208 4665 τοὺς
2242 4601 2542 4673 πρεσϐυτέ-

1515 4711 1663 4765 ρους,
1702 4694 1736 4764 ἧ
1783 4692 1876 4747 τοῦ
1911 4693 2212 4747 ἐπισκόπου
2241 4695 2426 4758 αὐτοῖς
2461 4695 2543 4747 δι-

1513 4783 1714 4850 δόντος,
1745 4785 1778 4855 ἢ
1822 4783 1918 4837 τοῦ
1953 4784 2343 4855 πρεσϐυτέρου.
2384 4784 2544 4838 Ἀλλὰ

1519 4874 1658 4944 μήτε
1690 4873 1961 4942 καθῆσθαι
1992 4874 2049 4928 ἐν
2073 4875 2224 4946 μέσῳ
2277 4873 2386 4927 τῶν
2407 4891 2542 4944 πρε-

1509 4964 1796 5035 τϐυτέρων
1853 4966 2054 5032 ἐξέστω
2106 4969 2220 5029 τοῖς
2252 4965 2541 5029 διακόνοις.

1513 5055 1670 5125 Παρὰ
1707 5055 1907 5110 κανόνα
1943 5055 2054 5128 γὰρ
2081 5057 2176 5110 καὶ
2205 5056 2356 5127 παρὰ
2387 5055 2543 5122 τάξιν

1517 5147 1636 5201 ἐστί
1676 5147 1738 5200 τὸ
1781 5147 2088 5217 γινόμενον.
2128 5148 2190 5201 Et
2245 5147 2303 5201 δέ
2349 5165 2431 5211 τις
2471 5146 2547 5218 μὴ

1520 5239 1665 5297 θέλοι
1719 5240 2058 5313 πειθαρχεῖν,
2086 5244 2180 5296 καὶ
2227 5242 2368 5312 μετὰ
2419 5242 2546 5304 τοὺς

1518 5337 1676 5410 ὅρους
1699 5335 1998 5392 πεπαύσθω
2023 5335 2122 5408 τῆς
2145 5334 2446 5399 διακονίας.

2585 2407 2956 2468 ecclesiastico
2991 2402 3184 2460 ordine
3209 2399 3334 2454 erit.

3016 2670 3202 2730 XVIII.

2597 2819 2674 2874 De
2723 2811 3034 2888 presbyteris
3082 2803 3456 2888 accipientibus
3493 2800 3599 2855 Eu-

2792 2876 3098 2938 chriristiam
3121 2895 3154 2931 a
3184 2876 3446 2930 diaconie.

2667 3080 2921 3140 Pervenit
2937 3079 3004 3134 ad
3021 3083 3270 3133 sanetum
3293 3078 3350 3128 et
3373 3083 3629 3140 magnum

2596 3173 2925 3238 concilium,
2985 3167 3129 3239 quod
3188 3165 3244 3221 in
3303 3160 3629 3233 quibusdam

2598 3265 2732 3322 locis
2764 3273 2818 3318 et
2846 3261 3072 3316 urbibus
3102 3255 3319 3313 diaconi
3351 3254 3633 3324 presbyte-

2601 3358 2674 3413 ris
2709 3349 3104 3410 Eucltaristiam
3137 3347 3449 3418 praebeant:
3489 3340 3634 3412 quod

2602 3458 2774 3516 neque
2823 3457 3035 3506 canon,
3082 3451 3258 3508 neque
3299 3433 3635 3491 consuetudo

2602 3535 2861 3600 tradidit,
2907 3541 2969 3587 ut
3017 3529 3110 3600 qui
3141 3535 3467 3598 potestatem
3501 3521 3636 3580 offe-

2604 3624 2755 3680 rendi
2783 3637 2888 3678 non
2911 3619 3132 3684 habent,
3153 3618 3238 3673 his
3261 3617 3350 3686 qui
3375 3614 3636 3677 oﬁ'erunt,

2604 3728 2803 3784 corpus
2866 3709 3069 3768 Christi
3139 3708 3440 3778 porrigant.
3503 3703 3638 3758 Illud

2607 3807 2768 3861 etiam
2812 3801 3080 3866 innotuit,
3111 3798 3252 3868 quod
3277 3797 3390 3868 jam
3419 3795 3638 3865 quidam

2606 3913 2674 3952 ex
2704 3893 2947 3951 diaconis
2985 3893 3136 3963 prius
3165 3903 3326 3960 quam
3361 3885 3637 3955 episcopi,

2609 3988 3005 4046 Eucharistiam
3026 3986 3312 4052 attingant.
3327 3979 3520 4036 Omnia
3546 3978 3642 4048 igi-

2612 4092 2701 4136 tur
2737 4081 2842 4136 ista
2871 4082 3239 4147 amputentur,
3287 4081 3344 4128 et
3389 4076 3643 4126 maneant

2612 4170 2825 4228 diaconi
2883 4168 2936 4222 in
2993 4179 3090 4222 suo
3138 4163 3356 4226 ordine,
3409 4159 3644 4216 scientes

2613 4261 2754 4330 quod
2789 4257 3160 4326 episcoporum
3194 4249 3430 4307 ministri
3477 4256 3639 4314 sunt,

2613 4359 2668 4404 et
2689 4347 3017 4419 presbyteris
3039 4343 3322 4399 inferiores
3339 4339 3640 4395 exsistunt:

2617 4439 2887 4507 accipiant
2928 4433 3327 4490 Eucharistiam
3375 4445 3474 4486 suo
3522 4429 3645 4484 loco

2617 4539 2740 4599 post
2806 4528 3189 4599 presbyteros,
3250 4522 3337 4577 vel
3391 4520 3646 4592 episcopo

2616 4617 2816 4680 dante,
2858 4613 2941 4668 vel
2995 4611 3334 4682 presbytero.
3388 4607 3494 4663 Sed
3543 4619 3648 4661 nec

2616 4713 2808 4764 sedere
2852 4705 3095 4762 diaconis
3126 4704 3178 4758 in
3206 4701 3386 4757 medio
3417 4699 3645 4769 presbyo

2619 4807 2856 4853 terorum
2890 4796 3092 4850 liceat:
3145 4801 3340 4862 praeter
3383 4801 3645 4845 canonem

2617 4887 2759 4942 enim
2788 4893 2843 4940 et
2895 4883 3141 4939 ordinem
3180 4888 3264 4935 est
3292 4877 3435 4947 quod
3466 4876 3545 4930 lit.
3589 4874 3645 4929 Si

2618 4977 2738 5045 quis
2792 4983 2972 5029 autem
3018 4985 3205 5040 parere
3253 4965 3484 5022 noluerit
3527 4973 3647 5034 post

2619 5066 2931 5123 sanctiones
2977 5062 3075 5118 has
3097 5099 3114 5127 ,
3143 5057 3356 5115 desinat
3374 5067 3495 5111 esse
3530 5051 3645 5105 (lia-

2620 5170 2808 5213 conus.

2263 5749 2306 5779 ⁸⁵
2333 5747 2415 5799 ΑΙ.
2457 5747 2530 5802 De
2575 5741 2868 5814 privilegiis
2893 5738 3359 5810 presbyterorum.
