4072 6392
503 297 640 364 1335

938 418 1084 477 XIX.

494 525 537 557 "
564 526 636 581 De
656 525 1020 609 I’auliauistis,
1049 552 1177 603 quos
1205 536 1528 595 Homuucio-

825 609 961 654 ιιιιαε
999 616 1200 659 vocant.

561 835 617 891 Si
647 839 736 907 qui
761 842 1101 914 confugerint
1123 849 1190 904 ad
1220 849 1522 911 Ecclesiam

489 928 556 982 de
600 928 982 1000 Paulianistis,
1037 947 1298 997 statutum
1335 945 1406 999 sit
1438 961 1524 1002 re-

489 1016 748 1088 baptizari
787 1038 882 1078 eos
916 1029 1061 1081 omni
1099 1037 1279 1088 modo.
1321 1036 1378 1091 Si
1429 1041 1520 1108 qui

487 1121 616 1163 vero
643 1112 824 1168 clerici
849 1128 1005 1174 erant
1033 1125 1172 1191 apud
1206 1141 1319 1193 eos,
1351 1132 1521 1200 siqui-

485 1199 608 1254 dem
669 1202 1022 1276 inculpabiles
1067 1213 1269 1271 inventi
1317 1199 1521 1278 fuerint

483 1299 539 1343 et
604 1289 1145 1370 irreprehensibiles,
1195 1309 1516 1380 rebaptizati

481 1381 644 1434 etiam
673 1385 997 1446 ordinentur
1024 1396 1090 1450 ab
1116 1399 1386 1470 episcOpis
1413 1402 1518 1460 Ec-

481 1468 660 1528 clesia:
685 1477 988 1534 catholicae.
1019 1480 1074 1537 Si
1101 1497 1282 1542 autem
1305 1468 1515 1548 eratni-

481 1560 592 1615 nati
617 1563 795 1622 minus
816 1572 924 1636 apti
951 1570 1154 1630 fuerint
1171 1577 1519 1652 deprehensi,

478 1653 674 1720 deponi
717 1671 812 1714 eos
855 1673 1084 1729 oportet.
1124 1667 1386 1728 Similiter
1421 1690 1520 1729 au-

482 1753 587 1796 tem
666 1756 722 1802 et
789 1751 935 1810 circa
1005 1759 1279 1830 diacoues,
1345 1779 1400 1824 et
1445 1774 1511 1829 de

476 1835 726 1894 omnibus
751 1842 843 1910 qui
874 1845 926 1899 iu
961 1849 1110 1906 clero
1134 1854 1504 1928 inveniuntur,

473 1926 662 1982 eadem
698 1930 868 1990 forma
897 1945 1219 2012 servabitur.
1261 1926 1507 2012 Comme;

475 2021 807 2079 moravimus
858 2030 1021 2086 etiam
1068 2036 1148 2091 de-
1185 2040 1506 2103 diaconissis

474 2106 580 2174 his,
628 2125 746 2180 qua:
787 2114 839 2170 in
888 2119 990 2178 hoc
1031 2128 1224 2186 ordine
1273 2133 1504 2196 inventae

471 2210 630 2270 sunt,
661 2219 780 2275 qua
812 2226 911 2269 nec
960 2231 1157 2277 manus
1203 2224 1503 2297 impositio-

471 2304 593 2346 nem
625 2295 862 2369 aliquam
899 2303 1118 2378 habent,
1152 2313 1224 2369 ita
1264 2295 1321 2373 ut
1353 2324 1500 2381 omni

466 2395 666 2449 genere
692 2387 837 2447 inter
856 2392 1023 2455 laicas
1053 2401 1370 2466 habeantur.

919 2765 1061 2822 XXI

456 2855 616 2948 "Pe
652 2865 842 2948 diebus
886 2873 1179 2948 Dominicis
1211 2897 1260 2940 et
1301 2889 1490 2948 Pente-

505 2940 693 3001 costes,
728 2949 784 2990 ut
823 2941 876 2994 in
899 2946 972 2999 eis
994 2959 1194 3008 stantes
1223 2940 1448 3018 ore—nius:

521 3039 786 3108 Quoniam
813 3062 946 3109 sunt.
975 3057 1030 3112 in
1084 3061 1170 3117 die
1210 3064 1488 3128 Dominica

455 3133 674 3200 quidam
713 3140 781 3195 ad
841 3149 1143 3208 orationem
1179 3170 1351 3226 genua
1392 3163 1490 3221 ile-

449 3232 682 3290 ctentes,
722 3233 856 3289 etin
880 3236 1073 3295 diebus
1111 3243 1484 3322 Pentecostes;

446 3325 749 3384 propterea
787 3323 974 3395 itaque
1009 3342 1092 3386 est
1129 3341 1484 3403 constitutum

443 3420 473 3455 a
510 3419 699 3464 sancta
737 3419 976 3485 synodo,
1011 3428 1264 3493 quoniam
1289 3449 1485 3492 conso-

442 3508 511 3549 na
535 3507 590 3552 et
612 3507 942 3565 conveniens
971 3527 1068 3582 per
1095 3532 1285 3577 omnes
1308 3527 1483 3582 eccle-

441 3586 556 3642 sias
591 3597 947 3655 custodienda.
996 3614 1332 3669 consuetudo
1362 3630 1478 3686 est,

441 3688 503 3734 ut
533 3691 745 3741 stantes
795 3693 861 3745 ad
897 3699 1200 3754 orationem
1253 3703 1478 3765 Domino

388 3831 393 3835 ,
437 3780 560 3825 vota
591 3777 896 3838 reddamus.

1725 327 2030 389 GEJASH:
2064 333 2422 394 Ci'ZlCENI'.

2069 447 2170 501 ιθο.

1597 553 1736 618 Περὶ
1759 553 1880 634 τῶν
1919 557 1987 610 ἐκ
2015 562 2256 615 Παύλου
2281 565 2386 617 τοῦ
2412 570 2642 634 Σαμοσ-

1666 623 1855 704 ατέως
1900 633 2366 704 προρέλθόντωξ⁴
2425 637 2464 702 ἢ
2493 623 2641 704 crpo—

1665 694 1927 814 0';drtW
1964 699 2037 766 τῇ
2061 703 2352 772 καθολικῇ
2391 694 2639 772 Ἐκκᾶη-

1665 779 1708 813 σ
1735 779 1792 814 a.

1665 779 1792 829 σιᾳ.

1669 873 1804 945 Περὶ
1837 877 1947 931 τῶν
1978 881 2481 951 Παυλιανισάντων,
2514 881 2637 943 εἶτα

1596 968 2022 1034 προσφυγόντων
2066 975 2131 1042 τῇ
2177 973 2441 1047 καθολικῇ
2510 978 2633 1032 Ἐκ-

1593 1053 1794 1126 κλησίᾳ
1818 1096 1832 1120 ,
1877 1057 2003 1128 ὅρος
2050 1061 2392 1127 ὲκτέθειται,
2425 1067 2632 1121 ἀναϐα-

1594 1145 1881 1210 πτξζεσθαι
1903 1151 2102 1214 αὐτοὺς
2126 1153 2450 1219 ἐξάπαντος.
2484 1158 2545 1210 Εἰ
2571 1159 2628 1212 δέ

1591 1253 1736 1301 τινες
1768 1240 1827 1292 ὲν
1869 1239 1948 1307 τῷ
1981 1241 2386 1312 παρεληλυθότι
2427 1248 2608 1318 χρόνῳ

1591 1329 1650 1380 ἐν
1680 1329 1759 1398 τῷ
1788 1330 1974 1401 κλήρῳ
2009 1332 2408 1404 ἐξητάσθησαν,
2437 1339 2485 1388 εἰ
2529 1340 2628 1406 μὲν

1591 1418 1870 1487 ἄμεμπτοι
1892 1421 1986 1474 καὶ
2007 1422 2366 1492 ἀνεπίληπτοι
2387 1430 2624 1494 φανεῖεν,

1590 1508 2089 1576 ἀναὸαπτισθέντες
2111 1515 2626 1583 χειροτονείσθωσαν

1594 1597 1700 1649 ὑπὸ
1750 1599 1844 1651 τοῦ
1889 1601 1987 1669 τῆς
2043 1601 2371 1674 Ἐκκλησίας
2399 1607 2624 1662 ἐπισκό-

1594 1706 1728 1742 που·
1767 1692 1816 1743 εἰ
1860 1692 1916 1745 δὲ
1945 1696 2336 1766 ἀνακριθέντες
2363 1699 2624 1771 ἀνεπιτή-

1580 1779 1709 1834 δειοι
1743 1782 2108 1854 εὑρίσκονται,
2136 1787 2515 1858 καθαιρεῖσθαι
2532 1794 2628 1845 αὑ-

1578 1875 1702 1936 τοὺς
1720 1877 2008 1946 προσήκει.
2025 1877 2297 1942 Ὡσαύτως
2311 1880 2367 1933 δὲ
2389 1884 2482 1935 καὶ
2503 1885 2629 1955 περὶ

1577 1963 1684 2016 τῶν
1721 1963 1984 2020 διακόνων
2008 1966 2166 2039 (27'),
2195 1970 2290 2023 καὶ
2331 1971 2468 2034 ὅλως
2498 1973 2627 2043 περὶ

1577 2054 1686 2107 τῶν
1730 2056 1786 2108 ἐν
1827 2056 1906 2124 τῷ
1948 2059 2099 2128 αὐτῷ
2131 2059 2320 2113 κανόνι
2370 2062 2625 2128 ἐξεταζο-

1579 2145 1758 2214 μένων
1791 2149 1821 2199 6
1868 2147 2030 2211 αὐτὸς
2073 2149 2245 2214 τύπος
2279 2153 2622 2225 φυλαχθήσε-

1574 2249 1684 2286 ται.
1726 2234 2114 2307 Ἐμνήσθημεν
2154 2239 2212 2292 δὲ
2251 2242 2346 2294 καὶ
2371 2243 2479 2295 τῶν
2504 2245 2620 2299 δια-

1575 2326 1860 2390 κονισσῶν,
1906 2328 2016 2380 τῶν
2058 2331 2116 2384 ὲν
2157 2333 2346 2398 αὐτοῖς
2368 2377 2379 2399 ,
2416 2337 2527 2391 τῶν
2556 2342 2614 2392 ἐν

1573 2417 1652 2488 τῷ
1682 2421 1923 2490 σχήματι
1942 2422 2360 2493 ὲξετασθεισῶν,
2389 2433 2510 2485 ἐπεὶ
2539 2436 2614 2506 μὴ

1572 2510 1915 2579 χειροθεσίαν
1969 2517 2092 2570 τινὰ
2129 2518 2370 2586 ἔχουσιν,
2419 2524 2496 2586 ὡς
2531 2526 2616 2591 ἐξ-

1571 2601 1810 2668 άπαντος
1839 2607 1895 2659 ὲν
1924 2609 2037 2672 τοῖς
2078 2610 2291 2677 λαῖκοῖς
2324 2615 2494 2680 αὐτὰς
2523 2617 2611 2682 ἑξ-

1570 2691 1883 2758 ετάζεσθαι.

2039 2815 2124 2868 Κν.

3617 360 3752 426 1336

3166 467 3206 520 Χ
3218 465 3306 525 Ι-Χ.

2718 564 2822 643 De"
2851 571 3184 629 redeuntibus
3239 594 3304 632 ex
3353 580 3541 636 Ita'resi
3595 585 3751 643 Pauli

2783 635 3116 697 Samosatcui
3136 648 3218 767 [ad
3246 635 3534 705 Ecclesium
3569 635 3752 712 coiit—ti;

3159 732 3316 770 tcum.

2781 881 2836 936 Si
2877 883 2968 952 qui
3003 898 3068 940 ex
3097 885 3378 947 Paulianis
3407 894 3751 965 confugerint

2707 972 2772 1025 ad
2820 972 3117 1030 Ecclesium
3166 980 3530 1048 catholicam,
3579 995 3749 1043 statu-

2708 1069 2819 1112 tum
2863 1072 2949 1117 est
2997 1077 3094 1119 eos
3153 1069 3377 1123 omnino
3418 1071 3745 1137 rebaptizari

2703 1151 2920 1210 debere.
2963 1154 3019 1208 Si
3072 1156 3164 1224 qui
3213 1161 3447 1216 antehac
3497 1163 3548 1216 iu
3596 1165 3749 1221 clero

2702 1249 2970 1303 numerati
2994 1263 3146 1317 sunt,
3189 1254 3456 1324 siquidem
3483 1257 3746 1330 inculpati

2700 1347 2757 1391 et
2786 1340 2904 1393 sine
2936 1343 3358 1410 reprehensione
3380 1347 3480 1402 visi
3514 1349 3745 1414 fuerint,

2701 1427 2878 1482 denuo
2953 1429 3210 1502 baptizati
3286 1436 3607 1492 ordinentur
3676 1439 3748 1494 ab

2698 1516 2958 1574 Ecclesiae
3011 1521 3297 1578 catholica
3345 1526 3621 1597 episcopo.
3680 1529 3741 1584 Si

2700 1620 2828 1660 vero
2860 1609 3155 1664 examinati
3187 1613 3369 1668 minus
3407 1615 3586 1670 idonei
3616 1632 3744 1674 esse

2697 1701 3124 1768 comperiantur,
3159 1703 3351 1772 deponi
3383 1721 3478 1761 eos
3501 1719 3742 1776 oportet.

2705 1790 2968 1848 Similiter
3010 1805 3186 1850 autem
3237 1805 3292 1852 et
3335 1799 3401 1854 de
3457 1800 3741 1870 diaconis,

2698 1895 2752 1940 et
2791 1887 2912 1943 aliis
2939 1891 3195 1945 omnibus
3227 1893 3613 1953 ecclesiaSticis
3641 1914 3741 1952 ea-

2697 1980 2820 2034 dem
2847 1981 3018 2036 forma
3043 1987 3374 2042 servabitur.
3401 1989 3735 2048 Mentionem

2698 2086 2876 2131 autem
2903 2079 3130 2136 facimus
3152 2082 3218 2137 de
3237 2083 3582 2152 diaconissis,
3609 2105 3734 2160 qua:

2696 2167 2749 2220 in
2788 2169 2976 2224 eodem
3021 2169 3210 2225 ordine
3253 2187 3362 2227 non
3394 2174 3633 2242 habent,
3673 2189 3735 2234 ut

2691 2263 2914 2319 omnino
2936 2264 3080 2322 inter
3105 2265 3273 2323 laicos
3301 2281 3660 2328 censeantur.

3147 2821 3262 2876 XX.

1565 2919 1704 2987 Περὶ
1748 2920 1867 2975 τῶν
1916 2923 1986 3004 ἐκ

2137 2929 2406 2998 Κιζριακῇ
2455 2933 2602 3002 γόνυ
2674 2932 2750 2988 De
2781 2949 2916 3003 genu
2947 2935 3277 3004 ﬂectentibus
3317 2938 3375 2992 in
3407 2942 3492 2996 die
3528 2940 3718 2998 Dmm'b

1906 2995 2262 3052 κλινόντων.

1648 3102 1867 3175 Ἐπειδή
1893 3105 1999 3157 εἰσί
2028 3123 2172 3171 τινες
2202 3110 2261 3163 ἑν
2288 3114 2352 3183 τῇ
2387 3114 2596 3186 Κυρια-

3129 3021 3266 3064 ηιεο.

2742 3113 3006 3181 Quoniam
3059 3128 3187 3174 sunt
3216 3121 3471 3192 quidam,
3519 3124 3608 3193 qui
3643 3124 3700 3180 iu

1565 3197 1634 3264 κῇ
1657 3194 1786 3262 γόνυ
1820 3194 1998 3250 κλίνον

2109 3200 2234 3261 ,καὶ
2261 3203 2320 3256 ὲν
2352 3208 2474 3270 ταῖς
2497 3207 2597 3275 τῆς
2668 3201 2756 3260 die
2801 3204 3084 3263 Dominico
3138 3226 3313 3280 genua
3354 3211 3608 3281 ﬂectunt,
3648 3223 3709 3270 et

1563 3287 1944 3359 Πεντηκοστῆς
1982 3292 2000 3341 'i

2109 3309 2253 3357 ναις·
2298 3295 2437 3370 ὑπὲρ
2473 3299 2596 3354 τού·
2668 3300 2720 3354 in
2765 3302 2953 3357 diebus
2990 3303 3343 3362 Pentecostes
3375 3325 3390 3362 :
3423 3318 3482 3362 ut
3518 3311 3705 3364 omnia

1559 3393 1653 3429 του
1706 3379 1882 3432 πάντα
1928 3382 2000 3450 ὀμ

2109 3401 2128 3447 ς
2161 3386 2220 3438 ἐν
2261 3387 2414 3461 πάσῃ
2450 3408 2591 3463 παρ·
2666 3389 2718 3444 iu
2755 3393 3008 3448 omnibus
3060 3393 3307 3450 ecclesiis
3363 3399 3715 3454 concorditer

1557 3467 1704 3538 οικίᾳ
1774 3471 2000 3542 ὁμοφρόι

2169 3477 2538 3544 φυλάττεσθαι
2569 3524 2585 3549 ,
2661 3495 2968 3551 serventur,
3003 3484 3201 3554 placuit
3228 3497 3420 3544 sancto
3448 3489 3712 3556 concilio,

1556 3558 1796 3624 ἑστῶτας
1825 3560 1969 3626 ἔδοξε
1994 3566 2059 3636 τῇ
2102 3565 2235 3639 ἁγίᾳ
2265 3572 2464 3644 συνόδῳ
2493 3575 2589 3639 τὰς
2661 3583 2867 3629 stantes
2939 3591 3126 3646 preces
3198 3593 3325 3635 suas

1553 3649 1717 3720 εὐχὰς
1746 3651 2050 3708 ἀποδιδόναι
2075 3656 2152 3728 τῷ
2183 3659 2389 3732 Κυρίῳ.

3395 3581 3512 3638 Deo
3580 3581 3712 3636 redo

2665 3666 2814 3722 dere.

508 3863 622 3922 Ha“
647 3870 836 3940 νῖείηιί
870 3877 1013 3948 ⁸⁸868
1037 3896 1259 3945 Binetus
1285 3893 1371 3950 ille
1397 3901 1773 3975 episcoporum
1797 3925 2000 3968 consesl

508 3969 534 4004 Β
599 3959 654 4004 in
705 3973 991 4004 nrmennsh.
1057 3975 1164 4004 IL...
1221 3983 1384 4004 -n.-,-,
1429 3991 1442 4004 .
1504 3994 1516 4004 .
1741 3999 1754 4004 -
1795 4001 1804 4004 _

2185 3917 2420 3984 Τούτους
2454 3923 2580 3988 τοὺς
2621 3929 2796 3981 εἴκοσι
2827 3930 3027 4000 νόμους
3058 3931 3118 3985 τὺ
3148 3934 3278 3988 αὐτὸ
3310 3935 3465 4004 ἅγιον
3515 3938 3701 3992 αὐτῶν

439 3968 534 4056 sus
598 3959 654 4013 in
705 3973 992 4032 prasentia
1055 3975 1166 4033 Deo
1215 3983 1518 4048 charissimi
1561 3959 1616 4052 ett
1677 3999 2011 4059 celeberrimi

1215 4074 1284 4132 de
1317 4082 1795 4148 administratione
1834 4098 2011 4150 eccle-

435 4137 658 4200 siastica
709 4152 1074 4222 scripserunt.
1133 4161 1454 4230 Statuerant
1501 4190 1682 4236 autem
1731 4192 1787 4238 et

431 4233 648 4338 quidem
676 4237 844 4344 legem
871 4249 1108 4322 episcopi
1171 4257 1314 4315 ferre
1335 4306 1348 4330 ,
1387 4279 1547 4334 quam

430 4325 620 4424 nntius
647 4335 926 4399 prohibuit
956 4343 1064 4398 :-de
1091 4360 1199 4414 quo
1217 4325 1655 4426 operte-pretium
1828 4325 2008 4423 histo-

429 4414 568 4470 riam
629 4435 854 4481 narrare
909 4414 1267 4493 admiratione
1322 4414 1558 4514 dignam.
1635 4454 1820 4510 Visum
1889 4471 2004 4514 erat

427 4505 751 4615 quibusdam
812 4520 1082 4592 episcopis
1123 4527 1177 4581 in
1243 4535 1475 4591 concilio
1515 4555 1708 4596 novam
1742 4543 1911 4615 legem
1947 4549 1999 4604 in

427 4591 673 4653 Ecclesia
705 4591 1058 4680 constituere,
1089 4624 1144 4670 et
1195 4627 1261 4672 ut
1284 4620 1353 4674 de
1384 4624 1504 4681 aliis
1533 4629 1693 4686 rebus
1739 4591 1998 4694 ecnclesia-

437 4046 785 4118 imperatoris
811 4059 1176 4138 Constantini,

423 4684 598 4755 sticis,
621 4690 702 4748 sic
727 4703 926 4754 et-eam
954 4717 1169 4774 rogate,

959 4895 1188 4958 CAPUT
1224 4903 1436 4967 XXXII.

421 4991 574 5058 Quod
635 5015 740 5054 non
792 5017 1032 5075 oporteat

2122 4008 2396 4081 συνέδριον
2418 4012 2513 4066 ἐπὶ
2541 4019 2814 4090 παρουσίᾳ
2847 4019 2938 4074 τοῦ
2965 4021 3380 4091 θεοφιλεστάτου
3409 4029 3505 4082 καὶ
3550 4047 3698 4084 παν-

2117 4101 2364 4170 ευιρήμου
2417 4103 2681 4175 βασιλέως
2715 4112 3146 4182 Κωνσταντινου,
3187 4119 3315 4189 περὶ
3354 4121 3451 4190 τῆς
3486 4122 3695 4194 ἐκκλη-

1847 4186 2009 4239 aliam
2117 4196 2403 4258 σιαστικῆς
2449 4199 2726 4266 πολιτείας
2774 4207 3103 4276 ἐγράψαντο.
3161 4210 3586 4267 Ἐϐουλεύσαντο
3635 4215 3694 4270 δὲ

2113 4283 2207 4333 καὶ
2252 4284 2440 4354 ἕτερον
2480 4289 2645 4360 νόμον
2700 4292 2952 4349 ἐκθέσθαι
2987 4297 3147 4370 [forte
3196 4303 3336 4356 deest
3374 4303 3540 4375 τινὲς]
3579 4305 3692 4357 τῶν

2111 4372 2445 4442 ἐπισκόπων,
2487 4379 2545 4432 ὃν
2565 4383 2592 4434 ὁ
2623 4381 2764 4448 θεῖος
2792 4385 3033 4440 ἐκώλυσε
3065 4389 3427 4461 Παφνούτιος,
3464 4372 3597 4464 περὶ
3622 4389 3686 4449 οὗ

2109 4463 2402 4532 ἀναγκαῖον
2459 4469 2644 4542 ᾠήθην
2689 4475 3056 4547 διηγήσασθαι
3111 4483 3371 4552 μεγίστου
3399 4463 3682 4553 θαύματος

2105 4553 2254 4618 ἄξιον
2306 4557 2567 4631 διήγημα.
2623 4565 2827 4620 Ἐδόκει
2857 4571 2970 4622 τισὶ
3009 4572 3116 4625 τῶν
3162 4575 3477 4629 ἐπισκόπων
3506 4577 3671 4645 νόμον

2103 4647 2296 4716 νεαρὸν
2338 4650 2418 4712 εἰς
2440 4653 2537 4723 τὴν
2569 4655 2893 4729 Ἐκκλησίαν
2913 4663 3228 4731 εἰσαγαγεῖν
3262 4667 3320 4718 ἐν
3348 4669 3413 4738 τῇ
3445 4667 3670 4736 συνόδῳ,

2102 4732 2178 4796 ὡς
2203 4751 2267 4786 πε
2277 4737 2329 4805 ρ“ι
2353 4739 2462 4791 τῶν
2493 4742 2666 4798 ἄλλων
2682 4749 2780 4817 τῆς
2811 4749 3155 4822 Ἐκκλησίας,
3189 4755 3332 4808 οὕτω
3355 4759 3449 4810 καὶ
3475 4755 3660 4810 τοῦτον

2099 4823 2299 4894 ὁρίσαι.

2099 5055 2238 5121 Περὶ
2283 5056 2389 5111 τοῦ
2413 5059 2500 5142 [ait
2538 5059 2668 5142 δεῖς
2688 5064 2832 5128 τοὺς
2868 5068 3222 5146 ζερῳμεξτςοης
3239 5073 3503 5130 ἕκαστον
3552 5077 3669 5146 τὴν

2445 5129 2661 5186 ἑαυτοῦ
2684 5129 2948 5205 raptari);-
2971 5129 3307 5196 ἐκϐάλλειν.

2166 5254 2443 5327 Ἔγραφον
2473 5259 2567 5314 οὖν
2600 5279 2664 5316 πε
2675 5264 2730 5333 pi.
2774 5265 2869 5318 τοῦ
2902 5269 2978 5337 μὴ
3005 5267 3114 5324 δεῖν
3139 5273 3266 5336 τοὺς
3303 5274 3660 5345 ἱερωμένους.

397 5291 527 5380 ﬁve
557 5295 862 5368 episcopos,
889 5304 1002 5360 Sive
1025 5315 1386 5387 presbyteros,
1420 5323 1534 5378 sive
1555 5325 1834 5397 diaconos,
1865 5335 1982 5390 sive

409 5384 770 5431 Subdiacnnnc
826 5406 912 5431 ant
943 5397 1072 5431 olim.
1107 5420 1447 5431 -..----___c_-
1486 5429 1496 5431 _
1606 5419 1618 5429 .
1659 5419 1729 5431 ....
1920 5426 1950 5431 --

2193 5291 2257 5322 ut
2277 5291 2442 5327 μαγυν
2473 5291 2567 5314 υυν
2600 5291 2730 5333 περι
2774 5291 2869 5318 TOU
3005 5291 3114 5324 οειν
3139 5291 3266 5336 τους
3303 5291 3660 5345 ιερωμενους,

2109 5342 2198 5396 ;ἱ’τε
2223 5348 2530 5413 ἐπίσκοποι,
2562 5351 2672 5406 εἴτε
2703 5358 3084 5430 πρεσϐύτεροι,
3114 5363 3225 5415 εἴτε
3259 5365 3517 5431 διάκονοι,
3550 5367 3666 5421 εἴτε

409 5384 790 5456 subdiaconos,
824 5406 916 5451 aut
940 5397 1073 5458 alios
1104 5384 1454 5481 quoscunque
1477 5419 1618 5472 sacri
1657 5419 1801 5477 illius
1835 5426 1980 5480 ordi-

481 5538 525 5568 "
550 5539 636 5592 Al.
685 5542 756 5598 De
790 5546 872 5603 his
899 5553 986 5619 qui
1020 5569 1047 5606 a
1084 5554 1252 5615 Paulo
1287 5561 1646 5627 Samosateno
1675 5576 1742 5630 ad
1774 5576 2067 5639 Ecclesium
2101 5589 2341 5646 veniunt.
2422 5593 2466 5624 ⁸⁸
2491 5596 2576 5650 AI.

477 5676 610 5752 (27⁸)
653 5682 888 5743 Zonaras
921 5691 1304 5754 Διακονισσῶν.
1340 5699 1510 5759 Hann.

2089 5431 2451 5500 ὑποδιακονοι,
2497 5442 2606 5495 εἴτε

2688 5461 2784 5508 τις·
2819 5447 2912 5500 τοῦ
2970 5450 3250 5519 ἱερατικοῦ
3315 5455 3622 5524 καταλόγου
3644 5495 3664 5520 ,

2619 5597 2692 5654 De
2728 5600 2992 5659 flectendo
3027 5620 3223 5675 genua.
