4072 6438
392 414 534 491 ’133⁸1

1275 425 1639 485 HISTORIA
1677 425 2012 488 CONCILII
2044 426 2349 490 NICIENI.
2392 455 2461 465 -
2499 431 2643 491 LIB.
2686 429 2769 490 II.

3519 424 3656 492 1338

400 536 784 607 συγκαθεύδειν
835 536 953 598 ταῖς
1004 532 1292 604 γιαμεταῖς,
1329 534 1395 598 ἃς
1448 535 1529 588 ἔτι
1583 534 1766 588 λα’ίκοὶ
1820 535 1974 599 δντες

2092 539 2162 592 iis
2191 581 2205 602 ,
2239 556 2359 592 cum
2385 541 2647 594 uxoribus
2678 539 2790 594 suis
2839 537 3076 593 dormire
3102 577 3117 602 ,
3168 552 3304 609 quas
3346 536 3460 608 jam
3494 548 3655 595 antea

398 630 686 699 ἠγάγοντο.
721 626 938 682 Τούτων
973 625 1121 680 οὑτω
1148 625 1614 697 διατυπουμένων,
1646 628 1886 691 ἀναστάς
1913 630 1973 680 ἐν

404 721 555 792 μέσῳ
582 719 677 791 τοῦ
700 719 859 790 ὄχλου
881 718 991 771 τῶν
1022 717 1339 771 ἐπισκόπων
1377 718 1405 770 ὁ
1436 717 1578 782 θεῖος
1607 718 1972 787 Παφνούτιος,

405 809 618 881 μεγάλῃ
646 811 712 879 τῇ
737 810 887 879 φωνῇ
929 807 1144 880 ἐϐόησε,
1194 806 1370 876 λέγων
1391 824 1404 838 ·
1449 807 1541 879 Μὴ
1589 807 1852 879 βαρύνετε
1883 809 1977 861 τὸν

401 900 566 969 ζυγὸν
593 900 701 953 τῶν
727 899 1071 970 ίερωμένωνυ
1113 898 1296 969 τίμιος
1339 898 1470 968 γάρ,
1519 899 1703 969 φησὶν,
1735 901 1771 953 όν
1797 900 1975 970 γάμος

400 994 460 1045 ὲν
489 991 646 1054 πᾶσι,
680 992 774 1044 καὶ
813 988 840 1062 ἡ
868 989 1022 1062 κοίτη
1058 990 1339 1060 ἀμίαντος.
1365 989 1457 1061 Μὴ
1476 992 1543 1062 τῇ
1574 991 1847 1062 ὑπερϐολῇ
1875 990 1977 1060 τῆς

401 1080 689 1151 ἀκριϐείας
713 1080 811 1150 τὴν
852 1079 1179 1149 Ἐκκλησίαν
1221 1079 1423 1150 μᾶλλον
1458 1080 1875 1151 προσϐλάψητε·
1913 1082 1974 1134 οὑ

402 1169 511 1238 γάρ
541 1182 674 1235 φησι
700 1167 906 1230 πάντας
942 1165 1204 1221 δύνασθαι
1245 1167 1432 1238 φέρειν
1461 1168 1561 1240 τῆς
1583 1168 1854 1232 ἀπαθείας
1876 1170 1976 1240 τὴν

404 1258 661 1329 ἄσκησιν.
688 1250 895 1322 Οὐδεὶς,
923 1259 999 1322 ὡς
1027 1253 1201 1329 οἶμαι,
1243 1259 1649 1330 φυλαχθήσεται
1679 1262 1737 1314 ὲν
1765 1262 1832 1331 τῇ
1869 1277 1976 1313 σωμ-

404 1350 668 1425 φροσύνῃ,
700 1351 800 1419 τῆς
845 1350 1078 1405 ἑκάστου
1107 1354 1353 1421 γαμετῆς
1389 1351 1484 1404 τοῦ
1531 1352 1723 1422 ἀνδρὸς
1755 1369 1981 1423 στερου-

407 1444 591 1512 μένου.
654 1441 1018 1515 Σωφροσύνην
1075 1442 1132 1496 δὲ
1193 1442 1363 1514 καλὴν
1431 1445 1530 1498 καὶ
1586 1443 1686 1513 τῆς
1742 1443 1978 1514 νομίμου

404 1533 652 1604 γαμετῆς
709 1534 940 1588 ἑκάστου
983 1533 1083 1605 τὴν
1132 1535 1444 1588 συνέλευσιν
1500 1534 1644 1602 λέγω
1670 1549 1684 1563 ⁶
1746 1534 1821 1607 μὴ
1870 1535 1979 1605 μὴν

404 1625 843 1694 ἀποζεύγνυσθαι
900 1625 1105 1698 ταύτην
1153 1627 1220 1698 ἢν
1279 1627 1308 1678 ὁ
1343 1626 1476 1689 Θεὸς
1525 1625 1734 1692 ἔζευξε,
1772 1626 1867 1680 καὶ
1911 1628 1978 1698 ἢν

407 1715 556 1780 ἅπαξ
591 1716 966 1787 ἀναγνώστης,
996 1717 1030 1788 ἢ
1064 1716 1296 1788 ψάλτης,
1329 1717 1362 1789 ἦ
1402 1717 1588 1781 λαῖκδς
1611 1716 1689 1770 ὢν
1710 1717 1978 1789 ἡγάγετο’

407 1807 708 1862 καὶταῦτα
734 1807 920 1876 ἔλεγεν
961 1810 989 1862 ὁ
1047 1808 1217 1881 μέγας
1254 1809 1589 1878 Παφνούτιος
1642 1807 1870 1879 ἄπειρος
1902 1806 1978 1861 ῶν

2076 646 2199 685 cum
2253 632 2375 684 laici
2445 642 2647 694 essent,
2706 627 2987 683 duxissent
3035 627 3176 699 (28).
3235 627 3362 683 Haec
3404 643 3527 683 cum
3578 628 3655 683 illi

2076 722 2496 787 constituerent,
2531 736 2760 790 surgens
2794 720 2846 775 in
2898 720 3076 774 medio
3108 721 3488 789 episcoporum
3526 735 3658 775 con.

2076 821 2241 866 ventu
2273 812 2488 865 divinus
2537 810 2892 880 Paphnutius,
2932 824 3127 880 magna
3160 824 3293 871 voce
3333 809 3470 863 dixit
3502 827 3516 863 :
3550 809 3661 863 No-

2077 904 2173 958 lite
2201 915 2433 971 gravare
2465 901 2654 973 jugum
2699 900 3223 957 ecclesiasticorum.
3250 898 3382 953 Nam
3420 902 3657 954 lt0nora-

2077 992 2235 1058 biles,
2292 992 2491 1063 inquit,
2538 1002 2665 1047 sunt
2718 992 2919 1061 nuptiae
2963 992 3104 1059 apud
3160 1005 3371 1055 omnes,
3404 1000 3456 1043 et
3511 998 3660 1044 torus

2079 1079 2533 1138 immaculatus".
2558 1079 2733 1136 Nolite
2754 1075 2949 1136 laedere
2972 1080 3270 1136 Ecclesiam
3292 1080 3459 1134 nimio
3480 1078 3656 1133 severi

2075 1177 2214 1247 juris
2242 1192 2466 1234 excessu
2502 1191 2520 1232 ι
2548 1193 2651 1232 non
2693 1178 2838 1233 enim
2891 1192 3103 1243 omnes,
3132 1176 3229 1240 ait,
3261 1176 3405 1230 ferre
3436 1183 3664 1244 possunt

2078 1270 2205 1325 vita).
2226 1268 2352 1323 illud
2385 1270 2688 1325 institutum
2711 1271 2852 1338 quod
2870 1269 3121 1324 omnibus
3143 1266 3432 1322 affectibus
3454 1276 3611 1322 vacat
3642 1285 3657 1320 :

2081 1375 2260 1428 nemo,
2292 1369 2355 1414 ut
2398 1362 2613 1431 opinor,
2652 1362 2703 1415 in
2731 1362 2999 1417 charitate
3027 1361 3360 1425 servabitur,
3389 1361 3436 1414 si
3477 1360 3659 1413 mariti

2084 1450 2314 1520 singulis
2346 1452 2462 1506 suis
2492 1452 2776 1522 privamur
2803 1453 3085 1507 uxoribus.
3108 1451 3361 1506 Virorum
3396 1466 3517 1505 cum
3551 1450 3665 1505 suis

2083 1543 2345 1599 uxoribus
2377 1544 2823 1599 consuetudinem
2873 1557 2973 1613 ego
3012 1543 3327 1613 praeclaram
3372 1542 3699 1597 contineuv

2086 1635 2217 1688 tiam
2249 1648 2371 1690 esse
2396 1634 2540 1698 dico,
2567 1648 2667 1688 nec
2695 1648 2854 1702 posse
2887 1633 3128 1703 separari
3152 1648 3272 1687 eam
3305 1646 3470 1702 quam
3522 1631 3666 1686 Deus

2083 1722 2363 1790 conjunxit
2385 1722 2454 1789 ’°,
2477 1730 2533 1776 et
2561 1737 2721 1792 quam
2753 1722 2942 1784 semel,
2964 1737 3084 1775 cum
3110 1720 3301 1784 lector,
3322 1727 3415 1773 aut
3445 1729 3657 1784 cantor,

2085 1826 2179 1870 aut
2216 1815 2387 1870 laicus
2419 1823 2586 1880 esset,
2612 1829 2836 1868 uxorem
2873 1812 3048 1868 duxit.
3089 1810 3269 1881 Atque
3303 1811 3405 1865 ista
3434 1809 3655 1879 quidem

408 1905 611 1975 γάμου,
632 1904 723 1959 διὰ
752 1906 814 1960 τὸ
838 1904 1095 1978 νηπιόθεν
1113 1907 1171 1958 ἐν
1201 1905 1556 1976 ἀσκητηρίοις
1579 1902 1982 1975 ἀνατρέφεσθαι

2092 1907 2258 1962 suasit
2298 1920 2524 1976 magnus
2574 1904 2933 1974 Paphnutius,
2988 1903 3115 1958 licet
3161 1902 3395 1972 conjugii
3459 1914 3660 1970 expers

398 1995 595 2060 αὑτόν.
627 1996 717 2050 Διὺ
741 1996 984 2060 πεισθεὶς
1009 1998 1039 2050 ὁ
1067 1998 1176 2060 πᾶς
1221 1995 1332 2050 τῶν
1375 1996 1693 2050 ἐπισκόπων
1727 1995 1984 2064 σύλλογος

408 2089 477 2158 τῇ
501 2085 598 2141 τοῦ
624 2088 816 2159 ἀνδρὸς
844 2088 1169 2160 συμϐουλίᾳ,
1196 2088 1501 2159 ἀπεσίγησε
1534 2087 1662 2160 περὶ
1696 2089 1790 2141 τοῦ
1823 2086 1990 2158 ζητή-

422 2195 591 2248 ματος
617 2180 832 2243 τούτου,
858 2181 923 2250 τῇ
949 2180 1141 2252 γνώμῃ
1181 2177 1606 2247 καταλείψαντες
1634 2176 1745 2231 τῶν
1795 2176 1984 2244 βουλο-

415 2268 593 2338 μένων
628 2270 771 2324 κατά
826 2269 1149 2341 συμφωνίαν
1203 2268 1507 2339 ἀπέχεσθαι
1555 2270 1655 2338 τῆς
1712 2266 1847 2331 ἰδίας
1887 2284 1989 2336 γα-

417 2359 612 2429 μετῆς.

483 2448 670 2503 Ταῦτα
697 2449 946 2521 ἐπράχθη
956 2468 1054 2504 σαν
1080 2450 1175 2504 ἐπὶ
1198 2450 1296 2520 τῆς
1317 2450 1480 2519 ἁγίας
1503 2449 1598 2503 καὶ
1629 2449 1873 2522 μεγάλης
1895 2449 1992 2502 καὶ

414 2539 807 2610 οίκουμενικῆς
864 2540 1085 2595 συνόδου
1116 2544 1218 2612 τῆς
1251 2543 1310 2594 ἐν
1339 2540 1548 2612 Νικαίᾳ
1594 2540 1697 2610 τῆς
1734 2539 1992 2605 Βιθυνίας

414 2628 819 2701 ἀθροισθείσης.
854 2632 1116 2697 Εὐσέϐιος
1166 2632 1224 2686 δὲ
1257 2632 1352 2687 καὶ
1383 2632 1661 2700 Θεόγνιος,
1691 2632 1785 2685 καὶ
1814 2632 1864 2685 οἱ
1895 2633 1993 2686 σὺν

416 2721 604 2785 αὑτοῖς
656 2722 947 2794 Ἀρειανοὶ,
988 2723 1089 2775 οὑκ
1142 2723 1460 2791 ἐνεγκόντες
1508 2722 1608 2793 τὴν
1635 2722 1736 2791 τῆς
1760 2722 1995 2792 ἀληθοῦς

416 2810 655 2876 πίστεως
703 2813 1099 2885 κρατυνθεῖσαν
1155 2813 1470 2883 βεϐαίωσιν,
1506 2814 1585 2867 ἔτι
1639 2813 1747 2884 μὴν
1784 2813 1994 2866 καὶτὸν

421 2902 639 2973 Ἄρειον
673 2902 1068 2974 ἀναθεματίσαι
1107 2903 1184 2975 μὴ
1224 2904 1610 2975 ἀνασχόμενοι,
1647 2902 1994 2973 φωραθέντες

416 2994 512 3046 καὶ
541 2989 697 3057 αὖθις
743 2993 838 3047 ἐπὶ
889 2992 1086 3063 τούτῳ,
1135 2993 1319 3064 ὲξορίᾳ
1368 2994 1643 3047 ὑπέπεσον
1695 2993 1861 3064 ψήφῳ
1895 2989 1997 3046 τοῦ

419 3080 836 3149 θεοφιλεστάτου
873 3080 1159 3151 βασιλέως,
1196 3082 1293 3135 καὶ
1323 3082 1506 3152 κρίσει
1554 3084 1653 3151 τῆς
1690 3081 1853 3150 ἁγίας
1886 3082 1995 3134 τῶν

415 3172 733 3226 ἐπισκόπων
765 3173 1008 3234 συνόδου,
1032 3172 1208 3227 ἄλλων
1226 3173 1340 3227 ἀντ’
1370 3172 1552 3227 αὑτῶν
1582 3174 1640 3226 ὲν
1662 3174 1782 3236 ταῖς
1817 3171 1995 3225 αὑτῶν

417 3260 736 3333 παροικίαις
768 3260 1158 3316 καταστάντων
1195 3262 1362 3331 ψήφῳ
1394 3261 1496 3330 τῆς
1539 3260 1711 3330 αὑτῆς
1748 3260 1993 3325 συνόδου,

416 3354 516 3409 καὶ
567 3352 662 3407 τοῦ
718 3352 819 3419 τῆς
853 3353 1087 3406 ἑκάστου
1145 3351 1436 3424 παροικίας
1462 3351 1666 3423 κλήρου
1704 3353 1799 3405 καλ⁸
1831 3352 1991 3406 λαοῦο

417 3445 513 3499 καὶ
550 3442 800 3514 Ἀμφίων
842 3442 944 3514 μὲν
995 3443 1097 3514 τὴν
1145 3444 1245 3514 τῆς
1291 3443 1649 3514 Νικομηδέων
1698 3442 1997 3514 ἐκκλησίας

421 3535 717 3608 ⁴ἠγεμονίαν
760 3533 1062 3605 παρέλαϐε,
1104 3536 1355 3607 Χρῆστος
1401 3534 1460 3589 δὲ
1489 3535 1589 3606 τὴν
1613 3535 1713 3605 τῆς
1740 3535 1996 3598 Νικαίας,

422 3628 519 3681 καὶ
544 3626 695 3681 ἄλλοι
718 3626 816 3690 τὰς
857 3626 967 3680 τῶν
1005 3626 1325 3698 ὑμοφρόνων
1371 3626 1540 3696 αὑτῷ.
1588 3626 1748 3680 Ἀλλά
1781 3627 1878 3695 μὲν
1905 3627 2000 3680 καὶ

419 3718 585 3772 πάλιν
612 3719 734 3779 ταῖς
759 3715 818 3781 ἐξ
862 3717 1019 3780 ἔθους
1051 3716 1388 3786 χρησάμενοι
1443 3718 1716 3786 μηχαναῖς
1742 3716 1999 3780 Εὐσέϐιος

420 3811 517 3865 καὶ
540 3810 813 3878 Θεόγνιος,
860 3811 957 3864 καὶ⁹
980 3810 1079 3880 τὴν
1140 3807 1406 3879 βασιλέως
1448 3807 1862 3880 φιλανθρωπίαν
1903 3810 1999 3876 ἐφ-

424 3903 565 3957 όδιον
587 3902 650 3967 ἐξ
673 3902 891 3970 ἀπάτης
916 3902 1189 3973 εὑρόντες,
1206 3900 1574 3954 ἀναπαλαϊσαι
1602 3900 1763 3953 πάλιν
1787 3900 1881 3953 καὶ
1899 3898 1998 3968 τὴν

423 3990 699 4062 προτέραν
726 3991 1045 4046 δυναστείαν
1085 3990 1387 4046 ἀπολαϐεῖν
1439 3991 1759 4063 ἐπειρῶντο.
1793 3990 1903 4044 Καὶ
1931 3989 2000 4043 τὰ

427 4082 527 4151 μὲν
550 4080 756 4135 τούτων
790 4081 1028 4136 κάκιστα
1071 4084 1444 4154 μηχανήματα
1500 4082 1799 4153 πάμπολλα
1845 4082 1997 4147 ὅντα,

422 4172 522 4226 καὶ
548 4173 729 4245 πάσης
755 4174 1012 4239 ἀσεϐείας
1057 4176 1274 4248 ἔμπλεα
1318 4174 1677 4246 τυγχάνοντα,
1730 4174 1866 4246 πρὸς
1898 4175 2000 4245 τὴν

423 4263 756 4336 Θεοδωρίτου
795 4267 893 4322 καὶ
934 4265 1042 4322 τῶν
1078 4267 1282 4322 λοιπῶν
1332 4267 1765 4337 συγγραψάντων
1800 4266 2000 4338 ἐκκλη-

421 4358 708 4428 σιαστικὴν
762 4358 1005 4430 ἱστορίαν
1043 4360 1171 4423 τοὺς
1241 4359 1601 4430 βουλομένους
1662 4357 1999 4429 καταμαθεῖν

418 4449 871 4521 παραπέμψοιμι.
900 4449 1078 4504 Βαδιῶ
1099 4451 1156 4505 δὲ
1181 4450 1293 4520 ἐγὼ
1321 4452 1574 4506 ἐντεῦθεν
1606 4452 1685 4522 τῷ
1723 4451 1868 4523 λόγῳ
1906 4450 2000 4504 ἐπὶ

2090 2007 2255 2065 esset,
2324 2006 2611 2066 propterea
2654 1996 2799 2065 quod
2845 1996 2900 2049 in
2956 1993 3305 2049 monasteriis
3348 2007 3377 2045 a
3430 1990 3667 2061 pueritia

2092 2090 2269 2145 fuerat
2297 2089 2579 2143 educatus.
2620 2086 2887 2154 Quocirca
2940 2085 3045 2140 viri
3088 2084 3320 2139 consilio
3366 2098 3663 2154 persuasus

2092 2181 2469 2250 episcoporum
2497 2187 2674 2252 coetus
2690 2177 2756 2231 de
2789 2178 3085 2246 quaestione
3108 2190 3170 2229 ea
3197 2176 3380 2237 tacuit,
3402 2182 3456 2228 et
3480 2187 3667 2228 eorum

2093 2270 2311 2341 reliquit
2346 2268 2593 2333 arbitrio,
2637 2267 2729 2337 qui
2776 2266 2966 2321 volunt
3007 2278 3071 2319 ex
3114 2274 3299 2321 mutuo
3338 2277 3602 2319 consensu
3634 2276 3667 2315 a

2093 2361 2324 2433 propriis
2363 2357 2682 2428 conjugibns
2708 2356 3000 2412 abstinere.

2163 2453 2290 2509 Haec
2333 2461 2485 2521 gesta
2538 2459 2665 2507 sunt
2708 2452 2759 2505 in
2814 2459 3043 2509 sancto,
3087 2461 3281 2515 magno
3326 2455 3382 2502 et
3427 2441 3670 2515 generali

2092 2546 2347 2608 concilio,
2420 2544 2563 2612 quod
2613 2541 2805 2596 Nicaaaa
2853 2540 2908 2593 in
2961 2537 3213 2609 Bithynia
3282 2542 3669 2606 congregatum

2096 2637 2216 2692 fuit.
2249 2635 2518 2691 Eusebius
2549 2642 2751 2697 autem,
2783 2640 2837 2686 et
2865 2628 3198 2700 Theognius,
3224 2637 3278 2683 et
3305 2627 3396 2697 qui
3435 2641 3561 2682 cum
3591 2624 3674 2680 eis

2094 2736 2253 2784 erant
2291 2725 2504 2793 Ariani,
2546 2739 2653 2780 non
2714 2720 2953 2777 ferentes
2996 2720 3304 2775 vincentem
3344 2732 3485 2773 verte
3546 2715 3672 2771 ﬁdei

2095 2817 2585 2882 conﬁrmationem,
2612 2815 2740 2884 quin
2771 2821 2825 2870 et
2853 2813 2984 2869 Ario
3016 2813 3306 2868 anathema
3354 2811 3536 2866 dicere
3565 2824 3673 2864 non

2096 2911 2389 2982 patientes,
2421 2908 2728 2976 iterumque
2756 2905 2809 2959 in
2839 2920 2905 2961 eo
2933 2902 3278 2972 deprehensi,
3308 2901 3501 2957 exsilio
3550 2914 3671 2956 ces-

2097 2981 2324 3066 serunt,
2388 2996 2645 3067 suﬁ‘ragio
2719 2993 3120 3065 religiosissimi
3185 2981 3552 3062 imperatoris,
3618 2998 3675 3044 et

2094 3092 2298 3164 judicio
2320 3090 2496 3167 sancti
2527 3087 2743 3145 concilii
2773 3088 3172 3157 episcoporum,
3212 3094 3500 3156 postquam
3538 3082 3675 3137 alios

2023 3227 2067 3285 ο
2100 3201 2199 3254 pro
2226 3184 2359 3254 ipsis
2390 3183 2444 3237 in
2466 3182 2705 3251 ipsorum
2734 3179 2990 3249 parwciis
3020 3178 3423 3234 constituerunt
3451 3174 3674 3230 decreto

2098 3274 2337 3343 ejusdem
2371 3271 2611 3336 concilii,
2654 3279 2709 3324 et
2733 3268 2886 3332 cieri,
2938 3283 3003 3323 ac
3031 3266 3211 3337 pepuli
3246 3263 3677 3334 uniuscujusque

2098 3364 2355 3435 parmcia:
2405 3379 2421 3415 :
2481 3371 2536 3417 et
2563 3359 2836 3430 Amphion
2874 3359 3094 3429 quidem
3138 3356 3397 3412 Ecclesiae
3432 3354 3668 3410 Nicome-

2099 3454 2277 3509 diensi
2296 3449 2583 3523 praefectus
2609 3459 2727 3515 est,
2761 3448 3025 3504 Chrestus
3057 3461 3190 3504 vero
3223 3445 3472 3510 Nicaeum,
3505 3455 3560 3500 et
3587 3444 3680 3500 alii

2100 3547 2346 3615 ejusdem
2369 3561 2492 3600 cum
2519 3545 2638 3615 ipso
2692 3543 2977 3600 sententiae
3016 3542 3161 3598 aliis.
3207 3539 3409 3595 Verum
3462 3549 3675 3595 utentes

2102 3655 2291 3693 rursus
2337 3637 2617 3693 consuetis
2645 3638 2854 3691 artibus
2883 3634 3150 3690 Eusebius
3189 3641 3244 3688 et
3268 3632 3601 3701 Theognius,
3627 3637 3684 3685 et

2099 3731 2441 3786 occasionem
2481 3728 2688 3782 fraudis
2724 3726 3084 3793 invenientes,
3117 3725 3258 3795 regis
3284 3722 3676 3778 humanitatem

2101 3821 2292 3878 callide
2313 3835 2475 3891 agere
2500 3820 2718 3884 iterum,
2754 3826 2809 3872 et
2858 3818 3094 3887 priorem
3143 3826 3465 3885 potestatem
3516 3829 3680 3870 reeuo

2098 3929 2293 3986 perare
2330 3911 2636 3966 tentabant.
2683 3906 2789 3964 Sed
2816 3908 3032 3963 illorum
3062 3915 3367 3963 commenta
3400 3906 3674 3976 pessima,

2100 4022 2221 4077 quae
2269 4004 2503 4077 plurima
2556 4012 2739 4069 erant,
2790 4010 2846 4057 et
2904 3988 3087 4056 omnis
3136 3999 3431 4069 impietatis
3480 3998 3678 4069 plena,

2101 4096 2310 4151 discere
2359 4092 2630 4157 volentes,
2710 4090 2777 4146 ad
2845 4088 3248 4144 Theodoretum
3317 4103 3383 4143 ac
3443 4088 3681 4158 reliquos

2100 4186 2342 4243 historia:
2395 4182 2779 4240 ecclesiasticae
2835 4182 3135 4251 scriptores
3195 4180 3524 4235 remiserim.
3560 4179 3673 4250 Ego

2102 4289 2283 4335 autem
2319 4277 2446 4332 hinc
2469 4274 2717 4329 oratione
2767 4271 3071 4341 properabo
3130 4270 3197 4324 ad
3230 4284 3294 4323 ea
3328 4285 3450 4339 quae
3484 4279 3669 4340 postea

2101 4376 2283 4425 secuta
2314 4373 2464 4433 sunt,
2495 4365 2559 4419 de
2585 4363 2781 4434 quibus
2800 4360 3176 4432 episcoporum
3204 4360 3494 4416 concilium
3527 4360 3679 4415 misit

2101 4458 2388 4530 epistolam
2447 4457 2516 4511 ad
2547 4454 2786 4524 reliquos
2812 4454 3130 4523 episcopos,
3167 4461 3224 4508 et
3265 4467 3454 4507 eorum
3494 4464 3678 4520 parce—

421 4539 494 4592 τὰ
524 4539 673 4609 ἑξῆς,
708 4542 837 4611 περὶ
871 4534 947 4595 ὧν
994 4544 1028 4613 ἡ
1056 4542 1166 4597 τῶν
1198 4545 1516 4599 ἐπισκόπων
1548 4543 1837 4598 ἀπέστειλε
1870 4543 1990 4597 σύν-

2101 4551 2215 4608 cias
2247 4571 2261 4606 :
2303 4547 2624 4619 quinetiam
2655 4545 2950 4616 imperator
2994 4545 3114 4613 ipse
3145 4557 3359 4613 semper
3397 4542 3574 4596 victor
3624 4551 3680 4596 et

423 4626 543 4690 οδος
573 4630 683 4689 τοῖς
713 4627 1118 4697 ἀπολειφθεῖσιν
1142 4633 1484 4698 ἐπισκόποις,
1516 4634 1613 4687 καί
1638 4636 1758 4697 ταῖς
1785 4632 1994 4689 ἑαυτῶν

427 4718 748 4789 παροικίαις
776 4734 790 4748 ’
828 4720 889 4772 οὑ
924 4721 1032 4792 μὴν
1064 4722 1122 4774 δὲ
1165 4722 1301 4776 ἀλλά
1345 4725 1439 4778 καὶ
1489 4727 1520 4778 ό
1559 4726 1854 4798 νικηφόρος
1902 4726 1999 4781 καὶ

424 4810 746 4876 πιστότατος
773 4810 1049 4882 βασιλεὺς,
1074 4814 1155 4878 εἰς
1180 4813 1439 4869 σύστασιν
1466 4817 1567 4886 τῆς
1591 4832 1652 4870 τε
1683 4818 2000 4889 ὲκτεθείσης

425 4900 737 4972 ἁγιωτάτης
759 4902 1018 4970 πίστεως,
1045 4902 1140 4958 καὶ
1154 4905 1254 4975 τῆς
1281 4904 1442 4975 ἀγίας
1464 4906 1656 4976 ἑορτῆς
1671 4907 1763 4960 τοῦ
1785 4909 1999 4977 Πάσχα,

425 4995 507 5057 εἰς
539 4993 760 5065 ἔλεγχον
789 4995 848 5049 δὲ
871 4995 980 5052 τῶν
1008 4997 1110 5067 τῆς
1134 4997 1390 5062 ἀσεϐείας
1418 4998 1837 5069 πρωτοστατῶν.
1874 4998 2005 5053 Ἐπὶ

425 5082 635 5147 τούτοις
661 5085 773 5157 γάρ
816 5087 954 5140 πᾶσι
1000 5088 1361 5158 μεγαλοφυῶς
1402 5088 1869 5161 συγκροτηθείσης
1897 5090 1998 5160 τῆς

428 5174 671 5241 συνόδου,
699 5176 794 5229 καὶ
824 5177 1146 5251 θεοπρεπῶς
1173 5180 1587 5251 ὲκφωνηθείσης
1609 5181 1707 5250 τῆς
1743 5179 2002 5246 πίστεως,

427 5263 499 5317 τά
514 5280 576 5317 τε
606 5266 748 5320 κατὰ
776 5269 876 5340 τὴν
903 5271 1363 5342 ὲκκλησιαστικὴν
1383 5271 1634 5336 εὐταξίαν
1652 5274 2003 5338 τυπώσαντες

428 5354 645 5411 ἀπάντα
669 5360 718 5413 oi
748 5360 893 5429 ἅγιοι
922 5360 1444 5437 Πατέρες,δηλῶσαι
1474 5367 1647 5421 πάντα
1666 5368 1733 5420 τὰ
1762 5366 2003 5439 ὡρισμέ-

429 5462 496 5498 να
541 5446 631 5501 διὰ
681 5452 1026 5522 γραμμάτων
1069 5455 1270 5521 πάσαις
1314 5460 1435 5521 ταῖς
1481 5457 1585 5511 ὑπὸ
1631 5458 1724 5511 τὸν
1770 5460 1999 5529 οὐρανὸν

2104 4641 2480 4708 ﬁdelissimus,
2507 4639 2574 4695 ad
2603 4637 3049 4694 constitutionem
3090 4635 3355 4706 exposita:
3393 4632 3677 4688 sanctissi-

2106 4749 2209 4790 mae
2231 4733 2354 4788 ﬁdei
2389 4740 2444 4788 et
2471 4739 2676 4787 sancta:
2698 4728 3011 4785 festivitatis
3033 4726 3342 4792 Paschatis,
3391 4726 3457 4780 ad
3487 4726 3681 4780 redar-

2106 4826 2383 4898 gutionem
2432 4832 2785 4894 patronorum
2838 4820 3155 4891 impietatis.
3213 4817 3349 4874 Post
3377 4819 3496 4874 haec
3528 4818 3678 4873 enim

2108 4922 2289 4976 omnia
2328 4918 2618 4989 magniﬁce
2648 4918 2998 4987 conspirante
3040 4914 3294 4980 concilio,
3320 4922 3377 4969 et
3417 4913 3675 4968 decenter

2107 5010 2446 5080 promulgata
2480 5009 2606 5075 ﬁde,
2642 5022 2764 5062 cum
2795 5006 2979 5063 omnia
3009 5020 3130 5077 quae
3167 5005 3237 5060 ad
3265 5012 3468 5058 rectam
3496 5001 3680 5056 Eccleo

2110 5099 2203 5154 sine
2222 5098 2747 5154 administrationem
2791 5104 3060 5166 spectant,
3089 5094 3269 5150 sancti
3317 5091 3509 5148 Patres
3547 5106 3680 5146 con-

2108 5189 2448 5253 stituissent,
2492 5187 2674 5259 omnia
2720 5186 2939 5242 deﬁnita
3024 5199 3121 5256 per
3170 5184 3382 5239 litteras
3427 5182 3671 5237 indicare

2106 5279 2386 5343 omnibus,
2418 5293 2537 5348 qua:
2564 5278 2664 5334 sub
2688 5277 2828 5334 ctelo
2851 5285 3000 5343 sunt,
3057 5274 3263 5332 sanctis
3293 5272 3386 5328 Dei
3421 5270 3681 5327 Ecclesiis

2102 5372 2448 5436 studuerunt,
2485 5370 2875 5441 subjungentes
2930 5370 3094 5426 etiam
3136 5383 3256 5438 qua:
3303 5365 3371 5421 ad
3398 5362 3681 5420 Meletium

2103 5463 2394 5531 pertinent.

428 5536 611 5608 ἁγίαις
634 5542 727 5596 τοῦ
757 5545 893 5598 Θεοῦ
929 5548 1274 5620 Ἑκκλησίαις
1301 5552 1657 5621 ἐσπούδασαν,
1692 5553 2030 5622 συνάψαντες
2070 5557 2160 5608 καὶ
2188 5555 2258 5608 τά
2284 5555 2426 5609 κατά
2455 5554 2745 5626 Μελήτιον.

499 5674 546 5707 ⁸³
570 5676 735 5733 Ilebr.
770 5694 888 5747 xm,
927 5681 980 5735 4.
1059 5683 1106 5715 ³⁸
1124 5682 1317 5739 Matth.
1344 5701 1453 5750 δικ,
1476 5684 1528 5740 6.

502 5786 613 5851 (‘28)
647 5788 798 5845 Socr.
834 5791 922 5847 lib.
975 5806 1012 5854 ι,
1057 5808 1172 5865 cap.
1214 5794 1265 5857 8,
1309 5795 1376 5848 al.
1421 5797 1504 5863 ll;
1560 5797 1773 5854 Suzom.
1820 5799 1909 5853 lib.
1944 5815 1981 5863 ι,

2092 5816 2134 5867 μ.
2172 5798 2256 5863 19.,
2276 5798 2344 5852 al.
2378 5795 2469 5854 25.
