4072 6414
346 463 481 533 1341

1221 453 1589 515 HISTORIA
1627 448 1959 510 CONCILII
1997 400 2305 512 NICENI.
2348 476 2417 485 —
2456 450 2606 513 LIB.
2648 448 2734 510 ΙΙ.

3458 446 3596 514 1342

340 580 453 641 λον,
486 574 521 646 ἢ
562 570 723 644 χρείᾳ
765 565 936 622 ταῦτα
990 563 1293 636 μετρήσας.
1329 561 1469 632 Περὶ
1507 552 1583 614 ὧν
1610 559 1706 613 καὶ
1750 558 1920 611 Εὐσέ-

2054 560 2350 615 ιριιιτεείιειιο
2373 598 2386 618 .
2419 575 2579 629 quam
2608 575 2703 615 sua
2744 557 2913 629 ipsius
2943 556 3343 629 magnificentia
3378 571 3598 612 mensus

344 671 461 733 ὄιος
488 669 516 722 ό
541 661 831 735 Παμφίλου
850 655 1232 729 διαλαμόἁνων
1263 648 1365 708 ὧδέ
1404 669 1523 715 πως
1551 650 1729 718 λέγει·
1762 648 1920 703 Οὕτω

342 763 408 834 δὴ
439 761 565 822 τοὺς
600 754 788 823 ἁγίους
816 749 1150 811 ἐπισκόπους
1187 744 1325 816 μετὰ
1360 741 1620 811 πλείστης
1663 740 1794 810 ὅσης
1827 738 1920 790 εὐ-

343 828 567 913 λαϐείας
602 840 974 904 διαναπαύσας
1012 842 1042 893 ὁ
1077 835 1436 905 πανεύφημος
1478 831 1573 887 καὶ
1602 828 1922 889 πιστότατος

350 939 604 1015 βασιλεὺς
630 933 1062 997 Κωνσταντῖνος,
1104 925 1506 997 συνταξάμενός
1527 942 1587 978 τε
1635 922 1777 991 σφᾶς
1823 921 1924 973 ἐπ-

348 1013 554 1090 ανιέναι
576 1028 780 1093 οἴκαδε,
817 1026 945 1089 τοὺς
972 1024 1180 1086 πάντας
1209 1022 1382 1093 ἠφίει.
1427 1019 1491 1072 Οί
1533 1017 1591 1071 δὲ
1618 1013 1925 1086 ἐπανῄεσαν

352 1128 448 1181 σὺν
471 1119 779 1195 εὐφροσύνῃ
804 1118 991 1188 πολλῇ.
1033 1113 1289 1184 Ἐκρὰτει
1314 1127 1376 1165 τε
1401 1109 1589 1164 λοιπὸν
1614 1107 1712 1177 μία
1731 1104 1924 1175 γνώμη

352 1215 505 1287 παρὰ
534 1214 645 1276 τοῖς
679 1211 836 1275 πᾶσι,
872 1207 1004 1280 παρ’
1035 1204 1187 1275 αὑτῷ
1218 1202 1431 1273 βασιλεῖ
1476 1195 1924 1270 συμφωνηθεῖσα,

355 1285 784 1376 συναπτομένων
824 1300 1014 1370 ὥσπερ
1048 1299 1129 1360 είς
1172 1294 1233 1348 ἐν
1271 1292 1429 1364 σῶμα
1466 1291 1576 1345 τῶν
1616 1292 1683 1343 ἐκ
1715 1285 1927 1359 μακροῦ

353 1394 714 1469 διῃρημένων.
751 1390 972 1462 Χαίρων
1005 1387 1142 1459 δῆτα
1165 1388 1194 1440 ό
1232 1382 1484 1454 βασιλεὺς
1508 1380 1602 1434 ἐπὶ
1629 1377 1708 1449 τῷ
1734 1393 1932 1448 κατορ-

358 1466 592 1559 θώματι,
620 1485 734 1546 τοῖς
759 1481 834 1552 μὴ
866 1476 1244 1551 παρατυχοῦσι
1273 1477 1340 1546 τῇ
1375 1472 1579 1542 συνόδῳ
1609 1466 1932 1531 ἐπισκόποις

359 1578 568 1649 καρπὸν
629 1573 831 1645 εὐθαλῆ
871 1572 939 1626 δι’
992 1566 1294 1624 ἐπιστολῶν
1338 1565 1627 1635 ἐδωρεῖτο·
1677 1561 1826 1623 λαοῖς
1870 1575 1931 1611 τε

361 1673 516 1737 πᾶσι,
550 1670 665 1732 τοῖς
691 1684 752 1720 τε
786 1665 909 1720 κατ’
939 1662 1146 1733 ἀγροὺς
1178 1659 1274 1712 καὶ
1306 1659 1417 1721 τοῖς
1438 1655 1597 1726 ’ἀμφὶ
1621 1652 1725 1716 τὰς
1748 1651 1935 1714 πόλεις

361 1762 709 1831 οἱκοῦσι,χρη
719 1758 904 1829 μάτων
931 1754 1198 1823 ἀφθόνους
1212 1750 1476 1812 διαδόσεις
1500 1743 1774 1800 ποιεῖσθαι
1796 1758 1936 1812 παρ·

362 1852 676 1906 εκελεύετοο
716 1843 821 1905 ὧδέ
851 1864 928 1918 πη
948 1843 1220 1921 γεραίρων
1251 1842 1354 1913 τὴν
1373 1838 1567 1911 ἐορτὴν
1598 1839 1700 1909 τῆς
1717 1838 1934 1889 είκοσαυ

2023 665 2124 708 est.
2170 652 2247 708 De
2290 653 2485 722 quibus
2514 660 2569 707 et
2608 650 2876 707 Eusebius
2917 649 3182 719 Pamphili
3217 650 3490 705 disserens
3543 648 3596 703 in

2024 743 2168 796 hunc
2192 739 2308 795 fere
2332 741 2571 808 loquitur
2591 740 2809 796 modum
2828 738 2942 811 (29)
2967 757 2981 793 :
3011 738 3102 794 Sic
3124 736 3358 807 denique
3382 745 3600 792 sanctos

2022 832 2304 901 episcopos
2355 846 2476 886 cum
2528 831 2765 886 maxima
2806 830 3113 886 reverentia
3173 828 3601 898 interquiescere

2024 924 2229 980 faciens
2286 923 2573 980 laudabilis
2613 938 2834 993 prorsus
2895 937 2961 978 ac
3022 920 3369 976 fidelissimus
3427 920 3601 990 impe-

2028 1025 2178 1070 rator
2222 1015 2640 1081 Constantinus,
2703 1012 3126 1086 praecipiensque
3192 1011 3311 1066 illos
3380 1011 3599 1066 domum

2028 1109 2247 1172 redire,
2300 1121 2490 1163 omnes
2556 1106 2779 1162 dimisit.
2852 1105 2958 1177 Ipsi
3019 1119 3150 1161 vero
3223 1119 3346 1159 cum
3413 1103 3602 1159 laetitia

2029 1201 2196 1256 multa
2226 1200 2523 1255 redierunt.
2558 1196 2853 1253 Obtinebat
2884 1204 3062 1252 autem
3091 1202 3232 1267 apud
3261 1210 3453 1251 omnes
3497 1211 3602 1248 una

2031 1294 2083 1349 in
2113 1301 2389 1364 posterum
2422 1289 2714 1354 sententia,
2758 1289 2809 1341 in
2851 1303 3016 1358 quam
3064 1294 3335 1357 prasente
3373 1286 3606 1355 impera-

2034 1399 2151 1444 tore
2181 1373 2585 1458 conspirarunt,
2621 1382 2925 1454 conjunctis
2946 1381 3094 1437 velut
3120 1380 3176 1435 in
3208 1394 3376 1435 unum
3410 1391 3609 1445 corpus

2033 1482 2099 1535 iis
2132 1480 2223 1550 qui
2259 1479 2349 1533 diu
2383 1477 2616 1547 separati
2651 1474 2888 1530 fuerant.
2922 1473 3225 1543 imperator
3255 1471 3418 1543 igitur
3450 1469 3608 1523 laetus

2033 1573 2104 1629 ob
2151 1585 2267 1626 rem
2311 1567 2546 1624 feliciter
2567 1575 2794 1638 gestam,
2827 1564 2895 1619 iis
2926 1563 3017 1634 qui
3045 1562 3276 1617 concilio
3309 1576 3414 1615 non
3446 1559 3612 1615 inter-

2036 1664 2287 1728 fuerunt,
2319 1658 2628 1731 episcopis,
2671 1659 2892 1712 uberem
2945 1653 3180 1709 fructum
3216 1666 3312 1722 per
3355 1648 3613 1719 epistolas

2037 1755 2202 1811 dabat
2233 1770 2247 1807 :
2278 1750 2488 1822 populis
2539 1748 2791 1805 omnibus
2836 1755 2943 1800 tam
2985 1758 3147 1815 agros
3176 1756 3337 1812 quam
3365 1740 3626 1796 civitates

2038 1844 2442 1909 habitantibus,
2494 1840 2846 1912 pecuniarum
2900 1834 3100 1894 effusas
3150 1833 3464 1903 largitiones
3497 1830 3613 1885 fieri

365 1899 758 2008 ετοῦςναῦτοῦ-
771 1899 1050 2011 βασιλείας
1068 1953 1083 1968 ο
1113 1899 1503 2003 ,ἑκκαιδεκάτῳ
1523 1899 1637 2002 ’μὲν
1653 1899 1667 1909 ’
1683 1899 1805 1981 Ϋέτει
1842 1926 1938 1980 καὶ

2054 1938 2282 2005 iubebat.
2337 1934 2450 1991 Hoc
2497 1932 2658 1988 modo
2707 1929 3027 1985 vicesimum
3087 1927 3169 1981 sui
3204 1925 3356 1995 regni
3411 1935 3615 1977 annum

370 2038 535 2108 μησὶν
563 2033 624 2098 ἓξ
653 2033 755 2102 τῆς
778 2030 1056 2101 βασιλείας
1078 2025 1267 2091 αὐτοῦ,
1293 2023 1473 2087 καθὼς
1502 2022 1596 2076 καὶ
1632 2017 1890 2090 ἀνωτέρω
1909 2019 1938 2070 ό

364 2128 523 2196 λόγος
576 2124 848 2189 ἀπέδειξε,
899 2123 1045 2177 κατὰ
1084 2119 1157 2175 τὰ
1202 2117 1409 2172 παλαιά
1451 2115 1789 2185 διηγήματα,
1839 2109 1939 2181 τὴν

369 2221 530 2290 ἁγίαν
557 2217 667 2272 τῶν
697 2215 1010 2271 ἐπισκόπων
1032 2211 1387 2284 συναθροίσας
1420 2207 1658 2263 σύνοδον.
1694 2201 1942 2273 Εἰκοστῷ

368 2312 425 2366 δέ
462 2313 571 2365 ἐτει
610 2308 980 2363 διαλυσάντων
1007 2305 1072 2359 τὸ
1101 2304 1202 2374 τῆς
1236 2302 1456 2355 συνόδου
1497 2297 1792 2367 συνέδριον,
1849 2294 1942 2348 ἁν-

371 2404 564 2457 έλυσεν
600 2401 832 2454 ἐκαστον
862 2399 942 2461 είς
967 2396 1068 2460 τὰς
1089 2394 1223 2456 ἰδίας
1253 2389 1566 2462 παροικίας,
1598 2385 1782 2449 καθὼς
1808 2399 1944 2455 προ-

370 2490 755 2547 ανατέτακται.
801 2484 946 2554 Ἐγὼ
983 2484 1042 2538 δέ
1067 2482 1138 2537 τὰ
1190 2482 1250 2533 ἐν
1283 2480 1423 2550 αὐτῇ
1464 2480 1533 2549 τῇ
1563 2476 1697 2548 ἁγίᾳ
1742 2474 1946 2545 συνόδῳ

370 2583 500 2654 περὶ
523 2581 632 2636 τῶν
664 2581 764 2651 τῆς
792 2574 1092 2646 καθολικῆς
1118 2574 1213 2627 καὶ
1244 2569 1529 2644 ὀρθοδόξου
1557 2567 1817 2632 πίστεως,
1848 2568 1946 2636 τῆς

369 2690 429 2726 τε
453 2672 752 2743 σεϐασμίου
786 2666 985 2740 ἑορτῆς
1029 2663 1124 2718 τοῦ
1159 2662 1315 2731 ἀγίου
1363 2662 1575 2732 Πάσχα,
1604 2658 1714 2712 τῶν
1755 2673 1817 2712 τε
1848 2656 1948 2726 τῆς

373 2762 835 2834 ἐκκλησιαστικῆς
857 2759 1008 2822 θείας
1035 2756 1380 2826 λειτουργίας
1399 2751 1806 2814 διατυπώσεων,
1838 2746 1948 2801 τῶν

370 2873 433 2909 τε
468 2856 599 2924 περὶ
629 2853 741 2923 τῆς.
758 2853 817 2904 ἐν
846 2851 984 2919 αὐτῇ
1016 2846 1274 2912 εὐταξίας
1303 2846 1545 2901 κανόνων
1573 2840 1831 2912 κριθέντα
1855 2839 1950 2894 καὶ

372 2943 659 3016 ὁρισθέντα
691 2941 919 3007 ἐντάξας
950 2941 1091 2995 κατὰ
1126 2939 1375 3010 δύναμιν,
1405 2934 1536 3008 τῇδε
1563 2936 1628 3006 τῇ
1659 2931 1952 3003 ἐκκλησια-

374 3036 534 3106 στικῇ
581 3031 837 3104 Ἱστορίᾳ,
885 3031 1025 3103 πρὸς
1075 3027 1458 3099 πληρεστάτην
1507 3023 1808 3094 ἀσφάλειαν
1843 3021 1954 3075 τῶν

376 3122 779 3194 ἐντευξομένων
820 3119 956 3191 τῷδε
996 3117 1075 3188 τῷ
1114 3117 1427 3189 γράμματι,
1471 3112 1708 3167 ἐνταῦθα
1776 3128 1952 3166 κατα·-

376 3217 574 3272 παύσω
601 3214 691 3267 τὸν
713 3212 875 3281 λόγον
897 3228 913 3243 θ
941 3209 1011 3264 τὰ
1031 3207 1198 3262 λοιπὰ
1229 3206 1325 3260 τοῦ
1357 3204 1715 3274 πανευφήμου
1741 3205 1838 3256 καὶ
1860 3218 1955 3256 πι-

378 3308 638 3364 στοτάτου
667 3301 936 3376 βασιλέως
971 3298 1172 3369 εὐσεϐῆ
1202 3298 1344 3367 ὑπὲρ
1384 3296 1488 3365 τῆς
1519 3295 1757 3358 πίστεως
1786 3310 1957 3347 σπου-

375 3402 632 3472 δάσματα
667 3399 726 3452 ἐν
767 3395 941 3467 τρίτῳ
981 3390 1288 3457 κατατάξαι
1321 3387 1547 3444 συνιδὼν
1584 3386 1957 3457 συντάγματι,

379 3498 460 3558 εἰς
482 3492 641 3558 δόξαν
660 3489 755 3544 τοῦ
777 3491 999 3545 πάντων
1023 3484 1180 3558 ἡμῶν
1202 3482 1457 3554 Σωτῆρος
1475 3476 1738 3552 Χριστοῦ,
1766 3476 1861 3532 καὶ
1883 3478 1961 3540 είς

381 3581 794 3655 ἐναργεστάτην
821 3578 1098 3645 ἀπόδειξιν
1119 3579 1219 3648 τῆς
1245 3575 1341 3629 τοῦ
1372 3571 1701 3628 πιστοτάτου
1732 3569 1828 3624 τοῦ
1869 3568 1963 3639 βα-

386 3673 580 3738 σιλέως
599 3670 903 3736 εὐσεδείας.
937 3670 1151 3724 Ἐκεῖνο
1193 3666 1352 3740 μόνον
1378 3664 1699 3738 προσθεῖναι
1728 3660 1965 3717 ἐνταῦθα

384 3767 681 3834 ἀναγκαῖον
713 3762 900 3836 ᾠήθην
933 3778 947 3793 ·
978 3761 1054 3833 μὴ
1097 3758 1379 3832 πάρεργον
1420 3756 1792 3829 ἡγησάμενος,
1829 3752 1966 3808 ἀλλὰ

386 3860 483 3913 καὶ
506 3856 627 3911 λίαν
662 3854 924 3926 ἁρμόδιον
942 3868 957 3883 ·
986 3853 1058 3908 τὰ
1086 3851 1198 3906 τῶν
1229 3848 1546 3904 ἐπισκόπων
1572 3846 1835 3919 ὀνόματα,
1857 3844 1967 3900 τῶν

391 3949 496 4002 ὑπὸ
516 3947 609 4001 τοῦ
632 3946 817 4001 κοινοῦ
848 3946 1068 4008 πάντων
1091 3944 1200 3998 τῶν
1220 3943 1539 3997 ἐπισκόπων
1565 3941 1646 4004 είς
1668 3939 1770 4003 τὰς
1793 3939 1967 3993 ἁπαν-

391 4037 559 4110 ταχοῦ
588 4037 696 4108 γῆς
737 4038 1006 4109 ἐπαρχίας
1040 4035 1375 4090 σταλέντων⁸
1413 4033 1482 4087 δι’
1518 4026 1596 4088 ὧν
1634 4029 1706 4086 τὰ
1741 4031 1846 4085 ὑπὸ
1870 4029 1972 4100 τῆς

395 4129 616 4185 συνόδου
647 4126 927 4199 κριθέντα,
952 4128 1042 4182 διὰ
1074 4124 1369 4180 συνοδικῶν
1408 4123 1713 4178 ἐπιστολῶν
1742 4119 1973 4176 καὶτῶν

392 4223 488 4277 τοῦ
523 4222 885 4294 πανευφήμου
922 4218 1188 4291 βασιλέως
1226 4215 1594 4289 γραμμάτων,
1644 4213 1851 4277 πάσαις
1893 4211 1973 4265 δι-

392 4315 677 4387 επέμψατο
705 4317 825 4379 ταῖς
853 4314 958 4368 ὑπὸ
974 4311 1068 4368 τὸν
1089 4310 1318 4383 οὐρανὸν
1339 4308 1525 4378 ἁγίαις
1550 4305 1646 4360 τοῦ
1671 4302 1806 4358 Θεοῦ
1847 4303 1973 4359 Ἐκ-

393 4408 671 4480 κλησίαις,
720 4408 801 4470 εἰς
832 4405 989 4470 δόξαν
1033 4402 1129 4458 τοῦ
1167 4401 1304 4457 Θεοῦ
1351 4401 1447 4456 καὶ
1495 4397 1589 4453 τοῦ
1631 4396 1762 4451 Υίοῦ
1806 4394 1974 4449 αὐτοῦ

407 4497 587 4568 Ἰησοῦ
635 4496 874 4568 Χριστοῦ
919 4496 1016 4549 τοῦ
1062 4494 1270 4567 Κυρίου
1320 4494 1500 4566 ἡμῶν,
1547 4488 1774 4547 καὶτοῦ
1816 4487 1976 4558 ἁγίου

398 4587 743 4658 Πνεύματος.
793 4587 991 4658 Ἀμήν.

2006 4597 2053 4654 D

2044 2023 2460 2085 condecorabat.
2509 2021 2679 2078 Sexto
2705 2018 2921 2089 quidem
2953 2016 3164 2072 decimo
3211 2029 3354 2077 anno
3379 2020 3436 2069 et
3464 2019 3620 2067 sexto

2044 2131 2233 2173 mense
2277 2114 2430 2185 regni
2462 2111 2544 2166 sui
2563 2151 2580 2179 ,
2610 2109 2765 2180 juxta
2807 2114 3024 2165 veteres
3053 2106 3342 2173 historias,
3370 2113 3429 2158 ut
3457 2114 3622 2172 supra

2046 2209 2304 2273 diximus,
2340 2215 2586 2261 sanctum
2622 2203 3001 2273 episcoporum
3051 2196 3342 2253 concilium
3395 2206 3620 2262 congre-

2046 2301 2214 2371 gavit.
2256 2300 2414 2355 Anno
2447 2312 2578 2353 vero
2607 2294 2869 2351 vicesimo
2898 2306 3021 2348 cum
3052 2288 3245 2362 synodi
3294 2290 3621 2341 conventum

2050 2391 2406 2456 dissolvisset,
2437 2389 2493 2444 in
2513 2402 2642 2443 suas
2663 2385 2952 2456 partecias,
2979 2390 3040 2438 ut
3065 2381 3266 2436 dictum
3292 2384 3396 2441 est,
3428 2388 3624 2431 unum-

2049 2497 2321 2555 quemque
2354 2480 2584 2536 dimisit.
2631 2479 2748 2550 Ego
2782 2484 2984 2539 autem,
3038 2487 3159 2543 qua:
3200 2470 3257 2525 in
3288 2470 3405 2541 ipsa
3436 2476 3625 2523 sancta

2051 2573 2261 2647 synodo
2289 2572 2355 2628 de
2373 2569 2639 2628 catholica
2670 2576 2724 2621 et
2749 2563 3050 2641 orthodoxa
3085 2562 3214 2628 fide,
3242 2568 3295 2616 et
3322 2556 3627 2613 veneranda

2053 2668 2222 2726 sancti
2256 2664 2540 2722 Paschalis
2572 2662 2893 2726 festivitate,
2949 2658 3016 2714 de
3059 2653 3227 2712 divini
3274 2648 3630 2708 ecclesiastici
3676 2673 3685 2678 -

2054 2761 2215 2818 officii
2271 2754 2752 2815 constitutionibus
2773 2793 2790 2817 ,
2819 2760 2874 2807 et
2902 2750 2967 2806 de
3012 2748 3182 2820 ipsius
3214 2743 3511 2814 disciplinae
3541 2754 3633 2797 ca-

2057 2852 2290 2908 nonibus
2311 2849 2551 2919 iudicata
2597 2854 2653 2900 et
2687 2844 2907 2899 definita
2943 2849 3091 2905 sunt,
3122 2853 3246 2894 cum
3277 2838 3344 2891 ad
3379 2833 3634 2905 plenissi-

2059 2958 2201 2997 mam
2238 2954 2427 2995 eorum
2478 2936 2827 2992 securitatem
2867 2931 2959 3003 qui
2996 2931 3099 2985 hoc
3148 2927 3355 2996 scripto
3386 2930 3631 2985 utentur,

2060 3037 2112 3090 in
2146 3035 2246 3089 hac
2274 3027 2642 3087 ecclesiastica
2675 3024 2939 3091 Historia,
2978 3030 3039 3076 ut
3079 3018 3253 3090 potui,
3283 3016 3473 3071 ordine
3507 3026 3637 3081 pro-

2060 3124 2358 3196 posuerim,
2406 3120 2537 3176 huic
2582 3115 2819 3173 sermoni
2863 3114 3028 3167 linem
3072 3110 3344 3179 imponam
3378 3121 3392 3158 :
3428 3101 3636 3169 reliqua

2062 3191 2286 3286 prorsus
2318 3208 2603 3266 laudabilis
2635 3215 2796 3276 atque
2829 3201 3130 3258 fidelissimi
3163 3194 3513 3266 imperatoris
3549 3191 3634 3261 pia

2059 3322 2158 3380 pro
2205 3305 2310 3360 ﬁde
2352 3302 2527 3359 studia
2577 3300 2632 3354 in
2687 3296 2852 3352 tertio
2890 3289 3284 3348 commentario
3335 3286 3636 3341 relaturum

2062 3376 2148 3456 me
2195 3405 2474 3468 reputans,
2523 3393 2577 3447 in
2613 3389 2837 3462 gloriam
2869 3385 3112 3441 omnium
3142 3391 3390 3437 nostrum
3445 3376 3641 3431 Salva-

2064 3491 2196 3547 toris
2221 3486 2446 3553 Christi,
2473 3493 2530 3540 et
2556 3484 2608 3538 in
2640 3477 3137 3535 manifestissimum
3166 3471 3386 3545 pietatis
3411 3470 3641 3525 demon-

2062 3583 2381 3641 strationem
2418 3573 2759 3651 imperatoris
2813 3568 2981 3626 nostri
3019 3564 3341 3622 fidelissimi.
3374 3562 3508 3617 illud
3547 3576 3640 3616 so-

2063 3678 2172 3732 lum
2203 3675 2293 3731 hic
2320 3671 2518 3727 addere
2550 3666 2920 3722 necessarium
2954 3660 3266 3715 existimavi
3304 3658 3454 3725 (non
3484 3662 3641 3709 extra

2064 3782 2179 3825 rem
2228 3776 2350 3821 esse
2389 3759 2711 3821 arbitratus,
2758 3754 2855 3810 sed
2899 3751 3054 3807 valde
3105 3747 3575 3804 accommodatum
3598 3744 3641 3808 l,

2066 3870 2255 3914 eorum
2285 3851 2495 3909 scilicet
2539 3847 2917 3918 episcoporum
2970 3838 3213 3903 nomina,
3252 3835 3344 3906 qui
3375 3849 3441 3889 ex
3492 3846 3646 3886 com-

2069 3947 2218 4005 muni
2245 3945 2486 4001 omnium
2518 3939 2899 4011 episcoporum
2952 3944 3218 3985 consensu
3254 3928 3307 3982 in
3340 3924 3647 3996 provincias

2070 4040 2268 4109 ubique
2298 4045 2568 4092 terrarum
2617 4027 2767 4084 missi
2807 4033 2936 4081 sunt
2970 4040 2985 4077 :
3020 4036 3119 4092 per
3152 4034 3289 4090 quos
3318 4032 3439 4088 qua:
3479 4031 3509 4070 a
3552 4030 3647 4086 sy-

2072 4107 2213 4189 nodo
2262 4129 2479 4184 fuerant
2521 4121 2759 4195 }udicata
2787 4158 2801 4184 ,
2834 4131 2930 4188 per
2977 4114 3265 4186 synodicae
3318 4107 3575 4180 epistolas
3594 4114 3651 4161 et

2074 4218 2429 4280 laudatissimi
2482 4217 2625 4286 regis
2678 4214 2886 4267 litteras
2914 4247 2930 4273 ,
2977 4207 3043 4261 ad
3072 4217 3263 4261 omnes
3291 4209 3512 4257 satietas
3548 4199 3648 4252 sub

2074 4315 2211 4371 malo
2239 4310 2334 4368 Dei
2365 4308 2636 4365 Ecclesias
2665 4312 2793 4360 sunt
2829 4299 3170 4361 transmissa,
3206 4295 3260 4349 in
3292 4292 3519 4364 gloriam
3555 4289 3652 4344 Dei
3753 4297 3759 4303 ‘

2075 4405 2271 4467 Patris,
2304 4410 2359 4459 et
2394 4400 2518 4456 Filii
2545 4397 2664 4468 eius
2695 4395 2822 4452 Jesu
2873 4384 3328 4448 Christi'Domini
3366 4380 3564 4448 nostri,
3597 4390 3656 4436 et

2077 4497 2250 4554 sancti
2281 4493 2538 4564 Spiritus.
2567 4489 2762 4546 Amen.

398 4723 747 4793 Κατάλοτος
786 4720 907 4776 τῶν
946 4719 1131 4793 ἁγίων
1165 4719 1534 4793 ἐπισκόπων,
1584 4710 1774 4793 διίῶις
1795 4717 1832 4786 ἠ
1857 4715 1949 4770 ai):

2080 4717 2369 4788 Catalogus
2403 4711 3129 4793 sanctorumHepiscopormg,
3166 4718 3257 4774 per
3277 4717 3407 4772 quos
3446 4707 3654 4781 sancte,

470 4787 679 4859 αὐτοῖς
699 4787 770 4846 ἐν
796 4787 1011 4858 Νικαίᾲ
1034 4790 1173 4859 ἁγία
1207 4789 1305 4842 καὶ
1325 4788 1558 4856 μεγάλη
1586 4787 1691 4859 καί
1708 4789 1981 4859 οἰκουρε-

473 4864 616 4933 νικὴ
654 4855 926 4933 σύνοδος
963 4855 1091 4933 ταῖς
1135 4860 1250 4933 ᾀνὰ
1279 4855 1405 4933 ,τὴν
1451 4855 1815 4933 οἰκοριιένητ
1856 4857 1982 4933 Ρίιτ

472 4922 757 5003 minoia";
799 4922 1090 5003 τοῦίΘεοῧ
1126 4922 1493 5003 διεπέμψατο
1530 4922 1706 5003 cf:
1728 4923 1882 4990 αὐτῇ
1907 4922 1981 4977 δι’

478 4996 677 5061 αὐτῶν
704 4996 1026 5074 κεκριμένα
1051 4999 1172 5056 ὑπὸ
1201 4998 1308 5053 τοῦ
1330 4998 1504 5067 ἁγίου
1538 4996 1908 5064 Πνεύματος.

480 5142 668 5205 Ὅσιος
696 5141 997 5205 ἐπίσκοπος
1025 5136 1379 5209 Κουρδούϐης
1409 5136 1529 5199 ταῖς
1567 5133 1709 5187 κατὰ
1742 5130 1983 5202 Ῥώμην,

2152 4770 2424 4858 magno—et
2451 4770 3026 4858 iuniversalis'synodus
3056 4775 3104 4830 Ν
3112 4770 3251 4858 iorem;
3272 4770 3453 4858 coacta
3472 4770 3669 4854 ,"mt'sit.

2154 4840 2395 4912 omnibus
2440 4857 2498 4908 in
2539 4863 2648 4908 toto
2685 4853 2804 4905 orbe
2825 4840 3109 4904 Vtcrrurum
3154 4843 3248 4896 Dei
3296 4840 3543 4896 Ecclesiis
3573 4854 3673 4912 θα..

2153 4909 2364 4997 autem;
2407 4925 2533 4992 ipsis
2580 4938 2672 4992 per
2712 4921 2973 4989 Spiritum
3015 4925 3254 4971 sanctum
3283 4912 3337 4967 in
3375 4929 3437 4966 ea
3461 4909 3661 4964 consti-

2157 5007 2273 5050 tuta
2299 5003 2444 5051 sunt.

2154 5110 2317 5187 Osius
2357 5128 2639 5197 episcopus
2685 5123 2949 5179 Cordubae
2968 5159 2985 5187 ,
3014 5118 3221 5176 sanctis
3250 5115 3343 5170 Dei
3374 5110 3670 5177 Ecclesiis,

408 5235 505 5288 καὶ
544 5202 798 5297 Ἰταλίαν,
840 5234 936 5287 καὶ
966 5202 1208 5283 Σπανίαν
1250 5202 1451 5293 πᾶσαν,
1493 5226 1589 5279 καὶ
1622 5226 1743 5287 ταῖς
1786 5226 1844 5277 ἐν
1875 5225 1949 5276 rei

2086 5236 2205 5292 qua:
2241 5221 2431 5277 Romae
2472 5227 2620 5283 sunt,
2669 5224 2724 5271 et
2768 5214 2921 5269 Italia
2962 5221 3017 5269 et
3068 5209 3323 5281 Hispania
3355 5215 3489 5269 tota,
3516 5211 3573 5258 et
3606 5202 3671 5256 ἱίι

409 5326 615 5383 λοιποῖς
647 5324 826 5378 ἔθνεσι
858 5326 972 5387 τοῖς
1001 5322 1260 5375 ἐπέκεινα
1283 5320 1404 5373 κατ’
1437 5318 1539 5389 ἐμὲ
1577 5312 1725 5370 οὖσιν
1760 5316 1862 5378 ἕως
1886 5313 1982 5368 τοῦ

424 5415 706 5481 Ὠκεανοῦ,
732 5415 918 5483 ἁγίαις
938 5412 1033 5467 τοῦ
1058 5411 1194 5466 Θεοῦ
1237 5408 1605 5479 Ἐκκλησίαις,
1634 5407 1725 5461 διὰ
1755 5406 1863 5460 τῶν
1887 5406 1982 5459 σὺν

412 5507 562 5579 αὐτῷ
600 5505 990 5580 πρεσϐυτέρων
1028 5503 1249 5576 Ῥώμης
1284 5503 1514 5564 Βίτωνος
1553 5501 1646 5555 καὶ
1682 5498 1982 5553 Βικεντίου.

499 5681 847 5753 Ἀλέξανδρος
900 5677 1306 5750 ’Ἀλεξανδρείας
1357 5678 1451 5731 σὺν
1508 5676 1807 5747 Ἀθανασίῳ
1858 5676 1976 5730 τότε

487 5860 603 5935 (29)
643 5860 759 5919 Lib.
791 5874 854 5916 ιιι
882 5859 953 5916 De
981 5859 1084 5913 vita
1123 5856 1429 5923 Constant,
1471 5870 1591 5926 cap,
1632 5854 1721 5919 2|,
1755 5854 1844 5908 ἐξ.

2089 5312 2313 5383 reliquis
2368 5310 2593 5365 ulterius
2652 5306 2964 5362 nationibus
3034 5316 3205 5373 usque
3267 5299 3332 5354 ad
3387 5296 3680 5352 Oceanum:

2091 5403 2575 5467 commorantibus,
2605 5416 2701 5469 per
2725 5415 2818 5454 eos
2845 5399 2933 5467 qui
2962 5412 3083 5452 cum
3109 5396 3228 5465 ipso
3255 5403 3429 5455 erant,
3463 5390 3669 5443 Roma~

2093 5511 2195 5551 nos
2226 5496 2568 5565 presbyteros
2608 5490 2858 5546 Yitunem
2892 5489 3117 5562 [Vitunt,
3149 5502 3242 5542 seu
3274 5478 3573 5552 Victorem]
3613 5487 3677 5536 et

2097 5586 2467 5642 Vincentium.

2154 5677 2461 5733 Alexander
2500 5672 2843 5730 Alexandria:
2905 5685 3025 5725 cum
3071 5667 3381 5723 Athanasio
3405 5674 3533 5719 tunc
3579 5675 3683 5714 ar-
