4072 6440
427 790 436 889 ἓ

503 429 639 492 1M3

1769 422 2067 483 GELASII
2107 418 2451 481 CYZlCENl‘

3621 397 3759 467 1344

502 538 842 600 cltidiacono,
872 534 1129 591 Ecclesiis
1162 548 1257 602 per
1302 540 1469 586 totam
1502 529 1819 601 Egyptum,
1844 528 2069 598 Libyam

2188 526 2536 595 ὶρχιδιακὸνῳ
2558 522 2694 587 θντι,
2718 518 2840 583 ταῖς
2864 517 2984 571 κατ’
3008 514 3283 584 Αἴγυπτον
3304 511 3502 602 πᾶσαν,
3537 509 3633 564 καὶ
3658 513 3755 565 Λι-

502 639 554 683 ct
607 626 977 695 Pentapolim,
1032 633 1088 681 et
1132 600 1384 695 regiones
1435 600 1715 686 finitimas,
1775 635 1944 688 usque
2001 620 2068 675 ad

2188 616 2336 684 δύην,
2373 614 2468 668 καὶ
2507 610 2862 671 Πεντάπολιν,
2907 608 3002 661 καὶ
3039 605 3108 659 τὰ
3151 606 3327 676 ὅμορα
3375 600 3608 668 τούτοις,
3651 601 3758 665 ἕως

502 718 661 773 India!
688 716 1016 788 provincias.

572 808 839 864 Macarius
870 807 1362 877 Hierosolymorum
1395 813 1516 860 cum
1546 806 1783 861 Eusebio
1811 802 2077 872 Pamphili

501 902 753 971 episcopo
775 900 1037 955 Cursarem
1058 899 1377 964 Palmslinze,
1404 898 1662 953 Ecclesiis
1688 898 1742 952 in
1769 895 2075 961 Palmstina,

501 992 701 1046 Arabia
729 1001 781 1045 et
813 990 1113 1047 Phtnnicia.

576 1084 914 1148 Eustathius,
935 1085 1219 1152 episcopus
1243 1080 1544 1136 Antiochia:
1574 1094 1799 1149 magnae,
1827 1079 2081 1133 omnibus

506 1172 559 1225 in
591 1170 912 1242 leesyria,
939 1171 990 1224 in
1012 1169 1421 1239 Mesopotamia,
1456 1163 1720 1222 etCilicia
1754 1174 2007 1234 utraque.

575 1345 810 1401 Joannes
840 1343 1028 1411 Persa,
1066 1346 1321 1402 Ecclesiis
1348 1346 1400 1401 in
1437 1355 1546 1402 tota
1576 1345 1761 1402 Persia
1800 1358 1856 1402 et
1885 1360 2080 1417 magna

507 1438 677 1492 India.

584 1527 838 1584 Leontius
878 1527 1138 1585 Caesarea:
1189 1526 1569 1597 Cappadociae,
1613 1542 1862 1598 magnum
1906 1526 2087 1581 Eccle-

507 1617 602 1673 siae
653 1618 861 1673 Domini
904 1628 1303 1681 ornamentum,
1358 1617 1613 1673 Ecclesiis
1644 1618 1695 1672 in
1729 1619 1916 1673 eadem
1944 1618 2082 1689 Cap-

507 1709 755 1779 padocia,
784 1708 1016 1776 Galatia,
1047 1710 1217 1766 Ponto
1255 1708 1553 1779 Diosponti,
1614 1706 1998 1781 Paphlagonia,
2030 1712 2084 1766 in

509 1798 682 1854 Ponto
720 1798 1027 1857 Polemaico
1060 1796 1509 1874 [Polemoniaco],
1543 1797 1801 1854 Armenia
1828 1815 1995 1870 parva
2029 1811 2085 1857 et

510 1904 722 1961 magna.

578 1980 828 2038 Thconas
881 1982 1095 2055 Cyzici,
1130 1984 1389 2043 Ecclesiis
1439 1987 1495 2043 in
1553 1988 1705 2051 Asia,
1760 1992 1814 2039 et
1862 1982 2077 2038 llelles-

512 2082 699 2140 ponto,
746 2082 801 2127 et
843 2072 1043 2145 Lydia,
1081 2086 1137 2131 et
1184 2076 1365 2143 Caria,
1401 2093 1496 2148 per
1542 2078 1826 2146 episcopos
1855 2074 1947 2142 qni
1986 2073 2090 2128 sub

514 2164 630 2234 ipso
647 2173 822 2229 erant,
843 2165 1166 2238 Eutycbium
1188 2168 1451 2242 Smyrna’,
1475 2179 1529 2225 et
1548 2167 1812 2223 Marinum
1836 2163 2084 2223 Troadis.

582 2255 885 2311 Alexander
922 2257 1353 2325 Thessalonica,
1398 2274 1493 2330 per
1543 2273 1638 2314 eos
1683 2256 1775 2327 qui
1822 2254 1924 2310 sub
1968 2254 2087 2324 ipso

513 2357 823 2414 censentur,
880 2348 1139 2407 Ecclesiis
1183 2351 1238 2405 in
1299 2350 1617 2407 Macedonia
1674 2347 1846 2418 prima
1904 2355 1960 2401 et
2004 2362 2089 2403 se-

514 2441 709 2504 cunda,
761 2457 883 2496 cum
937 2443 1004 2499 iis
1034 2458 1155 2513 qua:
1184 2444 1237 2499 in
1270 2442 1478 2498 Graecia
1526 2452 1580 2497 et
1612 2440 1822 2510 Europa
1856 2447 1990 2505 tota,
2026 2438 2081 2493 in

513 2542 745 2601 utraque
788 2533 1034 2605 Scythia,
1073 2544 1130 2591 et
1170 2535 1420 2591 omnibus
1458 2534 1692 2605 denique
1734 2533 1793 2587 in
1837 2530 2077 2602 Illyrico,

516 2618 790 2677 Thessalia
821 2634 876 2678 et
907 2626 1135 2680 Achaia.

590 2712 940 2775 Num-chius.
987 2714 1268 2772 Laodiceae
1324 2716 1613 2786 episcopus
1661 2714 1921 2771 Ecclesiis
1969 2727 2086 2785 qua:

515 2807 570 2862 in
599 2806 831 2878 Phrygia
865 2807 1037 2877 prima
1071 2815 1125 2862 et
1154 2808 1413 2863 secunda.

587 2896 914 2968 Protogenes
943 2896 1033 2951 ille
1068 2895 1401 2953 admirabilis
1424 2896 1666 2953 Sardica:
1694 2896 1934 2953 civitatis
1973 2895 2085 2965 epi-

512 3004 726 3059 scopus,
758 2989 811 3042 in
842 2989 1001 3044 Dacia
1030 2989 1167 3062 (50),
1195 2987 1442 3045 Calabria
1467 3028 1485 3056 ,
1518 2989 1807 3055 Dardania,
1857 2998 1913 3043 et
1965 3001 2089 3059 pro-

514 3083 711 3137 vinciis
740 3076 1007 3139 linitimis.

2178 709 2286 763 τῶν
2322 710 2423 780 τῆς
2470 707 2658 769 Ἰνδίας
2688 702 2988 774 ἐπαρχιῶν.

2249 803 2532 871 Μακάριος
2568 795 2828 868 Ὶεροσολύ
2835 811 2955 864 μων
2978 794 3077 846 σὺν
3102 788 3347 858 Εὐσεϐίῳ
3368 787 3446 858 τῷ
3468 787 3757 857 Παμφίλου

2180 894 2467 961 έπισκόπῳ
2498 887 2856 958 Καισαρείας,
2904 885 3023 948 ταῖς
3066 881 3213 937 κατὰ
3241 879 3628 951 Παλαιστίνην,
3660 878 3761 933 καὶ

2194 985 2456 1056 Ἀραῦίαν
2488 981 2585 1037 καὶ
2608 979 2889 1049 Φοινίκην.

2255 1072 2556 1136 Εὖστάθιος
2617 1068 2950 1138 ’Δντιοχείας
2998 1065 3099 1135 τῆς
3150 1062 3396 1133 μεγάλης
3450 1062 3572 1123 ταῖς
3615 1062 3762 1113 κατὰ

2182 1167 2384 1240 Συρίαν
2412 1164 2625 1235 κοίλην,
2649 1162 2745 1216 καὶ
2773 1155 3202 1226 Μεσοποταμίαν
3238 1154 3440 1217 πᾶσαν,
3474 1152 3571 1205 καὶ
3605 1151 3761 1204 Κιλι-

2183 1260 2307 1312 κίαν
2350 1254 2642 1325 ἑκατέραν.

2267 1350 2519 1416 Ἰωάννης
2568 1346 2783 1414 Πέρσης
2821 1340 2920 1410 τῆς
2967 1339 3027 1392 ἐν
3077 1337 3301 1409 Περσίδι
3333 1337 3508 1408 πάσῃ,
3560 1338 3654 1390 καὶ
3693 1339 3760 1406 τῇ

2188 1441 2398 1513 μεγάλη
2440 1437 2621 1506 Ἰνδία.

2256 1533 2507 1593 Λεόντιος
2558 1527 2898 1598 Καισαρείας
2942 1521 3362 1587 Καππαδοκίας,
3391 1521 3453 1574 τὸ
3493 1520 3595 1589 τῆς
3637 1521 3764 1572 Ἐκ-

2185 1624 2417 1697 κλησίας
2462 1622 2558 1677 τοῦ
2588 1620 2796 1692 Κυρίου
2840 1618 3223 1688 καλλώπισμα,
3252 1615 3372 1677 ταῖς
3419 1614 3539 1666 κατ’
3591 1612 3764 1682 αὐτὴν

2186 1714 2607 1776 Καππαδοκίαν,
2656 1710 2945 1772 Γαλατίαν,
3000 1706 3199 1760 Πόντον
3248 1701 3598 1766 Διοσπόντου,
3649 1704 3763 1757 Πα-

2188 1807 2503 1878 φλαγονίαν,
2537 1804 2737 1857 Πόντον
2761 1798 3103 1868 Πολεμαῖκὸν
3127 1789 3594 1868 [πολεμονιακδν],
3636 1793 3765 1862 Ἀρ-

2119 1882 2164 1937 B
2193 1900 2386 1972 μενίαν
2419 1895 2621 1969 μικρὰν
2659 1894 2752 1948 καὶ
2784 1889 3048 1963 μεγάλην.

2257 1989 2474 2050 Θεωνᾶς
2505 1986 2743 2052 Κυζίκου
2770 1985 2888 2047 ταῖς
2905 1981 3046 2035 κατὰ
3067 1978 3165 2050 τὴν
3203 1978 3386 2031 Ἀσίαν
3415 1979 3512 2030 καὶ
3543 1975 3767 2045 Ἑλλήσ-

2189 2099 2407 2148 ποντον,
2435 2080 2631 2136 Λυδίαν
2663 2095 2746 2144 τε,
2812 2078 2909 2132 καὶ
2948 2074 3184 2146 Καρίαν,
3217 2071 3307 2125 διὰ
3338 2068 3448 2123 τῶν
3480 2070 3572 2122 ὑπ’
3606 2068 3767 2121 αὑτὸν

2189 2178 2508 2234 ἐπισκόπων
2530 2172 2793 2243 Εὐτυχίου
2815 2169 3093 2240 Σμύρνης,
3113 2166 3206 2220 καὶ
3227 2162 3474 2234 Μαρίνου
3492 2160 3764 2231 Τρωάδος.

2272 2266 2620 2336 Ἀλέξανδρος
2663 2259 3062 2328 Θεσσαλονίκης
3103 2255 3191 2309 διὰ
3224 2254 3331 2308 τῶν
3365 2253 3455 2307 ὑπ’
3484 2250 3649 2305 αὑτὸν
3675 2266 3765 2302 τε-

2190 2359 2447 2424 λούντων,
2476 2359 2595 2419 ταῖς
2627 2353 2771 2408 κατὰ
2815 2350 3157 2407 Μακεδονίαν
3198 2346 3418 2417 πρώτην
3460 2346 3555 2399 καὶ
3584 2343 3770 2398 δευτὲ·

2193 2468 2313 2525 ραν,
2349 2451 2447 2505 σὺν
2488 2450 2554 2519 τῇ
2596 2445 2828 2511 Ἑλλάδι,
2859 2443 2963 2513 τήν
2997 2458 3057 2495 τε
3099 2439 3366 2509 Εὐρώπην
3397 2439 3599 2503 πᾶσαν,
3630 2436 3768 2489 Σκυ-

2192 2543 2314 2598 θίαν
2355 2540 2646 2611 ἑκατέραν,
2694 2537 2792 2592 καὶ
2836 2538 2958 2599 ταῖς
2985 2532 3127 2587 κατὰ
3171 2531 3233 2587 τὸ
3274 2527 3572 2600 Ἰλλυρικὸν
3622 2528 3767 2581 άπά-

2193 2652 2333 2697 σαις,
2365 2630 2671 2685 Θεσσαλίαν
2693 2645 2753 2681 τε
2790 2627 2886 2681 καὶ
2928 2625 3171 2695 ’Δχαΐαν.

2260 2720 2555 2790 Νουνέχιος
2580 2716 2903 2780 Λαοδικείας
2929 2716 3050 2777 ταῖς
3073 2712 3215 2767 κατὰ
3234 2711 3332 2781 τὴν
3355 2713 3598 2782 Φρυγίαν
3620 2708 3769 2780 πρὼε

2190 2830 2289 2885 την
2320 2812 2417 2866 καὶ
2447 2811 2731 2881 δευτέραν.

2260 2902 2619 2976 Πρωτογένης
2663 2903 2693 2955 ὁ
2732 2898 3040 2969 θαυμάσιος
3092 2897 3303 2959 πόλεως
3342 2894 3627 2965 Σαρδικῆς,
3663 2892 3767 2962 τῆς

2188 2999 2245 3052 έν
2275 2997 2450 3067 Δακίᾳ⁴
2477 2992 2765 3064 Καλαυρίᾳ
2788 2990 2925 3062 (55),
2949 2987 3237 3061 Δαρδανία,
3268 2984 3366 3039 καὶ
3395 2986 3510 3047 ταῖς
3536 2982 3762 3052 ὁμόροις

2189 3089 2421 3152 τούτοις.

583 3174 940 3242 Cmt-ilianus,
996 3174 1441 3246 Carthaginensis
1494 3175 1824 3244 episcopus,
1871 3174 2081 3229 sanctis

2262 3179 2583 3243 Κεκιλιανδς
2614 3179 2821 3240 πόλεως
2844 3173 3223 3246 Καρθαγένης,
3254 3171 3378 3234 ταῖς
3409 3167 3544 3223 κατὰ
3576 3165 3763 3275 πάσας

514 3266 609 3320 Dei
639 3265 899 3321 Ecelesiis
927 3266 982 3320 in
1023 3267 1273 3321 omnibus
1296 3266 1592 3338 provinciis
1630 3266 1852 3334 Africae,
1898 3264 2079 3320 Numi-

514 3356 638 3421 dize,
671 3363 724 3411 et
758 3353 1092 3411 Mauritania:
1123 3356 1423 3427 utriusque.

588 3532 814 3602 Pistus,
875 3533 1292 3605 Marcianopolis
1336 3535 1660 3606 episcopus,
1713 3533 1977 3593 Ecclesiis
2036 3537 2088 3592 in

514 3627 701 3697 Mysia,
753 3626 1104 3693 Athenarum,
1153 3637 1209 3683 et
1246 3628 1525 3685 Gallorum
1575 3629 1824 3699 gentibus
1849 3630 1990 3702 (51),
2036 3639 2092 3686 et

513 3719 827 3775 civitatibus
855 3735 974 3791 qua:
999 3720 1082 3775 his
1105 3720 1300 3776 vicina
1333 3727 1485 3775 sunt.

584 3810 919 3877 Alexander,
959 3810 1464 3880 Constantinopolis
1502 3820 1630 3869 tunc
1661 3812 1835 3869 solum
1861 3815 2088 3884 presby-

513 3912 618 3969 ter,
656 3912 845 3973 postea
875 3917 1004 3958 vero
1032 3902 1291 3959 Ecclesia:
1322 3902 1470 3961 illius
1502 3904 1874 3976 episcopatum
1928 3909 2091 3963 sorti-

511 4003 620 4060 tus,
657 4010 782 4049 cum
818 3993 986 4050 Paulo
1032 4004 1161 4050 tunc
1200 3994 1425 4065 lectore,
1462 4006 1625 4068 atque
1657 3997 1827 4069 ipsius
1856 4002 2086 4069 notario,

512 4083 772 4141 Ecclesiis
805 4086 1047 4141 omnium
1086 4085 1373 4175 Cycladum
1403 4088 1729 4148 insularum.

585 4273 648 4329 lli
693 4288 884 4332 omnes
923 4277 1099 4332 sancti
1145 4286 1311 4349 atque
1350 4279 1633 4347 apostolici
1682 4280 1785 4337 viri
1839 4279 2088 4337 omnibus

513 4362 613 4420 sub
668 4366 810 4422 coelo
856 4369 1062 4426 sanctis
1114 4371 1208 4424 Dei
1260 4368 1547 4435 Ecclesiis,
1595 4386 1717 4442 qua
1767 4372 1820 4426 in
1873 4380 2090 4437 sancta,

516 4468 712 4522 magna
737 4466 793 4512 et
830 4459 1070 4527 generali
1103 4460 1311 4529 synodo
1352 4470 1471 4514 acta
1503 4472 1651 4527 sunt,
1687 4462 1941 4517 omnibus
1972 4463 2089 4517 ubi-

2190 3270 2290 3332 τὰς
2314 3268 2608 3340 ἐπαρχίας,
2636 3267 2735 3329 τάς
2768 3283 2828 3319 τε
2871 3263 3161 3335 Ἀφρικὰς,
3195 3261 3289 3315 καὶ
3312 3261 3413 3324 τὰς
3439 3257 3769 3329 Νουμιδὶας.

2190 3362 2285 3417 καὶ
2314 3360 2695 3431 Μαυριτανίας
2718 3357 3061 3430 ἀμφοτέρας,
3090 3355 3281 3418 οὕσαις
3304 3354 3484 3422 ἁγίαις
3511 3350 3605 3405 τοῦ
3629 3348 3773 3404 Θεοῦ

2200 3453 2573 3523 Ἐκκλησίαις.

2262 3545 2458 3607 Πιστὸς
2489 3542 3051 3613 Μαρκιανουπόλεως,
3078 3542 3200 3604 ταῖς
3226 3538 3367 3592 κατὰ
3404 3535 3503 3606 τὴν
3530 3534 3776 3597 Μυσίαν,

2189 3638 2284 3694 καὶ
2317 3637 2386 3691 τὰ
2413 3634 2521 3690 τῶν
2559 3634 2803 3705 Ἀθηνῶν
2826 3634 2923 3688 καὶ
2945 3633 3162 3687 Γάλλων
3184 3630 3336 3700 ἔθνη,
3370 3628 3464 3682 καὶ
3492 3628 3608 3690 ταῖς
3632 3626 3779 3695 πλη·
3842 3639 3851 3645 ε

2189 3729 2474 3801 σιοχὼροις
2498 3728 2705 3783 τούτων
2730 3726 2973 3780 πόλεσιν.

2272 3820 2618 3894 Ἀλέξανδρος
2646 3815 3274 3878 Κωνσταντινουπόλεως
3316 3813 3436 3867 τότε
3472 3809 3781 3882 πρεσϐύτε-

2191 3932 2284 3987 ρος
2307 3913 2388 3967 ἔτι
2411 3911 2508 3982 ὣν,
2539 3912 2621 3975 εἰς
2648 3910 2876 3982 ὕστερον
2898 3909 2956 3963 δὲ
2979 3907 3077 3962 καὶ
3104 3907 3200 3977 τῆς
3225 3905 3588 3972 ὲπισκοπικῆς
3618 3901 3777 3972 ἱερα-

2189 4009 2342 4071 τείας
2373 4006 2472 4076 τῆς
2503 4003 2693 4060 αὐτόθι
2733 4002 3061 4074 Ἐκκλησίας
3095 3999 3296 4070 λαχὼν,
3336 3998 3433 4050 σὺν
3467 3993 3666 4063 Παύλῳ
3690 3993 3775 4047 ἔτι

2187 4101 2312 4156 τότε
2360 4096 2685 4170 ἀναγνώστῃ
2721 4097 2859 4161 ὄντι,
2904 4096 3001 4148 καὶ
3052 4092 3289 4163 νοταρίῳ
3316 4088 3503 4154 αὐτοῦ,
3545 4089 3668 4149 ταῖς
3712 4085 3774 4137 ὲν

2190 4194 2310 4255 ταῖς
2340 4191 2524 4262 νήσοις
2550 4188 2755 4249 πάσαις
2794 4185 3100 4241 Κυκλάσιν.

2260 4276 2423 4337 Οὗτοι
2458 4280 2663 4343 πάντες
2694 4279 2743 4332 oi
2772 4277 2918 4346 ἅγιοι
2951 4278 3044 4331 καὶ
3067 4273 3419 4329 ἀποστολικοὶ
3450 4271 3642 4339 ἄνδρες
3665 4268 3777 4321 πά-

2193 4389 2316 4438 σαις
2353 4374 2476 4436 ταῖς
2506 4371 2613 4427 ὑπὸ
2650 4370 2744 4424 τὸν
2766 4369 2998 4443 οὐρανὸν
3034 4368 3216 4437 ἁγίαις
3240 4364 3335 4421 τοῦ
3363 4363 3499 4419 Θεοῦ
3538 4362 3777 4433 Ἐκκλη-

2192 4466 2335 4529 σίαις
2362 4464 2433 4519 τὰ
2465 4465 2523 4518 έν
2563 4465 2630 4534 τῇ
2667 4462 2918 4517 Νικαέων
2947 4461 3081 4532 ἁγία
3130 4458 3340 4531 μεγάλη
3383 4458 3477 4510 καὶ
3513 4457 3775 4524 οἱκουμε-

513 4563 622 4617 que
670 4558 936 4605 terrarum
974 4550 1334 4615 tradiderunt,
1373 4559 1431 4604 ut
1467 4549 1580 4620 jam
1619 4567 1649 4606 a
1696 4552 1851 4608 nobis
1884 4554 2083 4609 dictum

2190 4559 2313 4627 νικῇ
2347 4556 2551 4626 συνόδῳ
2576 4554 2880 4627 κεκριμένα
2907 4551 3460 4623 διαπορθμεύσαντες,
3487 4546 3774 4617 πανταχοῦ

515 4638 636 4692 fuit.

2193 4649 2295 4719 γῆς
2329 4646 2677 4718 παρέδωκαν,
2711 4644 2855 4701 καθὰ
2882 4644 3082 4717 ἀρτίως
3117 4643 3320 4711 ὁλόγος
3352 4636 3660 4702 ἀπέδειξεν.

1696 4845 2062 4934 ΛΟΓΟΣ
2142 4850 2561 4935 ΤΡΙΤΟΣ.

1638 5046 1990 5136 LIBER
2064 4987 2620 5137 “ibamus.

696 5248 1064 5315 Constantinus
1096 5260 1362 5333 Augustus
1402 5264 1529 5319 Aria
1566 5275 1614 5319 et
1658 5267 1897 5323 Arionis.

588 5364 701 5441 (52)
734 5361 902 5419 Malus
946 5366 1241 5440 interpres,
1269 5388 1327 5429 re
1352 5388 1501 5439 vera,
1526 5374 1727 5446 eiligies
1748 5378 1994 5446 quaedam
2026 5388 2084 5435 et

2188 5264 2644 5330 Κωνσταντῖνος
2683 5262 2980 5328 Σεϐαστὸς
3025 5261 3227 5330 Ἀρείῳ
3272 5261 3371 5315 καί
3418 5259 3767 5330 Ἀρειανοῖς.

2260 5381 2446 5443 Κακὸς
2477 5379 2750 5450 ἑρμηνεὺς
2781 5376 3104 5447 αὐτόχρημα
3135 5375 3300 5431 εῑκών
3321 5391 3383 5429 τε
3406 5375 3502 5429 καὶ
3539 5374 3767 5445 ἀνδριάς

518 5458 697 5529 imago
720 5453 914 5512 diaboli
943 5467 1044 5515 est.
1082 5458 1147 5518 Ut
1178 5464 1320 5518 enim
1366 5464 1513 5520 illum
1544 5468 1701 5534 periti
1739 5467 1977 5523 artifices
2007 5472 2072 5526 ad

2188 5473 2298 5527 ιστι
2326 5470 2421 5526 τοῦ
2443 5469 2714 5526 διαϐόλου.
2747 5469 2959 5536 Ὥσπερ
2985 5466 3093 5537 γὰρ
3121 5467 3331 5520 ἐκεῖνον
3364 5466 3414 5520 οἱ
3435 5465 3599 5519 δεινοὶ
3623 5463 3770 5517 πλά-

588 5591 703 5666 (50)
742 5591 858 5666 Alia
899 5602 981 5649 est
1021 5611 1048 5649 a
1081 5595 1327 5651 Calabria
1384 5598 1500 5653 sive
1534 5598 1697 5651 veteri
1749 5600 1864 5655 sive
1900 5616 2087 5656 recen-

518 5662 656 5737 nm
685 5663 844 5719 Italia:
887 5666 1165 5737 provincia
1207 5666 1349 5722 inter
1374 5667 1511 5723 freta
1548 5670 1880 5725 Adriaticum
1919 5669 2076 5726 Sicu-

515 5730 733 5806 lumque
755 5730 995 5792 extensa.

595 5778 1186 5878 aliaalia-giarium
1215 5778 1332 5863 'sive
1355 5806 1619 5863 Galatiam
1653 5810 1924 5877 intelligit.

2266 5604 2381 5674 (52)
2422 5601 2637 5659 Citatnr
2667 5602 2808 5674 _lta?c
2855 5600 3088 5670 Epistola
3141 5597 3208 5674 ab
3230 5595 3554 5674 Epiphanio,
3590 5593 3775 5649 haeres

2189 5666 2283 5738 69,
2317 5666 2435 5738 quae
2468 5683 2551 5727 est
2585 5666 2913 5725 Arianorum
2953 5685 3103 5722 nnm.
3143 5668 3197 5722 9.
3236 5666 3410 5720 Hann.

2256 5734 2368 5812 ('35—)
2410 5744 2463 5797 In
2498 5743 2595 5795 Ms.
2644 5752 2849 5805 nostro,
2893 5738 3201 5809 Καλαὸρίᾳ·
3249 5743 3305 5792 el
3343 5750 3466 5790 mox
3499 5734 3589 5787 καὶ
3624 5734 3767 5797 τοῖς.

2180 5812 2350 5867 ΙΙΑιιυ.
