4072 6396
309 447 446 511 1345

1190 453 1556 515 HISTORIA
1592 453 1925 513 CONCILII
1963 454 2267 514 NngENl.
2309 482 2372 492 -
2418 457 2561 517 LIB.
2602 458 2681 516 Il.

3436 464 3570 527 1346

308 574 428 612 σται
458 565 593 630 πρὸς
624 559 837 631 ἀπάτης
870 562 1060 635 δέλεαρ
1091 562 1440 628 πλάττουσιν,
1471 564 1633 618 οἱονεὶ
1655 567 1875 629 κάλλους

1990 576 2204 616 omnem
2242 563 2573 633 deceptionis
2605 567 2783 621 dolum
2835 567 3113 637 cilingunt,
3152 571 3295 625 velut
3326 574 3568 639 pulchri-

304 652 455 723 αύτῷ
490 654 826 724 εὐπρέπειαν
852 657 1399 727 προσμηχανώμενοι,
1449 658 1715 730 αίσχίστῳ
1749 659 1884 713 καθ-

307 742 454 808 ἀπαξ
465 744 578 797 όντι
598 746 664 815 τῇ
694 745 878 814 φύσει,
898 747 1047 810 ὅπως
1070 748 1136 801 ἂν
1148 750 1277 812 τοὺς
1298 749 1683 821 ταλαιπώρους
1711 751 1881 805 ἀπολ-

306 831 421 885 λύοι
462 834 672 905 πλάνην
711 837 897 900 αὐτοῖς
933 839 1261 909 προτείνωνο
1317 840 1409 895 τὸν
1440 842 1603 895 αὑτὸν
1625 836 1777 907 οὗτος
1813 844 1880 898 ἂν

305 919 461 995 οῐμαι
490 925 692 998 τρόπον
717 929 1011 999 ποιήσειεν,
1037 924 1081 1000 ᾧ
1108 933 1268 1002 μόνον
1294 935 1533 1005 σπουδῆς
1561 933 1714 1000 ἀξιον
1733 935 1880 989 τοῦτ’

306 1015 445 1070 εἶναι
488 1019 656 1084 δοκεῖ,
698 1021 779 1084 τὸ,
815 1012 884 1074 τᾶ
916 1024 1014 1092 τῆς
1046 1025 1254 1087 οίκείας
1303 1026 1624 1097 ἰταμότητος
1656 1026 1884 1097 δηλητή-

310 1124 397 1177 ρια
443 1109 683 1179 ἀφειδῶς
742 1112 1162 1181 προϐάλλεσθαι.
1204 1115 1494 1188 Τοιγάρτοι
1542 1115 1759 1187 καινὴν,
1788 1117 1884 1170 καὶ

304 1192 487 1265 ἀφόὗ
533 1199 824 1269 γεγόνασιν
875 1202 1185 1276 ἄνθρωποι,
1226 1205 1571 1260 οὐδεπώποτε
1618 1211 1885 1277 φανεῖσαν

303 1289 564 1353 ἀπιστίας
588 1292 799 1362 εἰσάγει
835 1294 1040 1351 πίστιν.
1081 1296 1284 1369 Διόπερ
1312 1298 1464 1353 οὐδὲν
1492 1299 1593 1370 τῆς
1619 1300 1881 1372 ἀληθείας

303 1378 413 1450 ἀρα
437 1380 642 1452 ἀπᾷδον
663 1384 838 1437 ἐκεῖνο
869 1386 1142 1455 φαίνεται,
1172 1388 1233 1441 τὸ
1262 1388 1431 1443 πάλαι
1461 1393 1528 1462 τῇ
1564 1391 1685 1463 θείᾳ
1724 1392 1881 1463 ῥήσει

301 1470 731 1545 διηρθρωμένον,
765 1476 846 1530 ὅτι
865 1477 998 1550 πρὸς
1025 1480 1086 1532 τὸ
1112 1479 1281 1534 κακόν
1300 1484 1405 1535 είσι
1445 1482 1620 1550 σοφοί.
1649 1483 1714 1534 Τί
1740 1482 1786 1536 δ’
1814 1483 1881 1537 ἄν

299 1579 386 1625 τις
414 1565 593 1617 ἐκεῖνο
622 1564 876 1634 λέγεσθαι
919 1569 1016 1639 τὴν
1045 1569 1140 1623 τοῦ
1178 1571 1529 1640 βουλεύεσθαι
1569 1574 1729 1646 χάριν
1778 1575 1880 1628 αύ-

299 1652 394 1707 τὺν
419 1655 824 1721 ἀπολωλεκότα,
859 1660 1054 1731 μηκέτι
1080 1663 1386 1734 κουφισμοῦ
1415 1682 1537 1718 τινα
1561 1667 1880 1737 ἐπικουρίαν

301 1743 567 1812 εὕρασθαι
593 1749 912 1821 ἐπιθυμεϊν;
940 1752 1005 1805 Τί
1030 1754 1213 1807 τοίνυν
1240 1756 1402 1826 φημὶ,
1427 1756 1629 1828 Χριστὲ
1653 1758 1876 1828 Χριστὲ,

300 1837 473 1909 Κύριε
504 1839 709 1910 Κύριε;
750 1842 800 1896 τί
826 1843 1025 1914 δήποτε
1068 1847 1217 1916 ἡμᾶς
1250 1846 1311 1901 τὸ
1354 1847 1646 1921 λῃστήριον
1678 1851 1879 1919 ὁσημέ-

304 1945 391 1998 ραι
426 1931 755 2002 τιτρώσκεις
794 1911 1065 2007 Ἔστηκεν
1090 1911 1584 2012 έξεναντίαςυδείνή
1617 1958 1701 2005 τις
1729 1941 1880 2012 βιαία
1910 1911 1952 1965 Β

294 2018 492 2088 τόλμα,
536 2018 802 2091 βρυχᾶται
832 2024 1167 2095 ὲπιπρίουσα
1208 2027 1302 2080 τὸν
1343 2027 1534 2081 ὀδόντα
1568 2026 1881 2100 δύσμορφος

298 2108 393 2163 ὑπ’
426 2112 667 2181 ἀτιμίας,
688 2114 781 2167 καὶ
812 2116 1174 2180 παντοδαποῖς
1197 2120 1650 2190 περιτετρωμένη
1681 2122 1880 2192 ἐγκλή-

298 2222 487 2274 μασιν.
523 2204 673 2273 Αὕτη
710 2206 896 2276 μέντοι
935 2211 991 2262 ὲν
1010 2210 1089 2277 τῷ
1120 2211 1270 2281 νόμῳ
1299 2211 1394 2264 καὶ
1422 2212 1499 2282 τῷ
1514 2228 1578 2265 πε
1590 2213 1641 2281 pi
1665 2213 1759 2265 σοῦ
1782 2231 1879 2284 κη-

300 2297 560 2367 ρύγματι,
604 2296 794 2369 ὥσπερ
820 2300 932 2353 τισὶ
969 2300 1161 2365 ζάλαις
1189 2302 1507 2373 τρικυμίαις
1552 2304 1738 2357 κακῶν
1766 2306 1881 2358 δια-

298 2391 634 2461 φορουμένη,
684 2388 1035 2463 ἐξερεύγεται
1084 2393 1185 2463 μὲν
1226 2393 1447 2456 ἐξώλεις
1480 2395 1697 2464 λόγους,
1742 2398 1880 2467 γρά-

298 2500 472 2549 φουσα
501 2483 559 2536 δὲ
584 2483 808 2547 τούτους
839 2484 1109 2553 ἐκφαίνει,
1144 2486 1237 2549 οὓς
1270 2486 1527 2540 οὐδέποτε
1558 2490 1585 2540 ὀ
1616 2487 1693 2556 τῷ
1723 2489 1878 2559 ἀϊδίῳ

295 2575 395 2645 τῆς
426 2575 623 2629 σαυτοῦ
654 2577 835 2646 πηγῆς
858 2576 936 2647 τῷ
966 2578 1135 2648 πατρὶ
1175 2579 1560 2649 συνυπάρχων,
1592 2583 1713 2642 ταῖς
1744 2584 1874 2651 περὶ

280 2665 527 2717 ’σεαυτοῦ
578 2664 846 2732 γνώσεσιν
894 2665 1201 2737 ἀφώρισας.
1236 2669 1464 2736 Συνάγει
1506 2670 1564 2722 δὲ
1606 2670 1742 2733 ὅλως
1783 2672 1879 2723 καὶ

299 2759 572 2826 συμφορεῖ
594 2756 745 2809 δεινά
773 2758 909 2810 ἄττα
935 2758 1031 2811 καὶ⁵
1060 2759 1239 2827 ἄνομα
1265 2759 1592 2829 ἀσεϐήματα
1613 2776 1627 2790 ο
1652 2759 1748 2813 νῦν
1778 2762 1877 2830 μὲν

289 2846 396 2909 τάς
434 2846 681 2915 γλώττας
709 2848 1098 2918 κραδαίνουσα.
1123 2850 1219 2903 νῦν
1258 2850 1301 2902 δ’
1330 2845 1397 2904 αὖ
1430 2850 1593 2903 πάλιν
1623 2854 1741 2914 ταῖς
1768 2852 1878 2905 τῶν

295 2933 499 2987 ἀθλίων
544 2937 802 3000 σπουδαῖς
844 2938 1202 3009 ὲπαιρομένη,
1246 2937 1341 3002 οὓς
1388 2939 1477 2992 ἐπ’
1503 2939 1689 3004 ἀδείας
1739 2941 1875 3010 αὑτὴ

295 3026 568 3096 παρόντας
598 3026 843 3099 ἐξαπατᾷ
871 3030 966 3082 καὶ
999 3029 1231 3101 φθείρει.
1264 3029 1536 3100 Βούλομαι
1562 3030 1619 3084 δὲ
1646 3031 1747 3102 ήδη
1781 3032 1874 3084 τοῦ

296 3118 559 3189 προέδρου
592 3119 768 3189 αὐτῆς
814 3121 912 3189 τὴν
944 3119 1107 3188 φύσιν
1149 3120 1423 3187 ἐξετάσαι.
1456 3121 1522 3174 Τί
1554 3121 1663 3192 γάρ
1694 3121 1760 3193 δὴ
1790 3122 1877 3175 λέ-

292 3225 414 3279 γεις
451 3210 522 3263 Ἦ
560 3210 901 3282 κατέχωμεν,
935 3212 1122 3283 φησὶν,
1159 3206 1221 3267 οὗ
1247 3212 1348 3284 ήδη
1383 3214 1679 3285 ὲκγρατεῖς
1711 3214 1875 3282 γεγό-
1901 3241 1946 3299 C

292 3318 485 3372 ναμεν,
520 3300 553 3371 ἢ
594 3302 834 3370 γενέσθω
880 3302 956 3367 ὡς
1005 3305 1163 3357 αὐτοὶ
1212 3303 1536 3375 βουλόμεθα.
1579 3305 1868 3371 Πέπτωκε,

291 3391 389 3445 καὶ
419 3391 594 3447 ταῦτα
633 3392 924 3447 πέπτωκεν
955 3394 1352 3466 ἀναιρούμενος
1374 3412 1388 3426 ·
1427 3395 1583 3466 δόλῳ,
1621 3397 1809 3466 φησιν,
1835 3395 1868 3466 ἢ

291 3481 557 3551 δεινότητι
580 3482 936 3554 πανουργίας,
978 3483 1132 3537 οὐδὲν
1161 3483 1432 3555 διαφέρει.
1465 3485 1674 3555 Σεμνὸν
1711 3484 1872 3554 μόνον

291 3572 531 3640 ἡγεῖται,
554 3571 583 3624 ὃ
604 3573 694 3625 διά
725 3575 966 3645 πονηρᾶς
997 3574 1243 3637 ἐπινοίας
1272 3577 1353 3640 είς
1387 3576 1553 3629 αὐτὸν
1584 3575 1868 3647 εἰσερρύη.

294 3662 505 3734 Πλήθη,
561 3665 747 3733 φησιν,
776 3664 1005 3736 ἔχομεν·
1037 3667 1385 3737 προϐήσομαι
1433 3667 1496 3737 δὴ
1531 3669 1729 3741 μικρὸν
1775 3670 1872 3723 αύ-

289 3752 381 3816 τδς
412 3752 504 3806 ἐπὶ
530 3752 592 3806 τὸ
621 3752 877 3823 πρόσθεν,
908 3757 982 3817 ὡς
1010 3755 1077 3809 ἂν
1105 3755 1215 3808 τῶν
1249 3757 1346 3827 τῆς
1387 3757 1584 3825 μανίας
1617 3756 1871 3829 πολέμων

292 3845 491 3914 θεατὴς
523 3845 791 3917 γένωμαι.
839 3846 1039 3913 Αὐτὸς,
1088 3848 1227 3919 ἔφην
1266 3847 1398 3918 ἐγὼ,
1434 3849 1808 3921 προϐήσομαι,
1841 3850 1871 3901 ὁ

291 3936 414 3998 τοὺς
441 3936 550 3989 τῶν
571 3938 818 4009 ἀφρόνων
840 3938 1113 4009 πολέμους
1142 3938 1338 3993 παύειν
1369 3937 1598 4002 εἰωθώς,
1628 3942 1762 4006 Ι’Λγε
1779 3938 1866 4010 δὴ,

296 4030 461 4100 Ἀρες
491 4030 701 4101 Ἀρειε,
739 4033 981 4087 ἀσπίδων
1006 4030 1046 4106 ἦ
1085 4033 1199 4105 [Ion
1346 4035 1528 4106 χρεία.
1577 4034 1668 4105 Μὴ
1705 4034 1770 4088 σύ
1798 4050 1866 4102 γε

289 4121 447 4175 τοῦτο
476 4123 728 4198 ποιήσῃς,
766 4126 1082 4197 ἱκετεύομεν
1101 4142 1115 4156 ·
1148 4127 1424 4198 ἐπισχέτω
1448 4126 1580 4194 γοῦν
1604 4143 1665 4179 σε
1702 4130 1734 4200 ή
1765 4128 1866 4197 τῆς

300 4211 620 4284 Ἀφροδίτης
670 4215 877 4285 ὁμιλία.
916 4216 1081 4270 Ἀλλά
1107 4217 1217 4288 γάρ
1259 4216 1373 4270 είθε
1415 4219 1492 4281 ώς
1528 4222 1643 4281 τοῖς
1687 4218 1867 4287 ὄχλοις

286 4290 483 4375 ἄριστα
512 4309 997 4380 συνεκκροτεῖσθαι
1020 4310 1219 4377 δοκεῖς,
1244 4309 1388 4363 οὕτω
1418 4325 1499 4361 σοι
1524 4312 1591 4381 τῇ
1617 4309 1747 4380 περὶ
1773 4309 1866 4361 τὸν

285 4397 523 4467 Χριστὸν
562 4400 816 4473 εὐσεϐείᾳ
855 4401 1067 4473 προσῆν
1097 4403 1389 4473 ἀκμάζειν.
1435 4402 1565 4457 Ἰδοὺ
1598 4402 1662 4473 δὴ
1694 4401 1859 4455 πάλιν

285 4481 353 4540 αὖ
371 4486 558 4556 ἱκέτης
575 4486 825 4557 ἔρχομαι,
844 4491 939 4543 καὶ
951 4493 1061 4553 τοῖς
1079 4491 1260 4554 ὅπλοις
1282 4493 1392 4546 πᾶν
1410 4492 1614 4563 πλῆθος
1639 4491 1861 4562 ἰσχύων,

288 4575 561 4646 μάχεσθαι
597 4577 695 4645 μὲν
726 4578 831 4631 οὐκ
860 4578 1061 4632 ἐθέλω·
1082 4583 1147 4651 τῇ
1174 4581 1231 4634 δὲ
1258 4581 1353 4635 τοῦ
1380 4582 1623 4653 Χριστοῦ
1654 4599 1866 4652 πεφρα-

1977 4581 2138 4650 igitur
2166 4582 2248 4638 ais
2282 4597 2345 4637 ea
2383 4592 2434 4638 te
2474 4582 2654 4639 facere
2682 4599 2802 4653 qua:
2849 4587 3090 4641 moribus
3123 4585 3227 4641 tuis
3272 4601 3378 4640 non
3419 4601 3547 4641 cen-
3638 4619 3644 4624 -

283 4668 487 4738 γμένος
520 4669 726 4736 πίστει,
751 4669 809 4722 σέ
835 4687 895 4723 τε
924 4672 1179 4726 ἰάσασθαι
1207 4675 1302 4726 καὶ
1327 4676 1452 4737 τοὺς
1476 4675 1674 4739 ἀλλους
1699 4675 1865 4746 θερα-

282 4760 481 4815 πεῦσαι
504 4760 787 4832 βούλομαι.
822 4763 888 4815 Τί
919 4763 1012 4816 οὖν
1055 4764 1161 4833 φὴς
1196 4765 1371 4820 ταῦτα
1405 4768 1689 4843 πράττειν,
1722 4767 1759 4822 ἀ
1791 4767 1866 4838 μὴ

282 4855 395 4916 τοῖς
415 4853 571 4925 ήθεσι
594 4855 838 4926 προσῆκε
864 4858 976 4919 τοῖς
1000 4857 1114 4919 σοῖς
1137 4874 1151 4918 ς
1194 4855 1355 4910 Ἀλλά
1385 4859 1528 4927 μετά
1553 4861 1712 4921 ποίας
1739 4861 1869 4928 ήσυ-

282 4947 426 5016 χίας,
469 4949 589 5001 εἰπέ
626 4949 801 5020 μοι,ἢ
849 4949 970 5003 τίνα
1009 4949 1325 5021 περιουσίαν
1371 4949 1862 5021 περιϐεϐλημένος,

283 5039 484 5107 μᾶλλον
514 5040 593 5102 δὲ,
629 5041 715 5110 ἐφ’
752 5043 780 5095 ὅ
816 5058 868 5096 τι
908 5042 1242 5113 προπετείας
1275 5040 1602 5114 ὲληλακώς;
1647 5041 1711 5093 Ὢ
1742 5040 1864 5094 τόλ-

282 5144 394 5197 μης
435 5128 539 5181 ὑπὸ
567 5128 852 5200 κεραυνῶν
890 5134 1045 5198 ἀξίας
1085 5132 1516 5204 καθαιρεθῆναιί
1565 5131 1864 5185 Ἀκούσατε

275 5218 389 5288 γὰρ
417 5222 453 5273 ἀ
499 5221 768 5290 δεδήλωκε
820 5225 1013 5296 πρώην
1044 5227 1181 5297 πρός
1230 5242 1316 5297 με.
1375 5225 1456 5277 ίδν
1497 5224 1864 5290 ἀποστάζοντι

276 5309 508 5380 γράφων
538 5311 616 5383 τῷ
648 5314 900 5387 καλάμῳ.
930 5316 1105 5379 Οὕτω.
1147 5320 1301 5386 φησι,
1331 5314 1688 5387 πιστεύομεν.
1726 5311 1860 5382 Εἶτ’,

270 5396 462 5470 οἶμαι,
492 5403 749 5473 προσθεὶς
797 5409 896 5461 οὑκ
941 5405 1058 5462 οἶδα
1119 5408 1257 5465 ἅττα
1304 5408 1559 5481 σοϐαρῶς
1610 5424 1727 5471 πως
1768 5409 1863 5461 καὶ

274 5490 427 5561 μάλα
457 5493 704 5564 ἀκριϐῶς
737 5497 1108 5570 ὲξησκημένα,
1142 5499 1346 5571 προῖὼν
1377 5498 1738 5573 πορρωτέρω,
1766 5498 1859 5553 οὐ·-

266 5578 363 5641 es;
390 5588 417 5641 ὃ
448 5606 502 5642 τι
538 5590 647 5644 τῶν
678 5592 867 5647 δεινῶν
901 5594 1319 5667 ἀπεσιώπησενο
1362 5596 1477 5650 ἀλλ’
1518 5595 1639 5648 ὅλον
1681 5594 1757 5658 ὡς
1792 5594 1859 5649 ἂν

256 5894 265 5899 _
318 5832 612 5916 _“Jerem.
648 5854 723 5909 tv,
749 5839 840 5897 22.

1988 651 2191 705 tudinis
2217 652 2511 725 formaeque
2553 658 2716 710 dccus
2745 658 3058 728 aliingentes
3088 661 3188 726 illi,
3226 672 3415 718 natura
3468 681 3566 720 sna

1986 739 2145 810 plane
2196 744 2525 813 turpissimo,
2568 755 2625 800 ut
2658 749 2886 802 miseros
2924 751 3182 806 mortales
3226 755 3437 823 perdat,
3474 772 3565 810 er-

1988 847 2163 886 rorem
2205 834 2271 888 iis
2308 836 2598 905 objiciens,
2633 840 2820 893 eodem
2860 841 3017 909 plane
3049 843 3225 908 modo,
3263 858 3322 898 ut
3349 849 3565 915 opinor,

1986 920 2140 987 facit,
2184 923 2272 977 cui
2329 924 2458 978 illud
2509 927 2682 981 solum
2733 931 2913 983 studio
2958 930 3177 1000 dignum
3227 933 3461 1001 videtur,
3507 948 3569 992 ut

1986 1012 2144 1066 noxia
2169 1014 2513 1083 impudentia!
2539 1026 2595 1071 et
2638 1018 2883 1074 audaciae
2914 1036 3027 1075 suae
3060 1022 3348 1093 pharmaca
3385 1026 3568 1094 profu-

1985 1102 2099 1158 sius
2149 1104 2407 1161 omnibus
2457 1108 2703 1177 objiciat.
2750 1110 2959 1165 Etenim
3009 1129 3249 1178 novam,
3296 1131 3394 1170 nec
3445 1128 3570 1186 post

1988 1191 2240 1248 homines
2284 1205 2441 1251 natos
2491 1214 2735 1269 unquam
2787 1202 2981 1268 visam,
3035 1204 3375 1259 infidelitatis
3407 1207 3565 1261 fidem

1985 1281 2209 1339 inducit.
2245 1285 2606 1351 Quamobrem
2639 1305 2737 1346 nec
2767 1306 2796 1346 a
2832 1295 3061 1351 veritate
3104 1296 3403 1353 abhorrere
3434 1299 3564 1353 illud

1984 1374 2202 1430 videtur
2220 1379 2545 1447 jampridem
2571 1382 2748 1436 divina
2776 1387 3024 1441 oratione
3049 1389 3398 1458 explicatum,
3423 1394 3565 1460 quod

1983 1466 2051 1520 ad
2096 1467 2297 1523 malum
2333 1480 2461 1526 sunt
2501 1475 2860 1542 sapientes".
2906 1477 3046 1545 Quid
3090 1480 3234 1535 enim
3284 1481 3557 1551 quispiam

1984 1557 2188 1613 dixerit
2235 1561 2384 1616 illum
2420 1566 2638 1621 consilii
2677 1570 2925 1637 capiendi
2970 1572 3199 1641 gratiam
3232 1574 3555 1641 perdidisse,

1983 1651 2074 1717 qui
2108 1666 2212 1706 non
2259 1654 2494 1722 amplius
2542 1656 2931 1715 sublevationis
2975 1661 3235 1716 auxilium
3281 1663 3444 1717 ullum
3478 1668 3561 1718 in-

1983 1741 2172 1798 venire
2218 1747 2466 1815 expetit?
2496 1746 2765 1813 Quorsum
2811 1751 2995 1822 igitur,
3064 1753 3282 1809 Christe
3322 1755 3558 1818 Christe.

1986 1833 2207 1888 Domine
2243 1837 2503 1894 Domine?
2531 1857 2790 1911 quorsum
2835 1859 2932 1898 nos
3003 1844 3241 1914 quotidie
3283 1848 3564 1916 praedones

1984 1924 2308 1982 vulnerant?
2346 1927 2467 1985 Stat
2513 1947 2578 1986 ex
2622 1934 2850 1989 adverso
2881 1935 3013 1989 dura
3058 1940 3307 2005 quaedam
3348 1949 3403 1992 et
3445 1940 3563 1992 vio-

1982 2015 2125 2072 lenta
2173 2021 2422 2087 audacia,
2452 2022 2634 2079 fremit
2668 2025 2986 2098 frendetque
3032 2030 3286 2087 dentibus
3333 2032 3560 2088 infamia

1983 2108 2263 2180 deformis,
2306 2123 2361 2168 et
2408 2115 2708 2172 innumeris
2753 2120 2996 2175 sauciata
3040 2123 3380 2180 criminibus.
3436 2125 3554 2194 Ipsa

1980 2208 2129 2253 certe
2168 2200 2219 2254 in
2266 2202 2383 2273 lege
2429 2213 2482 2259 et
2534 2207 2965 2278 promulgatione
3005 2211 3241 2267 nominis
3298 2214 3374 2267 tui
3416 2214 3562 2268 velut

1981 2289 2299 2355 quibusdam
2328 2294 2578 2362 procellis
2605 2306 2658 2351 et
2697 2297 2962 2352 tnalorum
3014 2298 3266 2355 ﬂuctibus
3315 2300 3559 2369 disiecta,

1979 2378 2204 2436 edundit
2248 2385 2553 2453 perniciosa
2602 2390 2787 2454 verba,
2842 2403 3015 2460 eaque
3065 2393 3309 2447 scribens
3367 2395 3417 2447 in
3480 2394 3563 2446 lu-

1980 2483 2098 2522 cem
2146 2470 2293 2535 edit,
2345 2488 2464 2542 quae
2516 2492 2789 2546 nunquam
2853 2488 2951 2544 tu,
3009 2480 3099 2549 qui
3172 2498 3290 2535 cum
3359 2491 3562 2539 aeterno

1979 2559 2142 2617 Patre
2192 2564 2269 2618 tui
2328 2564 2497 2633 ipsius
2540 2566 2682 2622 fonte
2723 2585 2829 2623 una
2882 2572 3117 2637 exsistis,
3150 2572 3202 2626 in
3253 2576 3561 2644 cognitione

1981 2653 2055 2704 tui
2118 2653 2429 2710 deﬁnivisti.
2488 2656 2648 2727 Cogit
2697 2661 3023 2716 omnino'et
3071 2665 3321 2718 convehit
3372 2680 3564 2733 graves

1978 2751 2031 2795 et
2076 2744 2288 2814 iniquas
2342 2747 2670 2816 impietates,
2708 2766 2853 2806 nunc
2905 2754 3121 2822 quidem
3175 2754 3385 2826 linguas
3457 2759 3565 2812 cri-

1978 2849 2161 2903 spans,
2202 2853 2345 2893 nunc
2387 2854 2516 2894 vero
2555 2842 2748 2896 iterum
2806 2847 3125 2899 miserorum
3172 2850 3366 2904 studiis
3397 2850 3561 2917 elata,

1976 2940 2112 2993 quos
2150 2926 2264 2997 ipsa
2299 2942 2591 2996 praesentes
2640 2948 2750 3001 prae
2793 2937 3083 2991 securitate
3112 2940 3180 2992 de
3215 2939 3346 3007 cipit
3399 2939 3561 2995 simul

1977 3024 2031 3069 et
2104 3020 2423 3090 corrumpit.
2488 3020 2606 3077 Jam
2664 3036 2839 3079 autem
2898 3027 3018 3082 volo
3070 3028 3315 3098 praesidis
3389 3030 3559 3099 ipsius

1977 3103 2256 3176 ingeniu'm
2323 3113 2648 3181 expendere.
2722 3115 2861 3182 Quid
2923 3120 3068 3171 enim
3129 3119 3243 3173 ait?
3310 3120 3417 3175 Aut
3480 3130 3560 3176 te-

1978 3214 2223 3265 neamus,
2283 3201 2476 3271 inquit,
2507 3206 2660 3275 cujus
2697 3207 2809 3276 jam
2849 3220 3126 3278 compotes
3167 3200 3293 3264 facti
3329 3224 3557 3279 sumus;

1981 3299 2075 3343 aut
2107 3291 2201 3345 ﬂat
2233 3294 2378 3348 sicut
2413 3295 2512 3364 ipsi
2555 3298 2820 3353 volumus.
2848 3299 3075 3366 Cecidit,
3117 3310 3173 3357 et
3214 3303 3413 3358 cecidit
3439 3305 3560 3373 qui-

1978 3382 2101 3434 dem
2156 3382 2521 3441 interfectus:
2554 3387 2771 3456 dolone,
2818 3389 3014 3459 inquit,
3047 3409 3118 3447 an
3160 3395 3332 3449 atroci
3376 3394 3559 3464 aliqua

1978 3472 2296 3541 calliditate,
2339 3478 2472 3532 nihil
2525 3479 2711 3537 refert.
2761 3482 2893 3537 Illud
2941 3484 3113 3538 solum
3156 3487 3359 3555 grande
3387 3485 3555 3547 ducit,

1979 3563 2123 3631 quod
2151 3575 2371 3636 propter
2400 3583 2594 3637 pravas
2630 3572 2989 3642 cogitationes
3021 3577 3075 3628 in
3096 3575 3282 3644 .ipsum
3316 3575 3555 3644 irrepsit.

1979 3652 2403 3723 Multitudinem,
2452 3660 2648 3729 inquit,
2688 3664 2969 3720 habemus.
2999 3663 3327 3735 Progredior
3352 3674 3407 3720 et
3440 3668 3557 3736 ipse

1981 3747 2142 3815 paulo
2171 3748 2420 3816 ulterius,
2456 3761 2515 3804 ut
2543 3751 2719 3807 insani
2749 3753 2877 3807 belli
2910 3764 3189 3824 spectator
3214 3755 3340 3809 tiam
3369 3774 3382 3809 :
3413 3757 3550 3826 ipse,

1978 3840 2221 3909 inquam,
2259 3843 2596 3911 progrediar,
2641 3844 2957 3899 insanorum
2985 3846 3125 3901 bella
3160 3847 3351 3902 sedare
3396 3860 3555 3903 antea

1980 3934 2197 3990 solitus.
2229 3936 2343 4005 Age
2372 3950 2522 4002 sane,
2555 3932 2699 3992 Mars
2732 3937 2851 4002 Ari,
2889 3937 3093 4008 clypeis
3130 3940 3385 3994 utendum
3426 3949 3508 3993 est
3536 3958 3550 3994 :
3600 4010 3605 4015 1

1979 4041 2046 4080 ne
2086 4035 2140 4078 tu
2184 4027 2286 4080 hoc
2324 4025 2539 4092 feceris,
2573 4029 2841 4083 obsecro:
2872 4027 3115 4083 detineat
3151 4029 3316 4099 igitur
3355 4040 3407 4085 te
3453 4030 3557 4084 Ve-

1977 4118 2126 4173 neris
2170 4133 2517 4190 congressus.
2583 4117 2782 4175 Verum
2833 4122 3040 4176 utinam
3093 4122 3551 4193 quemadmodum

1979 4212 2136 4265 turba
2167 4211 2476 4281 plausibilis
2505 4213 2731 4279 videris,
2759 4214 2841 4269 sic
2867 4224 2921 4268 et
2946 4214 3148 4284 pietate
3178 4214 3389 4284 vigeres
3419 4228 3549 4284 erga

1973 4305 2288 4362 Christum!
2332 4307 2471 4364 Ecce
2498 4308 2695 4364 iterum
2726 4311 2947 4381 supplex
2973 4312 3151 4375 venio,
3186 4321 3240 4365 et
3271 4327 3547 4367 armorum

1974 4397 2130 4467 copia
2160 4397 2391 4466 pollens,
2424 4415 2665 4469 pugnare
2703 4401 2866 4457 nolo:
2896 4402 3095 4458 Christi
3126 4418 3256 4458 vero
3297 4405 3399 4459 fide
3433 4422 3549 4458 mu-

1973 4490 2140 4554 nitus,
2172 4504 2294 4543 cum
2328 4499 2381 4544 te
2415 4505 2633 4555 sanare,
2678 4500 2790 4545 tum
2825 4492 2963 4547 alios
3004 4506 3199 4547 curare
3251 4493 3391 4547 volo.
3439 4493 3549 4546 Cur

1946 4168 1969 4197 \

1970 4672 2237 4726 veniunt?
2264 4670 2369 4727 Sed
2406 4688 2509 4743 qua
2538 4675 2740 4745 quiete,
2766 4675 2850 4730 dic
2880 4675 3034 4739 mihi,
3078 4676 3185 4740 dic,
3217 4690 3423 4745 quaeso,
3454 4687 3549 4730 aut

1968 4762 2169 4830 quibus
2214 4763 2389 4830 copiis
2437 4765 2670 4831 cinctus,
2722 4764 2804 4818 vel
2846 4765 3028 4833 petius
3072 4782 3180 4834 quo
3217 4767 3548 4820 temeritatis

1970 4853 2302 4920 provectus?
2331 4852 2376 4908 Ο
2404 4853 2688 4908 audaciam
2719 4854 2947 4909 fulmine
2989 4856 3395 4911 vindicandam!
3444 4857 3548 4909 Au-

1968 4943 2080 4999 dite
2108 4960 2227 5014 qnse
2264 4962 2435 5015 nuper
2470 4947 2601 5001 mihi
2637 4947 2915 5012 indicavit,
2953 4948 3168 5003 calamo
3192 4949 3343 5003 virus
3378 4946 3549 5001 instil-

1966 5034 2113 5089 lante
2157 5035 2404 5092 scribens
2436 5053 2449 5090 :
2483 5036 2597 5103 Sic,
2632 5038 2828 5108 inquit,
2876 5037 3170 5094 credimus.
3214 5037 3418 5093 Deinde
3450 5040 3544 5092 ad-

1966 5127 2101 5182 dens
2131 5128 2315 5182 nescio
2348 5143 2469 5198 qua:
2515 5130 2834 5196 insolenter,
2864 5136 2918 5184 et
2957 5128 3115 5184 valde
3147 5139 3400 5184 accurate
3433 5127 3543 5183 ela-

1964 5218 2178 5286 borata,
2205 5235 2530 5293 progressus
2555 5221 2804 5288 ulterius,
2837 5221 2971 5277 nihil
2994 5220 3309 5275 acerbitatis
3331 5220 3540 5286 omisit,

1964 5315 2060 5370 sed
2114 5328 2359 5379 omnem,
2410 5324 2471 5369 ut
2515 5315 2588 5369 ita
2648 5314 2842 5379 dicam,
2882 5315 3168 5370 dementiae
3228 5313 3540 5367 thesaurum

1964 5405 2219 5475 aperuit:
2252 5406 2605 5477 Expellimur,
2639 5407 2835 5476 inquit,
2872 5414 2925 5461 et
2971 5405 3301 5475 receptionis
3344 5411 3543 5458 nostris

1963 5498 2231 5555 securitas
2276 5500 2455 5556 omnis
2493 5499 2718 5555 tollitur.
2756 5497 2862 5554 Sed
2897 5502 3011 5555 haec
3050 5513 3241 5570 parum
3275 5496 3344 5553 ad
3390 5510 3543 5562 rem;

1962 5607 2083 5663 quae
2109 5598 2414 5662 sequuntur
2446 5592 2713 5648 attendite
2741 5607 2757 5646 :
2791 5592 2959 5663 ipsius
2986 5591 3133 5648 enim
3172 5589 3355 5648 verbis
3380 5597 3501 5645 utar
3524 5603 3553 5657 ε,
