4072 6396
1499 402 1526 417 ο

570 423 697 485 ῙἿΠ

1826 413 2124 473 OELASH
2168 408 2504 469 CYZICENI

3691 402 3814 466 1348

569 540 858 605 tingamus,
916 529 1110 598 inquit,
1162 527 1206 580 si
1256 526 1310 577 in
1368 522 1557 579 eadem
1612 522 1880 576 sententia
1921 528 2136 574 maneat

2254 516 2370 586 εἴπῃ
2393 532 2478 577 τις
2517 513 2607 566 τὸν
2635 512 2732 581 τῆς
2764 512 3060 582 παρανοίας
3102 507 3303 579 ἦνέῳξε
3348 506 3642 578 θησαυρόν.
3690 512 3811 564 Ἀπ-

565 623 903 680 Alexandriae
962 621 1286 690 episcopus,
1341 615 1654 670 facultatem
1709 613 1865 668 nobis
1914 613 2138 682 posthac

564 719 678 772 dari
727 732 789 771 ex
835 715 967 784 legis
1007 713 1328 782 praescripto
1377 709 1648 778 legitimos
1694 717 1745 762 et
1799 706 2139 760 necessarios

563 808 742 864 cultus
787 808 895 862 Deo
955 801 1248 858 tribuendi.
1305 799 1350 856 Ο
1407 800 1674 869 insignem
1725 795 2137 862 impudentiam,

564 915 724 969 quam
761 897 1003 952 veritatis
1029 893 1208 948 studio
1251 890 1572 960 reprehendi
1615 888 1931 958 oportebat!
1987 887 2139 953 Quod

565 993 708 1046 enim
751 989 825 1044 illi
871 1003 934 1043 ex
986 987 1152 1041 animi
1203 985 1473 1040 sententia
1525 981 1744 1047 accidit,
1789 979 1841 1034 id
1889 978 2142 1032 dictionis

567 1081 892 1151 compendio
939 1077 1228 1146 expressit.
1267 1076 1404 1141 Quid
1453 1074 1555 1138 ais,
1591 1071 1811 1142 inepte?
1851 1070 2140 1124 Dissidium

567 1176 870 1242 speciosum
923 1171 1128 1225 scilicet
1187 1167 1341 1222 nobis
1389 1165 1543 1219 ulcus
1609 1162 1819 1217 cderati
1878 1176 2004 1230 erga
2057 1174 2143 1213 me

563 1265 734 1319 animi
781 1277 1055 1333 opponere
1100 1275 1280 1330 paras,
1314 1267 1369 1312 et
1408 1257 1462 1311 in
1517 1255 1658 1309 malo
1693 1264 1867 1307 tecum
1905 1250 2143 1319 implica-

563 1366 652 1410 tos
683 1355 908 1424 perdere
941 1352 1185 1406 festinas.
1213 1349 1373 1415 Quid,
1406 1347 1606 1414 inquis,
1656 1344 1700 1398 si
1730 1357 1889 1397 nemo
1925 1341 2141 1410 dignum

564 1460 653 1497 me
681 1443 953 1497 existimat
985 1439 1076 1509 qui
1117 1437 1391 1507 recipiat?
1426 1435 1554 1490 illud
1586 1433 1731 1490 enim
1759 1446 1899 1500 saepe
1932 1431 2144 1498 impuro

562 1541 782 1601 gutture
813 1530 1036 1584 clamas.
1076 1528 1186 1598 Ego
1228 1541 1356 1581 vero
1405 1535 1593 1580 contra
1647 1523 1744 1576 tibi
1783 1523 1958 1575 dicam
1994 1539 2007 1574 :
2042 1519 2143 1574 Ubi

562 1634 776 1676 eertum
831 1621 1213 1673 documentum
1272 1625 1326 1670 et
1378 1613 1744 1669 testimonium
1809 1610 2013 1682 ingenii
2070 1609 2143 1662 tui

563 1711 889 1768 ostendisti?
933 1711 1087 1779 Quod
1116 1708 1356 1778 Oportuit
1401 1716 1453 1762 te
1487 1706 1592 1761 diis
1621 1713 1676 1760 et
1707 1702 2013 1758 hominibus
2046 1715 2144 1756 ex-

567 1805 788 1874 plicare,
819 1813 869 1858 et
893 1801 1184 1872 perspicue
1213 1799 1446 1868 aperire,
1478 1797 1714 1851 maxime
1743 1810 1864 1849 cum
1894 1793 2143 1847 venenati

2241 605 2598 674 ελαυνόμεθα,
2638 605 2795 675 φησι,
2830 606 2924 657 καὶ
2951 605 3050 673 τὴν
3073 602 3165 654 τοῦ
3199 601 3543 671 εἰσδεχθῆναι
3587 604 3728 672 ἡμᾶς
3751 605 3814 659 ἀ-

2240 698 2388 750 δειαν
2441 695 2838 764 ἀφαιροῦνται·
2893 693 3008 747 ἀλλ’
3052 693 3206 746 οὐδέν
3259 711 3344 744 πω
3391 690 3566 745 ταῦτα
3596 693 3722 761 πρδς
3757 695 3818 746 τὸ

2241 791 2475 860 πρᾶγμα
2500 803 2512 814 ·
2545 789 2659 850 τοῖς
2702 787 2758 840 δὲ
2795 784 2922 857 ἔξῆς
2973 784 3273 855 προσέχετε
3318 783 3410 837 τὸν
3453 783 3611 838 νοῦν·
3659 784 3817 837 αὑτοῦ

2241 881 2352 951 γὰρ
2381 882 2657 951 χρήσομαι
2683 881 2798 941 τοῖς
2823 879 3054 948 ῥήμασι.
3083 875 3354 946 Δεόμεθα,
3390 876 3576 945 φησιν,
3607 877 3698 930 ἐὰν
3727 877 3818 929 ἐπὶ

2242 975 2341 1042 τῆς
2376 972 2542 1040 αὐτῆς
2567 971 2800 1040 ἐπιμένῃ
2831 967 3056 1038 γνώμης
3086 971 3113 1021 ὁ
3143 967 3243 1037 τῆς
3276 965 3683 1036 Ἀλεξανδρείας
3705 968 3822 1020 ἐπί-

2246 1080 2469 1126 σκοπος,
2489 1065 2622 1134 ἡμῖν
2651 1061 2745 1115 τοῦ
2768 1060 2954 1114 λοιποῦ
2985 1060 3204 1131 δοθῆναι
3232 1059 3375 1113 κατά
3413 1059 3514 1129 τήν
3541 1057 3631 1111 τοῦ
3661 1059 3817 1129 νόμου

2243 1155 2509 1221 διάταξιν,
2534 1155 2633 1219 τάς
2659 1155 2953 1225 ὲνθέσμους
2978 1154 3073 1208 καὶ
3098 1153 3509 1223 ἀπαραιτήτους
3533 1151 3820 1222 θεραπείας

2243 1249 2321 1317 τῷ
2355 1247 2474 1318 Θεῷ
2525 1248 2813 1301 ἐπιτελεῖν.
2856 1247 2920 1299 Ὢ
2964 1245 3143 1314 δεινῆς
3173 1243 3472 1308 ἀναιδείας,
3507 1245 3574 1314 ἣν
3623 1244 3816 1311 σπουδῇ

2244 1338 2344 1407 τῆς
2379 1335 2635 1408 ἀληθείας
2670 1334 2966 1402 άπελέγξαι
2997 1331 3356 1405 προσῆκενίδ
3381 1333 3491 1402 γὰρ
3524 1331 3672 1400 αύτῷ
3705 1331 3819 1385 καθ’

2245 1431 2439 1502 ἡδονὴν
2484 1429 2780 1499 ἐτύγχανεν
2823 1427 2905 1491 ὃν,
2935 1426 3093 1482 τοῦτο
3118 1430 3184 1498 τῇ
3227 1427 3524 1497 συντομοίςι⁴
3554 1427 3653 1493 τῆς
3687 1426 3816 1496 φρά-

2248 1539 2386 1583 σεως
2421 1518 2836 1573 ἀπετυπώσατο.
2891 1518 2955 1570 Τί
2985 1518 3112 1590 φὴς,
3152 1518 3360 1583 ἄτοπε;
3394 1517 3686 1570 Διάστασιν
3736 1517 3820 1569 εύ-

2247 1614 2539 1683 πρόσωπον
2585 1611 2718 1680 ἡμῖν
2750 1611 2811 1662 τὸ
2840 1608 3040 1680 σαθρὸν
3067 1608 3169 1679 τῆς
3198 1609 3320 1662 κατ’
3366 1610 3388 1660 ἔ
3399 1609 3469 1679 μὲ
3503 1609 3702 1678 ἀγρίας
3731 1625 3819 1660 σου

2247 1704 2488 1766 διανοίας
2532 1701 2887 1772 ἐπιτειχίζειν
2935 1703 3190 1772 μηχανᾷ;
3222 1701 3317 1754 καὶ
3361 1703 3487 1764 τοὺς
3534 1701 3628 1753 ἔπι
3674 1701 3822 1771 κακῷ

2250 1813 2331 1849 σοι
2364 1793 2817 1866 προσπλακέντας
2847 1792 3111 1847 ἀπολέσαι
3154 1792 3430 1856 σπεύδεις;
3461 1792 3528 1844 Τί
3550 1788 3666 1856 οὖν,
3703 1791 3822 1861 φὴς,

568 1903 851 1962 serpentes
906 1902 1015 1944 tum
1066 1889 1238 1959 magis
1289 1886 1508 1941 eiIerari
1550 1884 1785 1951 soleant,
1825 1882 2043 1952 quando
2091 1882 2142 1935 iu

2254 1887 2463 1958 πράξω,
2497 1887 2546 1938 εἱ
2595 1885 2784 1956 μηδεὶς
2821 1885 2972 1952 ἀξιον
3000 1886 3216 1956 ἡγεῖταί
3262 1903 3327 1957 με
3358 1884 3642 1950 δέξασθαι;
3662 1885 3825 1938 Τοῦτο

569 1984 922 2055 peuitissimis
959 1982 1148 2037 lustris
1181 1979 1492 2034 reconditos
1531 1991 1590 2032 se
1621 1991 1742 2031 esse
1783 1975 2044 2030 sentiunt.
2080 1973 2149 2027 ll-

570 2077 658 2130 lud
693 2092 822 2129 veru
856 2075 1010 2128 valde
1055 2073 1105 2126 in
1145 2087 1208 2126 eo
1249 2071 1515 2125 urbanum
1549 2077 1652 2131 est,
1694 2069 1835 2137 quod
1882 2067 1982 2120 sub
2026 2081 2150 2134 per-

570 2183 702 2223 sona
743 2165 964 2236 pudoris
1007 2173 1158 2218 tanto
1188 2163 1368 2218 studio
1398 2161 1672 2215 silentium
1703 2157 1940 2213 simulet.
1968 2157 2148 2211 Mitem

569 2266 624 2311 et
656 2265 995 2309 mansuetum
1035 2262 1086 2306 te
1120 2251 1297 2320 palam
1328 2250 1577 2313 exhibes,
1605 2263 1726 2302 cum
1765 2247 2030 2300 malarum
2063 2260 2150 2299 ar-

568 2348 699 2402 tium
729 2356 783 2400 et
823 2344 1144 2400 insidiarum
1177 2342 1366 2411 plenus
1401 2341 1600 2394 multos
1629 2338 1805 2393 fallas.
1839 2335 1968 2403 Sed,
1992 2351 2022 2388 ο
2051 2335 2150 2388 ιιιί-

570 2437 806 2493 seriam!
843 2433 1087 2490 diabolus
1118 2441 1178 2486 ut
1202 2431 1396 2494 voluit,
1432 2429 1621 2484 Arium
1660 2427 1819 2483 nobis
1848 2426 2149 2496 iniquitatis

568 2528 833 2583 ofﬁcinam
867 2525 1015 2582 fecit.
1045 2523 1256 2579 Accede
1300 2537 1366 2578 ac
1399 2523 1484 2576 die
1512 2521 1644 2575 mihi
1685 2519 1810 2574 ﬁdei
1849 2529 1951 2573 tua:
1981 2517 2150 2572 docu-

573 2629 840 2682 mentum,
857 2627 910 2672 et
934 2630 1279 2685 nequaquam
1305 2625 1508 2668 taceas.
1533 2612 1675 2667 Heus
1695 2622 1747 2666 tu
1773 2608 1864 2681 qui
1885 2624 1946 2664 os
1971 2609 2154 2662 obtor-

577 2724 686 2766 tum
709 2720 764 2765 et
786 2709 1062 2778 ingenium
1086 2708 1153 2763 ad
1187 2721 1403 2762 omnem
1435 2703 1836 2774 improbitatem
1867 2700 2147 2772 possides:

573 2818 734 2856 unum
807 2799 941 2854 dicis
1010 2798 1221 2853 Deum?
1289 2811 1376 2851 me
1440 2794 1852 2864 suﬂragatorem
1926 2791 2149 2846 habes:

573 2897 651 2952 sic
680 2894 840 2964 igitur
901 2893 1124 2947 sentias.
1163 2889 1416 2960 Ejusdem
1447 2885 1696 2942 essentia:
1746 2885 1826 2939 ais
1885 2897 2008 2938 esse
2059 2881 2149 2936 Dei

573 2986 808 3042 Verbum
856 2983 998 3055 quod
1061 2982 1328 3054 principio
1385 2981 1595 3049 [ineque
1641 2976 1827 3034 caret?
1868 2977 1966 3031 hoc
2021 2988 2157 3044 quo-

571 3095 680 3150 que
709 3079 870 3133 laudo
909 3091 925 3130 :
977 3077 1057 3131 sic
1100 3076 1318 3130 credas.
1366 3073 1422 3128 Si
1459 3071 1586 3142 quid
1619 3069 1851 3125 ulterius
1876 3067 2148 3130 aduectis,

573 3173 629 3226 id
677 3171 824 3224 tollo.
870 3167 927 3223 Si
960 3168 1090 3236 quid
1135 3166 1203 3220 ad
1247 3166 1469 3234 impiam
1501 3163 1897 3233 sejunctioucm
1929 3158 2150 3220 astruis,

2247 1983 2354 2053 γὰρ
2384 1981 2646 2044 πολλάκις
2671 1982 2735 2033 ὲκ
2763 1981 2862 2051 τῆς
2893 1979 3116 2042 ἀνοσίας
3149 1978 3430 2049 φάρυγγος
3461 1976 3659 2046 ὲκϐοᾷς
3678 1994 3691 2007 ·
3721 1977 3827 2044 ἐγὼ

2247 2073 2305 2125 δὲ
2331 2071 2641 2125 τούναντίον
2671 2070 2869 2142 ἔρομαί
2895 2088 2954 2124 σε
2972 2087 2984 2101 ⁸
3016 2069 3118 2124 ποῦ
3146 2070 3202 2123 δὲ
3235 2069 3404 2138 σαφὲς
3427 2067 3715 2139 γνώρισμα
3737 2069 3827 2121 καὶ

2250 2163 2551 2234 μαρτύριον
2609 2163 2709 2232 τῆς
2778 2161 3007 2216 σεαυτοῦ
3079 2160 3319 2224 διανοίας
3375 2159 3668 2226 ὲπεδείξω;
3727 2160 3827 2212 Ἦν

2249 2256 2417 2326 ἐχρῆν
2467 2272 2526 2306 σε
2560 2253 2953 2318 διαπτύξαντα,
2989 2253 3084 2306 καὶ
3113 2255 3226 2314 τοῖς
3268 2251 3434 2315 θείοις
3462 2251 3556 2304 καὶ
3592 2254 3703 2313 τοίς
3731 2252 3825 2304 ἀν-

2250 2349 2543 2419 θρωπίνοις
2598 2350 2745 2417 σαφῆ
2797 2347 3176 2415 καταστῆσαι,
3220 2347 3313 2400 καὶ
3373 2346 3592 2416 μάλισθ’
3643 2347 3725 2398 ὅτι
3763 2345 3828 2399 τὰ

2253 2439 2433 2492 ίοδόλα
2462 2439 2570 2492 τῶν
2622 2438 2870 2508 ἑρπετῶν
2907 2439 3002 2491 καὶ
3030 2435 3332 2507 τηνικαῦτα
3374 2436 3577 2507 μᾶλλον
3617 2437 3826 2506 ἀγριαί-

2249 2549 2362 2584 νειν
2391 2531 2655 2598 πέφυκεν,
2703 2531 2832 2584 ὅταν
2879 2528 3053 2583 ἑαυτά
3085 2530 3198 2592 τοῖς
3232 2527 3341 2581 τῶν
3381 2526 3608 2598 φωλεῶν
3647 2530 3826 2596 μυχοῖς

2251 2623 2598 2691 ὲνιδρυθέντα
2643 2622 2924 2693 αἴσθηται.
2993 2623 3200 2675 Ἐκεῖνο
3245 2621 3299 2674 δέ
3344 2639 3409 2690 γε
3460 2620 3584 2674 λίαν
3621 2621 3828 2673 ἀστεῖον

2252 2714 2438 2779 αὐτού,
2473 2715 2532 2767 τὸ
2572 2716 2879 2778 σπουδαίως
2909 2709 2968 2768 εὖ
3005 2715 3150 2784 μάλα
3186 2715 3439 2785 καθάπερ
3478 2714 3583 2765 ύπὸ
3611 2730 3666 2764 τι
3705 2729 3826 2782 προσ

2254 2809 2488 2860 σωπεῖον
2517 2805 2699 2870 αἰδοῦς
2733 2785 2892 2876 σιγὴν
2922 2805 3274 2860 πλάττεσθαι.
3307 2807 3387 2877 Τῇ
3421 2806 3521 2876 μὲν
3561 2805 3656 2858 τοῦ
3701 2806 3829 2875 σχή-

2256 2915 2424 2971 ματος
2473 2899 2660 2971 τέχνῃ,
2707 2897 2962 2951 τιθασσὸν
3033 2898 3260 2952 σεαυτὸν
3313 2899 3410 2952 καὶ
3457 2897 3714 2968 χειροήθη
3765 2897 3829 2948 σύ

2253 3007 2316 3058 γε
2365 2989 2647 3060 παρέχεις.
2707 2989 2911 3042 Κακῶν
2965 2989 3020 3042 δὲ
3089 2989 3304 3060 μυρίων
3376 2991 3467 3042 καὶ
3527 2988 3829 3041 ἐπιϐουλῶν

2255 3080 2404 3133 ἔνδον
2447 3079 2658 3147 γέμων,
2711 3079 2839 3141 τοὺς
2868 3077 3099 3140 πολλοὺς
3157 3078 3410 3146 λέληθας.
3459 3077 3589 3130 Ἀλλ’
3629 3077 3674 3129 ὦ
3721 3078 3827 3146 τῆς

2255 3170 2608 3239 ἀθλιότητοςί
2679 3169 2755 3233 ὡς
2815 3171 2843 3222 ὁ
2914 3170 3150 3241 πονηρὸς
3229 3169 3577 3240 βεϐούληται,
3649 3167 3836 3233 οὕτως

575 3262 630 3318 id
665 3279 762 3317 nec
793 3263 980 3315 videre
1011 3273 1097 3313 me
1125 3273 1226 3312 nec
1257 3257 1562 3328 intelligere
1590 3254 1785 3310 fateor.
1818 3251 1874 3307 Si
1905 3253 2151 3320 corporis

2261 3225 2479 3332 ’Ἄρειον
2529 3263 2661 3331 ἡμῖν
2716 3225 2949 3332 ἀνομίας
3013 3225 3380 3333 ἔιργάστηριον
3433 3225 3837 3331 κατεγστήσατοῖ

578 3351 870 3420 hospitium
898 3350 965 3402 ad
993 3347 1298 3402 divinarum
1330 3344 1669 3399 [unctionem
1693 3339 2152 3411 dispensationem

575 3439 839 3499 assumis,
873 3452 975 3490 non
1024 3435 1385 3506 reprehendo.
1430 3431 1489 3488 Si
1537 3432 1791 3497 spiritum
1829 3429 2153 3484 aeternitatis

580 3528 636 3583 iu
674 3526 1020 3596 pt'tet'eilcnie
1057 3524 1232 3580 Verbo
1265 3523 1507 3596 genitum
1545 3522 1710 3587 dicis,
1741 3520 1993 3576 admitto.
2020 3519 2154 3586 Quis

583 3619 734 3672 novit
770 3616 1016 3678 Patrem,
1050 3615 1154 3670 nisi
1185 3615 1276 3684 qui
1306 3613 1458 3666 venit
1490 3627 1520 3665 a
1569 3610 1775 3666 Patre?
1805 3625 1967 3680 quem
2009 3610 2155 3664 novit

577 3709 761 3776 Pater,
795 3709 899 3763 nisi
933 3722 1094 3778 quem
1125 3721 1191 3760 ex
1230 3720 1288 3760 se
1325 3705 1392 3758 ab
1422 3714 1628 3758 :eteruo
1658 3712 1713 3758 et
1742 3702 1861 3758 sine
1887 3702 2156 3771 principio

569 3799 800 3872 genuit?
817 3797 896 3852 Tu
924 3797 1258 3869 hypostasim
1288 3795 1630 3864 peregrinam
1647 3793 1977 3848 substituere
1998 3803 2155 3862 putas

571 3901 849 3961 oportere,
887 3890 1028 3944 male
1071 3889 1260 3956 utique
1303 3886 1533 3942 credens
1569 3902 1584 3940 :
1628 3899 1728 3954 ego
1768 3899 1898 3940 vero
1933 3884 2157 3954 praecel-

579 3985 738 4044 lentis
769 3992 824 4038 et
853 3982 1034 4036 omnia
1073 3978 1422 4050 pervadentis
1449 3981 1736 4047 potestatis
1760 3977 2154 4047 plenitudinem

583 4072 756 4126 Patris
787 4082 844 4127 et
880 4070 1035 4137 Filii,
1072 4069 1364 4125 essentiam
1397 4083 1558 4123 unam
1609 4082 1728 4123 esse
1761 4082 2056 4138 cognosco.
2097 4065 2155 4120 Si

577 4163 745 4235 igitur
784 4172 837 4217 tu
881 4162 1067 4217 aufers
1107 4163 1174 4216 ab
1207 4160 1328 4225 illo,
1367 4175 1394 4213 a
1427 4176 1534 4229 quo
1571 4174 1638 4215 ne
1667 4159 2000 4228 cogitatione
2030 4157 2155 4226 qui-

577 4257 698 4310 dem
733 4255 1200 4309 contentiosorum
1251 4252 1455 4307 auferri
1488 4266 1727 4320 unquam
1759 4250 1969 4319 potuit;
2001 4248 2156 4302 addi-

581 4345 747 4401 tionis
813 4353 995 4399 autem
1059 4345 1436 4398 characterem
1504 4355 1827 4410 promoves,
1889 4351 1946 4392 et
2004 4339 2154 4408 signa

579 4438 937 4508 quarstionum
985 4436 1228 4506 explicas
1251 4477 1264 4499 ,
1301 4433 1376 4487 illi
1409 4434 1495 4486 cui
1537 4432 1805 4498 integram
1838 4430 2054 4498 quidem
2089 4447 2155 4488 ex

2254 3352 2393 3421 Λέγε
2425 3352 2485 3406 δὲ
2528 3351 2625 3406 νῦν
2659 3370 2752 3422 μοι
2783 3350 3070 3424 παρελθὼν
3110 3354 3210 3424 τῇς
3247 3351 3478 3406 σεαυτοῦ
3511 3351 3746 3414 πίστεως
3779 3352 3846 3403 τὸ

2255 3442 2565 3514 γνώρισμα,
2620 3443 2716 3497 καὶ
2771 3443 3034 3515 μηδαμῶς
3071 3461 3135 3513 γε
3184 3444 3605 3514 ἀποσιωπήσῃς.
3659 3439 3735 3495 Ὦ
3785 3446 3849 3495 τὸ

2258 3536 2357 3605 μὲν
2387 3535 2563 3605 στόμα
2588 3535 2936 3605 διάστροφον,
2973 3536 3072 3606 τὴν
3101 3534 3158 3588 δὲ
3185 3534 3347 3604 φύσιν
3372 3535 3676 3607 ὀξύρροπον
3702 3535 3848 3606 πρὸς

2258 3626 2523 3696 πονηρίαν
2573 3625 2900 3696 κεκτημένε·
2954 3627 3052 3680 ἕνα
3107 3626 3288 3694 λέγεις
3337 3626 3504 3691 Θεόν;
3547 3625 3851 3696 σύμψηφον

2256 3715 2399 3786 ἔχεις
2430 3715 2596 3784 κάμὲ,
2633 3714 2777 3768 οὕτω
2803 3716 3010 3786 φρόνει.
3041 3717 3154 3786 Τῆς
3181 3717 3373 3781 οὐσίας
3401 3717 3567 3771 αὑτοῦ
3601 3717 3854 3786 ἄναρχον

2257 3807 2354 3860 καὶ¹
2385 3806 2744 3877 ἀτελεύτητον
2789 3808 2963 3875 Λόγον
3009 3803 3150 3862 εἶναι
3196 3809 3332 3878 φής,
3390 3810 3601 3877 στέργω
3647 3808 3850 3861 τοῦτο·

2257 3895 2398 3950 οὕτω
2444 3897 2688 3950 πίστευε.
2723 3896 2790 3950 El.’
2826 3914 2880 3949 τι
2911 3898 3222 3968 περαιτέρω
3258 3899 3657 3970 προσπλέκεις,
3698 3899 3852 3952 τοῦτ’

2258 3987 2494 4058 ἀναιρῶ·
2525 3987 2579 4038 εἷ
2599 4004 2654 4039 τι
2686 3986 2823 4057 πρὸς
2846 3987 3022 4058 ἀσεϐῆ
3055 3989 3334 4060 χωρισμὸν
3349 3989 3855 4058 συγκατατάττεις,

2257 4078 2415 4131 τοῦτο
2440 4076 2564 4132 οὔτε
2591 4079 2742 4149 ὀρᾷν,
2766 4077 2890 4131 οὗτε
2918 4081 3057 4132 νοεῖν
3082 4079 3351 4151 ὁμολογῶ.
3386 4081 3450 4134 El
3475 4080 3574 4152 τὴν
3603 4081 3702 4134 τοῦ
3739 4081 3853 4135 σώ-

2262 4186 2431 4240 ματος
2474 4169 2652 4233 ξενίαν
2685 4170 2823 4243 πρὸς
2856 4171 3174 4241 οίκονομίαν
3203 4172 3312 4225 τῶν
3343 4171 3502 4225 θείων
3547 4175 3857 4244 ἐνεργειῶν

2261 4261 2734 4332 παραλαμϐάνεις,
2755 4263 2855 4317 οὐκ
2879 4263 3293 4335 ἀποδοκιμάζω.
3322 4265 3388 4318 Εἰ
3411 4265 3472 4318 τὸ
3496 4265 3726 4336 πνεῦμα
3753 4272 3858 4338 τῆς

2258 4352 2560 4423 ἀῖδιότητος
2578 4355 2636 4406 ὲν
2654 4353 2731 4424 τῷ
2760 4355 3084 4426 ὑπερέχοντι
3099 4356 3242 4427 λόγῳ
3261 4357 3621 4426 γεγεννῆσθαι
3643 4358 3854 4428 λέγεις,

2259 4445 2505 4515 δέχομαι.
2541 4447 2638 4510 Τίς
2676 4447 2820 4516 ἔγνω
2844 4447 2936 4501 τὸν
2977 4449 3220 4522 Πατέρα,
3247 4451 3296 4504 εἰ
3339 4451 3414 4520 μὴ
3451 4452 3481 4503 ὁ
3525 4451 3706 4504 ὲλθὼν
3744 4453 3857 4505 ﬁxi.-

580 4530 758 4598 seipso
778 4530 1139 4584 :eteruitatem
1169 4526 1338 4590 dedit,
1370 4525 1740 4591 incorruptam
1772 4537 1901 4577 vero
1930 4524 2152 4577 immor-

2264 4537 2356 4590 τοῦ
2385 4539 2630 4608 Πατρόςς
2658 4540 2792 4592 Τίνα
2820 4538 2960 4609 ἔγνω
2985 4542 3012 4594 ὁ
3036 4540 3246 4612 Πατὴρ,
3269 4542 3318 4594 εἰ
3343 4542 3418 4613 μὴ
3444 4541 3502 4595 δν
3531 4544 3727 4607 ἀῖδίως
3758 4546 3857 4597 καὶ

582 4622 808 4676 talitatis
858 4619 1271 4689 intelligentiam
1319 4632 1416 4684 per
1468 4616 1747 4685 seipsum,
1801 4626 1857 4670 et
1898 4615 2161 4671 Ecclesia:

585 4713 741 4767 [idem
769 4711 1035 4766 attribuit.
1069 4707 1255 4777 Abjice
1285 4707 1470 4777 igitur,
1499 4707 1672 4778 abjice
1699 4716 1806 4761 tam
1839 4709 2017 4762 stultae
2045 4710 2161 4778 epi-

583 4803 762 4857 nionis
796 4800 1078 4869 ﬂagitium,
1115 4798 1289 4850 facete
1333 4805 1387 4850 et
1416 4813 1616 4852 canore
1643 4799 1735 4851 Ari
1757 4838 1770 4863 ,
1803 4799 1942 4852 mala
1976 4801 2042 4853 ad
2081 4800 2162 4852 in-

584 4893 897 4960 sipientium
920 4886 1200 4956 perﬁdiam
1224 4887 1539 4942 decantatis.
1562 4885 1694 4943 Jure
1720 4898 1769 4942 te
1792 4887 2037 4942 diabolus
2064 4903 2160 4943 sua

585 4985 855 5040 subvertit
882 4981 1107 5046 malitia,
1149 4993 1203 5036 et
1225 4983 1546 5052 quibusdam
1579 4982 1810 5039 fortasse
1851 4983 2163 5052 hocjucun-

586 5079 711 5132 dum
751 5087 874 5128 esse
917 5073 1126 5126 videtur
1173 5091 1186 5128 :
1228 5073 1308 5129 sic
1349 5074 1496 5128 enim
1547 5076 1643 5131 tibi
1697 5077 2011 5144 persuades.
2069 5075 2163 5130 Est

585 5183 715 5221 vero
743 5165 902 5235 plane
935 5166 1254 5234 pestiferum
1282 5167 1386 5222 hoc
1419 5165 1638 5222 malum.
1669 5168 1782 5235 Age
1812 5180 1942 5222 sane
1974 5167 2162 5221 relicto

588 5259 678 5313 illo
712 5257 1066 5310 absurdarum
1091 5258 1405 5328 opinionum
1432 5259 1636 5325 studio,
1671 5272 1704 5313 ο
1732 5259 1897 5314 miser
1923 5258 2040 5326 Ari,
2069 5274 2165 5312 au-

583 5347 644 5400 di
677 5363 693 5401 :
730 5355 904 5401 tecum
939 5348 1081 5404 enim
1117 5348 1350 5405 dissero.
1384 5347 1503 5403 Non
1535 5348 1705 5404 sentis
1735 5358 1786 5405 te
1824 5349 1890 5403 ab
1920 5337 2162 5404 Ecclesia

586 5438 684 5493 Dei
744 5439 1014 5508 ejectum?
1061 5441 1314 5511 periisti,
1361 5449 1515 5496 certo
1560 5441 1745 5508 scias,
1779 5441 1880 5496 nisi
1929 5441 2161 5511 teipsum

584 5530 922 5600 respiciens,
977 5533 1306 5588 dementiam
1364 5539 1515 5585 tuam
1565 5532 1809 5588 damnes.
1865 5531 1972 5587 Sed
2015 5535 2162 5587 dices

584 5638 841 5695 magnam
895 5625 1294 5680 multitudinem
1346 5624 1628 5680 hominum
1683 5636 1735 5680 te
1782 5625 2068 5693 adjuvare,
2111 5636 2166 5680 et

582 5729 753 5770 curas
799 5724 921 5770 tuas
954 5716 1260 5770 sublevare.
1295 5714 1433 5769 Audi
1471 5715 1658 5784 igitur,
1693 5715 1972 5785 paululum
2004 5731 2164 5770 aures

585 5816 712 5863 tuas
745 5807 1094 5875 submittens,
1126 5822 1160 5864 ο
1189 5807 1351 5875 impie
1384 5807 1502 5872 Ari,
1527 5817 1581 5864 et
1607 5808 1850 5878 intellige
1881 5818 2028 5864 tuam
2067 5810 2163 5865 de-

2263 4629 2514 4700 ἀνάρχως
2561 4629 2621 4698 ὲξ
2675 4631 2840 4684 αὐτοῦ
2890 4633 3228 4703 γεγέννηκε;
3273 4633 3344 4685 Σὺ
3397 4633 3495 4703 μὲν
3543 4636 3860 4690 ὑπόστασιν

2264 4718 2420 4788 ξένην
2450 4720 2771 4775 ὑποτάττειν
2804 4720 2904 4774 οἴει
2927 4723 3059 4788 δεῖν,
3093 4723 3280 4788 κακῶς
3304 4723 3370 4795 δή
3403 4741 3506 4778 που
3547 4727 3860 4780 πιστεύων·

2261 4810 2372 4878 ἐγὼ
2415 4811 2472 4865 δὲ
2512 4812 2610 4882 τῆς
2659 4812 2994 4884 ύπερεξόχου
3046 4814 3142 4867 καὶ
3192 4815 3284 4878 ἐστὶ
3329 4815 3506 4868 πάντα
3553 4816 3868 4888 διηκούστμς

2261 4901 2542 4971 δυνάμεως
2566 4901 2628 4954 τὸ
2652 4901 2926 4973 πλήρωμα
2951 4903 3164 4974 Πατρδς
3191 4906 3287 4957 καί¹
3313 4904 3465 4970 Υίοῦ,
3496 4906 3700 4959 οὐσίαν
3728 4910 3868 4978 μίαν

2262 4987 2403 5044 εἶναι
2434 4992 2708 5060 γινώσκω,
2734 4996 2783 5047 εἰ
2805 4997 2984 5049 τοίνυν
3007 4995 3106 5065 μὲν
3128 4997 3192 5049 σὺ
3215 4997 3470 5067 ἀφαιρεῖς
3499 4999 3596 5051 ἀπ’
3613 5001 3865 5058 ἐκείνου,

2263 5085 2357 5153 ἀφ’
2393 5080 2453 5140 οὗ
2485 5086 2822 5157 χωρισθῆναι
2863 5085 2986 5141 οὐδὲ
3025 5089 3233 5144 διάνοια
3273 5091 3384 5142 τῶν
3415 5091 3856 5160 ὲρεσχελούντων

2263 5175 2547 5246 δεδύνηται
2585 5176 2800 5230 οὺδεπώ
2832 5194 2965 5231 ποτε
2998 5178 3172 5235 οὐδέν.
3217 5180 3547 5251 Προσθήκης
3588 5180 3653 5234 δὲ
3693 5199 3847 5254 χαρα-

2265 5268 2474 5337 κτῆρας
2519 5267 2818 5333 ὁδοποιεῖς,
2853 5271 2949 5324 καὶ
2989 5271 3126 5335 ὅλως
3168 5273 3526 5344 γνωρίσματα
3567 5272 3856 5346 ζητήσεων

2262 5359 2552 5428 διορίζεις,
2599 5361 2794 5434 ἐκείνῳ
2833 5355 2877 5430 ᾧ
2913 5362 3207 5435 ὁλόκληρον
3262 5365 3358 5434 μὲν
3408 5363 3468 5428 ἔξ
3512 5365 3727 5420 lauto?)
3765 5365 3871 5434 τὴν

2263 5449 2545 5519 ἀῖδιότητα
2573 5451 2807 5507 δέδωκεν
2825 5494 2843 5519 ,
2877 5454 3205 5524 ἀδιάφθορον
3234 5455 3293 5508 δὲ
3319 5453 3418 5524 τὴν
3447 5453 3692 5523 ἔννοιαν,
3725 5455 3876 5508 ἀθα-

2265 5541 2457 5605 νασίας
2490 5559 2550 5594 τε
2587 5543 2654 5595 δι’
2688 5545 2883 5599 ἑαυτοῦ
2923 5547 3018 5598 καὶ
3058 5545 3388 5614 Ἐκκλησίας
3429 5545 3614 5616 ἔνειμε
3645 5548 3875 5600 πίστιν.

2265 5631 2555 5685 Κατάϐαλε
2590 5628 2683 5686 οὖν
2711 5634 2796 5705 δὴ,
2829 5636 3103 5689 κατάϐαλε
3131 5636 3192 5688 τὸ
3227 5636 3422 5708 εὔηθες
3453 5637 3614 5692 τοῦτο
3645 5639 3885 5708 ἀνόμη-

2269 5740 2363 5793 μα,
2388 5717 2432 5775 ὦ
2461 5725 2645 5777 ἀστεῖε
2677 5726 2742 5778 σὺ
2771 5727 2866 5778 καὶ
2894 5726 3126 5794 εὕφωνε,
3163 5727 3257 5781 καὶ
3281 5729 3350 5782 τά
3373 5727 3517 5781 κακά
3549 5730 3697 5797 πρὸς
3731 5733 3888 5784 ἀπι-

2267 5815 2422 5869 στίαν
2449 5815 2558 5869 τῶν
2583 5816 2829 5887 ἀνοήτων
2857 5817 3081 5886 ἐξᾴδων.
3117 5818 3357 5884 Εἰκότως
3385 5818 3492 5890 ἄρα
3525 5835 3586 5872 σε
3613 5819 3644 5871 ὸ
3684 5835 3891 5888 πονη-
