4072 6396
423 501 560 564 3359

1302 483 1667 552 HISTORIA
1707 487 2040 548 CONCILII
2082 487 2384 547 NICtENI.
2423 513 2491 522 -
2532 487 2678 545 LIB.
2720 486 2802 545 li.

3539 481 3673 547 1350

418 609 510 680 pb;
544 608 610 676 τῇ
655 598 848 656 ἑαυτοῦ
895 596 1305 668 κατεστρέψατο
1351 595 1555 664 κακία,
1610 593 1704 645 καὶ
1750 595 1860 653 τοῖς
1895 591 1993 658 μὲν

2119 590 2378 642 nentiam.
2408 589 2486 641 Tn
2522 606 2674 651 vero,
2703 587 2866 654 Deus,
2895 588 2984 656 qui
3015 587 3255 641 omnium
3285 603 3466 642 curam
3503 595 3670 661 geris,

418 702 548 760 ἴσως
576 696 674 767 ἤδη
707 694 767 747 τὸ
802 693 1045 744 τοιοῦτον
1065 686 1206 742 εἶναι
1241 689 1406 740 δοκεῖ.
1445 685 1602 739 Οὕτω
1633 685 1740 754 γάρ
1771 681 1994 735 σεαυτὸν

418 789 708 848 πέπεικας.
745 785 900 836 Ἔστι
939 783 994 835 δὲ
1035 781 1214 848 πάντη
1248 778 1497 849 ὀλέθριον
1530 778 1592 829 τὸ
1626 775 1815 828 κακόν.
1855 774 1994 843 Φέρε

413 879 479 950 δὴ
527 881 624 947 τῆς
669 877 726 927 ὲν
778 876 892 936 τοῖς
941 871 1259 941 ἀτοπήμασι
1306 867 1588 936 διατριϐῆς
1637 864 1992 931 ἀπαλλαγεὶς,

415 972 607 1028 ἄκουε,
628 962 673 1020 ὢ
701 964 948 1036 δαιμόνιε
993 963 1178 1032 ’Δρειε
1199 979 1214 994 ο
1244 961 1326 1012 σοὶ
1361 959 1470 1029 γὰρ
1505 956 1841 1026 διαλέγομαι.
1883 953 1995 1024 Τῆς

427 1059 755 1129 Ἐκκλησίας
795 1058 965 1127 δήπου
999 1053 1092 1107 τοῦ
1134 1052 1268 1106 Θεοῦ
1303 1047 1830 1119 ἀποκεκηρυγμένος
1889 1046 1990 1099 οὐκ

416 1150 649 1222 αἰσθάνῃ
691 1148 995 1210 ἀπόλωλας,
1022 1145 1084 1199 εὐ
1111 1143 1240 1205 ἴσθι,
1269 1143 1364 1194 ὲάν
1390 1141 1464 1211 μὴ
1490 1139 1690 1210 βλέψας
1721 1139 1801 1201 είς
1834 1154 1994 1190 σεαυ-

415 1243 526 1308 τὸν,
587 1240 685 1310 τὴν
744 1236 1024 1308 παροῦσάν
1079 1251 1159 1288 σοι
1207 1235 1541 1301 κατακρίνῃς
1588 1229 1793 1282 ἄνοιαν.
1852 1227 1992 1280 ’Δλλ’

415 1334 580 1402 ἐρεῖς,
609 1330 684 1392 ὼς
706 1328 852 1398 όχλοι
880 1323 1296 1396 συμπράττουσί
1327 1339 1432 1387 σοι,
1463 1323 1558 1374 καὶ
1582 1321 1681 1382 τὰς
1708 1317 1994 1402 φροντίδας

415 1400 836 1472 ἀπελαύνουσιν.
888 1415 1086 1468 Ἀκουε
1119 1413 1184 1482 δή
1233 1411 1430 1482 μικρὸν
1463 1407 1718 1478 ὑποσχὼν
1751 1407 1820 1459 τά
1855 1400 1992 1472 ῶτα,

2097 681 2245 735 adsis
2277 681 2538 749 benignus
2584 681 2652 734 iis
2691 695 2811 749 quae
2852 679 3138 748 dicuntur,
3181 679 3225 733 si
3271 696 3336 735 ex
3381 680 3483 735 ﬁde
3524 694 3672 736 sunt.

2097 771 2208 840 Ego
2241 772 2384 826 enim
2427 772 2591 826 homo
2628 783 2748 827 tuus
2783 772 2965 827 divina
2999 770 3342 826 Providentia
3378 774 3570 840 fretus,
3601 790 3667 828 ex

2098 864 2386 932 scripturis
2423 861 2629 918 Grecis
2658 875 2711 918 et
2741 864 3021 926 Romanis,
3053 863 3229 932 iisque
3263 864 3672 930 vetustissimis,

2100 953 2366 1008 insaniam
2394 953 2508 1007 Arii
2533 963 2719 1024 aperte
2743 954 3128 1008 demonstrabo
3153 965 3278 1008 ante
3301 964 3380 1007 tcr
3407 955 3551 1009 mille
3574 973 3672 1008 an-

2098 1060 2196 1099 nos
2222 1045 2288 1098 ab
2312 1045 2587 1116 Erythraea
2619 1045 3089 1116 praasigniﬁcatam
3122 1054 3281 1114 atque
3307 1045 3616 1114 praedictam
3655 1066 3670 1100 ;

2097 1137 2174 1190 ait
2202 1137 2344 1191 enim
2381 1137 2508 1192 illa:
2539 1137 2633 1191 Vae
2667 1137 2784 1200 tibi,
2815 1135 3005 1207 Libya,
3047 1136 3098 1190 in
3137 1136 3423 1191 maritimis
3459 1137 3560 1191 sita
3596 1139 3674 1190 lo-

2096 1231 2176 1284 cis
2218 1247 2232 1282 :
2285 1229 2466 1283 veniet
2513 1229 2656 1282 enim
2713 1239 2922 1297 tempus
2985 1229 3036 1281 in
3077 1242 3182 1296 quo
3218 1243 3338 1282 eum
3378 1228 3572 1298 populo
3620 1237 3677 1282 et

2101 1321 2309 1374 ﬁliabus
2345 1321 2448 1374 tuis
2471 1331 2744 1375 certamen
2779 1335 2967 1390 grave,
3003 1320 3200 1374 durum
3233 1331 3286 1374 et
3317 1321 3535 1374 omnino
3571 1319 3676 1373 dif-

2099 1411 2238 1466 ﬁcile
2268 1412 2453 1468 subire
2479 1415 2710 1484 cogeris,
2743 1428 2807 1468 ex
2841 1427 2948 1482 quo
2981 1413 3221 1466 omnium
3261 1415 3391 1468 ﬁdes
3419 1421 3473 1468 et
3497 1413 3672 1481 pietas

415 1506 461 1564 ῶ
499 1511 679 1564 ἀνόσιε
721 1510 926 1578 Ἀρειε,
961 1507 1056 1561 καὶ
1086 1505 1244 1566 σύνες
1274 1506 1372 1573 τὴν
1406 1501 1636 1555 σεαυτοῦ
1677 1499 1882 1553 ἄνοιαν.
1920 1499 1992 1552 Σύ

2120 1503 2461 1558 udicabitur:
2497 1513 2551 1559 tu
2597 1519 2725 1558 vero
2766 1506 2830 1557 ad
2863 1513 3166 1558 extremum
3206 1504 3431 1559 exitium
3478 1505 3673 1558 dever-

415 1604 497 1667 δὲ,
526 1597 570 1655 ὦ
603 1601 820 1656 πάντων
851 1596 1104 1669 κηδεμὼν
1133 1595 1288 1662 Θεὸς,
1321 1593 1553 1664 εὐμενὴς
1584 1594 1700 1664 εῖης
1743 1591 1820 1662 τῷ
1842 1591 1993 1658 λεγο-

2097 1595 2179 1666 gis
2209 1613 2222 1646 :
2258 1610 2353 1650 vos
2377 1596 2520 1649 enim
2545 1596 2846 1651 cmlestium
2874 1596 3068 1650 nurum
3103 1595 3502 1664 receptaculum
3540 1609 3674 1647 can-

422 1693 585 1762 μένῳ,
619 1692 667 1743 εἰ
702 1689 936 1751 πίστεως
971 1687 1167 1757 ἔχοιτο.
1215 1683 1358 1752 Ἐγὼ
1389 1684 1499 1754 γάρ
1529 1685 1558 1735 ό
1591 1683 1680 1746 σὸς
1710 1681 1996 1752 ἄνθρωπος

2116 1685 2297 1739 rellere
2327 1686 2444 1739 ausi
2475 1687 2628 1747 estis,
2665 1695 2720 1740 et
2753 1701 2938 1742 morsu
2986 1685 3316 1754 discerpere,
3349 1697 3512 1754 atque
3539 1687 3678 1738 adeo

419 1780 548 1834 ῖλεω
577 1780 712 1848 ἔχων
752 1779 850 1848 τήν
883 1776 1162 1847 παροῦσαν
1193 1773 1552 1844 προμήθειαν,
1585 1771 1682 1824 καὶ
1711 1771 1768 1834 ἐξ
1803 1769 1993 1839 Ἐλλη-

417 1873 596 1941 νικῆς,
624 1872 718 1924 καὶ
751 1872 814 1922 ὲκ
855 1867 1170 1937 Ῥωμαῖκῆς
1203 1865 1424 1937 γραφῆς
1455 1866 1594 1918 πάνυ
1625 1863 1992 1934 ἀρχαιοτάτης

420 1963 604 2031 σαφῶς
639 1961 905 2028 ἀποδείξω
928 1961 1027 2030 τὴν
1061 1960 1273 2031 ’Λρείου
1302 1960 1520 2028 μανίαν,
1554 1959 1660 2028 πρὸ
1679 1955 1992 2028 τρισχιλίων

420 2071 524 2108 που
546 2055 682 2107 ὲτῶν
710 2053 814 2106 ὑπὸ
831 2054 927 2122 τῆς
964 2051 1231 2124 Ἐρυθρᾶς
1251 2051 1653 2123 προῤῥηθεῖσάν
1672 2068 1730 2104 τε
1754 2052 1845 2104 καὶ
1863 2067 1989 2120 προ⁹

417 2144 808 2214 φημισθεῖσαν.
845 2143 988 2212 Ἔφη
1013 2143 1120 2213 γὰρ
1139 2140 1321 2212 ἐκείνη
1354 2157 1439 2208 γε’
1484 2141 1619 2193 Οὐαί
1655 2157 1757 2205 σοι,
1791 2139 1989 2210 Λιϐύη,

420 2237 479 2287 ὲν
520 2233 806 2304 παραλίοις
837 2233 1065 2303 κειμένη
1093 2231 1290 2302 χώροις
1312 2247 1326 2262 ·
1369 2232 1487 2302 ἥξει
1519 2230 1628 2300 γάρ
1673 2248 1755 2283 σοι
1783 2232 1995 2300 καιρὸς,

419 2331 478 2381 ὲν
507 2321 550 2393 ᾧ
600 2326 736 2396 μετὰ
769 2325 878 2378 τῶν
913 2325 1098 2394 δήμων
1139 2323 1376 2376 καὶ-τῶν
1424 2323 1629 2392 σαυτῆς
1681 2322 1997 2392 θυγατέρων

417 2418 588 2470 δεινὸν
636 2416 827 2484 ἀγῶνα
867 2415 961 2467 καί¹
995 2413 1148 2483 ὠμὸν
1199 2414 1293 2465 καὶ
1343 2412 1694 2481 παγχάλεπον
1745 2411 1999 2464 ὑπελθεῖν

419 2507 844 2578 ἀναγκασθήσῃ,
895 2505 986 2573 ἀφ’
1033 2498 1096 2557 οὐ
1141 2504 1424 2574 κριτήριον
1477 2504 1577 2571 μὲν
1625 2505 1704 2564 είς
1753 2501 1998 2566 ἃπαντας

423 2599 658 2659 πίστεώς
693 2613 753 2648 τε
795 2594 890 2649 καὶ
920 2592 1204 2656 εὐσεϐείας
1242 2593 1641 2661 διαδοθήσεται·
1677 2593 1741 2643 σύ
1776 2592 1833 2644 δὲ
1866 2592 2001 2662 πρὸς

421 2691 653 2758 ἔσχατον
703 2686 1018 2746 ἀποκλίνεις
1061 2686 1483 2753 καταστροφῆςο
1537 2683 1696 2752 ὑμεῖς
1738 2683 1848 2751 γὰρ
1893 2682 2002 2734 τῶν

423 2777 694 2848 οὐρανίων
740 2775 917 2830 ἀνθῶν
950 2775 1010 2828 τὸ
1054 2774 1338 2842 δεκτήριον
1386 2773 1697 2826 ἀνασπάσαι
1741 2772 2004 2843 τετολμή-

427 2881 580 2926 κατε,
623 2864 716 2916 καὶ
743 2864 986 2932 δήγματι
1020 2861 1332 2932 σπαράξαν
1370 2862 1466 2915 καὶ
1511 2862 1609 2930 μὲν
1660 2860 1726 2932 δὴ
1766 2861 2003 2931 σιδηροῖς

427 2953 693 3024 ἐχράνατε
724 2956 834 3016 τοῖς
860 2953 1062 3007 ὀδοῦσι.
1087 2953 1150 3005 Τί
1179 2953 1335 3023 δῆτα,
1364 2947 1410 3005 ὧ
1440 2953 1710 3022 πανοῦργε
1732 2967 1746 3015 ;
1773 2951 1876 3004 πού
1903 2953 2004 3022 γῆς

431 3045 626 3098 σαυτὸν
658 3041 796 3099 εἶναι
837 3044 932 3098 νῦν
961 3045 1276 3115 ὀμολογεῖς;
1313 3044 1456 3097 Ἐκεῖ
1485 3043 1723 3115 δηλονότι
1748 3061 1759 3075 υ
1793 3044 2007 3114 κατέχω

431 3137 538 3207 γάρ
574 3153 668 3188 σου
709 3135 778 3189 τά
804 3136 1141 3206 γράμματα,
1173 3134 1210 3188 ἃ,
1259 3133 1337 3204 τῷ
1379 3134 1479 3203 τῆς
1534 3135 1728 3204 μανίας
1775 3134 2007 3204 καλάμῳ

433 3228 570 3297 πρός
616 3244 684 3298 με
719 3225 1067 3296 διεχάραξας,
1115 3227 1174 3277 ὲν
1209 3218 1291 3287 οἷς
1321 3225 1426 3294 φὴς
1475 3226 1653 3278 πάντα
1679 3227 1794 3290 τὸν,
1816 3224 2003 3290 Λίϐυν,

441 3318 613 3388 δῆμον
653 3316 946 3387 σύμψηφον
974 3311 1112 3369 εἶναί
1143 3331 1225 3367 σοι
1257 3315 1394 3386 πρὸς
1426 3315 1698 3386 σωτηρίαν
1729 3315 1920 3386 δήπου.
1949 3313 2012 3367 Ei

435 3408 492 3460 δὲ
521 3407 581 3460 οὐ
611 3407 804 3476 φήσεις
827 3405 984 3458 ταυτὶ
1014 3403 1188 3467 οὓτως
1219 3403 1385 3475 ἔχειν,
1419 3402 1772 3474 μαρτύρομαι
1795 3403 1896 3474 ήδη
1922 3401 2014 3472 τὸν

439 3498 594 3560 Θεὸν,
627 3493 664 3568 ἧ
697 3497 803 3567 μὴν
835 3495 1194 3566 ἀρχαιότατον
1220 3495 1320 3566 τῆς
1364 3494 1632 3566 Ἐρυθρᾶς
1666 3492 1915 3557 πυκτίον,
1948 3491 2018 3546 δι’

451 3583 768 3654 Ἑλληνικῆς
786 3582 1215 3652 συντεταγμένον
1229 3579 1496 3650 γλώττης,
1513 3582 1592 3642 είς
1615 3578 2018 3649 Ἀλεξάνδρειαν

441 3674 814 3740 ἀποστέλλειν,
836 3673 911 3736 ὡς
939 3675 1006 3726 ἂν
1035 3674 1228 3726 θᾶττον
1248 3670 1490 3725 ἀπόλοιο.
1517 3665 1650 3724 Εἶτα
1678 3671 1741 3722 σὺ
1769 3669 2019 3739 ἀναμάρο

439 3781 620 3834 τητος,
662 3760 706 3820 ὢ
740 3763 1138 3834 δικρανοφόρε;
1173 3757 1307 3816 Είτα
1334 3761 1397 3814 οὐ
1430 3760 1616 3830 σαφῶς
1639 3760 1943 3824 ἀπόλωλας,
1972 3754 2018 3814 ὧ

442 3853 631 3921 ἀθλιε,
677 3852 902 3924 τοιούτῳ
958 3851 1114 3920 δεινῷ
1171 3850 1780 3920 περιεστοισχισμένοςς
1839 3850 2016 3920 ῐσμεν,

338 3951 344 3955 ⁷
446 3946 602 4014 ίσμεν
645 3961 739 3998 σου
794 3945 854 3998 τὸ
900 3943 1233 4014 ὲγχείρημα’
1276 3941 1405 3995 ποία
1452 3942 1705 4012 φροντὶς,
1757 3943 1907 3996 ποῖόν
1957 3959 2018 3996 σε

448 4035 664 4106 θράττει
717 4036 868 4103 δέος,
927 4037 988 4089 οὐ
1044 4033 1268 4105 λέληθεν
1325 4035 1495 4105 ἡμᾶς,
1548 4028 1594 4088 ὦ
1643 4034 1876 4106 δύστηνε
1923 4038 2019 4091 καὶ

447 4125 778 4196 ταλαίπωρε.
816 4127 881 4178 Ὢ
907 4127 1007 4194 τῆς
1039 4124 1386 4196 ἀμϐλύτητος
1417 4125 1528 4178 τῶν
1557 4124 1665 4178 σῶν
1695 4125 1928 4196 φρενῶν,
1960 4127 2021 4191 ὃς

445 4219 564 4272 οὐδὲ
588 4220 686 4290 τὴν
711 4219 864 4272 νόσον
889 4218 984 4272 καὶ
1009 4217 1107 4288 τὴν
1136 4215 1449 4286 ἀμηχανίαν
1470 4217 1569 4287 τῆς
1591 4217 1817 4270 σεαυτοῦ
1841 4218 2021 4288 ψυχῆς

443 4311 811 4376 ἀναστέλλεις,
841 4303 888 4364 ὦ
912 4311 1116 4362 ἀνόσιεο
1141 4308 1203 4372 ὃς
1235 4309 1333 4379 τήν
1361 4307 1620 4379 ἀλήθειαν
1650 4309 1914 4373 ποικίλοις
1939 4311 2023 4363 δι-

444 4403 690 4472 ορύττεις
734 4402 912 4470 λόγοις
933 4417 947 4430 ·
977 4402 1075 4454 καὶ.⁴
1099 4399 1338 4464 τοιοῦτος
1369 4400 1444 4454 ὣν
1477 4401 1577 4454 οὐκ
1611 4401 1840 4474 αἰσχύνῃ
1875 4403 2023 4474 ἡμᾶς

447 4493 632 4561 ψέγων
652 4533 666 4558 ,
700 4492 795 4545 καὶ
823 4492 916 4545 νῦν
955 4492 1056 4560 μὲν
1087 4491 1347 4562 ἐλέγχων,
1379 4492 1453 4556 ὥς
1479 4508 1544 4559 γε
1587 4493 1711 4545 οἴει*
1745 4493 1839 4546 νῦν
1875 4495 1920 4546 δ’
1954 4493 2022 4547 αὖ

2100 1774 2290 1831 ferreis
2311 1777 2579 1848 polluistis
2614 1778 2885 1832 dentibus.
2910 1777 3046 1843 Quid
3074 1777 3263 1844 igitur,
3309 1776 3503 1832 callide
3532 1786 3680 1831 vete-

2100 1879 2269 1931 rator,
2303 1869 2392 1922 ubi
2430 1868 2680 1924 locorum
2725 1883 2846 1923 esse
2882 1868 3110 1922 fateris?
3143 1867 3256 1921 illic
3286 1869 3494 1922 scilicet
3537 1885 3550 1920 :
3583 1868 3681 1922 lta-

2103 1960 2202 2014 beo
2245 1959 2388 2013 enim
2413 1959 2664 2023 litteras,
2702 1973 2837 2028 quas
2879 1960 2945 2012 ad
2991 1973 3077 2014 me
3113 1957 3308 2013 furoris
3342 1959 3418 2012 tui
3463 1960 3674 2012 calamo

2101 2050 2404 2118 scripsisti,
2452 2050 2504 2102 in
2545 2050 2739 2120 quibus
2783 2050 2864 2104 ais
2918 2065 3132 2104 omnem
3184 2049 3368 2120 Libya:
3423 2051 3678 2119 populum

2103 2141 2413 2209 conspirare
2439 2151 2614 2195 tecum
2642 2141 2706 2193 ad
2732 2141 2984 2196 Salutem.
3015 2139 3070 2194 Si
3101 2156 3230 2195 vero
3254 2141 3536 2210 negaveris
3565 2141 3680 2194 ltzec

2105 2231 2176 2285 ita
2205 2246 2263 2286 se
2299 2231 2521 2296 habere,
2559 2231 2724 2286 Deum
2756 2242 2943 2295 testor,
2969 2247 3054 2286 me
3084 2233 3512 2286 vetustissimum
3543 2232 3679 2302 Ery-

2107 2323 2287 2376 thraeae
2342 2322 2622 2390 exemplar
2681 2309 2869 2377 Graece
2933 2324 3194 2392 scriptum
3251 2323 3475 2389 habere,
3536 2325 3680 2391 quod

2105 2412 2488 2467 Alexandriam
2545 2413 2794 2478 mittam,
2837 2423 2894 2466 nt
2946 2428 3108 2482 quam
3157 2413 3420 2466 citissime
3470 2427 3685 2482 pereas.

2106 2504 2263 2557 Anne
2318 2512 2371 2557 tu
2420 2504 2537 2557 sine
2592 2512 2836 2571 peccato,
2889 2502 3152 2558 furcifer?
3203 2519 3342 2558 anne
3400 2505 3689 2558 manifeste

2108 2596 2320 2663 periisti
2356 2596 2544 2662 miser,
2579 2604 2730 2650 tanto
2770 2597 2913 2650 malo
2949 2595 3392 2664 circumseptus?
3429 2592 3686 2648 Novitntts

2108 2685 2238 2753 quid
2273 2685 2514 2739 rnoliaris
2554 2703 2568 2740 :
2607 2700 2728 2755 quae
2762 2701 2912 2751 cura,
2947 2686 3067 2754 quis
3096 2694 3271 2738 metus
3301 2693 3352 2738 te
3385 2685 3689 2753 perturbet,

2111 2791 2217 2829 non
2254 2791 2355 2831 nos
2388 2777 2560 2843 latet,
2588 2775 2775 2832 infelix
2808 2787 2862 2831 et
2899 2777 3235 2830 calamitose.
3265 2775 3308 2830 Ο
3343 2778 3538 2830 mentis
3587 2784 3690 2830 tua!

2111 2876 2387 2936 stuporem
2410 2907 2426 2932 ,
2456 2869 2546 2938 qui
2579 2869 2823 2922 morbum
2855 2878 2910 2922 et
2938 2867 3173 2935 inopiam
3217 2868 3408 2920 animus
3442 2875 3544 2920 tua:
3579 2882 3687 2922 non

2113 2957 2384 3026 reprimis,
2420 2956 2614 3026 impie!
2649 2958 2739 3025 qui
2780 2957 3061 3010 veritatem
3097 2955 3262 3008 variis
3290 2955 3535 3008 confodis
3567 2969 3687 3008 ser-

2111 3047 2366 3103 monibus-
2406 3065 2421 3102 :
2474 3055 2528 3101 et
2584 3059 2708 3100 cum
2759 3045 2880 3100 talis
2928 3045 3037 3110 sis,
3081 3059 3179 3098 nos
3225 3045 3532 3113 vituperare
3580 3060 3685 3098 non

2114 3139 2354 3205 vereris,
2404 3147 2460 3192 et
2533 3153 2674 3192 nunc
2738 3138 3105 3208 redarguens,
3172 3145 3233 3189 ut
3293 3137 3386 3190 tibi
3439 3137 3689 3200 videtur,

2116 3243 2261 3284 nunc
2295 3245 2424 3284 vero
2459 3241 2814 3284 commonens
2881 3236 3134 3295 tanquam
3191 3227 3293 3280 ﬁde
3334 3237 3388 3280 et
3445 3227 3694 3282 doctrina

2115 3319 2477 3389 praestantior,
2533 3334 2562 3370 a
2597 3331 2705 3386 quo
2761 3316 2967 3371 scilicet
3029 3317 3210 3370 miseri
3273 3317 3534 3371 auxilium
3589 3319 3696 3372 sibi

2115 3410 2444 3481 suppeditari
2471 3408 2700 3479 cupiunt
2740 3425 2756 3463 :
2792 3407 3002 3462 tametsi
3052 3422 3223 3477 neque
3272 3409 3525 3478 congredi
3569 3425 3699 3463 cum

2119 3500 2210 3555 tali
2242 3506 2472 3572 oportet,
2503 3513 2678 3568 neque
2700 3499 2924 3554 omnino
2982 3499 3129 3552 illum
3182 3500 3528 3569 compellare,
3582 3500 3690 3554 nisi

2120 3591 2243 3660 quis
2301 3590 2357 3645 in
2420 3588 2662 3645 subdolis
2707 3590 2863 3654 hujus
2914 3588 3094 3644 verbis
3123 3597 3264 3643 recte
3298 3589 3508 3642 vivendi
3544 3604 3699 3657 spem

2116 3693 2172 3736 et
2230 3680 2287 3734 in
2331 3679 2581 3735 versibus
2642 3679 2973 3733 reconditam
3025 3692 3147 3731 esse
3200 3685 3370 3745 putet.
3423 3675 3529 3730 Sed
3587 3693 3694 3734 non

2119 3778 2205 3825 est
2237 3769 2342 3824 hoc
2383 3783 2572 3825 verum
2600 3787 2613 3823 :
2643 3768 2799 3836 longe
2829 3781 2961 3822 sane
2990 3767 3162 3820 abest.
3199 3765 3243 3818 Ο
3276 3765 3694 3833 imprudentiam

2117 3870 2381 3926 vestram,
2418 3860 2507 3930 qui
2539 3874 2661 3913 eum
2690 3857 2794 3911 isto
2817 3871 2910 3911 vos
2941 3857 3307 3911 commiscetis
3329 3856 3342 3909 !
3367 3855 3496 3921 Quis
3534 3856 3702 3926 igitur

2119 3949 2271 4005 furor
2303 3965 2400 4004 vos
2452 3948 2616 4019 hujus
2647 3949 2896 4002 acerbam
2943 3947 3178 4017 linguam
3217 3958 3272 4001 et
3302 3957 3577 4016 aspectum
3617 3956 3697 4000 to-

2117 4041 2294 4098 lerare
2325 4039 2537 4111 coegit?
2570 4040 2735 4106 Esto,
2765 4040 2858 4094 sed
2897 4038 3008 4108 jam
3039 4039 3105 4093 ad
3141 4047 3194 4092 te
3223 4053 3528 4093 sermonem
3560 4053 3694 4092 con-

2122 4142 2293 4197 verto,
2327 4147 2361 4188 o
2394 4131 2668 4186 hominem
2702 4131 2884 4184 animo
2913 4129 3334 4198 imprudentem,
3374 4127 3556 4196 lingua
3592 4143 3700 4181 vo-

2121 4225 2376 4287 luliilem,
2408 4232 2588 4278 mente
2626 4221 2895 4277 inﬁdelem
2930 4240 2944 4275 :
2989 4221 3053 4274 da
3105 4219 3236 4274 mihi
3292 4219 3696 4288 disputationis,

2122 4330 2229 4370 non
2279 4313 2513 4383 amplum
2547 4313 2670 4369 dico
2698 4322 2768 4393 .et
2813 4311 2979 4367 latum
3017 4325 3268 4380 campum
3292 4353 3307 4378 ,
3346 4311 3442 4366 sed
3491 4311 3710 4366 circulo-

2124 4417 2272 4462 rccte
2309 4405 2774 4473 circumscriptum
2815 4421 2829 4459 :
2868 4419 3041 4473 neque
3091 4411 3322 4472 putrem,
3375 4403 3469 4458 sed
3507 4412 3701 4456 natura

2126 4497 2342 4550 ﬁrmum
2371 4495 2732 4564 solidumque,
2766 4509 2798 4547 ο
2826 4494 2988 4562 impie
3019 4502 3074 4548 et
3103 4493 3340 4564 pessime
3360 4501 3416 4547 et
3445 4493 3701 4547 dissimu-

451 4583 610 4634 πάλιν
657 4581 951 4644 νουθετῶν,
987 4581 1062 4643 ὡς
1106 4581 1286 4635 πίστει
1329 4583 1426 4636 καὶ
1471 4583 1652 4652 λόγοις
1697 4584 2011 4656 ὑπερφέρων

2126 4588 2309 4642 lator:
2343 4603 2506 4658 cogor
2534 4589 2678 4641 enim
2721 4588 2822 4641 ista
2865 4587 3083 4650 dicere,
3132 4586 3240 4638 imo
3274 4599 3406 4639 vero
3449 4585 3704 4654 laqueum

453 4674 580 4743 περὶ
607 4665 667 4725 οὐ
697 4670 808 4742 [ῖσ.
841 4671 971 4741 παρ’
997 4665 1084 4742 οὐ]
1109 4671 1244 4743 δῆτα
1270 4673 1323 4726 oi
1345 4672 1522 4727 ἄθλιοι
1547 4676 1870 4746 ἐπικουρίαν
1897 4677 2016 4728 ἐαυ-

449 4769 563 4828 τοίς
595 4763 918 4835 πορίζεσθαι
945 4762 1245 4834 γλίχονται*
1281 4764 1462 4818 καίτοι
1519 4765 1641 4818 οὐδὲ
1672 4766 2028 4835 συγγίνεσθαι

451 4857 526 4928 τῷ
547 4856 773 4930 τοιούτῳ
802 4855 994 4929 ἐχρῆν,
1023 4855 1144 4908 οὐδὲ
1173 4855 1310 4918 ὅλως
1337 4855 1500 4909 αὐτὸν
1525 4856 2024 4926 προσφθέγγεσθαι,

451 4949 588 5020 πλὴν
615 4951 665 5003 εί
703 4950 778 5020 μή
812 4965 896 5011 τις
926 4949 984 5000 ὲν
1019 4948 1133 5010 τοῖς
1166 4945 1420 5009 ὑπούλοις
1452 4945 1645 4999 τούτου
1691 4949 1901 5018 ῥήμασι
1930 4947 2028 5018 τὴν

451 5043 545 5095 τοῦ
592 5040 771 5110 ὀρθῶς
825 5039 976 5111 βιοῦν
1025 5039 1214 5093 ἐλπίδα
1262 5040 1379 5102 τοῖς
1431 5038 1652 5110 μέτροις
1705 5040 2030 5095 ἀποκεῖσθαι

452 5129 644 5183 οἴεται.
697 5129 838 5181 Ἀλλ’
878 5130 978 5182 οὐκ
1006 5127 1120 5180 ἐστι
1158 5127 1346 5181 τοῦτο·
1401 5128 1596 5181 πολλοῦ
1644 5146 1706 5197 γε
1737 5130 1834 5183 δεῖ.
1870 5129 1943 5182 Τὸ
1973 5129 2030 5183 δὲ

454 5220 672 5290 ἀληθὲς,
694 5219 740 5274 ὣ
768 5223 866 5291 τῆς
905 5220 1179 5292 ὑμετέρας
1215 5218 1420 5283 ἀνοίας,
1449 5220 1563 5272 ὅσοι
1592 5220 1768 5291 τούτῳ
1799 5238 2033 5275 συνανα-

456 5312 702 5381 γίνεσθει
735 5314 832 5376 Τίς
859 5315 966 5384 ἄρα
985 5315 1014 5368 ὁ
1035 5309 1221 5384 ἴστρος
1253 5313 1398 5382 ὑμᾶς
1417 5312 1518 5381 τῆς
1555 5312 1802 5383 χαλεπῆς
1845 5313 2033 5367 τούτου

458 5405 703 5475 γλώττης
735 5406 830 5458 καὶ
863 5405 962 5476 τῆς
1002 5405 1180 5474 ὅψεως
1218 5403 1547 5474 ἀνασχέσθαι
1581 5405 2032 5475 κατηνάγκασενς

458 5494 575 5551 ἀλλ’
600 5494 686 5550 ἐπ’
713 5495 874 5548 αὐτὸν
904 5495 1005 5567 ήδη
1032 5512 1091 5548 σε
1125 5494 1412 5565 βαδιοῦμαι
1440 5494 1519 5566 τῷ
1543 5495 1707 5565 λόγῳ,
1734 5489 1780 5548 ὦ
1809 5497 1908 5566 τὴν
1937 5497 2036 5567 μὲν

456 5587 635 5660 ψυχὴν
663 5587 852 5660 ἄφρων
883 5588 947 5640 σύ
965 5628 980 5653 ,
1009 5588 1111 5658 τὴν
1153 5589 1210 5642 δὲ
1241 5589 1486 5658 γλῶτταν
1516 5589 1767 5659 στωμύλε
1789 5629 1804 5655 ,
1841 5591 2037 5645 ἄπιστε

455 5680 512 5735 δὲ
542 5681 641 5744 τάς
667 5680 893 5752 φρένας,
925 5678 1012 5743 δὸς
1041 5679 1104 5750 δή
1144 5697 1232 5749 μοι
1265 5680 1358 5734 τοῦ
1389 5681 1550 5749 λόγου
1583 5681 1684 5734 οὐκ
1722 5683 2040 5751 ἀμφιλαφές

458 5789 514 5826 τι
545 5772 690 5840 λέγω
717 5772 810 5825 καὶ
852 5771 1152 5842 ἱππήλατον
1192 5774 1408 5840 πεδίον,
1457 5774 1574 5827 ἀλλ’
1606 5771 1699 5828 οὖν
1751 5775 1937 5847 κύκλῳ
1975 5792 2039 5845 γε

456 5864 872 5936 ,εὐπερίγραφον
892 5881 906 5897 ο
939 5864 1014 5935 μὴ
1045 5863 1242 5935 σαθρὸν
1275 5866 1456 5936 μόνον,
1492 5867 1608 5921 ἀλλ’
1639 5868 1951 5939 ἐρρωμένον
1980 5886 2039 5921 τε

2131 4681 2222 4734 tibi
2252 4681 2488 4750 injiciam
2508 4718 2523 4741 ,
2555 4690 2610 4733 et
2643 4679 3009 4747 disputatione
3037 4677 3355 4746 impeditum
3383 4675 3434 4728 in
3467 4675 3706 4730 medium

2132 4780 2183 4825 te
2217 4771 2479 4824 adducam
2502 4808 2518 4832 ,
2548 4779 2609 4822 ut
2639 4768 2816 4822 omnis
2854 4767 3082 4837 pepulus
3115 4764 3516 4835 improbitatem
3558 4773 3704 4818 tuam

2129 4863 2332 4915 videat.
2368 4859 2475 4914 Sed
2513 4860 2578 4912 ad
2619 4874 2730 4912 rem
2763 4859 2930 4927 ipsam
2967 4857 3304 4927 progrediar.
3343 4855 3494 4911 Lota
3523 4855 3710 4924 utique

2131 4961 2256 5007 sunt
2296 4967 2524 5005 manus:
2573 4963 2859 5019 pergamus
2894 4948 3146 5016 precibus
3199 4947 3455 5001 invocare
3508 4944 3703 5009 Deum,

2133 5053 2226 5097 aut
2265 5044 2444 5111 potius
2475 5043 2853 5096 contineamus
2891 5054 2990 5093 nos
3035 5051 3349 5106 parumper.
3403 5035 3504 5089 Dic
3551 5034 3704 5097 mihi,

2134 5135 2512 5198 callidissime,
2549 5148 2708 5203 quem
2740 5133 2902 5186 Deum
2945 5129 2996 5183 in
3026 5127 3286 5181 auxilium
3327 5137 3475 5180 tuum
3505 5125 3704 5195 implo-

2138 5227 2323 5282 rabis?
2376 5225 2481 5280 Sed
2516 5226 2798 5281 continere
2851 5235 2936 5276 me
2976 5235 3206 5289 nequeo.
3254 5217 3302 5272 0
3355 5226 3410 5271 tu
3466 5217 3707 5272 omnium

2138 5328 2348 5383 auctor,
2383 5319 2626 5380 Domine,
2652 5333 2686 5372 ο
2714 5314 3006 5385 singularis
3033 5309 3248 5365 virtutis
3273 5308 3343 5362 Pa
3356 5319 3461 5371 ter,
3489 5317 3717 5377 prapter

2139 5413 2281 5466 hunc
2323 5409 2546 5479 impium
2583 5407 2826 5463 Ecclesia
2877 5406 3110 5476 probra,
3155 5401 3408 5466 dolores,
3439 5399 3551 5453 imo
3583 5412 3719 5453 vero

2142 5501 2363 5557 vulnera
2393 5511 2448 5555 et
2483 5514 2746 5554 mmrores
2790 5497 3013 5568 patitur.
3062 5494 3223 5548 Arius
3260 5491 3355 5546 tibi
3390 5490 3568 5545 locum
3601 5487 3715 5557 jam

2142 5593 2382 5661 adaptat,
2407 5591 2568 5659 idque
2597 5590 2883 5644 admodum
2914 5585 3200 5656 praeclare,
3227 5585 3280 5638 in
3313 5597 3440 5650 quo,
3472 5591 3531 5637 ut
3561 5592 3714 5650 puto,

2141 5684 2478 5739 constituens
2511 5682 2612 5736 sibi
2663 5679 2762 5747 ipsi
2813 5678 3122 5749 synodum,
3162 5691 3282 5746 qua:
3314 5673 3510 5728 Filium
3564 5683 3715 5727 tuum

2142 5779 2589 5836 Cltristumillum
2613 5793 2677 5832 ex
2705 5787 2756 5831 te
2777 5776 3196 5846 genitum,illum
3217 5774 3383 5828 nostri
3409 5772 3592 5827 auxilii
3617 5771 3720 5826 du—
3801 5810 3815 5823 .

2145 5886 2284 5938 cem,
2303 5870 2608 5938 adoptionis
2625 5870 2742 5939 lege
2757 5876 2976 5937 arroget
2997 5881 3059 5922 ac
3087 5864 3424 5920 teneat.Audi
3447 5864 3716 5929 ,obsecro,
