4072 6432
429 468 556 533 1351

1690 460 1991 519 GELASII
2034 456 2375 516 CYZICENI

3549 448 3567 509 l
3578 450 3683 512 352

427 581 730 635 mirandam
775 579 951 633 ﬁdem.
983 575 1080 638 Te,
1120 575 1363 639 Domine,
1399 575 1516 628 loco
1563 575 1767 628 moveri
1808 572 1996 626 existi-

2111 567 2197 619 καὶ
2235 565 2462 636 στερρὸν
2503 567 2566 632 τῇ
2603 563 2782 630 φέςει,
2819 555 2860 612 ὦ
2902 563 3082 614 ἀνόσιε
3119 562 3252 631 δῆτα
3290 563 3383 615 καὶ
3430 565 3678 625 κάκιστε,

428 683 556 735 mat,
596 683 645 724 te
679 669 915 723 deﬁnitae
949 669 1092 724 sedis
1125 667 1372 721 terminis
1421 666 1871 721 circumscribere
1903 681 1997 717 au-

427 766 533 816 det.
568 762 665 818 Lbi
697 763 837 814 enim
874 770 926 813 tu
951 774 1054 814 non
1082 773 1317 826 prms'eus
1348 758 1446 813 es?
1477 765 1569 811 aut
1599 757 1695 810 tibi
1724 755 1996 824 Operatio-

427 868 548 906 nem
587 863 728 904 tuam
781 861 941 920 alque
987 848 1279 904 eﬁicaciam
1317 864 1384 904 ex
1425 849 1631 917 legibus
1668 848 1776 900 tuis
1817 847 1997 900 omnia

427 945 845 1012 pet-vadentibus
894 958 1000 996 non
1053 943 1296 995 sentiunt
1338 940 1564 995 omnes?
1611 938 1803 994 Omnia
1854 939 1998 991 enim

430 1036 542 1102 ipse
565 1035 833 1096 centines,
866 1041 920 1084 et
949 1041 1100 1085 extra
1136 1039 1186 1083 te
1218 1045 1316 1083 nec
1345 1029 1520 1083 locum
1552 1045 1649 1082 nec
1676 1026 1820 1081 aliud
1845 1026 2002 1094 quid-

427 1141 588 1193 quam
622 1127 862 1190 cogitare
893 1123 975 1176 fas
1004 1132 1106 1176 est.
1143 1121 1233 1175 Sic
1264 1122 1502 1190 potentia
1534 1129 1624 1174 tua
1656 1135 1777 1173 cum
1809 1133 2002 1186 opera-

429 1220 573 1269 tione
608 1215 816 1269 inﬁnita
850 1224 952 1268 est.
987 1212 1067 1265 Tu
1097 1222 1298 1276 autem,
1336 1211 1503 1274 Deus,
1529 1209 1728 1266 exaudi
1755 1226 1770 1264 :
1795 1219 1848 1263 at
1885 1222 2001 1272 vos,

429 1306 645 1375 populi,
681 1305 949 1360 advertite
986 1315 1243 1359 mentem.
1296 1302 1397 1357 llic
1429 1303 1574 1357 enim
1605 1313 1688 1356 est
1718 1303 2003 1371 impudens

429 1407 483 1451 et
512 1413 776 1464 nequam,
824 1397 914 1464 qtti
948 1397 1014 1450 ad
1045 1405 1344 1450 extremam
1379 1395 1782 1464 improbitatem
1815 1405 1869 1448 et
1898 1395 2003 1448 ini-

428 1490 690 1558 quitatem
730 1503 1073 1561 progressus,
1111 1489 1368 1556 pietatem
1404 1487 1646 1541 simulat.
1679 1489 1881 1557 Apage,
1921 1489 2005 1541 itt-

430 1581 569 1648 quit,
603 1580 724 1634 nolo
755 1581 919 1634 Deum
959 1581 1172 1648 injuriis
1205 1578 1496 1632 obnoxium
1534 1579 1728 1641 videri,
1758 1596 1821 1634 ac
1849 1580 1919 1633 ob
1953 1580 2004 1634 id

430 1685 673 1738 suppono
700 1680 754 1724 et
789 1670 930 1739 ﬁngo
957 1669 1188 1723 mirabili
1223 1687 1354 1724 sane
1386 1671 1508 1736 ﬁde,
1542 1673 1683 1740 quod
1716 1670 1857 1724 Deus
1883 1686 2004 1724 cum

433 1762 700 1816 novellam
759 1772 814 1816 et
865 1777 1038 1830 nuper
1092 1773 1331 1816 creatam
1389 1762 1593 1816 Christi
1646 1762 2002 1817 substantiam

433 1852 656 1918 faceret,
691 1853 949 1906 auxilium
984 1852 1088 1906 sibi
1119 1853 1217 1922 ipsi
1249 1853 1570 1922 prmparavit
1591 1893 1604 1915 ,
1634 1862 1691 1905 ιιι
1724 1853 1854 1906 mihi
1885 1854 2006 1922 qui-

433 1947 552 1998 dent
591 1945 819 1997 videtur.
851 1943 1002 2010 Quod
1027 1944 1191 2007 enim,
1223 1946 1416 2013 inquit,
1449 1947 1514 1997 ab
1545 1945 1661 2013 ipso
1689 1944 2002 2009 abstuleris,
2037 1917 2081 1974 Β

433 2037 486 2090 id
517 2036 714 2090 minus.
750 2035 869 2089 'l‘ibi
901 2036 1060 2104 igitur
1089 2036 1200 2090 haec
1232 2038 1365 2090 ﬁdes
1391 2046 1502 2100 est,
1535 2052 1567 2090 ο
1594 2037 1706 2090 lues
1738 2046 1791 2091 et
1823 2037 2004 2105 perni-

431 2128 580 2180 cies?
613 2124 688 2178 Tu
724 2141 788 2179 ex
824 2125 1106 2195 hypothesi
1144 2125 1456 2193 ﬁgmentum
1501 2127 1672 2181 sumis
1704 2141 1825 2180 eum
1849 2167 1864 2191 ,
1913 2128 2004 2194 qui

433 2218 669 2286 gentium
706 2218 958 2285 ﬁgmenta
989 2216 1406 2272 condemnavit?
1438 2217 1516 2271 Tu
1553 2219 1854 2272 ascititium
1879 2233 2002 2272 eum

433 2322 594 2360 vocas
620 2318 673 2360 et
708 2307 850 2360 velut
889 2306 1187 2360 ciliciorum
1223 2308 1550 2372 ministrum,
1583 2310 1672 2376 qui
1710 2309 1828 2362 sine
1858 2307 2006 2376 cogi-

437 2398 641 2449 tatione
672 2405 725 2449 et
761 2399 1196 2463 ratiocinatione,
1231 2412 1296 2452 eo
1326 2401 1468 2468 quod
1501 2414 1715 2468 semper
1746 2415 1848 2452 una
1880 2415 2003 2453 cum

435 2489 613 2543 Patris
660 2489 966 2542 aeternitate
1003 2490 1253 2554 exsistat,
1285 2491 1466 2543 omnia
1507 2490 1770 2557 perfecit?
1800 2490 2006 2558 Adapta

426 2581 568 2650 jam,
599 2582 641 2633 si
673 2581 863 2642 audes,
890 2580 1106 2647 adapta,
1129 2580 1366 2648 inquam,
1398 2580 1526 2646 Deo,
1547 2583 1686 2649 quod
1713 2591 2011 2650 praacaveat

435 2682 491 2724 et
524 2679 747 2733 metuat,
780 2682 830 2722 et
857 2679 1035 2739 speret
1070 2683 1385 2724 eventurum
1439 2689 1452 2724 :
1494 2673 1634 2740 quod
1683 2675 1919 2742 cogitet,
1954 2682 2008 2726 et

439 2759 816 2821 ratiocinetur,
848 2769 900 2813 et
927 2762 1068 2828 quod
1111 2760 1464 2815 considerans
1490 2763 1814 2816 sententiam
1853 2778 2006 2816 suam

439 2853 604 2916 dicat,
636 2862 686 2904 et
719 2852 882 2904 verba
926 2852 1149 2918 lormet;
1173 2854 1313 2920 quod
1341 2853 1656 2914 delectetur,
1687 2855 1884 2918 rideat,
1914 2855 2009 2909 do-

440 2944 565 2997 leat.
605 2944 741 3008 Quid
791 2944 950 3013 igitur
993 2945 1108 3006 ais,
1151 2944 1474 2998 miserorum
1521 2944 1762 2998 omnium
1813 2947 2006 3000 miser-

441 3032 612 3086 rime?
635 3032 678 3086 0
714 3033 883 3085 virum
920 3032 1136 3088 malitiae
1169 3033 1324 3101 plane
1353 3035 1616 3101 peritum,
1658 3035 1918 3105 intellige,
1963 3036 2010 3090 si

439 3132 614 3188 potes,
646 3124 788 3190 quod
835 3123 885 3175 in
921 3134 1011 3176 tua
1058 3123 1226 3192 ipsius
1263 3125 1500 3178 versutia
1532 3129 1872 3182 consumeris
1911 3129 2010 3181 int-

438 3213 666 3281 probus.
695 3212 984 3279 Christus,
1030 3214 1236 3282 inquit,
1279 3224 1499 3282 propter
1528 3231 1627 3269 nos
1677 3232 1868 3284 passus
1901 3231 2002 3272 est.

438 3308 508 3356 At
547 3319 647 3373 ego
691 3303 801 3372 jam
845 3305 953 3358 dixi
1011 3305 1153 3373 quod
1219 3307 1321 3359 sub
1373 3307 1543 3359 forma
1597 3309 1839 3376 corporis
1874 3310 2008 3364 mis-

441 3409 534 3446 sus
589 3403 690 3447 est.
732 3393 894 3457 Sane,
937 3393 1142 3463 inquit;
1191 3396 1284 3448 sed
1339 3396 1683 3450 metuendum
1727 3412 1794 3452 ne
1834 3398 2010 3468 aliqua

441 3483 496 3535 in
533 3497 590 3536 re
623 3483 949 3536 innuiuuere
980 3484 1128 3537 illum
1159 3485 1457 3538 videamur.
1493 3483 1537 3540 Ο
1566 3486 1802 3540 ferarum
1846 3490 2014 3544 inter-

442 3588 587 3640 pres,
621 3586 761 3626 anne
790 3573 1014 3637 insanis,
1043 3575 1168 3627 dum
1206 3574 1309 3629 ista
1345 3575 1500 3641 dicis,
1533 3586 1586 3631 et
1625 3587 1810 3648 aperte
1838 3577 2014 3636 furis?

444 3661 583 3716 Ecce
622 3663 765 3716 enim
805 3663 1034 3716 mundus
1074 3665 1186 3732 ipse
1218 3662 1392 3720 forma
1429 3676 1512 3721 est
1558 3669 1674 3722 sive
1712 3669 1905 3738 ﬁgura,
1960 3681 2016 3726 et

445 3765 592 3809 astra
627 3755 980 3809 characteres
999 3770 1126 3810 suos
1153 3757 1444 3810 ostendunt
1475 3777 1487 3810 :
1518 3766 1575 3811 et
1599 3761 1820 3813 omnino
1855 3761 2014 3829 spiri-

445 3857 530 3902 tus
563 3846 722 3915 hujus
751 3845 956 3915 globosi
984 3845 1153 3910 orbis,
1183 3850 1392 3916 species
1421 3851 1664 3916 quzedam
1705 3861 1787 3906 est
1826 3867 2013 3906 eorum

443 3951 562 4003 quae
613 3945 776 3998 sunt,
830 3945 884 3988 et
949 3936 1102 4003 quasi
1150 3936 1415 4004 ﬁguratio.
1468 3937 1827 3996 Nihilominus
1877 3941 2016 3997 Deus

444 4026 643 4095 ubique
693 4026 862 4080 adest.
922 4026 1147 4081 Ubinam
1207 4028 1372 4096 igitur
1418 4029 1471 4082 in
1523 4031 1630 4084 Deo
1676 4033 2016 4086 contumeliae

443 4118 611 4170 sunt?
643 4127 736 4169 aut.
781 4131 887 4183 qua
923 4117 975 4170 in
1021 4130 1079 4171 re
1126 4117 1384 4172 minuitur
1429 4120 1608 4173 Deus?
1656 4119 1700 4172 Ο
1750 4123 2014 4190 parricida

443 4206 714 4274 aequitatis
735 4205 1081 4271 lConsidera,
1101 4222 1166 4261 ex
1191 4210 1361 4276 teipso
1382 4208 1750 4277 conjecturam
1773 4211 2012 4276 capiens,

444 4301 487 4351 si
519 4308 800 4366 peccatum
832 4297 1046 4352 videtur
1073 4311 1194 4352 esse
1214 4336 1230 4363 ,
1268 4299 1320 4351 in
1355 4297 1574 4353 Christo
1603 4300 1793 4354 adesse
1823 4297 2013 4354 Deum.

445 4388 541 4441 Ille
591 4388 807 4456 quidem
851 4387 1128 4458 perspexit
1176 4387 1528 4456 ignominiam
1573 4390 1873 4454 sermonis,
1919 4407 2018 4446 nec

448 4479 602 4533 tarde
631 4493 820 4547 pinnas
852 4479 1132 4547 irrogavit.
1166 4476 1431 4531 Praeterea
1461 4479 1702 4546 quotidie
1726 4480 1778 4533 in
1815 4483 2012 4536 mundo

448 4581 665 4637 peccata
713 4570 1162 4632 committuntur,
1195 4575 1250 4620 et
1295 4576 1472 4620 tamen
1517 4567 1657 4622 Deus
1702 4569 1881 4636 adest,
1917 4587 2015 4628 nec
2045 4595 2092 4652 ι)

449 4658 536 4711 diu
565 4658 826 4726 supplicia
854 4657 1197 4710 diﬂ'eruntur.
1229 4654 1343 4720 Qua
1378 4655 1539 4722 igitur
1573 4656 1624 4709 in
1668 4672 1726 4711 re
1758 4661 2016 4716 tninuitur

447 4753 733 4820 potestatis
759 4750 877 4818 ejus
903 4749 1260 4818 magnitudo?
1292 4765 1359 4801 an
1396 4749 1594 4818 ubique
1617 4753 1857 4820 patitur?
1885 4755 2014 4809 nihil

447 4846 658 4912 Opinor,
695 4842 878 4896 mundi
906 4843 1049 4895 enim
1077 4856 1228 4895 mens
1256 4857 1349 4910 per
1377 4840 1543 4895 Deum
1572 4853 1655 4897 est
1681 4861 1694 4896 :
1722 4859 1818 4914 per
1842 4846 2013 4915 ipsum

447 4937 623 4988 onmis
651 4934 949 4995 stabilitas,
981 4946 1076 5000 per
1107 4931 1276 5001 ipsum
1321 4948 1478 4986 omne
1503 4933 1613 5002 jus.
1652 4934 1852 4991 Christi
1887 4939 2014 4993 ﬁdes

452 5026 569 5078 sine
596 5025 861 5092 principio
894 5038 959 5076 ex
999 5023 1112 5089 ipso
1144 5032 1246 5077 est.
1289 5024 1518 5077 Omnino
1555 5036 1733 5079 autem
1763 5026 2014 5083 Christus

452 5114 544 5167 Dei
571 5115 653 5168 lex
687 5124 789 5175 est,
825 5128 918 5181 per
961 5113 1134 5180 ipsum
1166 5114 1579 5168 immensitatem
1611 5127 1664 5172 et
1697 5118 2013 5173 inﬁnitatem

452 5204 678 5259 habens.
713 5204 818 5257 Sed
854 5204 921 5258 de
952 5203 1034 5258 his
1075 5219 1141 5259 ex
1185 5216 1234 5259 te
1277 5221 1493 5277 quoque
1535 5207 1750 5277 ingenio
1779 5208 2015 5277 cogitare

448 5294 670 5348 videris.
723 5291 767 5347 0
817 5294 1048 5349 l'urorcm
1109 5297 1396 5366 insignem!
1451 5297 1721 5353 Converte
1771 5314 1912 5354 nunc
1963 5301 2012 5354 itt

455 5396 601 5438 tuum
635 5385 803 5454 ipsius
825 5386 1044 5440 exitium
1077 5387 1272 5442 diaboli
1303 5387 1562 5455 gladium.
1587 5387 1774 5443 Videte
1803 5403 2010 5455 omnes,

453 5475 658 5542 videte,
710 5487 768 5531 ut
814 5477 1188 5534 lamentabiles
1252 5481 1549 5547 praetendat
1599 5494 1760 5535 voces
1816 5481 2012 5549 vipera:

453 5583 634 5624 morsu
662 5569 849 5634 Its-sus,
883 5583 939 5623 ut
969 5585 1116 5626 vena:
1156 5572 1323 5641 ipsius
1362 5581 1416 5626 et
1449 5586 1644 5626 carnes
1676 5587 1882 5627 veneno
1915 5576 2013 5627 im-

451 5659 593 5715 butae
637 5662 859 5715 acerbos
906 5661 1082 5716 cieant
1130 5662 1404 5714 cruciatus
1449 5679 1462 5714 :
1517 5671 1573 5716 ut
1604 5676 1800 5730 corpus
1850 5662 2014 5731 ipsius

454 5750 572 5805 tabe
599 5751 815 5807 deﬂuxit
853 5763 1189 5807 attenuatum
1213 5792 1228 5817 ,
1265 5760 1319 5806 et
1350 5753 1621 5821 squalore,
1654 5756 1922 5818 sordibus,
1959 5764 2014 5809 et

444 5842 868 5912 lamentatione,
896 5854 946 5899 et
974 5844 1195 5914 pallore,
1229 5852 1283 5899 et
1315 5845 1557 5912 horrore,
1592 5855 1647 5902 et
1677 5846 1823 5901 mille
1859 5847 2010 5900 deni-

2103 660 2194 712 καὶ
2221 659 2501 727 κρυψίνου·
2531 655 2793 726 ἐξάγομαι
2820 655 2924 723 γὰρ
2953 655 3123 708 ταῦτα
3148 656 3325 721 λέγειν
3351 672 3363 684 ·
3399 655 3597 726 μᾶλλον
3622 657 3680 709 δὲ

2103 748 2299 817 βρόχον
2335 748 2433 817 ἤδη
2472 763 2551 799 σοι
2589 747 2882 815 περιάψας,
2921 747 3016 798 καὶ
3049 746 3388 817 συμποδίσας
3418 747 3496 817 τῷ
3538 748 3682 817 λόγῳ

2103 848 2180 907 εἰς
2233 845 2431 914 μέσους
2467 861 2526 896 σε
2560 843 2920 912 καταστήσω,
2955 842 3031 905 ὡς
3065 842 3130 895 ἂν
3161 843 3270 904 πᾶς
3315 842 3344 892 ὀ
3383 842 3552 911 δῆμος
3587 842 3686 913 τὴν

2104 937 2203 1006 σὴν
2231 934 2527 1005 καταμάθῃ
2563 933 2898 1003 φαυλότητα.
2944 934 3062 986 Ἐπ’
3103 933 3237 986 αὐτὸ
3263 934 3321 985 δέ
3350 931 3690 1002 πορεύσομαι

2103 1028 2205 1098 ήδη
2233 1028 2291 1079 τὸ
2315 1029 2566 1097 πρᾶγμα.
2592 1025 2930 1095 Νενιμμέναι
2954 1024 3224 1094 δήπουθέν
3242 1025 3380 1077 εἰσιν
3406 1026 3464 1076 αἱ
3485 1027 3688 1096 χεῖρες,

2106 1116 2428 1186 προσίωμεν
2456 1118 2575 1178 ταῖς
2599 1116 2786 1184 εὐχαῖς
2807 1114 3132 1167 ἐπικαλέσαι
3162 1114 3227 1183 δὴ
3255 1113 3347 1166 τὸν
3377 1114 3529 1166 Θεόν·
3555 1115 3690 1182 μᾶλ-

2104 1207 2194 1260 λον
2227 1207 2286 1260 δέ
2333 1206 2530 1278 μικρὸν
2563 1205 2826 1275 ἐπισχὼν,
2859 1205 2981 1259 εἰπέ
3015 1223 3126 1275 μοι,
3169 1199 3214 1258 ὦ
3249 1203 3550 1274 θερμότατε
3587 1206 3650 1258 σὺ
3671 1247 3689 1267 .

2103 1300 2226 1352 τίνα
2281 1299 2415 1351 Θεὸν
2457 1298 2760 1371 ἐπικαλέσῃ
2815 1298 2952 1368 πρὸς
3015 1297 3302 1368 βοήθεια-νς
3367 1296 3531 1349 Ἀλλά
3579 1298 3690 1367 γὰρ

2105 1393 2336 1463 ἠρεμεῖν
2366 1392 2427 1444 οὒ
2457 1390 2712 1461 δύναμαι.
2753 1377 2966 1444 Ὠ’τῶν
3007 1393 3224 1444 πάντων
3255 1390 3394 1459 ἔχων
3425 1389 3486 1442 τὸ
3521 1389 3690 1458 κῦρος

2105 1482 2352 1534 Δέσποτα
2373 1521 2388 1545 ,
2417 1475 2462 1534 ὦ
2490 1483 2588 1550 τῆς
2631 1484 2898 1551 μονήρους
2930 1481 3214 1550 δυνάμεως
3234 1518 3248 1544 ,
3280 1475 3326 1532 ὦ
3368 1480 3566 1550 πάτερ,
3598 1480 3690 1532 διά

2105 1571 2317 1625 τουτονὶ
2349 1572 2442 1624 τὸν
2485 1572 2696 1624 ἀνόσιον
2731 1571 2906 1639 ὀνείδη
2947 1588 3027 1634 τε,
3065 1573 3155 1624 καὶ
3181 1570 3355 1633 λύπας
3380 1613 3394 1636 ,
3427 1571 3522 1622 καὶ
3557 1571 3689 1639 μὲν-

2105 1679 2186 1716 τοι
2217 1664 2311 1715 καὶ
2340 1663 2654 1732 τραύματα,
2691 1663 2784 1714 καὶ
2822 1661 3013 1724 ὀδύνας
3042 1664 3073 1730 ἡ
3109 1663 3174 1731 σὴ
3211 1661 3323 1730 ἔχει
3371 1659 3686 1730 Ἐκκλησία.

2112 1751 2328 1819 ’Ἃρειός
2361 1768 2442 1802 σοι
2473 1750 2635 1803 τόπον
2659 1749 2758 1819 ἤδη
2786 1748 3182 1820 προσαρμόζει,
3214 1751 3309 1802 καὶ
3345 1749 3488 1819 μάλα
3510 1766 3574 1816 γε
3599 1749 3688 1800 εὑ-

2109 1840 2281 1908 φυῶς,
2334 1841 2420 1907 ἐφ’
2469 1834 2530 1894 οῦ
2571 1838 2880 1902 καθιζάνων
2932 1835 3085 1908 οἶμαι
3140 1840 3358 1892 σύνοδον
3402 1839 3601 1910 ἐαυτῷ,
3652 1840 3687 1910 ἢ

2106 1933 2270 1985 παῖδα
2293 1933 2383 1984 τὸν
2405 1932 2641 2001 Χριστὸν
2668 1932 2760 1983 τὸν
2785 1932 2875 1983 σον
2895 1971 2910 1994 ,
2935 1933 3025 1983 τὸν
3051 1933 3114 1984 ἐκ
3167 1929 3284 1996 σοῦ,
3312 1931 3402 1984 τὸν
3428 1933 3528 2000 τῆς
3550 1935 3689 2002 ἡμε-

2106 2024 2272 2092 τέρας
2303 2022 2622 2092 ἐπικουρίας
2653 2022 2964 2091 ἀρχηγέτην
2984 2063 2998 2085 ,
3033 2021 3233 2084 θέσεως
3267 2022 3415 2091 νόμῳ
3439 2039 3688 2093 περιποι-

2107 2116 2246 2166 εῖται
2286 2115 2379 2165 καὶ
2415 2112 2576 2182 ἴσχει.
2609 2113 2964 2176 Ἐπάκουσον,
2994 2113 3258 2168 ἀντιϐολῶ
3302 2130 3382 2180 σε,
3430 2114 3528 2183 τῆς
3558 2113 3688 2166 θαυ-

2111 2205 2316 2271 μασίας
2349 2207 2604 2266 πίστεως.
2648 2205 2714 2257 Σὲ
2759 2205 2857 2274 τὴν
2908 2205 3050 2258 κατὰ
3083 2206 3172 2258 τὸν
3220 2206 3385 2258 τόπον
3424 2207 3688 2260 κινεῖσθαι

2107 2297 2342 2350 δέσποτα
2371 2297 2584 2367 κίνησιν
2616 2297 2809 2351 οἴεται.
2852 2298 2918 2350 Σὲ
2969 2301 3067 2367 τῆς
3110 2299 3502 2369 ἁφωρισμένης
3557 2300 3689 2352 καθ-

2111 2387 2270 2455 έδρας
2303 2387 2489 2456 κύκλῳ
2520 2389 2882 2458 περιγράφειν
2913 2388 3105 2458 τολμᾷ.
3138 2389 3244 2441 Ποῦ
3279 2390 3386 2459 γάρ
3415 2392 3513 2442 οὐκ
3547 2391 3691 2444 ἔστιν

2109 2479 2142 2546 ἡ
2176 2478 2242 2546 σὴ
2275 2476 2584 2545 παρουσία;
2617 2476 2648 2546 ἦ
2683 2476 2784 2528 ποῦ
2809 2476 2906 2546 τὴν
2937 2477 3037 2546 σὴν
3078 2479 3140 2531 οὐ
3179 2479 3380 2541 πάντες
3405 2479 3691 2548 ἐνέργειαν

2108 2571 2172 2620 ἐκ
2209 2567 2316 2619 τῶν
2358 2567 2532 2620 πάντα
2579 2584 2671 2620 σου
2721 2568 3017 2637 διηκόντων
3067 2569 3250 2637 νόμων
3299 2570 3686 2637 αἰσθάνονταις

2111 2659 2295 2712 Πάντα
2338 2658 2446 2728 γὰρ
2477 2657 2638 2719 αὐτὸς
2675 2658 2988 2728 περιέχεις,
3037 2660 3132 2712 καὶ
3163 2659 3268 2725 ἔξω
3314 2661 3406 2713 σοῦ
3442 2661 3565 2714 οὔτε
3603 2663 3692 2714 1:6-

2111 2766 2235 2816 πον,
2263 2748 2386 2802 οὔτε
2418 2750 2547 2803 ἄλλο
2592 2749 2744 2802 οὐδὲν
2784 2750 3070 2840 ἐπινοῆσαι
3112 2750 3291 2820 Θέμις.
3324 2752 3513 2816 υῦτως
3557 2755 3589 2823 ή
3623 2754 3691 2824 σὴ

2108 2843 2340 2914 δύναμις
2379 2845 2494 2914 μετ’
2536 2844 2819 2913 ἐνεργείας
2861 2843 3012 2896 ἐστὶν
3060 2844 3308 2914 ἄπειρος.
3359 2845 3431 2898 Σὺ
3479 2846 3578 2914 μὲν
3624 2845 3688 2916 δὴ

2110 2936 2416 2989 ἐπάκουσον
2447 2939 2474 2988 ὁ
2503 2935 2655 2999 Θεὸς.
2713 2935 2903 3004 Ὑμεῖς
2936 2934 2992 2987 δὲ
3032 2938 3142 2998 πᾶς
3165 2938 3193 2988 ὁ
3231 2935 3359 2999 λαὸς
3392 2936 3680 3006 προσέχετε

2110 3029 2202 3081 τὸν
2243 3029 2386 3082 νοῦν.
2431 3029 2488 3082 Ὀ
2519 3031 2627 3098 γάρ
2659 3027 3014 3097 ἀναίσχυντος
3056 3020 3212 3092 οὗτος
3250 3029 3348 3081 καλ⁸
3380 3031 3617 3099 ἀχρεῖος,
3645 3028 3676 3079 6

2111 3118 2198 3170 ἐπ’
2227 3119 2395 3189 ἄκρον
2427 3118 2730 3189 μοχθηρίας
2763 3135 2823 3171 τε
2867 3119 2963 3171 καὶ
2991 3119 3221 3190 ἀνομίας
3252 3121 3448 3191 ὁμοίως
3487 3118 3678 3187 ἐληλα-

2113 3209 2247 3273 κὼς,
2288 3209 2575 3263 εὐλάϐειαν
2605 3212 2927 3277 σκήπτεται.
2967 3212 3202 3279 Ἄπαγε,
3231 3213 3417 3281 φησιν,
3466 3211 3524 3264 οὐ
3557 3208 3686 3280 βοὺο

2113 3300 2274 3371 λομαι
2302 3301 2394 3353 τὸν
2423 3301 2556 3354 Θεὸν
2585 3303 2694 3369 ἐγὼ
2721 3300 2932 3370 ὕϐρεων
2969 3301 3132 3354 πάθει
3166 3302 3345 3355 δοκεῖν
3375 3301 3653 3370 ἐνέχεσθαι
3673 3318 3686 3330 ·

2112 3393 2205 3445 καὶ
2236 3392 2325 3444 διὰ
2349 3391 2506 3444 τοῦτο
2536 3392 2862 3463 ὑποτίθεμαι
2905 3395 3000 3447 καὶ
3042 3393 3263 3447 πλάττω
3308 3393 3590 3464 θαυμάσιά
3623 3410 3691 3461 γε

2080 3535 2084 3538 ,
2112 3487 2178 3554 τῇ
2213 3484 2413 3546 πίστει,
2444 3484 2519 3546 ὡς
2549 3487 2576 3536 ὁ
2605 3485 2736 3547 Θεὸς
2770 3485 2996 3554 νεογενῆ
3038 3486 3131 3538 καὶ
3161 3486 3471 3538 νεόκτιστον
3503 3486 3695 3538 οὐσίαν

2113 3572 2350 3642 Χριστοῦ
2401 3572 2806 3641 ποιησάμενος,
2853 3572 3106 3642 βοήθειαν
3136 3573 3315 3644 ἑαυτῷ
3347 3574 3696 3644 παρεσκευά-

2115 3679 2268 3726 σατο,
2297 3664 2372 3725 ὥς
2404 3665 2469 3730 γέ
2516 3681 2605 3732 μοι
2661 3663 2827 3716 δοκεῖ’
2865 3663 2894 3716 ὃ
2927 3664 3036 3734 γὰρ
3068 3664 3152 3729 ἂν,
3184 3666 3368 3734 φησὶν,
3403 3666 3498 3718 ἀπ’
3528 3664 3698 3717 αὐτοῦ

2115 3755 2343 3825 ἀφέλῃς,
2385 3756 2546 3808 τοῦτο
2593 3756 2812 3808 ἔλαττον
2847 3756 3172 3826 πεποίηκας.
3211 3752 3366 3819 Εἶτα,
3401 3750 3445 3808 ὦ
3476 3755 3700 3826 λυμεὼν

2116 3848 2212 3899 καὶ
2239 3847 2478 3916 ὁλέθριε,
2508 3847 2591 3898 σοὶ
2617 3846 2775 3898 τοῦτό
2799 3849 2916 3898 ἐστι
2943 3847 3155 3912 πίστιςς
3191 3848 3255 3900 σὺ
3288 3847 3410 3901 καθ’
3440 3847 3702 3900 ὑπόθεσιν

2117 3937 2212 3990 καὶ
2243 3938 2469 4008 πλάσμα
2498 3936 2794 4007 λαμὸάνεις
2835 3937 2926 3990 τὸν
2958 3939 3027 3991 τά
3061 3938 3354 4007 πλάσματα
3386 3939 3495 3992 τῶν
3525 3939 3701 3990 ἐθνῶν

2118 4030 2561 4098 κατακρίναντα;
2598 4031 2662 4082 σὺ
2714 4029 3042 4083 ἐπείσακτον
3098 4031 3281 4093 καλεῖς
3308 4073 3323 4096 ,
3361 4032 3456 4084 καὶ
3502 4029 3702 4100 ὥσπερ

2117 4119 2471 4187 καθηκόντων
2518 4119 2831 4188 ὑπηρέτην,
2889 4117 2980 4170 τὸν
3025 4119 3154 4172 ἄνευ
3201 4117 3554 4188 ἐνθυμήσεως
3602 4119 3702 4171 καὶ

2117 4207 2403 4278 λογισμοῦ.
2439 4207 2520 4276 τῷ
2555 4206 2925 4277 συνυπάρχειν
2954 4210 3018 4278 τῇ
3053 4208 3143 4262 τοῦ
3175 4209 3381 4278 πατρὸς
3410 4209 3702 4277 άῖδιὸτητι,

2119 4300 2299 4352 πάντα
2335 4298 2698 4362 διανύσαντα;
2743 4298 3058 4366 ἐφάρμοσον
3107 4297 3221 4360 νῦν,
3269 4300 3318 4349 εἰ
3364 4298 3428 4367 δὴ
3467 4298 3700 4368 τολμᾷς,

2119 4388 2434 4458 ἐφάρμοσον
2472 4385 2550 4455 τῷ
2583 4384 2703 4456 Θεῷ
2740 4385 2836 4438 καὶ
2867 4386 2928 4440 τὸ
2974 4385 3320 4440 εὐλαόεῖσθαι
3340 4427 3354 4451 ,
3386 4387 3478 4440 καὶ
3505 4388 3567 4439 τὸ
3595 4405 3702 4456 tgo—

2118 4480 2354 4541 δεῖσθαι,
2397 4480 2489 4531 καὶ
2527 4478 2587 4530 τὸ
2630 4477 2871 4540 ἐλπίζειν
2908 4478 2968 4530 τὸ
3000 4477 3400 4548 ἐκϐησόμενον·
3441 4479 3520 4532 ἔτι
3552 4479 3608 4532 δὲ
3637 4482 3705 4533 τὸ

2119 4571 2492 4642 ἐνθυμεῖσθαι,
2523 4572 2582 4623 τὸ
2601 4570 2940 4638 λογίζεσθαι,
2973 4571 3033 4623 τὸ
3075 4571 3445 4641 σκεπτόμενον
3470 4571 3705 4642 γνώμην

2119 4663 2520 4732 ἀποφαίνεσθαι
2549 4664 2644 4715 καὶ
2670 4661 2982 4732 διαρθροῦν,
3011 4663 3105 4717 καὶ
3127 4663 3263 4726 ὅλως
3291 4663 3352 4716 τὸ
3378 4665 3700 4732 τέρπεσθαι,

2119 4755 2178 4806 τὸ
2206 4754 2390 4823 γελᾷν,
2416 4753 2476 4804 τὸ
2503 4752 2810 4806 λυπεῖσθαι.
2843 4752 2907 4804 Τί
2936 4753 3114 4807 τοίνυν
3138 4752 3262 4824 φὴς,
3293 4747 3338 4806 ὣ
3364 4754 3474 4807 τῶν
3497 4753 3703 4808 ἀθλίων

2118 4844 2456 4914 ἀθλιώτερε;
2516 4841 2586 4896 Ὢ
2642 4845 2742 4914 τῆς
2800 4842 2998 4905 κακίας
3048 4844 3371 4914 αὐτόχρημα
3428 4847 3698 4915 μήστωρ,

2121 4937 2278 4999 σύνες
2322 4937 2407 5006 δὴ,
2432 4938 2479 4989 εί
2523 4936 2769 4999 δύνασαι,
2804 4934 2877 4998 t'u;
2910 4936 2969 4987 ὲν
2999 4937 3135 5004 αὐτῇ
3161 4936 3224 5000 γέ
3253 4952 3343 4988 σου
3390 4938 3704 5008 πανουργίᾳ.

2121 5029 2394 5098 μοχθηρὸς
2426 5027 2492 5081 ἂν
2521 5027 2810 5098 ἀναλίσκῃ.
2854 5026 2910 5078 '0
2941 5026 3178 5097 Χριστὸς
3201 5068 3215 5092 ,
3248 5027 3416 5094 φησὶ,
3446 5026 3513 5078 δι’
3546 5029 3704 5096 ἡμᾶς

2119 5117 2406 5175 πέπονθεν.
2453 5117 2593 5170 Ἀλλ’
2622 5118 2724 5188 ἤδη
2756 5116 2970 5186 φθάσας
2998 5116 3173 5184 ἔγωγε
3204 5111 3375 5183 εἷπον,
3408 5117 3484 5180 ὡς
3513 5120 3702 5189 μορφῇ

2120 5208 2371 5282 σώματος
2397 5208 2700 5277 ἀπεστάλη.
2733 5208 2862 5272 Ναὶ,
2893 5208 3077 5279 φησὶν,
3111 5207 3246 5260 ἀλλὰ
3274 5207 3391 5272 δέος
3431 5206 3506 5277 μὴ
3535 5207 3706 5270 δόξω-

2120 5318 2218 5370 μεν
2254 5301 2393 5354 κατά
2417 5317 2470 5353 τι
2514 5298 2792 5354 ἐλαττοῦν.
2845 5295 2998 5364 Εἶτα,
3020 5291 3065 5351 ὧ
3091 5297 3203 5350 τῶν
3231 5297 3438 5366 θηρίων
3477 5297 3698 5367 μεσίτα,

2115 5392 2288 5445 ταῦτα
2309 5391 2485 5459 λέγων
2517 5392 2578 5444 οὺ
2612 5390 2782 5464 μαίνῃ
2809 5391 2905 5445 καὶ
2933 5389 3121 5458 σαφῶς
3149 5389 3384 5460 lue-:44;
3427 5388 3559 5443 Ἰδοὺ
3586 5389 3699 5460 γάρ

2115 5486 2142 5537 ὁ
2176 5485 2381 5555 κόσμος
2413 5484 2626 5556 μορφὴ,
2656 5485 2832 5537 εῐτουν
2873 5483 3060 5553 σχῆμα
3099 5481 3362 5551 τυγχάνει
3399 5480 3492 5534 ὧν·
3520 5481 3619 5534 καὶ
3645 5483 3697 5533 οἱ

2115 5573 2345 5643 ἀστέρες
2379 5589 2442 5638 γε
2475 5573 2834 5644 χαρακτῆρας
2866 5571 3299 5642 προὸέὸλψταυ
3331 5571 3426 5624 καί⁵
3465 5569 3601 5633 ὅλως
3637 5569 3696 5621 τὸ

2117 5665 2335 5735 πνεῦμα
2362 5663 2456 5716 τοῦ
2491 5663 2866 5734 σφαιροειδοῦς
2902 5663 3093 5716 τούτου
3127 5661 3363 5727 κύκλου,
3407 5657 3548 5724 εἶδος
3583 5663 3696 5714 τῶν

2115 5759 2284 5811 ὄντων
2308 5757 2566 5828 τυγχάνει
2599 5757 2658 5810 ὂν
2679 5797 2693 5821 ,
2739 5759 2832 5810 καὶ
2862 5757 3052 5827 ὥσπερ
3082 5756 3376 5825 μόρφωμα.
3413 5755 3517 5808 Καὶ
3541 5755 3691 5822 ὅμως

2115 5849 2142 5902 ὁ
2183 5847 2312 5911 Θεὸς
2345 5847 2620 5919 πανταχοῦ
2658 5847 2910 5918 πάρεστι.
2949 5847 3060 5901 Ποῦ
3109 5847 3290 5902 τοίνυν
3329 5847 3468 5899 εἰσιν
3512 5847 3570 5898 ἐν
3610 5842 3690 5914 τῷ
