4072 6402
399 330 534 395 1353

1281 327 1647 388 HISTORIA
1685 328 2019 390 CUNCILII
2057 332 2361 394 NiCJSNI.
2400 363 2467 372 --
2503 339 2650 399 LIB.
2690 341 2773 403 II.

3524 351 3658 419 1354

392 441 514 511 Θεῷ
553 441 608 493 αἱ
659 437 882 508 ῦᾶρειςς
923 439 957 507 ἣ
1002 434 1143 490 κατὰ
1179 435 1230 487 τί
1271 437 1299 488 ὀ
1333 435 1464 499 Θεὸς
1512 434 1865 500 sitat-mutat;
1909 434 1969 490 τί]

2082 456 2187 509 que
2230 444 2384 498 malis
2430 446 2643 514 plenum
2687 452 2884 506 misere
2913 456 3127 511 exaruit
3164 474 3179 511 :
3216 469 3274 514 ut
3305 474 3528 531 aspectu
3562 474 3652 526 de-

393 531 729 605 πατροκτόνε
769 533 869 601 τῆς
906 527 1206 589 ἐπιεικείας
1252 522 1355 579 σύί
1406 526 1637 595 Λόγισαι
1666 526 1731 596 δὴ
1775 527 1867 581 οῦν
1912 530 1977 581 ἐκ

395 622 599 679 σαυτοῦ
618 621 1080 694 τεκμαιρόμενος,
1103 617 1197 672 καὶ
1216 614 1577 690 ἐνθυμήθητι,
1603 620 1650 671 εἰ
1674 620 1980 691 ἁμάρτημα

392 714 717 781 εἶναιδοκεῖ,
739 714 799 768 τὸ
821 716 877 766 ὲν
906 711 1130 783 Χριστῴ
1155 713 1413 782 παρεῖναι
1435 711 1525 763 τὸν
1553 709 1706 765 Θεύν.
1742 711 1980 776 Ἐκεῖνος

393 811 495 883 μὲν
527 805 621 862 οὖν
662 806 876 862 κατεῖδε
906 806 1006 877 τὴν
1039 805 1266 876 ἀτιμίαν
1295 804 1391 857 τοῦ
1423 804 1583 873 λόγου
1631 806 1725 857 καὶ
1762 804 1861 876 τὴν
1894 822 1978 858 τι·-

395 901 609 970 μωρίαν
637 899 700 952 οὗ
735 897 979 970 βραδέως
1005 896 1277 967 ἐπήγαγε.
1316 892 1501 969 Χωρὶς
1535 895 1592 947 δὲ
1622 895 1828 948 τούτων
1856 894 1978 949 καθ’

392 992 631 1062 ἑκάστην
655 990 928 1061 δήπουθεν
950 989 1167 1059 ἡμέραν
1193 988 1572 1059 ἁμαρτήματα
1601 989 1659 1040 ὲν
1684 987 1764 1058 τῷ
1787 988 1979 1059 κόσμῳ

390 1086 623 1153 γίνεταιο
655 1085 752 1137 καὶ
775 1083 924 1153 ὅμως
955 1083 983 1134 ὁ
1010 1079 1142 1145 Θεὸς
1173 1080 1435 1151 πάρεστι,
1464 1079 1559 1133 καὶ
1590 1080 1661 1133 τὰ
1688 1078 1789 1148 τῆς
1819 1079 1978 1148 δίκης

389 1174 490 1244 οὐχ
532 1173 828 1244 ὑστερίζει.
864 1172 930 1224 Τί
958 1170 1052 1225 οῦν
1083 1172 1225 1224 κατὰ
1264 1169 1425 1223 τοῦτο
1458 1169 1779 1224 ἐλαττοῦται
1808 1173 1886 1235 εἰς
1917 1171 1979 1224 τὸ

394 1264 628 1337 μέγεθος
658 1265 758 1333 τῆς
788 1261 954 1317 αὐτοῦ
982 1261 1266 1332 δυνάμεως
1290 1300 1305 1325 ,
1339 1263 1388 1314 εἰ
1424 1261 1493 1314 τὰ
1525 1259 1805 1331 πανταχοῦ
1838 1261 1979 1362 διαι-

393 1358 681 1421 σθάνεταις
707 1355 896 1419 Οὐδὲν,
922 1350 1099 1425 οἶμαι.
1144 1353 1204 1406 Ὀ
1231 1352 1331 1424 μὲν
1361 1352 1469 1424 γὰρ
1495 1352 1588 1405 τοῦ
1615 1353 1823 1423 κόσμου
1854 1351 1978 1416 νοῦς

389 1449 477 1504 διὰ
501 1451 594 1503 τοῦ
615 1448 773 1502 Θεοῦ·
801 1447 868 1500 δι’
893 1445 1061 1500 αὐτοῦ
1090 1446 1241 1498 πᾶσα
1263 1444 1517 1517 διαμονὴ,
1545 1444 1612 1498 δι’
1635 1444 1800 1497 αὑτοῦ
1828 1447 1976 1498 πᾶσα

389 1543 517 1614 δίκη
540 1560 554 1573 ο
590 1545 623 1613 ἡ
659 1542 716 1595 δὲ
753 1538 850 1593 τοῦ
895 1539 1134 1612 Χριστοῦ
1175 1539 1359 1601 πίστις
1401 1539 1654 1610 ἀνάρχως
1687 1537 1747 1602 ἐξ
1785 1536 1974 1591 αὑτοῦ.

390 1631 571 1698 ’Ὁλως
597 1634 653 1686 δὲ
682 1632 817 1686 Θεοῦ
848 1633 1011 1702 νόμος
1036 1631 1152 1684 ἐστι
1173 1630 1433 1700 Χριστὸς,
1455 1629 1523 1682 δι’
1550 1628 1715 1684 αὐτοῦ
1737 1629 1797 1683 τὸ
1820 1630 1978 1684 ἄπει-

393 1729 632 1807 ρονῦἆμα
666 1727 761 1780 καὶ
799 1724 1160 1793 ἀτελεύτητον
1199 1722 1358 1794 ἔχων.
1406 1722 1568 1775 Ἀλλὰ
1596 1722 1706 1790 γὰρ
1741 1723 1805 1775 σὺ
1833 1723 1974 1775 κατὰ

291 1815 299 1823 ’
391 1800 618 1872 σεαῦτδν
641 1818 838 1871 ἐννοῶν
865 1816 1068 1888 φαίνῃ;
1098 1815 1160 1868 Ὢ
1184 1816 1284 1886 τῆς
1316 1815 1514 1885 μανίας
1541 1813 1662 1866 λίαν
1686 1814 1697 1866 ί
1726 1814 1977 1884 περίτρε-
2011 1800 2049 1852 Β

387 1908 488 1979 ᾠον
532 1909 627 1964 νῦν
661 1911 741 1973 είς
781 1911 881 1980 τὴν
933 1908 1136 1961 σαυτοῦ
1181 1906 1461 1962 ἀπώλειαν
1498 1906 1560 1959 τὸ
1604 1904 1699 1958 τοῦ
1728 1906 1976 1959 διαϐόλου

385 2002 562 2073 ξίφος.
629 2002 823 2072 Ὁρᾶτε
876 2000 963 2071 δὴ,
1015 2001 1179 2072 ὁρᾶτε
1225 1999 1464 2063 πάντες,
1521 1997 1597 2060 ὡς
1626 1998 1825 2069 γοερὰς
1876 1996 1975 2068 ἤδη

387 2093 713 2163 προῖσχεται
745 2093 963 2159 φωνὰς,
1005 2090 1080 2161 τῷ
1109 2090 1203 2143 τοῦ
1240 2089 1409 2161 ἔχεως
1438 2088 1804 2159 ἐνεσχημένος
1841 2088 1978 2166 δηγ-

389 2200 549 2254 ματι’
576 2184 653 2247 ώς
673 2185 728 2237 αἱ
748 2182 943 2253 φλέϐες
968 2181 1135 2236 αὐτοῦ
1165 2184 1262 2235 καὶ
1289 2182 1493 2253 σάρκες
1521 2181 1597 2252 τῷ
1630 2181 1694 2252 ἰῷ
1720 2184 1976 2249 ἐκγατει-

385 2274 692 2346 λημμέναι.
716 2275 895 2339 δεινὰς
918 2275 1348 2346 ἀναμιγνύουσιν
1378 2272 1592 2336 ὀδύναςο
1616 2273 1692 2336 ὡς
1720 2273 1978 2345 διερρύη-

386 2384 482 2420 κεν
507 2367 669 2420 αὐτοῦ
695 2368 755 2421 τὸ
791 2367 952 2438 σῶμα
979 2369 1110 2432 πᾶν,
1145 2365 1359 2437 αὐχμοῦ
1387 2383 1445 2419 τε
1478 2366 1572 2419 καὶ⁹
1606 2366 1842 2438 θρήνων,
1884 2368 1978 2421 καὶ

385 2456 730 2529 ὼχριάσεως,
768 2456 866 2511 καὶ
901 2458 1139 2528 φρίκης,
1176 2457 1272 2510 καὶ
1308 2456 1521 2525 μυρίων
1564 2456 1729 2526 γέμει
1765 2458 1974 2523 κακῶν,

385 2553 482 2605 καὶ
513 2551 706 2617 δεινῶς
738 2552 1115 2623 κατέσκληκεν
1136 2567 1150 2581 ·
1185 2550 1262 2614 ὡς
1295 2549 1535 2619 εἰδεχθὲς
1569 2549 1664 2603 καὶ
1693 2551 1975 2623 κατάρρυ-

384 2659 486 2696 πον
537 2643 600 2696 τὸ
654 2643 754 2714 τῆς
803 2644 981 2714 κόμης
1025 2641 1224 2705 δάσος,
1260 2640 1336 2704 ώς
1384 2640 1503 2702 ὅλος
1555 2638 1832 2710 ἡμιθνὴς,
1879 2640 1976 2693 καὶ

383 2734 691 2801 ἐξασθενῶν
718 2737 821 2807 ἤδη
854 2737 916 2789 τὸ
940 2736 1181 2807 βλέμμα·
1212 2735 1288 2798 ὼς
1317 2734 1548 2804 ἄναιμον
1570 2734 1633 2786 τὸ
1658 2733 1971 2803 πρόσωπον,

383 2829 480 2880 καὶ
511 2827 616 2879 ὑπὸ
648 2827 923 2897 μερίμνης
950 2825 1244 2897 ἐκτετηκός
1265 2843 1277 2855 ·
1296 2826 1370 2889 ὡς
1396 2822 1533 2895 ὁμοῦ
1563 2824 1743 2878 πάντα
1768 2827 1848 2888 εἰς
1873 2826 1972 2878 αὑ-

382 2916 476 2968 τὸν
508 2916 901 2988 συνδραμόντα,
929 2914 1165 2989 οἶστρος,
1203 2916 1372 2987 μανία
1417 2934 1479 2971 τε
1509 2914 1607 2971 καὶ
1640 2919 1970 2989 ματαιότης,

380 3007 472 3061 διὰ
498 3008 558 3060 τὸ
583 3009 799 3078 χρόνιον
826 3008 921 3062 τοῦ
949 3008 1181 3075 πάθους,
1214 3008 1408 3080 ἄγριόν
1428 3026 1489 3063 τε
1519 3008 1616 3063 καὶ
1639 3009 1882 3080 θηριώδη
1912 3027 1969 3061 σε

2078 534 2289 603 formis,
2326 548 2382 591 et
2423 539 2605 595 illuvie
2639 544 2856 598 sordida
2882 547 3196 617 capillorum
3234 554 3393 623 silva,
3432 569 3491 613 ut
3516 569 3660 618 totus

2081 626 2466 683 semimortuus
2487 668 2502 693 ,
2548 640 2602 683 et
2633 642 2852 700 aspectu
2884 635 3001 705 ipso
3039 640 3150 709 jam
3187 642 3440 713 languido
3461 688 3476 714 ,
3509 652 3656 705 vultu

2082 720 2341 788 exsangui
2369 728 2424 774 et
2455 725 2602 777 curis
2645 724 2931 797 absumpto
2967 747 2981 782 :
3027 741 3085 785 ut
3112 733 3273 788 simul
3315 744 3499 795 omnia
3538 759 3659 812 qua:

2081 823 2499 875 concurrerunt,
2540 811 2714 880 furor,
2743 815 2974 886 insania,
3006 824 3242 892 vanitas,
3278 843 3500 900 propter
3528 811 3655 889 mali

2081 899 2492 958 diuturnitatem
2524 917 2795 974 agrestem
2843 920 2898 966 et
2940 912 3114 969 ferum
3165 899 3533 980 reddiderunt.
3579 926 3657 984 Ne

2079 993 2245 1046 sentit
2284 994 2503 1062 quidem
2535 998 2734 1067 quibus
2778 1003 2852 1057 sit
2885 1003 2937 1058 in
2969 1007 3148 1063 malis.
3182 1010 3413 1080 Eﬁ‘eror,
3455 1017 3652 1088 inquit,

2079 1098 2191 1152 prae
2241 1085 2538 1173 voluptate,
2586 1099 2639 1144 et
2695 1093 2952 1162 tripudio,
3001 1098 3252 1168 saltuque
3287 1085 3661 1179 lascivio'pra:

2080 1175 2313 1243 gaudio,
2366 1187 2421 1230 et
2471 1168 2702 1236 exsulto.
2751 1184 2819 1237 Et
2872 1202 3089 1243 rursum
3123 1192 3276 1247 valde
3295 1168 3657 1264 juveniliter:

2081 1263 2217 1331 Heu,
2246 1266 2437 1337 inquit,
2461 1272 2741 1340 periimus.
2770 1274 2884 1332 Hoc
2909 1281 3128 1348 quidem
3154 1263 3307 1341 certe?
3325 1304 3510 1345 verum
3533 1306 3657 1350 est:

2082 1356 2176 1411 tibi
2213 1360 2358 1413 enim
2392 1362 2494 1416 soli
2526 1365 2737 1420 malitia
2767 1367 2992 1439 largiter
3032 1377 3209 1432 studia
3240 1388 3296 1434 et
3332 1397 3547 1440 amores
3575 1389 3660 1443 sui

2079 1452 2488 1518 suppeditavit:
2537 1459 2790 1528 quodque
2825 1478 3018 1534 magno
3064 1472 3242 1537 pretio
3270 1489 3475 1531 emerat
3501 1517 3516 1543 ,
3561 1482 3656 1537 tibi

2081 1537 2336 1598 facillime
2370 1545 2618 1610 donavit.
2643 1550 2759 1619 Age
2792 1567 2920 1608 vero
2959 1554 3075 1624 jam
3117 1563 3203 1617 dic
3226 1605 3241 1631 ,
3277 1569 3363 1622 ubi
3396 1537 3658 1638 praeclara

2080 1630 2169 1684 illa
2198 1641 2286 1686 tua
2319 1636 2559 1690 monita?
2587 1636 2760 1695 Ablue
2784 1643 3013 1712 teipsum
3045 1646 3186 1716 Nilo,
3226 1630 3269 1707 si
3301 1630 3417 1713 ﬁeri
3455 1673 3658 1728 poteSt,

2082 1723 2241 1778 homo
2279 1728 2500 1781 absurdi
2538 1732 2780 1800 stuporis
2809 1735 3125 1803 plenissime
3163 1760 3177 1796 :
3210 1746 3410 1816 quippe
3441 1723 3659 1808 univcr;

2079 1829 2198 1868 sum
2227 1815 2415 1871 orbem
2448 1828 2714 1875 terrarum
2747 1822 2969 1894 ﬂagitiis
3013 1830 3120 1885 tuis
3155 1815 3479 1900 perturbare
3509 1845 3661 1899 onmi

2080 1907 2260 1963 studio
2302 1914 2647 1968 contendisti.
2677 1915 2870 1973 Nonne
2899 1920 3160 1994 intelligis
3202 1931 3345 1997 quod
3375 1947 3478 2002 ego
3504 1934 3613 2002 jam
3634 1978 3656 2007 ,

2079 1998 2169 2066 qui
2206 1996 2298 2053 Dei
2328 2002 2490 2057 liorno
2525 2019 2667 2073 sum,
2700 2008 2882 2063 omnia
2915 2012 3126 2069 sciam?
3161 1996 3234 2072 At
3259 2034 3387 2075 vero
3409 1996 3527 2092 iam
3558 1996 3657 2081 du:

2081 2091 2192 2146 bito
2222 2103 2401 2148 utrum
2443 2111 2667 2153 manere
2693 2115 2760 2154 an
2790 2102 2944 2158 abire
2987 2119 3272 2177 oporteat;
3312 2091 3485 2184 neque
3510 2119 3655 2173 enim

2077 2183 2255 2238 adhuc
2282 2185 2397 2239 visu
2424 2197 2629 2242 tantum
2661 2196 2991 2251 contendere
3016 2213 3258 2270 possum,
3289 2214 3342 2259 et
3373 2183 3653 2274 peccatum

2077 2274 2362 2343 erubesco,
2399 2292 2432 2332 ο
2461 2278 2554 2333 Ari
2594 2298 2609 2335 :
2658 2297 2758 2337 nos
2807 2285 2859 2338 in
2898 2286 3017 2342 luce
3051 2291 3370 2362 eolloeasti,
3420 2298 3654 2367 teipsum

2079 2378 2207 2419 vero
2250 2366 2304 2420 in
2341 2369 2589 2426 tenebras
2620 2374 2924 2446 conjecisti,
2955 2380 3158 2450 miser;
3186 2384 3274 2440 hic
3312 2388 3459 2443 enim
3506 2394 3658 2449 visus

2076 2466 2158 2509 cst
2187 2456 2431 2514 laborum
2462 2470 2676 2519 tuorum
2703 2467 2903 2524 exitus.
2941 2471 3049 2527 Sed
3080 2474 3205 2531 illuc
3242 2468 3438 2535 iterum
3470 2485 3659 2541 redeo.

2077 2546 2477 2608 Mnititudinem
2502 2555 2778 2612 hominum
2807 2561 2953 2618 circa
2981 2575 3032 2618 te
3062 2572 3374 2637 vagantium
3401 2590 3522 2629 esse
3551 2577 3652 2632 ais.

2074 2639 2181 2693 Par
2225 2652 2331 2707 est,
2379 2645 2576 2714 opinor
2609 2665 2623 2701 :
2659 2658 2712 2703 et
2751 2653 2933 2723 recipe
2981 2671 3095 2721 eos,
3142 2661 3342 2730 recipe,
3378 2664 3601 2735 inquam
3637 2688 3652 2723 :

2073 2749 2197 2786 nam
2238 2732 2375 2802 lupis
2426 2745 2481 2791 et
2533 2738 2783 2798 leonibus
2827 2759 2949 2801 sese
3002 2749 3343 2809 devorandos
3403 2732 3656 2826 praebue-

2074 2834 2218 2878 runt.
2246 2824 2611 2885 Verumetiam
2654 2833 2847 2889 horum
2914 2843 3284 2913 unusquisque
3318 2824 3430 2920 (32)
3465 2850 3652 2907 decem

2073 2918 2307 2985 capitum
2372 2925 2718 2992 accessione,
2776 2939 2833 2985 et
2890 2931 3086 2987 borum
3142 2918 3361 3009 sumptu
3409 2918 3655 3014 chpres-

2072 3025 2162 3063 sus
2222 3012 2482 3069 continuo
2544 3032 2734 3086 pmnas
2787 3021 2958 3090 dabit,
2992 3027 3096 3081 nisi
3150 3045 3313 3098 quam
3371 3035 3657 3094 celerrime

383 3101 778 3169 πεποιήκασιν.
842 3101 1054 3153 Αὐτίκα
1107 3102 1227 3154 οὐδὲ
1278 3100 1747 3172 ἐπαισθανόμενος
1794 3095 1856 3156 οῦ
1905 3102 1969 3173 δὴ

2075 3101 2142 3156 ad
2165 3102 2459 3160 salutarem
2484 3108 2785 3166 Ecclesiam
2818 3130 3130 3185 recurrens,
3153 3122 3440 3181 charitatis
3464 3144 3653 3198 pacem

381 3190 556 3244 κακοῦ
584 3193 843 3261 τυγχάνει
866 3189 963 3256 ὣν,
996 3191 1254 3262 Ᾱῖρομαι,
1287 3191 1474 3261 φησὶν,
1507 3193 1594 3260 ὑφ’
1620 3191 1834 3262 ἡδονῆς,
1875 3191 1971 3245 καὶ

381 3282 537 3353 πηδῶ
582 3298 647 3351 γε
684 3283 925 3354 σκιρτῶν
959 3283 1065 3336 ὑπὸ
1108 3285 1318 3353 χαρᾶς,
1358 3282 1453 3335 καὶ
1486 3281 1817 3353 πτεροῦμαι.
1860 3282 1970 3337 Καὶ

383 3375 546 3429 πάλιν
579 3375 846 3437 νεανικῶς
887 3391 951 3443 γε
1001 3373 1142 3440 λίαν,
1174 3368 1299 3427 Εἶεν
1324 3413 1339 3438 ,
1387 3372 1574 3443 φησὶν,
1610 3371 1965 3443 ἀπωλόμεθα.

384 3469 427 3519 Τ
432 3468 554 3520 οῦτο
585 3468 686 3538 μέν
707 3483 770 3535 γε
797 3467 892 3519 καὶ
917 3465 1117 3536 ἀληθές
1150 3467 1286 3518 ἐστι’
1319 3466 1404 3519 σοὶ
1424 3466 1532 3535 γὰρ
1566 3465 1713 3535 μόνῳ
1739 3466 1772 3535 ἡ
1800 3465 1970 3518 κακία

382 3559 483 3615 τὰς
516 3558 645 3628 παρ’
672 3558 874 3629 ἑαυτῆς
909 3557 1145 3620 σπουδὰς
1174 3555 1414 3626 δαψιλῶς
1449 3558 1799 3627 κεχορήγηκε
1820 3570 1834 3583 ⁶
1874 3557 1969 3610 καὶ

382 3650 411 3704 ὃ
443 3649 640 3720 πολλῆς
675 3652 880 3718 ἐώνητο
910 3650 1100 3721 τιμῆς,
1133 3649 1289 3702 τοῦτό
1321 3666 1404 3702 σοι
1432 3650 1608 3720 ῥᾷστα
1641 3647 1964 3717 δεδώρηται.

380 3744 519 3814 Φέρε
552 3743 617 3814 δὴ
651 3744 743 3797 νῦν
779 3742 923 3806 εἰπὲ,
956 3741 1059 3795 ποῦ
1109 3742 1176 3795 τὰ
1219 3741 1393 3811 σεμνά
1437 3739 1529 3792 σού
1586 3743 1703 3794 ἐστι
1749 3756 1968 3810 παραγ-

383 3835 660 3904 γέλματα;
694 3834 958 3904 ἀπόνιψαι
984 3834 1049 3905 δὴ
1096 3833 1289 3888 σαυτὸν
1320 3832 1397 3903 τῷ
1424 3832 1622 3903 Νείλῳ,
1655 3834 1703 3886 εί
1731 3826 1843 3885 οἷόν
1874 3850 1964 3898 τε,

383 3921 428 3979 ῶ
461 3927 663 3980 ἀτόπου
692 3929 755 3996 γέ
765 3947 880 3998 μων
903 3928 1157 3999 ἄνθρωπε
1183 3925 1564 3996 ἀναισθησίας·
1593 3927 1782 3981 καίτοι
1815 3925 1878 3979 σύ
1903 3944 1965 3994 γε

382 4016 482 4087 τὴν
511 4020 836 4092 οἰκουμένην
886 4021 1105 4074 ἃπασαν
1140 4022 1253 4082 τοῖς
1286 4017 1452 4072 αὑτοῦ
1492 4019 1807 4089 ἀσεϐήμασι
1849 4018 1964 4071 δια-

382 4109 619 4180 ταράξαι
670 4111 1033 4174 ὲσπούδακας.
1079 4105 1228 4182 τΑρά
1270 4128 1335 4179 γε
1383 4112 1568 4182 συνίης
1620 4111 1696 4176 ὡς
1749 4111 1968 4167 ἅπαντα

381 4199 483 4271 ἠδη
531 4202 560 4252 ὁ
596 4200 691 4254 τοῦ
734 4202 871 4255 Θεοῦ
916 4203 1205 4275 ἄνθρωπος
1258 4202 1369 4271 ἐγὼ
1417 4204 1757 4274 ὲπίσταμαι;
1806 4204 1967 4259 Ἀλλά

377 4293 487 4364 γάρ
530 4294 758 4365 ἀπορῶ,
806 4296 1035 4367 πότερον
1092 4296 1310 4362 μένειν,
1349 4296 1382 4367 ἢ
1428 4295 1650 4349 ἀπιέναι
1688 4297 1807 4350 δεῖ·
1840 4296 1965 4350 οὔτε

374 4387 485 4457 γὰρ
524 4386 744 4455 βλέπειν
768 4389 848 4450 εἰς
868 4389 1124 4441 τοσοῦτον
1153 4388 1233 4441 έτι
1258 4387 1518 4458 δύναμαι.
1545 4389 1642 4441 καλ⁵
1662 4386 1760 4459 τὴν
1781 4390 1962 4461 ἀμαρ-

2073 3208 2259 3247 amore
2303 3212 2366 3250 ac
2399 3201 2578 3254 studio
2620 3207 2928 3262 concordiae
2965 3212 3247 3281 suscipiat.
3285 3215 3401 3272 Non
3444 3223 3589 3275 enim
3623 3240 3651 3277 a

2076 3293 2127 3337 te
2150 3285 2493 3357 decipiantur
2513 3293 2744 3362 amplius
2767 3297 2832 3351 de
2851 3300 2990 3353 mala
3019 3304 3351 3363 conscientia
3376 3312 3653 3371 damnati:

2075 3391 2249 3445 neque
2294 3376 2538 3436 funditus
2584 3387 2764 3453 perire
2815 3391 3161 3448 sustinebunt
3213 3398 3499 3459 sceleratis
3551 3407 3656 3462 tuis

2072 3469 2465 3537 quaestionibus
2517 3475 2779 3546 implicati
2831 3484 3172 3540 :utanifesta
3221 3491 3367 3545 enim
3423 3505 3478 3548 ct
3527 3508 3653 3553 nota

2072 3575 2232 3619 erunt
2265 3565 2322 3620 in
2350 3580 2622 3636 posterum
2667 3574 3004 3643 sophismata
3039 3589 3128 3635 tua
3162 3600 3177 3636 :
3215 3600 3315 3641 nec
3346 3586 3462 3657 ipse
3498 3594 3655 3662 quid-

2071 3672 2233 3726 quam
2264 3661 2540 3729 proﬁcies,
2570 3664 2771 3720 frustra
2802 3667 2995 3740 ﬁnges,
3019 3677 3330 3742 aequitatem
3362 3692 3417 3737 et
3443 3661 3655 3744 sermo-

2073 3763 2198 3801 num
2230 3747 2509 3807 lenitatem
2542 3753 2840 3823 simulans,
2873 3772 2928 3817 et
2954 3764 3341 3836 simplicitatis,
3379 3783 3439 3827 ut
3467 3776 3539 3830 ita
3575 3782 3655 3834 di-

2071 3854 2215 3907 eam,
2258 3856 2545 3911 personam
2589 3850 2930 3909 extrinsecus
2974 3856 3224 3913 induens.
3287 3860 3494 3920 Vanum
3545 3872 3654 3925 erit

2070 3946 2234 3987 omne
2264 3936 2556 3990 artiﬁcium
2607 3947 2758 3993 tuum
2801 3958 2817 3995 :
2856 3943 2966 3999 cito
3004 3948 3151 4000 enim
3189 3958 3242 4004 te
3287 3954 3490 4009 veritas
3536 3958 3651 4028 ipsa

2070 4024 2450 4082 circumstabit
2482 4045 2496 4082 :
2530 4028 2640 4084 cito
2672 4029 2920 4088 ﬂammas
2956 4043 3076 4092 tuas
3125 4039 3323 4098 divina;
3355 4024 3649 4115 potentiae,

2072 4125 2127 4169 ut
2155 4117 2239 4171 sic
2268 4117 2464 4185 dicam,
2506 4120 2680 4177 imber
2716 4125 3037 4196 restinguet.
3063 4130 3224 4199 Atqui
3256 4135 3436 4192 socios
3459 4148 3515 4193 et
3539 4141 3652 4196 suf-
3740 4160 3759 4166 ι

2069 4202 2374 4272 fragatores
2398 4212 2549 4272 tuos,‘
2568 4208 2660 4277 qui
2684 4225 2742 4264 se
2758 4210 2871 4281 jam
2891 4215 3156 4272 olmoxios
3178 4220 3349 4276 curiae
3373 4224 3647 4296 fecerunt,

2068 4295 2403 4363 publicarunt:
2472 4300 2898 4358 ministeriorum
2961 4321 3108 4364 cura:
3171 4313 3486 4383 excipient,
3542 4295 3648 4375 nisi

2069 4403 2232 4457 quam
2265 4390 2529 4447 citissime
2563 4392 2831 4465 fugientes
2858 4412 3209 4468 congressum
3242 4412 3413 4473 tuum,
3457 4407 3646 4463 incor-

374 4480 498 4531 τίαν
533 4477 972 4549 ἐπαισχύνομαι,
1005 4472 1050 4531 ὦ
1094 4479 1314 4548 Ἀρειεί
1359 4479 1541 4550 Ἥμᾶς
1578 4479 1676 4550 μὲν
1725 4459 1961 4550 είςγφῶς

2072 4491 2285 4549 ruptam
2321 4480 2479 4537 ﬁdem
2511 4459 2748 4553 amplexi
2776 4484 2998 4543 fuerint.
3027 4488 3107 4544 Tu
3142 4507 3302 4557 vero,
3329 4497 3411 4550 vir
3446 4496 3645 4564 ferreo,

376 4573 760 4642 κατέστησας,
810 4573 1008 4627 σαυτὸν
1055 4573 1111 4627 δὲ
1160 4575 1239 4638 είς
1279 4574 1507 4641 σκότος,
1545 4568 1589 4630 ὦ
1619 4574 1958 4646 ταλαίπωρε,

375 4662 694 4726 κατέὸαλες.
744 4662 914 4718 Τοῦτό
943 4681 1024 4718 σοι
1063 4665 1170 4719 τῶν
1210 4668 1388 4720 πόνων
1421 4666 1632 4737 πέφηνε
1676 4667 1736 4720 τὸ
1782 4667 1961 4730 τέλος.

386 4755 528 4807 Ἀλλ’
556 4756 736 4808 ἐκεῖσε
776 4756 940 4809 πάλιν
969 4757 1250 4827 ἐπάνειμι.
1286 4757 1497 4827 Πλῆθος
1525 4753 1665 4812 εἶναι
1701 4760 1827 4829 φὴς,
1851 4758 1961 4812 τῶν

371 4848 500 4917 περὶ
526 4848 585 4900 σὲ
612 4847 911 4918 ἀλωμένων
946 4849 1083 4920 (Si).
1129 4849 1315 4913 Εἰκὸς,
1357 4845 1511 4919 οἶμαι
1532 4889 1546 4912 ,
1581 4851 1678 4903 καὶ
1708 4851 1867 4920 δέχου
1895 4867 1960 4918 γε

368 4940 612 5006 τούτους,
639 4940 796 5013 δέχου
821 4980 838 5007 ,
875 4941 1051 5012 φημί’
1084 4941 1270 5004 λύκοις
1305 4941 1413 5009 γάρ
1440 4941 1536 4994 καὶ
1568 4940 1781 4995 λέουσιν
1824 4943 1955 4995 έαυ-

367 5032 494 5091 τοὺς
559 5030 1018 5103 βρωθησομένους
1075 5028 1429 5084 ὲκδεδώκασι.
1486 5030 1632 5100 Πλὴν
1676 5029 1813 5084 ἀλλὰ
1860 5031 1956 5084 καὶ¹

368 5118 578 5173 τούτων
625 5120 860 5189 ἕκαστος
898 5122 1191 5196 προσθήκῃ
1238 5120 1493 5191 κεφαλῶν
1534 5120 1691 5185 δέκα,
1721 5122 1817 5175 καὶ
1865 5139 1956 5173 τε-

370 5210 607 5280 λέσμασι
642 5213 849 5268 τούτων
888 5213 1156 5279 πιεσθεὶς,
1206 5212 1408 5266 αὐτίκα
1438 5212 1504 5284 δὴ
1534 5213 1682 5283 μάλα
1721 5212 1958 5283 ἱδρώσει,

370 5301 468 5352 ἐὰν
504 5301 580 5373 μὴ
609 5304 709 5375 τὴν
739 5307 1001 5376 ταχίστην
1032 5306 1126 5359 ἐπὶ
1154 5304 1252 5376 τὴν
1280 5307 1548 5376 σωτήριον
1576 5305 1802 5376 δραμὼν
1843 5307 1964 5359 Ἐκ-

370 5394 625 5465 κλησίαν,
669 5396 769 5467 τὴν
824 5399 924 5469 τῆς
962 5399 1185 5468 ἀγάπης
1230 5398 1456 5469 εἰρήνην
1497 5397 1576 5468 τῷ
1612 5397 1823 5469 φίλτρῳ
1864 5403 1964 5471 τῆς

367 5486 622 5555 ὁμονοίας
671 5490 1028 5562 ἐπανέληται.
1088 5492 1163 5544 Οὐ
1217 5490 1327 5561 γὰρ
1368 5488 1434 5561 δὴ
1478 5489 1584 5543 ὑπὸ
1634 5489 1726 5543 σοῦ
1771 5489 1957 5545 λοιπὸν

441 5667 553 5753 (51)
584 5668 658 5753 ¹[ιι
691 5682 795 5722 ms.
832 5678 1021 5722 nostro
1050 5708 1066 5733 ,
1097 5667 1417 5753 ἁλωμένων.
1457 5668 1634 5753 Hgio.
1676 5741 1689 5753 .

437 5738 552 5811 (52)
583 5738 700 5794 Hoc
737 5748 819 5792 est
845 5776 860 5802 ,
895 5751 1090 5806 pra-ter
1130 5739 1470 5794 tributariam
1522 5741 1853 5799 iunctionem
1901 5751 1956 5798 et

693 5831 968 5893 I‘ATROL.
1013 5833 1127 5892 Gn.
1168 5833 1453 5896 LXXXV.

2067 4571 2132 4625 da
2162 4571 2297 4626 mihi
2324 4572 2541 4643 aliquod
2567 4578 2843 4646 specimen
2889 4584 3155 4650 propositi
3194 4586 3293 4651 tui,
3326 4588 3372 4642 si
3415 4590 3509 4645 tibi
3543 4591 3647 4661 ipsi

2066 4663 2208 4728 ﬁdis,
2239 4674 2296 4719 et
2330 4666 2454 4723 ﬁdei
2493 4668 2752 4726 ﬁrmitate
2782 4672 2956 4729 fretus
2993 4689 3075 4740 es,
3109 4691 3174 4732 ac
3197 4694 3388 4747 puram
3418 4684 3644 4738 omnino

2067 4754 2236 4812 habes
2265 4759 2676 4817 conscientiam.
2713 4760 2849 4818 Veni
2891 4765 2958 4820 ad
2985 4783 3092 4831 me,
3125 4769 3270 4835 veni,
3300 4770 3544 4842 inquam,
3577 4775 3645 4828 ad

2065 4847 2161 4904 Dei
2205 4851 2479 4907 hominem
2514 4870 2528 4908 :
2567 4855 2730 4910 crede
2760 4860 2907 4926 quod
2943 4858 3470 4931 interrogationibus
3510 4868 3646 4921 meis

2059 4944 2242 4998 cordis
2284 4945 2359 4998 tui
2394 4945 2577 5001 abdita
2612 4951 2905 5006 scrutabor
2936 4969 2949 5005 :
2981 4963 3039 5007 et
3079 4953 3125 5007 si
3159 4955 3289 5027 quid
3324 4956 3552 5012 insaniae
3589 4959 3643 5013 in

2059 5044 2111 5088 te
2134 5035 2377 5090 residere
2411 5038 2681 5104 videatur,
2710 5041 2949 5097 divinam
2980 5044 3213 5112 gratiam
3247 5046 3575 5115 implorans,
3609 5067 3640 5102 a

2063 5141 2245 5180 morsu
2278 5133 2332 5179 te
2358 5127 2552 5183 melius
2590 5132 2792 5186 curabo
2822 5149 2838 5187 :
2870 5133 2915 5188 si
2951 5148 3081 5188 vero
3123 5126 3303 5189 mente
3343 5150 3473 5191 sana
3522 5153 3645 5192 esse

2061 5218 2351 5284 videberis,
2377 5221 2598 5286 cognito
2621 5222 2674 5275 in
2700 5230 2754 5277 te
2779 5225 3024 5279 veritatis
3053 5225 3277 5291 lumine,
3308 5227 3415 5281 Deo
3437 5228 3643 5297 gratias

2062 5300 2244 5378 agam,
2270 5320 2326 5364 et
2350 5312 2484 5366 mihi
2517 5313 2618 5382 ipsi
2659 5316 2878 5385 pietatis
2909 5332 3075 5372 causa
3100 5319 3542 5390 congratulabor.
3572 5320 3643 5373 Et

2066 5401 2175 5454 alia
2204 5417 2366 5455 manu
2397 5417 2416 5455 :
2446 5402 2589 5460 Deus
2613 5420 2709 5460 vos
2730 5407 3020 5475 custodiat,
3050 5409 3381 5466 charissimi.

2014 5491 2522 5566 ἐξαπατηθήσονται
2587 5496 2682 5551 ἐπὶ
2724 5500 2941 5571 πονηρᾷ
2988 5501 3297 5573 συνειδήσει
3364 5520 3644 5574 κατεγνω-

2068 5674 2451 5738 capitatione")
2484 5689 2670 5753 _suam
2716 5692 2817 5753 pro
2869 5676 3058 5753 decent
3105 5680 3327 5753 insuper
3375 5685 3644 5752 capitibus

2067 5748 2327 5807 tributum
2362 5746 2593 5817 pendent
2623 5748 2840 5817 singuli.
2880 5749 3055 5807 Hann.

3251 5843 3324 5903 43
