4072 6406
329 369 458 435 1357

1219 366 1590 427 HISTORIA
1632 364 1971 425 CONCILII
2011 350 2319 425 meam.
2358 387 2429 404 -κ
2472 366 2619 425 LIB.
2661 364 2746 427 II.

3458 365 3596 429 13,338

316 479 522 551 ἀρετῆς
563 475 941 547 ὑποδείγματα
988 475 1213 546 ἔμελλεν
1252 476 1613 546 ἐμφανίζεινς
1666 474 1763 529 καλ⁸
1810 475 1910 545 τὴν

2013 476 2183 531 dere?
2211 487 2260 530 et
2284 476 2395 546 jam
2439 473 2724 530 confusum
2756 489 2784 529 a
2818 475 3036 532 diabolo
3068 490 3334 542 errorem,
3373 475 3595 529 humani

320 573 423 641 ἤδη
456 567 873 640 συγκεχυμένην
911 567 1142 639 ὀλεθρίῳ
1182 568 1392 638 πλάνην
1418 568 1513 621 τοῦ
1563 566 1905 639 ἀνθρωπίνου

320 665 511 730 γένους
557 660 836 715 ἀπώλειαν
868 658 1223 713 ἀποσείεσθαι
1245 700 1260 727 ,
1299 660 1496 731 καινήν
1520 676 1580 712 τε
1608 655 1909 732 θρησκείας

320 755 523 808 διδόναι
567 751 923 806 διδασκαλίαν
967 751 1047 822 τῷ
1090 752 1191 822 τῆς
1241 750 1465 820 ἀγνοίας
1509 747 1907 819 ὑποδείγματι,

320 848 418 910 τὰς
455 846 682 910 ἀναξίας
726 845 823 899 τοῦ
861 844 957 898 νοῦ
996 845 1228 916 πράξεις
1266 842 1576 915 καθαίρειν,
1624 841 1820 895 ἔπειτα
1853 839 1909 893 δὲ

319 941 420 1008 τὴν
450 940 548 1009 μὲν
570 937 663 991 τοῦ
693 937 924 992 θανάτου
953 937 1187 1009 βάσανον
1211 934 1447 1001 ἐκλύειν,
1472 934 1541 987 τά
1563 934 1619 988 δὲ
1649 934 1747 1003 τῆς
1780 931 1913 987 ἀθα-

321 1031 512 1093 νασίας
546 1030 756 1083 ἔπαθλα
796 1031 1230 1102 προαναφωνεῖν.
1276 1028 1419 1081 Ἀλλ’
1446 1027 1605 1098 ὑμεῖς
1629 1066 1644 1090 ,
1678 1024 1770 1089 οὓς
1801 1025 1911 1077 λοι-

324 1122 428 1175 πὸν
471 1121 738 1191 ἀδελφοὺς
768 1123 802 1192 ἡ
846 1121 946 1191 τῆς
982 1120 1209 1189 ἀγάπης
1243 1120 1500 1174 κοινωνία
1537 1118 1770 1181 εἰκότως
1817 1118 1909 1170 ὑπ’

320 1211 458 1283 ἐμοῦ
493 1209 1002 1283 προσαγορεύεσθαι
1047 1211 1222 1274 ποιεῖ,
1268 1209 1370 1262 οὐκ
1407 1207 1654 1275 ἀγνοεῖτέ
1701 1223 1769 1276 με
1816 1207 1911 1259 τὸν

324 1301 588 1371 ὑμέτερον
619 1299 1031 1370 συνθεράποντα
1053 1336 1069 1364 ,
1103 1299 1203 1352 οὐκ
1243 1298 1487 1367 ἀγνοεῖτε
1534 1296 1594 1350 τὸ
1630 1297 1732 1367 τῆς
1777 1296 1913 1366 ὑμε-

321 1390 489 1460 τέρας
526 1389 800 1460 σωτηρίας
826 1387 1110 1461 ὀχύρωμα,
1144 1380 1206 1441 ob
1247 1389 1347 1459 τὴν
1385 1387 1640 1459 φροντίδα
1672 1387 1911 1458 γνησίως

324 1481 683 1552 ἐπανῄρημαι
707 1522 721 1544 ,
757 1480 854 1534 καὶ
903 1479 973 1534 δι’
1007 1472 1071 1533 οὗ
1115 1478 1224 1534 τῶν
1265 1481 1553 1551 ἡμετέρων
1598 1479 1810 1550 ἐχθρῶν
1848 1479 1910 1532 οὐ

327 1574 487 1644 μόνον
523 1576 592 1626 τά
637 1573 779 1626 ὅπλα
822 1572 1349 1643 κατεμαχεσάμεθα,
1398 1571 1537 1625 ἀλλά
1574 1572 1671 1625 καὶ
1701 1570 1914 1634 ζῶντας

322 1667 403 1719 ἔτι
435 1665 533 1737 τὴν
583 1666 764 1737 ψυχὴν
804 1664 1281 1738 συγκατείρξαμεν
1324 1664 1461 1736 πρὸς
1495 1662 1556 1717 τὸ
1588 1666 1688 1736 τῆς
1719 1663 1913 1733 φιλαν-

322 1759 572 1828 θρωπίας
612 1758 791 1829 ἀληθῆ
824 1759 1005 1811 πίστιν
1042 1756 1297 1826 ὲκφάναι.
1350 1756 1490 1810 Ἀλλ’
1526 1755 1639 1826 ἐγὼ
1672 1757 1764 1809 ἐπὶ
1801 1757 1914 1819 τοῖς

2014 569 2228 638 generis
2282 568 2577 638 perniciem
2633 576 2910 634 excutere,
2954 583 3261 638 novamque
3316 567 3598 638 religionis

2012 659 2318 712 doctrinam
2376 660 2506 713 dare
2556 660 2880 731 ignorantia:
2925 662 3294 725 documento,
3345 661 3599 731 indignas

2015 752 2217 804 mentis
2263 751 2623 821 cogitationes
2673 768 2929 823 purgare,
2980 753 3180 807 deinde
3232 766 3361 808 vero
3406 755 3599 809 mortis

2012 844 2289 897 cruciatus
2346 844 2679 911 retundere,
2755 860 2818 900 ac
2892 844 3317 900 immortalitatis
3377 848 3631 917 praemia'

2014 933 2171 1003 longe
2220 942 2346 988 ante
2387 935 2709 1002 praedicere.
2763 934 2867 990 Sed
2921 949 3039 999 vos,
3077 950 3213 1003 quos
3247 945 3304 989 ut
3345 936 3599 1005 deinceps
3638 949 3693 958 "

2016 1022 2216 1079 fratres
2259 1024 2548 1093 appellem,
2600 1024 2890 1079 charitatis
2935 1024 3248 1079 communio
3287 1022 3419 1077 facit
3468 1022 3596 1094 (non

2014 1116 2276 1186 ignoratis
2301 1132 2387 1171 me
2415 1131 2738 1172 conservum
2769 1117 3033 1185 vestrum)
3069 1134 3174 1173 non
3206 1117 3468 1186 ignoratis
3503 1131 3598 1170 vc-

2012 1218 2141 1261 strte
2179 1207 2371 1262 salutis
2400 1208 2735 1278 praesidium,
2772 1208 2927 1279 cujus
2972 1224 3160 1263 curam
3194 1208 3427 1279 ingenue
3471 1223 3599 1264 δυο-κ

2013 1299 2156 1369 cepi,
2217 1306 2272 1355 et
2324 1315 2418 1370 per
2447 1300 2590 1368 quod
2636 1316 2739 1354 non
2784 1301 2959 1355 solum
2996 1311 3238 1356 armatos
3271 1302 3459 1357 hostes
3500 1315 3601 1356 no-

2014 1402 2159 1446 stros
2185 1378 2513 1458 devicimus,
2548 1406 2730 1447 rerum
2754 1393 2916 1447 etiam
2950 1394 3194 1448 viventes
3217 1393 3396 1448 adlmc
3416 1394 3601 1464 coegi-

2014 1499 2136 1538 mns
2174 1484 2535 1538 humanitatis
2583 1498 2766 1537 veram
2816 1483 2976 1537 fidem
3009 1484 3275 1552 proliteri.
3310 1483 3421 1553 Ego
3469 1499 3600 1540 vero

2016 1577 2069 1631 in
2103 1577 2187 1631 his
2220 1576 2377 1631 bouis
2404 1586 2627 1645 propter
2660 1573 3112 1629 instaurationem
3150 1576 3299 1630 orbis
3327 1585 3599 1629 terrarum

2015 1669 2249 1723 maxime
2275 1669 2605 1739 gaudebam.
2654 1668 2871 1724 Etenim
2916 1668 3278 1723 admiratione
3306 1668 3467 1738 plane
3504 1668 3601 1723 di-

2013 1778 2176 1834 gnum
2210 1764 2312 1816 l'uit
2344 1772 2422 1817 tot
2447 1773 2636 1831 gentes
2673 1762 2738 1815 ad
2762 1761 3112 1817 concordiam
3160 1774 3602 1829 consensumque

318 1849 553 1917 ἀγαθοῖς
611 1850 824 1913 τούτοις
874 1850 964 1904 διὰ
999 1849 1098 1921 τὴν
1141 1850 1243 1920 τῆς
1292 1848 1625 1920 οἰκουμένης
1676 1847 1912 1919 μάλιστα

2015 1853 2330 1919 adduxisse,
2363 1869 2485 1923 quae
2516 1854 2676 1922 paulo
2716 1863 2844 1908 ante
2875 1854 3194 1908 dicebantur
3234 1853 3403 1909 Demn
3446 1855 3601 1923 igno-

321 1941 623 1995 ἀνανέωσιν
656 1941 898 2013 ἔχαιρον.
930 1941 1041 1994 Καὶ
1068 1939 1177 2011 γὰρ
1208 1939 1489 2011 θαύματος
1511 1935 1579 2011 ἦν
1599 1939 1752 2006 ἄξιον
1779 1939 1913 2011 ἀλη-

320 2032 434 2095 θῶς
483 2031 613 2102 ἔθνη
659 2031 898 2085 τοσαῦτα
944 2033 1026 2095 είς
1070 2031 1323 2101 ὁμόνοιαν
1372 2032 1701 2100 ἐπαγαγεῖν,
1728 2029 1765 2084 ἀ
1807 2032 1914 2102 πρὸ

323 2120 557 2193 βραχέος
596 2119 817 2189 ἐλέγετο
850 2120 942 2174 τὸν
978 2121 1112 2174 Θεδν
1148 2122 1388 2189 ἀγνοεῖν.
1438 2121 1587 2192 Πλὴν
1616 2120 1670 2173 τί
1719 2119 1913 2191 ἔμελλε

322 2210 614 2283 γινώσκειν
657 2212 725 2265 τὰ
774 2213 903 2284 ἔθνη
948 2212 1155 2280 ταῦτα,
1199 2211 1237 2267 ἀ
1268 2213 1528 2284 οὐδεμίαν
1578 2211 1913 2282 φιλονεικίας

321 2303 667 2375 ἐπανῂρηντο
697 2304 993 2375 φροντίδα;
1029 2304 1093 2358 Τί
1134 2300 1227 2359 οὖν
1257 2307 1433 2361 νοεῖτε
1458 2344 1474 2368 ,
1515 2304 1741 2374 ἀδελφοὶ
1770 2305 1912 2373 ἀγα-

323 2406 505 2474 πητοὶ,
534 2404 610 2467 ὡς
642 2406 789 2475 ἡμᾶς
829 2405 1028 2467 αὐτοὺς
1060 2404 1357 2475 αἰτιῶμαι;
1390 2403 1710 2475 Χριστιανοί
1746 2404 1914 2474 ἐσμεν

320 2495 419 2549 καὶ
449 2496 646 2568 οἰκτρᾷ
683 2494 921 2550 διαθέσει
957 2494 1330 2566 διχονοοῦμεν.
1366 2493 1517 2566 Αὕτη
1554 2494 1662 2565 ἄρα
1698 2495 1845 2547 ἐστὶν
1880 2495 1913 2565 ἠ

322 2584 570 2655 ἡμετέρα
606 2586 831 2651 πίστις;
867 2584 1008 2657 αῦτη
1040 2588 1072 2655 ἠ
1101 2583 1196 2637 τοῦ
1229 2584 1541 2652 ἀγιωτάτου
1572 2584 1740 2654 νόμου
1770 2582 1916 2636 διδα-

326 2676 556 2742 σκαλία;
581 2677 721 2731 ἀλλά
746 2678 828 2742 τίς
870 2679 1019 2731 ἐστιν
1046 2676 1218 2742 αἰτία,
1249 2676 1316 2729 δι’
1360 2675 1428 2746 ἢν
1460 2677 1488 2729 ό
1514 2675 1611 2729 τοῦ
1646 2675 1914 2745 παρόντος

323 2768 496 2823 κακοῦ
522 2768 745 2839 ὄλεθρος
777 2770 1170 2840 ἐξεγηγερταις
1206 2769 1270 2821 Ὢ
1295 2770 1395 2838 τῆς
1439 2767 1710 2830 ἀτοπίαςί
1738 2765 1784 2819 ὣ
1820 2767 1913 2837 μί-

323 2879 452 2925 σους
485 2861 784 2931 ὑπερϐολὴ,
817 2861 999 2930 πάσης
1028 2859 1461 2929 ἀγανακτήσεως
1484 2856 1714 2927 μέγεθος
1740 2857 1911 2926 ὑπερ-

322 2953 597 3007 παίουσαῐ
630 2952 726 3015 Τίς
762 2953 796 3022 ἡ
829 2951 925 3004 τοῦ
971 2950 1269 3022 λῃστηρίου
1304 2949 1497 3002 τούτου
1529 2947 1912 3016 ἀναπέφανται

320 3046 600 3115 δεινότης;
630 3040 666 3116 ἦ
695 3045 786 3098 τὸν
812 3044 906 3097 τοῦ
934 3042 1070 3096 Θεοῦ
1096 3043 1226 3095 Υίὸν
1248 3044 1495 3111 ἀρνεῖται
1524 3039 1583 3106 ἐξ
1612 3038 1910 3110 ἀμερίστου

320 3135 416 3189 τοῦ
446 3135 662 3206 Πατρδς
695 3134 882 3197 οὐσίας
924 3132 1395 3206 προεληλυθέναι;
1426 3128 1557 3202 'Ap’
1601 3132 1724 3203 οὐχὶ
1772 3147 1912 3184 παν·-

2017 1959 2164 1999 rare.
2203 1943 2401 1999 Verum
2435 1943 2707 2013 quomodo
2741 1944 3037 2014 cogniturte
3078 1954 3232 1997 erant
3278 1952 3470 2014 gentes
3511 1960 3599 2012 ea,

2016 2052 2139 2106 quae
2169 2034 2320 2090 nullo
2350 2034 2720 2090 contentionis
2749 2035 2931 2089 studio
2970 2034 3271 2105 intelligere
3302 2038 3601 2093 curarent?

2016 2128 2155 2195 Quid
2192 2126 2361 2198 igitur
2388 2126 2665 2196 cogitatis,
2699 2124 2899 2181 fratres
2924 2125 3260 2192 charissimi,
3292 2131 3437 2196 quod
3472 2144 3601 2183 nos-

2018 2220 2165 2289 ipsos
2190 2217 2754 2274 accusOYCbristiani
2791 2234 2998 2283 sumus,
3037 2229 3093 2274 et
3126 2220 3430 2276 miserabili
3467 2222 3601 2278 alle-

2015 2321 2108 2365 ctu
2154 2310 2531 2368 dissentimus.
2574 2311 2701 2365 llmc
2737 2310 2900 2379 igitur
2934 2310 3048 2379 ipsa
3085 2320 3169 2365 est
3196 2312 3330 2367 ﬁdes
3377 2314 3603 2369 nostra?

2018 2404 2134 2457 hinc
2168 2402 2531 2456 sanctissimae
2566 2402 2699 2471 legis
2738 2401 3028 2455 doctrina?
3078 2401 3185 2456 Sed
3213 2417 3334 2470 qua:
3381 2406 3599 2458 tandem

2015 2502 2100 2549 est
2141 2508 2326 2558 causa,
2358 2494 2427 2547 ob
2459 2507 2622 2562 quam
2653 2492 2935 2561 praesentis
2975 2492 3101 2546 mali
3137 2494 3411 2563 pernicies
3451 2496 3603 2551 exci-

2019 2597 2127 2641 tata
2154 2586 2271 2640 est?
2292 2583 2335 2640 Ο
2360 2600 2473 2638 rem
2507 2584 2796 2639 absurdam
2818 2584 2830 2637 l
2866 2600 2899 2640 o
2921 2599 3193 2640 summum
3224 2587 3433 2651 odium,
3458 2590 3602 2657 quod

2016 2678 2198 2733 omnis
2253 2675 2647 2747 indignationis
2697 2675 3131 2745 magnitudinem
3176 2678 3420 2733 exceditl
3473 2682 3604 2746 Qua:

1983 2770 2233 2823 .tandem
2282 2769 2399 2824 visa
2440 2776 2527 2824 est
2569 2765 2733 2836 bujus
2782 2766 3084 2823 atrocitas?
3117 2766 3255 2822 Num
3290 2769 3382 2823 Dei
3407 2769 3603 2825 Filium

2017 2870 2171 2931 negat
2196 2875 2262 2913 ex
2292 2859 2564 2914 individua
2592 2860 2682 2912 Dei
2707 2859 3012 2914 substantia
3041 2862 3418 2931 processisse?
3449 2862 3604 2919 Anne

2019 2952 2159 3007 Deus
2189 2952 2391 3021 ubique
2434 2951 2559 3006 est?
2583 2951 2734 3021 atqui
2766 2952 2912 3007 hunc
2949 2967 3167 3022 semper
3210 2954 3402 3011 adesse
3447 2956 3603 3011 nobis

2015 3044 2306 3098 sentimus.
2336 3041 2493 3098 Anne
2522 3041 2679 3113 hujus
2707 3045 2953 3113 potentia
2978 3045 3347 3102 universitatis
3370 3057 3602 3103 ornatus

2014 3135 2239 3201 coaluit,
2294 3145 2459 3203 atque
2506 3134 2873 3205 separationis
2921 3136 3148 3191 dissidio
3178 3138 3424 3207 privatus
3476 3141 3604 3196 est?

321 3226 487 3299 ταχοῦ
522 3229 671 3280 ἐστιν
698 3226 727 3278 ὁ
755 3225 921 3291 Θεός;
959 3223 1137 3278 καίτοι
1170 3240 1235 3292 γε
1286 3222 1477 3277 τοῦτον
1506 3222 1740 3275 πάντοτε
1774 3238 1914 3294 παρ-

2017 3226 2096 3282 Ne
2124 3227 2255 3297 quid
2288 3226 2453 3297 igitur
2479 3241 2507 3280 a
2535 3229 2692 3282 nobis
2712 3238 2895 3293 actum
2927 3228 3019 3294 sit,
3053 3227 3249 3283 fratres
3267 3229 3600 3297 eharissimi,

319 3325 461 3376 εῖναι
518 3323 653 3393 ἡμῖν
709 3318 1110 3391 αἰσθανόμεθα.
1155 3314 1285 3391 ’Ἆρ’
1317 3316 1437 3388 οὐχὶ
1468 3317 1559 3370 διὰ
1589 3317 1691 3389 τῆς
1714 3315 1909 3370 τούτου

317 3415 610 3485 δυνάμεως
642 3415 677 3485 ἡ
706 3413 821 3487 τῶν
854 3413 995 3467 ὅλων
1029 3411 1366 3482 συνέστηκεν
1402 3408 1698 3481 εὐκοσμία;
1731 3408 1910 3462 καίτοι

324 3522 389 3574 γε
421 3506 522 3576 τῆς
546 3505 639 3559 τοῦ
670 3504 956 3577 χωρισμοῦ
983 3504 1321 3567 διαστάσεως
1349 3501 1665 3573 ἐστέρηται.
1701 3500 1795 3571 Μὴ
1817 3494 1910 3554 οὖν

323 3599 459 3669 ἡμῖν
483 3615 537 3651 τι
567 3598 905 3667 πέπρακται,
926 3590 973 3650 ὣ
994 3597 1271 3667 ἀγαπητοὶ
1297 3594 1539 3663 ἀδελφοὶ,
1559 3591 1909 3664 καταμάθετε

324 3690 443 3757 νῦν,
492 3691 650 3757 ἀξιῶ,
683 3693 784 3757 τάς
820 3692 1090 3764 βασάνους
1120 3692 1222 3764 τῆς
1267 3689 1552 3763 παρούσης
1623 3688 1936 3760 ἀλγηδόνος.

2017 3319 2309 3381 attendite.
2361 3333 2567 3388 qumso,
2608 3319 2894 3388 praesentis
2944 3318 3153 3374 doloris
3198 3320 3599 3388 probationem.

2021 3409 2128 3466 Vos
2168 3411 2315 3465 illius
2354 3410 2705 3467 confessores
2738 3411 2856 3466 fore
2898 3411 3251 3482 promisistis,
3278 3427 3438 3482 quem
3484 3430 3604 3473 esse

2018 3503 2254 3575 negatis,
2286 3518 2408 3558 cum
2442 3503 2598 3561 vobis
2625 3503 2774 3560 istud
2803 3503 3103 3562 exitiabilis
3135 3504 3225 3561 ille
3257 3506 3449 3564 doctor
3474 3524 3602 3579 per-

2015 3592 2268 3647 suaserit.

1990 3688 2364 3760 Ὁμολογητάς
2410 3689 2557 3762 ὑμᾶς
2632 3685 2773 3745 εἶναι
2828 3691 3021 3746 τούτου
3067 3693 3497 3764 ἐπαγγέλλεσθε,
3546 3695 3605 3750 ὃν

323 3777 461 3836 εἶναι
491 3782 766 3857 ἀρνεῖσθε,
798 3784 943 3853 ὑμᾶς
971 3781 1066 3837 τοῦ
1102 3780 1385 3845 πανώλους
1429 3779 1751 3835 διδασκάλου
1781 3776 2081 3842 πείθοντος.

323 3965 432 4032 (Ab
472 3964 576 4018 hoc
607 3962 727 4018 loco
767 3961 1026 4018 describit
1068 3961 1333 4031 reliquam
1390 3958 2134 4097 Epistolis!m:l'£t?£§lititu:
2282 3976 2324 4103 ι),
2359 3960 2503 4017 Hist.
2540 3963 2713 4031 Eccl.,
2754 3977 2804 4019 c.
2856 3965 2949 4033 20,
3008 3965 3236 4064 hujusce
3281 3969 3603 4043 Patrulogia:

416 4170 682 4240 Νικητὶρς
718 4168 1174 4237 ιίωνσταντῒνος
1202 4167 1502 4233 Σεϐαστὸς
1530 4166 1814 4233 Θεοδότῳ.

393 4302 536 4376 Ὅση
568 4305 669 4374 τῆς
699 4304 848 4365 θείας
875 4303 1046 4373 ὀργῆς
1078 4304 1113 4373 ἡ
1162 4302 1314 4374 ἰσχὺς
1343 4301 1578 4371 πέφυκε,
1628 4300 1723 4355 καὶ
1754 4302 1815 4365 ἐξ
1840 4295 1916 4356 ὧν

323 4395 588 4457 Εὐσέϐιος
611 4410 672 4447 τε
696 4395 792 4447 καὶ⁸
815 4395 1074 4464 Θεόγνιος
1092 4394 1451 4461 πεπόνθασιν,
1485 4395 1712 4466 εὐχερὲς
1732 4394 1826 4447 καὶ
1856 4393 1916 4448 σὲ

327 4485 543 4553 μαθεῖν’
587 4484 639 4537 οἳ
693 4486 777 4549 είς
820 4486 923 4555 τὴν
970 4488 1284 4557 ἀγιωτάτην
1338 4486 1731 4561 παροινοῦντες
1781 4486 1913 4559 θρη-

327 4576 540 4640 σκείαν,
575 4575 638 4630 τδ
664 4576 762 4631 τοῦ
794 4577 1049 4650 Σωτῆρος
1093 4578 1232 4633 Θεοῦ
1264 4579 1437 4650 ὄνομα
1476 4580 1554 4650 τῷ
1594 4580 1909 4650 συστήματι

322 4666 419 4720 τοῦ
466 4669 673 4722 οἰκείου
702 4669 999 4742 λῃστηρίου
1028 4672 1124 4727 καὶ
1158 4672 1297 4744 μετά
1340 4672 1403 4725 τὸ
1434 4674 1619 4743 τυχεῖν
1660 4670 1906 4740 συγγνώ-

323 4776 433 4829 μης
455 4760 707 4829 ἐμίαναν.
744 4764 875 4815 Ὅτε
907 4762 1018 4835 γὰρ
1053 4764 1287 4835 μάλιστα
1316 4763 1457 4834 μετὰ
1492 4762 1592 4832 τὴν
1643 4766 1741 4833 τῆς
1776 4779 1905 4815 συν-

314 4852 439 4904 όδου
474 4852 839 4925 ὁμογνώμονα
880 4855 1198 4925 συμφωνίαν
1251 4855 1423 4927 ἐχρῆν
1488 4855 1588 4926 τὴν
1633 4854 1906 4924 προτέραν

318 4945 807 5017 ἐπανορθώσασθαι
835 4947 1070 5019 πλάνην,
1101 4947 1221 5001 τότε
1252 4951 1363 5011 τοῖς
1397 4947 1583 5009 αὐτοῖς
1614 4947 1904 5017 ἀτοπήμα-

320 5050 406 5089 σιν
456 5037 790 5107 ἐμμένοντες
841 5039 1112 5095 ἑάλωσαν.
1167 5041 1264 5092 Διά
1310 5037 1472 5092 τοῦτο
1517 5039 1648 5105 γοῦν
1695 5037 1728 5106 ἡ
1776 5035 1907 5089 θεία

308 5125 556 5207 λΠρόνοια
604 5130 802 5195 αὐτοὺς
851 5130 947 5184 τοῦ
981 5131 1180 5201 ἑαυτῆς
1221 5126 1484 5184 ἀπώσατο
1519 5126 1670 5180 λαοῦ·
1721 5125 1908 5197 ἐπειδὴ

319 5218 460 5289 μηδὲ
486 5219 646 5292 ἔφερε
679 5224 781 5286 τάς
802 5226 1044 5288 ἀκάκους
1075 5222 1256 5294 ψυχάς
1285 5221 1466 5290 ὀλίγον
1499 5219 1728 5291 ἀπονοία
1755 5219 1908 5288 φθει-

308 5310 560 5380 νρομένας
585 5314 863 5385 καθορᾷνο
916 5316 1011 5370 καὶ
1053 5316 1152 5368 νῦν
1197 5314 1297 5386 μὲν
1346 5312 1506 5379 ἀξίαν
1546 5311 1678 5383 παρ’
1726 5311 1907 5365 αὐτῶν

314 5400 487 5472 ᾔτησε
509 5402 688 5475 δίκην,
722 5406 945 5476 μείζονα
973 5408 1030 5461 δὲ
1060 5408 1151 5461 καὶ
1183 5408 1266 5471 είς
1287 5405 1348 5459 τὸ
1380 5404 1508 5475 ἑξῆς
1536 5404 1623 5457 διά
1651 5402 1744 5457 τοῦ
1776 5421 1902 5456 παν-

314 5493 407 5555 τὸς
435 5492 635 5559 αἰῶνος
669 5496 923 5566 λήψεται.
957 5500 1137 5570 Ὅπερ
1167 5500 1237 5568 τῇ
1272 5499 1338 5568 σῇ
1373 5496 1624 5568 ἀγχινοίᾳ
1662 5493 1907 5565 δηλωθῆ-

312 5601 404 5637 ναι
442 5585 557 5640 δεῖν
600 5589 926 5662 ἡγησάμην,
962 5592 1028 5644 ῖν’
1059 5591 1216 5655 εἴτις
1250 5590 1395 5654 κακὴ
1431 5588 1757 5660 παραίνεσις
1793 5585 1906 5640 τῶν

388 5763 506 5836 (>54),
542 5766 852 5821 Laodiceno
895 5767 1152 5836 episcopo
1181 5767 1398 5822 Arianis
1438 5764 1648 5824 occulte
1677 5764 1901 5836 faventi.

313 5829 456 5896 Vide
478 5835 889 5906 'l'heodoretum
921 5829 1018 5894 lib.
1048 5829 1246 5895 t'llist.
1293 5836 1483 5895 eccm.
1530 5850 1652 5907 cap.
1686 5836 1779 5904 2t,
1814 5835 1923 5929 ubi

2110 4166 2291 4223 Victor
2337 4168 2719 4224 Constantinus
2753 4170 3025 4241 Augustus
3080 4172 3347 4230 Theodoto
3374 4178 3529 4250 (5t).

2086 4303 2297 4371 Quanta
2326 4306 2407 4361 vis
2436 4304 2634 4361 divinae
2673 4307 2768 4363 ira}
2810 4308 3045 4376 exstitit,
3072 4309 3236 4366 etiam
3275 4328 3341 4367 ex
3385 4314 3447 4369 iis
3483 4331 3601 4385 qua:

2014 4393 2254 4451 Eusebio
2294 4404 2349 4452 et
2393 4395 2680 4467 Thcognio
2734 4400 3075 4469 acciderunt,
3132 4402 3290 4459 facile
3346 4404 3470 4461 licet
3507 4406 3600 4463 tibi

2015 4489 2320 4561 intelligere
2352 4509 2365 4545 :
2395 4490 2489 4560 qui
2527 4490 2580 4545 in
2621 4493 3031 4548 sanctissimam
3059 4495 3377 4565 religionem
3401 4498 3596 4553 debac-

2017 4580 2268 4646 chantes,
2308 4578 2400 4636 Dei
2440 4579 2742 4638 Salvatoris
2783 4597 2978 4638 nomen
3023 4585 3137 4655 ipsa
3169 4600 3346 4641 turma
3385 4588 3600 4658 praedo-

2017 4684 2147 4723 num
2201 4683 2425 4725 suorum
2472 4671 2639 4726 etiam
2678 4681 2803 4743 post
2844 4672 3189 4743 impetratam
3236 4678 3446 4733 veniam
3486 4681 3601 4749 pol-

2014 4758 2256 4817 luerunt.
2294 4759 2431 4817 Nam
2463 4770 2577 4817 tum
2612 4765 2849 4820 maxime
2869 4767 3087 4835 quando
3114 4777 3238 4837 post
3274 4773 3599 4826 concordem

2014 4853 2208 4924 synodi
2252 4855 2691 4923 consensionem,
2737 4857 2975 4927 priorem
3021 4875 3267 4916 errorem
3309 4876 3402 4917 eos
3433 4862 3600 4917 corri-

2013 4960 2141 5015 gere
2187 4948 2470 5015 oportuit,
2526 4947 2781 5004 absurdis
2815 4951 2934 5005 istis
2963 4952 3312 5021 opiuiouibus
3356 4954 3599 5008 adhaere-

2012 5051 2167 5092 scere
2197 5038 2523 5109 deprehensi
2557 5051 2702 5094 sunt.
2730 5040 2810 5097 0‘)
2846 5043 2946 5097 hoc
2978 5044 3142 5114 igitur
3178 5045 3357 5098 divina
3389 5045 3584 5099 Provi-

2018 5129 2196 5183 dentia
2232 5144 2298 5183 ex
2332 5130 2511 5200 populi
2557 5134 2639 5186 sui
2673 5149 2901 5187 numero
2944 5149 3039 5189 eos
3070 5134 3412 5201 exturbavit;
3460 5150 3595 5204 quo-

2016 5220 2163 5274 niam
2193 5236 2367 5291 neque
2391 5222 2513 5277 tulit
2537 5223 2762 5280 minime
2790 5226 2962 5281 malas
3002 5236 3211 5281 mentes
3240 5228 3476 5281 amentia
3507 5229 3593 5281 illa

2009 5323 2295 5385 corruptas
2349 5317 2581 5373 videre:
2624 5327 2681 5373 et
2721 5333 2865 5373 nunc
2921 5319 3132 5374 debitas
3185 5321 3253 5373 ab
3302 5318 3367 5373 iis
3405 5333 3595 5388 pinnas

2009 5405 2277 5475 exposcit,
2324 5406 2561 5476 majores
2601 5409 2765 5463 etiam
2808 5410 3068 5477 deinceps
3109 5409 3161 5463 in
3202 5409 3346 5462 omni
3394 5409 3594 5463 sa-culo

2010 5506 2353 5565 sumpturus.
2387 5497 2541 5565 Quod
2576 5499 2877 5569 prudentia:
2929 5509 3035 5554 tua:
3068 5499 3310 5554 indicare
3339 5508 3596 5567 oportere

2010 5588 2292 5667 putabam,
2341 5598 2401 5643 ut
2454 5589 2500 5645 si
2558 5603 2667 5659 qua
2707 5604 2964 5659 perversa
3013 5588 3310 5647 admonitio
3366 5592 3593 5646 istorum

2014 5763 2331 5845 interfuisse
2372 5765 2723 5845 Antiocheum
2756 5768 2963 5845 synodo
2992 5769 3214 5841 dicitur,
3257 5771 3314 5829 in
3350 5786 3456 5843 qua
3486 5769 3597 5827 Eu-

2013 5836 2250 5892 stathius
2283 5850 2313 5893 e
2341 5838 2471 5894 sede
2493 5838 2680 5919 pulsus
2710 5836 2812 5895 est.
2844 5837 3022 5896 Hm.
