4072 6388
535 299 689 371 .1359
766 260 771 265 '
1268 302 1642 364 TH-EOTIMI
1683 302 2057 364 ΤΟΜΙΤΑΝΙ
2088 305 2329 366 EPIST.
2369 308 2470 367 AD
2502 305 2812 368 LEONEM
2853 309 3011 369 IMP.
3683 314 3821 382 1360

551 418 715 488 (quod
763 429 870 470 non
928 412 1202 481 existimo)
1257 423 1350 467 tuo
1388 413 1639 470 insideat
1690 416 1899 482 animo,
1951 429 2016 470 ea
2062 428 2088 469 e

2199 418 2518 482 ιτοιούτων,
2561 416 2638 481 ὡς
2677 417 2853 487 ἔγωγε
2903 419 3005 472 οὐκ
3036 414 3190 490 οἶμαι
3214 458 3237 486 ,
3275 425 3341 494 τῇ
3389 425 3458 495 σῇ
3490 424 3824 497 ὲνεκαθέςθη

547 511 731 564 animo
762 506 961 571 deleta,
1000 520 1192 573 puram
1222 514 1279 560 ut
1310 506 1486 574 decet,
1510 506 1918 577 cogitationem,
1941 521 2088 563 verat

2237 509 2557 581 προαιρέσει
2577 551 2593 577 ,
2631 510 2839 579 ταύτην
2866 511 2971 581 τῆς
2996 511 3177 584 ψυχῆς
3205 514 3543 585 ἀφελόμενος
3571 516 3824 589 καθαρὰν

549 600 1064 666 sanctiﬁcationem,
1095 598 1475 653 intemeratam
1509 601 1667 654 tidem
1704 601 1979 655 servatori
2018 599 2088 656 De

2235 602 2311 664 ὡς
2341 604 2589 673 προσῆκε
2625 601 2725 673 τὴν
2770 602 3032 671 διάνοιαν,
3077 605 3344 676 εἰλικρινῆ
3374 623 3435 660 τε
3466 607 3821 677 καθοσίωσιν,

468 744 493 764 κ
546 693 787 762 praebere
817 692 1063 746 studeas.
1096 689 1310 745 Etenim
1348 702 1778 747 consentaneum
1819 701 1903 747 est
1930 694 2033 749 boc
2060 709 2088 747 a

2234 691 2330 744 καὶ
2359 692 2629 763 ἄχραντον
2668 692 2849 745 πίστιν
2885 693 2965 763 τῷ
3008 694 3222 766 Σωτῆρι
3265 694 3386 765 Θεῴ
3442 697 3824 767 παρασχέσθαι

544 798 609 837 eo
638 783 779 850 ﬁeri,
804 784 893 853 qui
926 783 1258 853 incorruptis
1286 792 1500 838 teternte
1533 783 1657 838 vita:
1680 785 1915 853 praemiis
1932 784 2088 855 dignu

2232 783 2615 855 προθυμηοῇς.
2673 785 2783 838 Καὶ
2824 785 2943 855 γὰρ.
2986 784 3144 840 τοῦτο
3194 788 3472 859 προσῆκόν
3518 792 3666 843 ἐστιν
3712 789 3825 843 ὑπὸ

545 874 729 930 haberi
765 874 1128 930 constituerit.
1153 875 1295 928 Deus
1330 883 1382 929 te
1408 874 1886 938 custodiat,irater
1906 875 2088 930 dilecte

2229 875 2424 933 τούτου
2453 874 2816 947 πράττεσθαι,
2847 877 2905 941 ὃς
2931 877 2976 931 δ’
3002 878 3070 932 ἂν
3108 880 3386 951 ἀκεραίων
3415 880 3527 934 τῶν
3552 882 3650 953 τῆς
3687 882 3827 935 αἰω-

541 965 655 1021 viou
690 966 837 1039 ζωῆς
870 965 1121 1022 ἐπάθλων
1161 967 1443 1032 ἀξιοῦσθαι
1480 967 1826 1041 βουλεύηται.
1886 970 1944 1023 'O
1993 970 2124 1034 Θεός
2148 987 2207 1024 σε
2237 970 2578 1041 διαφυλάξοι,
2613 971 2814 1043 ἀδελφὲ
2844 972 3123 1047 ἀγαπητὰ

1848 1284 2021 1329 ANNO
2063 1282 2287 1327 DOMINI
2330 1282 2517 1327 DLYII.

1065 1466 2348 1650 THEOTIMUS
2480 1466 3271 1652 JUNIOB

1737 1765 2179 1828 TOMITANUS
2210 1765 2644 1828 EPISCOPUS.

1748 2064 2596 2179 NOTITIA.

1519 2278 1692 2345 (Mich.
1719 2279 1987 2341 Lequien.,
2023 2275 2196 2328 Oriens
2231 2276 2407 2328 Christ.
2450 2285 2487 2327 t.
2513 2277 2553 2339 ῐ,
2577 2291 2627 2341 p.
2657 2276 2819 2342 1215.)

528 2432 658 2497 Leo
697 2437 1013 2513 Augustus
1056 2430 1134 2493 de
1181 2428 1444 2520 Proterii
1474 2427 1883 2520 Alexandrini
1890 2425 2350 2520 lieeecunct’is
2369 2424 2647 2520 Drientis
2676 2426 3100 2520 metrOpolitis
3131 2427 3403 2520 scripsit.
3428 2429 3805 2520 atq-uendeo

616 2506 939 2574 Theotimo
994 2510 1502 2590 reverentissimo
1561 2509 1849 2590 episcopo
1886 2507 2242 2567 Tomitana.
2275 2506 2461 2586 Cujus
2500 2511 2699 2566 exstat
2734 2506 3140 2587 responsuris
3180 2506 3276 2569 ad‘
3317 2507 3493 2571 illum
3512 2506 3805 2590 Epistula

604 2591 723 2655 hac
759 2591 1175 2672 inscriptione
1210 2607 1224 2651 :
1265 2588 1532 2649 Domino
1560 2587 1872 2667 piissimo,
1913 2592 2033 2648 etc.

545 2778 3774 2809 mﬂ—‘Wﬁ‘

953 2964 1563 3060 THEO'I‘IMI
1642 2957 2229 3052 EPISTOLA
2297 2959 2450 3048 AD
2524 2959 3016 3054 LEONEM
3113 2961 3369 3055 IMP.

1805 3150 1984 3216 Dimisi,
2009 3154 2178 3217 Coma,
2203 3159 2243 3205 t.
2268 3151 2376 3217 Vll,
2404 3152 2538 3218 545.)

523 3427 751 3483 Domino
788 3425 1052 3496 piissimo,
1086 3434 1134 3480 et
1165 3422 1626 3483 Christianissimo
1660 3429 1970 3499 imperatori
2010 3446 2105 3485 no-

2214 3423 2353 3481 nltra
2388 3436 2603 3496 sapere,
2649 3440 2813 3497 quam
2862 3443 2926 3485 ea
2977 3443 3097 3500 qua:
3130 3439 3397 3486 tantorum
3428 3426 3653 3490 Patrum
3689 3446 3806 3492 ter-

588 3529 699 3574 stro
740 3515 927 3586 Leoni,
984 3514 1286 3572 Theotimus
1338 3517 1555 3575 humilis
1601 3518 1833 3591 Scythia
1878 3521 2106 3593 regionis
2212 3515 2360 3570 mino
2395 3528 2616 3572 Sanctus
2666 3516 2906 3587 Spiritus
2954 3521 3211 3576 erudivit.
3265 3520 3444 3591 Unde,
3471 3527 3806 3582 mansuetis-

585 3617 879 3686 episcopus.

588 3767 755 3828 Decet
785 3782 933 3827 tuam
970 3771 1252 3847 pietatem,
1293 3770 1622 3829 venerabilis
1656 3777 1952 3843 imperator
1982 3776 2097 3831 Au-

515 3873 699 3932 guste,
733 3862 1099 3919 Ecclesiarum
1134 3862 1526 3935 tranquillitate
1548 3865 1804 3936 gaudere,
1829 3876 1884 3921 et
1929 3869 2098 3924 tribu-

512 3959 746 4015 lationes
784 3958 965 4028 populi
999 3958 1313 4014 conturbati
1347 3966 1403 4014 et
1438 3957 1785 4029 tempestates
1827 3961 2095 4032 tranquil-

516 4052 742 4107 lissimis
780 4051 978 4107 vestris
1012 4050 1430 4109 allocutionibus
1462 4054 1530 4108 ad
1562 4053 1712 4123 pacis
1746 4055 1875 4125 jura
1916 4065 2096 4111 trans-

513 4144 676 4197 ferre.
710 4140 1006 4212 Propterea
1047 4142 1316 4213 siquidem
1355 4157 1454 4199 vos
1484 4143 1627 4200 Deus
1655 4145 1872 4202 coalitus
1912 4147 2095 4203 divino

512 4240 644 4285 nutu
694 4245 793 4286 suo
841 4233 1095 4299 munivit,
1139 4241 1202 4286 ut
1241 4247 1305 4288 ea
1347 4233 1565 4304 quidem
1599 4248 1719 4303 quae
1766 4249 1898 4290 sana
1944 4248 2091 4304 sunt,

510 4323 779 4393 imperiali
813 4333 1082 4393 potestate
1114 4325 1323 4396 integra
1358 4338 1575 4395 semper
1608 4327 1865 4397 salvaque
1894 4340 2094 4384 custo-

509 4413 708 4481 diatis;
736 4428 858 4484 qua:
905 4428 1037 4470 vero
1070 4422 1264 4469 vexata
1303 4423 1430 4468 sunt
1463 4423 1628 4486 atque
1668 4426 1952 4487 corrupta,
2000 4436 2092 4476 ve-

508 4512 638 4558 strae
682 4503 903 4573 pietatis
954 4504 1223 4559 medicina
1289 4504 1517 4569 curetis,
1569 4506 1704 4560 nihil
1754 4507 1938 4578 itaque
1981 4511 2091 4569 Deo

508 4594 799 4649 amabilius
844 4594 947 4660 'est,
1005 4593 1141 4647 nihil
1196 4594 1499 4664 acceptius,
1542 4610 1704 4664 quam
1750 4608 1809 4653 ut
1853 4600 1941 4655 illa
1995 4619 2090 4660 vos

509 4685 756 4753 sapiatis,
789 4698 909 4753 quae
956 4699 986 4738 a
1029 4685 1123 4740 Dei
1155 4682 1336 4741 Patris
1387 4687 1655 4757 sapientia
1702 4690 2001 4759 didicistis;
2034 4706 2091 4752 et

509 4776 599 4831 illa
646 4777 908 4842 doceatis,
945 4790 1064 4845 quae
1092 4775 1160 4830 ab
1194 4775 1328 4844 ipsis
1357 4778 1481 4834 ﬁdei
1523 4792 1718 4837 vestrae
1746 4783 2085 4842 incunabulis

2207 3609 2347 3664 sime
2382 3608 2703 3678 imperator,
2747 3620 2804 3664 et
2843 3625 2966 3682 ego,
3010 3621 3066 3667 et
3091 3613 3270 3669 omnis
3295 3614 3536 3670 Ecclesia
3576 3617 3669 3672 Dei
3714 3618 3806 3673 sic

2207 3701 2473 3770 sapimus,
2503 3709 2558 3754 et
2592 3699 2644 3755 in
2695 3715 2965 3757 consensu
2999 3716 3185 3759 nostro
3224 3714 3534 3762 sanctorum
3567 3707 3802 3762 Patrum

2206 3791 2558 3848 deﬁnitiones
2608 3791 2713 3847 ﬁde
2744 3802 2798 3848 et
2848 3793 3046 3849 devota
3096 3796 3437 3853 confessione
3486 3798 3799 3855 ﬁrmamus.

2210 3884 2284 3939 De
2313 3881 2599 3939 Timotheo
2627 3898 2758 3939 vero
2781 3884 2861 3941 sic
2892 3886 3134 3956 sapimus
3159 3906 3172 3943 :
3203 3889 3459 3959 quoniam
3487 3892 3800 3945 secundum

2205 3977 2465 4031 virtutem
2505 3989 2730 4045 precum
2773 3977 2950 4033 adhuc
2994 3979 3116 4034 vivo
3164 3978 3463 4036 exsistente
3509 3980 3797 4052 episcopo,

2203 4066 2504 4136 impudenti
2549 4066 2852 4123 intentione
2894 4070 2963 4125 ab
2991 4074 3482 4130 excontmnnicatis
3522 4083 3607 4131 est
3638 4077 3800 4131 ordi-

2201 4167 2365 4213 natus
2434 4167 2489 4213 et
2555 4161 3088 4217 excommunicatum
3154 4163 3524 4221 ecclesiastica
3599 4168 3794 4237 regula

2199 4266 2324 4307 eum
2386 4263 2508 4306 esse
2557 4249 2858 4308 decernit:
2902 4268 3081 4325 neque
3133 4271 3326 4312 manus
3385 4258 3794 4328 impositionem

2200 4342 2414 4397 illorum
2472 4341 2854 4412 episcoporum
2903 4345 2957 4398 in
2991 4356 3177 4401 sancta
3224 4346 3465 4403 Ecclesia
3522 4350 3797 4419 permittit

2197 4432 2488 4502 quamdam
2531 4431 2733 4487 habere
2762 4432 3039 4500 virtutem,
3085 4435 3176 4504 qui
3214 4435 3413 4491 Christi
3458 4435 3618 4493 ﬁdem
3670 4439 3792 4493 vio-

2198 4523 2395 4588 lantes,
2427 4522 2831 4578 ordinationem
2863 4526 3176 4596 impositam
3205 4527 3426 4583 sibimet
3460 4529 3786 4584 amiserunt.

2198 4612 2355 4667 Nunc
2388 4613 2555 4682 igitur
2597 4626 2795 4670 nostra:
2836 4616 3201 4673 confessionis
3244 4619 3471 4675 verbum
3517 4619 3790 4677 facientes

2195 4704 2576 4762 saluberrimis
2606 4708 2803 4763 vestris
2846 4709 3075 4763 auribus
3119 4699 3491 4776 manifestum,
3529 4712 3790 4782 deposci-

2194 4810 2319 4850 mus
2367 4793 2656 4853 Dominum
2706 4808 2952 4854 nostrum
3000 4798 3183 4855 Jesum
3214 4802 3526 4866 Christum.
3576 4814 3638 4858 ut.
3689 4819 3790 4859 ve-

506 4867 866 4923 saluberrime
888 4867 1020 4922 estis
1052 4868 1273 4924 eruditi.
1306 4868 1373 4925 Et
1403 4873 1660 4942 quoniam
1700 4878 2086 4934 sacratissimis
2119 4908 2161 4963 B
2193 4895 2363 4941 strum
2391 4887 2680 4958 imperium
2703 4891 2983 4946 catholica:
3012 4893 3134 4947 ﬁdei
3161 4893 3357 4948 robore
3384 4892 3784 4963 confortatum,

506 4963 706 5016 vestris
757 4959 982 5058 syllabis
1023 4962 1403 5030 admonuistis,
1453 4976 1513 5022 ut
1554 4982 1675 5038 quae
1725 4971 1967 5042 sapimus
2017 4971 2087 5028 de
2119 4959 2156 4963 ά
2190 4985 2246 5034 et
2289 4979 2467 5034 crucis
2527 4981 2731 5037 virtute
2774 4984 3062 5048 munitum,
3123 4985 3191 5039 ab
3235 4986 3382 5041 omni
3432 4959 3788 5058 suspectione

507 5058 698 5106 sancto
726 5049 1152 5107 Chalcedonensi
1180 5055 1435 5122 concilio,
1480 5058 1683 5112 nostris
1711 5057 1908 5115 litteris
1936 5058 2081 5114 refe-

507 5155 692 5194 ramus
735 5140 802 5193 ad
840 5150 1031 5196 vestra:
1062 5143 1308 5200 notitiam
1348 5147 1599 5216 pietatis;
1631 5160 1926 5219 cognoscat
1958 5149 2069 5205 γε..

504 5240 614 5284 stra
643 5230 937 5297 Serenitas,
970 5235 1228 5303 quoniam
1268 5237 1398 5293 nihil
1422 5239 1674 5310 amplius,
1709 5242 1844 5297 nihil
1876 5243 2076 5311 minus,

2192 5069 2457 5126 bellorum
2482 5072 2750 5130 intactum
2773 5088 2993 5144 semper
3013 5078 3291 5134 custodire
3310 5079 3586 5149 dignetur.
3612 5080 3788 5151 Opta-

2190 5177 2311 5217 mus
2346 5175 2581 5219 vestram
2615 5168 3070 5238 tranquillitatem
3109 5170 3291 5224 divina
3321 5171 3677 5228 Providentia
3702 5173 3784 5245 (Ξ)

2183 5266 2400 5321 semper
2435 5254 2783 5323 incolumem,
2812 5269 2868 5314 et
2896 5274 3156 5315 coronam
3189 5261 3406 5332 imperii
3431 5264 3600 5320 vestri
3640 5264 3785 5320 inte-

502 5335 670 5420 quam
705 5336 825 5420 qua:
870 5323 922 5377 in
973 5325 1395 5384 Chalcedonensi
1425 5329 1503 5402 (Ι)
1531 5332 1765 5387 concilio
1798 5347 1829 5388 a
1874 5338 2082 5392 sanctis
2185 5354 2444 5400 meratam
2489 5356 2544 5403 et
2586 5348 2926 5420 impollutam
2959 5353 3143 5410 multis
3176 5323 3337 5412 annis
3380 5357 3538 5414 nobis
3567 5356 3765 5412 divini-

503 5409 756 5467 l'atribus
784 5413 991 5485 integre
1037 5426 1200 5488 atque
1232 5421 1472 5491 perfecte
1500 5421 1723 5478 deﬁnita
1772 5435 1919 5492 sunt,
1953 5441 2078 5483 cre-

501 5499 701 5569 dimus,
758 5514 851 5559 aut
898 5512 1291 5566 consentimus.
1340 5509 1529 5584 Neque
1574 5515 1719 5569 enim
1774 5515 1920 5572 aliud
1976 5536 2074 5578 nos

522 5586 553 5608 ο

572 5682 646 5752 ιι)
688 5683 908 5745 Veteres
936 5687 1083 5758 libri,
1117 5707 1273 5764 quam
1296 5707 1414 5763 quia
1442 5693 1497 5748 in
1524 5693 1809 5765 Ephesino.

2185 5444 2271 5490 tas
2297 5436 2502 5495 donare
2532 5439 2811 5509 dignetur,
2843 5441 3070 5501 Domine
3114 5447 3493 5505 sacratissime
3530 5456 3587 5506 et
3616 5462 3777 5505 vene-

2191 5527 2380 5584 rabilis
2421 5531 2741 5601 imperator.

2202 5704 2280 5779 (9)
2322 5706 2544 5767 Veteres
2570 5710 2693 5768 libri
2728 5721 2781 5770 et
2807 5715 2939 5772 edit.
2967 5717 3273 5788 prudentia.
