4072 6408
399 330 538 397 1365

1476 329 1940 391 FRAGMENTA
1970 325 2052 386 1N
2099 326 2243 386 DAN
2258 326 2489 385 lELEM
2504 371 2517 382 .

3505 318 3641 387 1366

384 448 641 502 οὐδέποτε
688 444 948 515 ἐπίψογος
1001 442 1159 512 λόγος
1220 442 1422 517 ὲρῤἐθη
1476 445 1607 515 περὶ
1657 443 1967 513 Σωσάννην.

2089 449 2249 517 rent,
2293 455 2571 509 nunquam
2628 434 2965 507 vituperandi
3000 434 3177 491 locum
3210 431 3423 489 dedisse
3450 430 3657 488 Susanr.

461 645 483 679 ε
527 625 850 680 Ἐκέλευσαν
883 623 1337 693 ἀποκαλυφθῆναι
1362 624 1552 688 αὐτήν,
1591 642 1609 675 ι

458 720 521 773 Ei
551 717 750 788 συνέϐη
775 717 871 788 τὴν
887 717 1176 770 Σωσάνναν
1196 715 1509 780 ἀποθανεῖν,
1534 716 1654 770 οῦδὲ
1681 714 1857 780 οὕτως
1884 711 1969 768 εἷ-

387 825 481 879 χον
518 806 833 860 παύσασθαι
864 805 967 875 τῆς
1002 805 1323 876 ἐπιθυμίας,
1359 805 1832 867 εἱδωλοποιοῦντες
1869 806 1968 860 αὐ-

385 898 484 969 τὴν
505 899 563 950 ὲν
593 899 806 961 ἑαυτοῖς
832 912 847 925 ⁸
875 897 1009 951 ὅπου
1046 914 1109 966 γε
1142 896 1209 968 ἣν
1240 896 1467 966 ἔμελλον
1494 895 1745 950 ἐκδοῦναι
1771 898 1851 960 εἰς
1873 896 1970 950 θάι

388 1006 568 1053 νατον,
607 989 709 1042 οὐκ
754 989 1183 1058 ἀπεστρέφοντο,
1234 987 1372 1042 ἀλλὰ
1407 988 1503 1043 καὶ
1536 986 1708 1040 πλείω
1739 987 1971 1057 ἐπεμαί-

385 1095 542 1131 νοντο
570 1080 628 1131 ὲν
654 1078 816 1149 αὐτῇ.
843 1109 911 1120 --
944 1078 1198 1150 Ἐθάρῤει
1227 1079 1308 1140 είς
1331 1077 1423 1131 τὸν
1444 1076 1599 1142 θεὸν,
1624 1075 1700 1140 ὡς
1735 1074 1969 1139 συνειδὸς

388 1166 593 1237 ἔχουσα
636 1166 912 1238 καθαρόνο
960 1166 1147 1222 ἔκλαιε
1185 1167 1244 1222 δὲ
1301 1167 1559 1221 δειλιῶσα
1596 1167 1686 1221 τὸν
1716 1166 1968 1230 θάνατον,

386 1259 495 1314 κᾶν
517 1261 818 1332 μαρτυρίου
842 1260 1140 1327 στεφάνους
1161 1260 1295 1331 αὐτῇ
1324 1258 1609 1331 προὺξένει
1630 1257 1692 1311 τὸ
1714 1260 1968 1328 πρᾶγμα.

385 1380 456 1391 -—
484 1348 672 1413 Οὕτως
702 1349 823 1414 ἔθος
855 1353 967 1415 τοῖς
997 1350 1406 1421 ψευδομάρτυσι
1431 1352 1500 1422 τῇ
1524 1349 1756 1420 ἀληθείᾳ
1776 1347 1972 1418 ψεῦδος

389 1441 782 1512 ἁναμιγνύειν·
823 1442 925 1512 τῆς
974 1442 1296 1506 ἀκολουθίας
1342 1441 1680 1513 ἀπαιτούσης
1725 1440 1818 1498 ἐπὶ
1862 1439 1971 1492 τῶν

386 1530 649 1583 τοιούτων
679 1531 1006 1601 σχημάτων,
1051 1532 1190 1602 μήτε
1228 1533 1340 1595 τοῖς
1370 1533 1427 1585 ἐν
1462 1531 1692 1603 ἀληθείᾳ
1731 1529 1969 1600 λεχθεῖσι

387 1620 676 1693 προσέχειν
701 1621 791 1675 τὸν
821 1621 1105 1692 δικαστὴν,
1136 1620 1272 1675 ἀλλὰ
1303 1623 1481 1676 πάντα
1503 1621 1576 1685 ὡς
1600 1620 1772 1691 ψευδῆ
1802 1620 1966 1691 ἔχειν.

385 1741 457 1753 -
485 1713 546 1765 El
578 1712 671 1766 καὶ
709 1712 784 1784 μὴ
819 1710 1076 1765 δύνανται
1104 1713 1340 1784 Χριστὸν
1376 1712 1426 1766 οἱ
1469 1712 1742 1785 αἰρετικοὶ
1778 1711 1970 1764 συλλα-

384 1803 521 1870 ϐεῖν,
548 1803 683 1858 ἀλλὰ
704 1805 828 1867 τοὺς
846 1805 1073 1869 πιστοὺς
1094 1805 1290 1877 ἄνδρας
1304 1784 1647 1877 κατέχοντες,
1673 1803 1765 1877 βία
1792 1821 1967 1877 παρα·
2000 1784 2041 1840 Β

382 1895 619 1950 διδόασιν
652 1896 732 1959 εἰς
764 1894 1013 1953 θάνατον.

460 2090 479 2123 ι
532 2071 884 2126 Ἐπίστευσεν
920 2072 1102 2138 αὐτοῖς
1133 2076 1165 2146 ή
1203 2075 1516 2147 συναγωγή.
1555 2096 1574 2129 ι

468 2159 587 2211 Ἐπὶ
631 2160 740 2212 τῶν
789 2162 1218 2233 τοιουτοτρόπων
1268 2163 1327 2216 τὸ
1375 2165 1469 2217 τοῦ
1515 2165 1644 2220 λαοῦ
1697 2168 1867 2237 κρῖμα
1917 2166 1966 2219 oi

384 2250 680 2320 ἡγούμενοι
714 2252 1103 2324 ὑποφέρουσιν·
1145 2255 1275 2309 ἔνθα
1309 2257 1546 2326 μάλιστά
1571 2258 1688 2311 ἐστι
1718 2276 1966 2328 κεκρυμ-

386 2340 522 2410 μένοι
557 2342 836 2415 μυστήρια
864 2342 960 2395 καὶ
991 2343 1181 2413 βαθέα,
1213 2345 1356 2417 ειπερ
1376 2348 1403 2399 6
1427 2346 1680 2414 ἀγελαῖος
1714 2349 1814 2402 οὐκ
1845 2349 1968 2401 ἐπί-ο

386 2445 577 2484 σταται
602 2430 727 2495 λαός
748 2449 761 2462 ο
791 2430 965 2497 οὕτως
995 2434 1043 2486 οἱ
1070 2435 1233 2507 ἱερεῖς
1265 2433 1492 2490 ἔπεισαν
1519 2437 1609 2490 τὸν
1635 2437 1760 2493 λαὸν
1799 2456 1967 2493 σταυ-

386 2521 559 2593 ρῶσαι
587 2522 675 2577 τὸν
720 2524 928 2594 Ἰησοῦν
970 2525 1068 2596 τῆς
1103 2525 1262 2596 δόξης
1289 2526 1517 2597 Κύριον,
1551 2528 1820 2597 λέγοντες,
1848 2530 1964 2583 Οὐκ

384 2612 530 2666 ἔστιν
555 2609 709 2678 οὗτος
731 2616 757 2667 ὁ
779 2614 1013 2685 Χριστὸς
1036 2618 1063 2668 ὁ
1087 2616 1560 2689 προσδοκώμενος,
1590 2619 1706 2673 ἀλλ’
1730 2620 1787 2672 ὲν
1809 2618 1969 2673 Βεελ-

385 2707 578 2770 ζεϐοὺλ
612 2708 867 2760 ἐκϐάλλει
896 2709 963 2762 τὰ
994 2710 1248 2781 δαιμόνια
1268 2730 1283 2745 ·
1316 2712 1409 2766 καὶ
1440 2713 1516 2777 ὡς
1555 2714 1753 2768 εἰδόσιν
1784 2717 1966 2780 αὐτοῖς

385 2797 627 2869 ἀκριϐῶς
657 2797 755 2860 τὰς
786 2799 824 2850 Γ
832 2800 1007 2868 ραφὰς
1040 2802 1281 2866 πεισθεὶς
1307 2804 1576 2876 ἥμαρτεν.

460 2993 480 3026 (
532 2975 843 3048 Ἐξήγειρεν
883 2979 911 3031 6
941 2978 1091 3045 Θεός.
1129 2999 1146 3031 ι

455 3066 680 3138 Πνεῦμα
701 3064 769 3140 ἦν
789 3068 942 3137 ἅγιον
965 3071 1022 3123 ἐν
1051 3070 1128 3141 τῷ
1157 3071 1376 3143 Δανιὴλ,
1400 3074 1537 3146 ὅπερ
1564 3074 1786 3145 κινηθὲν
1814 3075 1962 3147 αὐτῷ

384 3157 796 3228 παρεσκεύασεν
822 3161 985 3213 αὑτὸν
1013 3158 1269 3232 λαλῆσαι·
1306 3163 1367 3215 1‘0
1389 3164 1681 3235 ἀποκρῖναι
1711 3166 1807 3236 τὴν
1840 3168 1963 3238 κρί-

2077 548 2222 587 nam.
3162 568 3177 583 ι

2152 624 2318 678 Vens.
2350 621 2441 678 52.
2481 639 2499 673 ι
2531 619 2819 675 Iusserunt
2843 626 2900 673 ut
2927 616 3407 687 diseooperiretur.
3452 635 3472 669 ι

2155 713 2212 767 Si
2247 712 2498 767 Susanna
2539 711 2621 765 vel
2652 718 2877 765 mortem
2911 708 3157 772 obiisset,
3196 721 3264 762 ne
3302 707 3384 762 sic
3430 706 3655 776 quidem

2072 819 2261 859 eorum
2285 802 2455 857 libido
2469 801 2734 856 exstincta
2759 798 2975 861 luisset,
2998 798 3198 867 quippe
3228 796 3323 865 qui
3353 810 3472 850 eam
3502 795 3653 849 cultu

2076 896 2413 952 idololatrico
2457 902 2866 949 venerarentur.
2921 889 3058 945 Cum
3110 889 3257 944 enim
3312 887 3472 943 morti
3530 903 3652 942 eam

2080 988 2299 1044 tradere
2332 995 2678 1051 conarentur,
2707 999 2813 1055 non
2843 982 3015 1040 solum
3045 996 3150 1036 non
3172 979 3346 1034 aversi
3381 988 3528 1041 sunt,
3553 977 3653 1032 sed

2069 1081 2230 1137 etiam
2261 1079 2449 1148 majori
2493 1077 2547 1132 in
2577 1092 2695 1133 eam
2717 1076 2955 1132 libidinis
2988 1085 3157 1147 oestro
3180 1070 3476 1140 perciti.—
3498 1067 3655 1121 Fidu-

2071 1174 2208 1228 ciam
2250 1173 2484 1242 ponebat
2512 1171 2566 1225 in
2597 1169 2727 1237 Deo,
2775 1178 2833 1224 ut
2862 1182 2981 1236 quae
3029 1178 3221 1236 puram
3265 1162 3490 1216 haberet
3522 1175 3654 1213 con-

2070 1263 2388 1327 scientiam;
2423 1260 2585 1318 ﬂcbat
2637 1270 2840 1324 autem,
2873 1267 2930 1313 ut
2955 1271 3075 1327 quae
3123 1263 3351 1308 mortem
3403 1251 3649 1311 timeret,

2070 1353 2316 1424 quamvis
2346 1354 2460 1408 haec
2503 1367 2666 1408 causa
2712 1350 2958 1422 martyrii
3002 1360 3262 1403 coronam
3301 1344 3349 1398 ei
3389 1357 3650 1412 procurra—

2072 1453 2173 1500 ret.
2198 1473 2268 1484 —
2288 1441 2378 1498 Sic
2402 1441 2580 1498 solent
2610 1439 2729 1495 falsi
2755 1448 2917 1495 testes
2967 1435 3177 1492 veritati
3208 1432 3540 1488 mendacium
3564 1430 3652 1482 ad-

2073 1538 2303 1592 miscere
2326 1576 2340 1601 ,
2383 1535 2524 1590 unde
2556 1533 2899 1598 necessario,
2930 1530 3019 1585 ubi
3054 1544 3139 1583 res
3177 1529 3247 1582 ita
3282 1540 3399 1581 sese
3426 1524 3649 1585 habent,

2072 1628 2337 1698 sequitur,
2370 1637 2426 1681 ut
2448 1627 2613 1697 iudex
2648 1640 2717 1680 ne
2745 1638 2937 1679 eorum
2961 1621 3177 1690 quidem
3205 1633 3325 1689 quae
3348 1616 3646 1673 secundum

2073 1716 2353 1772 veritatem
2385 1716 2594 1787 prolata
2622 1722 2770 1778 sunt,
2814 1712 3081 1767 rationem
3132 1708 3351 1772 habeat,
3400 1706 3495 1759 sed
3529 1717 3647 1757 om—

2071 1809 2162 1863 nia
2195 1818 2255 1863 ut
2290 1807 2571 1863 mendacia
2598 1806 2823 1875 iudicet.
2853 1833 2926 1845 —-
2957 1801 3233 1856 Christum
3269 1795 3491 1868 quidem
3547 1807 3648 1847 nc«

2071 1905 2276 1969 queunt
2324 1912 2521 1966 capere
2553 1894 2814 1961 haeretici,
2847 1892 2944 1949 sed
2976 1891 3094 1961 pios
3126 1889 3269 1943 viros
3297 1881 3650 1953 comprehen-

2073 2006 2164 2046 sos
2187 1990 2238 2044 vi
2265 1988 2331 2043 ad
2359 1996 2589 2044 mortem
2621 1986 2866 2056 adigunt.

2141 2081 2309 2138 Vens.
2340 2081 2430 2136 41.
2474 2097 2495 2132 ι
2532 2078 2722 2134 Fidem
2759 2074 2953 2132 habuit
2979 2074 3059 2130 eis
3088 2083 3382 2142 synagoga.
3425 2084 3452 2119 ι

2142 2173 2256 2228 Tali
2307 2171 2467 2229 modo
2501 2168 2686 2240 populi
2709 2166 2972 2239 judicium
2998 2161 3369 2231 corrumpitur
3392 2173 3420 2211 a
3447 2153 3650 2226 princip

2071 2259 2251 2330 pilius,
2286 2257 2541 2328 inprimis
2580 2257 2669 2311 ubi
2703 2255 2882 2327 agitur
2916 2253 2983 2308 de
3010 2249 3287 2323 mysteriis
3324 2246 3551 2303 occultis
3596 2253 3651 2298 et
3706 2248 3721 2261 ’

2070 2349 2354 2421 profundis
2390 2362 2511 2419 quae
2565 2345 2928 2402 multitudinis
2954 2352 3171 2421 captum
3218 2339 3504 2395 excedunt.
3553 2333 3650 2389 Sic

2069 2418 2377 2498 sacerdotes
2410 2418 2615 2510 Spopqu
2663 2418 3086 2508 persuaserunt,
3131 2440 3189 2485 ut
3237 2428 3420 2484 Jesum
3463 2426 3650 2495 gloriae

2070 2533 2359 2591 Dominum
2409 2531 2556 2587 cruci
2612 2529 2885 2598 adigeret,
2938 2528 3183 2580 dicentes
3221 2540 3235 2576 :
3280 2520 3381 2574 llic
3419 2533 3526 2572 non
3569 2524 3653 2569 est

2068 2625 2318 2683 Christus
2344 2638 2505 2693 quem
2535 2630 2936 2690 exspectamus.
2970 2617 3062 2671 sed
3100 2616 3152 2667 in
3193 2610 3475 2668 Beelzebul
3503 2608 3653 2677 ejicit

2068 2716 2375 2782 daemonia;
2408 2728 2516 2784 quo
2550 2711 2693 2767 facto
2726 2710 2954 2780 papulus
2984 2706 3115 2772 illis,
3168 2713 3228 2759 ut
3267 2702 3357 2773 qui
3400 2708 3650 2755 accurata

2070 2806 2365 2877 Scripturae
2402 2804 2630 2861 scicntia
2672 2800 2864 2857 imbuti
2895 2806 3097 2865 essent,
3149 2797 3309 2854 [idem
3352 2792 3562 2857 habuit,
3598 2799 3654 2846 et

2067 2898 2330 2970 peccavit.

2144 2989 2313 3044 Vnus.
2347 2986 2440 3044 45.
2480 3004 2499 3040 ι
2544 2981 2815 3040 Excitavit
2838 2981 3004 3037 Deus.
3043 2997 3063 3031 ι

2145 3077 2381 3148 Spiritus
2410 3086 2633 3132 sanctus
2679 3082 2799 3129 erat
2830 3071 2883 3126 in
2917 3069 3160 3131 Daniele,
3192 3080 3425 3136 eumque
3462 3063 3529 3119 ad
3565 3061 3645 3117 lo-

2068 3170 2343 3241 quendum
2381 3166 2669 3237 permovit,
2712 3175 2773 3219 ut
2806 3162 3127 3219 sententiam
3172 3156 3462 3227 rejicerent
3489 3165 3653 3222 atque

388 3265 489 3313 σιν,
522 3249 614 3303 καὶ
641 3251 836 3322 στῆσαι
871 3252 1057 3322 σχῆμα
1086 3253 1439 3324 δικαστηρίου
1460 3294 1476 3320 ,
1504 3254 1599 3307 τοῦ
1632 3254 1856 3309 καθίσαι
1879 3257 1961 3312 δι-

2069 3262 2325 3331 iudicium
2360 3260 2639 3322 sisterent,
2669 3266 2835 3326 utque
2869 3256 3035 3326 judex
3071 3253 3306 3314 sederet,
3354 3258 3411 3304 et
3457 3263 3576 3317 qua:
3620 3262 3650 3298 ιι

386 3342 591 3413 καστὴν
634 3343 730 3396 καὶ
759 3346 944 3414 κρῖναι
983 3343 1170 3413 σαφῶς
1220 3344 1289 3397 τὰ
1329 3344 1484 3416 παρὰ
1517 3344 1624 3399 τῶν
1668 3346 1965 3421 μαρτύρων

385 3433 677 3504 λεγόμενα,
707 3436 802 3487 καὶ
837 3436 910 3505 μὴ
940 3435 1128 3501 ἁπλῶς
1161 3436 1444 3491 πείθεσθαι
1469 3440 1581 3501 τοῖς
1611 3438 1926 3510 λεγομένοις
1948 3459 1962 3472 ·

389 3524 446 3573 ὲν
475 3521 582 3592 γὰρ
609 3520 722 3585 τοῖς
745 3522 1110 3592 προλαϐοῦσιν
1138 3524 1294 3576 αὐτοὶ
1319 3527 1504 3593 κριταὶ⁴
1522 3520 1665 3595 ἦσαν
1697 3526 1790 3580 καὶ
1821 3526 1966 3599 μάρ-

387 3627 569 3682 τυρες·
599 3613 694 3666 καὶ
726 3612 888 3681 δῆθεν
917 3613 980 3666 16
1006 3613 1319 3685 ἀδιάκριτον
1350 3614 1555 3685 πλῆθος
1583 3615 1819 3687 ἔστησαν
1844 3636 1967 3689 κρι-

389 3705 518 3766 τάς·
557 3705 647 3757 καὶ
682 3704 837 3757 αὐτοὶ
863 3704 961 3774 τὴν
991 3703 1102 3757 τῶν
1132 3704 1426 3775 μαρτύρων
1468 3702 1745 3770 ὲξετέλουν
1774 3707 1926 3773 τάξιν
1947 3725 1961 3740 ’

390 3795 563 3859 οὕτως
595 3796 691 3849 καὶ
726 3796 776 3848 οί
814 3795 944 3867 περὶ
977 3794 1230 3864 Καϊάφαν
1264 3796 1416 3849 αὐτοὶ
1451 3801 1636 3869 κριταὶ
1674 3797 1827 3863 ὄντες
1870 3801 1966 3854 καὶ⁴

395 3889 670 3958 μάρτυρες
708 3887 915 3955 ἔλεγον,
957 3888 1022 3940 Τί
1070 3887 1150 3941 ἔτι
1175 3887 1361 3958 χρείαν
1396 3888 1590 3961 ἔχομεν
1631 3890 1964 3962 μαρτύρων;

392 3981 554 4047 Αὖῖοῖ
581 3980 675 4033 καὶ
704 3981 887 4051 ἡμεῖς,
920 3980 1106 4051 φησὶν,
1155 3980 1478 4044 ἀκούοντες,
1517 3982 1610 4033 καὶ
1654 3985 1966 4054 μαρτυροῦ-

394 4088 492 4141 μεν
519 4072 598 4124 ὅτι
633 4071 944 4142 βλασφημεῖ
973 4074 1001 4125 ὁ
1037 4071 1242 4142 Ἰησοῦς
1271 4071 1442 4140 λέγων
1471 4073 1661 4127 ἑαυτὸν
1689 4075 1842 4131 Θεὸν.

467 4182 486 4216 ι
522 4163 618 4228 Τίς
649 4166 678 4218 6
710 4164 869 4233 λόγος
897 4157 1087 4229 0510;;
1128 4183 1147 4217 ι

470 4254 558 4318 Ὡς
591 4254 650 4320 ἐξ
691 4253 862 4308 ὕπνου
895 4255 1133 4318 ἀναστὰς
1160 4254 1187 4307 6
1214 4253 1342 4318 λαὸς
1374 4254 1598 4309 ἐλάλουν
1626 4255 1802 4310 ταῦτα
1832 4256 1967 4328 πρὸς

386 4347 478 4401 τὸν
516 4346 735 4417 Δανιήλ.
774 4376 843 4386 ——
873 4347 1123 4401 Διδάσκει
1153 4346 1228 4411 ὡς
1258 4349 1543 4418 προφήτης
1587 4350 1615 4401 6
1660 4349 1858 4420 Δανιὴλ
1890 4351 1964 4421 μὴ

2069 3356 2291 3410 testibus
2333 3350 2543 3421 prolata
2589 3357 2798 3410 essent,
2851 3346 3125 3414 sapienter
3170 3340 3513 3412 diiudicaret,
3550 3353 3652 3393 nec

2066 3444 2386 3515 simpliciter
2429 3441 2588 3497 dictis
2621 3439 2889 3494 crederet.
2920 3438 3090 3490 Antea
3119 3433 3270 3488 enim
3305 3430 3517 3485 fuerant
3548 3431 3648 3499 ipsi

2065 3542 2119 3591 et
2159 3543 2325 3590 testes
2358 3541 2413 3587 et
2444 3529 2656 3601 judices
2681 3565 2696 3591 ,
2742 3533 2799 3580 et
2836 3520 3167 3577 multitudini
3220 3515 3411 3586 jndicii
3446 3516 3648 3586 ignara:

2062 3626 2262 3698 iudicis
2328 3630 2510 3696 partes
2563 3616 2973 3679 commiserant,
3009 3612 3135 3667 dum
3189 3609 3289 3679 ipsi
3317 3607 3533 3662 testium
3566 3606 3648 3657 vi-

2068 3721 2220 3776 cibus
2257 3716 2637 3786 fungebantur.
2673 3710 2765 3765 Sic
2790 3710 2952 3763 etiam
2977 3703 3117 3772 apud
3146 3701 3424 3770 Caiphnm,
3459 3707 3517 3753 ut
3555 3697 3648 3766 ju-

2067 3811 2217 3867 dices
2251 3806 2411 3864 simul
2442 3814 2601 3874 atque
2630 3812 2816 3867 testes,
2848 3800 3104 3867 dixerunt
3136 3811 3152 3848 :
3185 3794 3321 3859 Quid
3354 3791 3510 3846 nobis
3551 3791 3646 3843 ad-

2069 3904 2173 3958 huc
2220 3914 2355 3970 opus
2409 3904 2492 3952 est
2527 3893 2787 3951 testibus?
2830 3891 2939 3945 Nos
2972 3888 3070 3958 ipsi
3107 3885 3412 3940 audivimus
3463 3890 3518 3935 et
3562 3890 3644 3935 te.-

2067 4005 2310 4058 stamur,
2383 3986 2566 4044 Jesum
2640 3983 3015 4055 blasphemare
3076 3978 3342 4033 dicentem
3410 3972 3645 4041 seipsum

2070 4084 2179 4139 Dcu
2188 4098 2235 4134 ιιι
2245 4121 2260 4136 .

2141 4174 2310 4229 Vens.
2345 4169 2435 4224 47.
2476 4187 2494 4221 ι
2535 4168 2670 4236 Quis
2697 4174 2781 4222 est
2818 4165 2906 4220 hic
2935 4160 3164 4218 sermo?
3193 4178 3212 4212 ι

2136 4264 2297 4320 Velut
2333 4276 2365 4316 e
2396 4273 2592 4315 somno
2642 4256 2910 4312 excitatus
2942 4253 3057 4307 haec
3089 4249 3319 4319 pepulns
3348 4249 3414 4303 ad
3449 4247 3646 4302 Danie-

2069 4359 2172 4414 lcut
2205 4355 2356 4410 dicit.
2392 4378 2463 4391 -—-
2486 4347 2669 4405 Daniel
2702 4356 2761 4403 ut
2799 4345 3058 4416 pr0pheta
3085 4342 3264 4406 docet,
3304 4340 3448 4395 haud
3483 4354 3645 4410 opor-

386 4438 465 4508 τῷ
491 4437 639 4508 αὐτῷ
656 4438 951 4491 ὑποπεσεῖν
976 4438 1334 4507 ὑποδείγματι
1359 4439 1452 4491 καὶ
1468 4439 1558 4491 ἐπὶ
1577 4437 1672 4491 τοῦ
1702 4440 1963 4509 Χριστοῦ,

2074 4462 2186 4505 tere
2226 4447 2415 4505 eodem
2456 4439 2781 4519 procedendi
2832 4436 2990 4491 modo
3038 4435 3113 4489 uti
3169 4449 3295 4504 erga
3334 4432 3643 4495 Christum,

390 4530 483 4583 καὶ
510 4529 835 4600 ἀδιακρίτως
860 4529 1147 4599 πεισθῆναι
1172 4530 1281 4593 τοῖς
1310 4527 1650 4599 ἡγουμένοις,
1677 4530 1772 4582 καὶ
1791 4542 1977 4587 κατα-,

389 4622 570 4690 κρῖναι
596 4620 684 4674 τὸν
712 4618 917 4690 Κύριον
946 4619 1026 4682 εἰς
1055 4617 1304 4673 θάνατον·
1352 4618 1466 4673 ἀλλ’
1495 4620 1739 4690 ἀκριὸῶς
1779 4622 1961 4691 ζητεῖν

388 4713 494 4766 ἀπὸ
523 4711 631 4765 τῶν
660 4710 891 4783 Γραφῶν
931 4711 1027 4763 καὶ
1073 4709 1182 4764 ἀπὸ
1208 4709 1316 4764 τῶν
1362 4712 1668 4779 γεγονότων
1714 4713 1762 4764 εί
1798 4713 1960 4776 αὑτός

388 4806 535 4859 ἐστιν
566 4805 595 4857 ὁ
622 4802 857 4874 Χριστὸς
891 4802 919 4855 6
954 4799 1430 4871 προσδοκώμενος,
1463 4803 1557 4855 καλ⁸
1583 4802 1875 4874 ζητοῦντες
1914 4805 1963 4857 εί

390 4895 740 4967 συμφωνοῦσι
774 4896 886 4957 τοῖς
920 4893 1103 4964 ἔργοις
1138 4893 1188 4946 οί
1220 4892 1391 4961 λόγοι.

465 5004 483 5037 ι
516 4985 607 5037 Σοί¹
628 4984 827 5037 ἔδωκεν
845 4984 872 5037 6
898 4982 1028 5047 Θεὸς
1057 4983 1118 5035 16
1147 4982 1452 5052 πρεσϐεῖον.
1488 5000 1506 5033 ι

462 5075 522 5125 Ei.
564 5075 657 5128 καὶ
694 5074 1110 5145 εἰρωνευόμενοι
1138 5073 1295 5126 τοῦτο
1323 5068 1477 5126 εἷπον
1506 5074 1554 5127 οἱ
1580 5077 1960 5151 πρεσϐύτεροι,

389 5164 465 5227 ὡς
502 5164 710 5217 παιδίον
742 5165 904 5220 αὑτὸν
931 5165 1280 5235 διασύροντες
1304 5204 1318 5224 ,
1359 5163 1474 5218 ἀλλ’
1500 5164 1594 5217 οὖν
1627 5164 1798 5230 οὕτως
1821 5162 1966 5237 εἶχεν

389 5258 421 5326 ἠ
452 5255 698 5327 ἀλήθεια,
733 5258 873 5311 κατὰ
898 5257 956 5311 τὸ
984 5257 1196 5327 λεχθὲν,
1235 5255 1387 5308 Ἀντί
1411 5255 1529 5309 τῶν
1550 5256 1820 5324 πατέρων
1848 5272 1963 5312 σου

389 5345 809 5413 ἐγεννήθησάν
834 5365 932 5401 σοι
962 5348 1097 5401 υἱοί*
1135 5348 1210 5411 ὡς
1244 5347 1337 5399 καὶ
1387 5349 1411 5399 6
1442 5346 1648 5418 Κύριος
1693 5345 1813 5401 εἷπε
1853 5352 1966 5413 τοῖς

401 5436 698 5503 Ἰουδαίοις,
748 5439 830 5493 ὅτι
866 5440 915 5491 οἱ
947 5439 1065 5493 Υἱοὶ
1107 5437 1276 5508 ὑμῶν
1307 5441 1362 5492 οἱ
1399 5440 1839 5506 πιστεύσαντες
1880 5443 1967 5507 εις

388 5524 523 5593 ἐμὲ,
558 5526 800 5580 ἔσονται
840 5527 1006 5596 ὑμῶν
1053 5527 1267 5595 κριταί.
1313 5559 1388 5569 —-
1424 5529 1482 5581 Ὀ
1510 5528 1721 5591 δίκαιος
1756 5530 1964 5600 Κριτὴς

389 5615 563 5680 οὕτως
588 5615 802 5686 δέχεται
832 5620 959 5681 τοὺς
987 5619 1081 5672 δύο
1115 5620 1422 5691 μάρτυρας,
1452 5619 1551 5689 οὐχ
1581 5620 1700 5689 ἅμα
1721 5620 1849 5684 τοὺς
1874 5622 1967 5677 δύο

388 5708 706 5773 λαλοῦντας,
738 5711 873 5781 ὅπερ
905 5711 1173 5780 ἐποίησαν
1207 5712 1258 5763 οἱ
1290 5711 1651 5782 πρεσϐύτεροι
1674 5751 1688 5776 ,
1729 5712 1793 5766 ἐκ
1827 5729 1967 5783 συμ-

391 5804 596 5876 φωνίας
629 5808 723 5862 ἕνα
753 5806 844 5862 καὶ
874 5808 963 5862 τὸν
998 5806 1157 5862 αὐτὸν
1186 5807 1431 5871 εἰπόντες
1465 5808 1643 5877 λόγον.
1675 5839 1742 5847 -
1771 5809 1832 5862 Oi
1857 5808 1964 5878 γὰρ

2066 4554 2166 4594 nec
2194 4553 2338 4594 caeco
2364 4539 2570 4608 impetu
2611 4529 2882 4603 principes
2911 4524 3062 4595 sequi
3086 4534 3140 4580 et
3166 4524 3359 4594 capitis
3391 4524 3647 4578 condem-

2066 4646 2195 4688 nare
2225 4633 2539 4696 Domiuum,
2572 4628 2668 4683 sed
2712 4622 3004 4679 secundum
3035 4618 3369 4689 Scripturam
3400 4630 3452 4675 et
3506 4618 3646 4676 facta

2070 4725 2351 4804 diligenter
2378 4721 2682 4805 inquirere,
2742 4730 2872 4771 num
2906 4712 3023 4780 ipse
3058 4713 3127 4768 sit
3166 4712 3416 4768 Christus
3451 4728 3646 4782 exspe-

2071 4803 2271 4879 ctatus,
2306 4812 2467 4882 atque
2500 4803 2703 4870 ridere,
2744 4821 2870 4861 num
2903 4808 3055 4869 factis
3083 4805 3241 4870 verba
3285 4803 3644 4862 consentiant.

2143 4987 2303 5042 Vens.
2328 4987 2414 5042 50.
2442 5003 2461 5038 ι
2495 4984 2613 5040 Tibi
2646 4985 2794 5041 dedit
2827 4986 2966 5041 Deus
2989 4986 3246 5039 honorem
3273 4981 3590 5037 senectutis.
3618 5001 3639 5032 υ

2136 5078 2361 5132 Etiamsi
2412 5076 2622 5132 ironice
2678 5077 2781 5132 hoc
2823 5077 3078 5132 dicebant
3125 5074 3449 5147 presbyteri,
3490 5074 3537 5126 ei
3585 5082 3640 5125 ut

2065 5168 2392 5225 adolescenti
2420 5168 2740 5231 irridentes,
2781 5176 2960 5221 tamen
3002 5182 3092 5222 res
3123 5181 3248 5221 vere
3268 5167 3348 5220 sic
3376 5180 3434 5219 sc
3472 5165 3646 5217 hahe-

2065 5261 2180 5325 bat,
2213 5260 2289 5315 uti
2323 5260 2522 5315 dictum
2547 5266 2631 5313 est
2662 5276 2677 5312 :
2712 5255 2819 5310 Pro
2840 5258 3081 5325 patribus
3102 5257 3199 5310 tibi
3220 5257 3333 5309 nati
3353 5265 3479 5309 sunt
3507 5254 3639 5319 ﬁlii,

2067 5363 2122 5409 et
2151 5353 2226 5407 uti
2275 5353 2534 5407 Dominus
2560 5351 2699 5405 dixit
2727 5348 2926 5403 Judmis
2963 5367 2977 5403 :
3015 5347 3145 5402 Filii
3171 5348 3327 5403 vestri
3358 5347 3447 5417 qui
3474 5348 3645 5399 (redi-

2067 5445 2239 5499 dcrint
2263 5444 2317 5497 in
2352 5459 2452 5507 me,
2474 5443 2633 5497 vestri
2653 5441 2856 5512 judiccs
2884 5447 3057 5495 erunt.
3078 5438 3353 5494 —Justus
3371 5438 3536 5508 judex
3570 5438 3645 5492 ita

2068 5531 2261 5602 recipit
2292 5532 2428 5586 duos
2465 5539 2665 5599 testes,
2707 5545 2811 5585 non
2863 5541 2922 5584 ut
2950 5530 3058 5584 duo
3101 5528 3266 5585 simul
3314 5529 3638 5598 loquantur,

2069 5625 2212 5694 quod
2245 5621 2491 5677 fecerunt
2543 5622 2846 5693 presbyteri
2896 5622 3026 5692 qui,
3087 5622 3244 5675 sicuti
3287 5629 3638 5678 convenerat.

2076 5730 2240 5770 unum
2279 5714 2530 5783 idemque
2572 5714 2845 5768 dixerunt.
2894 5743 2962 5752 ——
3012 5716 3112 5779 Qui
3161 5715 3305 5769 cutim
3350 5714 3402 5767 in
3451 5721 3639 5765 sancto

2073 5808 2238 5879 gradu
2275 5806 2557 5863 constituti
2586 5815 2733 5873 sunt,
2773 5807 3005 5875 primum
3039 5809 3377 5865 dissecanlur
3408 5807 3461 5861 in
3502 5802 3636 5857 duas
