4072 6398
465 303 597 366 ῙῙΟἸ

1633 305 1906 365 AMMON
1919 305 1972 364 ῐῐ
2010 305 2543 372 ALEXANDRINI

3588 314 3725 382 1388

453 429 642 487 partes
666 427 722 474 et
750 418 1016 490 dignitate
1045 428 1343 487 exuuntur,
1383 419 1582 475 deinde
1612 429 1792 474 autem
1831 419 1912 474 uti
1933 419 2017 472 in-

2145 421 2202 476 ἐν
2241 423 2370 494 ἀξίᾳ
2409 428 2733 498 ίεροπρεπεῖ
2775 427 3187 502 διχοτομοῦνται
3233 428 3454 502 πρῶτον
3497 429 3592 484 καὶ
3624 449 3726 503 γυ-

457 511 644 566 lideles
665 514 718 566 in
746 513 1050 583 gehennam
1085 513 1470 580 detruduntur,
1495 528 1563 568 ne
1591 513 1764 582 gratia
1797 510 2034 582 Spiritus

459 601 632 656 sancti
663 601 993 658 contumelia
1024 601 1162 657 ειωοί
1200 602 1452 658 videatur
1480 617 1578 672 per
1617 615 1716 657 eos
1745 601 1842 671 qui
1893 602 2036 656 dono

452 693 635 748 divino
660 694 911 764 indignos
959 709 1081 750 sese
1113 695 1499 750 exbibuerunt.
1541 691 1618 747 lta
1651 693 1818 748 etiam
1851 692 2038 748 Domi-

450 799 552 839 nus
602 783 654 837 in
684 784 994 856 Evangeliis
1041 785 1220 842 dixit:
1255 785 1346 842 Sic
1385 787 1552 843 etiam
1585 787 1638 841 in
1671 785 2036 841 tribunalibus

450 878 744 934 mundanis
785 877 904 934 ﬁeri
947 879 1103 934 solet.
1141 911 1212 920 —
1244 879 1618 936 Verecundius
1647 895 1814 949 quam
1861 879 2036 948 impu-

451 967 641 1022 dentes
693 975 748 1022 et
781 969 1030 1024 crudeles
1075 969 1390 1025 sacerdotes
1445 969 1657 1025 locutus
1689 978 1773 1024 est
1803 970 2031 1036 Daniel;

345 1061 401 1112 ἰ
449 1073 572 1112 cum
606 1058 752 1114 enim
785 1058 858 1114 illi
891 1060 1198 1116 dixissent:
1241 1078 1261 1113 ι
1290 1061 1594 1116 Concubuit
1622 1076 1744 1116 cum
1776 1076 1864 1125 ea,
1893 1081 1912 1114 ι
1945 1063 2036 1118 hic

447 1165 563 1205 rem
595 1151 883 1220 appellavit
912 1153 1385 1208 conversationem
1409 1195 1425 1220 ,
1466 1168 1587 1223 qua:
1633 1169 1740 1209 vox
1769 1154 1824 1208 in
1873 1168 2035 1210 auras

448 1243 581 1298 abit.
614 1241 726 1297 lloc
759 1245 906 1298 dicto
934 1255 1115 1300 autem
1141 1245 1461 1300 mendacem
1491 1255 1546 1301 et
1580 1247 1886 1303 instabilem
1910 1263 2032 1303 esse

445 1336 773 1408 lnjustorum
804 1339 1111 1394 orationem
1141 1339 1340 1395 innuit.

515 1513 684 1569 Vsus.
723 1515 814 1570 55.
849 1535 869 1569 ι
916 1514 1174 1570 Mentitus
1206 1529 1286 1571 es.
1328 1534 1349 1568 ι

513 1603 788 1677 Propheta
829 1609 1050 1677 quidem
1085 1607 1238 1662 illum
1273 1608 1561 1662 mentitum
1601 1621 1724 1664 esse
1747 1606 1904 1672 dixit,
1933 1622 2026 1679 po-

2139 515 2400 584 μνοῠνται
2421 519 2520 590 τῆς
2546 520 2724 587 ἀξίας,
2759 523 2853 575 καὶ
2873 523 2996 576 τότε
3025 523 3101 586 ὡς
3124 521 3345 576 ἄπιστοι
3369 521 3518 592 ψιλοὶ
3542 543 3722 597 παρα-

2135 607 2364 662 δίδονται
2401 613 2468 680 τῇ
2496 611 2717 686 γεέννῃ,
2761 613 2850 670 ἴνα
2897 613 2975 684 μὴ
3013 613 3146 684 δοκῇ
3191 615 3226 684 ἡ
3261 613 3359 668 τοῦ
3405 614 3725 683 ιινεύματος

2136 700 2299 772 χάρις
2330 702 2748 776 συνυϐρίζεσθαι
2784 708 2898 770 τοῖς
2928 705 3172 773 ἀναξίοις
3199 705 3430 770 ἑαυτοὺς
3463 707 3726 777 ποιήσασι

2135 795 2236 864 τῆς
2267 795 2363 849 τοῦ
2399 796 2536 851 Θεοῦ
2565 797 2796 870 δωρεᾶςο
2826 797 2972 852 οὕτω
3013 797 3108 852 καὶ
3142 797 3171 850 6
3201 797 3412 870 Κύριος
3444 799 3503 851 ἰν
3541 796 3727 868 Εὐαγ-

2135 886 2338 954 γελίοις
2365 885 2541 943 aliter
2573 889 2720 944 οὕτω
2760 891 2856 945 καὶ
2898 891 2992 944 ἰπὶ
3027 891 3137 945 τῶν
3181 890 3482 945 πολιτικῶν
3515 890 3726 960 γίνεται

2133 977 2610 1051 δικαστηρίων.-
2631 980 2966 1052 Σιμνότερον
2985 983 3014 1036 δ
3041 981 3246 1055 Δανιὴλ
3273 981 3430 1035 λαλεῖ
3457 982 3570 1037 τῶν
3597 985 3726 1036 αίσ-

2135 1072 2286 1143 χρῶν
2352 1074 2448 1128 καὶ
2504 1075 2808 1145 μιαιφόνων
2853 1075 3288 1147 πρεσϐυτέρων
3345 1073 3572 1129 ἐκείνων
3614 1075 3728 1146 γὰρ

2135 1163 2401 1221 εἰπόντων
2453 1165 2688 1220 ἀνέπεσε
2747 1168 2868 1237 μετ’
2923 1167 3128 1237 αὐτῆς,
3189 1156 3349 1229 οὗτος
3398 1165 3618 1234 ὁμιλίαν
3660 1166 3726 1220 τὸ

2137 1258 2371 1328 πρᾶγμα
2396 1257 2678 1324 ἐκάλεσεν,
2703 1259 2733 1313 6
2757 1259 2877 1311 ἐστι
2898 1257 3056 1326 λόγος
3079 1259 3160 1321 εἰς
3185 1257 3326 1328 ἀέρα
3346 1256 3723 1327 διαλυόμενοςο

2131 1347 2292 1403 τοῦτο
2315 1348 2372 1402 δὲ
2407 1344 2562 1403 εἶπεν
2597 1349 2991 1419 ὑποσημαίνων
3024 1349 3108 1402 ὅτι
3133 1347 3334 1419 ψευδὴς
3361 1348 3459 1402 καὶ
3487 1346 3725 1402 ἀσύστα-

2131 1456 2224 1503 τος
2255 1441 2284 1494 6
2309 1438 2417 1494 τῶν
2451 1440 2784 1512 παρανόμων
2811 1440 2991 1509 λόγος.

2205 1553 2227 1585 ς
2271 1533 2562 1603 Ἐψευσαι.
2613 1552 2632 1586 s

2217 1625 2277 1679 '0
2308 1617 2410 1696 μὲν
2435 1626 2721 1698 προφήτης
2763 1619 2952 1688 εἶπεν,
2983 1625 3066 1679 ὅτι
3099 1623 3401 1696 ὲψεύσατω
3437 1622 3631 1695 ἄδηλον
3661 1624 3722 1679 δὲ

453 1697 643 1768 pulum
694 1709 874 1754 autem
909 1699 1025 1754 base
1075 1715 1164 1755 res
1192 1699 1368 1757 latuit.
1416 1700 1710 1756 Multltdo
1733 1700 1879 1755 enim
1922 1715 2017 1754 non

2129 1712 2198 1788 ἦν
2231 1717 2391 1771 τοῦτο
2424 1697 2564 1781 τέως
2596 1721 2710 1783 τοῖς
2749 1716 2920 1783 λαοῖς·
2951 1714 3128 1780 οὕτως
3159 1717 3268 1789 γάρ
3299 1718 3439 1771 εἰσιν
3466 1717 3724 1786 ἄγνωστα

443 1790 861 1859 comprehendit
889 1790 1049 1845 ell‘ata
1079 1791 1417 1862 prophetica,
1447 1794 1766 1863 priusquam
1806 1792 2017 1848 videant

2132 1812 2242 1876 τοῖς
2279 1809 2496 1874 πολλοῖς
2527 1810 2598 1864 τὰ
2625 1809 2942 1884 προφητικὰ
2962 1852 2976 1874 ,
3004 1810 3109 1874 ἕως
3140 1788 3294 1864 ἴδωσι
3323 1809 3427 1872 τὰς
3461 1809 3723 1874 ἐκϐάσεις

447 1895 534 1935 res
555 1892 752 1936 eventu
790 1885 1209 1952 comprobatus;
1237 1892 1364 1938 tunc
1395 1895 1576 1938 autem
1613 1898 1733 1954 qua:
1767 1885 2022 1955 praedicta

447 1973 688 2041 fuerunt,
727 1977 934 2047 optime
961 1977 1289 2048 intelligunt.
1317 2007 1391 2019 —
1425 1977 1595 2032 Israel
1619 1976 1889 2046 signillcat
1929 1978 2028 2032 de-

442 2081 560 2120 cem
592 2067 795 2132 tribus,
833 2077 1044 2137 gentem
1078 2071 1145 2122 ad
1177 2063 1538 2124 idololatriam
1573 2067 1890 2139 proclivem,
1933 2066 2029 2123 Ju-

441 2158 539 2213 das
569 2168 750 2214 autem
772 2160 948 2215 tribus
971 2158 1126 2215 Iuda:
1151 2169 1206 2215 et
1232 2159 1538 2232 Benjamin,
1564 2161 1619 2216 in
1641 2161 1842 2232 quibus
1865 2171 2027 2216 erant

441 2247 700 2314 templum
733 2257 789 2304 et
838 2248 1020 2305 cultus
1068 2249 1261 2320 legalis
1309 2265 1432 2320 quae
1463 2249 1851 2320 praeligurabat
1882 2249 2023 2305 bona

440 2339 643 2420 futura,
671 2350 726 2395 et
754 2342 950 2397 civitas
974 2341 1042 2396 ad
1073 2343 1206 2410 legis
1229 2357 1478 2398 normam
1503 2342 1801 2398 constituta
1832 2350 1888 2397 et
1916 2342 2024 2396 vita

436 2441 608 2497 casta,
644 2441 701 2487 et
745 2448 919 2503 pteme
977 2434 1238 2489 adversus
1290 2443 1725 2506 transgressores
1782 2443 2020 2489 statutae.

437 2521 568 2578 lude
594 2525 857 2595 originem
885 2525 1150 2582 Susanna:
1188 2527 1428 2583 deducit.
1451 2559 1523 2570 —
1548 2527 1622 2584 Ut
1659 2539 1838 2584 ratum
1871 2530 2026 2585 lieret

439 2615 570 2670 illud
602 2617 806 2672 dictum
841 2636 856 2674 :
896 2619 1000 2686 Qui
1032 2619 1236 2690 foveam
1269 2620 1400 2690 {odit
1422 2623 1664 2691 proximo
1689 2638 1805 2686 suo,
1828 2624 1884 2678 in
1909 2639 2024 2678 eam

433 2711 962 2785 incidet.—Sempcr
989 2715 1156 2787 igitur
1178 2717 1461 2774 advertere
1479 2719 1737 2775 debemus
1755 2720 2020 2783 animttm,

439 2799 750 2856 rharissimi
778 2844 794 2868 ,
841 2815 1100 2860 caventes
1165 2821 1234 2862 ne
1276 2808 1398 2878 quis
1447 2820 1669 2878 peccato
1729 2811 2024 2865 obstrictus

435 2893 634 2947 auimze
671 2909 782 2950 sua:
809 2896 1079 2965 jacturam
1118 2896 1307 2966 faciat,
1335 2909 1392 2954 et
1436 2915 1732 2965 memores,
1764 2897 1934 2956 Deum
1963 2911 2024 2956 ut

431 2985 523 3054 qui
550 2993 692 3041 totus
719 2987 788 3042 sit
827 2989 1017 3047 oculus
1048 2993 1114 3046 de
1162 2993 1415 3048 omnibus
1439 3007 1562 3049 esse
1593 2995 1919 3049 sententiam
1946 2993 2025 3048 la-

435 3087 638 3132 turum.
675 3077 816 3134 Nihil
844 3083 987 3135 enim
1017 3097 1205 3140 eorum
1239 3100 1359 3155 qua:
1396 3085 1448 3139 in
1478 3085 1680 3140 mundo
1711 3087 1866 3148 linat,
1893 3101 2017 3141 eum

432 3165 584 3223 latet.
620 3168 962 3244 Quapropter
1002 3189 1218 3244 semper
1248 3177 1432 3233 animo
1464 3177 1755 3248 vigilantes
1784 3189 1832 3233 et
1869 3191 2018 3234 caste

435 3259 681 3316 viventes
715 3261 981 3320 Susanna)
1011 3267 1320 3338 exemplum
1353 3284 1665 3340 sequamur.
1697 3270 1901 3327 Ututse
1926 3273 2020 3325 ba-

431 3347 525 3404 bet
554 3350 780 3407 historia
809 3353 972 3424 (nam
1007 3357 1215 3426 tropice
1241 3374 1458 3429 quoque
1508 3359 1808 3430 Scriptura:
1853 3367 2017 3419 verba

429 3439 780 3510 interpretari
806 3443 989 3516 licet),
1008 3445 1260 3504 Chelcias
1289 3450 1580 3520 signiﬁcat,
1607 3454 1876 3508 conversio
1899 3453 2015 3521 Dei,

430 3538 524 3586 aut
552 3531 790 3587 laudatio
829 3536 959 3603 Dei;
997 3535 1281 3608 Susanna,
1331 3541 1522 3597 laetitia
1561 3559 1771 3609 eorum,
1815 3554 1908 3600 aut
1948 3546 2016 3599 li-

429 3621 558 3676 lium
596 3625 986 3694 apostolicum;
1029 3627 1267 3699 Joacim,
1323 3632 1537 3688 Domini
1563 3636 1877 3702 inclinatio,
1925 3649 2017 3691 aut

434 3713 644 3770 Domini
669 3715 937 3782 laudatio,
966 3721 1174 3787 Daniel,
1197 3726 1464 3794 judicium
1489 3727 1590 3783 Dei
1617 3771 1632 3795 ,
1659 3729 1740 3783 vel
1755 3731 2012 3798 judicans

430 3803 894 3878 Deus.—Quaudo
932 3814 1096 3883 igitur
1124 3816 1305 3874 lzctitia
1325 3819 1628 3876 animarum
1655 3823 1907 3878 virtutem
1931 3839 2015 3878 se-

429 3899 694 3952 ctantium
721 3899 996 3970 Ecclesize,
1027 3920 1147 3976 qua:
1172 3919 1255 3964 est
1293 3909 1465 3965 lilium
1507 3912 1883 3982 apostolicum,
1915 3913 2014 3969 llos

430 3989 568 4042 bene
603 3988 777 4057 olens,
801 3991 1094 4064 fragrantia
1123 3999 1444 4067 spiritualis,
1467 4000 1575 4056 tilia
1612 4001 1869 4066 Chelciae,
1893 4017 2014 4072 qum

427 4077 620 4134 didicit
648 4097 678 4134 a
706 4083 821 4137 suis
857 4085 1154 4155 majoribus
1184 4090 1347 4144 vitam
1393 4091 1677 4148 instituere
1712 4094 2010 4149 secundum

429 4172 816 4241 prophetarum
845 4177 1216 4247 traditionem,
1245 4196 1366 4251 qua:
1388 4191 1471 4236 est
1494 4185 1782 4239 conversio
1815 4195 1868 4240 et
1891 4200 2012 4241 sors

427 4265 664 4330 Israelis,
694 4266 1044 4338 coniungitur
1078 4271 1346 4340 spirituali
1394 4271 1609 4343 Spouso
1640 4273 1882 4340 Christo,
1917 4280 2008 4347 qui

437 4367 520 4413 est
547 4357 778 4427 Joacim,
805 4363 1104 4432 spiritualis
1133 4362 1392 4418 Ecclesia:
1427 4381 1678 4434 sponsus,
1713 4368 1805 4438 qui
1840 4369 2012 4422 lidell-

2129 1903 2240 1957 τῶν
2264 1903 2606 1974 πραγμάτων
2633 1903 2684 1957 οί
2707 1903 3006 1974 ἄνθρωποι,
3033 1903 3128 1956 καὶ
3157 1902 3282 1957 τότε⁹
3321 1902 3501 1956 νοοῦσι
3530 1903 3722 1972 σαφῶς

2128 1996 2200 2051 τὰ
2227 1996 2695 2069 προφητευθέντα.
2719 1997 2863 2051 -Ὅ
2894 1995 3113 2069 Ἰσραὴλ
3134 1997 3272 2050 εἰσὶν
3294 1996 3352 2049 al
3373 1995 3504 2051 δέκα
3527 1995 3718 2065 φυλαὶ,

2127 2085 2189 2138 τὸ
2219 2085 2377 2154 γένος
2403 2085 2466 2138 τὸ
2491 2085 2768 2140 εὖόλισθον
2794 2086 2874 2149 είς
2904 2083 3355 2156 είδωλολατρείαν
3373 2101 3388 2118 ο
3433 2084 3634 2150 Ἰούδας
3660 2086 3720 2140 δὲ

2129 2177 2161 2246 ἡ
2193 2174 2332 2246 φυλὴ
2373 2175 2541 2230 Ἰούδα
2566 2175 2662 2229 καὶ
2683 2175 2968 2246 Βενιαμὶν,
2999 2175 3135 2230 ὅπου
3161 2176 3192 2230 6
3210 2174 3336 2239 ναὸς
3360 2175 3456 2229 καὶ
3485 2176 3540 2229 αί
3573 2175 3722 2230 κατὰ

2127 2267 2294 2338 νόμον
2315 2266 2564 2338 λατρεῖαι
2589 2265 2748 2320 σκιὰν
2768 2267 2989 2338 ἔχουσαι
3014 2266 3122 2320 τῶν
3143 2267 3447 2339 μελλόντων
3469 2267 3717 2336 ἀγαθῶν,

2125 2358 2221 2412 καὶ
2245 2356 2473 2430 εὖνομος
2493 2357 2762 2423 πολιτεία,
2791 2359 2883 2412 καὶ
2909 2361 2938 2412 6
2955 2357 3188 2430 σώφρων
3216 2357 3351 2429 βίος,
3385 2359 3480 2414 καὶ
3501 2361 3555 2412 αἱ
3577 2360 3721 2414 κατὰ

2125 2449 2234 2503 τῶν
2263 2451 2600 2522 παραϐατῶν
2626 2451 2916 2523 τιμωρίαι,
2945 2451 3006 2517 ἐξ
3033 2444 3110 2505 ὧν
3137 2451 3456 2520 γενεαλογεῖ
3474 2451 3573 2523 τὴν
3597 2453 3716 2506 Σω-

2127 2541 2348 2594 σάνναν.
2373 2572 2434 2600 -—,-
2473 2541 2590 2595 Ἵνα
2617 2542 2879 2614 πληρωθῇ
2905 2541 2967 2595 τὸ
2989 2542 3304 2614 εἰρημένον,
3342 2541 3406 2595 '0
3430 2543 3722 2610 ὀρύσσων

2119 2631 2349 2697 βόθρον
2375 2629 2455 2695 τῷ
2482 2632 2755 2697 πλησίον
2782 2631 2993 2695 αὑτοῦ,
3017 2633 3104 2697 εις
3131 2631 3320 2686 αὐτὸν
3339 2630 3715 2700 ἐμπεσεῖται.

2124 2750 2194 2762 --
2223 2722 2522 2793 Προσέχειν
2558 2717 2652 2776 οὖν
2691 2721 2981 2791 ὀφείλομεν
3018 2723 3186 2776 πᾶσιν
3211 2763 3227 2788 ,
3256 2720 3567 2794 ἀγαπητοὶ,
3615 2739 3717 2792 φο-

2125 2811 2384 2882 ϐούμενοι
2435 2814 2510 2885 μή
2549 2829 2636 2876 τις
2668 2812 2726 2866 ἔν
2756 2829 2863 2866 τινι
2912 2812 3325 2884 παραπτώματι
3377 2811 3709 2882 κρατηθεὶς,

2124 2902 2286 2966 αὐτὸς
2321 2903 2419 2972 τῆς
2448 2902 2614 2957 αὑτοῦ
2647 2903 2823 2974 ψυχῆς
2854 2902 3037 2974 ἔνοχος
3064 2903 3314 2973 γένηταιο
3345 2903 3708 2971 γινώσκοντες

2122 2994 2204 3047 ὅτι
2252 2993 2466 3059 ἔκδικος
2499 2997 2528 3048 6
2561 2994 2693 3059 Θεὸς
2733 2995 2864 3067 περὶ
2893 2995 3113 3049 πάντων
3141 2994 3351 3064 γίνεται
3371 3035 3388 3060 ,
3437 2994 3598 3057 αὐτὸς
3624 2992 3696 3046 ὢν

2123 3086 2243 3149 ὅλος
2283 3086 2583 3157 ὀφθαλμός.
2624 3086 2894 3140 Λανθάνει
2936 3086 2992 3140 δὲ
3032 3087 3223 3140 τοῦτον
3265 3085 3378 3140 τῶν
3423 3087 3482 3140 ἐν
3513 3085 3688 3153 κόσμῳ

2126 3178 2510 3250 πραττομένων
2545 3179 2700 3234 οὐδέν
2720 3196 2735 3210 ο
2762 3179 2844 3234 διδ
2877 3179 2966 3234 ἀεὶ
3010 3181 3308 3252 ὲγρήγοροι
3336 3179 3571 3252 καρδίαις
3594 3176 3690 3230 καὶ

2123 3271 2416 3342 σωφρόνως
2452 3270 2694 3341 βιοῦντες
2725 3273 2826 3342 τὴν
2859 3272 3149 3328 Σωσάνναν
3181 3269 3563 3344 μιμησώμεθα.

2191 3364 2345 3434 Ἔχει
2376 3365 2474 3433 μὲν
2497 3363 2573 3428 ὡς
2599 3362 2714 3434 ἔχει
2741 3365 2808 3418 τὰ
2837 3367 2936 3436 τῆς
2966 3365 3210 3436 ἱστορίας
3233 3380 3248 3396 ·
3282 3364 3502 3418 δυνατὸν
3519 3361 3577 3416 δὲ
3599 3362 3703 3416 καὶ

2118 3453 2594 3525 τροπολογηθῆναι
2653 3455 2754 3525 τὴν
2818 3455 3115 3525 διασκευὴν
3180 3455 3276 3510 τοῦ
3334 3456 3702 3528 γράμματοςο

2117 3546 2484 3618 ἑρμηνεύεται
2517 3542 2612 3600 οὖν
2643 3547 2878 3612 Χελκίας
2916 3547 3254 3618 διαστροφὴ
3287 3548 3460 3610 Θεοῦ.
3486 3548 3518 3620 ἤ
3541 3547 3710 3600 αἴνε-

2117 3657 2217 3708 σις
2242 3641 2411 3696 Θεοῦ·
2437 3642 2716 3704 Σωσαννα,
2742 3642 2893 3711 χαρὰ
2913 3641 3131 3707 αὐτῶν,
3160 3643 3193 3714 ἥ
3217 3643 3428 3712 κρίνον
3444 3642 3712 3696 ἀποστο-

2115 3735 2311 3788 λικόν·
2351 3733 2610 3805 ’ῐωακεὶμ
2641 3735 2862 3801 Kvplov
2889 3733 3270 3804 ἐτοιμασμὸς,
3300 3733 3334 3805 ἢ
3358 3734 3576 3802 Κυρίου
3604 3731 3709 3786 αἷ-

2115 3845 2304 3895 νεσις·
2321 3828 2518 3901 Δανιὴλ
2540 3830 2736 3899 κρίσις
2755 3829 2924 3885 Θεοῦ.
2945 3830 2977 3900 ἢ
2995 3829 3216 3899 κρίνων
3237 3829 3398 3894 Θεός.
3422 3829 3589 3881 Ὅταν
3605 3822 3713 3880 οὖν

2116 3921 2150 3986 ή
2185 3919 2332 3990 χαρὰ
2359 3918 2470 3972 τῶν
2497 3919 2771 3991 ὲναρὲτων
2799 3919 2986 3990 ψυχῶν
3017 3920 3115 3989 τῆς
3158 3918 3486 3991 Ἐκκλησίας
3517 3917 3553 3988 ἧ
3583 3919 3709 3972 ἐστι

2114 4015 2174 4066 τὸ
2199 4012 2383 4082 κρίνον
2409 4011 2468 4064 τὸ
2499 4012 2881 4076 ἀποστολικον,
2913 4011 2975 4065 τὸ
3005 4011 3207 4075 εὐῶδες
3245 4010 3426 4074 ἄνθος,
3465 4012 3498 4079 ἡ
3535 4027 3712 4064 πνευο

2117 4103 2320 4175 ματικὴ
2354 4103 2552 4157 εὐωδία
2578 4144 2592 4167 ,
2635 4107 2668 4173 ἠ
2712 4103 2964 4177 Θυγάτηρ
3006 4103 3100 4158 τοῦ
3145 4104 3402 4170 Χελκίου,
3451 4101 3708 4172 μαθοῦσα

2115 4198 2268 4267 παρὰ
2294 4197 2402 4250 τῶν
2439 4197 2585 4252 ἰδίων
2613 4199 2866 4268 πατέρων
2895 4196 3272 4251 πολιτεύεσθαι
3297 4197 3440 4251 κατὰ
3467 4195 3566 4268 τὴν
3589 4197 3708 4249 τῶν

2115 4290 2412 4361 προφητῶν
2443 4290 2769 4361 παράδοσιν.
2798 4292 2936 4363 ὅπερ
2966 4292 3084 4344 ἐστὶ
3123 4291 3333 4362 στροφὴ
3367 4289 3461 4342 καὶ
3493 4289 3708 4358 κλῆρος

2112 4383 2206 4437 τοῦ
2249 4381 2482 4455 Ἰσραὴλ,
2525 4382 2770 4455 συναφθῇ
2801 4383 2880 4453 τῷ
2915 4381 3272 4453 πνευματικῷ
3310 4379 3528 4452 νυμφίῳ
3558 4381 3706 4450 Χρι-

427 4451 530 4506 bus
559 4451 724 4506 l‘uturi
755 4453 938 4508 saeculi
965 4454 1104 4510 bona
1128 4455 1473 4525 praeparavit,
1499 4470 1722 4526 regnum
1746 4457 2008 4512 caelorum

2121 4473 2250 4545 στῶ,
2279 4476 2308 4528 ὃ
2343 4477 2492 4528 ἐστιν
2533 4474 2810 4544 Ἰωακεὶμ,
2842 4475 2871 4528 6
2911 4473 3285 4545 πνευματικὸς
3316 4472 3415 4544 τῆς
3468 4471 3706 4542 Ἐκκλη-

429 4543 808 4608 annuntiavit,
839 4555 894 4599 et
934 4545 1172 4614 Spiritus
1218 4547 1394 4600 sancti
1444 4549 1736 4617 participes
1773 4551 2006 4606 reddidit

425 4636 640 4700 ﬁdeles,
693 4637 993 4692 laudandus
1047 4636 1098 4689 in
1135 4634 1330 4690 saecula
1357 4676 1373 4702 ,
1403 4651 1560 4693 amen
1595 4657 1609 4694 :
1645 4649 1772 4696 tunc
1818 4655 2010 4712 aggre-

422 4727 644 4786 diuntur
663 4749 782 4788 eam
817 4725 1046 4801 imprde
1089 4736 1256 4802 plebis
1286 4735 1527 4806 pulices,
1572 4748 1626 4793 et
1657 4750 1699 4793 si
1732 4754 1854 4812 ejus
1885 4742 2008 4796 ani-

358 4885 378 4898 .
425 4835 565 4874 mam
606 4838 704 4894 per
743 4835 908 4893 prava
967 4823 1219 4894 dogmata
1269 4840 1622 4898 corrumpere
1667 4840 1722 4886 ει
1772 4846 2007 4890 enecare

425 4928 698 4985 nequeunt
726 4919 876 4987 (haec
916 4919 1061 4974 enim
1098 4929 1181 4976 est
1215 4936 1361 4978 mors
1389 4925 1653 4999 animas),
1683 4936 1814 4986 tunc
1842 4930 2008 4986 stulto

424 5007 754 5074 acjudicatc
799 5009 982 5064 nescio
1025 5014 1221 5082 populo
1264 5016 1482 5070 tradunt
1526 5034 1724 5088 corpus
1761 5023 1827 5077 ad
1875 5037 2004 5090 sup-

425 5100 669 5168 plirium.
691 5099 746 5154 Si
771 5101 909 5156 Deus
927 5107 1212 5172 permittit,
1237 5118 1295 5162 ut
1320 5125 1517 5181 sponsa
1537 5122 1762 5170 mortem
1792 5115 2008 5180 subeat,

426 5190 672 5261 martyrii
699 5207 901 5247 corona
930 5209 1048 5252 cam
1093 5209 1288 5267 ornat;
1321 5201 1368 5257 si
1400 5217 1528 5258 vero
1560 5219 1591 5260 e
1623 5207 1878 5262 manibus
1909 5207 2008 5262 iui-

429 5282 696 5337 micorum
727 5285 909 5354 eripit,
942 5303 1106 5360 prope
1145 5306 1204 5348 se
1232 5295 1403 5363 ipsum
1435 5297 1666 5354 collocat
1693 5315 1814 5355 eam
1847 5310 1900 5356 et
1927 5302 2006 5357 sic

425 5375 628 5430 honore
646 5376 828 5433 allicit.
848 5378 927 5434 llli
947 5392 1124 5437 autem
1143 5387 1472 5443 meditantur
1488 5390 1650 5444 etiam
1679 5391 1887 5461 justum
1912 5394 2002 5450 Dei

417 5466 680 5538 judicium
705 5514 719 5537 ,
748 5475 891 5542 quod
921 5475 1047 5532 fecit
1074 5478 1294 5545 Daniel,
1321 5481 1477 5550 cujus
1500 5499 1693 5539 nomen
1725 5487 1998 5556 signiﬁcat

421 5560 679 5624 iudicium
708 5564 824 5622 Dei.
893 5567 1201 5640 Presbyteri
1235 5580 1414 5629 autem
1445 5577 1665 5633 nomine
1697 5589 1910 5643 carent,
1945 5590 2004 5636 ut

422 5651 573 5708 dives
610 5655 658 5708 iu
690 5654 848 5713 Lucae
903 5657 1238 5729 Evangelia,
1280 5663 1369 5732 qui
1411 5662 1679 5720 Lazarum
1723 5669 2000 5726 ulceribus

421 5743 674 5803 obrutum
714 5750 1188 5807 commiseratione
1223 5767 1324 5806 non
1359 5753 1612 5826 dignatus
1642 5769 1746 5815 est.

2117 4567 2238 4629 σίας
2273 4567 2535 4636 νυμφίος,
2569 4567 2596 4618 6
2626 4566 2924 4638 ἑτοιμάσας
2957 4567 3026 4622 τα
3057 4567 3150 4620 τοῦ
3183 4566 3469 4638 μέλλοντος
3500 4563 3705 4628 αἰῶνος

2115 4658 2296 4728 ἀγαθὰ
2321 4660 2432 4722 τοῖς
2459 4660 2688 4722 πιστοῖς,
2719 4660 2814 4713 καὶ
2845 4658 3090 4732 κηρύξας
3119 4658 3400 4728 βασιλείαν
3427 4655 3702 4730 οὐρανῶν,

2115 4750 2210 4804 καὶ
2233 4750 2372 4803 ῐΙνεύ
2382 4768 2550 4821 ματος
2573 4752 2730 4820 ἁγίου
2755 4753 2986 4822 ποιήσας
3009 4749 3263 4818 γενέσθαι
3290 4748 3552 4820 μετόχους
3575 4747 3707 4810 τοὺς

2116 4844 2363 4910 πιστοὺς,
2397 4845 2427 4897 6
2464 4843 2540 4898 ῶν
2577 4845 2786 4907 cive-:6;
2817 4846 2898 4907 εἰς
2921 4845 3047 4907 τοὺς
3067 4842 3290 4906 αἰῶνας.
3327 4843 3502 4912 Ἀμήν
3523 4857 3536 4872 ⁸
3579 4839 3705 4894 τότε

2114 4936 2438 5007 ἐπέρχονται
2459 4937 2596 5007 αὐτῇ
2629 4937 2679 4991 οἶ
2719 4937 3027 5007 παράνομοι
3072 4936 3164 4990 τοῦ
3197 4935 3326 4988 λαοῦ
3360 4933 3568 5005 κριταὶ,
3606 4934 3708 4985 καὶ

2113 5030 2208 5082 ἐὰν
2237 5028 2312 5099 μὴ
2339 5029 2609 5100 δυνηθῶσι
2631 5029 2942 5100 διαφθεῖραι
2971 5027 3140 5099 αὐτῆς
3170 5027 3270 5098 τὴν
3295 5026 3478 5098 ψυχὴν
3500 5027 3559 5079 ἐν
3586 5029 3706 5090 τοῖς

2112 5121 2583 5194 ἀπηζόρευμένοις
2603 5123 2834 5192 δόγμασι
2870 5123 2964 5177 καὶ
2992 5121 3300 5176 θανατῶσαι
3329 5121 3498 5190 αὐτὴν
3523 5120 3706 5192 (τοῦτο

2112 5211 2222 5281 γὰρ
2251 5212 2431 5284 ψυχῆς
2460 5213 2751 5283 θάνατος),
2783 5214 2905 5267 τότε
2940 5214 3002 5265 τὸ
3037 5214 3199 5284 σῶμα
3229 5213 3588 5286 παραδιδόασι
3621 5211 3708 5282 τῷ

2112 5305 2291 5376 ἀλόγῳ
2321 5307 2413 5359 καὶ
2441 5307 2740 5378 ἀδιακρίτῳ
2773 5305 2966 5377 πλήθει
2995 5307 3074 5370 εἰς
3103 5306 3320 5376 σφαγήν
3339 5322 3353 5336 ·
3395 5305 3490 5359 καὶ
3518 5304 3568 5356 εί
3603 5303 3709 5374 μὲν

2114 5399 2393 5470 συγχωρεῖ
2437 5397 2466 5450 ὁ
2515 5397 2650 5462 Θεὸς
2687 5397 2880 5451 παθεῖν
2925 5397 3024 5468 τὴν
3058 5396 3312 5468 νύμφην,
3357 5395 3709 5466 περιτίθησιν

2112 5488 2247 5559 αὖτῇ
2275 5490 2365 5540 τδν
2392 5491 2486 5544 τοῦ
2521 5492 2824 5564 μαρτυρίου
2859 5491 3143 5560 στέφανον·
3177 5491 3225 5544 εἰ
3255 5488 3312 5544 δὲ
3345 5489 3440 5542 καὶ
3474 5486 3709 5558 ῥύσεται

2110 5582 2280 5652 αὐτὴν
2309 5585 2374 5637 ἐκ
2405 5583 2589 5655 χειρὸς
2617 5584 2851 5656 ἐχθρῶν,
2884 5584 2978 5638 καὶ
3003 5584 3168 5638 πάλιν
3195 5583 3334 5654 τιμᾷ
3364 5582 3530 5648 αὐτην
3559 5578 3709 5649 ἔχων

2112 5674 2340 5742 πλησίον
2382 5675 2570 5730 αὐτοῦ*
2608 5677 2656 5728 oi
2695 5677 2751 5730 δὲ
2781 5675 3228 5730 ἐπιϐουλεύονται
3257 5677 3351 5729 καὶ
3379 5674 3468 5728 διὰ
3493 5673 3591 5742 τῆς
3621 5673 3710 5726 δι·-

2115 5766 2275 5831 καίας
2313 5767 2405 5820 τοῦ
2438 5767 2572 5822 Θεοῦ
2606 5769 2875 5840 κρίσεως,
2913 5771 3050 5842 ὅπερ
3087 5770 3389 5842 πεποίηκεν
3423 5771 3452 5821 ὀ
3479 5763 3710 5841 Δανιὴλ,
