4072 6414
356 355 494 418 1369

1479 355 1948 416 FRAGMENTA
1989 355 2071 414 IN
2111 357 2529 418 DANIELEM.

3497 348 3593 415 137

349 466 409 530 ὃς
432 460 796 537 ἑρμηνεύεται
821 461 1020 530 κρίσις
1044 460 1211 516 Θεοῦ·
1239 462 1297 518 οἱ,
1316 462 1372 516 δὲ
1402 463 1764 537 πρεσϐύτεροι
1821 460 2096 531 ἀνώνυμοί
2150 466 2308 525 εἰσιν,
2345 465 2419 529 ὡς
2453 467 2481 518 ὁ
2508 463 2763 529 πλούσιος
2805 465 2834 517 ὁ
2881 463 3031 536 παρὰ
3068 464 3147 535 τῷ
3199 464 3405 534 Δουκᾷ,
3459 462 3490 516 ό
3542 463 3632 517 τὸν

351 556 664 631 ἡλκωμένον
693 554 940 623 Λάζαρον
971 554 1048 627 μὴ
1078 556 1435 627 κατελεήσας.

951 652 1211 706 ΚΕΦΑΛ.
1253 654 1331 708 Α’.

428 764 447 798 ι
483 746 684 819 Δανιὴλ
711 747 942 819 συνῆκεν
972 747 1030 799 ἐν
1060 745 1208 818 πάσῃ
1238 746 1427 817 ὁράσει
1453 745 1550 800 καὶ
1586 744 1878 807 ἐνυπνίοις.
1914 761 1933 794 ι

427 920 905 991 Προαναφωνεῖται
952 920 1330 992 ἀποκαλύψεις
1378 922 1480 986 τὰς
1530 921 1683 978 Θείας
1737 921 1833 975 καὶ
1868 921 1937 975 τὰ

355 1012 584 1066 ἐνύπνια
620 1012 656 1066 ἃ
696 1009 804 1067 εἶδε
835 1015 930 1068 καὶ
973 1014 1333 1086 ἀπεγράψατο
1372 1014 1450 1078 ὡς
1495 1015 1804 1084 ’προφήτης⁵
1842 1013 1939 1067 καὶ

357 1104 431 1175 μὴ
463 1105 698 1176 κρύπτει
724 1105 793 1159 τὰ
829 1105 950 1161 θεῖα
990 1107 1341 1179 χαρίσματα,
1375 1105 1518 1161 κατά
1558 1106 1649 1160 τὸν
1679 1106 1936 1177 καταχώ-

357 1214 528 1252 σαντα
552 1197 614 1252 τὸ
645 1198 964 1253 δεσποτικὸν
995 1199 1280 1253 τάλαντον.

428 1305 449 1339 ι
502 1286 771 1355 Ἐγένετο,
798 1304 853 1343 κ.
881 1304 934 1341 τ.
965 1287 1015 1341 λ.
1064 1306 1085 1339 ι

433 1378 714 1433 Ἐντεῦθεν
763 1379 916 1450 δηλοῖ
957 1381 1040 1434 ὅτι
1075 1380 1205 1451 περὶ
1244 1379 1306 1434 τὸ
1337 1380 1493 1442 τέλος
1532 1379 1625 1433 τοῦ
1658 1378 1787 1433 ἰδίου
1819 1378 1936 1450 βίου

353 1472 693 1543 συνέγραψεν
739 1474 767 1526 ὁ
814 1472 1016 1545 Δανιὴλ
1060 1473 1160 1545 τὴν
1206 1472 1556 1546 προφητικὴν
1598 1472 1804 1544 ταύτην
1843 1472 1936 1526 καὶ

350 1562 629 1635 ἱστορικὴν
670 1561 870 1633 βίϐλον.

947 1656 1203 1712 ΚΕΦΑΛ.
1252 1657 1329 1713 B'.

425 1762 446 1795 ε
493 1744 619 1799 Ἐὰν
656 1748 729 1817 μὴ
761 1748 1071 1821 γνωρίσητέ
1114 1767 1224 1819 μοι.
1268 1769 1287 1802 ι

412 1838 634 1910 Φυσικῷ
697 1838 944 1912 λογισμῷ
998 1838 1121 1896 εἷπε
1172 1842 1368 1906 τοῦτο,
1423 1845 1474 1898 εἰ
1525 1844 1621 1899 καὶ
1663 1843 1819 1916 παρά
1869 1843 1931 1896 τὸ
1979 1839 1987 1847 ’

346 1929 597 2001 σύνηθεςο
644 1933 726 1986 ὅτι
763 1935 792 1986 ὁ
840 1933 913 2006 μὴ
948 1934 1248 2006 δυνάμενος
1285 1937 1486 1991 εἰδέναι
1510 1979 1524 2001 ,
1557 1939 1610 1990 τί
1653 1933 1763 1991 εἶδε
1808 1936 1929 1990 κατ’

2570 651 2801 712 CAPUT
2856 652 3153 710 PRIMUM.

2113 748 2279 802 Vens.
2320 749 2406 802 l7.
2452 769 2471 800 ι
2510 748 2697 804 Daniel
2733 757 2912 804 autem
2939 747 3206 803 intellexit
3240 762 3431 803 omnes
3464 747 3630 802 visio-

2042 855 2141 895 nes
2164 852 2219 897 et
2248 841 2480 896 somnia.
2519 859 2538 892 ι

2114 931 2377 986 Enuntiat
2404 930 2764 990 revelationes
2788 933 3002 989 divinas
3037 940 3092 987 et
3121 930 3331 987 somnia
3353 944 3474 999 quae
3498 929 3631 983 vidit

2040 1030 2097 1076 et
2150 1021 2347 1077 litteris
2396 1024 2680 1077 mandavit
2731 1035 2790 1078 ut
2841 1022 3126 1094 propheta,
3167 1036 3345 1089 neque
3394 1020 3630 1075 occultat

2041 1113 2239 1168 divina:
2273 1115 2462 1183 gratiae
2483 1131 2733 1181 munera,
2770 1117 2912 1186 quod
2949 1115 3078 1170 fecit
3117 1114 3205 1169 ille
3234 1113 3325 1183 qui
3361 1112 3625 1168 talentum
3713 1113 3719 1119 “

2041 1206 2242 1260 domini
2273 1206 2353 1259 sui
2390 1207 2444 1262 in
2475 1216 2620 1263 terra
2655 1207 3020 1264 abscondidit.

2113 1293 2284 1351 Vens.
2314 1297 2407 1352 2|.
2455 1317 2472 1349 ι
2505 1298 2652 1364 Fuit,
2684 1319 2702 1349 ›
2739 1308 2846 1356 etc.

2111 1386 2211 1444 llic
2240 1380 2490 1446 Ostendit
2524 1392 2735 1458 Daniel,
2778 1408 2839 1449 se
2866 1393 3012 1447 hunc
3047 1390 3420 1462 propheticum
3463 1398 3628 1461 atque

2041 1479 2363 1539 historicum
2402 1481 2601 1539 librum
2642 1484 2744 1540 sub
2775 1484 2934 1540 linem
2958 1485 3084 1539 vitae
3108 1483 3515 1554 conscripsisse.

2704 1660 2857 1719 CAP.
2895 1662 2959 1719 ll.

2111 1755 2278 1810 Vsus.
2315 1755 2370 1811 5.
2426 1774 2446 1808 ι
2479 1754 2592 1811 Nisi
2631 1756 3005 1812 indicaveritis
3036 1756 3191 1811 mihi.
3225 1774 3247 1809 ι

2095 1846 2249 1904 Justa
2299 1848 2671 1910 conclusione,
2723 1850 2975 1918 quamvis
3024 1855 3222 1918 praeter
3268 1848 3617 1904 consuetudi-

2034 1954 2185 2003 nem,
2226 1940 2365 1994 dixit
2406 1955 2530 1995 eum
2562 1940 2654 2010 qui
2702 1940 2910 1995 nesciat
2947 1940 3073 2009 quid
3108 1938 3303 1994 viderit
3349 1953 3445 2006 per
3474 1952 3622 1992 som-
3655 1956 3659 1961 ·

344 2021 496 2090 δναρ,
521 2022 644 2077 οὔτε
675 2026 771 2078 ἐὰν
808 2026 1017 2098 ἀκούσῃ
1046 2027 1108 2081 τὸ
1146 2028 1281 2100 ὄναρ
1306 2029 1531 2083 δύναται
1564 2029 1697 2082 αὐτὸ
1740 2027 1920 2084 λῦσαι.

2039 2031 2208 2093 nium,
2245 2046 2421 2101 neque
2446 2031 2657 2087 solvere
2697 2047 2876 2099 posse,
2918 2032 2962 2087 si
2993 2030 3077 2086 vel
3124 2031 3396 2087 somnium
3435 2030 3625 2083 audie-

353 2110 484 2170 Ἶδοῦ
516 2118 622 2189 γὰρ
665 2119 723 2171 ἐν
746 2121 810 2189 τῇ
852 2119 1076 2191 πέμπτῃ
1106 2121 1297 2190 ὁράσει
1329 2117 1483 2174 εἶπεν
1514 2123 1698 2184 αὐτοῖς
1744 2126 1805 2174 τὸ
1844 2122 1934 2174 ἐν·

344 2206 531 2262 ύπνιον
559 2210 652 2263 τοῦ
673 2211 914 2283 δένδρου,
964 2214 1060 2266 καὶ
1085 2214 1185 2266 οὑκ
1209 2213 1546 2285 ἐδυνήθησαν
1590 2214 1723 2268 αὐτὸ
1749 2212 1932 2269 λῦσαι.

419 2320 438 2353 ι
470 2303 581 2356 Καὶ
606 2304 878 2372 λέγουσιν,
910 2306 1024 2358 Ούκ
1067 2304 1215 2359 ἔστιν
1240 2305 1545 2377 ἄνθρωπος.
1587 2325 1606 2358 ι

413 2394 577 2449 Ὅσον
607 2397 714 2449 ἀπὸ
747 2396 842 2450 τοῦ
881 2396 1177 2468 προχείρου
1224 2398 1528 2467 ἐψεύσαντο
1565 2400 1613 2451 οἱ
1656 2398 1822 2469 μάγοι
1846 2414 1861 2430 ο
1901 2399 1930 2452 ό

337 2487 447 2560 γὰρ
471 2489 670 2562 Δανιὴλ
701 2488 991 2558 ἄνθρωπος
1024 2489 1119 2541 καὶ
1142 2489 1234 2542 ἐπὶ
1257 2489 1361 2560 γῆς
1388 2488 1464 2543 ὣν
1502 2488 1645 2558 ἔγνω
1674 2487 1855 2554 τοῦτο,
1878 2490 1929 2542 εἰ

339 2583 431 2634 καὶ
454 2582 605 2652 παρά
633 2581 728 2635 τοῦ
760 2581 896 2635 Θεοῦ
930 2580 1290 2653 ἀπεκαλύφθη
1327 2581 1496 2651 αὐτῷ.

417 2694 437 2727 ‹
481 2675 597 2737 Πᾶς
633 2673 886 2745 βασιλεὺς
936 2673 1033 2727 καὶ
1070 2673 1257 2746 ἄρχων
1306 2673 1368 2727 τδ
1424 2675 1579 2744 ῥῆμα
1626 2671 1787 2727 τοῦτο
1826 2673 1929 2727 οὐκ

337 2768 435 2819 ἐπε
444 2769 611 2839 ρωτᾷ.
656 2787 675 2820 ι

411 2861 584 2913 Ὅπου
616 2859 755 2914 εἰσὶν
792 2860 841 2912 oi
879 2858 1119 2928 βασιλεῖς
1144 2857 1238 2911 καὶ
1267 2859 1317 2911 οἱ
1346 2856 1610 2928 ἄρχοντες
1632 2899 1646 2918 ,
1693 2857 1924 2928 εὐνομία

336 2951 486 3003 ἐστίν
507 2965 522 2981 ·
549 2951 685 3004 ὅπου
716 2948 993 3021 τύραννοι,
1025 2947 1116 3019 βία
1141 2950 1339 3019 κρατεῖ
1366 2949 1462 3002 καὶ
1488 2948 1551 3001 τὸ
1578 2948 1783 3001 ἄδικονο
1828 2948 1924 3001 καὶ

334 3043 393 3095 ού
440 3041 522 3094 δεῖ
564 3042 624 3095 σὲ
675 3039 904 3113 βασιλέα
958 3038 1090 3093 ὄντα
1132 3039 1226 3093 τὸν
1273 3038 1458 3094 ἄδικον
1499 3037 1693 3092 τοῦτον
1745 3038 1922 3092 εἰπεῖν

333 3136 521 3205 λόγον·

411 3252 429 3284 ι
477 3229 780 3295 Ἐπαοιδδν,
812 3229 1010 3300 μάγον,
1047 3229 1143 3283 καὶ
1169 3228 1461 3283 Χαλδαῖον.
1502 3245 1522 3279 ι

416 3323 697 3387 Ἐπαοιδός
733 3323 880 3375 ἐστιν
906 3323 933 3376 ό
958 3321 1045 3375 διὰ
1067 3319 1413 3391 ψιθυρισμῶν
1444 3318 1623 3410 λέγων
1648 3317 1773 3371 τινὰ
1793 3335 1920 3410 ποιέ-
1950 3353 1992 3410 C

332 3420 434 3481 εῖν,
475 3410 579 3469 οἶοί
609 3415 749 3467 εἰσιν
777 3413 828 3465 οἱ
870 3412 981 3464 τῶν
1017 3412 1195 3480 ὄφεων
1235 3410 1511 3465 ἐπαοιδοί·
1556 3408 1721 3479 μάγοι
1754 3409 1804 3461 οἱ
1833 3408 1920 3462 διὰ

335 3506 615 3576 σοφισμῶν
638 3521 801 3558 τινων
841 3503 1124 3572 ἀπατῆσαι
1152 3502 1461 3572 δυνάμενοι·
1492 3501 1747 3556 Χαλδαῖοι
1775 3501 1826 3554 oi
1853 3499 1919 3552 δι’

333 3594 696 3667 ἀστρονομίας
726 3592 1188 3662 ἐπαγγελλόμενοι
1222 3591 1404 3661 λέγειν
1439 3593 1639 3657 πάντα,
1679 3591 1918 3663 μάλιστα

331 3688 388 3743 δὲ
416 3687 482 3741 τὰ
511 3686 766 3754 ἐσόμενα.

407 3797 428 3830 ι
479 3777 742 3842 Ἦξίωσεν
772 3777 922 3838 ὅπως
948 3774 1138 3845 χρόνον
1172 3773 1266 3845 δῷ.
1301 3791 1324 3825 a

411 3870 501 3932 Ὧς
540 3867 729 3930 πιστὸς
777 3867 1053 3935 ὑπέσχετο
1103 3866 1250 3919 λύειν
1299 3866 1360 3918 τὸ
1407 3865 1575 3936 ὄναρ,
1617 3866 1916 3937 λαμϐάνων

331 3962 480 4032 παρὰ
501 3958 596 4013 τοῦ
628 3958 764 4012 Θεοῦ
790 3958 890 4030 τὴν
918 3958 1008 4012 διὰ
1028 3959 1341 4030 προσευχῆς
1362 3958 1456 4011 καὶ
1489 3958 1699 4020 ἱκεσίας
1731 3960 1912 4029 χάριν.

407 4073 424 4101 ο
468 4050 694 4123 Εὖρηκα
729 4052 898 4121 ἄνδρα
927 4054 992 4104 ἐκ
1017 4050 1127 4103 τῶν
1158 4050 1292 4104 υἱῶν
1318 4050 1420 4119 τῆς
1452 4050 1857 4120 αἰχμαλωσίας.
1889 4071 1909 4102 ι

413 4146 654 4207 Ἐκεῖνος
714 4144 815 4214 μὲν
859 4143 935 4207 ὡς
980 4141 1337 4211 ἐξευτελίζων
1379 4142 1471 4194 τὸν
1517 4142 1750 4212 Δανιὴλ,
1796 4145 1918 4212 αἰχ·

333 4235 582 4306 μάλωτον
606 4235 768 4289 αὐτὸν
793 4235 1097 4304 ὠνόμασεν
1119 4236 1169 4289 εί
1196 4235 1253 4290 δὲ
1275 4236 1323 4287 οἱ
1344 4234 1475 4304 παρ’
1522 4233 1796 4310 Ἐϐραίων
1827 4252 1916 4287 πι-

327 4326 441 4379 στοὶ
470 4325 781 4395 τηλικοῦτοι
825 4322 968 4396 ἦσαν
998 4322 1074 4386 ὡς
1120 4322 1567 4393 καταλαμόάνειν
1605 4325 1909 4394 μυστήρια,

326 4415 431 4468 κᾶν
473 4417 712 4482 εὐτελεῖς
748 4417 969 4471 ἐδόκουν
1000 4410 1143 4468 εἶναι
1191 4414 1341 4485 παρὰ
1385 4416 1500 4476 τοῖς
1546 4414 1817 4478 ἐθνικοῖς,
1862 4414 1915 4468 τί

258 4572 263 4575 _
327 4512 432 4585 χρὴ
472 4513 671 4564 ἐννοεῖν
705 4510 836 4580 περὶ
864 4508 974 4563 τῶν
1004 4507 1423 4580 ἐπισημοτέρων
1463 4507 1763 4578 προφητῶν
1790 4524 1805 4575 ;

404 4623 423 4655 ‹
462 4604 621 4657 Ἐστι
648 4600 780 4664 Θεὸς
811 4602 867 4653 ἐν
907 4599 1140 4672 οὐρανῷ.
1180 4617 1198 4651 ι

2042 2124 2127 2179 rit.
2185 2123 2328 2179 Ecce
2389 2123 2535 2178 enim
2594 2125 2645 2178 in
2706 2125 2895 2194 quinta
2945 2124 3153 2179 visione
3210 2123 3295 2178 eis
3349 2122 3618 2178 somnium

2037 2214 2346 2279 enarravit;
2379 2228 2478 2269 nec
2507 2222 2733 2282 potuere
2766 2215 2894 2269 illud
2920 2216 3212 2285 explicare.

2102 2306 2264 2359 Vens.
2302 2303 2390 2360 10.
2436 2323 2456 2357 ‹
2491 2305 2553 2359 Et
2580 2305 2770 2359 dicunt
2803 2324 2818 2360 :
2855 2303 2971 2360 Non
3005 2315 3086 2359 est
3118 2307 3300 2360 homo.
3333 2322 3352 2356 ι

2107 2395 2324 2450 Mentiri
2357 2396 2528 2466 magis
2556 2396 2609 2449 in
2646 2406 2900 2465 promptu
2930 2407 3070 2451 erat.
3103 2395 3296 2451 Daniel
3330 2395 3496 2461 enim,
3529 2398 3620 2463 qui

2033 2494 2089 2541 et
2124 2488 2285 2542 homo
2318 2495 2373 2542 et
2415 2489 2469 2541 in
2500 2496 2644 2543 terra
2693 2498 2834 2555 erat,
2869 2489 2974 2544 hoc
3023 2489 3196 2554 novit,
3232 2489 3482 2559 quamvis
3510 2488 3557 2543 ei
3592 2504 3621 2541 a

2035 2580 2145 2635 Deo
2174 2578 2470 2633 revelatum
2498 2578 2685 2635 fuerit.

2107 2692 2129 2726 ε
2181 2670 2372 2730 Nullus
2431 2689 2528 2729 rex
2594 2672 2679 2728 vel
2736 2672 2995 2743 princeps
3061 2673 3129 2729 de
3194 2671 3504 2744 huiusmodi
3566 2686 3624 2728 re

2029 2766 2246 2834 quaerit.
2292 2784 2313 2818 ι

2103 2858 2205 2914 Ubi
2249 2874 2404 2931 reges
2440 2867 2567 2915 sunt
2611 2867 2666 2914 et
2709 2857 3007 2928 principes,
3043 2857 3190 2926 leges
3232 2857 3370 2912 bene
3411 2858 3621 2913 consti-

2030 2959 2160 3007 tntae
2220 2951 2452 3018 ﬂorent;
2507 2951 2599 3006 ubi
2650 2952 2885 3023 tyranni,
2933 2950 3190 3005 violentia
3243 2963 3296 3005 et
3353 2950 3616 3020 iniustitia

2029 3044 2395 3099 dominantur.
2422 3043 2600 3112 Quare
2627 3053 2704 3108 tu,
2744 3059 2865 3099 cum
2911 3059 3003 3097 rex
3034 3044 3131 3110 sis,
3173 3057 3277 3097 non
3309 3042 3472 3098 debes
3501 3053 3608 3097 tam

2028 3132 2225 3206 injusté
2256 3151 2520 3205 quaerere.

2101 3245 2120 3278 ι
2160 3227 2576 3293 lncantatorem,
2611 3240 2847 3298 magum,
2885 3235 2939 3280 et
2970 3225 3304 3280 Chaldaeum.
3337 3244 3356 3276 ι

2096 3318 2412 3374 Incautator
2457 3328 2543 3374 est
2587 3320 2678 3389 qui
2719 3334 2817 3389 per
2864 3316 3234 3373 sibilationem
3293 3318 3494 3389 aliquid
3544 3335 3606 3375 se

2026 3413 2296 3466 facturum
2328 3411 2638 3480 proﬁtetur,
2676 3409 2866 3481 quales
2897 3418 3027 3464 sunt
3057 3410 3394 3478 serpentium
3427 3411 3616 3464 incan-

2024 3514 2257 3572 tatores;
2315 3503 2495 3573 magi,
2548 3503 2640 3572 qui
2700 3518 2798 3572 per
2839 3503 3102 3571 quasdam
3158 3501 3611 3557 ratiocinationes

2023 3597 2304 3666 imponere
2356 3597 2569 3657 valent;
2616 3592 2880 3659 Chaldaei,
2929 3593 3018 3662 qui
3071 3607 3168 3662 per
3218 3593 3612 3645 astronomiam

2021 3686 2229 3750 omnia,
2265 3687 2754 3756 praecipue-autem
2790 3682 2994 3747 futura,
3030 3698 3089 3739 se
3112 3683 3255 3738 scire
3286 3682 3512 3750 jactant.

2099 3776 2263 3831 Vens.
2293 3777 2382 3832 l6.
2411 3796 2430 3828 ι
2467 3776 2722 3847 Rogavit,
2753 3786 2814 3830 ut
2846 3775 2947 3830 sibi
2981 3783 3192 3846 tempus
3222 3776 3562 3830 concederet.
3587 3795 3605 3826 ι

2098 3870 2167 3926 Ut
2188 3870 2668 3936 lidelis,somnium
2694 3885 2751 3924 se
2772 3868 3164 3938 explicaturum
3188 3882 3309 3923 esse
3335 3867 3606 3936 promisit,

2019 3962 2193 4032 gratia
2227 3961 2410 4015 divina
2440 3975 2540 4032 per
2569 3975 2757 4030 preces
2788 3969 2844 4015 et
2896 3959 3324 4028 supplicationes
3361 3969 3605 4027 accepta.

2104 4049 2270 4105 Vens.
2304 4049 2396 4105 25.
2447 4068 2466 4100 ι
2499 4050 2682 4104 Inveni
2715 4050 2888 4103 virum
2943 4064 3007 4104 ex
3045 4048 3170 4104 ﬁliis
3200 4049 3549 4119 captivitatis.
3583 4071 3603 4103 ι

2098 4140 2195 4197 Ille
2243 4142 2484 4212 quidem,
2540 4149 2598 4195 ut
2650 4141 2855 4196 Danieli
2907 4141 3278 4207 detracturus,
3335 4144 3605 4211 captivum

2017 4246 2138 4285 eum
2171 4232 2483 4301 appellavit.
2509 4230 2630 4286 Jam
2660 4233 2703 4286 si
2733 4231 2918 4288 ﬁdeles
2947 4233 3085 4286 inter
3105 4231 3319 4288 Iudaeos
3351 4233 3606 4303 mysteria

2017 4325 2481 4392 comprehendere
2515 4331 2828 4393 potuerunt,
2864 4322 3115 4391 quamvis
3141 4322 3275 4377 viles
3298 4323 3439 4392 apud
3468 4338 3600 4391 gen-

2018 4416 2141 4470 tiles
2188 4417 2560 4481 haherentur,
2618 4416 2745 4486 quid
2786 4416 3168 4488 ‘cogitabimns
3219 4416 3286 4472 de
3336 4416 3604 4471 illustria-

2019 4508 2170 4561 ribus
2204 4507 2524 4577 prophetis?

2089 4599 2255 4655 Vens.
2286 4600 2377 4655 28.
2423 4618 2443 4650 ι
2479 4598 2576 4655 Est
2608 4597 2752 4655 Deus
2780 4597 2832 4653 in
2860 4598 3018 4653 cmlo.
3051 4617 3072 4651 ι

403 4694 621 4761 ’Δνάγει
651 4692 743 4745 τὸν
772 4691 895 4744 νοῦν
922 4690 1017 4743 τοῦ
1050 4690 1313 4761 βασιλέως
1357 4692 1386 4744 ὁ
1428 4690 1628 4762 Δανιὴλ
1658 4691 1769 4746 ἀπὸ
1800 4690 1913 4744 τῶν

2092 4692 2283 4747 Daniel
2317 4693 2460 4761 regis
2511 4700 2749 4747 mentem
2784 4707 2812 4744 a
2851 4691 3013 4747 rebus
3060 4691 3294 4747 terrenis
3341 4691 3407 4746 ad
3438 4691 3605 4747 coele-

319 4788 523 4858 γηΐνων
565 4783 662 4837 ἐπὶ
708 4783 774 4836 τὰ
817 4781 1081 4852 οὐράνια,
1135 4783 1271 4853 πρὸς
1314 4782 1489 4852 ἀληοῆ
1526 4782 1690 4837 αὑτὸν
1733 4782 1912 4837 ’έλκων

320 4875 669 4943 Οεογνωσίαν,
704 4874 732 4927 ὃ
755 4873 850 4928 καὶ
882 4872 1073 4942 γέγονε
1100 4874 1236 4943 πρὸς
1268 4873 1480 4943 καιρόν.

393 4989 412 5021 ι
451 4968 680 5021 Ἕνεκεν
711 4966 804 5020 τοῦ
852 4966 951 5035 τὴν
995 4965 1287 5037 σύγκρισιν
1327 4964 1406 5035 τῷ
1452 4963 1671 5037 βασιλεῖ
1706 4965 1910 5036 γνωρί-

321 5076 436 5113 σαι.
479 5077 498 5110 ι

390 5151 638 5205 Διδάσκει
661 5151 690 5203 ὁ
712 5151 910 5223 Δανιὴλ
926 5151 1006 5203 ὅτι
1026 5149 1115 5204 διὰ
1136 5149 1198 5202 τὸ
1220 5148 1548 5217 κοινωφελές
1571 5148 1663 5202 τοῦ
1694 5149 1904 5220 κόσμου

317 5246 413 5297 καὶ
444 5246 473 5297 ό
500 5243 974 5315 Ναϐουχοδονόσορ
1006 5242 1111 5296 εἶδε
1140 5243 1201 5294 τὸ
1224 5241 1498 5307 ἐνύπνιον,
1531 5243 1625 5295 καὶ
1650 5244 1676 5295 ὁ
1704 5243 1904 5313 Δανιὴλ

317 5336 459 5403 ἔγνω
498 5334 599 5406 τὴν
629 5335 875 5388 ἐπίλυσιν
910 5334 1100 5390 αὐτοῦ.
1142 5334 1299 5387 Οὖτω
1329 5332 1520 5402 γέγονε
1554 5334 1649 5386 καὶ
1682 5336 1775 5388 ἐπὶ
1807 5333 1901 5387 τοῦ

315 5427 515 5501 Φαραὼ
543 5428 636 5481 καὶ
663 5427 756 5481 τοῦ
798 5429 1018 5499 Ἰωσήφ.
1045 5428 1186 5481 Ὅσα
1219 5423 1316 5480 οὖν
1349 5427 1423 5496 μή
1466 5427 1614 5478 ἐστιν
1646 5428 1901 5497 ἐπωφελῆ

314 5518 426 5574 τῶν
458 5518 656 5573 κοινῶν
683 5518 960 5585 ὀνείρατα,
990 5519 1200 5582 τούτοις
1231 5519 1293 5571 ού
1324 5518 1407 5572 δεῖ
1433 5521 1749 5590 προσέχειν,
1782 5519 1904 5573 οὐδὲ

317 5611 499 5685 ζητεῖν
529 5611 734 5667 τούτων
756 5612 911 5665 λύσιν
935 5613 1086 5682 παρά
1117 5612 1451 5667 ἀπατεώνων
1476 5611 1801 5683 ἀνθρώπων·
1835 5614 1904 5667 τὰ

314 5706 422 5779 γὰρ
446 5704 747 5777 ψυχωφελῆ
774 5705 950 5777 μόνων
976 5704 1083 5758 τῶν
1114 5704 1282 5773 ἁγίων
1310 5705 1425 5759 ἐστὶ
1449 5704 1618 5759 λύειν.

2016 4784 2117 4838 stia
2148 4783 2435 4849 convertit,
2464 4791 2525 4837 ut
2562 4783 2628 4837 ad
2660 4798 2843 4837 verant
2870 4782 2963 4836 Dei
2993 4783 3282 4838 scientiam
3313 4798 3438 4839 eum
3471 4799 3603 4839 eve-

2018 4877 2198 4939 herct,
2234 4877 2379 4947 quod
2409 4877 2572 4932 etiam
2607 4891 2704 4946 per
2741 4885 2956 4945 tempus
2979 4875 3183 4931 factum
3215 4888 3319 4932 est.

2090 4965 2255 5023 Vens.
2309 4967 2400 5023 '50.
2461 4985 2480 5019 ι
2517 4964 2590 5022 Ut
2634 4967 3144 5038 interpretationem
3202 4968 3313 5038 regi
3372 4967 3603 5023 manife-

2013 5069 2153 5114 stam
2187 5060 2446 5115 facerem.
2478 5079 2496 5112 ι

2083 5151 2332 5209 Ostendit
2375 5152 2563 5207 Daniel
2595 5151 3181 5208 Nabuchodonosorem
3233 5151 3303 5207 ob
3351 5166 3599 5206 commu-

2015 5259 2140 5300 nem
2178 5244 2365 5298 mundi
2413 5246 2703 5300 utilitatem
2733 5245 2936 5300 vidisse
2977 5247 3273 5306 somnium,
3317 5253 3371 5298 et
3402 5243 3597 5297 Danie-

2013 5336 2118 5391 lem
2160 5336 2279 5407 ejus
2328 5338 2659 5392 solutionem
2701 5336 2940 5392 novisse.
2974 5335 3066 5390 Sic
3111 5342 3167 5389 et
3196 5334 3500 5390 Pharaonis
3545 5347 3598 5389 ct

2010 5428 2232 5498 Iosephi
2289 5429 2625 5499 temporibus
2659 5430 2858 5483 evenit.
2897 5429 3028 5495 Qua:
3067 5428 3232 5499 igitur
3273 5442 3375 5481 non
3416 5426 3597 5482 inser-

2012 5522 2164 5575 viunt
2210 5522 2483 5576 communi
2533 5521 2694 5576 saluti
2740 5521 2972 5585 somnia,
3016 5535 3206 5576 eorum
3245 5534 3420 5590 neque
3463 5535 3595 5575 cura

2011 5612 2283 5678 habenda,
2330 5627 2505 5682 neque
2553 5612 2753 5667 solutio
2778 5613 3067 5681 quaerenda
3110 5620 3192 5666 cst
3228 5610 3368 5681 apud
3421 5610 3598 5664 immi-

2010 5717 2108 5757 nes
2137 5704 2535 5759 fraudulentos.
2563 5701 2696 5768 Quae
2725 5703 2868 5757 enim
2902 5703 3098 5755 animm
3121 5707 3368 5770 prosunt,
3406 5714 3595 5754 eorum

2012 5794 2188 5849 sancti
2223 5795 2566 5854 solummodo
2596 5796 2977 5853 solvendorum
3003 5802 3281 5858 compotes
3304 5803 3450 5849 sunt.
