4072 6400
468 302 598 364 1371

538 499 793 568 Qumdam
854 511 885 551 e
938 494 1194 550 cornibus
1249 491 1503 546 amicitia:
1559 491 1791 560 quodam
1837 491 2055 546 vinculo

1628 295 1895 355 AMMON
1914 296 1965 353 ll
2002 296 2543 359 ALEXANDRINI

545 411 702 467 Vsus.
733 407 822 462 45.
871 422 889 457 ι
920 401 1074 471 Quod
1126 399 1307 456 vidisti
1358 399 1562 455 ferrum
1608 402 1976 455 commistum.
2017 419 2033 452 ι
2079 408 2118 458 Α

3611 297 3752 363 1372

2224 421 2242 453 ι
2292 403 2415 455 Ὅτι
2450 398 2589 465 εἶδες
2621 401 2713 455 τδν
2743 401 2962 471 σίδηρον
2994 402 3471 474 ἀναμεμιγμένον.
3513 423 3532 456 ι

2229 494 2455 548 Δοκοῦσι
2482 493 2605 548 τινὰ
2630 495 2728 565 μὲν
2756 495 2869 548 τῶν
2904 496 3152 565 κεράτων
3180 496 3326 566 ἔχειν
3361 497 3495 569 πρὸς
3520 500 3753 563 ἑαυτοὺς

471 595 613 648 inter
639 606 699 645 se
738 586 1038 656 constringi
1072 584 1346 650 videntur,
1396 583 1491 638 sed
1537 596 1880 654 nequaquam
1917 582 2056 639 bene

2195 586 2361 651 ιιλίαν,
2389 584 2507 638 ἀλλ’
2536 580 2631 638 οὖν
2658 586 2759 639 οὐκ
2791 584 3068 639 εὐνοοῦσιν
3095 584 3222 639 οὐτε
3257 585 3395 657 πρὸς
3425 588 3673 652 ἑαυτούς.

474 687 617 740 inter
648 697 708 737 se
739 679 1105 735 consentiunt.

544 774 709 830 Vens.
740 773 831 830 47.
878 791 896 824 ι
927 770 984 825 ln
1018 770 1246 825 veritate
1276 777 1455 823 vester
1488 765 1631 823 Deus
1657 767 1773 837 ipse
1798 778 1880 822 est
1907 765 2052 823 Deus

473 868 724 921 deorum.
758 882 778 916 ι

546 958 814 1025 Quoniam
850 954 1093 1010 Ananias
1123 953 1349 1024 ejusque
1382 952 1542 1008 amici
1585 952 1639 1006 in
1680 949 2052 1022 spiritualibus

476 1063 598 1102 eum
651 1043 990 1113 adiuverant,
1040 1053 1095 1098 et
1125 1044 1284 1099 simul
1308 1059 1428 1100 cum
1479 1045 1595 1115 ipso
1628 1043 1693 1098 de
1741 1039 1934 1096 somnii
1974 1038 2060 1092 in-

2237 783 2257 817 ι
2327 765 2444 819 Ἐπ’
2486 765 2742 838 ἀληθείας
2785 766 2814 819 6
2863 763 2997 828 Θεὸς
3050 762 3205 836 ὑμῶν
3241 763 3407 828 αὐτός
3450 765 3568 818 ἐστι
3617 764 3757 832 Θεὸς

2162 856 2323 913 θεῶν.
2353 876 2372 910 ι

2244 950 2468 1022 Ἐπειδὴ
2507 948 2875 1021 ἐκοινώνησαν
2910 948 3061 1019 αὐτῷ
3101 950 3159 1002 ὲν
3192 951 3305 1010 τοῖς
3336 952 3759 1020 πνευματικοῖς,

2164 1042 2279 1113 ἅμα
2301 1042 2391 1096 τὸν
2418 1041 2552 1095 Θεδν
2577 1041 3061 1113 παρακαλέσαντες
3092 1042 3221 1113 περὶ
3244 1043 3345 1112 τῆς
3372 1040 3469 1095 τοῦ
3498 1042 3761 1094 ἐνυπνίου

479 1137 869 1208 terpretatioue
898 1135 1066 1191 Deum
1118 1136 1523 1200 invocaverant,
1548 1133 1755 1202 justum
1798 1145 1917 1186 esse
1960 1129 2063 1182 Da-

2195 1133 2419 1199 ’νὼσεως
2439 1175 2455 1200 ,
2484 1134 2694 1189 δίκαιον
2722 1134 2941 1206 ἔκρινεν
2970 1134 2999 1187 6
3036 1133 3236 1204 Δανιὴλ
3286 1134 3579 1197 κοινωνοὺς
3609 1132 3766 1203 αὐτῷ

480 1231 583 1285 niel
621 1231 850 1300 putavit,
883 1240 941 1282 ut
984 1229 1066 1283 sui
1100 1229 1320 1283 honoris
1361 1227 1553 1282 ﬁerent
1588 1225 1899 1296 participes,
1951 1239 2058 1277 non

479 1321 607 1392 quia
642 1322 825 1389 gloriae
860 1330 1088 1376 terrenae
1132 1320 1432 1385 studerent,
1466 1318 1558 1373 sed
1606 1325 1667 1372 ut
1715 1326 1923 1387 gentes,
1973 1314 2061 1368 ubi

480 1414 598 1483 pios
633 1412 880 1469 homines
913 1428 941 1467 a
974 1413 1082 1467 Deo
1118 1420 1173 1467 et
1218 1412 1435 1481 regibus
1470 1411 1723 1466 humanis
1772 1408 2065 1463 honoratos

483 1506 748 1572 viderent,
779 1506 847 1560 ad
880 1520 1063 1561 veram
1096 1504 1185 1560 Dei
1215 1504 1496 1559 scientiam
1523 1501 1826 1573 instigaret.

1135 1681 1288 1740 CAP.
1329 1681 1415 1737 111.

563 1820 581 1850 ι
615 1801 771 1855 Anno
799 1806 995 1855 octavo
1021 1809 1076 1854 et
1106 1797 1339 1854 decimo.
1376 1818 1394 1851 ι

553 1894 667 1949 imo
698 1893 937 1949 sedecim
967 1893 1122 1947 annis
1148 1901 1265 1960 post
1293 1892 1561 1946 somnium
1592 1888 1865 1961 imaginis.

557 1984 722 2039 Vsus.
764 1984 849 2039 12.
899 2002 916 2034 ι
950 1982 1087 2038 Sunt
1112 1982 1211 2035 viri
1241 1980 1432 2036 Judaei.
1469 2000 1487 2032 ι

558 2076 673 2131 lloc
702 2075 866 2129 etiam
901 2074 954 2129 in
987 2074 1132 2145 ipsos
1165 2072 1462 2127 concitavit
1490 2070 1751 2126 invidiam
1779 2070 1924 2137 quod
1949 2069 2069 2141 puri

488 2179 669 2223 essent
700 2177 755 2223 et
783 2183 893 2237 pra:
919 2168 1175 2223 omnibus
1203 2165 1477 2221 honorati.

560 2257 722 2312 \‘sns.
752 2258 841 2313 33.
887 2277 905 2309 ι
937 2255 1090 2311 Nunc
1139 2264 1319 2311 autem
1364 2269 1470 2310 non
1511 2254 1638 2311 licet
1668 2253 1824 2311 nobis
1859 2252 2076 2324 aperire

486 2364 548 2403 os
578 2358 847 2402 llOSll‘llm.
882 2366 900 2399 ι

558 2438 849 2509 Propterea
890 2438 1034 2492 enim
1087 2437 1228 2491 Deus
1282 2451 1379 2493 nos
1423 2436 1566 2492 bene
1615 2449 1778 2503 agere
1804 2434 1977 2506 jubet,
2011 2443 2069 2488 ut

488 2527 655 2582 etiam
692 2528 957 2582 bonormn
984 2525 1327 2581 iufandorum
1354 2528 1566 2597 copiam
1594 2525 1752 2580 nobis
1790 2525 1979 2580 faciat.
2008 2556 2080 2567 —

490 2617 697 2672 Sensus
745 2616 1053 2672 cstzNulla
1100 2616 1401 2687 gaudemus
1455 2616 1646 2671 fiducia
1692 2615 1763 2672 ob
1810 2617 2077 2673 miracula

490 2709 599 2778 Iam
634 2719 886 2780 patrata;
919 2709 1206 2765 calamitas
1248 2709 1394 2764 enim
1456 2708 1709 2763 fiduciam
1761 2709 1812 2763 in
1864 2709 1931 2764 iis
1959 2725 2081 2779 qua:

494 2802 638 2856 facta
665 2810 791 2856 sum
826 2801 1134 2871 ponendam
1158 2801 1358 2868 aufert,
1390 2808 1722 2871 quapropter
1749 2800 1914 2855 etiam
1946 2816 2081 2856 con-

496 2894 651 2951 viciis
693 2893 845 2965 petiti
890 2893 943 2947 in
992 2893 1211 2949 silentio
1253 2908 1695 2963 perseveramus.
1721 2923 1788 2934 —
1823 2894 1929 2948 Sed
1961 2903 2084 2964 post

495 3000 684 3054 pmnas
719 2984 979 3052 inﬂictas,
1011 2986 1209 3057 inquit,
1259 2985 1499 3040 concede
1528 2985 1982 3041 misericordiam.
2012 3016 2084 3028 —

2166 1226 2421 1294 γενέσθαι
2472 1226 2574 1295 τῆς
2621 1227 2787 1297 τιμῆς
2837 1226 2967 1290 τοὺς
3005 1227 3135 1299 περὶ
3191 1225 3485 1280 Ἀνανίαν·
3532 1227 3632 1296 οὐχ
3682 1226 3766 1289 ὡς

2166 1316 2652 1388 ἀντιποιουμένους
2676 1316 2778 1386 τῆς
2802 1315 3077 1387 κοσμικῆς
3101 1316 3284 1386 δόξης,
3313 1316 3428 1369 ἀλλ’
3458 1316 3546 1370 ἵνα
3573 1333 3766 1385 παρα-

2168 1410 2387 1484 ζηλώσῃ
2418 1414 2487 1466 τὰ
2519 1410 2649 1481 ἔθνη
2683 1412 2765 1475 εἰς
2796 1410 2895 1482 τὴν
2934 1410 3109 1483 ἀληθῆ
3141 1411 3479 1474 θεοσέϐειαν,
3510 1412 3767 1481 ὁρῶντας

2168 1503 2230 1559 τὸ
2259 1503 2508 1568 θεοσεὸὲς
2532 1503 2689 1573 γένος
2717 1503 2866 1575 παρὰ
2884 1503 3020 1557 Θεοῦ
3042 1505 3134 1558 καὶ
3160 1503 3469 1575 ἀνθρώπων
3493 1503 3769 1574 βασιλέων

2169 1595 2506 1668 τιμώμενον.

2777 1678 3033 1744 ΚἘΦΑΛ.
3075 1687 3153 1744 Γ.

2247 1819 2267 1853 ι
2305 1801 2505 1866 Ἐτους
2535 1801 3034 1858 ὀκτωκαιδεκάτου.
3081 1819 3100 1853 ι

2242 1892 2462 1947 Μᾶλλον
2494 1893 2634 1963 μετὰ
2665 1898 2739 1957 ις’
2767 1892 2862 1962 ἔτη
2892 1891 2988 1946 τοῦ
3016 1892 3278 1947 ἐνυπνίου
3306 1892 3408 1965 τῆς
3429 1892 3659 1958 εἰκόνος.

2250 2005 2269 2038 ι
2303 1987 2453 2039 Εἰσὶν
2477 1986 2670 2057 ἄνδρες
2710 1987 2977 2040 Ἰουδαῖοι.
3014 2003 3031 2036 ι

2244 2078 2417 2131 Τοῦτο
2446 2079 2540 2131 καὶ
2562 2078 2822 2147 ἐποίησεν
2847 2078 3031 2141 αὐτοῖς
3056 2076 3148 2135 τὸν
3175 2076 3393 2146 φθόνον,
3423 2078 3505 2134 δτι
3533 2078 3773 2151 καθαροὶ

2175 2168 2325 2233 ὄντες
2362 2170 2421 2222 ὲν
2449 2168 2697 2240 δοκίμοις
2726 2171 2868 2239 ὑπὲρ
2897 2169 3025 2233 τοὺς
3051 2168 3269 2231 ἄλλους.

2253 2281 2271 2313 ι
2306 2262 2415 2315 Καὶ
2432 2260 2531 2315 νῦν
2548 2262 2650 2315 οὐκ
2674 2261 2825 2315 ἐστιν
2849 2262 2983 2332 ἡμῖν
3014 2259 3222 2324 ἀνοῖξαι
3246 2259 3307 2313 τὸ
3330 2259 3507 2331 στόμα
3533 2261 3715 2331 ἡμῶν.
3748 2280 3766 2313 ι

2249 2443 2349 2497 Δια
2367 2443 2475 2515 γὰρ
2495 2442 2653 2498 τοῦτο
2671 2444 2698 2497 ό
2721 2442 2854 2508 Θεὸς
2878 2440 3254 2514 παραγγέλλει
3277 2443 3413 2512 ἡμῖν
3437 2442 3774 2508 καλοποιεῖν,

2181 2535 2267 2587 ἵνα
2321 2535 2413 2587 καὶ
2443 2533 2553 2587 τῶν
2594 2532 2988 2604 ἀνεκφράστων
3035 2533 3185 2603 ἡμᾶς
3221 2531 3433 2605 ἀξιώσῃ
3464 2532 3669 2588 καλῶν.
3710 2563 3779 2574 --

2181 2624 2494 2689 Τουτέστιν,
2521 2625 2582 2677 οὐ
2609 2623 2888 2695 δυνάμεθα
2908 2621 3396 2695 παρρησιάσασθαι
3424 2622 3517 2676 ἐπὶ
3533 2625 3649 2687 τοῖς
3675 2623 3779 2694 ἢδη

2181 2716 2576 2789 γεγενημένοις
2606 2716 2884 2787 θαύμασιν
2904 2734 2917 2748 ·
2951 2718 2985 2787 ἡ
3026 2715 3136 2787 γὰρ
3160 2716 3428 2786 ,συμφορὰ
3458 2717 3780 2786 ἀφαιρεῖται

2183 2811 2282 2881 τὴν
2300 2810 2394 2864 ἐπὶ
2416 2812 2528 2875 τοῖς
2558 2809 2952 2881 γεγενημένοις
2979 2808 3318 2880 παρρησίαν
3352 2807 3433 2861 διὸ
3463 2810 3558 2862 καὶ
3583 2808 3778 2861 ὀνειδι-

2185 2904 2403 2973 ζόμενοι
2441 2905 2647 2973 ἄφωνοι
2673 2902 3027 2974 διαμένομεν.
3061 2932 3133 2942 -
3170 2901 3312 2955 Ἀλλ’
3339 2900 3771 2972 εἰσπραξάμενος

2187 2999 2357 3069 ἡμᾶς,
2377 2997 2534 3068 φησὶ,
2557 2995 2734 3062 δίκας,
2760 2996 3045 3066 παράσχου
3073 2995 3241 3048 ἔλεον.
3258 3025 3327 3034 -—
3344 2995 3406 3047 Ei
3426 2996 3527 3063 γάρ
3549 2993 3638 3046 καὶ
3661 2992 3763 3043 αὐ-

496 3079 630 3135 Nam
683 3080 896 3135 etiamsi
948 3095 1046 3134 nos
1093 3079 1217 3149 ipsi,
1264 3079 1461 3148 inquit,
1508 3094 1615 3135 non
1671 3079 1818 3147 digni
1871 3095 2080 3145 sumus,

2195 3088 2288 3151 τοὶ,
2313 3087 2498 3157 φησὶν,
2523 3086 2624 3139 οὐκ
2646 3085 2786 3150 ἄξιοι
2810 3087 2994 3155 τυχεῖν
3012 3085 3113 3155 τῆς
3136 3084 3294 3155 παρὰ
3318 3084 3403 3137 σοῦ
3424 3081 3770 3153 κηδεμονίας,

497 3178 695 3249 quibus
726 3175 1053 3248 prospicias,
1093 3184 1299 3240 tamen,
1353 3176 1423 3230 ob
1452 3175 1872 3245 promissionem
1911 3175 2082 3244 patri-

498 3272 599 3327 bus
651 3271 870 3336 factam,
924 3279 1184 3322 converte
1229 3268 1367 3321 mala
1422 3283 1543 3336 qua:
1587 3282 1686 3322 nos
1750 3267 2084 3338 opprimunt.

501 3359 749 3428 Namque
793 3359 961 3428 probe
1011 3359 1192 3414 sciens
1235 3372 1355 3427 qua:
1388 3355 1570 3411 futura
1624 3366 1827 3423 essent,
1873 3358 2087 3413 illormn

503 3460 749 3523 posteros
784 3451 852 3505 ad
895 3465 1178 3505 numerum
1218 3449 1501 3505 stellarum
1544 3459 1596 3503 et
1643 3465 1825 3506 arena:
1870 3451 2093 3506 marina:

506 3559 559 3600 te
585 3553 905 3599 evecturum
936 3558 1058 3598 esse
1093 3542 1412 3612 promisisti.
1442 3573 1510 3585 —
1537 3544 1757 3609 Omnia,
1803 3544 2000 3614 inquit,
2036 3545 2089 3600 in

507 3637 844 3693 contrarium
882 3635 1041 3692 nobis
1081 3645 1408 3692 cesserunt:
1442 3651 1547 3691 non
1598 3637 1863 3692 habemus
1909 3654 2093 3707 regem

511 3730 811 3783 secundum
844 3729 1090 3784 ordinem
1123 3745 1151 3783 a
1188 3738 1240 3784 te
1275 3728 1630 3784 conStitutum
1655 3745 1670 3796 ;
1700 3744 1859 3785 nemo
1890 3729 2091 3799 Spiritu

510 3822 750 3892 repletus
781 3822 921 3876 inter
965 3835 1065 3876 nos
1097 3829 1349 3877 versatur
1378 3821 1470 3891 qui
1500 3819 1679 3875 futura
1711 3821 2045 3890 prmnuntiet
2074 3839 2089 3887 ;

507 3929 669 3969 nemo
698 3915 788 3983 qui
845 3914 1230 3986 rempublicam
1263 3915 1644 3978 administrat;
1684 3914 1865 3970 nullus
1906 3929 2094 3970 saerr-

508 4009 606 4061 dos
652 4007 743 4077 qui
793 4007 1122 4065 holocaustis
1169 4011 1592 4066 dominationem
1652 4011 1888 4078 indicet;
1937 4026 2096 4065 nemo

507 4096 601 4167 qui
659 4113 761 4168 pro
804 4100 1041 4168 peccatis
1100 4099 1291 4157 offerat
1341 4104 1594 4156 victimas
1639 4102 1723 4157 vel
1775 4102 1897 4157 aliis
1945 4102 2100 4157 donis

510 4185 728 4258 (Deum)
764 4189 1025 4258 lnmuret;
1059 4206 1219 4248 nemo
1245 4193 1335 4263 qui
1388 4192 1700 4264 fragrantia:
1730 4192 1973 4249 debitum
1998 4193 2099 4249 ho-

513 4294 697 4333 norem
735 4281 946 4336 reddat.

584 4371 750 4429 V'sns.
787 4371 877 4429 Η.
924 4392 942 4426 ι
970 4370 1127 4429 Nunc
1179 4374 1459 4443 sequimur
1498 4384 1554 4430 et
1585 4375 1881 4447 quaerimus
1908 4373 2096 4430 faciem

514 4472 687 4519 tuam.
720 4482 739 4517 ι

585 4555 723 4611 Cum
776 4556 997 4621 dixerit,
1046 4556 1334 4627 sequimur,
1364 4556 1476 4622 jam
1529 4555 1685 4612 faciei
1729 4556 1935 4626 optimo
1979 4557 2102 4628 jure

521 4650 855 4704 mentionem
902 4648 1032 4703 facit
1069 4666 1082 4700 :
1118 4662 1242 4701 nam
1290 4648 1380 4713 qui
1429 4646 1596 4715 probe
1644 4656 1864 4704 secutus
1908 4647 2101 4715 fuerit,

522 4742 685 4794 etiam
722 4750 949 4808 aspectu
984 4740 1179 4810 dignus
1209 4737 1519 4795 habebitur.
1549 4770 1620 4780 —
1652 4741 1933 4812 Extemplo
1958 4744 2101 4797 enim

519 4841 774 4900 aspectus
819 4830 974 4884 faciei
1029 4840 1133 4884 tuze
1176 4844 1365 4883 eorum
1418 4832 1510 4900 qui
1558 4840 1610 4886 te
1659 4831 1847 4888 vident
1894 4835 2099 4889 vultum

520 4924 812 4991 cxhilarat,
871 4937 1048 4993 neque
1098 4925 1305 4993 pudore
1346 4923 1628 4983 suffundit.
1657 4928 1998 4984 ——Sensus:
2031 4928 2106 4983 Nc

522 5020 841 5074 exeidamus
892 5033 987 5087 spe
1036 5019 1089 5073 in
1143 5032 1195 5075 te
1242 5021 1443 5089 posita,
1496 5023 1588 5078 sed
1638 5039 1734 5094 pro
1772 5024 2105 5080 hnnmnitatc

527 5119 615 5164 tua
650 5127 679 5166 c
714 5111 974 5179 periculis
1020 5128 1117 5168 nos
1160 5115 1398 5180 vindica,
1440 5132 1504 5171 ac
1539 5119 1766 5174 mirifice
1798 5118 1956 5174 malis
1986 5135 2106 5190 qua:

526 5214 779 5273 premunt
809 5220 909 5260 nos
941 5206 1132 5274 libera,
1175 5210 1247 5263 ita
1290 5219 1348 5264 ut
1390 5210 1575 5266 cuncti
1614 5212 1861 5266 laudibus
1892 5223 1943 5267 te
1984 5210 2108 5267 eli'e-

529 5303 673 5360 rant,
709 5307 994 5364 propterea
1032 5303 1173 5369 quod
1217 5316 1315 5356 cos
1362 5305 1453 5372 qui
1506 5303 1601 5358 tibi
1654 5303 1955 5366 confidunt,
2006 5318 2105 5359 ne-

531 5400 805 5456 quaquam
844 5390 1083 5449 deseras.
1112 5427 1182 5437 —
1214 5396 1254 5449 E
1288 5398 1593 5464 contrario,
1632 5397 1825 5467 inquit,
1861 5399 1981 5455 illos
2011 5398 2104 5467 qui

535 5480 879 5539 calamitates
921 5485 1077 5543 nobis
1122 5487 1390 5558 inﬂigunt,
1424 5490 1677 5545 excidere
1708 5488 1793 5546 fac
1824 5490 2016 5544 fiducia
2054 5491 2104 5545 in

532 5574 844 5633 hominibus
891 5580 1177 5648 collocata,
1212 5581 1286 5636 ita
1335 5594 1394 5637 ut
1427 5596 1621 5636 vanam
1671 5597 1791 5638 csse
1815 5584 2108 5653 potentiam

531 5665 824 5729 humanam
861 5682 1140 5743 appareat.

606 5762 776 5821 Vnus.
808 5765 896 5821 5‘3.
948 5788 964 5819 ι
1000 5766 1164 5833 Quasi
1200 5778 1418 5821 ventum
1449 5768 1588 5823 roris
1616 5769 1853 5823 llantcm.
1890 5786 1906 5819 ι

2191 3182 2309 3236 ἀλλ’
2347 3176 2442 3235 οὖν
2488 3180 2576 3235 διὰ
2623 3180 2724 3250 τὴν
2769 3179 2909 3250 πρὸς
2953 3178 3079 3241 τοὺς
3126 3179 3371 3248 πατέρας
3414 3174 3779 3244 ἐπαγγελίαν,

2194 3271 2503 3345 μεταϐολὴν
2521 3272 2805 3344 παράσχου
2824 3270 2932 3324 τῶν
2953 3270 3295 3341 κατεχόντων
3313 3269 3521 3322 δεινῶν·
3540 3267 3789 3340 ἀκριϐῶς

2190 3367 2299 3437 γὰρ
2337 3366 2703 3435 ἐπιστάμενος
2744 3364 2816 3418 τὰ
2860 3364 2998 3433 μετὰ
3045 3361 3257 3430 ταῦτα,
3311 3360 3629 3433 ἰσαρίθμους
3668 3362 3791 3422 τοῖς

2192 3459 2415 3529 ἄστροις
2449 3458 2548 3512 καὶ
2581 3460 2647 3529 τῇ
2684 3458 2929 3530 παραλία
2958 3456 3129 3528 ἄμμῳ
3160 3456 3290 3519 τοὺς
3322 3454 3549 3509 ἐκείνων
3579 3454 3797 3521 ἀπογό-

2192 3568 2317 3615 νους
2350 3551 2587 3621 ὑπέσχου
2623 3552 2962 3621 ποιήσειν.-
2983 3547 3168 3603 Πάντα
3202 3548 3353 3619 ἡμῖν,
3387 3547 3575 3617 φησιν,
3613 3548 3695 3607 εἰς
3730 3547 3801 3597 τὸ

2194 3641 2437 3696 ἐναντίον
2467 3641 2889 3712 μεταϐέϐληται·
2930 3639 3024 3693 καὶ
3057 3637 3183 3690 οὐτε
3223 3636 3367 3690 κατὰ
3401 3639 3499 3708 τὴν
3531 3636 3638 3689 ὑπὸ
3693 3635 3799 3689 σοῦ

2195 3736 2509 3807 ὁρισθεῖσαν
2536 3735 2691 3801 τάξιν
2722 3735 2919 3805 ἔχομεν
2951 3732 3180 3804 βασιλέα
3201 3746 3215 3762 ⁸
3247 3732 3308 3785 οὐ
3341 3728 3802 3800 πνευματοφόρος

2197 3828 2327 3899 παρ’
2352 3830 2483 3897 ἡμῖν
2505 3827 2566 3879 τὸ
2597 3825 2788 3897 μέλλον
2818 3826 3016 3891 λέγων’
3049 3824 3110 3877 οὐ
3135 3822 3245 3876 τῶν
3274 3820 3621 3892 πραγμάτων
3646 3819 3805 3888 ἔχων

2196 3923 2296 3993 τὴν
2328 3921 2599 3991 διοίκησιν
2621 3935 2634 3948 ·
2672 3919 2770 3990 οὐχ
2825 3918 3007 3987 ίερεύς
3042 3919 3156 3980 τοῖς
3192 3911 3611 3983 δλοκαυτώμασι
3652 3928 3803 3979 γνω-

2203 4014 2366 4085 ρίζων
2394 4011 2491 4082 τὴν
2524 4009 2846 4064 δεσποτείαν
2867 4025 2881 4040 ·
2904 4009 3003 4078 οὐχ
3036 4007 3177 4078 ὑπὲρ
3207 4004 3625 4078 ἁμαρτημάτων
3650 4018 3800 4071 προ-

2201 4104 2386 4175 φέρων
2412 4102 2635 4166 θυσίας,
2674 4101 2735 4154 οὐ
2777 4098 3057 4171 γεραίρων
3087 4098 3297 4170 ἑτέροις
3328 4097 3440 4150 τισὶ
3467 4094 3688 4165 δώροις,
3729 4093 3800 4146 οὐ

2199 4200 2266 4269 τῇ
2296 4194 2494 4265 εὐωδία
2518 4194 2616 4264 τὴν
2639 4193 2999 4264 ὀφειλομένην
3026 4189 3368 4260 ἀναπέμπων
3401 4187 3591 4258 τιμήν.

2283 4398 2302 4430 ι
2340 4376 2457 4431 Νῦν
2491 4370 2959 4443 ὲξοκολουθοῦμεν
2989 4370 3083 4425 καὶ
3111 4367 3384 4442 ζητοῦμεν
3411 4365 3474 4420 τὸ
3499 4364 3799 4436 πρόσωπόν

2210 4489 2326 4525 σου.
2370 4488 2390 4522 δ

2288 4561 2509 4631 Ἐπειδὴ
2536 4561 2646 4632 γὰρ
2673 4556 3089 4615 κατακολουθῶν
3116 4550 3290 4619 εἶπεν,
3324 4554 3551 4617 εἰκότως
3577 4550 3672 4605 καὶ
3699 4549 3801 4603 νῦν

2206 4654 2504 4728 προσώπου
2541 4655 2838 4725 μέμνηται·
2876 4654 2904 4706 6
2937 4650 3046 4721 γὰρ
3080 4649 3262 4712 καλῶς
3290 4644 3797 4714 κατακολουθήσας,

2206 4749 2302 4803 καὶ
2334 4746 2630 4819 προσώπου
2675 4745 2945 4814 ἀξιοῦται.
2979 4774 3050 4785 -
3084 4743 3305 4806 Εὐθέως
3352 4740 3463 4810 γὰρ
3491 4740 3525 4809 ἠ
3565 4738 3664 4791 θέα
3701 4735 3801 4789 τοῦ

2210 4838 2304 4892 σοῦ
2366 4837 2663 4908 προσώπου
2722 4835 3006 4906 εὐφραίνει
3059 4835 3128 4889 τά
3193 4832 3465 4905 πρόσωπα
3520 4828 3629 4881 τῶν
3692 4826 3803 4878 σῶν

2208 4929 2439 4995 θεατῶν,
2471 4928 2588 4983 ἀλλ’
2629 4929 2691 4981 οὐ
2728 4927 3103 4996 καταισχύνει.
3155 4955 3214 4966 -
3249 4922 3531 4984 Τουτέστι,
3563 4919 3637 4988 μὴ
3682 4918 3805 4970 δια-

2213 5023 2513 5093 μάρτωμεν
2537 5021 2633 5091 τῆς
2661 5023 2741 5084 εἰς
2774 5018 2834 5071 σὲ
2862 5018 3099 5081 ἐλπίδος,
3126 5015 3260 5070 ἀλλά
3294 5013 3544 5083 συνήθως
3574 5014 3639 5081 τῇ
3676 5027 3803 5061 σαυ-

2209 5113 2301 5168 τοῦ
2330 5112 2716 5183 φιλανθρωπία
2734 5110 2842 5164 τῶν
2858 5108 3121 5164 κινδύνων
3150 5108 3483 5179 ὲξάρπασον,
3509 5104 3603 5156 καὶ
3624 5118 3697 5155 πα
3708 5118 3806 5171 ρα-

2208 5210 2377 5275 δόξως
2419 5208 2787 5279 ὲλευθέρωσον
2833 5207 2941 5259 τῶν
2988 5203 3331 5274 κατεχόντων
3394 5200 3606 5262 δεινῶν,
3660 5195 3806 5249 ὥστε

2213 5302 2462 5365 ἅπαντας
2493 5303 2575 5364 είς
2613 5299 2893 5370 εὐφημίαν
2927 5296 3203 5369 χωρῆσαι,
3237 5294 3313 5357 ὡς
3346 5293 3447 5346 οὐκ
3479 5290 3711 5360 ἀφέντος
3748 5288 3809 5338 ἐν

2211 5396 2407 5460 δεινοῖς
2430 5397 2558 5458 τοὺς
2580 5394 2673 5448 ἐπὶ
2700 5394 2783 5446 σοὶ
2809 5392 3159 5452 πεποιθότας.
3190 5386 3262 5428 —'-
3304 5388 3401 5439 Ἐκ
3427 5385 3483 5437 δὲ
3507 5384 3616 5436 τῶν
3646 5385 3809 5435 ἐναν-

2215 5487 2366 5551 τίων,
2394 5487 2551 5556 φησὶ,
2572 5487 2699 5548 τοὺς
2739 5482 3126 5554 ἐπιτρίϐοντας
3169 5481 3301 5549 ἡμῖν
3344 5477 3443 5539 τὰς
3494 5472 3810 5545 συμφορὰς,

2216 5581 2538 5651 διαμαρτεῖν
2566 5579 2661 5647 τῆς
2684 5579 2742 5629 ὲν
2765 5574 3074 5647 ἀνθρώποις
3103 5569 3419 5643 παρρησίας
3440 5566 3689 5637 ποίησον,
3713 5562 3815 5617 καὶ

2226 5674 2444 5745 μάταιοι
2474 5673 2531 5724 ἐν
2560 5674 2626 5741 τῇ
2655 5670 2906 5741 παρούσῃ
2936 5665 3223 5735 δυναστεία
3248 5661 3489 5731 ὀφθεῖεν.

2298 5786 2315 5817 ι
2365 5766 2450 5829 Ὠς
2476 5763 2692 5831 πνεῦμα
2721 5764 2932 5828 δρόσου.
2967 5778 2984 5812 ι
