4072 6398
350 330 487 399 1373
1477 332 1939 392 FRAGMENTA
1990 330 2078 392 IN
2117 331 2269 394 DAN
2278 333 2528 394 lELEM.
3503 329 3643 395 137-5

415 447 490 503 Τδ
519 445 850 518 φωτιστικδν
889 446 1056 512 ἐάσας
1087 445 1184 500 τοῦ
1223 443 1392 520 πυρὸς
1427 445 1529 516 τῆς
1575 445 1844 518 καμίνου,
1887 443 1947 496 τὸ
1976 445 2023 504 Α

2127 446 2243 502 Vim
2281 449 2418 520 ignis
2440 449 2712 504 lucentem
2743 445 2796 501 in
2827 443 3047 502 fornace
3071 460 3178 501 non
3211 436 3452 504 sustulit.
3481 461 3640 501 cum-

347 541 644 598 καυστικδν
677 541 982 610 ἐκοίμισεν.

2057 545 2338 598 burentem
2371 540 2601 598 sedavit.

425 651 446 682 ο
480 633 786 701 Εὐλογεῖτε,
806 630 986 685 πάντα
1015 627 1086 684 τὰ
1114 628 1251 700 ἔργα
1278 627 1508 701 Κυρίου,
1535 627 1629 682 τὸν
1655 626 1882 700 Κύριον.
1917 645 1938 679 ι

2127 633 2290 690 \‘sns.
2325 635 2418 691 57.
2466 653 2485 687 ι
2520 635 2782 690 Laudate.
2833 630 3013 686 omnia
3047 628 3260 684 Domini
3313 645 3503 702 opera,
3532 629 3637 685 Do-

2057 727 2282 782 minum.
2320 717 2352 780 ι’

388 802 586 876 "loco;
615 810 713 866 ἐάν
751 827 836 874 τις
876 808 988 864 τῶν
1021 809 1290 881 ἀμυήτων
1333 805 1577 870 ἀκούσας
1603 802 1812 876 ταύτης
1844 802 1946 873 τῆς

2131 819 2392 872 Fortasse
2418 816 2770 886 profanorum
2813 814 2955 886 quis,
2983 815 3164 870 audita
3198 815 3301 869 hac
3328 812 3635 882 doxologia,

349 903 661 974 κοξολογίας
689 943 705 968 ,
753 901 976 972 γελάσει
1015 901 1144 964 τοὺς
1185 899 1380 969 ἁγίους
1412 899 1638 960 τούτους
1685 895 1782 950 καὶ
1829 894 1949 948 θεο-

2057 911 2264 969 sanctis
2313 910 2398 967 his
2447 911 2664 980 Deoque
2711 907 2994 978 inspiratis
3035 907 3350 962 hominibus
3383 906 3643 970 irriserit,

349 997 646 1061 πνεύστους
675 994 1015 1067 ἀνθρώπους,
1043 993 1240 1063 λέγων,
1272 993 1354 1046 ὅτι
1387 989 1453 1045 τὸ
1485 989 1586 1061 μὲν
1618 990 1815 1051 εἰπεῖν,
1847 988 1949 1042 Εὑ-

2058 1005 2265 1071 dicens,
2303 1005 2394 1060 illa
2428 1003 2644 1075 quidem
2687 1003 2875 1068 verba,
2911 999 3154 1054 Laudato
3189 998 3498 1064 Dominum,
3545 1011 3642 1050 an—

347 1093 554 1159 ¹ι.ογε”ίτε
593 1088 815 1156 ἄγγελοι
839 1087 1044 1160 Κυρίου
1077 1125 1092 1150 ,
1127 1085 1221 1139 καὶ
1250 1083 1516 1152 δυνάμεις
1549 1081 1756 1153 Κυρίου
1788 1118 1804 1142 ,
1849 1077 1948 1132 καὶ

2059 1095 2164 1166 geli
2215 1093 2452 1161 Domini,
2503 1102 2560 1148 et
2619 1099 2918 1162 potestates
2948 1087 3185 1153 Domini,
3221 1097 3275 1142 et
3328 1087 3422 1141 lilii
3467 1086 3645 1142 homi-

353 1183 458 1238 υἱοὶ
481 1180 588 1235 τῶν
623 1177 951 1250 ἀνθρώπων,
1013 1178 1106 1232 καὶ
1157 1177 1326 1248 ἱερεῖς
1355 1174 1564 1246 Κυρίου
1597 1214 1613 1240 ,
1642 1173 1740 1227 καὶ
1773 1170 1949 1225 δοῦλοι

2058 1202 2214 1253 num,
2253 1195 2310 1241 et
2369 1185 2678 1241 sacerdotes
2723 1181 2958 1246 Domini,
3011 1185 3067 1235 et
3110 1177 3254 1234 servi
3298 1177 3534 1240 Domini,
3585 1186 3642 1230 et

351 1273 578 1346 Κυρίου,
612 1272 710 1325 καὶ
745 1270 1054 1342 πνεύματα,
1086 1270 1182 1322 καὶ
1207 1267 1376 1340 ψυχαὶ
1397 1265 1646 1334 δικαίων,
1675 1265 1770 1318 καὶ
1787 1264 1947 1326 ὅσιοι,

2059 1279 2302 1349 spiritus,
2345 1276 2930 1348 claninnejuslorum,
2975 1279 3026 1328 et
3079 1271 3280 1333 sancti,
3319 1279 3374 1324 et
3410 1268 3647 1323 humiles

351 1368 446 1420 καὶ
497 1364 746 1418 ταπεινοὶ
793 1365 860 1434 τῇ
917 1361 1122 1434 καρδίᾳ
1173 1361 1268 1414 τὸν
1327 1360 1570 1432 Κύριον,
1633 1355 1947 1412 ἀκόλουθον·

2060 1367 2244 1440 corde,
2283 1371 2424 1426 bene
2448 1370 2726 1426 cohaerere
2751 1383 2815 1424 ac
2845 1369 3180 1438 procedere;
3207 1363 3297 1419 illa
3323 1377 3476 1426 vero,
3504 1361 3646 1416 Lau-

348 1456 411 1510 τὸ
455 1455 512 1510 δὲ
556 1457 764 1518 εἰπεῖν,
805 1452 1118 1522 Εὐλογεῖτε,
1165 1451 1390 1524 οὐρανοὶ
1449 1450 1545 1535 καὶ
1583 1448 1656 1519 γῆ
1682 1447 1778 1501 καὶ³
1824 1446 1952 1500 ὓδαο

2059 1469 2206 1535 date,
2244 1465 2365 1523 cali
2407 1475 2464 1521 et
2507 1474 2651 1519 terra
2701 1471 2759 1520 et
2802 1477 2978 1532 aqua},
3021 1470 3074 1517 et
3109 1470 3446 1531 quaecunque
3484 1457 3539 1511 in
3579 1455 3645 1509 iis

349 1565 451 1610 τα,
492 1547 586 1600 καὶ
633 1545 702 1599 τὰ
734 1547 792 1598 ὲν
841 1545 1061 1610 αὐτοῖς,
1109 1543 1438 1607 ἀλλόκοτον,
1475 1534 1588 1594 οἷον
1631 1539 1786 1610 ἥλιος
1811 1581 1826 1606 ,
1882 1537 1950 1592 ἄ-

2059 1569 2208 1626 sunt,
2239 1575 2292 1613 ν.
2321 1575 2404 1630 g.,
2447 1555 2552 1618 sol,
2583 1555 2789 1620 sidera,
2823 1554 3068 1621 arbores,
3117 1553 3295 1608 minus
3331 1551 3468 1606 bene
3499 1548 3643 1602 dicta

352 1657 494 1711 στρα
514 1681 528 1704 ,
567 1633 794 1710 δένδρα·
827 1638 1000 1706 ἄλογα
1027 1635 1136 1707 γάρ
1181 1639 1296 1689 ἐστι
1328 1633 1503 1688 ταῦτα
1526 1633 1620 1688 καὶ
1643 1631 1826 1703 ἄψυχα
1857 1630 1952 1684 καὶ

2060 1663 2220 1716 esse,
2284 1647 2553 1717 siquidem
2606 1645 2722 1701 haec
2775 1652 2957 1699 mente
3015 1652 3068 1698 et
3121 1642 3302 1696 anima
3361 1649 3416 1695 et
3472 1653 3639 1694 sensu

351 1733 678 1804 ἀναίσθητα.
707 1732 783 1786 Οὐ
815 1729 926 1802 γὰρ
955 1729 1039 1784 δεῖ
1064 1728 1354 1784 πείθεσθαι
1391 1729 1505 1790 τοῖς
1537 1725 1789 1795 λέγουσιν
1811 1719 1952 1777 εἶναι

2061 1723 2272 1800 carent.
2323 1740 2480 1797 Haud
2515 1740 2658 1795 enim
2702 1737 2862 1792 tidem
2891 1733 3090 1790 addere
3127 1733 3387 1788 debemus
3416 1729 3644 1786 dicenti-

348 1825 418 1880 τὰ
443 1827 682 1894 στοιχεῖα
717 1822 940 1893 ἔμψυχα
967 1821 1062 1876 κα)⁸
1093 1820 1314 1890 λογικὰ,
1340 1819 1443 1874 κᾶν
1467 1819 1544 1882 ὡς
1571 1817 1710 1886 πρὸς
1731 1816 1952 1888 ἔμψυχα

2062 1837 2182 1899 bus,
2218 1833 2488 1888 elementa
2516 1828 2622 1883 vita
2650 1836 2705 1883 et
2734 1826 2944 1878 ratione
2963 1821 3190 1891 praedita
3211 1834 3354 1879 esse,
3387 1814 3638 1886 quamvis

347 1917 442 1970 τὸν
471 1917 609 1988 πρὸς
637 1914 782 1968 αὐτὰ
807 1913 966 1982 λόγον
990 1914 1323 1984 ἐποιήσαντο
1345 1913 1393 1966 οἱ
1418 1909 1725 1983 προφῆται·
1749 1909 1949 1973 κοινῶς

2060 1929 2128 1982 ad
2163 1941 2250 1992 ea,
2289 1923 2445 1995 quasi
2475 1923 2639 1976 vitam
2666 1919 2954 1984 haberent,
2981 1915 3260 1987 prophetae
3297 1910 3456 1964 verba
3495 1906 3648 1962 fece-

349 2008 460 2080 γὰρ
481 2007 618 2078 πρὸς
651 2007 720 2061 τὰ
739 2005 934 2076 λογικὰ
966 2005 1058 2060 καὶ
1087 2005 1158 2058 τὰ
1190 2004 1359 2071 ἄλογα
1373 2001 1736 2071 διαλέγονται,
1765 1999 1952 2069 λέγον-

2061 2021 2206 2086 rint;
2233 2015 2576 2072 rationabilia
2611 2015 2756 2070 enim
2787 2022 2842 2068 ct
2883 2005 3279 2067 irrationabilia
3320 2001 3483 2070 simul
3514 1999 3644 2053 allo-

348 2117 460 2164 τες,
498 2098 809 2169 Εὑλογεῖτε,
835 2097 1078 2170 οὐρανοὶ,
1104 2097 1199 2151 καὶ
1219 2097 1516 2164 εὐλογεῖτε,
1538 2093 1786 2163 ἄγγελοι·
1816 2089 1953 2162 πρὸς

2061 2120 2324 2183 quuntur,
2377 2110 2470 2166 ubi
2530 2105 3052 2169 dicunt:Laudate,
3094 2099 3242 2162 caeli,
3305 2104 3358 2153 et
3409 2094 3647 2156 laudate,

349 2193 378 2246 ὃ
411 2192 666 2258 λεκτέον,
697 2193 756 2245 ὲν
787 2192 898 2262 ὅσῳ
941 2191 1040 2261 τὴν
1072 2189 1210 2244 ἰδίαν
1239 2189 1393 2253 τάξιν
1429 2187 1700 2258 φυλάσσει
1732 2185 1799 2238 τὰ
1839 2185 1956 2238 κτί-

2063 2205 2260 2276 angeli.
2303 2204 2385 2258 Ad
2412 2207 2529 2258 haec
2559 2199 3008 2270 respondebimus
3035 2213 3050 2252 :
3075 2192 3322 2262 Quandiu
3382 2196 3649 2244 creatura:

355 2300 560 2354 σματα,
598 2282 844 2351 εὐλογεῖν
871 2281 1091 2350 λέγεται
1117 2278 1209 2333 τὸν
1233 2279 1397 2332 Θεόν·
1425 2277 1522 2332 ἐὰν
1551 2277 1609 2332 δὲ
1642 2275 1953 2347 παρεξέλθῃ

2061 2275 2309 2354 ordinem
2345 2295 2477 2366 ipsis
2505 2293 2859 2349 constitutum
2889 2295 3213 2358 sequuntur,
3233 2285 3400 2338 Deum
3429 2280 3652 2334 laudare

351 2377 444 2430 τὸν
477 2373 690 2429 ἑαυτῶν
741 2375 907 2446 ὅρον,
950 2373 1102 2426 δοκεῖ
1154 2387 1272 2434 πως
1326 2369 1500 2442 ὀργὴν
1549 2367 1956 2436 ὑποσημαίνειν

2063 2393 2348 2455 dicuntur;
2383 2384 2602 2455 quando
2629 2391 2811 2438 autem
2841 2380 3033 2436 ordine
3057 2377 3149 2432 illo
3182 2375 3476 2434 excedunt,
3509 2369 3646 2424 iram

355 2465 513 2521 Θεοῦ.
552 2467 743 2530 Οὕτως
769 2465 868 2520 καὶ
897 2465 994 2518 νῦν
1026 2464 1088 2518 τὸ
1125 2463 1234 2536 πῦρ
1267 2464 1369 2516 οὐκ
1401 2461 1532 2532 ἔστη
1563 2461 1658 2514 ἐπὶ
1685 2459 1788 2530 τῆς
1819 2459 1956 2524 ἰδίας

2063 2483 2303 2539 divinam
2341 2479 2572 2532 innuere
2600 2475 2871 2528 videntur.
2921 2469 3014 2524 Sic
3057 2481 3204 2522 nunc
3247 2478 3466 2536 quoque
3511 2461 3652 2529 ignis

352 2559 584 2626 τάξεως,
617 2559 704 2613 διὰ
729 2559 829 2628 τὴν
855 2557 1001 2611 κατὰ
1024 2557 1132 2611 τῶν
1160 2555 1526 2610 Βαϐυλωνίων
1555 2554 1749 2625 ὀργήν·
1779 2555 1828 2606 εί
1859 2553 1956 2606 καὶ

2065 2575 2116 2630 in
2151 2573 2342 2629 ordine
2365 2583 2464 2624 suo
2497 2581 2602 2620 non
2630 2549 2897 2626 constitit,
2929 2561 3000 2616 ob
3027 2559 3163 2613 iram
3187 2566 3374 2613 contra
3414 2550 3649 2622 Babylo-

356 2650 450 2702 ἐπὶ
473 2646 721 2718 σωτηρίᾳ
739 2646 934 2715 γέγονε
958 2645 1067 2699 τῶν
1098 2645 1273 2721 τριῶν.
1292 2643 1467 2713 ἁγίων
1492 2643 1724 2696 παίδων·
1750 2640 1955 2712 ὁμοίως

2064 2667 2186 2722 nios
2209 2671 2541 2732 susceptam,
2573 2658 2704 2713 licet
2735 2657 2838 2712 hoc
2868 2655 3028 2712 saluti
3057 2653 3219 2708 fuerit
3247 2649 3417 2703 tribus
3448 2645 3653 2702 sanctis

358 2741 456 2794 καὶ
481 2739 576 2791 ἐπὶ
607 2739 702 2792 τοῦ
749 2738 1003 2809 Σαμουὴλ
1027 2739 1086 2790 ἐν
1113 2737 1294 2809 καιρῷ
1337 2737 1552 2807 θέρους,
1582 2735 1738 2790 ὑετὸν
1769 2735 1827 2790 αἱ
1869 2753 1957 2788 νε-

2070 2757 2279 2829 pueris.
2308 2755 2432 2810 Pari
2482 2751 2643 2807 modo
2690 2748 2963 2805 Samuelis
3014 2756 3258 2816 tempore
3291 2741 3480 2804 nubes,
3527 2752 3649 2806 quae

359 2834 519 2904 φέλαι
541 2833 690 2906 παρὰ
708 2833 809 2903 τὴν
839 2833 988 2888 ἰδίαν.
1009 2833 1296 2905 συνήθειαν
1315 2832 1723 2901 καταγαγοῦσαι
1743 2833 1839 2904 ὲσή
1851 2849 1953 2902 μα·

2066 2827 2268 2917 prarter
2297 2840 2747 2900 consuetudinem
2793 2851 2888 2908 per
2916 2844 3162 2892 aestatem
3201 2834 3406 2887 imbres
3453 2827 3653 2883 demit.-

359 2943 460 2980 ναν
497 2927 596 2996 τὴν
640 2925 998 2997 ἐπικειμένην
1034 2925 1178 2980 κατὰ
1220 2923 1318 2978 τοῦ
1361 2925 1585 2996 Ἰσραὴλ
1618 2924 1823 2995 ὀργήν·
1859 2923 1956 2976 καὶ

2067 2939 2276 3002 tebant,
2303 2937 2440 2990 iram
2477 2933 2743 2988 adversus
2769 2927 3039 2983 Israelitas
3067 2927 3409 2996 ingruentem
3441 2919 3649 2973 iudica.-

359 3016 564 3089 ὁμοίως
595 3019 726 3072 ὅταν
760 3033 813 3070 τι
844 3017 1028 3090 συμϐῇ
1069 3016 1336 3084 τοιοῦτον,
1364 3017 1638 3072 δειλιῶσιν
1665 3017 1714 3069 oi
1744 3015 1956 3086 ἄνθρωσ

2065 3040 2210 3086 ruut.
2243 3028 2310 3084 Et
2358 3026 2460 3090 sic,
2488 3024 2578 3080 ubi
2625 3023 2734 3078 tale
2775 3020 2906 3092 quid
2955 3015 3236 3080 acciderit,
3283 3011 3532 3067 homines
3582 3009 3650 3062 ti-

361 3127 454 3165 ποι
481 3109 556 3174 ὡς
575 3109 750 3181 ὀργῆς
775 3109 1157 3180 ἐπικειμένης.
1198 3109 1558 3180 Ἐπεύχονται
1596 3103 1689 3162 οὖν
1719 3109 1766 3162 οἱ
1808 3107 1955 3176 ἆγιοι

2070 3129 2220 3176 ment
2261 3117 2416 3187 quasi
2467 3117 2544 3171 ira
2575 3114 2708 3184 ipsis
2750 3111 3088 3168 imminente.
3127 3105 3277 3162 Hanc
3313 3105 3384 3160 ob
3425 3115 3647 3159 causam

363 3202 560 3268 σώζειν
585 3202 713 3266 τοὺς
743 3201 906 3266 ἰδίους
933 3173 1168 3265 κανόνας
1195 3201 1264 3255 τὰ
1291 3173 1552 3271 στοίχεῖαο
1583 3201 1673 3252 διὰ
1697 3198 1806 3270 γὰρ
1831 3173 1925 3252 τού

2064 3211 2237 3268 sancti
2273 3223 2461 3278 preces
2489 3206 2723 3260 fundunt
2761 3211 2822 3258 ut
2853 3202 3122 3258 elementa
3161 3199 3305 3253 intra
3338 3197 3471 3250 lines
3519 3208 3648 3248 suos

359 3313 456 3350 του
489 3293 835 3366 μανθάνομεν
861 3295 944 3348 ὅτι
971 3295 999 3348 ὁ
1023 3293 1157 3357 Θεὸς
1185 3293 1486 3347 εὐῖλατεύει
1507 3294 1662 3363 ἡμῖν.
1685 3292 1760 3344 Οὐ
1793 3291 1956 3362 μόνον

2069 3317 2130 3359 se
2176 3300 2514 3364 contineant,
2569 3295 2828 3366 quoniam
2881 3293 3008 3347 hinc
3057 3290 3226 3368 Deum
3267 3286 3424 3353 nobis
3458 3285 3641 3356 prupi-

361 3383 420 3437 δὲ
453 3384 547 3438 ἐπὶ
578 3383 687 3437 τῶν
717 3383 931 3452 ἀλόγων
959 3383 1120 3437 τοῦτο
1151 3383 1372 3438 λεκτέον
1394 3424 1409 3448 ,
1443 3382 1584 3436 ἀλλὰ
1611 3382 1706 3436 καὶ
1734 3383 1828 3434 ἐπὶ
1856 3384 1958 3450 τῆς

2067 3396 2200 3450 tium
2234 3406 2358 3448 esse
2391 3387 2787 3460 cognoscimus.
2815 3383 3001 3452 Neque
3034 3396 3170 3436 vero
3201 3379 3268 3436 de
3302 3375 3650 3432 irrationabi‘

361 3474 588 3544 λογικῆς
611 3473 1046 3537 κτίσεως.”οταν
1073 3475 1180 3546 γὰρ
1203 3475 1230 3527 ὁ
1255 3473 1544 3544 ἄνθρωπος
1579 3471 1832 3546 φυλάσσῃ
1860 3471 1959 3540 τὴν

2077 3486 2216 3542 libus
2243 3483 2438 3546 solum,
2479 3480 2574 3538 sed
2609 3479 2772 3534 etiam
2805 3476 2874 3532 de
2903 3473 3170 3530 creaturis
3201 3479 3380 3526 mente
3412 3467 3653 3539 praeditis

363 3565 575 3620 οίκείαν
598 3565 752 3632 τάξιν
774 3605 790 3631 ,
819 3565 882 3618 τὸ
917 3565 1148 3632 ἄκακον,
1191 3565 1255 3618 τὺ
1287 3564 1444 3628 esse;
1465 3606 1479 3631 ,
1519 3565 1658 3636 ὅπερ
1703 3562 1864 3634 ἔσχεν
1894 3563 1960 3616 ὲκ

2069 3581 2172 3635 hoc
2213 3575 2501 3632 dicendum
2547 3571 2671 3648 erit.
2707 3569 2846 3624 Dum
2891 3569 3038 3637 enim
3082 3567 3242 3620 homo
3287 3564 3448 3618 tinem
3495 3577 3650 3617 suum

365 3655 594 3728 πρώτης
625 3655 1010 3728 δημιουργίας.
1047 3655 1144 3709 καὶ
1181 3655 1282 3727 τὴν
1315 3653 1410 3709 τοῦ
1450 3654 1609 3724 ἁγίου
1640 3653 1960 3726 Πνεῦματος

2068 3672 2392 3732 conservat,
2441 3665 2700 3720 nimirum
2753 3660 3085 3733 probitatem
3139 3665 3194 3712 et
3247 3653 3650 3724 integritatem.

365 3751 550 3823 χάριν,
581 3749 764 3814 καλῶς
792 3750 886 3804 καὶ⁵
916 3748 1133 3818 εὐλογεῖ
1155 3747 1248 3802 τὺν
1276 3747 1412 3802 Θεόν
1429 3763 1444 3779 ·
1466 3747 1671 3820 ὁμοίως
1697 3748 1754 3802 δὲ
1779 3749 1876 3802 καὶ
1905 3749 1958 3800 oi

2071 3763 2215 3834 quali
2243 3776 2272 3815 a
2302 3759 2477 3830 prima
2507 3756 2786 3812 creatione
2808 3753 3102 3825 gaudebat,
3158 3761 3370 3802 necnon
3419 3744 3656 3814 Spiritus

367 3843 621 3913 ἄγγελοι·
655 3842 751 3898 ἐὰν
787 3843 844 3896 δὲ
873 3841 1280 3914 παρατραπῶσι
1315 3840 1411 3896 τοῦ
1447 3841 1650 3906 καλοῦν
1672 3841 1734 3894 οὐ
1765 3841 1958 3896 δοκοῦ-

2069 3855 2242 3912 sancti
2277 3851 2533 3924 gratiam,
2581 3849 2788 3920 Optime
2813 3845 2979 3900 etiam
3007 3843 3196 3897 laudat
3221 3841 3426 3903 Deum;
3473 3847 3528 3890 et
3574 3836 3653 3890 si-

370 3951 454 3988 σιν
487 3935 736 4004 εὐλογεῖν
765 3935 860 3988 τὸν
901 3933 1057 3988 Θεόν·
1090 3933 1171 3988 διὸ
1202 3933 1298 3986 καὶ
1339 3935 1368 3988 ό
1400 3933 1604 4002 Κύριος
1634 3932 1786 4001 λέγει
1807 3972 1822 3996 ,
1875 3935 1958 3987 οὐ

2069 3947 2180 4002 mili
2219 3945 2428 3999 ratione
2458 3940 2622 3997 etiam
2655 3936 2863 4007 angeli;
2911 3931 3128 4004 quando
3169 3937 3352 3982 autem
3395 3941 3424 3978 a
3451 3927 3659 3978 virtute

365 4025 488 4094 πᾶς
518 4023 552 4082 ὅ
577 4027 778 4097 λέγων
799 4044 923 4097 μοι,
961 4028 1158 4095 Κύριε,
1189 4027 1390 4094 Κύριε,
1426 4026 1842 4080 εἰσελεύσεται
1870 4028 1956 4091 εὶς

2067 4053 2189 4096 sese
2215 4033 2535 4098 everterint,
2558 4031 2725 4084 Deum
2756 4027 2978 4080 laudare
3008 4023 3282 4078 desinunt.
3309 4017 3649 4084 Quapmpter

365 4118 482 4188 τὴν
503 4118 856 4184 βασιλείαν.
891 4119 1032 4174 ἀλλ’
1062 4121 1096 4172 ὁ
1125 4115 1314 4172 ποιῶν
1347 4116 1416 4170 τὸ
1445 4118 1677 4187 θέλημα
1705 4115 1813 4170 τοῦ
1839 4118 1958 4169 Πα-

2067 4127 2330 4187 Dominus
2359 4123 2527 4180 dicit:
2560 4119 2684 4174 Non
2717 4118 2952 4188 quisquis
2981 4114 3109 4169 mihi
3143 4111 3360 4173 dixerit,
3401 4107 3644 4168 Domine,

363 4209 503 4278 τρός
525 4225 670 4279 μου·
701 4208 902 4278 ὁμοίως
934 4207 1031 4260 καὶ
1059 4209 1108 4262 oi
1145 4206 1592 4280 μετατραπέντες
1619 4206 1844 4276 ἄγγελοι
1877 4207 1959 4272 εἰς

2070 4221 2313 4283 Domine,
2353 4218 2408 4270 in
2448 4228 2664 4281 regnum
2706 4209 3056 4280 ingredietur,
3096 4205 3186 4258 sed
3235 4201 3326 4272 qui
3351 4199 3532 4270 fecerit
3565 4215 3649 4251 υο-

362 4301 584 4368 κακίαν,
619 4300 714 4354 καὶ
745 4300 1030 4370 γεγονότες
1059 4299 1338 4372 δαίμονες,
1370 4299 1472 4352 οὐκ
1507 4299 1794 4353 ἐπαινέται
1825 4299 1956 4365 εἰσὶ,

2069 4311 2328 4366 Inntatem
2377 4303 2557 4358 Patris
2607 4302 2769 4355 mei'.
2815 4297 2926 4354 Nec
2973 4295 3144 4366 magis
3185 4293 3408 4363 angelos
3439 4291 3529 4358 qui
3582 4289 3657 4346 ad.

361 4394 468 4448 κᾶν
497 4393 885 4466 προσπίπτωσι
916 4391 996 4465 τῷ
1031 4391 1209 4464 Ἰησοῦ
1240 4393 1317 4455 ὡς
1344 4390 1486 4462 Θεῷ,
1518 4393 1614 4446 καὶ
1645 4391 1774 4446 Υίὸν
1796 4393 1960 4448 αὐτὸν

2069 4397 2472 4470 improbitatem
2520 4392 2836 4448 defecerunt
2866 4397 2921 4444 et
2971 4387 3244 4442 daemones
3297 4383 3420 4436 iacti
3479 4389 3643 4441 sunt,

363 4487 567 4588 λέγωσι
606 4486 701 4588 το.νῦ
735 4487 896 4543 Θεοῦ.
933 4487 1035 4540 Διὰ
1073 4486 1185 4558 γὰρ
1232 4489 1333 4560 τὴν
1371 4485 1494 4541 καθ’
1527 4483 1736 4541 ἑαυτῶν
1785 4485 1959 4558 ὀργὴν

2067 4491 2382 4548 laudatores
2435 4499 2560 4542 esse
2609 4481 2850 4546 dixeris,
2904 4477 3154 4550 quamvis
3203 4476 3448 4548 genuhns
3497 4470 3650 4525 ﬂexis

2074 4583 2096 4588 μ
2578 4578 2614 4588 -
2839 4573 2852 4588 .
2993 4582 3004 4588 _
3069 4587 3076 4588 ί
3147 4587 3150 4588 ,
3195 4587 3216 4588 κ
3269 4585 3284 4588 _
3557 4564 3646 4588 nu,

363 4577 552 4647 ελεγον
583 4576 778 4631 ταῦτα·
817 4577 1203 4642 ἐϐασανίζοντο
1247 4579 1357 4650 γὰρ
1409 4579 1688 4649 ἀοράτως·
1735 4580 1820 4635 διὸ
1866 4583 1960 4637 καὶ

2067 4583 2248 4642 Iesum
2285 4591 2542 4651 tanquam
2578 4578 2747 4633 Deum
2786 4573 3013 4629 adorent.
3057 4585 3290 4640 eumque
3317 4568 3512 4624 Filium
3557 4564 3657 4617 Dei.-

363 4671 572 4740 έλεγον,
600 4665 830 4735 *Ηλθες
871 4671 986 4738 πρὸ
1016 4671 1225 4738 καιροῦ
1255 4672 1600 4736 βασανίσαι
1627 4672 1808 4742 ἡμᾶς.

2067 4672 2382 4745 appellent;
2422 4670 2680 4726 dixerunt
2731 4665 2876 4720 enim
2925 4664 3043 4719 haec
3071 4674 3294 4732 propter
3335 4661 3471 4714 iram
3521 4654 3665 4720 ipsis,

370 4767 738 4836 ingruentem.
769 4763 1122 4818 invisibiliter
1149 4765 1293 4818 enim
1343 4766 1756 4836 torquebantur,
1801 4772 1963 4837 unde,
2003 4769 2232 4834 Venisti,
2263 4764 2544 4835 inquiunt,
2580 4767 2704 4814 ante
2733 4769 2935 4828 tempus
2966 4773 3061 4810 nos
3095 4752 3396 4819 torquere’.

439 4881 458 4914 ι
503 4860 840 4928 Συνάγονται
870 4861 921 4913 οἱ
951 4859 1252 4932 σατράπαι.
1295 4877 1315 4911 ι

2137 4863 2304 4919 Vens.
2335 4859 2426 4916 94.
2459 4877 2478 4912 ι
2509 4855 2928 4926 Congregantur
2959 4860 3206 4922 satrapae.
3243 4866 3261 4900 ι

444 4953 534 5018 Ὧς
565 4952 803 5024 ὁρῶντες
826 4951 1013 5021 θαῦμα
1043 4951 1348 5024 παράδοξον
1382 4952 1710 5026 συνέτρεχον
1731 4971 1744 4984 ·
1775 4957 1962 5028 σχεδὸν

2135 4957 2204 5014 Ut
2227 4955 2476 5011 viderent
2524 4947 2848 5006 miraculum
2890 4942 3222 5006 incredibile,
3255 4948 3650 4996 convenerunt.

361 5041 472 5114 γὰρ
509 5040 894 5112 τοῦτο-μεῖζον
917 5035 986 5112 ἦν
1019 5039 1114 5093 τοῦ
1147 5041 1212 5093 ὲκ
1235 5040 1446 5112 νεκρῶν
1478 5027 1820 5112 ἀναστῆναι·
1849 5043 1964 5098 ἐδό-

2061 5046 2459 5120 Propemodum
2511 5042 2658 5098 enim
2696 5039 2798 5094 hoc
2841 5035 2962 5106 plus
3013 5032 3225 5088 valebat
3282 5043 3442 5098 quam
3483 5027 3528 5082 si
3576 5042 3645 5084 ex

363 5151 494 5188 κουν
525 5133 634 5205 γὰρ
665 5135 762 5187 καὶ
793 5133 962 5188 αὑτοῦ
987 5131 1080 5186 τοῦ
1114 5132 1348 5188 Θανάτου
1377 5134 1958 5206 κατακεκρατηκέναι,

2065 5116 2298 5196 mortuis
2327 5134 2778 5197 resurrexissent,
2830 5124 3097 5196 siquidem
3127 5127 3354 5174 mortem
3389 5116 3648 5186 emigisse

363 5226 440 5288 ὡς
475 5227 532 5278 ὲν
567 5223 864 5290 ἀθανάτοις
892 5225 1045 5290 ὄντες
1075 5222 1295 5294 σώμασι
1323 5223 1421 5278 καὶ
1454 5225 1778 5297 ἀφθάρτοις,
1817 5227 1958 5300 ὅπερ

2065 5233 2407 5296 videbantur,
2442 5227 2593 5282 velut
2630 5218 3032 5280 immortalibus
3072 5208 3645 5278 etincorruptibilibus

363 5319 464 5371 οὐκ
495 5313 564 5388 ἦν
593 5331 607 5348 ·
653 5317 712 5372 ἐν
740 5317 850 5388 γὰρ
892 5316 1110 5388 θνητοῖς
1140 5315 1293 5381 ὀντες
1325 5315 1577 5388 σώμασιν
1625 5319 1825 5388 ἔφυγον
1857 5318 1965 5392 τὴν.

2060 5321 2233 5378 induti
2300 5317 2640 5388 corporibus.
2679 5315 2746 5368 At
2774 5326 2862 5367 res
2894 5323 3000 5364 non
3025 5307 3098 5360 ila
3146 5319 3204 5358 se
3234 5301 3421 5358 habuit
3451 5317 3464 5353 :
3497 5315 3641 5355 mor.

363 5409 685 5480 διαφθορὰν,
719 5410 795 5483 μὴ
819 5410 1174 5489 πειραθέντες
1202 5409 1264 5464 τὸ
1287 5409 1506 5464 συνόλον
1539 5409 1639 5480 τῆς
1661 5411 1754 5465 τοῦ
1786 5412 1958 5484 πυρὸς

2059 5414 2257 5472 talibus
2280 5411 2423 5468 enim
2445 5405 2766 5478 corporibus
2786 5403 2993 5474 praediti
3018 5398 3292 5454 interitum
3315 5393 3643 5462 eﬂ'ugerunt,

365 5501 600 5574 θέρμης·
1115 5485 1124 5489 ⁷
1633 5579 1639 5585 _
2059 5503 2316 5574 quoniam
2379 5515 2484 5556 non
2528 5509 2700 5553 totum
2750 5495 2890 5564 ignis
2935 5493 3184 5548 ardorem
3221 5485 3431 5558 experti
3461 5493 3651 5551 erant._

443 5613 464 5647 ‹
509 5594 682 5666 Ὀσμὴ
708 5595 904 5666 πυρός.
945 5614 961 5647 ι

2137 5592 2300 5660 Vnus.
2341 5591 2432 5648 95.
2467 5608 2486 5641 ι
2525 5589 2674 5646 Odor
2707 5587 2869 5656 ignis.
2904 5605 2923 5639 ι

436 5686 516 5740 Τὰ
543 5686 750 5758 σημεία
779 5689 1110 5757 ἐπαγωγικά
1144 5691 1260 5743 ἐστι
1283 5703 1296 5718 ·
1329 5689 1410 5743 διὸ
1441 5689 1502 5743 οὐ
1537 5689 1690 5743 δοκεῖ
1727 5690 1950 5760 γνήσιος

2121 5685 2286 5758 Signa
2317 5681 2678 5755 persuadendi
2735 5681 2845 5734 vim
2897 5678 3120 5742 habent,
3166 5680 3498 5746 quapropter
3532 5685 3643 5723 non

361 5773 502 5834 εἶναι
544 5777 736 5844 πιστὸς
765 5780 793 5832 ὁ
835 5781 899 5832 ἐκ
931 5778 1176 5849 σημείων
1217 5779 1466 5844 πεισθείς
1487 5798 1500 5812 ·
1537 5780 1662 5836 ὅθεν
1691 5783 1720 5835 ὁ
1743 5781 1950 5854 Κύριος

2052 5795 2179 5836 vere
2203 5777 2376 5834 lidclis
2399 5761 2660 5832 aestimari
2685 5771 2948 5843 dehctqui
2973 5772 3042 5826 ob
3065 5769 3216 5840 signa
3249 5767 3406 5822 Iidem
3434 5763 3594 5819 habet
3617 5776 3634 5828 ;

434 5891 678 5961 \Matth.
712 5912 806 5968 τη,
831 5897 895 5952 21
977 5899 994 5929 ¹
1018 5895 1209 5953 Matth.
1261 5912 1380 5966 vni,
1414 5898 1466 5952 9.
