4072 6394
484 325 635 388 1375

1639 316 1977 382 ΑΜΜΟΝΠ
2018 311 2517 372 ALEXANDRIN
2524 311 2551 371 Ι

3609 307 3748 372 1376

477 431 621 486 unde
642 429 842 486 factum
881 435 963 482 est
992 434 1049 482 ut
1080 426 1342 481 Dominus
1365 425 1645 495 discipulis
1673 427 1873 481 dixerit
1908 444 1921 478 :
1960 423 2051 477 Vi-

2159 418 2314 486 ἑλεγε
2342 421 2456 481 τοῖς
2485 419 2778 490 μαθηταῖς
2823 418 3016 489 ’Υμεῖς
3045 416 3332 489 ἑωράκατε
3365 415 3461 471 καὶ
3488 414 3749 472 ἐπιστεύο

477 520 632 575 distis
651 530 705 575 et
726 518 1036 575 credidistis
1058 537 1071 573 :
1097 518 1237 574 beati
1258 518 1348 587 qui
1368 533 1472 572 uou
1494 518 1672 573 vident
1694 517 1993 573 etcreduut
2015 517 2057 569 ³.

1108 609 1263 663 CAP.
1297 605 1388 662 IV.

546 699 715 754 Vens.
760 699 820 754 6.
860 716 879 750 ι
916 698 1160 753 Baltasar
1197 700 1596 755 incantatorum
1633 698 1901 769 princeps.
1929 718 1949 751 ι

547 789 1050 846 Nabuchodonosor
1106 792 1453 861 reprehendit
1499 807 1690 861 magos
1724 800 1784 846 ut
1838 792 1931 860 qui
1986 790 2061 844 nil

476 882 651 936 sciant
679 882 853 951 deque
875 883 1090 938 somnio
1118 882 1369 953 imaginis
1392 884 1669 939 mendacia
1693 882 1855 938 verba
1873 892 2061 951 protu-

477 973 662 1041 lerint,
700 975 981 1030 dicentes:
1011 975 1121 1029 Rex
1152 977 1295 1029 dicat
1342 977 1605 1030 somnium
1636 977 1802 1031 servis
1856 976 1987 1042 suis,
2010 985 2060 1030 et

477 1068 960 1136 interpretationem
1014 1071 1129 1140 ejus
1162 1072 1560 1137 indicabimus;
1609 1084 1736 1127 ecce
1788 1071 1933 1125 enim
1978 1070 2062 1126 vel

478 1169 766 1228 postquam
801 1160 1083 1215 audierant
1117 1160 1414 1225 somnium,
1444 1176 1546 1216 non
1586 1161 1989 1230 explicuerunt.

552 1332 719 1390 Vsus.
745 1335 803 1391 9.
841 1353 862 1389 ι
894 1334 1127 1394 Fructus
1160 1336 1282 1408 ejus
1309 1339 1533 1404 nimius,
1575 1357 1595 1392 ι

546 1424 701 1481 Licet
733 1427 958 1493 nimius,
1017 1445 1123 1484 non
1184 1440 1362 1486 tamen
1409 1441 1531 1486 erat
1582 1431 1774 1498 dulcis,
1840 1443 2063 1503 propter

477 1528 814 1584 grassantem
850 1518 1214 1574 idololatriam
1244 1538 1258 1575 :
1293 1535 1468 1590 neque
1508 1523 1652 1577 enim
1687 1524 1944 1579 virtutem
1980 1527 2064 1580 iu-

476 1610 632 1674 didit,
666 1624 839 1679 neque
883 1622 1117 1668 mentem
1141 1612 1294 1676 aluit,
1328 1616 1420 1670 sed
1458 1618 1833 1674 tantummodo
1852 1632 1947 1673 eos
1968 1619 2062 1688 qui

477 1701 775 1757 bestiarum
802 1718 951 1760 more
976 1705 1241 1760 viverent.
1272 1704 1710 1774 Ejusmodienim
1739 1717 2059 1766 estexlerna

2165 522 2325 560 σατε·
2361 508 2623 579 μακάριοι
2653 508 2702 560 οί
2734 508 2810 579 μὴ
2837 507 3037 570 ἰδόντες
3064 508 3162 561 καὶ
3184 506 3604 570 πιστεύσαντες.

2779 601 3033 656 ΚΕΦΑΛ.
3062 602 3137 654 A'.

2241 709 2260 742 ι
2299 685 2590 761 Βιλτάσαρ
2618 694 2647 747 ὁ
2676 692 2863 764 ἄρχων
2890 692 3000 745 τῶν
3032 691 3321 746 ὲπαοιδῶν.
3366 711 3385 743 ι

2247 781 2489 852 Ἐλέγχει
2519 784 2649 846 τοὺς
2679 785 2889 854 μάγους
2908 786 2937 838 ὁ
2962 783 3442 854 Ναϐουχοδονόσορ
3477 785 3643 856 μηδὲν
3668 789 3749 840 εἰ·-

2160 872 2320 936 δότας
2337 914 2354 938 ,
2384 876 2479 928 καὶ
2505 876 2601 930 ἐπὶ
2629 875 2724 929 τοῦ
2760 876 2974 947 ὀνείρου
2998 875 3098 945 τῆς
3130 876 3341 939 εἰκόνος
3367 877 3587 945 ψευδεῖς
3617 894 3756 947 πρι-

2165 962 2531 1033 ϐαλλομένους
2567 964 2780 1033 λόγους,
2814 967 2873 1018 ὲν
2894 964 2975 1037 τῷ
3004 964 3204 1039 λέγειν,
3238 965 3303 1019 '0
3330 966 3634 1031 ,βασιλεὺς
3663 969 3741 1020 εὶ-

2162 1053 2329 1108 πάτω
2357 1055 2424 1108 τὸ
2463 1053 2760 1110 ἐνύπνιον
2800 1053 2928 1121 τοῖς
2967 1055 3186 1109 παισὶν
3222 1055 3446 1122 αὑτοῦ,
3500 1057 3601 1112 καὶ
3631 1057 3752 1124 τὴν

2162 1146 2489 1213 σύγκρισιν
2535 1145 2990 1215 ἀναγγυλοῦμεν
3037 1146 3250 1200 αὐτοῦ.
3294 1146 3428 1201 Ἰδοὺ
3489 1147 3599 1219 γὰρ
3651 1147 3749 1202 νῦν

2163 1224 2491 1301 ἀκούσοντες
2522 1236 2584 1290 τὸ
2605 1237 2762 1309 ὄναρ,
2788 1238 2891 1292 οὐκ
2917 1237 3117 1293 ἔλυσαν
3143 1238 3298 1293 αὐτό.
3759 1232 3770 1249 ⁸

2238 1347 2259 1382 ι
2294 1330 2528 1401 Καρπὸς
2556 1329 2726 1384 αὐτοῦ
2751 1329 2943 1391 πολύς.
2982 1349 3003 1384 ι

2232 1424 2334 1477 Διά
2380 1422 2483 1493 τὴν
2520 1422 2974 1494 ἐπικρατήσασαν
3022 1422 3499 1494 είδωλολατρείαν,
3558 1425 3610 1477 εἰ
3653 1424 3752 1476 καὶ

2164 1512 2357 1580 πολὺς,
2382 1512 2497 1568 ἀλλ’
2525 1513 2588 1567 οὐ
2618 1512 2843 1582 γλυκύς.
2868 1513 2946 1567 Οὐ
2971 1513 3085 1585 γὰρ
3102 1510 3247 1584 εἶχεν
3279 1514 3617 1586 εὐπρέπειαν
3649 1515 3753 1585 μὲν

2163 1605 2499 1676 ἐμποιοῦντα
2526 1646 2543 1672 ,
2583 1606 2647 1660 ού
2676 1606 2952 1678 τρέφοντα
2975 1607 3035 1661 δὲ
3077 1608 3141 1662 τὸ
3180 1608 3423 1678 λογικὸν,
3456 1608 3596 1662 ἀλλὰ
3622 1608 3751 1672 τοὺς

2165 1699 2638 1772 κτηνωδεστέρους
2663 1716 2677 1731 ·
2711 1699 2938 1771 τοιαύτη
2967 1700 3078 1773 γὰρ
3098 1701 3132 1771 ή
3161 1699 3268 1768 ἔξω
3303 1701 3528 1756 παιδεία
3546 1742 3563 1768 ,
3601 1702 3751 1754 εὐει-

474 1794 722 1859 scientia,
751 1808 872 1863 qua:
901 1806 1120 1864 aspectu
1147 1799 1363 1866 quidem
1389 1798 1627 1868 jucunda
1663 1801 1756 1865 sit.
1801 1804 1869 1856 ad
1906 1817 2055 1858 men-

2162 1790 2259 1863 δης
2276 1792 2417 1847 κατὰ
2431 1791 2493 1845 τὸ
2511 1794 2839 1864 φαινόμενον
2864 1792 3117 1859 δοκοῦσα,
3144 1795 3288 1848 κατὰ
3311 1794 3369 1848 δὲ
3383 1793 3446 1848 τὸ
3459 1794 3751 1865 νοούμενον

475 1893 583 1938 tem
628 1900 756 1941 vero
788 1887 919 1940 nihil
972 1888 1220 1944 utilitatis
1253 1889 1463 1945 afferat.
1508 1890 1646 1947 Ilinc
1690 1894 2063 1951 irrationabile

476 1976 754 2031 hominum
785 1993 957 2049 genus
991 1980 1225 2034 ferarum
1269 1991 1324 2035 et
1352 1982 1647 2037 bestiarum
1696 1985 1888 2052 instar,
1922 1988 1976 2040 in
1998 2002 2060 2043 ea

475 2069 766 2136 acquievit,
795 2084 893 2126 nec
922 2087 1049 2128 vero
1067 2071 1357 2145 Israel,qui
1389 2085 1471 2131 est
1490 2091 1641 2134 meus
1662 2079 1850 2135 videns
1870 2079 2061 2149 Deum,

476 2174 582 2213 non
616 2161 971 2229 corporalem.

536 2248 703 2306 Vens.
740 2253 832 2307 22.
864 2274 883 2306 ι
926 2255 1142 2324 Septem
1182 2257 1310 2312 anni
1342 2269 1751 2317 convertentur.
1790 2280 1812 2315 ι

546 2340 682 2397 Tres
710 2345 837 2399 anni
874 2355 929 2400 et
981 2362 1074 2401 sex
1117 2364 1351 2404 menses.
1397 2349 1575 2408 Persa:
1605 2355 1747 2408 enim
1792 2370 1964 2425 usque
1992 2358 2061 2412 ad

477 2432 618 2485 lumc
652 2433 794 2488 diem
844 2436 896 2489 iu
938 2438 1073 2492 duas
1125 2439 1415 2495 diﬂiuduul
1468 2451 1671 2511 partes,
1726 2444 1959 2501 hiemem
2008 2458 2062 2503 ct

474 2532 740 2590 aestatem,
775 2526 939 2580 hiemi
977 2544 1091 2594 ver,
1129 2533 1303 2587 aestati
1362 2542 1679 2590 autumnum
1727 2537 2060 2609 coujungeu—

474 2625 576 2673 tes.
618 2617 813 2674 Vocem
849 2621 925 2674 eir
956 2623 1173 2691 quidam
1217 2626 1481 2696 angelum,
1517 2628 1608 2683 alii
1640 2630 1844 2700 vigilem
1889 2633 2060 2690 inter-

475 2712 670 2777 pretati
702 2722 849 2771 sunt.

549 2798 706 2856 Vsus.
735 2802 825 2858 ‘23.
867 2823 886 2856 ι
919 2803 1160 2876 Regnum
1187 2810 1281 2864 tibi
1317 2821 1513 2867 manet.
1557 2831 1575 2866 ι

557 2889 670 2945 Mos
715 2903 795 2947 est
826 2897 1232 2963 pmphetarum,
1265 2912 1320 2955 ut
1352 2902 1516 2957 libera
1550 2905 1731 2961 dicant
1764 2925 1883 2979 quae
1904 2923 2062 2966 even-

475 2989 592 3035 tura
642 2983 751 3038 sint
790 2985 953 3051 dura,
1002 2988 1161 3044 simul
1194 3000 1374 3047 autem
1418 2994 1554 3050 bene
1591 3012 1812 3067 sperare
1834 3000 2060 3070 jubeant

472 3088 569 3183 eos
618 3076 709 3145 qui
763 3079 1138 3147 paenitentiam
1177 3095 1365 3156 agunt,
1401 3087 1664 3158 siquidem
1711 3101 1940 3151 eventus
1975 3104 2127 3183 estC

473 3162 525 3216 iu
556 3163 837 3221 hominum
874 3169 1154 3224 facultate.

1107 3260 1260 3317 CAP.
1318 3265 1425 3321 VII.

541 3348 702 3406 Vsus.
730 3349 818 3405 26.
878 3369 898 3402 ι
939 3350 1254 3411 Interimere
1289 3373 1460 3428 usque
1507 3361 1572 3415 ad
1611 3362 1791 3420 finem.
1829 3386 1848 3418 ι

542 3440 687 3525 ΙξΙίρο
708 3443 853 3498 enim
887 3456 1007 3515 post
1035 3448 1428 3506 Antichristum
1456 3456 1560 3508 erit
1595 3455 1734 3512 linis.
1757 3457 1825 3513 Et
1855 3459 2051 3517 frustra

466 3530 636 3588 Judaei
675 3535 1003 3606 fabulantur,
1045 3557 1165 3597 eum
1200 3544 1383 3601 dicunt
1420 3563 1518 3615 per
1561 3551 1704 3604 mille
1732 3567 1904 3608 annos
1934 3570 2057 3611 sese

467 3642 589 3679 cum
625 3626 962 3687 Antichristo
1003 3648 1340 3705 regnaturus,
1397 3642 1661 3711 siquidem
1698 3643 1786 3701 ille
1840 3650 2050 3705 nonnisi

470 3724 582 3769 tres
613 3731 785 3772 annos
821 3719 1178 3777 etditnidium
1214 3728 1478 3796 regnabit.

1096 3814 1251 3871 CAP.
1285 3817 1419 3874 VIII.

537 3897 702 3958 Vsus.
727 3903 779 3959 5.
822 3923 842 3958 ι
878 3905 1056 3962 Unum
1087 3908 1246 3965 altius
1277 3910 1466 3969 altero.
1502 3933 1521 3968 ι

541 3991 676 4061 Quia
717 3994 892 4054 Persa!
925 3997 1093 4056 Medis
1119 4000 1380 4072 dignitate
1413 4008 1765 4075 praestabant.

1112 4177 1270 4234 CAP.
1304 4178 1395 4233 IX.

525 4259 690 4317 Vatis.
724 4263 813 4319 2!.
856 4284 876 4319 ι
924 4267 987 4322 Et
1015 4283 1141 4325 ecce
1162 4270 1241 4323 Vir
1263 4269 1478 4327 Gabriel
1513 4275 1716 4333 volans.
1748 4294 1767 4328 ι

483 4351 497 4362 ’
528 4353 662 4409 Cum
696 4357 945 4414 Christus
998 4369 1259 4415 venturus
1294 4374 1441 4418 esset
1487 4366 1691 4422 ultimis
1718 4368 1930 4435 diebus,
1990 4380 2050 4426 ut

2161 1880 2448 1953 ἀνωφελής
2473 1897 2488 1913 ο
2519 1881 2602 1936 διὸ
2633 1882 2702 1935 τὰ
2732 1881 2906 1951 ἄλογα
2932 1881 3029 1936 καὶ
3057 1883 3230 1953 ἄγρια
3251 1885 3350 1937 καὶ
3373 1882 3615 1954 θηριώδη
3638 1883 3751 1937 τῶν

2162 1970 2468 2042 ἀνθρώπων
2496 1973 2630 2044 γένη
2685 1974 3101 2030 ἑπανεπαύετο’
3134 1975 3195 2028 οὐ
3234 1976 3343 2045 μὴν
3370 1976 3399 2028 ό
3437 1974 3655 2049 Ἰσραὴλ
3688 1978 3749 2041 ὃς

2162 2064 2279 2118 ἐστι
2306 2064 2454 2130 νοῦς
2474 2065 2633 2134 ὀρῶν
2660 2066 2831 2132 Θεὸν,
2858 2067 2975 2121 ἁλλ’
2999 2068 3060 2121 οὺ
3091 2069 3383 2139 σαρκικιόν.

2237 2262 2259 2297 ι
2304 2245 2476 2301 Ἑπτὰ
2506 2247 2690 2319 καιροὶ
2716 2247 3139 2319 ἀλλαγήσονται.
3173 2266 3193 2300 ι

2232 2338 2373 2410 Τρία
2399 2340 2572 2411 ἥμισυ
2608 2340 2705 2411 ἐτη
2724 2357 2739 2372 ο
2769 2342 2820 2395 oi
2850 2339 2961 2412 γὰρ
3004 2341 3214 2411 Πέρσαι
3240 2340 3349 2405 ἕως
3374 2341 3476 2411 τῆς
3511 2339 3607 2394 νῦν
3648 2340 3747 2396 τό»

2161 2429 2407 2487 ἐνιαυτὸν
2436 2435 2517 2497 είς
2541 2432 2639 2489 δύο
2665 2434 2990 2507 διαιροῦσιν,
3024 2437 3105 2499 εἰς
3135 2435 3384 2507 χειμῶνα
3416 2436 3513 2489 καὶ
3541 2435 3705 2506 θέρος
3725 2454 3745 2470 ο

2159 2524 2221 2578 τὸ
2248 2524 2349 2597 ἔαρ
2374 2527 2605 2597 χειμῶνι
2635 2528 3050 2597 συζευγνύντες,
3107 2530 3203 2583 καὶ
3232 2529 3310 2601 τῷ
3341 2528 3494 2600 θέρει
3527 2529 3590 2582 τὸ
3617 2547 3752 2601 μετ-

2160 2615 2396 2688 όπωρον.
2424 2645 2494 2657 -
2517 2618 2661 2672 ’Δντὶ
2682 2619 2776 2673 τοῦ
2796 2618 2895 2691 ἔαρ
2923 2620 2974 2673 οἱ
2998 2622 3053 2674 0⁸
3080 2619 3342 2689 ἄγγελον
3366 2622 3751 2693 ἡρμήνευσυιν,

2160 2708 2209 2759 οἱ
2240 2708 2297 2761 δὲ
2330 2708 2529 2774 λοιποὶ,
2570 2710 2923 2780 ἐγρήγορον.

2236 2817 2257 2850 ι
2304 2800 2367 2853 Ἥ
2409 2800 2655 2871 βασιλεία
2689 2820 2772 2857 σοι
2804 2805 2978 2874 μένει.
3017 2822 3041 2858 ι

2233 2890 2395 2955 Ἔθος
2431 2894 2770 2965 προφητικὸν
2792 2894 2974 2960 τοῦτο,
3007 2894 3303 2965 ἀποτόμως
3335 2895 3434 2966 μὲν
3460 2896 3639 2966 λέγειν
3670 2896 3738 2949 τὰ

2161 2980 2558 3054 συμϐησόμενα
2599 2984 2772 3052 δεινὰ,
2802 2987 3048 3058 χρηστάς
3071 2987 3130 3041 δὲ
3161 2987 3388 3052 ἐλπίδας
3418 2987 3727 3057 ὑποφαίνειν

2160 3073 2273 3138 τοῖς
2312 3073 2664 3142 μετανοοῦσιν
2683 3118 2698 3141 ,
2726 3077 2802 3141 ὡς
2845 3080 2905 3131 ὲν
2937 3077 3158 3149 ἐξουσίᾳ
3201 3078 3457 3150 κειμένης
3486 3079 3585 3132 τῶν
3616 3080 3716 3131 ἁν-

2161 3163 2396 3235 θρώπων
2425 3167 2525 3237 τῆς
2558 3169 2865 3234 ἐκϐάσεως.

2751 3262 3004 3317 ΚΕΦΑΛ.
3053 3259 3129 3317 Z'.

2247 3367 2266 3401 ι
2316 3350 2607 3406 Ἀπολέσαι
2636 3351 2740 3416 ἓως
2765 3353 2940 3417 τέλος.
2983 3371 3002 3406 ι

2233 3439 2411 3505 Εὐθὺς
2439 3442 2547 3514 γὰρ
2588 3443 2729 3513 μετὰ
2759 3444 2852 3498 τὸν
2905 3443 3280 3515 Ἀντίχριστον
3314 3444 3376 3498 τὸ
3421 3445 3609 3509 τέλοςο
3646 3445 3749 3499 καὶ

2162 3530 2339 3603 μάτην
2359 3532 2675 3587 πλανῶνται
2704 3535 2756 3587 οἱ
2789 3535 3034 3589 Ἰουδαῖοι
3066 3535 3341 3605 λέγοντες,
3369 3537 3451 3590 ὃτι
3484 3537 3750 3607 μέλλουσι

2155 3622 2304 3690 χίλια
2335 3624 2434 3695 ἐτη
2468 3628 2691 3697 κρατεῖν
2736 3627 2833 3681 σὺν
2872 3626 2952 3698 τῷ
2988 3627 3343 3700 ’Δντιχρὶστῳ
3364 3647 3378 3659 ·
3409 3628 3539 3702 τρία
3566 3630 3750 3700 ἥμισυ

2160 3713 2322 3783 μόνον
2351 3714 2447 3787 ἔτη
2482 3716 2773 3787 μέλλοντος
2796 3717 2968 3771 αὑτοῦ
2998 3721 3311 3790 κατασχεῖν.

2756 3808 3014 3864 ΚΕΦΑΛ.
3050 3808 3132 3863 Η’.

2232 3914 2252 3948 ι
2289 3898 2363 3952 Τὸ
2393 3898 2451 3953 ἒν
2476 3898 2811 3973 ὑψηλότερον
2849 3899 2943 3954 τοῦ
2973 3899 3188 3972 ἑτέρου.
3224 3918 3245 3952 ι

2226 3988 2327 4043 Διὰ
2358 3990 2454 4043 τοῦ
2495 3989 2714 4062 μείζους
2754 3986 2893 4046 εἶναι
2935 3993 2995 4047 ἐν
3040 3990 3169 4063 ἀξίᾳ
3212 3992 3343 4056 τοὺς
3375 3990 3593 4064 Πέρσας
3632 3993 3749 4050 τῶν

2152 4079 2376 4150 Μήδων.

2764 4177 3019 4231 ΚΕΦΔΛ.
3051 4177 3126 4234 Θ’.

2230 4283 2249 4317 ι
2284 4266 2397 4319 Καὶ
2429 4266 2540 4320 ἰδοὺ
2572 4266 2714 4339 ἀνὴρ
2738 4267 2982 4341 Γαϐριὴλ
3015 4269 3338 4341 πετόμενος.
3372 4288 3391 4322 ι

2237 4356 2457 4429 Ἐπειδὴ
2504 4358 2592 4411 ἐπ’
2641 4360 2886 4431 ἐσχάτων
2942 4360 3168 4432 ἡμερῶν
3215 4361 3440 4433 ἔμελλεν
3483 4360 3662 4415 ἱλθεϊν
3716 4365 3747 4416 ὁ

465 4444 620 4499 ﬁeret
647 4448 864 4503 victima
902 4466 1000 4519 pro
1032 4451 1205 4505 salute
1233 4453 1439 4516 mundi,
1464 4455 1588 4520 jure
1622 4458 1924 4529 meritoque
1962 4462 2049 4518 illa

2156 4449 2414 4521 Χριστὸς,
2450 4450 2539 4505 ἵνα
2567 4450 2795 4521 γένηται
2823 4453 2855 4522 ἡ
2883 4451 3026 4523 ὑπὲρ
3050 4451 3152 4523 τῆς
3174 4451 3271 4507 τοῦ
3314 4453 3523 4525 κόσμου
3560 4470 3744 4525 σωτη-

463 4538 596 4592 hora
648 4539 848 4595 Dauieli
900 4543 1153 4612 apparuit
1198 4542 1362 4596 etiam
1427 4543 1681 4615 Gabriel,
1731 4551 2050 4611 inhumana-

463 4629 625 4686 tiouis
653 4628 810 4686 Verbi
843 4634 1062 4688 nuntius
1081 4647 1145 4688 ac
1170 4646 1368 4701 prazco.

518 4801 685 4858 Vens.
712 4804 807 4860 2t.
839 4824 858 4856 ι
889 4806 1187 4876 Obsignare
1222 4821 1462 4880 peccata.
1505 4832 1525 4867 ι

543 4895 761 4953 Christo
816 4899 1144 4956 adventante
1202 4916 1481 4971 peccatum
1538 4912 1723 4966 mundi
1791 4914 2041 4973 solvitur.

458 4988 592 5041 Cum
633 4991 776 5044 enim
809 4990 1060 5047 Christus
1079 4995 1378 5063 advenerit,
1414 5015 1518 5055 non
1558 5004 1792 5073 amplius
1844 5021 2043 5063 secun-

459 5079 587 5133 dum
612 5080 781 5151 legem
832 5097 898 5137 ac
947 5087 1238 5155 prophetas
1267 5091 1657 5164 ambulabunt;
1716 5096 1837 5153 linis
1897 5103 2041 5156 enim

462 5170 597 5239 legis
640 5181 725 5226 est
762 5171 1016 5229 Christus
1048 5175 1070 5207 ὀ
1104 5178 1169 5231 ad
1198 5178 1485 5250 justitiam.
1522 5183 1627 5239 Per
1674 5189 1899 5256 spiritus
1946 5191 2043 5245 ad-

461 5272 679 5315 ventum
729 5262 1022 5320 Christiani
1058 5269 1413 5341 obsignantur
1446 5284 1500 5329 et
1524 5277 1589 5330 ad
1624 5277 1908 5348 imaginem
1936 5281 2042 5351 (di-

459 5354 665 5422 vinam)
704 5367 1049 5413 renovantur.
1102 5360 1207 5416 Per
1260 5379 1455 5434 aquam
1497 5369 1780 5439 mysticam
1820 5384 2037 5441 peccata

454 5443 768 5501 abluuntur.
829 5447 932 5504 Per
1011 5454 1383 5522 pmnitentiam
1445 5461 1817 5518 rec0uci|iatio
1874 5474 2036 5535 atque

456 5535 613 5589 venia
645 5550 988 5607 peccatorum
1015 5558 1386 5616 recuperatur,
1422 5552 1584 5618 etqui
1623 5552 1757 5624 legis
1783 5558 2041 5624 cperilms

455 5625 742 5697 iustiﬁcari
809 5649 912 5689 non
964 5638 1154 5706 potuit,
1188 5639 1298 5706 jam
1344 5656 1441 5709 per
1481 5642 1636 5700 Iidem
1681 5646 2034 5717 justiﬁc'ttur.

529 5745 549 5777 ³
569 5744 723 5804 .Ioan.
756 5765 846 5811 xx.
871 5750 962 5806 29.
1034 5754 1055 5783 ⁸
1076 5752 1236 5812 Rom.
1264 5771 1316 5818 τ.
1344 5755 1396 5810 4.

2155 4541 2278 4613 ρίας
2316 4540 2519 4605 θυσία,
2554 4542 2785 4607 εἰκότως
2836 4540 2932 4597 καὶ
2972 4543 3001 4597 ὁ
3045 4542 3289 4616 Γαϐριὴλ
3336 4543 3563 4617 τοιαύτῃ
3617 4543 3744 4617 ὥρᾳ

2152 4632 2309 4704 ὤφθη
2344 4634 2421 4705 τῷ
2445 4634 2671 4705 Δανιὴλ,
2696 4637 2725 4688 ὁ
2754 4636 2853 4706 τῆς
2880 4635 2973 4689 τοῦ
3006 4636 3184 4707 Λόγου
3215 4636 3548 4710 σαρκώσεως
3571 4638 3745 4706 εὐαγ-

2149 4725 2410 4798 γελιστὴς
2447 4727 2543 4781 καὶ
2574 4728 2644 4800 κή
2654 4727 2772 4799 ρυξ.

2226 4838 2246 4871 ι
2282 4818 2596 4889 Σφραγίσαι
2629 4819 2927 4892 ἁμαρτίας.
2968 4838 2988 4873 ι

2218 4911 2459 4983 Χριστοῦ
2496 4913 2937 4984 παραγινομένου
2963 4910 3155 4967 λύεται
3189 4914 3223 4984 ἡ
3252 4912 3498 4985 ἁμαρτία
3527 4912 3621 4967 τοῦ
3642 4913 3739 4968 κόν

2152 5022 2317 5076 σμου.
2348 5035 2419 5048 -
2458 5004 2701 5077 Χριστοῦ
2736 5004 2846 5076 γὰρ
2893 5005 3145 5071 ἐλθόντος
3190 5005 3376 5061 οὐκέτι
3407 5006 3559 5076 νόμῳ
3589 5023 3741 5061 στοις

2148 5097 2308 5169 χοῦσι
2340 5099 2439 5152 καὶ
2468 5100 2756 5172 προφήτῃ*
2806 5099 2966 5163 τέλος
3001 5098 3112 5170 γὰρ
3159 5098 3329 5169 νόμου
3370 5098 3609 5170 Χριστὸς
3650 5098 3736 5161 εἰς

2146 5190 2521 5261 δικαιοσύνην.
2551 5222 2623 5232 --
2671 5191 2773 5246 Διὰ
2817 5191 2920 5262 τῆς
2949 5191 3045 5247 τοῦ
3077 5192 3400 5264 Πνεύματος
3443 5193 3739 5264 ἐπιφοιτή-

2147 5301 2284 5346 σεως
2327 5286 2724 5355 σφραγίζονται
2767 5286 2819 5340 οἱ
2860 5286 3217 5358 Χριστιανοὶ,
3251 5285 3737 5356 ἁνακαινιζόμενοι

2146 5376 2227 5438 εἰς
2274 5375 2335 5430 τὺ
2378 5376 2498 5430 κατ’
2553 5378 2762 5432 εἰκόνα.
2810 5407 2878 5417 -
2928 5378 3030 5431 Διὰ
3077 5378 3173 5433 τοῦ
3230 5376 3498 5450 μυστικοῦ
3539 5378 3737 5442 ὓδατος

2146 5467 2540 5535 ἁπαλείφονται
2581 5470 2638 5522 αἱ
2670 5469 2959 5541 ἁμαρτίαι.
2979 5501 3053 5511 -
3072 5471 3171 5524 Διὰ
3197 5472 3485 5541 μετανοῖας
3506 5469 3736 5540 ἱλασμός

2147 5562 2243 5613 καὶ
2282 5563 2634 5630 συγχώρησις
2662 5561 2874 5630 γίνεται
2924 5562 3214 5634 ἁμαρτιῶν
3242 5602 3255 5628 ,
3290 5563 3388 5618 καὶ
3415 5562 3727 5617 δικαιοῦταί

2146 5670 2229 5715 τις
2257 5654 2322 5705 ἐκ
2361 5653 2597 5716 πίστεως
2624 5653 2652 5707 '3
2685 5651 2760 5723 μὴ
2782 5652 3035 5723 δυνηθεὶς
3065 5652 3124 5720 ἐξ
3154 5654 3332 5725 ἔργων
3372 5654 3736 5725 δικαίωθῆναι
