4072 6428
380 301 511 366 13¹ῑ7

1469 302 1934 364 FRAGMENTA
1974 306 2057 368 IN
2101 309 2493 373 DANIELEM
2504 362 2517 375 .

3495 312 3630 378 1373

379 414 565 480 νόμου.
594 410 813 478 Ἀγιος,
853 407 1006 477 ἅγιος
1034 408 1062 460 6
1085 404 1347 475 Χριστὸς,
1369 405 1660 477 χριόμενος
1679 407 1956 477 οἰκονομι-

2072 411 2316 479 Sanctus,
2373 426 2594 471 sanctus
2642 417 2888 473 Christus
2943 417 3057 488 qui,
3112 418 3272 473 homo
3307 418 3501 485 factus,
3531 436 3621 476 se-

376 504 488 567 κώς
518 501 607 556 διὰ
632 501 730 572 τὴν
759 503 961 573 σάρκα.

453 613 474 647 ε
523 593 1071 666 Ἐξολοθρευθήσεται
1098 592 1328 664 χρίσμα.
1363 609 1386 644 ι

445 687 631 741 Ταῦτα
664 689 744 751 είς
779 687 873 740 τὸν
910 685 1285 756 Ἀντίχριστον
1311 685 1434 756 ὁρᾷ,
1464 683 1525 748 ὃς
1561 683 1701 755 μετὰ
1733 684 1832 755 τὴν
1864 682 1958 737 τοῦ

377 777 615 850 Χριστοῦ
647 778 975 850 παρουσίαν,
1019 776 1106 831 ἐπ’
1142 776 1381 846 ἐσχάτην
1411 775 1520 830 τῶν
1558 774 1806 847 ἡμερῶν,
1830 775 1961 828 οὐκ·

379 871 460 925 ἐτι
485 873 551 943 ἐᾷ
574 870 901 942 Χριστιανὸν
936 869 1164 940 ποιῆσαι
1188 867 1496 940 βάπτισμα.

452 981 473 1016 ι
522 964 611 1017 Ἐν
640 961 1031 1034 κατακλυσμῷ.
1086 981 1106 1014 ι

453 1054 859 1125 Κατακλυσμδν
878 1054 1028 1122 λέγει
1056 1052 1117 1107 τὸ
1142 1050 1347 1123 πλῆθος
1369 1051 1463 1106 τοῦ
1483 1050 1635 1116 ὄντος
1664 1051 1794 1105 λαοῦ
1824 1050 1962 1120 μετὰ

385 1148 479 1201 τοῦ
530 1147 923 1218 Ἀντιχρίστου,
953 1143 1063 1199 τῶν
1101 1142 1482 1214 πολεμούντων
1509 1146 1623 1208 τοῖς
1647 1143 1824 1214 ἁγίοις
1858 1143 1963 1207 ἕως

381 1239 482 1310 τῆς
506 1236 841 1300 συντελείας.

480 1332 834 1402 «Δυναμώσει
861 1325 1125 1398 διαθήκην
1159 1324 1378 1391 πολλοῖς
1411 1323 1645 1397 ἑϐδομὰς
1677 1324 1796 1396 μία.
1834 1343 1853 1376 ι

450 1507 620 1563 Τοῦτο
660 1507 809 1576 λέγει
841 1505 926 1559 ὅτι
958 1504 1190 1569 πολλοὺς
1237 1504 1347 1557 τῶν
1394 1501 1668 1557 Ἰουδαίων
1714 1503 1811 1557 καὶ
1855 1501 1963 1556 τῶν

387 1600 590 1655 πιστῶν
622 1598 838 1670 ἔχουσιν
864 1598 914 1650 οἱ
946 1597 1076 1667 περὶ
1112 1595 1304 1666 Ἑνὼχ,
1342 1597 1530 1648 πεῖσαι
1565 1593 1643 1665 μὴ
1670 1593 1961 1664 πεισθῆναι

381 1693 460 1760 τῳ
500 1689 712 1758 πλάνῳ,
769 1686 907 1740 ἀλλὰ
954 1683 1346 1755 δυναμωθῆναι
1401 1685 1483 1747 είς
1526 1683 1586 1736 τὸ
1642 1683 1960 1754 ἀντιστῆναι

2063 505 2296 558 cundum
2319 521 2517 577 corpus
2539 519 2739 563 unctus
2768 520 2871 565 est.

2128 594 2297 651 Vens.
2320 598 2411 653 26.
2443 616 2463 650 ι
2500 598 2866 668 Abrogabitnr
2891 600 3097 655 unctio.
3133 620 3154 653 ι

2125 684 2251 741 lltec
2280 688 2344 741 ad
2388 689 2782 744 Antichristum
2831 699 3094 759 spectant,
3135 692 3225 758 qui
3261 701 3381 760 post
3430 692 3634 749 Christi

2067 776 2382 845 adventum,
2416 780 2517 835 sub
2549 780 2707 836 ﬁnem
2736 781 2968 849 dierum,
3004 782 3144 837 baud
3174 785 3406 854 amplius
3466 787 3640 856 bapti-

2062 870 2173 921 zari
2201 873 2484 937 quemdam
2518 873 2773 941 patietur.

2128 977 2147 1010 ι
2190 961 2245 1014 ltt
2269 960 2485 1017 diluvio.
2519 980 2538 1015 ι

2118 1050 2387 1107 Diluvium
2415 1056 2547 1110 dicit
2603 1057 2997 1113 multitudinem
3028 1057 3199 1127 plebis
3232 1072 3355 1128 quae
3382 1057 3489 1112 erit
3511 1072 3636 1112 eum

2065 1143 2417 1212 Antichristo,
2449 1160 2501 1201 et
2531 1165 2650 1219 qua:
2695 1149 2890 1204 bellum
2923 1157 3075 1219 geret
3107 1149 3368 1203 adversus
3418 1158 3636 1204 sanctos

2068 1236 2333 1299 usquead
2387 1240 2932 1293 consummationem.

2122 1321 2285 1379 Vnus.
2322 1324 2412 1381 27.
2450 1345 2469 1377 r
2510 1326 2806 1382 Rohorabit
2872 1326 3048 1383 foedus
3103 1328 3289 1383 multis
3337 1329 3640 1398 septimana

2065 1427 2191 1466 una.
2233 1432 2253 1465 ι

2114 1503 2228 1560 iloc
2252 1507 2383 1560 dicit
2425 1510 2564 1576 quod
2596 1507 2780 1564 Enoch
2828 1510 3010 1564 multis
3055 1507 3255 1564 Judzeis
3298 1520 3354 1564 et
3395 1509 3644 1566 ﬁdelibus

2067 1597 2433 1664 persuadebit,
2478 1609 2535 1652 ut
2564 1614 2631 1652 ne
2669 1600 2943 1668 deceptori
2992 1601 3381 1670 obsequantur,
3424 1601 3518 1656 sed
3573 1606 3640 1654 ad

2068 1688 2426 1743 resistendum
2452 1690 2501 1745 ei
2545 1704 2666 1746 sese
2702 1692 3003 1762 accingunt.
3070 1690 3437 1760 Sz-ptirnanam
3475 1708 3640 1745 unam

382 1780 552 1852 αύτῷ.
592 1811 663 1822 -
703 1777 1011 1849 Ἐὔδομάδα
1049 1776 1179 1848 μίαν
1217 1776 1365 1844 λέγει
1392 1777 1463 1830 τὰ
1510 1775 1653 1829 ἑπτὰ
1681 1775 1799 1847 ἐτη,
1839 1770 1962 1849 ἐ.νῇ

2072 1778 2196 1832 dicit
2234 1789 2436 1848 septem
2462 1796 2656 1846 annos,
2687 1787 2903 1851 quando
2941 1782 3086 1836 Elias
3114 1792 3168 1837 et
3201 1782 3382 1836 Enoch
3417 1783 3637 1836 venient

395 1873 581 1936 Ἠλίας
610 1872 706 1925 καὶ
747 1869 918 1940 Ἑνὼχ
944 1869 1214 1940 ἔρχονται,
1248 1868 1343 1921 καὶ
1369 1865 1594 1938 μενοῦσι
1631 1867 1759 1938 τρία
1785 1867 1958 1937 ἥμισυ

382 1963 478 2034 ἔτη
493 1978 507 1991 ·
528 1965 622 2016 καὶ
641 1961 859 2034 ἔρχεται
879 1962 908 2014 6
942 1958 1307 2030 ’Λντίχριστος
1329 1961 1425 2011 καὶ
1448 1956 1701 2028 φονεύσει
1724 1956 1922 2020 αὐτούς
1939 1971 1957 1991 ο

383 2055 482 2109 καὶ
519 2054 672 2125 μένει
708 2053 803 2106 καί⁵
832 2052 998 2115 αὐτὸς
1032 2051 1167 2105 ἄλλα
1199 2050 1327 2121 τρία
1354 2049 1527 2120 ἥμισυ
1559 2048 1654 2120 ἔτη
1674 2066 1689 2080 ο
1723 2049 1818 2102 καὶ
1838 2048 1961 2101 τότε

382 2147 503 2217 ἥξει
537 2146 565 2198 6
595 2143 831 2216 Χριστὸς
856 2181 871 2207 ,
911 2144 1066 2205 τέλος
1113 2140 1481 2211 λαμϐάνοντος
1507 2139 1602 2193 τοῦ
1630 2138 1845 2202 αἰῶνος.
1892 2168 1964 2179 -

384 2237 484 2292 Διὰ
524 2238 711 2291 Ἠλίαν
745 2236 891 2304 λέγει
925 2234 1021 2288 καὶ
1063 2232 1268 2303 Ἑνὼχ,
1299 2232 1430 2302 περὶ⁵
1460 2224 1532 2286 ὧν
1560 2231 1656 2286 καὶ
1712 2231 1964 2300 Ἰωάννης

383 2326 538 2383 εἶπεν
581 2331 639 2382 ὲν
692 2330 759 2400 τῇ
807 2324 1210 2395 Ἀποκαλύψει,
1271 2323 1385 2377 Καὶ
1436 2321 1609 2376 δώσω
1643 2322 1769 2389 τοῖς
1820 2321 1963 2376 δυσί
2012 2365 2019 2374 .

377 2422 646 2492 μάρτυσί
666 2438 787 2491 μου
807 2436 821 2451 ⁸
855 2418 955 2473 καί
979 2417 1477 2486 προφητεύσουσι
1515 2415 1742 2485 ἡμέρας
1763 2414 1964 2483 χι.ἶίος

385 2514 480 2579 σε’
514 2509 1003 2582 περιϐεϐλημένοι
1033 2507 1327 2572 σάκκους.

1006 2600 1259 2653 ΚΕΦΑΛ.
1288 2599 1345 2654 l'.

463 2714 483 2746 ι
526 2694 729 2765 ’Λρτον
757 2691 859 2746 οὐκ
897 2689 1123 2759 ἔφαγον.
1163 2707 1182 2740 ι

465 2787 719 2840 Διδάσκει
751 2785 778 2837 ὁ
809 2783 1097 2855 προφήτης
1125 2780 1207 2833 ὅτι
1230 2778 1443 2849 μεγάλη
1473 2777 1644 2851 ἀρετὴ
1681 2779 1716 2850 ὴ
1738 2777 1966 2849 νηστεία

385 2880 481 2933 καὶ
504 2880 538 2949 ἡ
573 2873 915 2929 κακοπάθεια
950 2874 1048 2926 σὺν
1077 2871 1383 2942 προσευχῇ,
1414 2869 1481 2923 δι’
1506 2863 1582 2924 ὧν
1606 2886 1690 2934 τις
1718 2867 1965 2933 ἀξιοῦται

386 2972 481 3025 καὶ
511 2966 787 3023 ὀπτασιῶν
819 2964 930 3018 ἔσθ’
956 2965 1067 3018 ὅτε.

464 3082 485 3116 ο
543 3061 706 3131 Ἀνὴρ
728 3055 807 3122 εἷς
834 3055 1187 3125 ἐνδεδυμένος
1216 3054 1419 3125 βαδδίν.
1457 3073 1476 3106 ι

2067 1877 2120 1923 et
2145 1871 2439 1924 manebunt
2470 1880 2578 1926 tres
2604 1887 2773 1927 annos
2804 1882 2859 1927 et
2887 1873 3205 1939 dimidium;
3239 1883 3293 1926 et
3321 1871 3498 1927 veniet
3530 1873 3644 1924 An-

2071 1959 2369 2025 tiehristus,
2400 1976 2601 2030 eosque
2636 1962 2940 2028 interliciet,
2991 1979 3055 2017 ac
3085 1963 3325 2017 manebit
3365 1963 3479 2033 ipse
3512 1977 3646 2032 quo-

2068 2062 2173 2117 que
2200 2057 2310 2104 tres
2339 2066 2511 2106 annos
2536 2063 2589 2107 et
2616 2051 2898 2107 dimidium
2934 2069 2949 2117 ς
2975 2052 3210 2122 denique
3238 2067 3365 2107 vero
3395 2051 3645 2106 adveniet

2068 2139 2344 2206 Christus,
2373 2150 2536 2211 atque
2583 2152 2715 2198 tunc
2737 2143 2991 2198 smcnlum
3016 2144 3084 2199 ad
3132 2142 3295 2197 ﬁnem
3330 2152 3532 2212 verget.
3564 2140 3647 2197 0b

2070 2228 2237 2284 Eliam
2286 2240 2340 2286 et
2375 2230 2558 2286 Enoch
2592 2233 2707 2288 haec
2755 2233 2907 2300 dicit,
2957 2233 3022 2287 de
3051 2234 3245 2302 quibus
3291 2234 3453 2286 etiam
3480 2229 3648 2286 Joan-

2069 2335 2166 2375 nes
2198 2322 2250 2374 in
2281 2321 2626 2392 Apocalypsi,
2646 2322 2712 2377 Et
2742 2324 2899 2387 dabo,
2937 2325 3133 2394 inquit,
3161 2324 3362 2376 duobus
3400 2322 3648 2390 martyri-

2071 2412 2165 2465 bus
2192 2412 2342 2476 meis,
2374 2423 2425 2465 et
2453 2414 2833 2480 prapltetabunt
2861 2416 2973 2469 dies
3008 2415 3151 2469 mille
3194 2416 3443 2468 ducentos
3493 2426 3648 2466 sexa-

2068 2501 2233 2568 ginta,
2263 2501 2427 2554 saccis
2459 2502 2687 2558 induti“.

2738 2594 2892 2649 CAP.
2923 2595 2991 2650 X.

2125 2684 2291 2740 Vens.
2320 2686 2375 2741 '5.
2412 2702 2432 2738 ι
2467 2683 2668 2740 Panem
2700 2700 2804 2742 non
2835 2687 3205 2743 comederunt.
3239 2709 3258 2740 ι

2143 2775 2411 2849 Pr0pheta
2429 2778 2590 2834 docet
2625 2794 2871 2850 magnam
2893 2795 3013 2835 esse
3037 2780 3289 2837 virtutem
3316 2782 3575 2856 jejunium
3594 2797 3651 2845 et

2074 2869 2337 2921 malorum
2366 2869 2680 2938 patientiam
2733 2871 2986 2940 precibus
3029 2872 3394 2943 conjunctam,
3452 2880 3651 2948 quibus

2074 2971 2465 3028 ttOttnunquam
2503 2959 2700 3029 aliquis
2737 2961 3035 3016 visionibus
3063 2962 3259 3029 dignus
3291 2966 3540 3025 habetur.

2145 3049 2309 3105 Vens.
2345 3049 2398 3105 5.
2441 3068 2460 3102 ι
2502 3049 2597 3105 Vir
2623 3066 2761 3107 unus
2783 3052 3001 3107 indutus
3029 3053 3249 3110 baddin.
3297 3075 3317 3109 ι

460 3113 533 3209 in
560 3113 804 3218 ξβαξέδὶν-
822 3113 1067 3203 ποικίλον
1105 3113 1366 3218 σημαίνει
1399 3145 1603 3217 χιτῶνα
1626 3184 1642 3210 ,
1672 3140 1777 3201 οἶοί
1824 3147 1962 3199 εἰσιν

2139 3138 2354 3195 Baddin
2394 3142 2666 3212 signiﬁcat
2703 3154 2907 3199 vestem
2939 3145 3099 3212 ,varie
3153 3146 3486 3219 distinctam,
3514 3166 3651 3222 qua—

385 3254 433 3305 oi
468 3247 654 3303 πιστοὶ
685 3246 735 3299 οί
767 3246 824 3297 ὲν
862 3241 942 3313 τῷ
985 3238 1214 3310 ποικίλῳ
1244 3239 1352 3292 τῶν
1390 3238 1603 3309 ἀρετῶν
1632 3237 1966 3309 διαπρέπον-

386 3358 498 3406 τες,
530 3336 623 3401 οὓς
658 3338 687 3389 6
715 3332 949 3406 Χριστὸς
976 3332 1135 3401 φορεῖ
1160 3329 1235 3392 ὡς
1267 3329 1502 3399 ἱμάτιον.
1527 3352 1598 3368 --
1638 3327 1969 3399 Ἐνδυσάμε-

389 3451 476 3493 νος
514 3431 641 3493 τοὺς
680 3426 905 3489 πιστοὺς
953 3426 982 3477 6
1017 3423 1190 3487 Θεὸς,
1240 3421 1600 3493 περισφίγγει
1646 3421 1848 3485 αὐτοὺς
1889 3420 1968 3491 τῷ

389 3520 710 3591 Εὐαγγελίω
738 3517 814 3588 τῷ
847 3516 1016 3586 τιμίῳ
1062 3513 1159 3568 καὶ
1204 3511 1461 3586 καθαρῷ,
1502 3511 1645 3565 ὥστε
1679 3512 1968 3566 πιστεῦσαι

391 3613 470 3676 εἰς
499 3611 597 3681 τὴν
630 3608 957 3663 ἀνάστασιν·
984 3602 1129 3672 ὀφὰζ
1157 3603 1267 3674 γὰρ
1289 3601 1654 3674 ἑρμηνεύεται
1685 3605 1966 3673 καθαρόν.

468 3722 488 3755 r
524 3701 600 3754 Τὸ
631 3699 925 3770 πρόσωπον
951 3694 1117 3749 αὐτοῦ
1148 3694 1280 3746 ὡσεὶ
1304 3694 1496 3764 ὅρασις
1521 3694 1832 3765 ἀστραπῆς.
1872 3713 1893 3746 ι

473 3796 561 3857 Ὠς
596 3787 786 3861 κριτοῦ
812 3786 1082 3857 αὐστηρόν
1110 3788 1226 3838 ἐστι
1251 3783 1313 3837 τὸ
1339 3784 1633 3857 πρόσωπον
1661 3785 1756 3838 καὶ
1785 3783 1972 3857 πυρῶ-

391 3889 478 3951 δες
499 3904 512 3917 ·
540 3883 688 3938 κατὰ
719 3880 827 3951 γὰρ
861 3878 956 3931 τοῦ
1003 3875 1384 3946 ἀντικειμένου
1437 3875 1734 3931 καυστικδν
1764 3878 1865 3949 ὁρᾷ
1885 3893 1899 3908 ο
1935 3877 1968 3950 ἢ

393 3980 475 4031 ὃτι
520 3976 736 4046 πλήρης
782 3968 857 4024 ὢν
908 3967 1225 4038 Πνεύματος
1278 3966 1432 4037 ἁγίου
1463 4006 1479 4031 ,
1529 3968 1598 4022 τὰ
1650 3968 1711 4020 ἐν
1763 3969 1967 4044 καρδίᾳ

396 4069 564 4142 ἑώρα.
593 4094 662 4107 --
693 4064 757 4118 Οἱ
784 4061 1064 4133 βραχίονες
1090 4058 1160 4111 τὰ
1189 4058 1301 4113 ἄνω
1328 4059 1469 4130 μέρη
1499 4057 1773 4128 δηλοῦσιν,
1802 4061 1830 4114 ὃ
1855 4061 1971 4115 ἐστι

393 4165 520 4225 τοὺς
551 4157 907 4230 προπάτορας
937 4168 955 4186 ο
984 4152 1053 4206 τὰ
1092 4151 1148 4204 δὲ
1186 4151 1353 4221 σκέλη
1379 4190 1395 4215 ,
1423 4151 1548 4214 τοὺς
1575 4150 1671 4205 νῦν
1711 4152 1967 4217 πιστούςο

396 4255 494 4328 μία
521 4253 632 4324 γὰρ
656 4252 691 4323 η
719 4248 829 4302 τῶν
851 4244 1213 4319 προπατόρων
1242 4243 1393 4314 καὶή
1425 4241 1534 4295 τῶν
1567 4240 1662 4296 νῦν
1688 4242 1861 4309 τάξις.

469 4445 491 4480 ι
539 4422 903 4494 ’Υπελείφθην
934 4420 1116 4492 μόνος.
1158 4437 1176 4470 ι

466 4524 529 4574 Οί
567 4520 675 4589 γὰρ
704 4517 923 4570 ἄπιστοι
964 4514 1024 4567 ού
1072 4511 1375 4580 γνώσονται
1415 4508 1509 4563 τὸν
1546 4508 1802 4580 Χριστὸν,
1839 4507 1975 4563 ἀλλὰ

399 4612 687 4685 φεύξονται
711 4624 725 4638 ·
754 4609 805 4660 οί
833 4606 890 4659 δὲ
918 4603 1101 4656 πιστοὶ
1125 4604 1351 4672 ὄψονται
1383 4598 1569 4667 αὐτὸν,
1611 4598 1973 4671 φωτιζόμενοι

399 4704 488 4759 ὑπ’
521 4701 710 4766 αὑτοῦ,
741 4698 817 4761 ὡς
852 4697 945 4749 καὶ
977 4696 1005 4748 ὁ
1030 4693 1223 4756 πιστὸς
1252 4692 1475 4764 Δανιήλ.

352 4793 358 4797 ’
471 4816 489 4849 ι
532 4795 663 4849 Ἰδοὺ
694 4791 816 4863 χεὶρ
845 4785 1130 4856 ἁπτομένη
1156 4801 1279 4856 μου.
1317 4802 1337 4835 ι

475 4889 538 4944 ,η
565 4889 687 4959 χεὶρ
719 4880 978 4955 σημαίνει
1007 4877 1106 4947 τὴν
1140 4879 1204 4929 ἐκ
1247 4876 1449 4947 μέρους
1477 4874 1683 4945 γνῶσιν
1711 4876 1813 4946 τῆς
1836 4877 1974 4948 ἀλη-

397 4982 545 5044 θείας
565 4983 663 5051 τὴν
679 4970 1064 5042 εύαγγελικήν.
1079 4996 1150 5008 -——
1166 4967 1339 5031 Αὐτὸς
1357 4966 1469 5038 γάρ
1499 4968 1647 5020 ἐστιν
1673 4969 1701 5021 6
1726 4968 1966 5038 Χριστὸς

393 5077 422 5128 6
458 5071 667 5144 μέλλων
713 5063 1020 5134 ἀναστῆσαι
1055 5062 1165 5113 πᾶν
1202 5058 1261 5112 τὸ
1287 5058 1397 5112 τῶν
1438 5057 1746 5134 ἀνθρώπων
1786 5060 1967 5129 γένος.

471 5182 491 5215 ι
541 5158 922 5228 Ἢκούσθησαν
951 5155 1000 5208 οἰ
1032 5152 1182 5221 λόγοι
1222 5167 1340 5204 σου.
1380 5168 1400 5203 ι

389 5276 408 5293 ο
478 5252 699 5322 Ἐπειδὴ
719 5247 963 5319 ἠκούσθη
998 5247 1032 5316 ἡ
1059 5241 1244 5310 δέησίς
1274 5260 1393 5311 σου,
1429 5241 1571 5296 ὥστε
1598 5242 1970 5312 ἀποσταλῆναι

396 5348 488 5403 τδν
531 5344 693 5408 λαὸν,
735 5339 899 5412 βουλὴ
928 5338 1147 5408 ἐγένετο
1196 5335 1325 5406 περὶ
1354 5334 1548 5388 τούτου
1569 5349 1583 5364 ο
1615 5333 1711 5388 καὶ
1750 5334 1971 5389 πάντων

399 5438 685 5507 λεγόντων,
709 5434 802 5503 Μὴ
833 5427 1113 5500 ἀποσταλῇ
1141 5425 1333 5492 ὁλαὸς,
1362 5426 1524 5497 μόνος
1543 5428 1571 5480 ὁ
1590 5425 1810 5497 Μιχαὴλ
1841 5427 1969 5482 άντ-

399 5531 552 5601 έστη,
582 5528 640 5592 ὃς
668 5523 837 5598 ἦρχεν
858 5524 1012 5597 ὑμῶν
1041 5527 1098 5578 ὲν
1127 5522 1199 5593 γῇ
1229 5520 1532 5591 Αἰγύπτου.

468 5730 491 5763 ⁵
522 5730 686 5797 Apoc.
725 5740 800 5782 χι.
831 5725 877 5777 ’5.

2071 3230 2148 3285 les
2168 3242 2296 3286 sunt
2329 3233 2502 3287 sancti
2535 3234 2702 3289 variis
2732 3236 3020 3291 virtutibus
3060 3239 3461 3309 praefulgentes,
3509 3259 3648 3313 quos

2069 3320 2319 3377 Christus
2370 3322 2674 3378 vestimenti
2728 3323 2904 3380 instar
2945 3337 3146 3395 gestat.
3182 3326 3324 3383 Deus
3352 3330 3539 3387 ﬁdeles
3568 3334 3653 3388 in-

2070 3410 2253 3478 dutus,
2303 3412 2678 3468 circumvolvit
2710 3429 2804 3470 eos
2837 3417 3144 3472 venerando
3196 3434 3439 3489 puroque
3470 3423 3651 3480 Evan-

2069 3498 2227 3568 gelio,
2262 3510 2320 3555 ut
2369 3502 2425 3555 in
2463 3503 2920 3560 resurrecﬁouem
2973 3506 3216 3563 credant.
3268 3508 3454 3575 Ophaz
3503 3516 3648 3570 enim

2072 3589 2341 3660 signiﬁcat
2369 3608 2582 3660 purum.

2152 3675 2313 3729 Vens.
2351 3676 2403 3732 6.
2442 3695 2461 3729 ι
2502 3677 2694 3735 Facies
2722 3679 2841 3750 ejus
2862 3681 3010 3738 velut
3039 3695 3296 3754 aspectus
3335 3688 3582 3761 fulguri$
3624 3712 3646 3747 ι

2142 3766 2393 3836 Utjudex
2437 3784 2683 3826 severam
2717 3774 2877 3829 habet
2910 3784 2964 3830 et
3005 3777 3161 3845 quasi
3218 3777 3533 3838 fulmineam
3573 3786 3653 3841 l'a-

2071 3856 2209 3912 ciem
2242 3875 2257 3926 ;
2286 3874 2409 3914 nam
2432 3871 2621 3918 contra
2644 3864 3015 3921 adversarium
3032 3868 3217 3938 igneos
3237 3873 3503 3928 convertit
3522 3889 3654 3931 ocu-

2073 3946 2152 4004 los
2177 3966 2192 4016 ;
2216 3959 2309 4005 aut
2331 3952 2457 4023 quia
2485 3952 2688 4024 Spiritu
2711 3952 2903 4012 sancto
2945 3958 3181 4027 repletus
3247 3961 3392 4017 videt
3436 3978 3557 4034 qua:
3597 3967 3650 4021 in

2073 4043 2237 4097 corde
2267 4053 2411 4098 sunt.
2443 4043 2673 4101 Brachia
2726 4048 3033 4118 signiﬁcant
3065 4050 3309 4106 membra
3341 4056 3645 4123 superiora,

2075 4134 2128 4190 id
2159 4145 2264 4200 est,
2307 4136 2563 4208 majores,
2612 4139 2819 4195 femora
2866 4149 3048 4195 autem
3091 4156 3187 4197 eos
3237 4144 3329 4213 qui
3391 4161 3534 4203 nunc
3567 4149 3648 4203 vi.

2075 4237 2245 4282 vunt:
2275 4227 2537 4297 majorum
2564 4232 2707 4287 enim
2746 4241 2799 4288 et
2830 4248 2976 4288 nunc
2999 4232 3293 4291 viventium
3324 4252 3461 4295 unus
3481 4240 3652 4296 ident-

2074 4332 2179 4386 que
2207 4326 2293 4373 est
2320 4320 2474 4374 ordo.
2716 4332 2725 4344 '

2150 4407 2316 4464 Vens.
2344 4409 2398 4466 8.
2437 4429 2457 4463 ι
2499 4410 2740 4469 Relictus
2766 4429 2881 4469 sum
2910 4415 3076 4472 solus.
3120 4436 3141 4471 ι

2149 4498 2402 4558 lnﬁdeles
2453 4504 2598 4558 enim
2640 4506 2917 4561 Christum
2975 4524 3080 4563 non
3152 4521 3503 4580 cognoscent,
3552 4513 3648 4569 sed

2076 4596 2388 4667 anfugient;
2424 4599 2612 4655 ﬁdeles
2644 4613 2791 4668 vero,
2825 4602 3131 4659 eollustrati
3159 4603 3227 4659 ab
3256 4619 3343 4670 eo,
3370 4606 3448 4661 uti
3483 4607 3649 4663 etiam

2076 4687 2265 4745 Daniel
2292 4692 2484 4759 ﬁdelis,
2514 4708 2639 4749 eum
2663 4696 2944 4752 videbunt.

2146 4781 2313 4838 Vens.
2346 4784 2434 4839 10.
2468 4804 2488 4837 ι
2523 4785 2664 4842 Ecce
2689 4803 2880 4844 manus
2911 4804 3031 4845 mea
3071 4797 3316 4861 tangens.
3355 4809 3374 4843 ι

2144 4876 2335 4931 Manus
2374 4877 2579 4932 indicat
2645 4881 3010 4949 evangelicam
3076 4897 3194 4952 quze
3250 4897 3316 4936 ex
3364 4891 3518 4951 parte
3573 4883 3653 4946 ﬁt.

2070 4966 2321 5022 veritatis
2378 4967 2763 5036 cognitionem.
2812 4967 2932 5039 Ipse
2994 4970 3137 5026 enim
3194 4969 3447 5026 Christus
3494 4986 3656 5027 omne

2070 5056 2351 5112 hominum
2380 5072 2549 5127 genus
2578 5059 2946 5116 resuscitabit.

2138 5146 2305 5202 Vens.
2339 5147 2428 5202 i2.
2462 5163 2483 5198 ι
2519 5148 2716 5204 Audita
2749 5159 2879 5203 sunt.
2901 5149 3063 5204 verba
3090 5156 3202 5203 tua.
3237 5167 3259 5201 δ

2146 5236 2357 5293 Auditis
2384 5238 2639 5309 precibus
2673 5254 2810 5309 quas
2854 5254 2952 5309 pro
2983 5239 3303 5297 dimittenda
3345 5240 3544 5311 populo
3572 5238 3646 5295 le-

2079 5329 2224 5395 cisti,
2265 5329 2547 5385 consilium
2580 5332 2681 5385 hac
2718 5331 2786 5386 de
2811 5347 2871 5386 re
2901 5331 3144 5386 habitum
3168 5341 3273 5397 est,
3302 5341 3497 5386 etcum
3533 5346 3656 5384 om-

2079 5433 2196 5484 nes,
2223 5423 2303 5479 Ne
2324 5419 2626 5476 dimittatur
2645 5420 2899 5490 populus,
2930 5420 3217 5487 dixissent,
3247 5419 3394 5475 solus
3421 5416 3654 5472 Michael

2076 5511 2130 5566 in
2157 5511 2487 5567 contrariam
2511 5512 2643 5568 abiit
2664 5511 3014 5580 sententiam,
3044 5512 3134 5580 qui
3159 5510 3311 5566 vobis
3337 5507 3576 5579 praefecit
3597 5506 3679 5563 iu-

2078 5601 2328 5671 Egypto.
