4072 6394
459 289 596 352 1379
1619 277 1958 341 AMMONII
1997 275 2529 344 ALEXANDRINI
3609 299 3744 370 ηερ

526 400 691 454 Vsus.
727 395 816 451 16.
853 413 872 448 ι
914 393 985 450 Ut
1011 391 1305 448 similitudo
1331 390 1454 446 Filii
1485 392 1739 446 hominis.
1785 409 1805 445 ι
2066 394 2114 448 Α

1621 392 1739 446 inis.
1785 409 1805 445 ι
2066 394 2114 448 A
2217 409 2236 443 ι
2292 392 2380 456 Ὠς
2407 395 2669 464 ὁμοίωσις
2703 395 2829 451 Υἱοῦ
2857 398 3172 472 ἀνθρώπου.
3209 423 3229 458 ι

525 490 789 544 Ρηενίιιοι
821 487 1323 541 inhmnauationem
1373 483 1677 555 Untgeniti,
1713 491 1770 537 et
1803 480 2038 552 appellat

2215 484 2534 558 Προοεωρεί
2574 488 2673 560 τὴν
2706 491 2988 558 σάρκωσιν
3035 495 3130 549 τοῦ
3179 499 3560 567 Μονογενοῦς,
3607 501 3738 563 Υῐδν

452 583 646 638 Filium
668 581 924 644 hominis,
945 581 1035 649 qui
1054 593 1083 633 e
1105 589 1292 632 sancta
1322 577 1488 632 Maria
1507 576 1818 631 nasciturus
1837 583 1892 628 et
1911 587 2034 628 sese

2138 574 2428 672 ἀνθρώπου
2459 581 2746 651 ὀνομάζων
2771 585 2864 639 τὸν
2898 587 3164 657 μέλλοντα
3187 593 3446 660 γενέσθαι
3475 597 3606 652 Υἱὸν
3635 602 3735 672 τῆς

453 672 724 725 hominem
752 669 994 722 facturus
1022 677 1163 722 erat.
1875 711 1881 719 .

1875 711 1881 719 .
2138 665 2303 735 ἁγίας
2333 671 2554 742 Μαρίας
2585 676 2680 727 καὶ
2709 676 3157 751 ὲνανθρωπῆσαι.

525 781 544 814 ι
581 761 854 817 Conversa
885 768 1009 814 sunt
1039 759 1248 815 viscera
1277 774 1414 813 mea.
1457 778 1476 810 ι

1457 778 1476 810 ι
2212 780 2231 812 ι
2277 762 2556 835 Ἐστράφη
2585 766 2654 820 τὰ
2677 769 2828 833 ἐντός
2859 788 2984 841 μου.
3028 791 3046 824 ι

517 853 968 924 Quandoquidem
994 853 1101 907 vita
1146 853 1449 923 comparari
1490 851 1628 906 solet
1677 860 1829 914 rotae,
1869 851 2033 906 homo

2219 855 2440 928 Ἐπειδὴ
2481 859 2660 930 τροχῷ
2707 862 3078 934 παρείκασται
3114 869 3143 920 6
3190 867 3306 938 βέος
3328 914 3344 936 ,
3379 870 3466 925 δεῖ
3499 873 3592 928 τὸν
3621 875 3731 929 ἔσω

447 949 538 1019 qni
569 949 620 1002 in
657 947 865 1002 sanctis
891 956 1163 1012 versatur,
1202 947 1302 1001 hoc
1330 956 1438 1012 est,
1474 945 1654 1000 anima
1676 945 1732 999 in
1766 945 1872 1000 vita
1901 961 2032 1001 con-

2131 947 2240 999 τῶν
2275 948 2446 1016 ἁγίων
2478 950 2792 1023 ἄνθρωπον,
2825 957 3074 1010 τουτέστι
3103 959 3206 1030 τὴν
3229 961 3410 1033 ψυχὴν
3455 965 3556 1034 τὴν
3589 967 3727 1020 ἀνα-

445 1055 602 1096 versa
632 1039 792 1094 debet
823 1039 963 1093 mala
1004 1040 1320 1108 relinquere
1353 1038 1406 1092 in
1445 1047 1613 1101 terra,
1647 1037 1790 1092 bona
1821 1046 2026 1102 autem,

2133 1041 2512 1112 στρεφομένην
2537 1044 2597 1095 ὲν
2627 1043 2708 1114 τῷ
2733 1044 2856 1116 βίῳ,
2885 1047 2954 1099 τά
2981 1048 3080 1117 μὲν
3114 1053 3261 1106 κακά
3308 1054 3406 1124 ὲᾷν
3444 1057 3617 1123 κάτω,
3657 1059 3729 1112 τὰ

447 1133 701 1186 nimirum
736 1133 908 1187 bonas
939 1131 1206 1197 actiones,
1242 1144 1272 1185 a
1307 1131 1541 1185 terrenis
1574 1129 1643 1184 ad
1679 1129 1934 1185 sublimia
1965 1135 2020 1184 et

2126 1129 2184 1184 δὲ
2217 1133 2358 1185 καλά
2381 1133 2418 1186 ἃ
2437 1135 2553 1187 ἔστι
2583 1134 2684 1198 τὰς
2709 1137 2954 1208 χρηστὰς
2979 1139 3229 1210 πράξεις,
3263 1145 3374 1198 ἀπὸ
3391 1147 3500 1200 τῶν
3521 1149 3727 1218 γηΐνων

443 1225 687 1278 rmlestia
717 1224 984 1278 attollere.

2129 1223 2358 1291 ἀνάγειν
2392 1225 2486 1278 ἐπὶ
2512 1227 2579 1280 τά
2614 1226 2797 1299 ὑψηλά
2838 1231 2932 1286 καὶ
2963 1231 3217 1303 οὐράνια.

513 1314 677 1369 Vsus.
702 1312 790 1367 l9.
819 1332 840 1367 ι
884 1312 1040 1368 Vires
1070 1314 1273 1383 recepi.
1323 1331 1342 1364 ι

972 1328 1040 1368 ες
1070 1314 1273 1383 recepi.
1323 1331 1342 1364 ι
2209 1331 2225 1362 ι
2269 1313 2517 1385 Ἰσχυσα.
2561 1335 2580 1370 ι

513 1405 648 1459 Cutn
676 1405 822 1461 enim
857 1406 982 1459 vitae
1013 1415 1209 1459 nostra:
1239 1405 1382 1460 vires
1412 1403 1692 1470 deficiunt,
1723 1415 1777 1460 et
1805 1419 2020 1462 omnem

2201 1406 2371 1459 Ὅταν
2405 1409 2517 1479 γὰρ
2545 1409 2833 1484 παραλυθῇ
2863 1414 2895 1483 ἠ
2931 1413 3028 1467 τοῦ
3067 1415 3184 1486 βίου
3215 1418 3375 1488 ἡμῶν
3409 1421 3585 1492 ἰσχὺς,
3626 1423 3723 1476 καὶ

438 1497 665 1566 gloriam
727 1507 993 1550 terrenam
1044 1496 1393 1566 reliquimus,
1427 1497 1500 1551 ita
1549 1505 1606 1550 ut
1641 1497 1711 1552 nd
1741 1497 1874 1552 nihil
1906 1513 2023 1552 am-

2124 1497 2311 1550 πᾶσαν
2342 1497 2502 1562 δόξαν
2531 1499 2780 1569 ἐπίγειον
2805 1504 3224 1577 καταλίπωμεν,
3266 1508 3469 1578 μηκέτι
3504 1510 3722 1580 ἰσχύον-

438 1589 583 1660 plius
611 1603 677 1644 ea
714 1589 871 1644 nobis
899 1589 1093 1656 prosit,
1148 1599 1278 1644 tunc
1315 1589 1460 1645 vires
1517 1591 1674 1645 nobis
1705 1592 2017 1661 suppeditat

2123 1605 2216 1651 τες
2246 1592 2305 1643 ὲν
2332 1591 2498 1662 αὐτῇ,
2530 1591 2655 1646 τότε
2683 1593 2782 1666 τὴν
2809 1595 3044 1666 δύναμιν
3076 1598 3178 1668 τὴν
3207 1603 3358 1670 παρά
3399 1602 3538 1656 Θεοῦ
3573 1604 3719 1675 λαμ-

440 1685 602 1748 Dens,
632 1691 686 1737 et
733 1681 988 1736 Christus
1031 1681 1187 1736 nobis
1227 1697 1444 1735 Illalllltll
1497 1683 1727 1752 porrigit
1775 1684 2012 1740 dicens:

2124 1680 2400 1753 ϐάνομεν,
2445 1685 2691 1754 Χριστοῦ
2741 1687 3032 1758 ὀρέγοντος
3074 1690 3173 1762 τὴν
3228 1695 3391 1766 χεῖρα
3433 1696 3588 1767 ἡμῖν,
3621 1697 3718 1751 καὶ

435 1773 758 1828 Confortare
789 1784 844 1827 et
870 1781 986 1828 esto
1021 1775 1303 1830 robustus.

1497 1745 1512 1752 -
1650 1745 1676 1752 -
2049 1745 2095 1803 Β
2122 1745 2397 1850 λέγοντος,
2449 1745 2731 1848 Ἀ’νδρίζου
2760 1745 2864 1834 καὶ.
2891 1745 3066 1852 ἴσχυε.

505 1864 673 1920 Vens.
707 1864 800 1919 20.
843 1882 861 1914 t
894 1865 994 1930 Qui
1025 1864 1230 1920 Graii-is
1257 1875 1508 1933 praeerat.
1553 1887 1574 1920 ι

1477 1875 1508 1921 t.
1553 1887 1574 1920 ι
2201 1886 2220 1918 ι
2273 1869 2332 1921 '0
2363 1868 2549 1941 ἄρχων
2577 1873 2688 1926 τῶν
2730 1871 3026 1945 Ἑλλήνων.
3067 1891 3085 1927 ι

506 1958 695 2024 Quitis
738 1959 965 2025 populus
1015 1954 1205 2011 habuit
1243 1958 1488 2028 angelum
1529 1957 1849 2027 tutelarem,
1880 1976 2016 2032 quo-

2195 1963 2465 2018 Ἕκαστον
2488 1963 2640 2030 ἔθνος
2669 1965 2785 2038 ἔχει
2815 1969 3046 2037 ἄγγελον
3069 1973 3486 2044 προστατοῦντα
3509 1973 3713 2041 αὐτῶν,

439 2051 617 2104 minus
653 2064 680 2101 a
706 2049 1039 2103 daemonibus
1090 2049 1397 2102 detrimenti
1439 2049 1566 2118 quid
1609 2061 1888 2118 caperent.
1923 2066 2012 2106 sc-

2118 2054 2206 2109 ἴνα
2235 2055 2312 2129 μὴ
2343 2057 2450 2112 ὑπὸ
2472 2059 2746 2130 δαιμόνων
2787 2059 3028 2130 βλαδῶσι
3051 2078 3065 2092 ⁸
3102 2067 3246 2120 κατά
3269 2067 3331 2120 τὸ
3351 2107 3366 2131 ,
3401 2068 3716 2136 Ἕστησεν

433 2143 668 2195 eundum
704 2140 836 2195 illud
873 2157 886 2194 :
921 2139 1210 2196 Constituit
1234 2141 1364 2211 ﬁnes
1385 2143 1702 2210 papulorum
1722 2145 2012 2198 secundum

2119 2147 2252 2218 ὅρια
2277 2150 2472 2206 ἐθνῶν
2511 2153 2663 2206 κατὰ
2697 2153 2964 2224 ἀριθμῶν
2990 2157 3265 2227 ἀγγέλων
3310 2159 3495 2213 Θεοῦο
3529 2161 3712 2233 παρῆν

433 2245 708 2285 numerum
739 2229 1046 2301 angelorum
1077 2229 1172 2286 Dei
1195 2231 1239 2285 ⁸.
1271 2230 1460 2285 Adfuit
1489 2232 1660 2302 igitur
1689 2247 1871 2288 coram
1901 2233 2012 2289 Deo

2117 2241 2213 2295 οὖν
2244 2241 2478 2298 ἐνώπιον
2508 2244 2604 2299 τοῦ
2653 2245 2790 2301 Θεοῦ
2821 2247 2915 2301 καὶ
2955 2251 2984 2302 6
3021 2250 3210 2322 ἄρχων
3237 2251 3346 2306 τῶν
3409 2229 3706 2326 Ἑλλήνων,

433 2325 595 2376 etiam
627 2323 854 2393 angelus
889 2322 1226 2389 Craacornm,
1261 2333 1320 2378 ut
1349 2332 1405 2377 et
1437 2323 1552 2393 ipse
1579 2325 1795 2380 audiret
1826 2327 2016 2382 vatici-

2117 2333 2205 2389 ἵνα
2239 2336 2334 2389 καὶ
2366 2337 2530 2402 αὐτὸς
2559 2338 2770 2410 ἀκούσῃ
2803 2340 2904 2404 τάς
2931 2342 3318 2414 ρηθησομένας
3365 2322 3713 2417 προφητείας

432 2418 516 2467 nia
545 2419 869 2485 proferenda
899 2417 966 2470 de
987 2417 1298 2472 Alexandro
1316 2415 1544 2485 ejusque
1571 2417 2009 2485 successoribus,

2115 2429 2245 2499 περὶ
2287 2429 2638 2502 Ἀλεξάνδρου
2673 2432 2766 2485 καὶ
2797 2431 2908 2484 τῶν
2938 2433 3058 2502 μετ’
3084 2435 3270 2504 αὑτὸν,
3293 2415 3499 2502 οἵτινες
3541 2415 3711 2510 ἔμελε

429 2510 517 2577 qui
561 2506 712 2562 orbis
745 2518 1011 2562 terrarum
1046 2507 1274 2576 imperio
1303 2517 1490 2563 essent
1516 2509 1762 2577 potituri.

1430 2517 1490 2562 nt
1516 2509 1762 2577 potituri.
2112 2519 2204 2574 λον
2239 2523 2516 2594 κρατῆσαι
2549 2523 2650 2594 τῆς
2683 2523 3038 2596 οἰκουμένης.

1070 2598 1222 2655 CAP.
1265 2599 1357 2655 XI.

2737 2617 2899 2672 ΚΕΦ.
2934 2615 3035 2672 ΙΛ’.

501 2692 662 2748 Vens.
701 2689 759 2748 2.
795 2684 820 2743 ί
856 2691 1153 2747 Veritatem
1177 2694 1516 2749 annuntiabo
1555 2693 1672 2748 tibi.
1712 2711 1731 2746 ι

1460 2707 1516 2749 )0
1555 2693 1672 2748 tibi.
1712 2711 1731 2746 ι
2189 2722 2210 2756 ι
2259 2703 2546 2777 ’Δλήθειαν
2578 2706 2870 2777 ἀναγγελῶ
2902 2724 3006 2763 σοι.
3049 2727 3068 2762 ι

497 2782 554 2836 id
590 2793 692 2850 est,
737 2797 858 2854 qua:
898 2782 1120 2838 deﬁnita
1170 2794 1297 2840 sunt
1327 2801 1356 2840 a
1388 2786 1518 2852 Deo,
1543 2785 1636 2840 tibi
1669 2786 1922 2856 praedico,
1947 2795 2008 2841 ut

2195 2797 2342 2852 Ἀντὶ
2370 2797 2490 2866 τοῦ,
2519 2799 2588 2853 τὰ
2609 2800 2899 2870 ὁρισθέντα
2926 2803 3080 2874 παρὰ
3112 2801 3250 2856 Θεοῦ
3283 2803 3536 2877 προλέγω
3577 2823 3659 2861 σοι
3682 2847 3696 2868 ,

423 2870 621 2926 litteris
650 2886 714 2925 ea
745 2871 969 2927 mandes
989 2915 1004 2940 ,
1032 2873 1300 2943 siquidem
1336 2889 1463 2931 vere
1494 2875 1640 2930 exitu
1674 2877 2004 2946 comproba-

2106 2887 2144 2944 ἃ
2178 2890 2275 2943 καὶ
2308 2888 2422 2961 ἔχει
2449 2893 2515 2944 ὲκ
2553 2890 2646 2945 σοῦ
2684 2893 2986 2964 γραφῆναι,
3013 2870 3113 2950 καὶ
3132 2870 3351 2967 ἀληθῶς
3379 2870 3490 2967 ἔχει
3525 2899 3691 2953 πάντα

423 2973 642 3018 δυιιῐυΐ.
1157 2999 1162 3004 ·

1157 2999 1162 3004 ·
2107 2981 2406 3053 ἀποϐῆναι.

1053 3055 1207 3154 CAP.
1235 3057 1364 3154 _xlt_.
1418 3148 1430 3154 -
2028 3093 2076 3154 ο

2028 3093 2076 3154 c
2749 3075 2912 3132 ΚΕΦ.
2949 3078 3053 3132 ῙΒ’.

489 3141 656 3201 Vss.
690 3145 748 3200 2.
784 3161 803 3197 ι
842 3143 1153 3216 Resurgent
1195 3148 1248 3202 hi
1282 3149 1346 3202 ad
1381 3148 1548 3202 vitam
1584 3159 1867 3208 aeternam.
1905 3167 1926 3204 ι
2032 3141 2076 3154 ”’

2032 3141 2076 3154 *
2189 3183 2208 3217 ι
2259 3164 2750 3238 Ἐξεγερθήσονται
2776 3161 2928 3224 οὗτοι
2963 3171 3044 3234 εις
3067 3171 3213 3240 ζωὴν
3239 3171 3472 3225 αἰώνιον.
3518 3189 3536 3222 ι

491 3235 631 3291 Cum
663 3247 955 3307 utrumque
988 3239 1188 3293 dixerit
1234 3239 1353 3295 fore
1383 3249 1671 3308 aeternum,
1725 3255 2000 3312 nunquam

2178 3256 2364 3312 Εἰπὼν
2410 3235 2508 3312 ἐπὶ
2539 3235 2871 3334 ἀμφοτέρων
2909 3262 2971 3316 τὸ
3021 3235 3268 3329 αἰώνιον,
3319 3262 3558 3330 ἐδίδαξεν
3605 3263 3691 3316 ὅτι

419 3327 709 3395 impiorum
735 3339 952 3396 poenam
981 3327 1192 3382 lluitum
1248 3328 1314 3383 iri
1370 3331 1796 3399 demonstravit;
1830 3348 2002 3404 neque

2107 3349 2535 3415 ἀκατάπαυστος
2565 3353 2598 3422 ή
2626 3353 2770 3407 κοιτά
2801 3354 2914 3408 τῶν
2943 3353 3160 3408 ἀσεϐῶν
3189 3354 3430 3425 τιμωρία
3453 3367 3469 3383 ⁶
3499 3355 3560 3406 οὐ
3587 3353 3694 3424 μὴν

420 3419 587 3488 igitur
620 3417 689 3472 ad
725 3427 936 3488 tempus
981 3421 1141 3475 modo
1173 3421 1536 3492 restringitur,
1564 3425 1638 3479 uti
1666 3427 1880 3496 quidam
1913 3426 1999 3481 fa-

2109 3441 2470 3513 πρόσκαιρος,
2487 3442 2566 3508 ὡς
2585 3417 2962 3515 ’μυθολογοῦσι
2988 3463 3156 3510 τινες.
3183 3417 3377 3518 Εἱίγάρ
3390 3446 3454 3500 τὸ
3477 3417 3696 3500 αἰώνιον

417 3511 692 3565 liniantur.
732 3510 789 3566 Si
818 3509 962 3565 enim
994 3511 1138 3581 quod
1183 3523 1448 3568 reternum
1482 3514 1709 3581 dicitur,
1757 3524 1999 3587 tempore

2107 3509 2473 3605 πρόσκαιρον,
2513 3509 2718 3590 οὐκοῦν
2761 3509 2858 3591 καὶ
2903 3539 2962 3592 αι
3010 3509 3355 3603 ἀπολαύσεις.
3380 3539 3492 3592 τῶν
3521 3539 3698 3608 ἁγίων

418 3603 1200 3671 t-ircnmscriberetur,etiam
1263 3607 1480 3677 przemia
1535 3617 1843 3663 sanctorum
1899 3610 1998 3664 ali-

2105 3603 2435 3694 πρόσκαιροι
2457 3641 2474 3658 ο
2502 3627 2642 3697 ὅπερ
2669 3625 2794 3681 οὔτε
2824 3628 2981 3683 αὐτοὶ
3000 3631 3050 3684 oi
3079 3630 3266 3696 κακῶς
3287 3629 3540 3696 δόξαντες
3563 3603 3700 3702 περὶ

413 3695 634 3765 quando
673 3695 739 3752 ad
770 3694 931 3752 ﬁnem
960 3698 1356 3769 pertingerent,
1390 3699 1532 3770 quod
1567 3715 1637 3754 ne
1669 3699 1744 3755 illi
1775 3701 1994 3773 quidem

1131 3709 1356 3769 igereut,
1390 3699 1532 3770 quod
1567 3715 1637 3754 ne
1669 3699 1744 3755 illi
1775 3701 1994 3773 quidem
2103 3716 2204 3786 τῆς
2244 3717 2482 3789 κρίσεως
2509 3694 2739 3775 εἴποιεν.

414 3787 503 3860 qui
545 3789 686 3844 male
717 3789 782 3844 de
815 3789 1024 3860 judicio
1045 3800 1313 3856 statuunt,
1352 3793 1534 3859 dicere
1559 3793 1779 3848 audent.

485 3877 644 3933 Vnus.
672 3879 726 3935 5.
762 3897 780 3930 ι
829 3877 903 3933 Ex
932 3879 1098 3951 justis
1131 3881 1336 3936 multis.
1387 3901 1406 3934 ι

2179 3913 2199 3946 ι
2253 3895 2386 3948 Ἀπὸ
2407 3893 2518 3948 τῶν
2549 3895 2777 3950 δικαίων
2803 3897 2911 3953 τῶν
2937 3899 3172 3956 πολλῶν.
3207 3919 3226 3956 ι

488 3967 878 4022 Animadverte
915 3970 1142 4040 gloriam
1176 3982 1490 4026 sanctorum
1523 3985 1647 4030 esse
1695 3973 1990 4044 diversam,

2173 3987 2494 4058 Σημείωσαι
2535 3987 2618 4041 ὃτι
2660 3987 2922 4060 διάφορος
2962 3993 2995 4063 ὴ
3035 3993 3144 4046 τῶν
3190 3993 3364 4062 ἁγίων
3409 3992 3575 4060 δόξα·
3609 3994 3699 4051 διὸ

409 4075 583 4128 quare
613 4062 774 4115 etiam
817 4063 1127 4118 mansiones
1158 4064 1392 4120 diversa:
1417 4106 1432 4131 ,
1468 4066 1738 4135 siquidem
1801 4083 1992 4124 omnes

2101 4078 2196 4132 καὶ
2227 4079 2422 4134 πολλαὶ
2439 4079 2538 4134 καὶ
2562 4080 2812 4152 διάφοροι
2836 4085 2892 4137 αἱ
2925 4062 3108 4156 μοναὶ,
3136 4087 3186 4139 sl
3209 4087 3304 4140 καὶ
3330 4088 3534 4152 πάντες
3560 4089 3699 4143 εἵσω

407 4166 459 4206 l'n
487 4168 709 4223 regnum
731 4155 1025 4211 introeunt.

2100 4169 2347 4240 γίνονται
2378 4174 2488 4229 τῶν
2526 4174 2841 4244 βασιλειῶν.

477 4243 644 4301 Vsus.
674 4246 730 4300 4.
761 4265 778 4298 ι
814 4245 1194 4318 Multiplicetur
1225 4249 1476 4305 scientia.
1531 4268 1549 4301 ι

1279 4249 1476 4305 rieutia.
1531 4268 1549 4301 ι
2176 4284 2194 4316 ι
2239 4243 2835 4338 Πληουνθῇίήγνώσις,
2870 4287 2887 4321 ι

473 4337 780 4408 Antequam
806 4339 1056 4394 Christus
1077 4338 1389 4395 advenisset
1409 4352 1465 4395 et
1501 4341 1751 4400 homines
1772 4343 1992 4401 docuis-

2176 4358 2323 4420 Ἕως
2353 4337 2703 4429 ἐπεδήμησεν
2725 4359 2753 4412 ὁ
2778 4359 3036 4430 Χριστὸς,
3070 4361 3167 4415 καὶ
3193 4363 3489 4433 ὲσαφήνισε
3511 4365 3691 4420 ταῦτα

403 4441 483 4486 set
517 4434 651 4497 haec,
692 4431 888 4500 populo
930 4443 1088 4488 erant
1113 4432 1347 4501 occulta,
1379 4443 1435 4488 et
1465 4449 1528 4488 ex
1561 4447 1712 4504 parte
1743 4433 1993 4495 fortassis

2098 4450 2213 4512 τοῖς
2239 4449 2337 4500 ἁ.νο
2347 4449 2572 4520 ρώποις,
2607 4449 2782 4521 ἄδηλα
2815 4447 2886 4522 ἦν
2906 4455 3020 4517 τοῖς
3044 4453 3258 4517 πολλοῖς
3279 4471 3294 4486 ο
3312 4431 3467 4526 ῖτῖὰχα
3489 4456 3548 4509 δέ
3569 4473 3697 4512 τινα

402 4523 486 4579 vel
512 4525 809 4595 prophetis.

2100 4541 2194 4595 καὶ
2224 4542 2412 4606 αὐτοῖς
2438 4543 2553 4606 τοῖς
2581 4545 2913 4616 προφήταις.

474 4615 642 4671 Vsus.
677 4617 729 4672 7.
760 4635 779 4668 ι
809 4617 865 4672 lu
891 4630 1093 4670 annum
1120 4621 1174 4669 et
1200 4630 1372 4670 annos
1391 4624 1446 4670 et
1469 4615 1750 4673 dimidium
1779 4623 1932 4678 anui.
1964 4643 1982 4675 ι

2175 4650 2193 4682 ι
2235 4631 2328 4693 Εἰς
2361 4633 2554 4701 καιρὸν
2591 4635 2684 4686 καὶ
2717 4615 2947 4704 καιροὺς
2978 4637 3074 4688 καλ¹
3095 4637 3177 4700 εἰς
3199 4638 3374 4709 ἥμισυ
3403 4639 3626 4712 καιροῦ.
3666 4659 3687 4694 ι

474 4707 532 4762 1η
567 4709 768 4764 Enochi
798 4708 942 4762 enim
975 4709 1208 4760 adventu
1231 4748 1244 4770 ,
1282 4707 1372 4776 qui
1401 4708 1505 4762 erit
1531 4709 1692 4766 trium
1721 4727 1988 4775 annorum

2182 4723 2272 4778 Ἑν
2293 4722 2404 4795 γὰρ
2432 4726 2500 4795 τῇ
2531 4726 2812 4797 παρουσίᾳ
2844 4726 2955 4780 τῶν
2982 4729 3112 4800 περὶ
3149 4707 3341 4802 Ἑνώχ,
3371 4707 3689 4804 ητις-ἔσται

401 4811 455 4857 et
479 4803 710 4868 dimidii,
744 4799 897 4856 multi
929 4797 1214 4854 exJndzeis
1248 4798 1555 4856 inﬁdelibus
1578 4803 1859 4860 veritatem
1889 4821 1984 4860 eo-

2091 4816 2151 4867 ὲν
2175 4816 2356 4885 τρισὶν
2380 4817 2552 4888 ἥμισυ
2584 4820 2875 4884 ἐνιαυτοῖς,
2908 4821 3096 4874 πολλοὶ
3121 4821 3232 4877 τῶν
3256 4825 3691 4895 ἀπιστησάντων

405 4899 672 4964 gnoscent
691 4905 746 4950 et
768 4893 1028 4948 resistent
1050 4891 1390 4948 Antichristo
1417 4895 1508 4964 qui
1532 4911 1629 4952 eos
1663 4897 1980 4954 interﬁciet.

2106 4901 2352 4959 ’Ἰουδαῖοι
2402 4905 2705 4976 γνώσονται
2750 4908 2814 4966 τὸ
2848 4909 3083 4980 ἀληθὲς,
3123 4913 3218 4967 καὶ
3259 4891 3689 4986 ἀντιστήσονται

2091 4997 2172 5068 τῷ
2209 4995 2587 5071 Ἀντιχρίστῳ,
2623 4999 2719 5065 οὒς
2745 5001 2840 5055 καὶ
2867 5003 3184 5062 ἀποκτενεῖ.

474 5075 638 5130 Vens.
667 5073 755 5128 lt).
797 5088 817 5123 ι
863 5068 1289 5126 Sanctiﬁcentur
1319 5075 1492 5130 multi.
1533 5095 1554 5129 ι

1281 5075 1492 5130 'multi.
1533 5095 1554 5129 ι
2171 5107 2192 5140 ε
2241 5068 2576 5158 Ἀγιασοῶσι
2607 5091 2818 5148 πολλοι.
2869 5111 2889 5144 ι

470 5167 584 5221 Νοιι
621 5166 794 5229 dixit,
831 5177 1051 5226 omnes,
1089 5165 1182 5218 sed
1221 5167 1374 5220 multi
1405 5181 1424 5220 :
1461 5183 1635 5239 neque
1675 5171 1820 5226 enim
1857 5187 1963 5226 om-

2164 5178 2278 5231 Οὐκ
2297 5175 2442 5243 εἷπε,
2466 5182 2690 5246 πάντες,
2722 5181 2860 5236 ἀλλά
2883 5183 3128 5238 πολλοί·
3153 5185 3214 5238 οὐ
3243 5185 3352 5258 γάρ
3383 5186 3588 5249 πάντες
3629 5188 3683 5239 οἱ

405 5277 500 5320 nes
530 5259 788 5330 baptizati
821 5258 1124 5328 albescunt,
1155 5261 1252 5317 sed
1287 5263 1379 5333 qui
1416 5275 1561 5320 recte
1589 5269 1835 5324 credunt.

2088 5269 2476 5342 βαπτιζόμενοι
2494 5273 3085 5340 λευκαίνονται,ἀλλόἱ
3102 5276 3280 5348 ὀρθῶς
3301 5277 3679 5342 πιστεύοντες.

457 5354 636 5410 ‘Vzlts.
667 5351 756 5406 li.
795 5369 816 5404 ι
847 5350 1071 5406 Dabitur
1108 5353 1440 5411 abominatio
1469 5357 1838 5417 desolationis.
1881 5381 1902 5416 ο

1899 5389 1902 5406 μ
2167 5379 2185 5411 ι
2219 5361 2522 5433 Δοθήσεται
2555 5363 2616 5416 τὸ
2638 5364 2918 5437 βδέλυγμα
2955 5368 3056 5439 τῆς
3087 5367 3442 5439 ἐρημώσεως.
3488 5386 3507 5420 ι

469 5444 816 5500 Abominatio
845 5443 1198 5502 desolationis
1227 5447 1283 5502 in
1329 5449 1642 5505 universum
1690 5462 1777 5509 est
1820 5456 1976 5510 Anti-

2155 5449 2463 5506 Καθολικὸν
2493 5451 2776 5525 βδέλυγμα
2803 5455 2907 5525 τῆς
2950 5456 3292 5528 ἐρημώσεως
3323 5460 3352 5510 6
3415 5455 3677 5526 Αντίχρι-

397 5539 654 5602 christus,
691 5553 756 5593 ex
809 5551 964 5608 parte
993 5553 1172 5598 autem
1200 5543 1537 5611 Antiochus,
1569 5559 1678 5614 quo
1712 5558 1974 5615 regnante

2083 5561 2229 5608 στος,
2267 5545 2498 5614 μερικὺν
2541 5545 2599 5599 δὲ
2629 5548 2658 5600 6
2695 5547 2994 5618 Ἀντίοχος,
3028 5551 3116 5619 ἐφ’
3145 5543 3208 5604 οὗ
3250 5549 3344 5603 καὶ
3368 5550 3675 5604 οἱΜακκα-

395 5635 561 5689 etiam
594 5635 888 5692 Machabtei
919 5638 1240 5707 martyrium
1272 5637 1510 5704 subiere,
1532 5636 1796 5708 multique
1824 5639 1914 5694 alii
1938 5653 1970 5696 e

2079 5636 2223 5691 6αἰοι
2255 5638 2673 5711 ἐμαρτύρησαν,
2713 5642 2810 5696 καὶ
2846 5641 2998 5699 ἄλλοι
3025 5642 3212 5699 πολλοὶ
3241 5645 3350 5699 τῶν
3399 5641 3673 5729 Ἰουδαίων

462 5769 484 5801 ⁸
511 5771 646 5826 Deut
695 5787 868 5833 xxxn.
899 5785 1009 5829 sec.
1041 5769 1206 5825 LXX.
