4072 6434
362 296 492 362 1:231

1378 302 1841 370 FRAGMENTA
1879 310 1963 370 IN
2001 313 2060 371 S.
2105 314 2582 380 MATTILL'EUM.

3470 329 3608 397 1382

354 411 721 482 ἀνῃρέθησαν,
747 412 845 466 καὶ
869 412 1226 487 ἐκωλύθησαν
1253 415 1495 485 γίνεσθαι
1525 420 1582 471 αἱ
1610 419 1750 472 κατὰ
1777 419 1886 491 νόμ‹

1988 432 2009 488 ι
2043 421 2240 479 Judmis
2267 426 2517 481 trucidati
2543 436 2688 494 sunt,
2737 429 3004 496 siquidem
3030 446 3060 488 a
3096 434 3240 490 cultu
3279 435 3438 508 legali
3481 459 3611 512 pro-

355 500 618 569 λατρείαι.

428 610 447 642 ι
487 592 593 644 Καὶ
627 593 932 679 ἀναστήση.
971 612 990 646 ι

424 682 589 734 Ἦστε
619 683 713 737 οὖν
760 684 848 736 ἐπ’
896 686 1141 755 ἐσχάτων
1172 688 1280 741 τῶν
1344 691 1567 760 ἡμερῶν
1599 691 1753 745 ἔσται
1798 692 1935 746 ἀνά-

353 789 543 836 στασις
566 774 739 846 κοινὴ,
769 778 890 846 μεθ’
922 775 997 834 ὧν
1023 781 1207 851 μέλλει
1237 783 1438 854 Δανιὴλ
1469 784 1786 854 ἀναστῆναι.

2039 512 2381 568 bibebantur.

2117 604 2276 658 Vens.
2311 606 2397 659 l5.
2442 623 2462 657 ι
2500 605 2567 659 Et
2591 610 2958 666 resuscitahit.
2996 630 3017 665 ι

2108 696 2425 751 Communis
2465 696 2628 763 igitur
2653 700 2705 753 in
2744 701 2849 755 line
2879 703 3087 758 dierum
3117 707 3222 762 erit
3260 714 3608 779 resurrectio,

2039 796 2088 841 et
2117 796 2244 841 tunc
2274 787 2462 842 Daniel
2490 804 2703 858 quoque
2736 808 3142 854 resurrecturus
3175 808 3279 856 est.

1133 996 3592 1031 .________._____________________________________________

1110 1154 1829 1243 FRAGMENTA
1905 1160 2030 1247 1N
2107 1122 2866 1257 MATTH/EUM,

1411 1374 1507 1438 (Ex
1543 1381 1719 1425 catena
1750 1374 1955 1437 Nicette,
1981 1378 2255 1440 interprete
2287 1380 2554 1446 Cordcrio.)

914 1674 1166 1728 ΚΕΦΑΛ.
1213 1673 1331 1740 ις’.

419 1826 437 1859 ι
487 1809 579 1872 Ὃς
614 1807 723 1878 γὰρ
757 1807 821 1864 ἀν
854 1808 984 1880 θέλῃ
1002 1809 1103 1879 τὴν
1136 1808 1315 1879 ψυχὴν
1335 1805 1500 1861 αὐτοῦ
1537 1806 1731 1875 σῶσαι,
1771 1809 1913 1862 ἀπο·

246 1910 250 1914 ‘
337 1898 484 1952 λέσει
523 1901 729 1970 αὑτήν·
784 1900 842 1963 ὃς
888 1900 944 1954 δὲ
985 1900 1049 1955 ἂν
1100 1901 1345 1975 ἀπολέσῃ
1392 1901 1491 1972 τὴν
1527 1900 1706 1972 ψυχὴν
1749 1900 1916 1956 αὐτοῦ

336 1989 525 2043 ἕνεκεν
554 1992 710 2061 ἐμοῦ,
745 1993 971 2063 εὑρήσει
1000 1994 1190 2063 αὑτήν.
1233 2010 1252 2044 ι

409 2082 509 2150 Εἴη
540 2084 585 2136 δ’
631 2085 697 2138 ἂν
742 2084 915 2149 οὕτως
962 2085 1264 2156 μακάριος,
1308 2085 1336 2137 ὁ
1375 2086 1486 2147 τοῖς
1518 2079 1668 2139 οὖσιν
1713 2085 1916 2141 ἅπασιν

333 2177 635 2240 ἐπαινετῶς
673 2177 998 2243 ἀποθανὼν,
1029 2180 1143 2242 τοῖς
1183 2179 1281 2248 μὲν
1312 2176 1591 2247 αἰσθητοῖς
1620 2218 1636 2245 ,
1678 2181 1745 2251 τῇ
1777 2181 1913 2233 ἀπο-

333 2269 480 2322 θέσει
505 2269 604 2340 τῆς
635 2269 758 2323 κατ’
793 2268 1052 2340 αἴσθησιν
1081 2268 1364 2339 ἐνεργείας
1390 2283 1404 2299 ⁸
1435 2272 1550 2332 τοῖς
1582 2269 1640 2323 δὲ
1674 2274 1909 2341 νοητοῖς,

331 2363 394 2430 τῇ
420 2360 519 2430 τῆς
561 2361 682 2414 κατ’
711 2359 964 2431 αἴσθησιν
996 2358 1297 2413 ἀπολαύσει
1325 2360 1599 2428 κινήσεως
1624 2374 1638 2389 ο
1671 2358 1764 2411 νοῦ
1798 2359 1909 2431 γὰρ

329 2452 558 2511 θάνατος
588 2451 1001 2525 ἐπαινούμενος,
1033 2452 1067 2521 ὴ
1111 2451 1252 2523 πρὸς
1283 2449 1462 2503 πάντα
1499 2450 1568 2504 τά
1603 2449 1734 2505 ὄντα
1764 2469 1910 2520 γνω-

329 2543 465 2613 μικὴ
520 2545 870 2614 ἀπογένεσις,
917 2545 1039 2614 μεθ’
1082 2544 1149 2613 ἢν
1177 2541 1277 2613 τὴν
1327 2540 1479 2596 θείαν
1530 2542 1717 2614 χάριτι
1760 2542 1907 2613 ζωὴν

325 2636 685 2706 ὑποδέχεσθαι
715 2636 983 2705 πέφυκεν,
1012 2633 1135 2687 ἀντὶ
1158 2632 1268 2686 τῶν
1284 2631 1456 2685 ὄντων
1477 2631 1568 2685 τὸν
1590 2632 1765 2686 αἴτιον
1795 2634 1907 2685 τῶν

322 2727 490 2780 ὅντων
525 2729 861 2798 ἀνεννοήτως
916 2723 1236 2790 ἀποϐαλὼν,
1282 2724 1473 2793 ἐπειδὴ
1516 2720 1672 2778 εἶπεν
1712 2726 1742 2777 ὁ
1791 2723 1902 2777 Κύο

324 2836 440 2889 ριος
466 2833 480 2848 ⁸
544 2819 606 2872 '0
653 2819 848 2872 θέλων
894 2815 1093 2871 σῶσαι
1153 2814 1269 2883 τὴν
1323 2813 1559 2884 ψυχὴν,
1612 2814 1904 2870 ἀπολέσει

320 2913 536 2982 αὐτήν*
567 2912 636 2980 ὃς
658 2912 710 2966 δ’
738 2913 814 2966 ἂν
840 2912 1141 2983 ἀπολέσῃ,
1163 2909 1372 2964 σώσει.
1415 2910 1594 2962 Κάκεῖ
1624 2910 1901 2980 σωτηρίαν

317 3007 416 3058 καὶ
456 3003 759 3070 ἀπώλειαν,
793 3005 888 3057 καὶ
916 3001 1156 3056 ἐνταῦθα
1192 3001 1469 3071 σωτηρίαν
1496 3000 1590 3053 καὶ
1620 3000 1898 3055 ἀπώλειαν

1935 1546 2011 1563 _

1950 1685 1996 1743 Α
2654 1681 2808 1738 CAP.
2842 1681 2983 1740 XVI.

2094 1813 2262 1871 Vsus.
2296 1816 2386 1871 25.
2438 1834 2455 1867 σ
2478 1815 2579 1883 Qui
2618 1820 2761 1873 enim
2796 1821 3282 1877 volueritanimam
3317 1840 3470 1881 suam
3504 1827 3602 1882 επις

2020 1922 2138 1962 vam
2173 1909 2368 1974 facere,
2412 1909 2601 1977 perdet
2621 1923 2779 1978 eam;
2816 1912 2905 1982 qui
2932 1923 3110 1968 autem
3148 1916 3447 1983 perdiderit
3476 1919 3598 1973 aui-

2017 2013 2158 2051 mam
2185 2010 2339 2052 suam
2367 2009 2586 2068 promer
2609 2015 2714 2064 me,
2742 2001 2982 2057 inveniet
3006 2019 3149 2059 cam.
3183 2023 3204 2058 ι

2088 2087 2163 2140 lta
2190 2088 2379 2142 beatus
2406 2102 2528 2144 esse
2573 2091 2766 2159 possit,
2821 2092 2910 2161 qui
2939 2094 3192 2149 omnibus
3225 2095 3385 2149 rebus
3422 2097 3601 2151 lamia-

2014 2178 2197 2232 biliter
2223 2180 2476 2246 moritur,
2504 2194 2570 2234 ac
2598 2180 2814 2249 quidem
2841 2183 3211 2251 sensibilibus,
3247 2186 3591 2254 depositione

2011 2270 2344 2338 operationis
2394 2271 2726 2337 sensilibus,
2794 2271 2915 2328 aliis
2981 2285 3160 2329 autem
3225 2276 3598 2345 spiritualihus

2011 2358 2270 2414 l‘ruitione
2326 2362 2602 2416 sensibilis
2659 2372 2867 2431 motus;
2920 2366 3119 2420 mentis
3180 2367 3326 2421 enim
3376 2368 3596 2422 laudata

2011 2465 2159 2505 mors
2184 2460 2291 2516 est,
2346 2451 2415 2505 ad
2472 2452 2655 2507 omnia
2706 2467 2825 2523 quae
2868 2465 3001 2511 sunt
3041 2459 3293 2512 mentalis
3342 2459 3601 2514 nativitas

2008 2556 2169 2610 quam
2201 2542 2380 2595 divina
2416 2558 2512 2611 per
2546 2545 2776 2612 gratiam
2801 2546 2911 2599 vita
2951 2547 3091 2601 solet
3137 2549 3390 2617 excipere
3412 2588 3429 2614 ,
3477 2551 3597 2606 loco

2007 2635 2269 2697 omnimn,
2296 2635 2538 2690 onmium
2572 2650 2790 2689 causam
2824 2636 2945 2691 sine
2985 2640 3420 2696 consideratione
3442 2657 3588 2697 assu-

2009 2738 2182 2791 mens,
2212 2725 2340 2793 quia
2386 2725 2520 2780 dixit
2575 2726 2857 2796 Dominus,
2917 2727 3024 2794 Qui
3074 2729 3294 2785 voluerit
3363 2733 3597 2786 animant

2003 2832 2155 2869 suam
2190 2816 2393 2871 salvam
2431 2818 2628 2887 facere,
2663 2820 2842 2886 perdet
2873 2835 3024 2875 eam:
3050 2822 3142 2892 qui
3170 2839 3290 2877 vero
3345 2825 3592 2893 perdide-

2005 2908 2090 2972 rit,
2129 2910 2356 2963 servabit
2376 2927 2513 2977 eam,
2548 2912 2694 2966 etibi
2732 2912 2959 2967 salutem
3020 2923 3075 2967 et
3125 2915 3508 2983 perditionem,
3542 2925 3591 2971 et

2005 2999 2092 3054 hic
2124 3000 2355 3055 salutem
2390 3012 2445 3057 et
2471 3003 2826 3070 perditionem
2863 3003 3039 3072 posuit
3078 3018 3093 3055 :
3124 3021 3190 3060 ne
3224 3011 3366 3060 enim
3423 3021 3600 3075 mqua-

314 3097 588 3151 τέθεικεν.
625 3059 883 3166 Ἴναῐγάρ
923 3094 997 3166 μὴ
1044 3093 1245 3164 νομίσῃ
1285 3059 1392 3158 τίς,
1439 3091 1561 3163 ἴσην
1608 3088 1748 3146 εἶναι
1797 3094 1886 3163 τὴν

2000 3087 2105 3146 1cm
2137 3095 2275 3148 hanc
2300 3104 2353 3149 et
2382 3094 2524 3148 illam
2551 3096 2905 3164 perditionem
2929 3107 2985 3153 et
3015 3099 3240 3153 salutem
3271 3099 3390 3168 quis
3412 3101 3601 3154 existi-

314 3189 595 3245 ἀπώλειαν
625 3189 832 3260 ταύτην
863 3188 1147 3257 κάκείνην,
1186 3186 1282 3239 καὶ
1308 3184 1404 3255 τὴν
1436 3186 1734 3255 σωτηρίαν,
1760 3186 1896 3239 ἀλλὰ

317 3281 465 3352 μάθῃ
500 3278 690 3349 σαφῶς
718 3279 800 3331 ὅτι
822 3275 1079 3331 τοσοῦτον
1109 3275 1328 3345 ἐκείνης
1357 3275 1459 3345 τῆς
1495 3275 1774 3347 σωτηρίας
1802 3277 1895 3329 καὶ

312 3374 519 3443 ταύτης
551 3373 612 3425 τὸ
650 3372 839 3442 μέσον,
867 3371 990 3425 ὅσον
1019 3356 1297 3431 ἀπωλείας
1343 3368 1438 3421 καὶ
1465 3367 1741 3437 σωτηρίας
1760 3384 1774 3399 ’
1805 3368 1894 3421 διὰ

311 3466 704 3537 τοῦτοὲπάγειο
734 3463 831 3517 «Τί
851 3463 959 3533 γὰρ
985 3461 1278 3531 ὠφελεῖται
1302 3458 1610 3531 ἄνθρωπος,
1644 3478 1665 3511 ι
1696 3477 1750 3514 κ.
1765 3476 1816 3514 τ.
1838 3459 1889 3514 λ.

891 3574 1152 3631 ΚΕΦΑΛ.
1190 3570 1322 3628 KA'.

389 3714 407 3747 ι
447 3695 556 3749 Καὶ
606 3692 729 3748 ἰδὼν
774 3691 948 3761 συκῆν
984 3689 1115 3760 μίαν
1165 3686 1261 3740 ἐπὶ
1293 3686 1392 3753 τῆς
1417 3684 1562 3750 ὁδοῦ,
1593 3680 1757 3757 ἦλθεν
1798 3687 1887 3740 ἐπ’
1933 3697 1941 3705 ’

305 3788 477 3858 αὐτὴν
513 3788 606 3840 καὶ
633 3786 785 3839 οὐδὲν
816 3776 975 3854 εὗρεν
1007 3783 1065 3834 ὲν
1114 3780 1252 3850 αὐτῇ
1297 3779 1346 3831 εἰ
1393 3776 1469 3850 μὴ
1500 3777 1671 3846 φύλλα
1707 3778 1884 3847 μόνον.

306 3881 417 3933 Καὶ
455 3877 603 3945 λέγει
633 3878 795 3946 αὐτῇ,
827 3873 1042 3943 Μηκέτι
1080 3873 1145 3925 ὲκ
1176 3869 1271 3924 σοῦ
1297 3871 1511 3942 καρπὸς
1547 3870 1775 3940 γένηται
1805 3872 1887 3934 είς

302 3969 394 4021 τὸν
421 3966 594 4019 αἰῶνα
614 3981 627 3995 ·
660 3965 755 4017 καὶ
781 3960 1057 4034 ἐξηράνθη
1088 3962 1430 4033 παραχρῆμα
1454 3960 1486 4030 ὴ
1518 3960 1679 4028 συκῆ.
1718 3978 1738 4012 ι

374 4060 542 4113 Σκιάν
575 4055 724 4128 εἶχεν
771 4058 800 4111 ὀ
853 4057 1017 4125 νόμος
1052 4055 1153 4125 τῆς
1205 4051 1485 4125 ἀληθείας.
1538 4052 1596 4104 ’0
1624 4051 1681 4104 δὲ
1711 4050 1885 4120 Λόγος

299 4154 593 4225 γενόμενος
620 4151 775 4223 σὰρξ,
813 4150 910 4204 καὶ
953 4149 1088 4220 πρὸς
1121 4148 1222 4219 τὴν
1242 4148 1300 4200 ὲν
1322 4144 1595 4217 πνεύματι
1625 4144 1884 4217 λατρείαν

295 4247 392 4317 τὴν
439 4243 603 4315 φύσιν
641 4241 1006 4315 μεταγαγὼν,
1036 4241 1140 4295 οὐκ
1189 4237 1445 4293 ἐϐούλετο
1488 4235 1590 4306 τῆς
1621 4236 1882 4306 ἀληθείας

2001 3195 2127 3247 met,
2151 3186 2244 3239 sed
2287 3187 2433 3241 clare
2463 3187 2725 3258 intelligat
2760 3197 2965 3242 tantmn
3014 3190 3172 3259 hujus
3204 3199 3257 3245 et
3301 3190 3443 3245 illius
3475 3207 3587 3247 csse

1998 3275 2287 3328 discrimen
2314 3313 2330 3339 ,
2363 3287 2620 3346 quantum
2663 3280 2980 3348 perditionis
3005 3286 3059 3333 et
3099 3281 3316 3344 salutis,
3343 3292 3587 3351 propter-

1995 3380 2060 3420 ea
2090 3367 2316 3421 subdit:
2363 3386 2383 3420 ι
2417 3368 2561 3436 Quid
2595 3372 2739 3425 enim
2774 3373 3000 3442 prodest
3024 3373 3261 3443 homini,
3299 3392 3318 3426 ι
3353 3383 3460 3431 etc.

2613 3565 2768 3626 CAP.
2819 3565 2966 3623 XXI.

2066 3680 2226 3761 Vsus.
2259 3679 2346 3737 16.
2403 3683 2501 3737 oEt
2529 3682 2718 3739 videns
2761 3683 2847 3738 ﬁci
2899 3684 3157 3740 arborem
3208 3700 3370 3740 unam
3426 3701 3589 3744 secus

1990 3773 2131 3827 viam
2165 3774 2313 3826 venit
2331 3773 2397 3827 ad
2437 3787 2592 3828 eam:
2629 3783 2684 3828 et
2717 3774 2850 3828 nihil
2880 3776 3085 3830 invenit
3130 3778 3181 3830 in
3213 3792 3276 3831 ea
3308 3778 3410 3832 nisi
3452 3778 3580 3834 folia

1991 3874 2196 3921 tantum
2231 3873 2284 3917 et
2313 3864 2387 3918 ait
2418 3863 2530 3919 illi:
2562 3863 2848 3934 Nunquam
2890 3879 2956 3919 ex
2979 3873 3035 3920 te
3066 3865 3275 3922 fructus
3325 3879 3581 3924 nascatur

1989 3958 2041 4012 in
2065 3954 2476 4025 sempiternum.
2506 3955 2575 4012 Et
2598 3956 2835 4012 arefacta
2866 3965 2951 4012 est
2986 3958 3247 4013 continuo
3271 3960 3523 4015 ticulnea.
3549 3979 3571 4014 ι

2056 4049 2315 4106 Umbram
2351 4050 2538 4105 habuit
2570 4049 2652 4105 lex
2679 4050 2946 4117 veritatis,
2968 4047 3408 4105 Verbumautem
3441 4068 3572 4107 caro

1987 4142 2209 4208 factum,
2246 4152 2303 4199 et
2331 4144 2397 4198 ad
2428 4142 2765 4213 spiritualem
2794 4142 2998 4197 cultum
3029 4151 3283 4197 naturam
3332 4142 3561 4210 ducens,

1982 4233 2158 4290 noluit
2189 4250 2312 4288 cum
2339 4234 2543 4288 veritas
2566 4233 2910 4300 apparuisset
2956 4232 3206 4287 umbram
3241 4234 3446 4289 habere
3471 4250 3566 4304 po-

296 4338 556 4410 φανείσης
585 4336 684 4408 τὴν
715 4336 875 4389 σκιάν
919 4333 1066 4403 ἔχειν
1093 4331 1194 4403 τὴν
1223 4328 1566 4394 δυναστείαν,
1605 4322 1674 4401 ἧς
1708 4327 1881 4393 τύπος

1988 4336 2258 4389 testatem,
2300 4324 2450 4390 cujus
2497 4334 2656 4395 typus
2696 4324 2830 4380 ﬁcus
2893 4326 3140 4380 exstitit:
3201 4325 3431 4391 idcirco,
3480 4329 3564 4380 in-

295 4404 540 4500 ύπῆρχεν
590 4404 841 4499 ἠ-συκῆ.
892 4424 993 4478 Διά
1040 4423 1243 4489 τοῦτο,
1285 4421 1476 4492 φησὶν,
1523 4416 1765 4474 ἐπανιὼν
1808 4419 1874 4474 ἐκ

1988 4420 2120 4488 quit,
2152 4418 2456 4472 ascendens
2481 4430 2546 4471 ex
2571 4416 2834 4470 Bethania
2862 4415 3280 4485 Jerosolymam,
3340 4417 3391 4472 id
3446 4428 3555 4482 est.

295 4520 566 4590 Βηθανίας
596 4522 653 4581 ὲς
696 4516 1079 4587 Ἰεροσόλυμα,
1109 4513 1358 4568 τουτέστι
1392 4510 1533 4580 μετά
1571 4509 1670 4582 τὴν
1708 4525 1871 4563 τυπι-

293 4615 394 4685 κὴν
437 4614 531 4667 καὶ
563 4611 765 4682 σκιώδη
802 4610 946 4664 κατά
973 4609 1067 4663 τὸν
1095 4608 1261 4679 νόμον
1303 4605 1676 4660 λανθάνουσαν
1701 4601 1869 4657 αὑτοῦ

292 4705 624 4778 παρουσίαν,
659 4700 818 4766 αὖθις
850 4703 919 4772 τῇ
949 4699 1110 4770 φύσει
1135 4699 1245 4752 τῶν
1277 4695 1585 4767 ἀνθρώπων
1613 4694 1706 4749 διὰ
1739 4712 1870 4766 σαρ-

289 4798 382 4861 κὸς
430 4793 718 4865 ἐπιδημῶν
759 4790 939 4863 (οὕτω
999 4789 1111 4859 γὰρ
1150 4786 1389 4858 ληπτέον
1430 4784 1495 4838 τὸ
1540 4781 1806 4838 ἐπανιὼν
1827 4782 1865 4849 )ν

288 4886 394 4941 εἶδε
430 4889 603 4959 συκῆν
636 4888 697 4939 ὲν
725 4887 793 4955 τῇ
822 4882 929 4953 ὀδῷ
979 4879 1156 4949 φύλλα
1187 4877 1349 4949 μόνον
1394 4876 1648 4946 ἔχουσαν,
1677 4873 1765 4927 διὰ
1804 4873 1867 4925 τὸ

288 4979 580 5049 παροδικόν
601 4993 664 5030 τε
697 4975 794 5028 καὶ
824 4973 1080 5027 ἄστατον.
1122 4969 1226 5022 Ἦν
1273 4965 1397 5020 ἰδὼν
1438 4967 1467 5019 ὁ
1497 4964 1865 5032 Λόγοςσκεκο-

289 5070 574 5140 σμημένην
602 5066 860 5136 καθάπερ
889 5062 1109 5134 φύλλοις
1142 5056 1318 5128 συκῆν
1364 5057 1479 5119 τοῖς
1507 5054 1668 5117 ὲκτὸς
1701 5069 1862 5141 1:39;:

285 5162 523 5231 ϐλήμασι
557 5161 666 5215 τῶν
701 5155 1035 5230 σωματικῶν
1073 5152 1169 5208 τοῦ
1206 5153 1372 5223 νόμου
1401 5146 1861 5219 παρατηρήσεών,

284 5253 378 5306 καὶ
408 5252 483 5324 μὴ
510 5249 760 5322 εὑρηκὼς
786 5245 1287 5321 καρπὸν,δηλονότι
1317 5238 1667 5305 δικαιοσύνης
1686 5277 1703 5304 ,
1728 5252 1864 5289 κατ-

281 5345 561 5416 ηράσατο,
606 5343 807 5414 μᾶλλον
855 5341 914 5395 δὲ
972 5336 1278 5411 προσέταξε
1324 5332 1523 5405 μηκέτι
1568 5332 1682 5394 τοῖς
1720 5329 1865 5384 κατά

282 5439 445 5508 νόμον
467 5437 661 5500 τύποις
689 5434 1160 5505 δυναστευομὲνην
1191 5427 1571 5485 καλύπτεσθαι
1592 5426 1693 5496 τὴν
1726 5424 1863 5494 ἀλή-

284 5531 434 5584 θειαν
454 5544 468 5558 ⁸
496 5529 524 5582 ὃ
562 5529 627 5599 δὴ
661 5528 872 5600 προϐἀν
906 5525 1121 5596 ἐδείχθη
1154 5523 1243 5577 διά
1267 5522 1377 5575 τῶν
1408 5519 1606 5592 ἔργων.
1648 5516 1763 5569 Οὐκ
1791 5510 1862 5585 ἧν

283 5624 357 5687 δὲ,
390 5623 548 5694 φησι,
576 5622 769 5693 καιρὸς
792 5620 997 5674 σύκων*
1038 5618 1342 5680 τουτέστιν,
1375 5615 1403 5666 ὁ
1428 5612 1620 5685 χρόνος
1647 5607 1770 5662 καθ’
1801 5607 1861 5660 ὃν

281 5716 502 5787 ἐκράτει
530 5717 629 5785 τῆς
649 5713 997 5786 ἀνθρωπίνης
1038 5711 1255 5782 φύσεως
1298 5711 1326 5764 ὁ
1356 5708 1522 5779 νόμος
1552 5705 1651 5758 οὐκ
1691 5699 1761 5776 ἦν
1789 5702 1862 5756 δι-

1976 4519 2098 4580 post
2129 4508 2416 4578 ﬁguratam
2452 4507 2619 4572 illius,
2657 4522 2722 4562 ac
2758 4508 3100 4562 tuubratilem
3136 4508 3187 4561 in
3241 4508 3356 4575 lege
3387 4508 3567 4563 laten-

1979 4610 2083 4655 tem
2114 4601 2482 4668 praesentiam,
2520 4600 2718 4656 iterum
2748 4597 2815 4653 ad
2868 4599 3143 4653 hominum
3172 4608 3420 4652 naturam
3471 4615 3567 4668 per

1973 4706 2192 4755 carnem
2218 4691 2428 4746 accedit
2444 4690 2541 4763 (ita
2559 4691 2702 4743 enim
2724 4689 3100 4759 accipiendum
3114 4698 3198 4742 est
3223 4688 3356 4743 illud
3371 4706 3561 4744 ascen-

1971 4783 2145 4851 deus).
2186 4783 2319 4837 vidit
2345 4783 2507 4837 ticum
2567 4782 2619 4834 in
2672 4780 2757 4834 via
2788 4780 2915 4833 l'ulia
2967 4787 3177 4833 tantum
3230 4779 3561 4844 habentem;

1972 4888 2195 4947 propter
2228 4878 2511 4931 transitum
2540 4875 2784 4940 brevem,
2813 4889 2877 4928 ac
2901 4872 3309 4927 instabilitatem
3334 4889 3349 4925 :
3397 4888 3560 4940 quant

1973 4983 2095 5021 cum
2131 4964 2892 5028 vidissetVerbumornatam,
2926 4972 3180 5033 tanquam
3206 4961 3349 5015 foliis
3374 4962 3560 5026 lit-uin,

1971 5058 2340 5113 exterioribus
2363 5073 2751 5127 corporearmn
2785 5055 2916 5125 legis
2968 5050 3414 5108 Observationum
3473 5053 3552 5106 in.

1968 5149 2262 5214 (iumentis,
2303 5160 2360 5205 et
2407 5165 2513 5205 non
2559 5148 2852 5203 invenisset
2900 5145 3159 5208 fructum,
3211 5144 3420 5197 scilicet
3466 5141 3556 5211 ju—

1965 5241 2154 5305 stitiw,
2184 5240 2569 5295 maledictione
2614 5238 2865 5310 perculit,
2921 5238 3031 5292 imo
3079 5250 3207 5289 vero
3241 5235 3434 5288 statuit
3488 5251 3559 5288 ne

1966 5331 2200 5399 amplius
2235 5331 2424 5402 liguris
2448 5330 2713 5402 legalibus
2746 5329 3021 5383 subditam
3050 5325 3384 5397 opprimet-et
3413 5326 3553 5377 veri-

1969 5435 2132 5480 tatem
2156 5444 2169 5480 :
2199 5427 2343 5494 quod
2367 5426 2555 5495 utique
2573 5422 2704 5493 ipsis
2720 5422 2979 5492 operibus
3005 5418 3204 5473 factum
3229 5430 3350 5471 esse
3371 5422 3554 5469 osten-

1966 5532 2085 5572 sum
2121 5529 2222 5571 est.
2283 5513 2402 5571 Non
2430 5524 2552 5571 erat
2579 5523 2783 5578 autem,
2809 5512 3005 5580 inquit,
3049 5519 3263 5577 tempus
3313 5507 3549 5560 licuum:

1968 5609 2018 5663 id
2048 5616 2152 5671 est,
2189 5615 2424 5676 tempus,
2453 5620 2560 5674 quo
2590 5602 2892 5673 imperabat
2918 5602 3169 5655 humana:
3194 5606 3402 5650 natura:
3438 5591 3544 5657 lex,

1967 5714 2072 5755 non
2125 5706 2246 5753 erat
2288 5695 2521 5752 fructum
2568 5694 2812 5764 iustitiae,
2871 5690 2968 5747 sed
3043 5685 3446 5754 adumbratrix,
3495 5695 3550 5738 et
