4072 6394
484 281 623 346 1353

1653 263 1991 327 AMMONII
2032 259 2562 322 ALEXANDRINI

3628 256 3765 322 138's

484 392 641 463 quasi
675 386 864 443 futurae
896 386 1085 457 gratiae
1108 383 1293 449 index,
1326 382 1392 438 ad
1418 397 1582 450 quam
1614 382 1876 450 antiquus
1900 396 2070 449 popu-

2175 375 2473 446 καιοσύνης
2527 372 2782 445 καρπῶν,
2819 372 2937 427 ἀλλ’
2980 373 3311 444 εἰκονιστὴς,
3360 371 3460 428 καὶ
3502 366 3617 427 οἷον
3664 374 3766 443 τῆς

487 486 573 539 lus
600 500 705 537 non
744 478 1269 551 perveniens,pcriit
1294 476 1631 530 inﬁdelitate.
1665 472 1835 527 Israel
1861 475 2000 526 enim
2051 508 2069 533 ,

483 577 558 630 ait
587 574 799 628 divinus
830 571 1077 625 sectanda
1109 570 1272 639 legem
1292 569 1544 639 jus:itite,
1569 582 1689 621 eam
1714 565 1926 621 scilicet
1951 578 2071 634 qua:

484 670 539 721 in
577 665 766 719 umbra
791 671 938 728 erat,
963 677 1026 717 ac
1068 661 1276 732 ﬁguris,
1306 662 1374 714 ad
1396 660 1558 731 legem
1580 659 1799 726 iustitia:
1820 674 1924 712 non
1949 674 2066 727 per-

482 756 620 811 venit
647 754 688 820 ¹,
733 755 786 808 in
816 754 1009 824 spiritu
1044 753 1254 808 scilicet
1285 752 1584 807 secundum
1642 750 1921 805 Christum
1953 765 2075 820 per-

483 846 708 911 fectant,
759 856 850 899 aut
883 844 1024 899 forte
1056 844 1190 898 licus
1246 842 1578 898 infructuosa
1633 841 1951 898 Scribarum
2008 857 2074 896 ac

484 940 885 995 Pharisaeorum
919 938 1108 1008 opinio
1133 945 1212 991 est
1241 954 1254 991 :
1289 951 1450 1006 quam
1482 935 1692 989 aridam
1719 934 1915 999 reddit,
1947 932 2071 987 illo-

484 1029 883 1085 rumesuricus
934 1026 1362 1092 deilicationem,
1419 1035 1479 1080 ut
1510 1040 1631 1081 esse
1671 1024 1805 1094 justi
1858 1025 2069 1088 tnalinl,

484 1137 646 1192 quam
678 1120 873 1186 videri,
924 1119 1312 1189 hypocriticam
1345 1118 1566 1187 quidem
1615 1116 1839 1170 moralis
1883 1125 2071 1171 osten-

484 1213 656 1268 sinnis
684 1222 862 1281 togam
910 1220 1197 1272 exucntes,
1229 1225 1356 1265 vere
1405 1220 1586 1263 autem
1637 1210 1934 1262 vittuosatn
1987 1206 2072 1259 in-

483 1307 735 1369 duentes,
762 1304 904 1373 piam
963 1304 1129 1356 vitam
1166 1303 1274 1356 Deo
1313 1301 1567 1364 oﬂ'erant,
1613 1316 1672 1355 re
1701 1300 1879 1370 potius
1902 1297 2070 1351 animi

483 1397 758 1462 allectum,
808 1411 971 1466 quam
1022 1396 1356 1450 exteriorem
1402 1408 1617 1447 morum
1673 1396 1898 1462 ligurum
1958 1388 2072 1442 Deo

483 1489 797 1545 exhibeant.
845 1488 943 1542 Sin
969 1497 1149 1541 autem
1180 1486 1619 1540 Christianorum
1666 1484 1885 1553 quidam
1936 1482 2072 1535 tales

484 1594 707 1634 sumus:
747 1593 960 1633 morum
995 1575 1354 1630 reverentiam
1389 1573 1510 1628 sine
1545 1572 1800 1641 operibus
1848 1568 2073 1636 justitiae

486 1667 873 1737 praeferentes,
948 1666 1280 1733 suscipimus
1347 1662 1581 1718 Verbum
1643 1672 1703 1713 ut
1773 1658 2066 1727 benignum

2178 467 2483 538 μελλούσης
2514 466 2740 536 χάριτος
2770 464 3070 537 μηνυτικὸς
3091 506 3107 528 ,
3154 468 3233 529 είς
3266 466 3335 537 ῆν
3370 466 3446 538 μὴ
3491 466 3706 535 φθάσας
3736 468 3766 519 ὁ

2176 559 2407 623 παλαιὸς
2455 559 2544 612 διὰ
2589 558 2689 628 τῆς
2733 558 2992 621 ἀπιστίας
3026 555 3278 611 ἀπώλετο
3311 557 3461 622 λαός.
3515 556 3766 624 Ἰσραὴλ

2173 653 2306 725 γὰρ,
2345 654 2510 722 φησὶν
2549 653 2579 706 δ
2612 651 2756 715 θεῖος
2798 651 3156 717 Ἀπόστολος,
3194 642 3427 704 διώκων
3454 651 3766 705 δικαιοσύ-

2173 762 2287 813 νης
2332 746 2542 815 νόμον,
2573 746 2669 799 τὸν
2715 746 2773 798 ὲν
2806 746 2938 817 σκιᾷ
2966 744 3213 816 δηλονότι
3262 745 3357 798 καὶ
3403 744 3634 809 τύποις,
3675 747 3765 811 εἰς

2172 839 2365 906 νόμον
2395 836 2798 906 δικαιοσύνης
2831 839 2943 890 οὐκ
2973 836 3228 905 ἔφθασε,
3250 836 3342 889 τὸν
3373 838 3431 890 ὲν
3462 836 3761 907 πνεύματι,

2173 926 2377 997 δηλαδὴ
2438 927 2581 981 κατὰ
2620 927 2859 998 Χριστὸν
2904 927 3288 997 τελειούμενον
3312 942 3325 955 ·
3376 926 3581 998 ῆτάχα
3620 927 3762 997 συκῆ

2174 1017 2427 1089 ἄκαρπος
2468 1020 2502 1088 ἡ
2563 1016 2674 1069 τῶν
2710 1018 3094 1088 Γραμματὲων
3129 1019 3227 1071 καὶ
3254 1018 3570 1089 Φαρισαίων
3613 1018 3763 1070 ἐστὶν

2173 1109 2372 1181 οἴησις,
2419 1112 2488 1181 ἡν
2524 1109 2771 1180 ξηραίνει
2818 1111 2847 1163 ὁ
2878 1110 3081 1164 πεινῶν
3109 1110 3293 1164 αὐτῶν
3330 1112 3430 1180 τὴν
3471 1110 3762 1175 ὲκθέωσιν,

2173 1202 2323 1265 ὅπως
2348 1201 2442 1254 τοῦ
2480 1201 2661 1256 δοκεῖν
2691 1197 2831 1255 εἶναι
2862 1201 3085 1269 δίκαιοι,
3116 1203 3177 1256 τδ
3218 1198 3362 1255 εἶναι
3396 1202 3596 1272 μᾶλλον
3629 1219 3765 1272 προ-

2175 1292 2486 1361 κρίνοντες,
2519 1294 2614 1347 τὸν
2666 1293 2766 1365 μὲν
2796 1293 2920 1347 καθ’
2956 1294 3250 1365 ὑπόκρισιν
3284 1297 3383 1364 τῆς
3412 1293 3615 1363 roma;
3642 1294 3764 1346 ἐπι-

2172 1384 2389 1448 δ;ίξεως
2415 1383 2775 1455 ὲκδυσᾶμενοι
2799 1384 3023 1455 χιτῶνα,
3053 1385 3148 1438 τὸν
3177 1386 3434 1454 ἐνάρετον
3460 1383 3517 1436 δὲ
3546 1381 3763 1453 άληθῶς

2177 1478 2567 1549 μετελθόντες,
2602 1477 2847 1541 εὐσεϐῶς
2888 1478 2990 1547 τὴν
3044 1475 3189 1547 ζωὴν
3230 1476 3606 1546 μετενέγκωσι
3638 1474 3765 1545 Θεῷ

2177 1569 2382 1639 μᾶλλον
2409 1569 2511 1639 τῆς
2535 1568 2716 1640 ψυχῆς
2742 1568 2845 1639 τὴν
2891 1568 3157 1632 διάθεσιν,
3187 1568 3221 1638 ἢ
3263 1568 3355 1621 τὸν
3379 1568 3537 1631 ἐκτὸς
3566 1567 3765 1621 ὲπιδειυ

2173 1664 2437 1735 κνύμενοι
2482 1663 2615 1735 περὶ
2658 1663 2728 1716 τὰ
2752 1662 2860 1733 ήθη
2892 1662 3296 1733 σχηματισμόν.
3337 1662 3400 1715 Ei
3430 1661 3487 1715 δὲ
3524 1663 3618 1714 καὶ
3650 1660 3766 1714 τῶν

486 1770 688 1814 nostra:
743 1758 939 1814 salutis
960 1756 1314 1819 esuritorem,
1368 1753 1831 1810 exaret‘acieutetn
1881 1765 2069 1804 semen

2175 1755 2520 1829 Χριστιανῶν
2550 1756 2720 1827 ἐσμέν
2759 1772 2905 1818 τινες
2930 1753 3162 1808 τοιοῦτοι
3189 1770 3202 1783 ·
3234 1754 3334 1826 τὴν
3360 1753 3651 1808 εὖλάόειαν
3670 1753 3765 1806 διὰ

489 1852 711 1906 malitiae
734 1850 951 1916 anitnte,
985 1850 1201 1903 inanem
1234 1847 1447 1902 scilicet
1483 1845 1822 1915 Opinionem,
1870 1853 1929 1897 ut
1965 1858 2070 1897 nun

485 1942 721 2012 amplius
755 1942 997 1996 fructum
1028 1940 1170 1994 {erat
1208 1936 1604 2008 corruptionis,
1661 1934 1903 1989 studiqu
1955 1934 2072 2005 pla-

485 2030 641 2086 cendi
683 2030 1013 2085 hominibus.

554 2333 722 2391 Vens.
752 2334 843 2389 2t.
907 2334 1297 2405 «Respondens
1362 2343 1549 2389 autem
1592 2335 1749 2391 Jesus
1801 2334 1878 2387 ait
1938 2334 2065 2388 eis:

483 2430 656 2485 Amen
672 2429 797 2483 dico
824 2428 1000 2493 vobis,
1025 2428 1070 2483 si
1093 2428 1393 2483 habueritis
1423 2430 1605 2492 Iidem,
1633 2442 1738 2481 non
1756 2425 2071 2483 solumillud

486 2524 552 2574 de
588 2520 819 2575 liculuea
845 2519 1077 2585 facietis,
1118 2521 1212 2575 sed
1240 2520 1341 2575 etsi
1390 2519 1560 2574 monti
1618 2520 1745 2574 huic
1782 2518 2070 2574 dixeritis:

486 2613 725 2679 Tollere,
761 2622 818 2668 et
849 2611 1005 2668 mitte
1033 2613 1163 2667 tein
1190 2626 1364 2678 mare,
1394 2610 1543 2665 ﬂet.»

558 2806 723 2861 Vens.
759 2804 850 2860 9.2.
890 2804 988 2859 «Et
1040 2804 1226 2860 omnia
1286 2817 1628 2874 quascunque
1679 2800 1953 2873 petieritis
2017 2803 2073 2860 in

483 2900 729 2956 oratione
758 2898 1066 2964 credentes,
1089 2897 1391 2967 accipietis.
1406 2915 1425 2950 ›

558 3011 658 3078 Qui
688 3026 792 3065 non
819 3010 1145 3066 discreverit
1174 3010 1228 3065 iu
1268 3010 1434 3066 corde
1461 3026 1584 3078 suo,
1636 3011 1692 3069 id
1727 3024 1835 3083 est,
1892 3024 2076 3070 mente

484 3120 592 3160 non
624 3104 959 3175 dijudicarit,
987 3104 1104 3159 sive
1131 3103 1385 3160 diviserit
1411 3105 1727 3161 immediate
1778 3122 1873 3175 per
1911 3108 2071 3162 [idem

485 3196 553 3250 ad
580 3195 745 3251 Deum
776 3193 976 3250 factam
1001 3195 1287 3261 unionem,
1317 3195 1461 3251 dicet
1488 3197 1657 3250 monti
1689 3197 1838 3261 huic,
1866 3196 2072 3253 Trans-

486 3290 652 3355 ferre,
675 3296 729 3343 et
752 3288 1141 3351 transferetur,
1171 3287 1407 3343 dicendo
1433 3288 1877 3356 demoustrative,
1911 3291 2079 3345 monti

485 3381 629 3449 huic,
655 3396 877 3435 sensum
909 3380 1172 3444 declarat,
1204 3379 1489 3451 legemque
1542 3383 1725 3438 carnis
1774 3398 1904 3439 vere
1948 3400 2077 3455 gra-

486 3490 632 3542 vem,
663 3490 729 3529 ac
761 3472 1052 3530 dilliculter
1077 3474 1352 3541 mobilem,
1388 3485 1482 3530 aut
1503 3475 1668 3530 etiam
1702 3477 2074 3534 immobilem:

490 3578 671 3623 tantas
698 3567 843 3622 enim
866 3568 946 3622 vis
975 3567 1315 3623 irrationalis
1346 3567 1399 3621 in
1437 3568 1720 3623 hominum
1748 3580 1941 3624 natura
1963 3571 2079 3642 egit

488 3662 725 3726 radices,
753 3659 985 3714 utmulti
1013 3675 1121 3715 non
1149 3660 1294 3715 aliud
1318 3662 1449 3731 quid
1490 3671 1684 3731 putent
1721 3677 1846 3718 esse
1893 3664 2075 3718 homi-

490 3767 636 3816 nem,
668 3752 770 3806 nisi
812 3765 1060 3818 carnem,
1101 3766 1165 3807 ac
1202 3753 1312 3807 vim
1332 3753 1626 3823 quamdam
1654 3754 1721 3808 ad
1745 3754 1906 3825 hujus
1956 3756 2078 3809 vita:

489 3844 804 3898 fruitionem
835 3858 999 3900 sensu
1045 3844 1353 3901 valentem:
1385 3846 1569 3901 omnia
1600 3849 1747 3901 enim
1793 3847 2075 3918 possibilia

489 3947 618 3991 sunt
642 3937 908 4003 credenti,
948 3947 1002 3992 et
1056 3945 1240 3992 mente
1282 3952 1390 3995 non
1425 3938 1761 3994 discernenti
1816 3940 2075 3995 unionem

488 4043 611 4082 cum
646 4026 756 4082 Deo
777 4027 878 4082 sibi
910 4024 1109 4082 factam
1127 4041 1224 4098 per
1241 4026 1426 4096 (idem,
1447 4036 1671 4099 propter
1681 4026 1930 4084 affectum
1948 4045 2075 4085 scn-

491 4119 697 4174 sualem
728 4118 926 4173 anima:
952 4133 1076 4175 cum
1106 4133 1358 4189 corpore.
1421 4119 1614 4175 Omnia
1646 4131 1852 4188 autem,
1878 4110 2073 4191 in’quit,

493 4226 890 4281 quaecunquea
920 4211 1122 4267 mundo
1171 4219 1228 4266 et
1286 4226 1456 4267 carne
1507 4223 1745 4267 mentem
1806 4212 2073 4280 alienant,

491 4320 615 4360 cum
642 4303 752 4357 Deo
773 4318 902 4358 vero
935 4303 1210 4372 perfectos
1244 4302 1539 4357 virtutibus
1564 4303 1919 4374 coniungunt,
1958 4305 2075 4360 haec

490 4396 635 4450 enim
662 4394 942 4462 possibilia
966 4403 1093 4449 sunt
1121 4393 1386 4447 credenti.
1420 4393 1627 4462 Ecquid
1662 4410 1792 4449 vero
1812 4395 1941 4449 illud
1975 4397 2075 4452 ite-

2171 1851 2281 1904 τῶν
2312 1850 2532 1921 τρόπων
2560 1848 3026 1920 σχηματιζόμενοι
3056 1848 3181 1918 δίχα
3208 1849 3307 1917 τῆς
3339 1847 3524 1918 ἔργοις
3554 1846 3764 1900 δικαιο-

2177 1942 2366 2012 σύνης,
2391 1940 2725 2011 ὲκδεξόμεθα
2759 1941 2850 1993 τὸν
2883 1940 3039 2009 λόγον
3067 1941 3144 2003 ὡς
3183 1939 3567 2011 φιλάνθρωπον
3598 1939 3762 2008 ήμῶν

2175 2034 2452 2088 πεινῶντα
2498 2033 2796 2104 σωτηρίαν,
2843 2031 3285 2102 ἀποξηραίνοντα
3338 2033 3439 2101 τῆς
3479 2031 3657 2102 ψυχῆς
3700 2030 3763 2083 τδ

2173 2127 2275 2197 τῆς
2320 2127 2520 2189 κακίας
2553 2126 2778 2198 σπέρμα
2809 2126 2909 2196 τὴν
2942 2125 3144 2195 οἴησιν,
3187 2124 3275 2178 ἵνα
3310 2126 3512 2196 μηκέτι
3549 2124 3763 2196 καρπὸν

2176 2219 2384 2290 φθορᾶς
2412 2218 2577 2290 φέρῃ,
2607 2217 2707 2290 τὴν
2729 2216 3287 2289 άνθρωπαρέσκειαν.

2254 2352 2275 2385 t
2325 2331 2675 2404 Ἀποκριθεὶς
2715 2332 2773 2385 δὲ
2798 2333 2827 2385 δ
2874 2331 3106 2402 Ἰησοῦς,
3136 2327 3290 2384 εἶπεν
3323 2331 3506 2394 αὐτοῖς
3528 2347 3542 2361 ·
3588 2330 3764 2400 ’Δμὴν

2174 2424 2318 2493 λέγω
2346 2426 2497 2494 ὑμῖν,
2531 2424 2625 2477 ἐὰν
2670 2425 2832 2495 ἔχητε
2863 2424 3068 2488 πίστιν,
3099 2424 3197 2477 καὶ
3229 2423 3306 2495 μὴ
3325 2422 3667 2494 διακριθῆτε,
3699 2424 3762 2478 οὐ

2179 2516 2339 2582 μόνον
2360 2516 2420 2567 τὸ
2443 2516 2540 2585 τῆς
2568 2516 2737 2577 συκῆς
2766 2516 3042 2584 ποιήσετε,
3067 2513 3204 2566 ἀλλὰ
3227 2514 3333 2567 κᾶν
3364 2512 3444 2583 τῷ
3478 2512 3597 2583 ὄρει
3639 2511 3767 2565 τού-

2173 2623 2253 2677 τῳ
2282 2606 2508 2677 εἴπητε,
2542 2606 2798 2677 Ἄρθητι,
2837 2606 2934 2660 καὶ
2964 2605 3193 2677 βλήθητι
3217 2607 3299 2671 είς
3338 2604 3438 2677 τὴν
3461 2605 3761 2671 θάλασσαν,

2176 2701 2307 2769 γενή
2317 2715 2492 2753 σεται.
2534 2718 2553 2751 s

2254 2828 2272 2861 ι
2316 2810 2429 2863 Καὶ
2472 2809 2656 2865 πάντα
2684 2811 2786 2863 ὅσα
2817 2810 2885 2865 ἂν
2935 2812 3199 2883 αἰτήσητε
3240 2812 3300 2865 ὲν
3349 2814 3628 2885 προσευχῇ
3666 2829 3758 2865 πι-

2178 2901 2462 2966 στεύοντες
2481 2902 2734 2974 λήψεσθε.
2769 2922 2789 2957 ι

2258 3015 2319 3069 '0
2354 3015 2429 3087 μὴ
2466 3016 2770 3089 διακριθεὶς
2816 3020 2874 3072 ὲν
2910 3020 2976 3090 τῇ
3025 3019 3228 3092 καρδίᾳ
3260 3017 3451 3086 αὑτοῦ,
3479 3018 3742 3073 τουτέστιν

2102 3137 2144 3195 C
2179 3108 2236 3162 ἐν
2263 3107 2343 3175 τῷ
2372 3106 2453 3162 νοῒ
2483 3108 2558 3181 μὴ
2588 3109 2893 3180 διακρίνας,
2916 3111 3087 3181 ήγουν
3120 3111 3398 3182 διατεμὼν
3420 3109 3511 3181 τὴν
3533 3109 3617 3162 διὰ
3644 3109 3744 3177 τῆς

2181 3200 2426 3263 πίστεως
2450 3203 2586 3268 πρὸς
2616 3201 2707 3255 τὸν
2738 3202 2871 3256 Θεὸν
2895 3202 3275 3275 γεγενημένην
3304 3202 3506 3282 apsum
3530 3202 3750 3264 ἕνωσιν,

2180 3294 2299 3364 ἐρεῖ
2334 3291 2411 3363 τῷ
2443 3292 2559 3363 δρει
2585 3292 2782 3364 τούτῳ,
2800 3294 3102 3366 Μετάϐηθι,
3127 3294 3224 3349 καὶ
3256 3295 3645 3366 μεταϐήσεται.
3666 3294 3758 3346 Ἐν

2178 3382 2258 3455 τῷ
2288 3385 2457 3453 φάναι
2489 3383 2783 3450 δεικτικῶς
2807 3385 2887 3451 τῷ
2908 3387 3031 3456 ὄρει
3060 3388 3271 3453 τούτῳ,
3301 3387 3362 3440 τδ
3392 3388 3644 3458 φρόνημα
3665 3386 3762 3457 δη-

2178 3474 2262 3529 λοῖ
2285 3477 2379 3529 καὶ
2404 3476 2493 3530 τὸν
2531 3477 2695 3549 νόμον
2733 3478 2834 3548 τῆς
2868 3479 3075 3549 σαρκὸς
3098 3520 3113 3545 ,
3140 3478 3233 3531 τὸν
3269 3478 3446 3549 βαρὺν
3475 3477 3643 3541 ὅντως
3670 3478 3766 3531 καὶ

2184 3563 2679 3637 δυσμετακίνητον.
2722 3564 2992 3620 Τοσοῦτον
3031 3566 3141 3637 γὰρ
3166 3567 3464 3641 ἐρρίζωται
3507 3571 3573 3639 τῇ
3604 3567 3769 3638 φύσει

2176 3656 2286 3709 τῶν
2328 3655 2635 3727 ἀνθρώπων
2667 3656 2758 3711 διὰ
2802 3658 2903 3728 τῆς
2955 3659 3265 3729 αἰσθήσεως
3314 3660 3414 3729 τῆς
3457 3659 3680 3727 ἀλογίας
3733 3661 3770 3730 ή

2177 3746 2406 3817 δύναμις
2428 3787 2444 3811 ,
2475 3746 2618 3801 ὥστε
2650 3748 2778 3812 τοὺς
2811 3749 3040 3813 πολλοὺς
3085 3750 3210 3820 μηδ’
3257 3749 3385 3805 ἄλλο
3415 3767 3469 3804 τι
3518 3749 3771 3819 νομίζειν

2178 3831 2319 3891 εἶναι
2350 3837 2443 3891 τὸν
2469 3838 2756 3910 ἄνθρωπον
2795 3840 2830 3912 ἢ
2862 3842 3042 3913 σάρκα
3092 3843 3186 3896 καὶ
3219 3841 3469 3912 δύναμιν,
3502 3843 3641 3914 πρὸς
3665 3843 3774 3913 τὴν

2178 3930 2481 3985 ἀπόλαυσιν
2517 3932 2615 4003 τῆς
2657 3933 2943 4005 παρούσης
2975 3933 3124 4005 ζωῆς
3163 3934 3263 4006 τὴν
3292 3934 3551 4007 αἴσθησιν
3603 3936 3770 4006 ἐχου-

2182 4038 2306 4076 σαν.
2332 4023 2518 4078 Πάντα
2545 4022 2679 4091 γοῦν
2702 4024 2908 4080 δυνατὰ
2935 4025 3015 4096 τῷ
3046 4027 3381 4095 πιστεύοντι,
3414 4030 3511 4081 καὶ
3544 4029 3621 4099 μὴ
3646 4032 3775 4082 δια-

2180 4117 2513 4187 κρινομὲνῳ,
2550 4117 2651 4187 τῆς
2679 4117 2825 4171 κατὰ
2850 4118 2973 4172 νοῦν
3006 4118 3097 4173 διὰ
3124 4121 3229 4190 τῆς
3269 4122 3509 4186 πίστεως
3538 4138 3778 4190 γεγενη-

2180 4209 2352 4280 μένης
2383 4209 2536 4281 αὐτῷ
2582 4210 2721 4282 πρὶς
2763 4212 2855 4265 τὸν
2895 4211 3028 4266 Θεὸν
3058 4212 3439 4278 ὲνὼσεως,διά
3487 4213 3586 4285 τὴν
3625 4214 3772 4285 πρὸς

2177 4303 2238 4355 τὸ
2285 4302 2450 4373 σῶμα
2510 4304 2610 4373 τῆς
2663 4303 2844 4375 ψυχῆς
2900 4305 3044 4360 κατὰ
3081 4305 3180 4377 τὴν
3234 4306 3493 4376 αἴσθησιν
3553 4307 3772 4377 σχέσιν.

2180 4395 2367 4449 Πάντα
2404 4395 2482 4460 δὲ,
2515 4397 2684 4466 φημὶ,
2722 4397 2827 4452 ὅσα
2872 4397 3084 4468 κόσμου
3132 4399 3228 4452 καὶ
3273 4400 3476 4470 σαρκὸς
3510 4399 3602 4452 τὸν
3638 4397 3775 4451 νοῦν

493 4495 616 4535 rum
647 4490 750 4547 est,
787 4479 981 4536 Omnia
1003 4495 1331 4548 quacunque
1349 4482 1606 4549 petieritis
1628 4482 1686 4534 in
1707 4484 1946 4538 oratione
1969 4502 2073 4541 cre-

2179 4486 2487 4558 άλλοτριοῖ,
2538 4487 2659 4559 Θεῷ
2708 4487 2766 4541 δὲ
2815 4492 3157 4561 προσοικειοῖ
3195 4490 3621 4562 τετελειωμένον
3655 4495 3778 4554 τοῖς

490 4574 692 4638 dentes,
720 4573 1036 4644 accipietis?
1107 4572 1266 4626 Clare
1315 4573 1558 4627 ostendit
1601 4574 1774 4629 solam
1816 4576 2073 4633 unionem

490 4661 838 4730 quaerendam
874 4673 999 4715 esse
1023 4659 1391 4724 credentibus,
1418 4674 1648 4729 eamque
1678 4663 1930 4720 virtutem
1954 4683 2077 4739 quae

492 4750 636 4805 hanc
658 4751 916 4819 operibus
959 4760 1141 4803 ornat.
1194 4748 1638 4820 Quandoquidem
1686 4754 1830 4809 enim
1889 4761 2077 4813 omnia

493 4843 599 4897 sint
624 4843 690 4897 ad
733 4840 1102 4911 cognitionem
1131 4839 1223 4895 Dei
1245 4856 1308 4897 ac
1339 4843 1615 4910 virtutem,
1649 4862 1772 4917 qua:
1791 4850 2077 4907 credentes

494 4945 769 5002 quaerunt,
799 4930 1050 4987 liberalia
1080 4934 1417 5003 passionum,
1448 4941 1805 4997 tentationum
1839 4945 2073 5000 tuleran-

501 5028 594 5093 tia,
627 5028 865 5081 rationes
892 5026 1171 5091 Virtutum,
1225 5029 1794 5102 modioperationum,
1856 5040 2079 5095 abdica-

500 5124 573 5175 tio
594 5120 817 5174 alTectus
833 5119 1142 5188 passionum
1170 5136 1295 5193 erga
1325 5140 1568 5193 carnem,
1594 5130 1922 5188 abalienatio
1952 5149 2077 5190 sen-

498 5225 592 5267 sus
625 5210 694 5264 ab
727 5210 796 5265 iis
822 5225 942 5281 qua:
966 5214 1238 5269 sensibilia
1286 5218 1415 5286 sint,
1443 5200 1689 5277 secessus
1732 5226 2076 5282 omnimodus

497 5301 699 5357 mentis
722 5301 788 5356 ab
809 5302 1062 5359 erunibus
1089 5321 1207 5375 qua:
1239 5319 1423 5363 creata
1453 5322 1601 5379 sunt,
1636 5329 1701 5367 ac
1740 5331 2076 5387 quacunque

496 5391 817 5461 simpliciter
845 5394 949 5449 alia
979 5398 1194 5467 propria
1230 5410 1355 5455 sunt
1389 5401 1455 5457 ad
1477 5404 1828 5461 abolitionem
1853 5408 2074 5464 malitize

497 5501 563 5542 ac
586 5487 926 5559 ignorantia,
967 5493 1402 5551 emendationem
1435 5505 1614 5555 autem
1647 5502 1978 5572 cognitionis
2013 5518 2076 5563 ae

562 5660 601 5714 ί.
624 5668 782 5726 nui...
818 5687 893 5747 ιι,
923 5676 1013 5731 si.

2177 4575 2603 4648 κατορθώμασι⁹
2644 4577 2818 4632 ταῦτα
2863 4578 2972 4649 γάρ
3024 4580 3133 4632 είσι
3189 4582 3259 4635 τὰ
3307 4581 3508 4634 δυνατά
3537 4582 3615 4651 τῷ
3674 4599 3777 4634 πι-

2180 4670 2448 4723 στεύοντι.
2468 4670 2534 4722 Τί
2549 4670 2609 4723 δὲ
2625 4669 2788 4724 πάλιν
2810 4671 2929 4724 ἐστὶ
2949 4670 3031 4738 τὸ,
3045 4671 3248 4726 Πάντα
3274 4672 3391 4727 ὅσα
3418 4672 3494 4727 ἂν
3514 4672 3780 4742 αἰτῆσθε

2180 4763 2685 4831 προσευχόμενοι,
2732 4765 3129 4831 πιστεύοντες
3190 4765 3505 4835 λήψεσθε;
3570 4769 3780 4837 Σαφῶς

2179 4854 2351 4920 ἔδειξε
2386 4856 2516 4928 περὶ
2538 4856 2706 4927 μόνης
2731 4854 2979 4921 ἐνὼσεως
2999 4857 3081 4911 δεῖ
3102 4858 3289 4931 ζητεῖν
3318 4862 3444 4925 τοὺς
3476 4861 3784 4917 πιστεύον-

2182 4966 2304 5016 τας,
2336 4950 2430 5003 καὶ
2463 4948 2565 5020 τῆς
2596 4948 2768 5020 αὐτὴν
2808 4949 3125 5022 κοσμούσης
3154 4951 3248 5005 διὰ
3278 4952 3390 5006 τῶν
3414 4952 3594 5024 ἔργων
3630 4954 3779 5025 ἀρε-

2183 5046 2303 5114 τῆς.
2349 5043 2571 5114 Ἐπειδὴ
2610 5042 2742 5112 γοῦν
2778 5043 2953 5096 πολλὰ
2997 5046 3258 5116 τυγχάνει
3288 5047 3360 5100 τὰ
3392 5049 3531 5120 πρὸς
3562 5050 3782 5117 γνῶσιν

2183 5137 2320 5190 Θεοῦ
2354 5138 2449 5191 καὶ
2478 5138 2683 5210 ἀρετὴν
2710 5139 3024 5209 ζητούμενα
3045 5143 3161 5203 τοῖς
3181 5140 3558 5210 πιστεύουσιν,
3581 5143 3780 5197 ἀπαλ-

2184 5231 2329 5303 λαγὴ
2358 5230 2575 5297 παθῶν,
2623 5230 2875 5302 ὑπομονὴ
2918 5233 3271 5304 πειρασμιῖιν,
3316 5235 3532 5306 ἀρετῶν
3572 5235 3727 5305 λόγοι
3757 5279 3778 5303 ,

2180 5326 2374 5394 τρόποι
2405 5322 2723 5394 ἐνεργειῶν,
2769 5323 3039 5394 ὲξήλωσις
3072 5324 3175 5395 τῆς
3207 5326 3344 5397 πρὸς
3377 5328 3557 5399 σάρκα
3581 5330 3782 5400 ἐμπα-

2183 5415 2312 5479 θοῦς
2359 5415 2658 5479 διαθέσεως
2687 5455 2702 5481 ,
2732 5414 3071 5482 ἀποξένωσις
3094 5418 3195 5489 τῆς
3236 5419 3371 5491 πρὸς
3414 5420 3486 5473 τὰ
3531 5418 3785 5491 αἰσθητὰ

2182 5506 2282 5578 τῆς
2342 5507 2687 5577 αἰσθήσεως,
2740 5508 2982 5578 σχέσεως
3038 5508 3136 5563 τοῦ
3193 5509 3289 5564 νοῦ
3330 5510 3604 5584 παντελὴς
3662 5513 3783 5567 ἀπὸ
