4072 6396
473 283 606 349 1387

1637 274 1973 336 ΑΜΜΟΝΙΙ
2013 276 2545 338 ALEXANDRINI

3606 281 3753 352 1388

470 400 642 473 gratia
679 395 947 469 particeps
981 393 1059 460 tit,
1086 408 1151 450 ac
1176 392 1296 448 aliis
1349 391 1469 448 sine
1500 390 1700 447 invidia
1725 384 2057 447 'cmnmuni-

2160 385 2234 446 ὧν
2264 393 2492 464 μετέσχε
2521 411 2602 457 τις
2631 393 2771 448 κατά
2805 393 2942 447 Θεοῦ
2973 393 3132 466 χάριν
3165 395 3409 465 ἀγαθῶν,
3445 397 3539 452 καί⁵
3571 398 3751 466 ἄλλοις

384 536 393 547 .
472 508 600 548 care
627 491 806 547 debet.
861 485 1039 542 Gratis
1065 486 1233 553 enim,
1287 484 1481 554 inquit,
1548 484 1847 552 accepistis,
1885 484 2053 553 gratis

470 589 611 640 date.
643 584 747 651 Qui
781 595 910 637 vero
933 579 1036 635 sub
1063 587 1207 634 terra
1232 577 1518 634 abscondit
1540 576 1801 631 talentum
1833 589 1931 630 seu
1957 576 2054 630 do-

471 693 625 743 num,
663 686 918 744 tanquam
948 680 1175 739 sortem,
1199 669 1566 727 calumniatur
1595 667 1901 734 Dominum,
1927 683 2053 739 par-

470 772 653 841 citque
683 768 863 832 carni,
895 765 1154 822 virtutem
1192 762 1590 819 exterminans.

1058 961 1212 1019 CAP.
1247 961 1436 1018 XXVI.

544 1082 708 1137 Vens.
743 1079 835 1133 20.
887 1097 907 1131 ι
940 1076 1180 1147 Vespere
1224 1083 1409 1130 autem
1464 1073 1634 1140 facto,
1685 1071 2056 1128 discumbebat

469 1189 593 1229 cum
624 1171 910 1241 discipulis
932 1172 1098 1226 suis.»

544 1262 713 1318 Vens.
758 1263 851 1316 21.
893 1260 992 1315 «Ει
1045 1258 1331 1315 edentibus
1361 1256 1468 1313 illis
1491 1256 1665 1312 dixit:
1734 1255 1904 1310 Amen
1934 1255 2056 1311 dico

469 1357 642 1420 vobis,
671 1354 797 1425 quia
820 1367 959 1408 unus
988 1361 1230 1407 vestrum
1255 1364 1343 1405 me
1378 1349 1678 1404 traditurus
1704 1357 1841 1403 est.»

546 1447 883 1518 Praeparatis
945 1445 1163 1515 quidem
1216 1441 1497 1497 Paschalis
1540 1440 1683 1496 facta
1730 1448 1837 1504 est,
1894 1451 2053 1493 creua

468 1548 782 1606 autemest,
815 1545 871 1594 et
922 1537 1160 1590 nondum
1212 1532 1502 1590 Paschatis
1554 1531 1847 1587 comestio:
1883 1544 2057 1598 neque

468 1632 611 1686 enim
629 1630 845 1683 habitus
876 1638 959 1682 est
982 1627 1189 1682 Pascha
1215 1623 1638 1691 comedentium,
1664 1623 1760 1677 sed
1793 1623 2059 1677 recuhueo

468 1732 595 1778 runt
619 1729 925 1779 emnantes.
953 1717 1237 1787 Quomodo
1262 1728 1467 1781 autem,
1495 1716 1541 1771 si
1579 1715 1786 1771 Pascha
1812 1714 2057 1770 comede-

468 1823 619 1876 runt,
646 1821 834 1869 contra
860 1811 1033 1882 legem
1066 1808 1456 1864 comederunt?
1489 1806 1619 1881 (non
1649 1809 1796 1862 enim
1833 1808 1915 1862 las
1937 1817 2057 1861 erat

468 1906 754 1962 comedere
778 1900 1266 1972 recumbentibus.)
1308 1899 1579 1968 Quidnam
1646 1900 1812 1970 igitur
1864 1898 2056 1954 dicen-

467 1998 632 2056 dum?
688 1998 833 2069 quod
890 2003 1176 2068 postquam
1249 1994 1625 2056 comederunt,
1692 1992 2059 2047 recubuerunt

470 2092 727 2162 deinceps
775 2088 866 2158 qui
899 2088 1269 2143 comederant.
1326 2085 1479 2140 Alius
1517 2094 1698 2141 autem
1721 2082 2056 2154 evangelista

468 2183 623 2249 dicit,
657 2182 724 2237 ad
754 2196 1035 2251 vesperam
1069 2179 1215 2233 illaut
1245 2193 1350 2233 non
1376 2178 1678 2233 comedisse
1731 2176 1905 2230 solum
1946 2176 2052 2229 l’a-

469 2275 625 2338 scita,
676 2272 771 2327 sed
824 2280 879 2326 et
941 2270 1150 2324 dixisse
1215 2288 1230 2324 :
1283 2268 1554 2323 Desiderio
1609 2268 1905 2323 desideravi
1960 2268 2055 2321 hoc

471 2361 683 2417 Pascha
713 2362 1037 2417 manducare
1096 2359 1363 2413 vobiscum
1390 2358 1435 2427 ⁸,
1467 2358 1519 2413 id
1565 2369 1672 2426 est,
1732 2360 1834 2414 hoc
1891 2372 2055 2413 anno.

471 2456 581 2510 Cur
607 2453 1013 2522 tandem‘lquia
1044 2461 1159 2506 tum
1206 2451 1384 2506 lutura
1432 2462 1553 2507 erat
1583 2451 1734 2507 orhis
1788 2460 2057 2506 terrarum

472 2544 727 2612 salvatio,
783 2561 847 2600 ac
925 2544 1310 2616 mysteriorum
1401 2543 1650 2609 traditio,
1711 2544 2058 2613 tristiumque

472 2654 572 2711 per
618 2648 852 2694 mortem
902 2637 1123 2705 solutio,
1168 2638 1239 2692 ita
1271 2637 1343 2691 illi
1369 2652 1501 2692 crux
1528 2646 1649 2692 erat
1674 2646 1851 2706 grata.

549 2732 711 2788 Vens.
736 2732 825 2787 29.
858 2749 878 2783 s
921 2730 1050 2785 Dico
1070 2739 1250 2785 autem
1286 2729 1436 2785 vobis
1467 2726 1620 2784 :Non
1654 2730 1835 2786 bibam
1862 2730 2057 2785 amodo

463 2829 541 2883 de
565 2827 669 2881 hoc
697 2825 971 2896 genimine
1002 2824 1151 2888 vitis,
1183 2837 1356 2890 usque
1378 2822 1432 2876 in
1491 2822 1634 2877 diem
1693 2822 1865 2889 illum,
1931 2836 2055 2876 cum

464 2919 604 2975 illud
630 2918 822 2975 bibam
855 2932 1052 2973 novum
1088 2915 1369 2972 vobiscum
1401 2914 1454 2970 in
1494 2930 1662 2987 regno
1685 2912 1864 2971 Patris
1890 2915 2050 2970 mei.»

538 3098 668 3155 Vini
699 3105 859 3167 potus
892 3111 999 3154 non
1030 3104 1238 3152 tantum
1291 3096 1673 3153 necessitatem
1709 3094 1911 3167 explet,
1966 3109 2055 3151 ve-
2083 3130 2127 3189 ο

471 3207 592 3247 rum
616 3191 784 3246 etiam
814 3189 1188 3245 omnimodam
1226 3188 1384 3244 aﬂ'ert
1443 3189 1628 3245 sensui
1694 3188 2055 3258 voluptatem.

472 3285 604 3341 Post
630 3284 1085 3341 resurrectionem
1110 3294 1289 3339 autem
1322 3299 1350 3337 a
1382 3282 1633 3348 mortuis,
1662 3281 1908 3336 abstersa
1958 3282 2059 3336 hu-

475 3390 762 3432 manorum
787 3390 1074 3446 corporum
1108 3374 1481 3444 corrunptions,
1505 3374 1619 3443 ipsa
1638 3387 1852 3443 quoque
1876 3387 2056 3426 rerum

474 3478 671 3524 natura
707 3468 775 3523 ad
823 3468 1117 3523 novitatem
1153 3465 1552 3533 transferetur;
1583 3466 1717 3520 adeo
1769 3474 1828 3519 ut
1856 3474 1912 3519 et
1943 3463 2056 3534 ipsa

475 3568 664 3616 nostra
696 3559 879 3614 lzetitia
921 3572 1061 3614 nova
1093 3556 1166 3612 sit
1191 3555 1394 3612 futura.
1426 3554 1653 3610 Laetitia:
1686 3564 1869 3610 autem
1917 3568 2060 3623 sym-

472 3652 658 3707 bolum
708 3660 795 3706 est
847 3649 959 3704 vini
993 3648 1243 3711 haustus,
1273 3660 1432 3715 quem
1466 3660 1663 3701 novum
1692 3660 1908 3715 quoque
1943 3644 2057 3698 tieri

471 3743 568 3809 sit,
592 3743 887 3797 secundum
910 3740 1052 3810 quod
1083 3754 1149 3796 ex
1174 3754 1239 3795 eo
1264 3739 1545 3809 contingit,
1577 3739 1627 3792 id
1651 3749 1755 3804 est,
1775 3737 2016 3791 laetitiam
2043 3752 2058 3803 ;

472 3835 693 3891 secedet
739 3832 884 3888 enim
942 3839 1064 3899 post
1086 3830 1543 3886 resurrectionem
1598 3830 1833 3885 lmmana
1868 3838 2057 3883 natura

472 3916 919 3981 ab'assueta'sibi
973 3930 1304 3991 terrenaque
1357 3919 1742 3986 delectatione,
1804 3919 2059 3974 transibit

472 4027 656 4073 autem
689 4013 758 4068 ad
804 4007 1118 4089 deliciarum
1193 4010 1517 4081 novitatem,
1591 4009 1765 4080 ipsius
1804 4009 2059 4065 videlicet

468 4107 715 4162 omnium
737 4111 982 4159 nostrum
1008 4101 1327 4158 Servatoris
1351 4099 1583 4165 Christi,
1615 4099 1833 4153 insitam
1867 4113 1932 4153 ac
1960 4113 2057 4169 ge-

472 4201 694 4255 nuinam
746 4194 987 4250 ltetitiam
1012 4195 1304 4250 animabus
1350 4207 1537 4248 eorum
1592 4191 1686 4261 qui
1713 4194 1802 4258 pie
1836 4205 1901 4245 ac
1930 4189 2059 4244 reli-

470 4293 625 4364 giose
682 4304 807 4344 eum
865 4290 1053 4344 colunt
1108 4286 1476 4349 iunnittentis,
1538 4298 1605 4339 ac
1664 4283 2056 4338 convenienter

472 4382 745 4439 mensuris
770 4378 1199 4447 uniuscujusque
1240 4372 1667 4439 distribuentis;
1704 4370 1821 4426 fore
1870 4379 2052 4424 autem

2158 483 2408 554 ἀφθόνως
2453 484 2777 555 μεταδοῦναι
2823 484 3106 558 χρεώστης
3150 487 3289 542 ἐστί.
3325 488 3562 556 Δωρεὰν
3607 489 3750 559 γὰρ,

2159 579 2346 648 φησιν,
2374 577 2641 646 ἐλάόετε,
2673 579 2904 648 δωρεὰν
2948 577 3105 634 δότε.
3150 579 3209 631 Ὀ
3236 580 3294 633 δὲ
3334 581 3442 633 ὑπὸ
3470 583 3572 653 γῆν
3609 582 3749 653 κρύ-

2158 687 2307 723 πτων
2343 670 2404 724 τὸ
2449 672 2733 738 τάλαντον,
2778 673 2947 747 ήγουν
2978 672 3079 742 τὴν
3135 671 3372 743 δωρεάν,
3400 671 3475 737 ὡς
3522 673 3751 745 κληρδν,

2156 758 2434 814 διαϐάλλει
2465 761 2555 814 τὸν
2596 761 2802 834 Κύριον
2831 762 3006 830 φειδοῖ
3038 762 3139 835 τῆς
3171 761 3378 833 σαρκὸς
3417 763 3520 834 τὴν
3547 763 3751 834 ἀρετὴν

2157 850 2356 921 ὲξομνύ
2367 869 2546 923 μενος.

2726 966 2978 1021 ΚΕΦΔΛ.
3023 968 3171 1035 KG’.

2235 1100 2253 1132 ι
2329 1069 2518 1151 Ὀψίας
2563 1079 2620 1134 δὲ
2665 1082 2968 1153 γενομένης
3015 1081 3267 1136 ἀνέκειτο
3316 1080 3461 1153 μετά
3496 1081 3608 1137 τῶν
3644 1083 3752 1137 δὼ-

2157 1171 2313 1226 δέκα.
2350 1190 2372 1224 ι

2236 1285 2254 1318 ι
2296 1264 2407 1318 Καὶ
2430 1262 2720 1319 ἐσθιόντων
2759 1262 2963 1328 αὐτῶν,
2989 1257 3165 1318 εἶπενο
3211 1263 3389 1336 Ἀμὴν
3419 1265 3565 1334 λέγω
3589 1267 3749 1337 ὑμῖν,

2156 1360 2242 1413 ὅτι
2266 1353 2345 1422 εἷς
2374 1358 2432 1425 ὲξ
2458 1358 2613 1429 ὑμῶν
2639 1357 2968 1428 παραδώσει
3007 1374 3099 1429 με.
3136 1376 3155 1408 ι

2235 1452 2307 1504 Ἠ
2342 1453 2439 1522 μὲν
2482 1449 2771 1521 έτοιμασία
2809 1449 3004 1519 γέγονε
3047 1446 3142 1502 τοῦ
3185 1448 3401 1520 Πάσχαο
3446 1450 3663 1504 δεῖπνον
3693 1451 3751 1502 δέ

2163 1544 2303 1609 ἐστι,
2342 1543 2439 1596 καὶ
2464 1541 2619 1596 οὓπω
2648 1541 2744 1595 τοῦ
2775 1542 2969 1613 Πάσχα
2998 1541 3224 1613 βρῶσις.
3255 1542 3393 1595 Οὐδὲ
3416 1541 3531 1611 γὰρ
3558 1543 3752 1612 σχῆμα

2155 1636 2217 1688 τὸ
2239 1636 2427 1705 Πάσχα
2443 1634 2754 1696 ἐσθιόντων,
2781 1633 2899 1688 ἀλλ’
2924 1633 3205 1688 ἀνέκειντο
3225 1632 3590 1698 δειπνοῦντες.
3625 1634 3754 1699 Πῶς

2157 1726 2215 1779 δὲ
2243 1727 2292 1778 εί
2322 1726 2384 1779 τὸ
2406 1725 2597 1795 Πάσχα
2636 1724 2824 1796 ήσθιον
2856 1724 3196 1796 παρανόμως
3225 1724 3454 1795 ῆσθιον;
3498 1723 3611 1795 (Ob
3640 1724 3755 1795 γὰρ

2158 1817 2550 1888 ἀνακειμένους
2577 1816 2689 1869 ἔδει
2720 1814 2977 1886 φαγεῖν.)
3010 1814 3075 1867 Τί
3113 1808 3208 1867 οὖν
3238 1812 3388 1868 ἔστιν
3419 1814 3635 1881 εἰπεῖν;
3666 1814 3756 1867 ὃτι

2162 1910 2300 1981 μετά
2326 1909 2388 1963 τὺ
2410 1911 2604 1980 φαγεῖν
2631 1908 2913 1961 ἀνέκειντο
2935 1905 3121 1961 λοιπὸν
3159 1905 3488 1976 ἐσθιόμενοι.
3523 1907 3756 1977 Ἕτερος

2157 2003 2214 2056 δὲ
2245 2001 2643 2072 εύαγγελιστής
2673 2017 2862 2071 φησιν,
2898 2000 2980 2053 ὅτι
3017 1998 3161 2053 κατά
3199 1999 3299 2069 τὴν
3327 1998 3571 2069 ἑσπέραν
3607 1998 3756 2053 ὲκεί-

2159 2111 2257 2165 νην
2280 2092 2380 2147 οὐκ
2414 2092 2570 2165 ἤσθιε
2614 2092 2777 2163 μόνον
2817 2091 2879 2145 τὸ
2918 2090 3134 2161 Πάσχα,
3186 2089 3307 2143 ἀλλ’
3335 2088 3543 2159 ἔλεγεν·
3590 2091 3755 2143 Ἔπι-

2163 2186 2343 2254 (lautia
2374 2184 2723 2252 ἐπεθύμησα
2770 2181 2837 2236 τὸ
2894 2182 3113 2252 Πάσχα
3166 2180 3343 2235 τοῦτο
3381 2180 3595 2251 φαγεῖν
3620 2182 3753 2248 μεθ’

2161 2274 2350 2346 ὑμῶν,
2399 2276 2646 2330 τουτέστι
2681 2273 2825 2329 κατὰ
2851 2274 2945 2330 τὸν
2992 2273 3239 2327 ἐνιαυτὸν
3283 2273 3493 2327 τοῦτον.
3540 2256 3624 2326 Τί⁷
3655 2273 3753 2343 δή-

2160 2389 2288 2425 ποτε
2318 2389 2334 2439 ;
2360 2371 2444 2424 ὃτι
2473 2371 2595 2424 τότε
2625 2369 2820 2441 ἔμελλε
2842 2368 2944 2438 τῆς
2973 2367 3306 2438 οἰκουμένης
3327 2370 3361 2439 ή
3396 2366 3641 2438 σωτηρία
3671 2367 3756 2435 γί-

2159 2463 2367 2527 νεσθαι,
2402 2463 2497 2515 καὶ
2534 2463 2602 2516 τά
2632 2461 2908 2533 μυστήρια
2940 2459 3368 2532 παραδίδοσθαι,
3413 2465 3509 2513 καὶ
3549 2458 3621 2512 τά
3660 2459 3759 2512 λυ-

2159 2555 2313 2626 πηρά
2342 2554 2568 2608 λύεσθαι
2598 2552 2688 2609 διὰ
2718 2552 2813 2608 τοῦ
2862 2553 3119 2608 θανάτου.
3152 2550 3311 2606 Οὕτω
3342 2553 3484 2607 κατά
3526 2549 3758 2623 γνώμην

2160 2645 2310 2718 αύτῷ
2343 2647 2371 2699 ὁ
2399 2644 2632 2717 σταυρὸς
2665 2640 2755 2717 ἦν.

2237 2756 2256 2790 ‹
2292 2737 2455 2806 Λέγω
2487 2737 2545 2791 δὲ
2580 2738 2737 2808 ὑμῖν,
2769 2737 2854 2791 ὃτι
2884 2737 2959 2792 Ob
2995 2736 3071 2808 μὴ
3106 2736 3215 2790 πίω
3243 2736 3338 2791 ἀπ’
3377 2737 3503 2807 ἄρτι
3531 2739 3596 2791 ὲκ
3630 2736 3753 2791 τού-

2157 2848 2251 2885 του
2284 2828 2378 2883 τοῦ
2421 2829 2759 2900 γεννήματος
2800 2828 2900 2900 τῆς
2930 2827 3207 2899 ἀμπέλου,
3249 2827 3355 2891 ἕως
3400 2828 3501 2899 τῆς
3536 2829 3750 2899 ἡμέρας

2159 2920 2397 2992 ἐκείνης,
2429 2922 2557 2975 ὅταν
2589 2921 2720 2975 αὐτὸ
2753 2920 2894 2974 πίνω
2922 2918 3042 2991 μεθ’
3066 2918 3219 2991 ὑμῶν
3248 2919 3434 2973 καινὸν
3466 2920 3525 2973 ὲν
3552 2920 3612 2990 τῇ
3643 2918 3741 2987 βαι

2160 3014 2336 3087 σιλείᾳ
2363 3013 2456 3068 τοῦ
2487 3013 2702 3085 Πατρός
2741 3030 2868 3084 μου.
2904 3033 2923 3064 ι

2241 3109 2308 3162 Ἦ
2344 3107 2437 3163 τοῦ
2486 3108 2633 3162 οἴνου
2684 3108 2842 3171 πόσις
2877 3106 2941 3161 οὐ
2978 3105 3170 3179 χρείαν
3210 3106 3518 3177 ἀποπληροῖ
3550 3104 3729 3176 μόνον.

2159 3200 2298 3255 ἀλλά
2319 3202 2416 3263 και]ι
2439 3199 2811 3271 παμποίκιλον
2835 3198 3029 3272 ἡδονὴν
3050 3201 3117 3271 τῇ
3146 3198 3399 3270 αίσθήσει
3423 3198 3732 3270 προσφέρεισ

2162 3292 2302 3363 μετά
2344 3291 2403 3346 δὲ
2439 3291 2538 3362 τὴν
2575 3292 2641 3344 ὲκ
2684 3290 2899 3363 νεκρῶν
2935 3291 3258 3355 ἀνάστασιν,
3289 3289 3747 3360 ἀποτιναχθείσης

2157 3386 2256 3455 τῆς
2303 3383 2510 3454 φθορᾶς
2552 3382 2661 3435 τῶν
2710 3379 3071 3453 ἀνθρωπίνων
3121 3380 3416 3452 σωμάτων,
3468 3381 3562 3434 καὶ⁸
3606 3379 3748 3450 αὑτὴ

2157 3475 2269 3528 τῶν
2300 3474 2642 3544 πραγμάτων
2666 3475 2699 3544 ή
2731 3472 2897 3542 φύσις
2922 3472 3059 3544 πρὸς
3079 3472 3375 3542 καινότητα
3403 3469 3755 3544 μετοικισθή-

2162 3583 2337 3632 σεται,
2373 3564 2515 3620 ὥστε
2549 3566 2645 3620 καὶ
2679 3563 2850 3637 αὐτὴν
2890 3563 3050 3636 ήμῶν
3089 3563 3189 3636 τὴν
3219 3564 3562 3634 εὐφροσύνην
3606 3559 3753 3616 εἶναι

2159 3660 2376 3729 καινήν.
2410 3654 2763 3731 Εὑφροσύνης
2790 3656 2846 3709 δὲ
2876 3656 3144 3728 σύμϐολον
3172 3656 3232 3709 τὸ
3262 3655 3322 3720 se
3349 3654 3492 3709 οἴνου
3527 3656 3745 3727 κρᾶμα,

2161 3751 2191 3804 ὃ
2241 3751 2337 3805 καὶ
2388 3748 2718 3820 γεγενῆσθαί
2766 3765 2902 3819 φησι
2950 3747 3135 3804 καινὸν
3176 3749 3314 3802 κατά
3368 3748 3430 3802 τὸ
3474 3747 3533 3812 ἐξ
3581 3749 3756 3803 αὑτοῦ

2161 3841 2480 3911 συμϐαῖνον,
2529 3841 2779 3894 τουτέστι
2841 3840 2940 3913 τὴν
2987 3840 3351 3913 εὐφροσύνηνο
3398 3841 3759 3911 ἀναχωρήσει

2158 3930 2269 4000 γὰρ
2299 3928 2440 4000 μετὰ
2468 3929 2568 4000 τὴν
2596 3929 2893 3983 ἀνάστασιν
2926 3931 2959 3999 ή
2986 3929 3081 3983 τοῦ
3106 3928 3397 4002 ἀνθρώπου
3424 3929 3615 3998 φύσις,
3648 3930 3758 3999 τῆς

2157 4022 2294 4093 αὐτῇ
2321 4021 2589 4093 συνήθους
2615 4021 2712 4075 καὶ
2737 4021 2934 4093 γηῖνης
2961 4022 3240 4093 τέρψεως,
3273 4024 3658 4097 μεταχωρήσει
3692 4024 3758 4077 δὲ

2157 4113 2297 4186 πρὸς
2339 4112 2637 4185 καινότητα
2660 4114 2875 4185 τρυφῆς
2894 4154 2909 4181 ,
2936 4114 3103 4167 αὐτοῦ
3130 4114 3374 4186 δηλονότι
3400 4115 3495 4169 τοῦ
3530 4118 3757 4169 πάντων

2158 4205 2316 4283 ήμῶν
2357 4206 2608 4277 Σωτῆρος
2648 4204 2889 4277 Χριστοῦ
2927 4207 3028 4279 τὴν
3070 4206 3315 4279 ἔμφυτον
3346 4207 3440 4262 καί
3488 4208 3627 4262 ίδίαν
3656 4209 3757 4262 εύ-

2158 4296 2435 4369 φροσύνην
2458 4302 2579 4361 ταῖς
2602 4296 2711 4350 τῶν
2736 4296 3046 4369 σεὸομένων
3071 4301 3235 4354 αὐτὸν
3264 4301 3500 4364 ένιέντος
3523 4301 3753 4372 ψυχαῖς,

2157 4389 2255 4444 καὶ
2280 4388 2561 4458 ἀναλόγως
2591 4392 2705 4454 τοῖς
2730 4390 2962 4445 ἑκάστου
2993 4392 3222 4463 μέτροις
3260 4392 3629 4463 διανέμοντος⁸
3669 4395 3756 4446 ὅτι

472 4489 573 4529 nos
603 4473 657 4527 in
686 4470 1065 4543 spiritualibus
1087 4465 1317 4527 latitiis,
1341 4463 1560 4518 divinus
1592 4471 1745 4516 vates
1769 4459 1941 4514 David
1974 4474 2054 4513 se-

2160 4479 2214 4534 st
2243 4481 2301 4533 έν
2333 4479 2699 4552 εὐφροσύναις
2721 4480 2957 4553 ἐσόμεθα
2990 4459 3209 4554 νοηταῖς
3237 4486 3266 4538 ὁ
3294 4459 3435 4549 θεῖος
3462 4486 3611 4555 ἡμᾶς
3644 4489 3755 4539 A1-

472 4579 604 4619 cure
631 4561 903 4633 promittit
926 4560 1117 4614 dicens
1160 4568 1178 4610 :
1215 4553 1635 4608 Inebriabuutur
1691 4552 1756 4605 ab
1816 4551 2054 4605 ubertate

473 4658 663 4712 domus
690 4665 819 4719 tute,
849 4661 897 4707 et
930 4659 1163 4704 torrente
1206 4645 1492 4716 uoluptatis
1518 4654 1622 4699 tua:
1660 4645 1865 4715 potabis
1892 4661 1978 4701 eos
1997 4645 2054 4714 ⁶;

477 4747 752 4819 Sapientia
786 4759 914 4800 vero
966 4754 1155 4794 rursus
1213 4739 1398 4793 vinum
1430 4739 1484 4793 in
1531 4738 1700 4794 calice
1725 4739 1958 4795 miscens
1999 4750 2056 4794 et.

474 4851 782 4909 proponens
809 4845 975 4904 panes
1020 4847 1034 4885 :
1096 4827 1291 4897 Venite,
1319 4828 1557 4900 inquit',
1588 4831 1839 4887 comedite
1861 4847 2052 4901 panem

472 4944 668 4993 meum,
700 4938 746 4982 et
785 4926 943 4980 bibite
970 4922 1145 4976 vinum
1170 4923 1313 4994 quod
1341 4924 1529 4979 miscui
1550 4922 1718 4979 vobis.

551 5106 717 5162 Vens.
736 5103 827 5159 54.
846 5102 1156 5170 «Quomodo
1186 5117 1315 5174 ergo
1343 5104 1712 5177 implebantur
1733 5103 2049 5173 Scriptum,

475 5199 601 5269 quia
633 5197 714 5250 sic
751 5203 965 5264 oportet
996 5193 1149 5249 ﬁeri?
1184 5214 1203 5247 ι

549 5289 725 5344 Divini
754 5288 957 5343 amoris
985 5287 1204 5343 stimulo
1263 5289 1482 5359 quidem
1509 5289 1726 5345 incitati
1803 5291 2053 5362 discipuli

475 5379 683 5450 gladios
712 5377 1016 5433 eduxerunt
1057 5378 1316 5433 insultum
1342 5379 1695 5449 repellentes:
1726 5378 1843 5434 ﬁeri
1871 5390 2054 5435 autem
2100 5402 2117 5413 κ

474 5467 840 5526 hocChristns
882 5486 989 5526 non
1020 5471 1308 5540 permittit.
1381 5470 1541 5526 Dedit
1567 5471 1748 5527 autem
1800 5488 1897 5543 per
1953 5475 2055 5529 hoc

469 5562 641 5619 etiam
677 5561 833 5618 nobis
891 5573 1099 5635 typum,
1155 5563 1556 5635 quodammodo
1618 5566 2055 5638 charitatemip-

542 5721 566 5753 ³
599 5716 726 5775 Luc.
761 5735 893 5786 ult,
932 5719 1021 5774 15.
1097 5718 1117 5750 ⁸
1150 5718 1292 5775 Psal.
1323 5733 1485 5787 xxxv,
1511 5720 1564 5774 9.
1642 5722 1661 5753 ⁸
1695 5719 1854 5776 Prov.
1886 5739 1962 5792 Ix,
1993 5723 2047 5780 5.

2162 4568 2248 4623 6i6
2307 4568 2714 4642 πληροφορήσει
2787 4571 2995 4641 λέγων*
3057 4573 3558 4640 Μεθυσθήσονται
3627 4576 3753 4629 ἀπὸ

2166 4661 2449 4728 πιότητος
2474 4662 2646 4716 οίκου
2671 4673 2810 4729 σου,
2839 4664 2936 4718 καί
2965 4663 3073 4718 τὸν
3092 4665 3453 4735 χειμὰρῤουν
3483 4663 3593 4734 τῆς
3618 4683 3758 4735 τρυ-

2164 4749 2289 4820 φῆς
2319 4766 2437 4806 σου
2469 4752 2691 4819 natasic
2724 4754 2970 4820 αὐτούς.
3014 4755 3081 4808 Ἠ
3130 4756 3293 4825 σοφία
3336 4756 3394 4809 δὲ
3438 4756 3622 4820 πάλιν,
3658 4757 3756 4810 τὸν

2165 4842 2363 4913 ἑαυτῆς
2383 4837 2525 4895 οἶνον
2548 4844 2830 4915 κεράσασα
2854 4846 2934 4909 είς
2952 4846 3206 4919 κρατῆρα
3223 4847 3316 4901 καὶ
3341 4847 3602 4918 προθεῖσα
3618 4850 3754 4914 τοὺς

2164 4933 2385 5005 ἄρτους·
2434 4936 2695 5001 Ἕλθετε,
2732 4937 2906 5006 φησι,
2942 4938 3161 5009 φάγετε
3202 4939 3311 4993 τὸν
3355 4940 3505 5009 ἐμὸν
3540 4940 3754 5011 ἄρτον,

2164 5028 2263 5080 καὶ
2293 5026 2460 5080 alere
2488 5023 2676 5092 οἶνον,
2712 5030 2786 5082 ὃν
2823 5030 3120 5099 κεκέρακα
3151 5033 3315 5099 ὑμῖν.

2242 5133 2260 5165 ι
2312 5115 2436 5179 Πῶς
2474 5112 2571 5171 οὖν
2603 5117 2967 5190 πληρωθῶσιν
3001 5120 3059 5173 αί
3090 5120 3327 5190 Γραφαὶ,
3376 5120 3462 5175 ὅτι
3500 5120 3645 5175 οὕτω
3673 5121 3760 5175 δεῖ

2165 5204 2419 5275 γενέσθαι
2445 5222 2460 5272 ;
2501 5227 2519 5259 ι

2186 5335 2209 5341 -
2236 5296 2326 5368 Τῷ
2373 5299 2560 5368 μέντοι
2623 5298 2901 5368 φιλοθετας
2974 5301 3187 5372 κέντρῳ
3244 5301 3656 5374 διανυττόμενοι
3704 5306 3755 5358 oi

2167 5391 2430 5461 μακάριοι
2475 5390 2595 5462 μαθ.
2624 5391 2721 5445 ταὶ
2770 5393 3050 5465 μαχαίρας
3087 5397 3498 5450 ἐπανετείνοντο
3546 5399 3754 5451 ἀποσο-

2164 5482 2387 5546 ϐοῦντες
2414 5483 2512 5555 τήν
2539 5484 2597 5555 ἐς
2638 5484 2745 5539 δον.
2778 5485 2899 5540 Οὐκ
2926 5488 2992 5558 ἐᾷ
3032 5487 3091 5541 δὲ
3123 5487 3284 5541 τοῦτο
3320 5488 3578 5557 γενέσθαι
3612 5491 3753 5561 Χρι-

2166 5572 2308 5638 στός.
2341 5574 2601 5631 Δέδωκεδ
2675 5578 2776 5634 καὶ
2808 5578 2943 5649 ἡμῖν
2988 5579 3176 5643 αὐτοῖς
3213 5579 3384 5636 τύπον
3415 5581 3504 5637 διά
3549 5582 3748 5635 τούτου
