4072 6402
1022 214 1083 224 η.

378 262 516 330 1389
1655 255 1736 318 IN
1778 256 1837 314 s.
1880 250 2351 314 MATTHzEUM.
3521 249 3657 331 1390

375 377 499 430 τινὰ
539 376 604 448 δὴ
631 376 833 448 τρόπον
866 375 968 446 τῆς
1004 375 1170 437 αὐτοῦ
1212 371 1436 443 ἀγάπης
1470 354 1822 440 ἀντέχεσθαι,
1876 366 1969 421 καὶ

2076 367 2190 421 sius
2215 363 2559 437 prmfcrettdi,
2585 372 2639 419 et
2662 379 2945 437 quousque
2971 366 3268 423 extendere
3295 379 3544 435 oporteat
3572 372 3656 426 in-

381 467 544 540 μέχρι
578 469 723 532 τινος
752 468 1090 523 ἐκτείνεσθαι
1123 467 1206 520 δεῖ
1241 467 1335 521 τὸν
1373 464 1516 535 ὑπὲρ
1549 463 1651 533 τῆς
1682 462 1763 526 είς
1803 460 1968 515 αὐτὸν

2076 471 2293 513 censum
2323 456 2376 512 in
2408 471 2535 512 eum
2586 457 2806 526 pietatis
2865 456 3040 514 zelum
3070 475 3086 524 ;
3138 473 3245 515 non
3286 459 3430 514 enim
3462 459 3657 531 gladiis

379 560 661 624 εὐσεϐείας
689 560 1067 630 ἀναπτόμενον
1094 560 1290 632 ζῆλονο
1315 558 1378 611 οὐ
1410 557 1520 627 γάρ
1555 572 1638 608 τοι
1668 552 1969 625 μαχαίραις

379 653 526 723 ἡμᾶς
554 651 851 723 κεχρῆσθαι
876 650 1149 722 βούλεται,
1178 648 1367 719 εὐνοίᾳ
1393 648 1449 701 δέ
1484 645 1690 717 μᾶλλον
1715 645 1811 698 καὶ
1840 660 1968 695 συν-

380 740 495 794 έσει
532 741 852 813 χρωμένους
881 739 1235 796 ἀποσείεσθαι
1265 737 1535 808 γεννικῶς
1560 736 1689 799 τοὺς
1712 734 1782 789 δι’
1814 734 1971 786 ἐναν-

378 847 551 894 τιους.

950 946 1201 1001 ΚΕΦΑΛ.
1243 944 1374 1001 ΚΖ’.

455 1076 474 1110 ι
512 1058 586 1112 Τὸ
610 1059 657 1112 δ’
685 1060 816 1115 αὐτὸ
842 1061 938 1114 καὶ
965 1060 1162 1135 λῃσταὶ
1192 1062 1242 1115 οί
1273 1057 1754 1132 συσταυρωθέντες
1788 1054 1961 1127 αὐτῷ,

379 1150 655 1215 ὠνείδιζον
679 1152 846 1224 αὐτῷ.
885 1171 905 1205 ι

452 1244 613 1297 Ἔστι
642 1244 847 1316 λῃστὴς
876 1243 1201 1316 εὐγνώμων,
1230 1246 1260 1297 6
1287 1241 1390 1298 κᾶν
1419 1244 1510 1297 ἐπ’
1540 1242 1673 1296 αὐτὸ
1705 1242 1766 1296 τὸ
1791 1242 1969 1313 πέρας

377 1335 477 1406 τῆς
509 1336 793 1407 παρούσης
822 1338 1113 1409 γενόμενος
1145 1337 1292 1408 ζωῆς
1314 1377 1330 1402 ,
1363 1336 1535 1391 ἐλθὼν
1564 1339 1645 1400 είς
1676 1336 1969 1408 συναίσθη-

381 1443 466 1480 σιν
489 1428 597 1480 τῶν
632 1428 1145 1500 πλημμεληθέντων
1172 1427 1320 1499 αὐτῷ
1347 1427 1516 1483 αἰτῶν
1552 1426 1881 1497 συγγνώμην
1903 1429 1968 1481 ἐκ

381 1518 578 1590 βάθους
601 1519 777 1591 ψυχῆς
798 1515 873 1575 ὧν
887 1522 1157 1595 ἥμαρτεν.
1192 1520 1490 1593 Ἀγνώμων
1511 1520 1568 1573 δὲ
1589 1519 1795 1591 λῃστής
1820 1522 1967 1572 ἐστιν

385 1611 415 1663 6
446 1613 568 1665 κατ’
598 1611 728 1665 αὐτὸ
754 1611 816 1665 τὸ
849 1612 1025 1682 πέρας
1051 1613 1150 1682 τῆς
1179 1610 1353 1682 ζωῆς,
1380 1611 1473 1665 τὸν
1495 1611 1638 1665 κατά
1662 1611 1844 1682 ψῆφον
1876 1626 1964 1663 τε-

2072 546 2146 601 uti
2182 562 2279 602 nos
2309 546 2445 613 vult,
2475 548 2568 602 sed
2596 560 2776 603 mente
2806 550 2988 621 potius
3010 565 3075 607 ac
3101 550 3381 607 intellectu
3416 561 3656 621 utentes,

2071 647 2327 695 excutere
2361 641 2662 711 generatim
2692 656 2786 698 eos
2821 645 2912 713 qui
2955 646 3217 701 contrarii
3244 655 3394 702 sunt.

2653 926 2809 984 CAP.
2837 928 3054 985 XXVII.

2144 1036 2309 1094 Vens.
2332 1040 2423 1094 Η.
2457 1060 2476 1092 ι
2514 1040 2749 1111 ldipsnm
2785 1052 3039 1099 autemet
3060 1045 3325 1113 latrones,
3352 1052 3444 1121 qui
3474 1055 3657 1109 cruci-

2047 1130 2164 1217 _llxi
2193 1141 2350 1186 erant
2382 1146 2503 1188 cum
2531 1148 2617 1200 eo,
2653 1134 3102 1206 improperabant
3127 1140 3232 1195 ei.»

2142 1219 2308 1275 Bonae
2330 1212 2532 1278 ‘mentis
2566 1223 2709 1279 latro
2737 1235 2843 1292 est,
2873 1227 2987 1295 qui,
3016 1229 3141 1284 licet
3164 1230 3219 1290 in
3252 1233 3353 1286 hoc
3384 1233 3504 1302 ipso
3532 1234 3659 1289 vitm

2072 1312 2361 1389 praesentis
2404 1314 2638 1369 termino
2676 1318 3023 1385 constitutus,
3048 1334 3171 1374 cum
3201 1322 3268 1376 ad
3318 1338 3539 1379 sensum
3568 1341 3661 1379 vc-

2073 1402 2217 1455 nerit
2250 1416 2473 1455 suorum
2503 1413 2872 1473 peccatorum,
2903 1421 3096 1463 eorum
3122 1426 3245 1480 qua:
3276 1426 3557 1482 peccarat,
3590 1430 3655 1470 ex

2071 1490 2265 1547 intimo
2292 1492 2459 1547 corde
2490 1494 2727 1562 postulat
2758 1495 3171 1560 remissionem;
3204 1500 3453 1570 ingratus
3473 1512 3659 1557 autem

2072 1582 2213 1638 latro
2233 1592 2319 1638 est
2345 1584 2438 1655 qui
2472 1585 2575 1640 hoc
2603 1585 2722 1655 ipso
2759 1587 2883 1642 vitae
2917 1591 3173 1658 termino,
3203 1595 3556 1660 pronuntiata
3572 1595 3661 1650 di-

380 1701 542 1755 θέντα
557 1703 682 1774 ὅρον
700 1703 794 1755 τοῦ
817 1676 1089 1773 μερισμοῦ
1107 1676 1217 1774 ’τῆς
1241 1676 1423 1773 ψυχῆς
1444 1700 1553 1756 ἀπὸ
1572 1699 1665 1754 τοῦ
1679 1676 1966 1771 σώματος,

2076 1676 2295 1731 visionis
2323 1676 2517 1733 animae
2541 1693 2571 1732 a
2607 1693 2839 1747 corpore
2878 1683 3176 1749 sententia,
3214 1683 3360 1738 illam
3400 1694 3657 1758 tanquam

379 1792 453 1855 ὡς
493 1791 568 1865 μὴ
616 1793 802 1858 καλῶς
844 1793 1069 1847 δοθέντα
1114 1794 1204 1847 διὰ
1247 1792 1547 1863 φιλοζωΐαν
1586 1792 1966 1865 μεμφόμενος.

381 1883 492 1936 Καὶ
517 1882 675 1949 αὖθις
709 1884 914 1957 λῃστής
940 1887 1087 1940 ἐστιν
1113 1884 1436 1957 εὐγνώμων,
1462 1887 1491 1939 6
1529 1885 1617 1939 διά
1646 1885 1745 1953 τῆς
1768 1901 1970 1937 παντε-

252 2026 265 2047 I
380 1973 507 2037 λοῦς
528 1974 637 2029 τῶν
672 1976 862 2029 παθῶν
899 1976 1220 2048 νεκρώσεως
1250 1975 1615 2041 καταξιωθεὶς
1647 1990 1971 2046 συσταυρω-

372 2063 540 2130 θῆναι
585 2067 836 2139 Χριστῷ,
878 2068 1130 2122 τουτέστι
1185 2069 1325 2139 μετά
1371 2067 1534 2136 λόγου
1571 2065 1669 2120 καὶ
1714 2064 1971 2134 γνώσεως

381 2162 562 2213 πᾶσαν
590 2159 804 2225 διεξιὼν
855 2160 1078 2232 ἀρετήν’
1117 2158 1390 2231 ἀγνώμων
1425 2159 1483 2212 δέ
1523 2160 1552 2212 6
1589 2157 1841 2221 ὑπούλως
1876 2157 1970 2211 τὸν

380 2254 503 2306 κατ’
565 2253 768 2324 ἀρετὴν
825 2254 940 2324 βίον
984 2253 1447 2323 ὑποκρινόμενος,
1505 2250 1717 2315 σκολιὸς
1767 2250 1824 2304 δὲ
1870 2249 1971 2319 τὴν

381 2344 607 2415 γνώμην
629 2344 724 2402 ὢν.
756 2347 853 2399 ⁸ον
878 2345 961 2399 δεῖ
977 2343 1378 2415 ἐπιστομίζεινο
1407 2342 1540 2407 ἴσως
1560 2343 1673 2412 γάρ
1698 2341 1971 2396 παύσεται

383 2436 475 2490 τοῦ
497 2436 805 2492 διαϐάλλειν
838 2437 928 2491 διὰ
953 2436 1053 2507 τῆς
1092 2434 1302 2498 οἰκείας
1324 2435 1674 2506 ἀναστροφῆς
1696 2433 1788 2487 τὸν
1815 2433 1972 2503 λόγον

382 2529 449 2598 τῇ
486 2529 808 2598 παραινέσει
837 2527 933 2580 τοῦ
972 2527 1423 2597 ἐπιπλήττοντος.
1472 2523 1715 2578 Ἔστιδέ
1756 2525 1814 2577 ἐν
1839 2525 1973 2595 ἡμῖν

384 2619 547 2673 πάλιν
565 2619 640 2683 ὡς
659 2618 757 2690 μὲν
787 2618 991 2694 λῃστὴς
1013 2617 1286 2688 ἀγνώμων
1304 2619 1333 2671 ό
1359 2617 1459 2689 τῆς
1486 2615 1689 2688 σαρκὸς
1708 2616 1874 2688 νόμος
1894 2614 1974 2687 τῷ

383 2710 529 2781 λόγῳ
563 2714 661 2781 τῆς
698 2712 899 2783 ἀρετῆς
928 2709 1292 2765 ἀντιπίπτων·
1319 2708 1396 2773 ώς
1432 2708 1639 2782 λῃστὴς
1665 2708 1724 2762 δέ
1767 2708 1975 2777 εὐγνώ-

388 2818 506 2872 μων
530 2805 559 2856 6
585 2803 681 2855 τοῦ
709 2802 1024 2872 πνεύματος
1059 2803 1223 2873 νόμος
1246 2841 1261 2865 ,
1287 2802 1380 2855 τὸν
1407 2801 1639 2873 Σωτῆρα
1681 2801 1841 2871 λόγον
1882 2800 1974 2855 διὰ

384 2893 503 2951 τῶν,
517 2893 659 2946 κατά
679 2893 780 2964 τὴν
802 2894 1114 2965 πρακτικὴν
1156 2893 1377 2964 τρόπων
1398 2892 1523 2964 (κᾶν
1547 2894 1794 2947 ἐπίπονοί
1815 2886 1972 2959 ὦσιν)

385 2983 805 3054 ἀποδεχόμενος,
846 2978 890 3053 ᾧ
924 2984 1336 3056 συνεισέρχεται
1362 2982 1616 3054 γεγηθὼς
1654 2985 1735 3047 είς
1759 2983 1850 3037 τὸν
1875 2983 1974 3053 τῆς

2072 1781 2179 1821 non
2202 1777 2352 1825 recte
2376 1769 2558 1824 datam
2614 1771 2684 1826 ob
2711 1772 2835 1827 vita:
2857 1787 3100 1828 uiliorem
3135 1785 3376 1831 accusat.
3424 1778 3504 1834 Ac
3532 1795 3657 1834 rur—
3684 1778 3695 1799 ‘

2071 1873 2165 1916 sus
2200 1860 2353 1918 bona:
2404 1864 2602 1919 mentis
2648 1863 2787 1921 latro
2832 1875 2940 1933 est,
2991 1868 3086 1938 qui
3140 1883 3240 1938 per
3287 1872 3660 1930 omnimodatn

2072 1952 2388 2023 passionum
2422 1955 2929 2023 mortiﬁcationem,
2968 1959 3163 2028 dignus
3191 1971 3277 2017 est
3298 1963 3515 2021 habitus
3567 1970 3661 2036 qui

2071 2060 2194 2100 cum
2229 2044 2449 2103 Christo
2474 2048 2624 2103 cr‘uci
2675 2048 3014 2120 adigeretur,
3070 2052 3124 2107 id
3175 2062 3262 2109 est
3292 2069 3417 2109 cum
3446 2056 3664 2112 ratione

2072 2153 2138 2196 ac
2158 2141 2469 2211 cognitione
2512 2157 2730 2200 omnem
2769 2155 3055 2202 exerceret
3088 2149 3385 2218 virtutem;
3415 2152 3661 2222 ingratus

2073 2239 2282 2298 autem,
2316 2234 2409 2301 qui
2436 2234 2625 2291 dolose
2655 2238 2825 2291 vitam
2875 2239 3179 2296 virtuosam
3224 2242 3512 2310 simulans,
3539 2259 3666 2314 per-

2072 2338 2233 2379 versa
2271 2334 2454 2381 mente
2501 2329 2739 2385 exsistit.
2790 2328 2890 2384 Cui
2945 2345 3008 2386 os
3059 2332 3353 2391 obstruere
3398 2347 3659 2408 oportet;

2074 2416 2307 2472 fortasse
2334 2418 2480 2472 enim
2509 2421 2746 2475 cessabit
2774 2437 2872 2492 per
2897 2436 3051 2479 suam
3083 2428 3501 2485 conversionem
3526 2446 3657 2500 per-

2074 2509 2343 2579 stringere
2360 2511 2623 2575 rationem
2645 2515 2978 2583 increpantis
3000 2531 3059 2572 se
3082 2533 3180 2587 per
3200 2519 3660 2581 adhortationem.

2075 2598 2273 2656 lterum
2299 2616 2428 2657 vero
2459 2603 2511 2657 in
2543 2604 2702 2660 nobis
2732 2616 2838 2672 est,
2870 2616 3127 2678 tanquam
3159 2611 3306 2668 latro
3331 2614 3551 2683 quidem
3579 2616 3663 2670 in-

2086 2704 2276 2764 gratus
2307 2694 2492 2751 carnis
2521 2695 2628 2763 lex,
2657 2698 2878 2753 virtutis
2901 2702 3102 2756 rationi
3121 2703 3423 2760 reluctans:
3446 2716 3524 2774 at,
3556 2709 3668 2765 vel-

2083 2796 2145 2841 ut
2197 2785 2338 2842 latro
2374 2785 2529 2844 home
2559 2790 2758 2845 mentis
2787 2789 3013 2860 spiritus
3041 2793 3148 2861 lex,
3192 2794 3426 2850 Verbum
3462 2798 3666 2853 Serva-

2079 2889 2250 2936 tnrem
2273 2881 2402 2935 vitae
2431 2882 2624 2937 activm
2643 2884 2888 2938 moribus
2917 2884 3065 2956 (licet
3088 2885 3348 2944 laboriosi
3376 2890 3508 2962 sint)
3535 2906 3663 2946 sus-

2077 2971 2307 3040 cipiens,
2352 2972 2444 3043 qui
2486 2986 2609 3027 cum
2664 2974 2903 3029 introeat
2954 2978 3396 3048 appropinquans
3449 2982 3517 3037 ad
3563 2998 3666 3039 nu-

386 3072 619 3143 εὐωχίας
646 3074 831 3142 τόπον,
861 3076 953 3129 τὸν
982 3076 1164 3146 πάσης
1207 3074 1493 3145 κατάκμον
1521 3073 1788 3142 γνώσεως·
1824 3114 1840 3138 ,
1876 3074 1970 3128 τοῦ

2081 3067 2319 3136 ptiarum
2342 3069 2543 3134 locum,
2582 3070 2912 3138 cognitionis
2972 3071 3152 3128 omnis
3192 3072 3586 3141 habitaculum,
3631 3090 3661 3128 a

385 3166 529 3219 κατά
577 3166 758 3237 σάρκα
806 3168 1158 3238 φρονήματος
1198 3165 1482 3228 παντελῶς
1528 3163 1970 3236 ἀπηλλαγμένος.

386 3255 790 3326 Σπουδάσωμεν
810 3257 903 3311 οὖν
920 3256 1026 3321 ἕως
1050 3256 1291 3310 ἐνταῦθά
1311 3259 1508 3327 ἐσμεν,
1518 3257 1610 3312 τὸν
1635 3272 1839 3309 συσταυ
1849 3254 1975 3324 ρού-

390 3363 552 3418 μενον
578 3348 711 3418 ἡμῖν
745 3345 1071 3402 ἰλεώσασθαι
1113 3347 1310 3416 Λόγον,
1339 3346 1498 3417 εῐπερ
1527 3347 1562 3419 ἡ
1604 3346 1849 3417 σήμερον
1874 3343 1974 3414 τὴν

386 3438 693 3492 ἐνεστῶσαν
733 3437 926 3492 τούτου
975 3437 1071 3492 τοῦ
1119 3438 1316 3503 αἰῶνος
1358 3437 1577 3510 ἡμέραν
1618 3437 1972 3491 ἐνδείκνυται.

395 3547 416 3580 ι
459 3529 708 3600 Σήμερον
740 3528 871 3600 γὰρ,
916 3529 1075 3598 φησὶ,
1107 3529 1226 3599 μετ’
1252 3528 1391 3600 ἐμοῦ
1426 3527 1528 3601 ἔσῃ
1567 3528 1627 3581 ἐν
1668 3527 1748 3596 τῷ
1790 3544 1972 3598 παρα-

386 3619 570 3691 δείσῳ.
622 3637 642 3672 ι
683 3620 749 3673 Ἥ
789 3621 846 3674 δέ
878 3619 1088 3691 αὔριον,
1123 3622 1223 3693 τὴν
1265 3621 1362 3675 τοῦ
1413 3621 1701 3691 μέλλοντος
1739 3618 1864 3672 καθ’
1907 3619 1974 3689 ἢν

389 3710 645 3782 οὐδεμίαν
671 3711 863 3778 ἄφεσιν
890 3712 1313 3782 ἁμαρτημάτων
1338 3710 1652 3783 ἐνδέχεσθαι
1678 3711 1810 3781 χρή.

464 3824 484 3856 ς
534 3802 676 3865 Ἠλὶ,
716 3802 857 3867 Ἠλὶ,
880 3802 1366 3874 λαμασαϐαχθανὶ,
1395 3803 1659 3869 τουτέστι,
1677 3802 1812 3867 Θεός
1841 3820 1971 3875 μου,

391 3894 525 3959 Θεός
556 3911 682 3966 μου,
717 3895 803 3949 ἶνα
832 3896 886 3948 τί
920 3911 990 3964 με
1020 3893 1412 3963 ἐγκατέλιπεςς
1457 3912 1476 3946 ι

459 3983 738 4056 Τέσσαρές
769 3985 876 4038 εἱσι
922 3986 1130 4055 γενικοὶ
1163 3982 1607 4053 ἐγκαταλείψεως
1646 3983 1864 4055 τρόποι.
1909 3984 1974 4038 Ἦ

395 4077 493 4146 μὲν
530 4077 874 4147 οἰκονομικὴ,
931 4076 1007 4140 ώς
1040 4075 1134 4129 ἐπὶ
1193 4075 1286 4129 τοῦ
1326 4074 1538 4145 Κυρίου
1562 4113 1578 4139 ,
1626 4074 1715 4128 ἶνα
1739 4076 1831 4129 διὰ
1870 4076 1975 4145 τῆς

387 4167 653 4240 δοκούσης
682 4152 1123 4237 ἐγκαταλείψεως
1180 4167 1231 4220 οί
1266 4164 1833 4237 ἐγκαταλελειμμένα
1861 4183 1972 4221 σω-

389 4260 556 4316 θῶσιν
583 4279 597 4293 ’
639 4262 673 4332 ή
695 4260 752 4313 δὲ
773 4261 913 4333 πρὸς
936 4259 1188 4332 δοκιμὴν,
1210 4259 1287 4324 ώς
1321 4260 1414 4312 ἐπὶ
1446 4258 1541 4312 τοῦ
1581 4257 1726 4325 Ἰὼϐ,
1746 4260 1843 4312 καὶ
1862 4256 1969 4312 τοῦ

401 4351 621 4423 Ἰωσὴφ,
648 4352 737 4407 ἵνα
764 4355 793 4406 6
818 4352 918 4423 μὲν
942 4351 1214 4424 ἀνδρείας,
1249 4353 1277 4404 6
1311 4350 1369 4404 δὲ
1407 4350 1765 4422 σωφροσύνης
1796 4350 1971 4422 στήλη

2078 3161 2369 3228 prudentia
2398 3164 2582 3218 carnis
2605 3163 2830 3218 omnino
2857 3164 3138 3220 liberatus.
3193 3164 3525 3220 Studeamus
3557 3167 3660 3237 igi-

2080 3260 2185 3318 tur,
2211 3254 2338 3307 dum
2365 3254 2452 3310 hic
2478 3269 2689 3321 sumus,
2716 3256 3001 3311 nobiscum
3030 3257 3180 3312 cruci
3209 3256 3425 3313 alIixnm
3448 3260 3664 3326 placare

2084 3341 2341 3411 Verbum,
2375 3345 2420 3400 si
2452 3345 2565 3402 fors
2590 3346 2889 3405 instantem
2917 3349 3081 3405 hodie
3120 3351 3281 3421 hujus
3303 3353 3487 3407 saeculi
3517 3354 3662 3409 diem

2077 3437 2359 3492 exhibeat.
2393 3456 2413 3491 ί
2442 3437 2619 3493 Hodie
2646 3441 2814 3508 enim,
2848 3442 3049 3512 inquit,
3090 3458 3300 3498 mecum
3331 3445 3443 3501 eris
3492 3446 3546 3501 in
3572 3461 3667 3516 pn-

2076 3528 2318 3583 radiso.»
2372 3529 2510 3585 Cras
2532 3546 2663 3586 vero
2694 3531 2865 3589 futuri
2898 3536 3169 3605 temporis
3188 3546 3297 3601 est,
3321 3552 3430 3608 quo
3458 3537 3661 3594 nullam

2078 3632 2428 3692 peccatorum
2456 3624 2840 3682 remissionem
2872 3628 3134 3697 consequi
3160 3628 3302 3684 licet.

2149 3798 2315 3858 Vsus.
2356 3802 2447 3861 46.
2495 3823 2514 3857 ι
2543 3804 2647 3873 Eli,
2682 3790 2785 3871 Eli,
2810 3802 3309 3861 latnasabacbthani
3353 3822 3368 3862 :
3403 3808 3507 3862 hoc
3556 3819 3660 3875 est,

2078 3895 2221 3951 Deus
2252 3911 2427 3965 meus,
2459 3897 2603 3954 Deus
2627 3906 2804 3964 meus,
2829 3899 3017 3968 utquid
3045 3899 3381 3970 dereliquisti
3418 3900 3539 3956 me?
3567 3921 3589 3954 ι

2147 3987 2396 4054 Quatuor
2423 3997 2554 4043 sunt
2585 3988 2874 4061 generales
2908 3989 3283 4046 derelictionis
3311 3991 3457 4047 modi
3482 4008 3497 4046 :
3528 3978 3667 4048 unus

2075 4080 2295 4150 quidem
2327 4079 2759 4150 dispensativus,
2789 4091 2849 4136 ut
2881 4081 2972 4139 ille
3003 4081 3244 4147 Domini,
3275 4091 3347 4149 ut~
3372 4098 3470 4154 per
3496 4099 3665 4155 appa-

2080 4180 2288 4226 rentem
2318 4172 2755 4240 derelictionem,
2785 4173 2821 4228 ii
2847 4175 2940 4244 qui
2994 4173 3235 4231 derelicti
3270 4185 3419 4242 sunt,
3446 4191 3668 4231 serven-

2079 4271 2201 4330 tur;
2251 4263 2393 4319 alter
2438 4280 2569 4321 vero
2621 4265 2689 4320 ad
2723 4266 3127 4337 probationem,
3178 4274 3238 4322 ut
3273 4266 3364 4324 ille
3403 4266 3548 4335 Jobi,
3600 4283 3666 4323 ac

2076 4352 2319 4424 Iosephi,
2349 4365 2409 4411 ut
2455 4357 2544 4414 ille
2571 4359 2792 4430 quidem
2824 4358 3182 4427 fortitudinis,
3227 4359 3317 4415 hic
3345 4376 3477 4417 vero
3518 4372 3660 4416 tcm~

389 4447 678 4517 ἀναφανῇ·
729 4447 765 4516 ἡ
797 4446 855 4499 δὲ
904 4447 1042 4516 πρὸς
1092 4445 1378 4499 παίδευσιν
1428 4444 1730 4517 πατρικὴν,
1768 4445 1846 4507 ώς
1874 4444 1969 4498 ἐπὶ

2078 4449 2341 4515 perantiae
2383 4451 2635 4506 columna
2677 4462 2972 4523 appareat;
3004 4452 3146 4510 alius
3205 4467 3338 4511 vero
3383 4455 3451 4509 ad
3484 4462 3667 4525 pater-

388 4537 484 4592 τοῦ
525 4538 870 4603 Ἀποστόλου,
911 4539 1000 4593 ῖνα
1037 4537 1488 4610 ταπεινοφρονῶν
1525 4537 1623 4610 τὴν
1663 4532 1971 4608 ὑπερϐολὴν

391 4630 603 4699 φυλάξῃ
630 4631 728 4700 τῆς
769 4630 995 4700 χάριτος
1020 4648 1033 4661 ο
1075 4632 1109 4701 ἡ
1147 4630 1205 4684 δὲ
1260 4630 1403 4684 κατά
1458 4631 1836 4704 ἀποστροφὴν,
1893 4632 1971 4696 ὡς

388 4719 484 4771 ἐπὶ
514 4716 627 4772 τῶν
660 4717 953 4784 Ἰουδαίων,
983 4719 1068 4772 ἵνα
1106 4719 1464 4790 κολαζόμενοι
1505 4723 1645 4793 πρὸς
1677 4722 1974 4793 μετάνοιαν

388 4809 878 4880 καταπεμφθῶσιν.
912 4811 1175 4883 Σωτήριοι
1196 4811 1253 4865 δὲ
1273 4812 1470 4876 πάντες
1493 4815 1540 4867 οἱ
1566 4816 1758 4884 τρόποι
1783 4815 1969 4885 ὑπάρ-

387 4919 566 4974 χουσι,
596 4904 693 4957 καὶ
719 4903 820 4975 τῆς
851 4902 1002 4968 θείας
1032 4901 1368 4975 ὰγαθότητος
1411 4906 1505 4958 καὶ
1532 4904 1959 4976 φιλανθρωπίας

389 4996 709 5067 ἀνάμεστοι.

916 5064 923 5077 1
964 5112 1216 5168 ΚΕΦΑΛ.
1257 5114 1391 5167 KH’.

468 5236 488 5272 ι
528 5220 885 5288 Διδάσκοντες
922 5224 1122 5289 αὐτοὺς
1171 5226 1360 5301 τηρεῖν
1389 5225 1568 5280 πάντα
1605 5227 1709 5282 ὅσα
1752 5228 1971 5305 ἐνετει-

389 5310 571 5385 λάμην
591 5315 621 5367 6
629 5317 740 5383 μῖν.
780 5336 801 5369 ›

460 5401 649 5456 Πάντα
675 5404 777 5458 ὅσα
822 5405 853 5457 6
898 5407 1134 5478 Χριστὸς
1178 5409 1484 5465 ἐνετείλατο
1521 5409 1605 5463 δεῖ
1640 5413 1854 5483 τηρεῖν,
1883 5412 1976 5467 τὸν

390 5496 470 5558 είς
495 5495 707 5566 Τριάδα
746 5495 1136 5568 βαπτισθέντα.
1171 5501 1379 5556 Τούτου
1410 5503 1520 5575 γὰρ
1553 5503 1715 5576 χάριν
1734 5507 1803 5575 τῇ
1834 5504 1970 5577 ὀρθῇ

390 5583 576 5638 πίστει
611 5585 712 5656 τὴν
760 5587 950 5643 πασῶν
998 5590 1230 5646 ἐντολῶν
1256 5593 1285 5645 6
1315 5591 1522 5664 Κύριος
1557 5592 1845 5659 συνέζευξε
1872 5595 1976 5665 τή-

393 5690 554 5750 ρησιν
579 5693 594 5708 ο
633 5676 708 5742 ὼς
759 5678 917 5744 εἰδὼς
937 5680 1020 5735 ὅτι
1048 5682 1190 5765 πάνυ
1221 5683 1506 5755 ἀμήχανον
1535 5685 1635 5757 τὴν
1687 5684 1971 5770 Plu-"QE:

2079 4555 2204 4594 nam
2246 4541 2632 4609 eruditionem,
2686 4553 2744 4599 ut
2795 4544 2847 4599 in
2893 4544 3154 4614 Apostolo
3197 4544 3401 4602 factum
3452 4557 3557 4614 est,
3608 4560 3669 4603 nt

2078 4630 2316 4688 demisse
2362 4635 2585 4704 sapiens
2647 4637 3171 4705 supereminentiam
3229 4639 3419 4710 gratiae
3479 4648 3669 4698 custo-

2081 4724 2236 4793 diat;
2267 4724 2406 4782 alius
2455 4728 2654 4783 iterum
2696 4729 3037 4796 eversionis,
3083 4740 3143 4787 ut
3188 4732 3282 4788 ille
3321 4731 3664 4800 Judaeorum,

2074 4824 2137 4870 ut
2163 4817 2336 4885 puniti
2368 4818 2435 4872 ad
2464 4822 2848 4889 paenitentiam
2887 4822 3114 4880 redeant
3144 4841 3160 4879 :
3186 4824 3454 4882 salutares
3481 4835 3665 4884 autem

2076 4923 2267 4965 omnes
2293 4911 2440 4966 modi
2468 4921 2617 4978 sunt,
2647 4927 2713 4969 ac
2747 4914 2944 4971 divinae
2978 4915 3242 4974 bonitatis
3282 4928 3341 4975 et
3360 4920 3668 4992 benignita-

2080 5002 2148 5055 tis
2184 5003 2351 5071 pleni.

2661 5120 2811 5178 CAP.
2852 5120 2948 5175 XX
2963 5121 3095 5179 Vlll.

2152 5232 2318 5289 Vsus.
2357 5232 2450 5290 20.
2498 5255 2517 5288 ι
2552 5236 2820 5293 Docentes
2867 5253 2962 5295 eos
3011 5252 3233 5294 servare
3285 5241 3465 5295 omnia
3517 5256 3666 5311 quae-

2079 5339 2294 5394 cunqtte
2320 5318 2571 5385 mandavi
2599 5330 2777 5388 vobis.
2812 5349 2832 5383 ›
2914 5350 2917 5353 δ

2151 5413 2347 5470 Omnia
2378 5433 2720 5492 quaecunque
2750 5422 3006 5480 Christus
3036 5425 3295 5494 praecepit
3325 5426 3667 5484 observanda

2081 5514 2211 5560 sunt
2238 5506 2287 5560 ei
2337 5509 2427 5577 qui
2463 5509 2514 5563 in
2542 5510 2813 5569 Trinitate
2844 5515 3150 5584 baptizatus
3174 5526 3298 5572 est:
3327 5516 3488 5586 hujns
3519 5520 3666 5574 enim

2080 5598 2254 5670 gratia
2305 5611 2468 5656 rectae
2516 5601 2640 5658 ﬁdei
2691 5606 3071 5663 mandatorum
3113 5612 3354 5665 omnium
3401 5610 3665 5666 Dominus

2081 5690 2366 5761 conjunxit
2402 5691 2856 5788 observsitionem~
2893 5718 2907 5755 :
2958 5710 3148 5772 utpote
3177 5706 3269 5772 qui
3312 5704 3501 5776 sciret,
3547 5704 3664 5760 ﬁeri
