4072 6392
397 489 535 554 1395

1546 475 1883 538 ΑΜΜΟΝῘΙ
1927 474 2457 534 ALEXANDle

3545 470 3568 534 1
3581 469 3693 535 396

394 617 514 672 qum
539 587 816 654 naturales
852 611 915 652 ac
952 589 1274 651 necessarias
1303 594 1450 652 sunt,
1488 584 1712 639 minime
1764 584 1990 638 vitiosas

2114 599 2268 646 πεως,
2303 585 2398 635 καὶ
2427 584 2509 635 ὅτι
2542 582 2600 634 οὐ
2655 581 2834 650 φαῦλα
2869 584 2937 635 τὰ
2993 582 3201 653 φυσικὰ
3253 583 3349 636 καὶ
3380 584 3691 652 ἀναγκαῖαο

395 707 516 749 esse
559 698 1038 747 commonstraret.
1079 685 1286 741 Idcirco
1333 680 1482 736 enim
1531 680 1648 734 ista:
1694 676 1844 731 carni
1895 675 1986 728 Dei

398 783 558 840 Verbi
605 784 942 848 acciderunt,
988 795 1093 835 non
1128 785 1186 832 nt
1222 777 1640 834 roborat-eatur,
1677 767 1774 822 sed
1820 777 1876 820 nt
1932 767 1985 820 in

395 875 516 944 ipso
559 871 1010 945 perimerentur).
1061 869 1381 922 [indecentes
1429 875 1667 928 namque
1709 856 1988 928 passiones

397 983 466 1024 ne
491 967 711 1036 quidem
742 964 1136 1033 imaginatione
1171 956 1456 1014 sustinuit.
1495 986 1504 997 -

471 1060 636 1115 Vens.
670 1060 725 1113 6.
772 1078 790 1110 ι
818 1056 945 1112 Fuit
990 1058 1150 1111 homo
1186 1052 1386 1107 missus
1430 1065 1457 1104 a
1501 1048 1631 1109 Deo,
1664 1043 1748 1099 cui
1793 1055 1989 1096 nomen

400 1162 519 1207 erat
542 1149 807 1207 Joannes.
847 1168 865 1201 ι

470 1243 668 1299 Missus
719 1253 801 1298 est
843 1239 1078 1298 Joannes
1117 1246 1376 1306 tanquam
1419 1248 1448 1286 a
1496 1232 1712 1285 deserto
1766 1228 1992 1281 descen-

401 1339 535 1393 dens
577 1341 630 1390 in
666 1335 946 1407 regionem
995 1333 1324 1392 habitatam,
1373 1336 1433 1380 ut
1459 1323 1676 1395 populis
1708 1321 1991 1376 Christum

2093 675 2193 727 Διὰ
2230 675 2338 744 γὰρ
2367 674 2526 727 τοῦτο
2558 675 2895 744 προσήγγιζε
2917 679 2981 746 τῇ
3013 675 3108 728 τοῦ
3127 675 3263 727 Θεοῦ
3297 674 3470 742 Λόγου
3498 674 3687 744 σαρκὶ,

2093 766 2192 834 οὐχ
2221 767 2306 818 ἵνα
2338 765 2642 836 κρατυνθῇ,
2676 766 2792 820 ἀλλ’
2825 766 2912 818 ἵνα
2947 769 3004 818 ἐν
3039 765 3188 836 αὐτῷ
3228 764 3490 835 ἀναιρεθῇ
3597 762 3684 816 Τὰ

2092 857 2202 926 γὰρ
2235 857 2448 927 ἄσεμνα
2473 856 2622 926 πάθη
2677 857 2799 910 οὐδὲ
2831 859 2973 912 κατὰ
3004 858 3314 928 φαντασίαν
3353 857 3586 926 ὑπέστη.

2173 1053 2193 1086 ι
2243 1035 2489 1102 Ἐγένετο
2521 1036 2811 1105 ἄνθρωπος
2857 1036 3277 1105 ἀπεσταλμένος
3320 1035 3478 1106 παρὰ
3522 1032 3689 1098 Θεοῦ,

2093 1129 2266 1195 ὄνομα
2304 1127 2455 1198 αὐτῷ
2499 1127 2772 1198 Ἰωάννης.
2811 1147 2829 1179 ι
3723 1193 3727 1202 1

2180 1219 2618 1290 Ἀπεσταλμένος
2639 1221 2790 1273 ἐστὶν
2818 1223 2846 1274 ὁ
2891 1222 3149 1292 Ἰωάννης
3176 1220 3252 1284 ὡς
3285 1219 3395 1273 ἀπὸ
3432 1219 3530 1289 τῆς
3558 1220 3693 1288 ὲρή-
3723 1209 3729 1218 Ι

2103 1332 2205 1383 μου
2241 1313 2487 1383 μεταϐὰς
2522 1315 2603 1376 εἰς
2625 1315 2726 1383 τὴν
2751 1315 3080 1384 οἰκουμένην
3113 1312 3324 1383 χώραν,
3351 1312 3440 1363 ἵνα
3472 1311 3691 1381 κηρύξῃ

402 1400 756 1500 praedicaret:
805 1426 927 1497 Ipse
985 1427 1150 1480 etiam
1215 1422 1480 1478 Dominus
1537 1416 1844 1487 appellatus
1911 1421 1996 1467 est

2114 1405 2186 1456 τὸν
2216 1404 2453 1473 Χριστὸν
2498 1405 2611 1466 τοῖς
2641 1402 2808 1466 λαοῖς.
2854 1403 2912 1456 Ὀ
2964 1404 3022 1457 δὲ
3069 1401 3276 1471 Κύριος
3307 1400 3514 1470 ἐκλήθη
3544 1441 3558 1463 ,
3595 1400 3694 1452 καὶ

403 1524 625 1590 missus,
683 1538 790 1578 non
839 1521 996 1592 quasi
1055 1521 1120 1572 de
1168 1517 1290 1570 loco
1333 1514 1386 1568 in
1436 1513 1614 1566 locum
1671 1505 1995 1575 commigret

2114 1493 2264 1556 ιύτδς
2295 1491 2734 1562 ἀπεσταλμένος,
2764 1493 2865 1564 οὐχ
2904 1492 2982 1556 ὡς
3011 1492 3120 1546 ἀπὸ
3159 1492 3345 1559 τόπων
3375 1493 3455 1554 εἰς
3487 1491 3696 1554 τόπους

403 1612 570 1686 (Deus
603 1581 746 1669 enim
779 1581 1074 1668 iminobilis
1112 1607 1255 1669 est);
1297 1604 1392 1660 sed
1423 1611 1483 1657 ut
1515 1601 1607 1670 qui
1634 1601 1700 1655 de
1731 1598 1850 1653 sinu
1880 1595 1995 1649 Pa-

2114 1583 2344 1646 ιεταὸὰς
2374 1584 2654 1654 (ἀκίνητον
2681 1584 2790 1654 γὰρ
2811 1584 2872 1638 τὸ
2896 1585 3095 1650 Θείον),
3128 1583 3244 1638 ἀλλ’
3273 1584 3349 1646 ὡς
3377 1586 3441 1636 ὲκ
3468 1583 3580 1636 τῶν
3596 1581 3695 1635 τοῦ

405 1709 506 1762 tris
545 1705 950 1777 quodammodo
997 1710 1260 1765 semotus,
1307 1698 1374 1750 ad
1419 1706 1660 1750 nostram
1705 1697 1994 1760 pauperta-

2114 1677 2315 1748 [ἰατρὸς
2353 1677 2574 1730 κόλπων
2625 1677 2792 1730 οἱονεί
2833 1695 2950 1741 πως
2982 1677 3248 1747 κινηθεὶς,
3286 1677 3382 1730 καὶ
3427 1677 3563 1746 πρὸς
3591 1675 3696 1745 τὴν

404 1810 514 1856 tem
549 1814 671 1856 sese
711 1797 1014 1858 demiserit,
1046 1795 1188 1848 unde
1217 1802 1271 1847 et
1295 1788 1643 1858 semetipsum
1679 1783 1998 1839 lnnniliasse

2114 1770 2376 1840 ἡμετέραν
2408 1767 2583 1822 ἐλθὼν
2611 1769 2910 1838 πτωχείαν,
2941 1770 3010 1823 δι’
3036 1770 3104 1840 ἢν
3127 1770 3221 1822 καὶ
3249 1769 3470 1837 λέγεται
3498 1766 3697 1820 ἑαυτὸν

405 1890 607 1944 dicitur
630 1889 696 1943 ⁸⁸.
731 1885 961 1956 Quando
992 1887 1178 1954 itaque
1207 1857 1500 1951 Scriptura
1519 1877 1687 1931 utitur
1713 1874 1897 1929 verbis
1927 1873 1996 1926 ad

2114 1862 2458 1916 ταπεινῶσαι.
2502 1862 2674 1915 Ὅταν
2702 1857 2798 1915 οὖν
2828 1861 2958 1932 εἴπῃ
2991 1864 3023 1931 ἡ
3061 1861 3256 1931 Γραφὴ
3289 1860 3357 1912 τὰ
3391 1861 3458 1930 τῇ
3490 1861 3700 1912 οἰκονο-

406 1983 648 2038 divinam
694 1980 1156 2051 dispensationem
1197 1971 1651 2037 accommodatis,
1685 1970 1732 2025 si
1777 1969 1994 2040 quidem

2114 1954 2203 2024 μίᾳ
2230 1953 2517 2024 πρέποντα
2555 1955 2802 2026 ῥήματα,
2836 1955 2883 2006 εἰ
2924 1955 3023 2023 μὲν
3058 1953 3212 2023 εἴπῃ,
3247 1953 3329 2004 ὅτι
3356 1952 3544 2004 ἑαυτὸν
3573 1951 3700 2004 ἐκέ-

407 2070 553 2126 dicat
607 2071 862 2140 quoniam
911 2068 1264 2138 semetipsum
1317 2062 1709 2127 exinanivit“,
1751 2060 1998 2115 domina-

409 2161 610 2216 tionem
673 2162 841 2232 ipsius
884 2175 949 2216 ac
997 2160 1202 2230 regiam
1263 2153 1603 2224 maiestatem
1657 2163 1852 2224 sponte
1900 2166 1997 2206 sua

404 2265 626 2308 carnem
671 2252 1036 2322 assumpsisse
1067 2250 1360 2322 signiﬁcat.
1402 2245 1460 2302 Si
1497 2263 1630 2302 vero
1659 2246 1884 2301 missum
1923 2243 2000 2297 di-

406 2350 516 2410 cat,
556 2345 716 2400 docet
743 2345 919 2415 ipsum
954 2360 1058 2399 non
1090 2345 1209 2399 sine
1237 2345 1416 2399 Patris
1454 2341 1735 2396 voluntate
1775 2350 1996 2392 carnem

407 2435 672 2491 induisse.
711 2434 840 2493 Haec
871 2446 1054 2492 autem
1091 2438 1336 2492 humano
1386 2449 1538 2489 more
1577 2432 1810 2488 dicimus
1843 2448 1857 2484 :
1892 2442 1997 2480 una

405 2525 676 2594 siquidem
719 2527 1018 2595 eademque
1069 2526 1251 2581 Patris
1303 2541 1368 2581 ac
1416 2525 1544 2580 Filii
1595 2522 1850 2575 voluntas
1892 2527 1997 2581 est,

409 2617 623 2674 tametsi
651 2616 897 2688 eiusdem
927 2619 1092 2674 unius
1130 2618 1443 2673 Divinitatis
1474 2624 1639 2685 atque
1678 2611 2001 2668 substantia:

406 2726 765 2779 personarum
807 2711 1171 2767 differentiam
1213 2724 1598 2781 agnoscamus.
1633 2706 1820 2761 Solum
1851 2701 1997 2757 enim

407 2798 628 2864 Filium,
676 2816 782 2856 non
815 2811 996 2856 autem
1021 2799 1264 2863 Patrem,
1300 2811 1392 2854 aut
1424 2796 1689 2868 Spiritum
1724 2802 1998 2855 sanctum,

411 2894 752 2948 incarnatum
790 2908 913 2949 esse
938 2893 1282 2964 proﬁtemur.

481 2983 644 3040 Vsus.
677 2983 728 3041 7.
778 3002 798 3038 ι
831 2949 951 3040 ΗΜ.
978 2985 1130 3040 venit
1178 2983 1234 3038 in
1281 2983 1680 3042 testimonium,
1738 2987 1798 3032 nt
1848 2977 2002 3031 Iesti-
2061 2949 2070 2962 Χ

411 3077 654 3132 monium
686 3078 998 3149 perhiberet
1038 3077 1103 3134 de
1135 3076 1361 3141 lumine,
1391 3081 1451 3128 ut
1479 3087 1672 3128 omnes
1714 3071 2003 3126 crederent

407 3181 508 3237 per
537 3168 710 3222 illum.
751 3187 770 3220 ι

487 3259 601 3315 lloc
630 3258 874 3316 Joannes
925 3261 1100 3328 major
1128 3267 1214 3314 est
1252 3258 1465 3314 caeteris
1504 3255 1804 3326 prophetis,
1859 3253 2003 3322 quod

413 3351 508 3406 alii
535 3352 757 3421 quidem
790 3350 1214 3420 prazdicaverint
1238 3349 1386 3404 illum
1423 3348 1514 3417 qui
1543 3344 1999 3416 exspectabatur;

415 3443 536 3513 ipse
570 3457 722 3507 vero,
758 3458 880 3496 cum
907 3442 1136 3498 vidisset
1166 3457 1314 3508 eum,
1347 3450 1400 3496 et
1430 3449 1656 3511 propter
1690 3438 1843 3509 signa
1871 3451 2007 3509 quo-

419 3534 572 3586 niam
600 3533 716 3602 ipse
754 3541 860 3597 est,
897 3532 1242 3598 credidisset,
1273 3533 1446 3594 venit,
1474 3546 1540 3585 ex
1577 3531 1644 3584 iis
1673 3544 1792 3599 qua:
1825 3537 1880 3583 et
1912 3543 2008 3581 au-

416 3628 629 3684 diverat
668 3636 722 3684 et
751 3627 990 3692 viderat,
1024 3625 1397 3681 testimonium
1430 3623 1741 3695 perhibere.

493 3721 660 3778 Vsus.
695 3721 749 3778 8.
796 3740 815 3774 ι
844 3720 963 3777 Νοη
996 3731 1114 3777 erat
1156 3720 1244 3775 ille
1271 3720 1384 3784 lux,
1424 3719 1516 3774 sed
1550 3716 2006 3773 ut'testimonium

417 3811 733 3884 perhiberet
757 3813 825 3867 de
850 3811 1075 3867 lumine.
1113 3832 1132 3866 ι

493 3904 733 3961 Tametsi
767 3920 985 3975 quoque
1017 3904 1258 3961 Joannes
1311 3914 1366 3960 et
1413 3905 1590 3960 sancti
1632 3904 1720 3959 lux
1765 3903 1895 3972 sint,
1928 3913 2010 3958 ta-

421 4013 547 4056 men
577 4014 684 4055 non
712 4009 842 4056 sunt
882 3999 992 4064 illa,
1029 3999 1093 4056 de
1125 4015 1229 4071 qua
1261 3999 1352 4054 hic
1385 3995 1698 4067 Theologus
1721 3997 1856 4066 agit,
1889 4011 2012 4066 qna:

419 4099 504 4148 est
529 4089 804 4158 Christus,
839 4091 930 4146 lux
965 4105 1061 4161 per
1105 4100 1392 4158 naturam;
1429 4089 1604 4146 sancti
1648 4103 1889 4156 namque
1917 4102 2013 4157 per

421 4184 657 4255 gratiam
710 4183 888 4239 lucem
947 4193 1303 4256 acceperunt,
1355 4184 1615 4253 quocirca
1673 4182 1740 4238 de
1787 4181 2012 4238 Christo

421 4277 558 4332 dicit
581 4293 596 4332 :
623 4276 755 4331 Erat
780 4276 874 4332 tua:
901 4294 1040 4332 vera.

493 4365 661 4426 Vens.
697 4369 751 4424 9.
798 4387 818 4422 ι
850 4369 980 4424 Erat
1009 4369 1098 4423 lux
1136 4381 1289 4433 vera,
1335 4381 1457 4437 qua:
1491 4367 1765 4422 illuminat
1793 4381 2011 4423 omnem

421 4459 700 4516 hominem
731 4461 1042 4516 venientem
1077 4458 1130 4512 in
1160 4459 1306 4512 hunc
1349 4459 1633 4512 mundum.
1671 4476 1690 4510 ι

495 4551 760 4607 Dominus
803 4548 1105 4606 rationales
1147 4563 1277 4603 suas
1327 4557 1611 4602 creaturas
1672 4545 2016 4602 naturalibus

2099 2063 2302 2111 νωσεν,
2339 2046 2599 2116 σημαίνει
2627 2045 2687 2098 τὸ
2718 2046 3122 2100 αὐτοδέσποτον
3141 2046 3234 2097 καὶ
3269 2043 3574 2114 βασιλικὸν,
3609 2043 3698 2096 ὅτι

2101 2139 2247 2193 ἑκὼν
2277 2139 2596 2210 ἑσαρκώοη.
2634 2140 2696 2192 El
2728 2139 2787 2192 δὲ
2812 2139 2966 2210 είπῃ,
3002 2139 3084 2192 ὅτι
3120 2137 3422 2205 ἀπεστάλη,
3450 2135 3701 2188 διδάσκει

2101 2232 2186 2284 ὅτι
2233 2232 2334 2284 οὐκ
2371 2231 2501 2285 ἄνευ
2531 2230 2627 2283 τοῦ
2677 2231 2892 2301 Πατρδς
2927 2229 3244 2300 ὲσαρκώθη.
3298 2228 3485 2282 Ταῦτα
3516 2229 3572 2280 δὲ
3603 2228 3702 2281 λα-

2099 2323 2299 2394 λοῦμεν
2331 2324 2408 2387 ὡς
2437 2324 2716 2394 ἄνθρωποι
2741 2339 2758 2354 ·
2794 2325 2892 2395 μία
2937 2323 3046 2393 γὰρ
3084 2321 3180 2375 τοῦ
3223 2322 3440 2393 Harpe;
3475 2323 3572 2374 xui.
3601 2321 3702 2374 τοῦ

2103 2418 2235 2472 Υίοῦ
2271 2417 2527 2488 βούλησις
2547 2459 2562 2484 ,
2593 2418 2697 2472 κᾶν
2727 2418 2788 2471 τὸ
2825 2419 3086 2488 διάφορον
3114 2415 3408 2486 ἐννοοῦμεν
3447 2415 3557 2466 τῶν
3591 2414 3696 2483 τῆς

2106 2512 2237 2579 μιᾶς
2283 2509 2539 2579 θεότητος
2578 2509 2674 2563 καὶ
2725 2509 2912 2572 οὐσίας
2956 2507 3336 2560 ὑποστάσεων.
3385 2505 3543 2559 Οῦτω
3584 2505 3700 2574 γὰρ

2103 2604 2356 2673 λέγομεν,
2384 2603 2466 2656 ὅτι
2502 2604 2663 2674 μόνος
2692 2605 2720 2656 ό
2739 2603 2870 2666 Υἱὸς
2896 2602 3268 2672 σεσάρκωται,
3297 2599 3395 2668 οὐχ
3417 2600 3444 2652 ὁ
3476 2597 3695 2668 Πατὴρ,

2102 2697 2163 2748 οὐ
2196 2695 2256 2748 τὸ
2285 2694 2530 2765 Πνεῦμα.

2185 3011 2202 3042 ι
2241 2984 2409 3054 Οῦτος
2435 2983 2600 3058 ἦλθεν
2626 2985 2707 3048 εἰς
2733 2979 3064 3055 μαρτυρίαν,
3095 2977 3183 3032 ἵνα
3215 2977 3536 3050 μαρτυρήσῃ
3560 2973 3679 3045 περὶ

2103 3085 2198 3139 τοῦ
2233 3081 2430 3152 φωτὸς,
2462 3079 2550 3132 ἵνα
2579 3077 2780 3138 πάντες
2818 3073 3151 3126 πιστεύσωσι
3179 3069 3247 3122 δι’
3274 3067 3456 3123 αὑτοῦ.
3493 3086 3510 3119 ι

2179 3261 2280 3316 Διὰ
2308 3259 2470 3313 τοῦτο
2526 3255 2732 3329 μείζων
2763 3254 2873 3307 τῶν
2907 3251 3083 3307 ἄλλων
3118 3249 3416 3321 προφητῶν
3445 3249 3472 3302 ό
3508 3245 3687 3300 Ἰωὰν-

2107 3373 2229 3426 νης,
2263 3355 2345 3406 ὅτι
2378 3353 2577 3405 ἐκεῖνοι
2612 3349 2712 3419 μὲν
2741 3345 3019 3416 ἐκήρυξαν
3059 3341 3153 3395 τὸν
3201 3337 3653 3412 προσδοκώμενον
3673 3351 3692 3368 ο

2108 3441 2264 3511 οὗτος
2293 3447 2350 3500 δὲ
2381 3442 2646 3514 ἑωρακὼς
2677 3440 2862 3506 αὐτὸν,
2891 3439 2985 3492 καὶ
3009 3435 3318 3499 πιστευθεὶς
3339 3434 3428 3486 διὰ
3453 3432 3698 3503 σημείων

2109 3541 2192 3595 ὅτι
2240 3539 2402 3602 αὐτός
2435 3539 2585 3589 ἐστιν
2620 3547 2646 3576 ι
2669 3575 2684 3599 ,
2714 3528 2881 3604 ἦλθεν
2916 3527 3212 3602 μαρτυρῶν
3241 3526 3303 3592 ἐξ
3347 3519 3423 3580 ὧν
3461 3526 3699 3595 ἡκουσεν

2112 3631 2207 3686 καὶ
2237 3626 2402 3683 εἶδεν.

2189 3741 2207 3773 ι
2257 3722 2374 3775 Οὐκ
2406 3715 2476 3790 ἦν
2517 3719 2725 3780 ἐκεῖνος
2769 3714 2831 3768 τὸ
2893 3712 3050 3783 φῶς,
3085 3711 3203 3766 ἀλλ’
3245 3710 3331 3763 ἵνα
3376 3707 3705 3779 μαρτυρήσῃ

2113 3813 2242 3884 περὶ
2269 3811 2364 3864 τοῦ
2393 3811 2589 3878 φωτός.
2630 3827 2648 3858 ι

2187 3907 2254 3960 Εί
2295 3903 2391 3958 καὶ
2431 3902 2549 3972 φῶς
2589 3901 2618 3953 ὁ
2660 3899 2955 3968 Ἰωάννης,
2989 3897 3086 3950 καὶ
3131 3896 3180 3948 οἱ
3232 3894 3398 3962 ἅγιοι,
3435 3890 3550 3946 ἀλλ’
3601 3890 3707 3942 οὐκ

2114 3999 2316 4052 ἐκείνοι
2349 3994 2409 4048 τδ
2445 3989 2878 4062 Θεολογοὺμενον
2923 3987 2983 4051 ὅς
3011 3988 3128 4039 ἐστι
3172 3983 3409 4054 Χριστὸς
3431 4023 3444 4041 .
3471 3981 3500 4034 ὃ
3541 3979 3707 4048 φύσει

2116 4091 2263 4162 φῶς·
2303 4090 2351 4142 oi
2381 4087 2490 4157 γὰρ
2545 4085 2693 4153 ἆλίιοι
2739 4081 2924 4153 χάριτι
2961 4080 3122 4150 ἔσχον
3151 4078 3242 4132 τὸν
3268 4074 3551 4145 φωτισμὸν
3577 4113 3593 4134 ,
3625 4070 3713 4124 διὸ

2115 4185 2210 4240 καὶ
2241 4181 2374 4254 περὶ
2425 4178 2522 4234 τοῦ
2558 4173 2799 4249 Χριστοῦ
2827 4189 2993 4244 φησιν
3021 4188 3035 4203 °
3069 4166 3183 4227 Ἦν
3206 4168 3273 4223 τὸ
3316 4165 3441 4238 ςεῶς
3465 4165 3533 4219 τὸ
3559 4164 3712 4230 (Lin—

2115 4269 2308 4326 θινόν.

2188 4360 2300 4414 Ἦν
2340 4359 2399 4413 τὸ
2444 4356 2560 4426 φῶς
2607 4355 2666 4408 τὸ
2697 4351 2972 4422 ἀληθινὸν,
3017 4350 3046 4403 ὃ
3107 4347 3334 4418 φωτίζει
3379 4342 3575 4413 πάνταέ
3611 4340 3707 4394 ἄν·

2117 4455 2338 4525 θρωπον
2369 4448 2671 4521 ἐρχόμενον.
2695 4446 2774 4507 είς
2811 4443 2906 4496 τὸν
2939 4441 3167 4511 κόσμον.
3207 4457 3226 4489 ι

2199 4546 2261 4598 '0
2291 4543 2499 4614 Κύριος
2526 4538 2596 4592 τὰ
2617 4537 2810 4606 λογικὰ
2833 4532 2998 4588 αὐτοῦ
3023 4532 3301 4599 κτίσματα
3323 4526 3432 4581 ἀπὸ
3459 4521 3716 4614 φυσικῶν

425 4641 783 4698 instinctibus
811 4641 1104 4704 illuminat,
1139 4639 1207 4694 ad
1234 4637 1565 4694 credendum
1622 4639 1858 4709 aliquem
1887 4653 2004 4695 esse

2120 4633 2340 4692 ἐννοιῶν
2370 4613 2595 4700 φωτίζει
2622 4669 2638 4694 ,
2677 4627 2759 4690 είς
2790 4626 2854 4679 τδ
2890 4622 3186 4692 πεισθῆναι
3214 4659 3229 4684 ,
3262 4619 3347 4672 δτι
3374 4617 3491 4670 ἔστι
3531 4613 3669 4709 egg;
3693 4628 3713 4644 .

425 4732 596 4788 Deum
633 4730 974 4802 :colligendu
1022 4729 1279 4784 nimirum
1321 4743 1388 4784 ex
1431 4729 1667 4800 ipsarum
1711 4731 2013 4802 pulchritu-

427 4822 576 4888 dine,
629 4830 796 4891 atque
839 4819 1036 4875 ordine
1079 4828 1477 4886 creaturarum,
1528 4820 1848 4876 immensam
1892 4821 2011 4892 ejus

425 4925 778 4988 potestatem.

498 5008 668 5067 Vens.
697 5009 784 5064 10.
833 5025 851 5059 ι
883 5006 942 5061 ln
979 5008 1180 5062 mundo
1201 5018 1342 5077 erat,
1369 5017 1422 5066 et
1450 5010 1686 5066 mundus
1709 5024 1808 5080 per
1833 5009 2011 5079 ipsum

429 5099 608 5156 factus
625 5108 729 5166 est,
757 5107 814 5156 et
843 5099 1075 5155 mundus
1102 5113 1227 5154 eum
1264 5117 1370 5157 non
1399 5103 1672 5173 cognovit.
1712 5121 1730 5152 ι

499 5191 646 5247 Deus
669 5198 786 5246 erat
827 5189 880 5244 in
922 5191 1145 5260 mundo,
1176 5197 1472 5249 secundum
1503 5195 1889 5259 substantiam,
1918 5194 2012 5249 sed

431 5301 538 5340 non
600 5284 900 5338 secundum
958 5287 1457 5356 praecognitionem.
1520 5289 1754 5344 Rursum
1819 5287 2017 5343 refellit

434 5376 684 5432 haeresim
733 5375 1030 5432 dicentium
1090 5380 1361 5451 homines,
1414 5382 1487 5436 uti
1537 5391 1595 5436 et
1642 5396 1730 5436 res
1771 5391 2016 5448 caeteras,

435 5485 544 5525 non
573 5483 696 5524 esse
730 5467 826 5526 Dei
857 5480 1161 5529 creaturas.

504 5561 762 5618 Mundum
827 5563 916 5619 hic
961 5576 1118 5621 vocat
1173 5567 1457 5634 homines,
1512 5565 1592 5622 sic
1641 5583 1669 5620 a
1724 5575 1876 5636 parte
1921 5579 2018 5621 sua

506 5727 550 5761 ³ο
581 5724 810 5798 Philipp.
843 5745 899 5792 tt,
929 5728 984 5793 6,
1011 5728 1065 5782 7.
1146 5727 1187 5758 "
1219 5727 1348 5782 ibid.

2125 4723 2500 4796 στοχαζόμενα
2532 4722 2560 4760 δ
2588 4722 2654 4772 ὲκ
2692 4719 2794 4788 τῆς
2819 4715 2929 4769 τῶν
2957 4713 3278 4782 κτισμάτων
3308 4707 3476 4761 αὑτοῦ
3510 4703 3717 4758 καλλο-

2121 4795 2368 4890 νῆςηκαὶ
2413 4811 2674 4880 εὐταξίας
2697 4851 2714 4875 ,
2741 4809 2801 4863 τδ
2841 4805 3182 4878 ὑπερανέχον
3226 4803 3325 4872 τῆς
3359 4797 3526 4854 αὐτοῦ
3558 4795 3722 4850 δυνά-

2129 4928 2297 4982 μεως.

2205 5022 2223 5054 ι
2277 5001 2367 5054 Ἐν
2397 4997 2476 5068 τῷ
2512 4998 2705 5065 κόσμῳ
2749 4987 2818 5064 ἦν
2844 5033 2856 5056 ,
2887 4989 3039 5043 καὶὸ
3066 4986 3271 5056 κόσμος
3309 4981 3376 5037 δι’
3405 4978 3574 5035 αὐτοῦ
3602 4977 3724 5048 ἐγέ-

2125 5111 2266 5158 νετο,
2302 5091 2398 5144 καὶ
2430 5092 2459 5143 ὁ
2493 5089 2701 5156 κόσμος
2729 5083 2892 5138 αὐτὸν
2921 5081 3022 5134 οὐκ
3048 5078 3210 5146 ἔγνω.
3255 5095 3272 5128 ι

2205 5186 2264 5236 ’0
2299 5183 2432 5246 Θεὸς
2468 5177 2535 5252 ἦν
2579 5181 2638 5232 ὲν
2679 5176 2760 5247 τῷ
2794 5175 2987 5243 κόσμῳ
3013 5215 3028 5237 ,
3065 5167 3186 5224 κατ’
3227 5165 3439 5232 οὐσίαν,
3487 5161 3626 5217 ἀλλὰ
3656 5161 3718 5213 οὐ

2121 5287 2263 5342 κατὰ
2307 5285 2367 5339 τὸ
2407 5277 2774 5354 προνοητικόν
2796 5287 2844 5330 ε.
2897 5273 3065 5326 Πάλιν
3097 5265 3452 5337 ἁνασειρὰζει
3491 5261 3589 5332 τὴν
3638 5261 3724 5313 αἴ-

2127 5398 2276 5453 ρεσιν
2319 5377 2428 5430 τῶν
2485 5373 2790 5443 λεγόντων,
2827 5370 2901 5438 μὴ
2948 5362 3088 5418 εἶναι
3132 5359 3414 5430 κτίσματα
3455 5353 3551 5406 τοῦ
3583 5349 3722 5405 Θεοῦ

2123 5473 2250 5535 τοὺς
2276 5467 2620 5540 ἀνθρώπους,
2658 5463 2754 5517 καὶ
2781 5461 2867 5524 ,τὰ
2892 5456 3081 5510 λοιπά.

2191 5533 2320 5616 ’Ὧδε
2373 5533 2580 5630 κόσμον
2613 5556 2739 5617 τοὺς
2769 5551 2795 5591 ἀ
2820 5546 3146 5619 ἀνθρώπους
3171 5541 3345 5613 λέγει,
3377 5537 3484 5592 ἀπὺ
3519 5533 3726 5606 μέρους

507 5873 534 5902 ει
564 5856 733 5926 Οὗτος
767 5862 830 5933 δὴ
856 5856 988 5932 ἦλθε
1025 5879 1189 5933 μαρτ.
1225 5860 1316 5917 Cr.
1393 5860 1420 5899 ι’
1445 5859 1536 5912 Cr.
1567 5855 2017 5927 στοχαζομένους.
2099 5864 2120 5892 ο
2159 5852 2248 5908 Cr.
2285 5848 2358 5903 Οὐ
2395 5844 2516 5902 κατ’
2546 5843 2756 5909 οὐσίαν,
2794 5839 2932 5894 ἀλλᾶ
2968 5838 3107 5893 κατὰ
3133 5834 3194 5889 τὸ
3220 5829 3601 5904 προνοητικόν.

436 5932 465 5974 ⁸
495 5933 585 5991 Cr.
613 5935 830 6004 μόνους.
