4072 6388
425 415 560 480 1339

1561 420 1830 481 ΛΜἎΙΟΝ
1840 421 1898 482 ΙΙ
1939 423 2242 486 ALEXAN
2251 425 2440 488 DRIN’
2445 427 2473 488 Ι

3569 424 3727 541 uooj

417 547 560 586 esse.
599 529 782 600 Neque
808 529 974 585 etiam
1004 544 1071 585 ex
1103 529 1282 587 Verbo
1307 545 1525 586 carnem
1562 532 1759 588 factum
1819 537 1993 603 tradit,

419 639 425 640 ,
464 637 478 640 -
520 621 679 640 sl‘_,-!
720 635 774 640 ,μ
805 620 1148 640 |,_AQ,,!II_I
1188 634 1474 640 --κά-μαθέ
1552 639 1555 640 ν
1620 639 1623 640 ν
1782 635 1793 640 -
1866 623 1906 640 Λ

2113 541 2268 596 τοῦδε
2300 545 2381 609 είς
2406 545 2544 600 τόδε.
2595 545 2658 600 Ἦ
2690 547 2788 618 μὲν
2813 543 2908 602 οὖν
2937 545 3094 620 σὰρξ,
3133 545 3228 603 καὶ
3259 545 3422 616 σῶμα
3447 546 3665 616 λέγεται

414 637 484 676 ne
514 621 679 691 aliqui
714 635 777 675 ex
805 621 908 678 hoc
936 621 990 676 in
1019 620 1148 676 illud
1179 634 1504 676 conversum
1543 635 1820 695 spargant.
1865 623 1996 681 Om-

413 715 498 768 nis
533 723 712 768 autem
753 728 902 781 caro,
963 715 1130 769 etiam
1175 729 1374 783 corpus
1424 715 1661 782 dicitur;
1713 733 1818 772 non
1869 733 1996 773 vero

411 821 573 860 omne
598 820 816 874 corpus,
845 821 976 862 caro
1011 807 1342 861 nominatur.
1386 805 1650 873 Quocirca
1691 809 1854 862 etiam
1890 810 1994 866 Do-

408 899 626 954 minus:
685 899 789 965 Qui
833 900 1080 966 comedit,
1131 901 1330 970 inquit,
1369 917 1537 954 meam
1571 917 1784 957 carnem
1813 903 1875 956 η.
1929 901 1996 956 Et

407 989 534 1046 alibi
561 1009 575 1046 ε
609 990 836 1060 Palpate
862 1008 962 1057 me,
995 1003 1041 1046 et
1077 993 1260 1056 ridete,
1293 994 1417 1064 quia
1447 993 1662 1062 spiritus
1686 1011 1898 1049 carnem
1948 1007 1996 1048 et

407 1099 524 1136 ossa
555 1101 657 1137 non
686 1084 860 1148 habet,
897 1087 1034 1139 sicut
1069 1101 1149 1138 me
1176 1083 1356 1140 videtis
1391 1085 1582 1140 habere
1605 1086 1668 1141 ¹³.

482 1175 649 1232 Vens.
681 1177 770 1232 15.
836 1197 854 1229 ι
889 1177 955 1232 Ει
1007 1177 1241 1234 vidimus
1290 1178 1516 1247 gloriam
1569 1177 1711 1250 ejus,
1765 1180 1995 1250 gloriam

407 1269 563 1338 quasi
624 1268 901 1342 Uuigeniti
955 1284 983 1324 a
1031 1269 1212 1336 Patre,
1270 1270 1490 1342 plenum
1547 1271 1740 1349 gratia:
1787 1280 1842 1328 et
1906 1287 1997 1329 ve-

409 1361 610 1418 ritatis.
644 1381 664 1414 ι
1227 1393 1236 1400 -
1387 1409 1407 1417 -

478 1453 760 1522 Quomodo
799 1469 918 1511 eam
969 1453 1246 1511 vidimus?
1289 1455 1396 1513 Per
1442 1457 1654 1514 stellam
1692 1458 1994 1530 Magorum,

405 1558 502 1614 per
534 1546 796 1618 angelos,
851 1561 950 1616 per
982 1558 1254 1618 pastores,
1317 1564 1415 1618 per
1465 1549 1704 1615 Annam,
1757 1565 1852 1620 per
1903 1550 1998 1617 Sy-

407 1651 683 1704 meonem,
717 1653 813 1708 per
839 1635 1172 1704 Gabrielem,
1223 1654 1319 1710 per
1364 1637 1652 1711 Deiparam
1689 1641 1990 1710 Virginem,

406 1744 504 1798 per
534 1743 721 1785 vocem
752 1727 930 1786 Patris
967 1731 1069 1802 ipsi
1104 1731 1472 1787 testimoniqu
1503 1733 1860 1802 perhibentis,
1893 1747 1993 1803 per

2107 633 2168 686 οὐ
2197 634 2416 699 πάντως
2444 637 2500 690 δὲ
2547 639 2644 692 καὶ
2684 639 2746 693 τὸ
2774 639 2958 712 σῶμα,
3001 639 3159 712 σάρξ.
3189 639 3281 693 Διὸ
3310 641 3404 694 καὶ
3438 643 3466 694 ὁ
3497 641 3712 714 Κύριος

2105 727 2326 797 ἔλεγεν·
2375 731 2429 782 Ὁ
2465 731 2702 800 τρώγων
2721 751 2846 803 μου
2875 734 2991 802 τὴν
3019 732 3241 802 σάρκα.
3290 733 3398 787 Καὶ
3434 733 3700 805 ἀλλαχοῖν

2110 823 2524 893 Ψηλαφήσατέ
2563 843 2660 900 με,
2710 827 2810 880 καὶ
2863 828 3040 890 ἴδετε,
3090 828 3180 882 ὅτι
3234 827 3472 896 πνεῦμα
3504 828 3705 898 σάρκα

2108 913 2204 967 καί
2250 915 2438 970 ὀστέα
2467 919 2579 972 οὐκ
2614 919 2760 990 ἔχει,
2791 920 2989 987 καθὼς
3013 918 3119 990 ἐμὲ
3149 920 3427 990 θεωρεῖτε
3457 919 3700 990 ἔχοντα.

2186 1203 2206 1236 ι
2243 1185 2352 1240 Καὶ
2379 1185 2730 1258 ἐθεασάμεθα
2761 1187 2860 1258 τὴν
2897 1187 3056 1254 δόξαν
3079 1185 3269 1252 αὐτοῦ,
3303 1183 3463 1252 δόξαν
3490 1187 3567 1252 ὡς
3587 1187 3704 1242 Μο-

2109 1277 2362 1345 νογενοῦς
2408 1278 2561 1350 παρὰ
2608 1279 2844 1350 Πατρὸς,
2888 1279 3105 1351 πλήρης
3153 1279 3377 1352 χάριτος
3419 1279 3516 1333 κα)⁵
3565 1279 3704 1351 ἀλη-

2107 1367 2275 1432 θείας.
2313 1390 2332 1422 ι

2177 1459 2305 1525 Πῶς
2353 1458 2732 1534 ὲθεασὰμεθα;
2784 1461 2884 1516 Διὰ
2914 1463 3008 1516 τοῦ
3044 1465 3274 1532 ἀστέρος
3319 1461 3434 1514 τῶν
3465 1461 3701 1530 Μάγων,

2102 1553 2213 1608 τῶν
2257 1553 2528 1624 ἀγγέλων,
2556 1554 2664 1610 τῶν
2706 1555 3010 1627 ποιμένων,
3047 1555 3148 1621 τῆς
3181 1554 3404 1618 Ἀννας,
3451 1554 3547 1608 τοῦ
3595 1555 3701 1608 Συ-

2105 1644 2275 1716 μεὼν,
2321 1647 2420 1701 τοῦ
2466 1648 2729 1721 Γαϐριὴλ,
2759 1647 2855 1702 τοῦ
2885 1647 3046 1703 τόκου
3097 1647 3196 1718 τῆς
3241 1647 3544 1720 Παρθένου,
3599 1647 3706 1717 τῆς

2101 1739 2289 1808 φωνῆς
2332 1740 2427 1794 τοῦ
2471 1741 2690 1812 Πατρὸς
2729 1741 2829 1812 τῆς
2865 1740 3258 1815 μαρτυρούσης
3287 1739 3439 1812 αὐτῷ
3471 1741 3570 1810 τῆς
3610 1739 3702 1793 ἐπ’

407 1819 670 1890 Spiritum
695 1831 948 1878 sanctum
977 1837 1141 1893 super
1171 1823 1348 1894 ipsum
1379 1823 1826 1892 descendentem,
1857 1823 1988 1879 alia-

2104 1831 2258 1886 ιὺτὸν
2285 1832 2380 1887 τοῦ
2406 1832 2548 1887 11νεύ
2558 1852 2729 1905 ματος
2762 1835 3190 1910 ὲπιφοιέήσεως,
3213 1835 3308 1889 καὶ
3334 1833 3444 1889 τῶν
3477 1832 3690 1906 μυρίων

406 1927 514 1984 que
546 1913 835 1970 innumera
873 1915 1027 1986 signa
1057 1924 1110 1970 et
1138 1917 1467 1971 curationes.

478 2005 535 2062 Si
565 2017 682 2062 erat
715 2008 904 2079 plenus
932 2008 1107 2079 gratia
1139 2022 1203 2062 ac
1250 2009 1498 2077 veritate,
1558 2007 1831 2080 quomodo
1877 2017 1996 2064 tan-

409 2097 532 2152 dem
574 2096 868 2169 profecerit
903 2097 1227 2168 plenitudo?
1276 2100 1360 2154 vel
1395 2099 1555 2170 quale
1583 2101 1807 2157 omnino
1837 2115 1991 2156 sum-

407 2190 578 2258 pserit
609 2189 1024 2256 incrementum,
1060 2191 1149 2247 cui
1183 2203 1470 2264 supererat
1512 2193 1691 2249 nihil?
1739 2191 1858 2248 Non
1895 2193 1995 2265 igi-

409 2291 496 2334 tur
531 2277 769 2336 Verbum
804 2282 888 2338 vel
927 2281 1066 2339 Deus
1121 2284 1263 2355 apud
1315 2295 1560 2340 sanctam
1612 2283 1814 2340 Lucam
1869 2301 1996 2358 pro-

407 2373 573 2430 licere
602 2374 947 2446 perhibetur,
981 2376 1078 2431 sed
1127 2387 1346 2448 pr0ptcr
1376 2377 1637 2432 miracula
1671 2387 1836 2448 atque
1870 2393 1995 2448 pro-

406 2466 572 2538 digia,
611 2466 679 2521 iis
713 2467 805 2538 qui
840 2467 1018 2540 ipsum
1047 2469 1369 2534 cernebant,
1423 2469 1477 2524 in
1532 2469 1648 2526 dies
1690 2469 1862 2542 magis
1905 2469 1997 2525 ad-

404 2556 708 2622 mirandus,
747 2559 1030 2630 magisque
1058 2567 1247 2630 gratus
1295 2561 1558 2619 accidisse
1605 2561 1988 2634 signiﬁcatur:

403 2647 727 2718 proliciente
775 2651 1030 2706 nimirum
1081 2653 1264 2709 verius
1311 2652 1412 2724 (uti
1461 2655 1640 2729 potius
1702 2657 1990 2714 dicendum

405 2742 511 2812 est)
560 2742 947 2798 admirantium
1001 2740 1294 2800 affectione
1353 2745 1422 2801 ad
1472 2746 1721 2804 habitum
1779 2749 1988 2820 gratim,

402 2845 568 2904 quam
603 2833 722 2906 ipso
744 2833 858 2904 jam
903 2834 1168 2904 perfecto.
1221 2846 1412 2910 utpote
1458 2835 1593 2908 Deo,
1636 2841 1759 2914 eius
1811 2841 1991 2898 incre-

405 2931 650 2976 mentum
685 2931 958 2980 sumente.
1426 2966 1433 2976 .
1691 2985 1700 3000 ,

474 3012 640 3070 Vens.
672 3013 759 3072 l6.
802 3034 821 3069 ι
848 3016 917 3072 Ει
938 3017 1004 3074 de
1037 3016 1376 3090 plenitudine
1403 3019 1521 3092 ejus
1549 3037 1648 3079 nos
1675 3037 1868 3082 omnes
1897 3039 1994 3080 ac-

403 3109 671 3178 cepimus,
695 3117 751 3164 et
774 3110 1006 3182 gratiam
1039 3126 1138 3180 pro
1173 3113 1366 3184 gratia.
1399 3131 1420 3166 ›

473 3197 754 3271 Tanquam
805 3203 958 3259 radix
1006 3203 1285 3271 nimirum,
1330 3214 1386 3261 et
1427 3205 1547 3264 fons
1575 3207 1839 3265 bonorum
1871 3225 1989 3268 om-
2016 3193 2060 3251 C-

403 3291 550 3346 nium
583 3292 817 3376 exsistit,
862 3294 954 3364 qui
1000 3293 1264 3364 plurimos
1291 3295 1554 3355 bonitatis
1584 3313 1698 3356 suae
1749 3301 1986 3372 partici-

401 3395 499 3449 pes
529 3379 790 3450 eﬂlciens,
824 3381 1048 3439 minime
1089 3384 1471 3444 imminuitur:
1517 3404 1585 3445 ex
1630 3391 1830 3462 quibus
1870 3393 1992 3464 qui-

403 3472 524 3527 dem
567 3472 681 3543 ipse
730 3473 978 3545 largitur,
1029 3477 1124 3532 sed
1173 3478 1372 3551 accipit
1413 3489 1686 3549 creatura,
1738 3481 1992 3541 Christus

403 3577 599 3634 nempe
625 3565 786 3622 Deus.

476 3654 642 3712 Vsus.
676 3657 764 3714 17.
813 3679 831 3714 ι
859 3659 992 3728 Quia
1035 3661 1121 3718 lex
1157 3677 1253 3732 per
1277 3662 1496 3737 Moysen
1525 3665 1651 3723 data
1681 3675 1784 3736 est,
1811 3672 1988 3742 gratia

401 3757 458 3804 et
485 3749 686 3805 veritas
713 3765 810 3820 per
838 3751 1022 3808 Jesum
1052 3753 1328 3813 Christum
1355 3758 1500 3815 facta
1542 3768 1646 3816 est.
1678 3779 1698 3814 ι

469 3841 576 3900 Pro
628 3847 802 3917 gratia
846 3850 1004 3905 nobis
1056 3849 1113 3906 in
1165 3851 1376 3908 Adamo
1420 3866 1748 3926 praeparata,
1799 3873 1828 3912 a
1881 3873 1988 3928 qua

398 3937 720 4006 excidimus,
755 3939 1008 4000 Christus
1044 3959 1141 4015 per
1167 3944 1494 4018 baptismum
1521 3950 1681 4008 nobis
1719 3949 1985 4023 Spiritum

400 4039 653 4085 sanctum
687 4032 920 4090 incolam
957 4035 1129 4092 dedit.
1319 4036 1333 4071 '-

471 4115 634 4174 νεεδ.
672 4120 758 4176 18.
806 4139 824 4174 ι
859 4122 1024 4179 Deum
1063 4142 1223 4184 nemo
1249 4129 1386 4185 vidit
1440 4146 1678 4204 unquam
1709 4152 1723 4189 :
1792 4135 1985 4207 unige-

397 4208 542 4266 nitus
565 4209 754 4278 Filius,
779 4219 870 4284 qui
899 4217 1061 4275 estin
1095 4220 1216 4276 sinu
1246 4219 1444 4290 Patris,
1493 4224 1606 4294 ipse
1628 4227 1924 4282 enarravit.
1959 4247 1978 4280 ι

465 4364 583 4424 Νοη
634 4369 781 4429 solus
827 4373 990 4431 Pater
1037 4375 1206 4432 videri
1255 4379 1462 4448 nequit,
1515 4381 1610 4438 sed
1649 4395 1750 4438 nec
1792 4381 1981 4440 Filius.

393 4461 509 4518 Etsi
541 4465 686 4520 enim
719 4465 773 4522 in
807 4483 974 4527 carne
1003 4473 1337 4541 apparuerit,
1398 4484 1502 4528 non
1555 4480 1736 4532 tamen
1785 4493 1984 4535 secun-

392 4557 521 4612 dum
547 4559 932 4628 substantiam,
972 4577 1135 4632 quam
1183 4578 1285 4618 nec
1319 4563 1537 4633 ipsimet
1583 4569 1784 4637 angeli,
1832 4580 1891 4628 ut
1921 4573 1976 4630 in
2011 4559 2056 4616 Ῑ)

391 4664 453 4704 se
504 4659 612 4720 est,
675 4663 932 4709 cernunt.
996 4651 1147 4707 Multi
1206 4653 1473 4724 siquidem
1531 4657 1703 4714 Deum
1752 4672 1976 4736 norunt,

392 4739 767 4800 verumtamen
804 4743 925 4814 ejus
955 4745 1314 4800 substantiam
1361 4763 1521 4806 nemo
1568 4754 1784 4822 penitus
1813 4759 1970 4814 vidit.

390 4830 600 4904 Corpus
623 4836 842 4904 aliquod
871 4837 1249 4892 absconditum
1285 4855 1392 4895 non
1437 4843 1638 4900 dicitur
1671 4847 1980 4920 inaSpecta-

391 4926 543 4994 hile;
576 4927 669 4981 sed
701 4925 844 4996 quod
875 4925 949 4981 ita
982 4925 1361 4998 incorporeum
1394 4945 1495 5002 est,
1529 4941 1594 4993 ut
1617 4939 1784 4996 etiam
1817 4957 1976 5001 men-

393 5021 463 5074 tis
499 5020 671 5074 aciem
706 5017 948 5089 effugiat.

462 5108 923 5166 Sublimlssimam
953 5111 1093 5169 hanc
1115 5119 1170 5172 et
1201 5115 1483 5192 plusquam
1529 5121 1822 5183 humanam
1877 5130 1977 5186 do-

391 5200 649 5263 ctrinam,
689 5199 760 5255 ab
808 5201 1134 5260 auctoritate
1166 5220 1412 5278 personae
1476 5211 1580 5270 ﬁde
1643 5212 1978 5285 dignissima:

392 5291 682 5318 ..ΑηΩ--υηιι
747 5291 878 5318 n..:.
911 5295 1049 5318 -._2...
1106 5312 1157 5318 Α-
1226 5315 1265 5318 ,ν
1371 5303 1407 5318 n
1451 5305 1462 5318 ο
1614 5305 1652 5318 -ι
1749 5311 1760 5318 .

2287 5199 2386 5296 καὶ
2398 5199 2557 5314 “deep
2589 5245 2880 5318 ἄνθρωπον

391 5291 704 5346 conﬁrmat.
747 5291 880 5358 Quis
907 5295 1050 5352 enim
1100 5312 1163 5354 ea
1218 5315 1339 5372 quae
1369 5303 1462 5360 Dei
1499 5321 1564 5360 ac
1611 5305 1793 5366 Patris
1826 5320 1973 5382 sunt,

386 5578 445 5624 et
471 5585 678 5652 arcana
715 5573 807 5630 Dei
845 5587 1042 5634 cuncta
1067 5579 1372 5650 cognovit!

457 5659 591 5718 Cum
623 5662 804 5736 itaque
832 5667 947 5723 haec
975 5671 1223 5726 testando
1261 5674 1599 5746 protulisset,
1637 5668 1822 5738 losum
1877 5685 1958 5741 vi-

456 5819 504 5856 “
525 5819 682 5882 loan.
709 5840 781 5894 vt,
813 5823 900 5883 55.
984 5825 1026 5858 ’³
1058 5825 1190 5884 Luc.
1225 5843 1377 5894 xxiv,
1407 5831 1496 5886 39.

2099 1924 2262 1996 θεοση
2269 1943 2335 1996 με
2345 1925 2438 1980 ίων
2490 1927 2584 1980 καὶ
2621 1927 2840 1984 ίάσεων.

2169 2018 2234 2072 Ei
2265 2018 2486 2090 πλήρης
2516 2019 2741 2092 χάριτος
2774 2019 2872 2075 καὶ
2903 2019 3186 2092 ἀληθείας,
3221 2019 3448 2074 ποίποτε
3489 2017 3700 2091 προκό-

2095 2111 2187 2182 ψει
2215 2111 2279 2165 τὸ
2307 2111 2552 2183 πλῆρες,
2577 2113 2610 2184 ἥ
2642 2113 2806 2168 ποίαν
2827 2113 2968 2178 ὅλως
2997 2113 3313 2186 ἐπιδέξηται
3341 2111 3694 2184 προσθήκην,

2096 2197 2158 2258 οῦ
2191 2203 2453 2259 ἐπέκεινα
2511 2205 2714 2277 μηδέν;
2771 2205 2982 2261 Οὐκοῦν
3042 2207 3166 2279 οὐχὶ
3215 2207 3391 2276 Λόγος
3435 2207 3552 2260 ἐστὶ
3596 2207 3700 2261 καὶ

2095 2296 2252 2361 Θεὸς.
2308 2296 2369 2360 ὃς
2423 2298 2759 2368 προκόπτειν
2823 2301 3046 2372 εἴρηται
3103 2299 3258 2369 παρὰ
3302 2299 3383 2372 τῷ
3434 2298 3698 2371 μακαρίῳ

2097 2390 2300 2460 Δουκᾷ,
2341 2389 2457 2443 ἀλλ’
2513 2390 2596 2444 ὅτι
2651 2389 2918 2460 μειζόνως
2963 2392 3052 2444 ἀεὶ
3102 2389 3545 2463 θαυμαζόμενος,
3596 2389 3698 2474 καὶ

2095 2484 2450 2556 χαριέστερος
2479 2484 2632 2553 παρὰ
2663 2487 2781 2550 τοῖς
2830 2485 3000 2556 ὁρῶσι
3032 2484 3121 2539 διὰ
3167 2485 3277 2538 τῶν
3311 2483 3698 2554 ἀποτελεσμά-

2093 2593 2204 2631 των
2259 2577 2624 2642 ἀνεδείκνυτο,
2675 2578 3135 2650 προσκοπτούσης
3192 2579 3290 2646 (ὡς
3325 2577 3443 2631 ἔστι
3486 2575 3693 2646 μᾶλλον

2095 2665 2293 2737 εἰπεῖν)
2329 2665 2698 2739 ἀληθέστερον
2748 2668 2846 2739 τῆς
2895 2667 3008 2722 τῶν
3059 2667 3450 2739 θαυμαζόντων
3495 2667 3688 2735 ἕξεως,

2094 2759 2242 2832 ἥπερ
2273 2757 2440 2814 αὐτοῦ
2463 2758 2561 2813 τοῦ
2592 2759 2798 2814 τελείου
2832 2760 2971 2831 πρὸς
2993 2760 3178 2830 χάριν,
3205 2759 3282 2823 ὼς
3317 2757 3476 2819 Θεοῦ.

2171 3043 2190 3079 ι
2226 3025 2334 3078 Καὶ
2357 3025 2421 3080 ὲκ
2441 3024 2535 3078 τοῦ
2567 3022 2936 3097 πληρώματος
2959 3020 3127 3078 αὐτοῦ
3151 3023 3314 3095 ἡμεῖς
3339 3022 3539 3086 πάντες
3555 3020 3671 3077 ἐλᾶ-

2094 3116 2286 3189 6ομεν,
2319 3119 2412 3172 καὶ
2440 3119 2600 3190 χάριν
2633 3118 2756 3171 ἀντὶ
2787 3116 3032 3189 χάριτος.
3079 3137 3100 3171 s

2172 3209 2260 3276 Ὠς
2297 3211 2422 3283 ῥίζα
2452 3211 2673 3265 πάντων
2709 3209 2821 3266 τῶν
2853 3209 3078 3280 ἀγαθῶν
3121 3210 3219 3266 καὶ
3261 3209 3438 3282 πηγὴ,
3467 3205 3674 3270 πολλοῖς

2099 3302 2416 3373 μεταδιδοὺς
2441 3301 2548 3356 τῶν
2579 3303 2726 3356 ἰδίων
2750 3302 2994 3373 ἀγαθῶν,
3019 3303 3122 3358 οῦκ
3145 3300 3530 3374 ἀπομειοῦται·
3545 3299 3682 3371 πλὴν

2094 3389 2154 3456 ἐξ
2192 3383 2266 3445 ὧν
2304 3392 2334 3444 ὁ
2367 3393 2466 3462 μὲν
2507 3394 2759 3466 χορηγεῖ,
2802 3393 2837 3464 ἡ
2863 3392 2922 3447 δὲ
2961 3391 3142 3459 κτίσις
3170 3392 3409 3465 δέχεται,
3443 3389 3684 3463 δηλονότι

2093 3481 2228 3548 Θεὸς
2257 3485 2284 3536 ὁ
2310 3485 2568 3555 Χριστός.

2169 3700 2188 3733 ι
2225 3683 2347 3737 Ὅτι
2380 3685 2409 3737 ό
2442 3684 2605 3754 νόμος
2633 3684 2721 3739 διὰ
2750 3686 3029 3752 Μωῡσὲως
3077 3686 3256 3759 ἐδόθη,
3301 3689 3336 3759 ἡ
3388 3687 3552 3760 χάρις
3591 3686 3690 3742 καὶ

2093 3773 2126 3843 ἡ
2161 3773 2391 3844 ἀλήθεια
2422 3772 2511 3829 διὰ
2547 3774 2724 3846 Ἰησοῦ
2751 3775 2995 3848 Χριστοῦ
3026 3777 3266 3848 ἐγένετο.
3307 3797 3328 3831 s

2175 3865 2323 3920 ’Δντὶ
2373 3865 2471 3936 τῆς
2513 3868 2572 3921 ὲν
2613 3866 2786 3938 Ἀδὰμ
2833 3869 3078 3940 χάριτος,
3136 3865 3206 3942 ἧς
3257 3868 3610 3941 ὲξεπὲσομεν,
3658 3870 3690 3925 ὁ

2091 3954 2328 4027 Χριστὸς
2364 3956 2456 4010 διὰ.
2492 3955 2588 4012 τοῦ
2627 3957 2858 4031 λουτροῦ
2889 3958 3126 4016 δέδωκεν
3173 3963 3309 4034 ἡμῖν
3364 3961 3688 4034 Πνεῦματος

2088 4049 2248 4119 ἁγίου
2282 4049 2576 4120 ὲνοίκησιν.

2167 4160 2186 4194 ι
2215 4141 2350 4196 Θεὸν
2385 4141 2560 4208 οὐδεὶς
2607 4142 2823 4218 ἑώρακε
2856 4145 3079 4202 πώποτε
3099 4163 3114 4180 °
3141 4150 3171 4204 ό
3203 4151 3504 4223 μονογενὴς
3529 4149 3684 4216 Υἱὸς,

2088 4231 2117 4286 ό
2161 4230 2237 4286 ὣν
2278 4233 2359 4298 εις
2405 4233 2496 4288 τὸν
2540 4234 2742 4291 κόλπον
2791 4236 2890 4293 τοῦ
2931 4238 3170 4312 Πατρὸς,
3219 4243 3428 4304 ἐκεῖνος
3479 4240 3685 4315 ἐξηγή-

2089 4340 2240 4380 σατο.
2278 4345 2298 4380 1

2150 4419 2234 4473 Ὸὺ
2287 4419 2451 4492 μόνος
2477 4423 2506 4476 ό
2553 4422 2748 4495 Πατὴρ
2777 4423 3032 4497 ἀόρατος,
3067 4425 3206 4480 ἀλλὰ
3237 4426 3332 4480 καὶ
3358 4428 3387 4481 ό
3415 4425 3565 4493 Υίός.
3616 4421 3684 4483 El

2086 4509 2197 4583 γὰρ
2217 4511 2312 4566 καὶ
2347 4510 2508 4584 ὤφθη
2540 4515 2599 4568 ἐν
2629 4517 2814 4588 σαρκὶ,
2847 4516 2960 4570 ἀλλ’
2995 4517 3057 4570 οὐ
3087 4517 3233 4572 κατὰ
3252 4517 3352 4590 τὴν
3373 4519 3590 4588 οὐσίαν,
3614 4519 3686 4591 ἢν

2085 4601 2210 4656 οὔτε
2241 4603 2466 4673 ἄγγελοι
2517 4605 2820 4679 θεωροῦσιν
2858 4608 2934 4674 ὡς
2968 4609 3104 4666 ἔστι.
3159 4609 3356 4666 Πολλοὶ
3410 4610 3513 4682 μὲν
3569 4611 3686 4684 γὰρ

2091 4694 2238 4748 ἴσασι
2278 4696 2433 4762 Θεὸν,
2481 4697 2580 4771 τὴν
2619 4699 2678 4754 δὲ
2717 4701 2910 4755 οὐσίαν
2939 4701 3115 4768 οὐδεὶς
3147 4698 3313 4758 εἶδεν.
3345 4705 3422 4759 Οὐ
3449 4704 3511 4758 τὸ
3543 4721 3682 4776 κρυ-

2084 4785 2356 4858 πτόμενον
2400 4789 2562 4860 σῶμα
2625 4791 2786 4846 τοῦτο
2837 4793 3088 4849 καλεῖται
3130 4795 3402 4866 ἀόρατον,
3437 4796 3576 4852 ἀλλὰ
3617 4796 3684 4851 τὸ

2079 4877 2374 4949 ἀσώματον
2406 4881 2467 4935 τὸ
2500 4880 2576 4954 μὴ
2607 4887 2853 4954 πεφυκὸς
2877 4886 3113 4959 ὁρᾶσθαι
3145 4891 3285 4961 μήτε
3313 4889 3413 4962 νῷ.

2146 5145 2248 5202 Διὰ
2273 5147 2368 5203 τοῦ
2397 5147 2712 5216 ἀξιοπίστου
2736 5153 2831 5208 τοῦ
2875 5156 3170 5226 προσώπου
3199 5153 3262 5210 τὸ
3283 5153 3490 5227 ὑψηλὸν
3509 5152 3676 5211 τοῦτο

2912 5249 3214 5319 συνίστησι.
3255 5249 3350 5314 Τίς
3390 5249 3500 5318 γὰρ
3527 5245 3677 5302 οἶδεν

2075 5331 2145 5383 τὰ
2173 5330 2267 5384 τοῦ
2301 5331 2438 5386 Θεοῦ
2489 5335 2584 5388 καὶ
2631 5335 2848 5408 [ἰατρὸς
2885 5337 3084 5403 εἰπεῖν,
3135 5339 3184 5391 εἰ
3230 5337 3306 5410 μὴ
3347 5340 3375 5393 ὀ
3409 5337 3469 5404 ἐξ
3499 5337 3672 5393 αὐτοῦ

388 5383 685 5495 υῑιοῠηιοᾱο
710 5383 887 5442 Valeat
912 5404 1192 5461 enarrare,
1237 5395 1338 5451 nisi
1394 5399 1486 5467 qui
1535 5413 1598 5454 ex
1657 5402 1772 5472 ipso
1817 5413 1976 5464 natus

2104 5422 2361 5495 ἐννηθεὶς

385 5484 470 5532 est.
502 5469 692 5544 Filius,
731 5487 780 5536 et
814 5480 1048 5552 Spiritus
1073 5497 1315 5554 sanctus,
1366 5491 1456 5558 qui
1489 5492 1654 5548 etiam
1678 5469 1972 5566 profunda

2730 5428 2792 5482 τὸ
2821 5427 2978 5499 ἅγιον
3007 5428 3174 5484 αὐτοῦ
3205 5430 3456 5502 Πνεῦμα,
3484 5431 3545 5487 τὸ
3573 5430 3674 5486 xa't.

2165 5514 2304 5588 βάθη
2339 5517 2436 5571 τοῦ
2461 5517 2600 5572 Θεοῦ
2624 5519 2994 5591 ἐπιστάμενον
3015 5539 3032 5589 ;

2151 5690 2296 5745 Ἀντί
2327 5691 2420 5749 τοῦ
2459 5695 2632 5751 ταῦτα
2672 5695 2905 5770 ὲλάλησε
2955 5695 3276 5772 μαρτυρῶν,
3321 5699 3404 5754 ὅτι
3451 5697 3661 5772 Ἰησοῦς
3767 5759 3791 5775 κ

3731 5627 3756 5679 1
