4072 6466
327 464 481 545 ’ttct

1582 520 1599 531 ι
1694 476 1776 539 IN
1818 480 1879 540 S.
1914 477 2290 543 JOANNEM.

3487 472 3625 542 1402
3678 518 3698 532 .

348 592 467 644 ἐστι
507 586 767 663 Χριστὸς2
796 584 856 642 οὐ
901 584 1008 657 μὴν
1037 583 1199 647 αὐτὸς
1233 584 1264 637 6
1306 582 1579 654 Ἰωάννης,
1627 583 1705 647 ὡς
1747 582 1933 646 κακῶς

2037 587 2234 643 delicet
2263 603 2383 643 esse
2429 588 2728 651 Christum,
2779 593 2835 641 et
2865 599 2969 641 non
3011 586 3186 655 ipsum
3232 582 3519 651 Joannem,
3546 587 3624 641 uti

346 680 709 735 ύπώπτευσάν
731 696 875 742 τινες
906 677 1034 748 περὶ
1067 675 1255 739 αὐτοῦ,
1283 674 1445 728 τοῦτο
1499 677 1751 746 ὑπήγαγε
1773 688 1790 702 '
1822 677 1934 730 Καὶ

344 772 497 839 αὕτη
541 769 780 837 ἐστινὴ
819 769 1118 838 μαρτυρία
1159 766 1266 821 τοῦ
1333 766 1632 830 Ἰωάννου,
1678 766 1779 820 ὅτε
1825 767 1937 820 ἀπ-

348 865 627 918 έστειλαν
663 865 718 916 οί
762 861 1026 915 Ἰουδαῖοι
1048 861 1115 924 ἐξ
1154 860 1583 928 Ἰεροσολύμων
1620 858 1799 927 ἱερεῖς
1836 857 1935 911 καὶ

332 955 616 1018 Λευττας,
657 953 758 1007 ἵνα
788 950 1175 1020 ἐρωτῆσωσιν
1202 952 1419 1005 αὐτόν·
1453 952 1537 1005 Σὺ
1565 954 1656 1019 τίς
1682 949 1771 1013 si;

420 1063 438 1096 ι
480 1045 590 1097 Καὶ
623 1046 673 1097 οἱ
704 1043 1112 1114 ἀπεσταλμένοι
1140 1037 1282 1114 ἦσαν
1310 1045 1376 1097 ὲκ
1400 1043 1508 1099 τῶν
1533 1047 1875 1116 Φαρισαίων.
1907 1067 1931 1102 ι

425 1225 514 1289 Ὠς
566 1224 948 1296 ἀκριϐέστεροι
990 1225 1120 1295 περὶ
1170 1226 1270 1295 τὴν
1310 1223 1519 1294 γνῶσιν
1551 1225 1662 1280 τῶν
1697 1228 1934 1301 Γραφῶν

341 1310 506 1385 ἦλθον
529 1309 695 1378 οὗτοι,
726 1315 819 1379 οὒς
850 1318 879 1370 6
914 1316 1161 1387 Ἰωάννης
1191 1316 1375 1389 ἠρέμα
1404 1317 1631 1388 ἤλεγξεν
1663 1320 1931 1375 ἀπαιδεύ-

342 1424 468 1472 τους
515 1402 654 1461 εἶναι
703 1409 798 1463 καὶ
832 1409 1117 1478 ἀνοήτους,
1161 1409 1238 1473 ὡς
1286 1409 1381 1463 τοῦ
1434 1411 1933 1482 κατημαξευμένου

344 1501 474 1570 παρ’
493 1502 675 1564 αὐτοῖς
696 1503 1000 1571 προφήτου,
1033 1501 1133 1574 τὴν
1166 1501 1493 1574 περικοπὴν,
1513 1503 1614 1574 τὴν
1646 1507 1778 1577 περὶ
1790 1506 1931 1560 Ἴἑαυ-

344 1588 437 1643 τοῦ
470 1591 590 1660 είρη
601 1590 792 1660 μένην,
821 1590 1057 1659 ἀγνοεῖν.

418 1701 439 1735 ι
478 1683 589 1736 Καὶ
612 1678 905 1754 ἠρώτησαν
937 1684 1122 1750 αὐτὸν,
1155 1686 1251 1740 καὶ
1298 1682 1454 1741 εἷπον
1500 1688 1682 1760 αὐτῷ·
1731 1688 1798 1743 Τί
1840 1686 1935 1744 οὖν

349 1773 648 1844 βαπτίζεις,
676 1779 725 1830 εἰ
749 1778 812 1830 σὺ
839 1777 941 1831 οὐκ
967 1775 1019 1832 εί
1041 1779 1071 1831 6
1101 1780 1359 1851 Χριστὸς,
1392 1780 1521 1836 οὔτε
1554 1782 1764 1849 Ἠλίας,
1798 1783 1925 1837 οὔτε

343 1868 373 1921 ὁ
402 1873 721 1940 προφήτης;
763 1890 781 1922 ι
1432 1928 1442 1940 κ
1866 1858 1873 1865 κ

1994 742 2011 749 κ
2036 693 2318 747 perperam
2351 680 2593 734 nonnulli
2623 680 2688 734 de
2718 679 2806 733 illo
2833 679 3272 745 suspicabantur,
3302 676 3620 747 subiunxit:

2036 769 2103 824 Et
2147 773 2244 827 hoc
2281 783 2354 826 est
2402 773 2757 826 testimonium
2809 770 3058 834 Joannis,
3106 771 3321 839 quando
3367 773 3623 824 miserum

2033 863 2217 918 ,ίαάωὶ
2242 864 2305 916 ab
2332 864 2681 934 Jerosolymis
2731 865 3025 919 sacerdotes
3059 874 3105 917 et
3144 862 3357 916 Levita:
3384 864 3451 915 nd
3477 878 3618 930 eum,

2034 968 2095 1012 ut
2123 960 2508 1027 interrogarent
2537 977 2654 1013 eum
2683 978 2696 1013 :
2743 958 2821 1012 Tu
2846 953 2962 1028 quis
2992 975 3043 1012 es
3066 959 3093 1011 Ρ

2106 1051 2271 1108 Vitas.
2305 1052 2395 1107 24.
2442 1071 2462 1105 t
2492 1053 2557 1108 Et
2583 1053 2674 1124 qui
2723 1053 2872 1107 missi
2906 1052 3140 1115 fuerant,
3180 1058 3341 1104 erant
3374 1064 3438 1103 ex
3462 1047 3623 1103 ῬΙιο-

2042 1157 2241 1197 usa-ts.
2289 1160 2309 1194 ι

2107 1233 2173 1288 Hi
2215 1245 2469 1304 tanquam
2523 1234 2576 1287 itt
2625 1232 2927 1302 Seripturis
2975 1230 3341 1300 intelligendis
3396 1241 3625 1282 accura-

2037 1327 2205 1381 tiores
2237 1333 2586 1381 accesserunt
2613 1342 2631 1393 ;
2683 1339 2818 1392 quos
2864 1324 3102 1378 Joannes
3131 1323 3377 1375 modeste
3405 1334 3538 1374 sane
3569 1325 3626 1371 et

2036 1420 2255 1489 ignaros
2283 1432 2339 1471 et
2380 1417 2541 1471 rudes
2570 1431 2691 1470 esse
2718 1415 2914 1481 arguit,
2942 1421 3003 1468 ut
3029 1414 3121 1483 qui
3151 1411 3454 1482 pervulgati
3480 1409 3615 1481 ipsis

2035 1510 2317 1582 Propheta:
2353 1508 2680 1564 decisiouem
2708 1520 2739 1561 a
2775 1521 2833 1560 se
2864 1506 3043 1569 datam
3075 1505 3406 1575 ignorarent.

2102 1690 2264 1773 Vnus;
2297 1689 2390 1743 25.
2437 1706 2456 1740 ι
2493 1686 3054 1755 Etinterrogaverunt
3102 1696 3248 1746 eum,
3285 1688 3339 1734 et
3368 1680 3624 1734 dixerunt

2036 1785 2084 1840 ei
2116 1802 2129 1838 :
2167 1766 2304 1849 Quid
2332 1794 2462 1847 ergo
2492 1778 2763 1845 baptizas,
2792 1775 2836 1829 si
2889 1783 2943 1828 tu
2973 1787 3078 1827 non
3110 1786 3170 1826 es
3200 1766 3474 1835 Christus,
3522 1783 3621 1823 ne-

2038 1862 2143 1949 que
2172 1876 2338 1938 Elias,
2376 1886 2551 1941 neque
2578 1864 2890 1937 PrOpheta?

402 1938 633 2013 Μᾶλλον
646 1938 909 2025 τοιαύτας
937 1958 1084 2033 εἶχον
1108 1963 1262 2034 παρά
1289 1963 1402 2017 τῶν
1432 1938 1774 2018 διδασκάλων
1798 1968 1930 2019 ἐαυ-

2040 1938 2069 2004 ~-
2107 1967 2364 2034 Quinimo
2415 1938 2811 2030 praeceptorum
2869 1970 3095 2010 suorum
3162 1953 3430 2008 relatione
3492 1949 3624 2018 quid

342 2047 453 2103 τῶν
488 2051 836 2121 παραδόσεις,
869 2053 945 2117 ὡς
987 2054 1172 2123 μόνοις
1213 2056 1443 2119 ἐκείνοις
1481 2056 1609 2129 ἐξῆν
1645 2055 1932 2128 βαπτίζειν

342 2139 422 2211 τῷ
449 2143 692 2212 Χριστῷ,
725 2144 758 2213 ἢ
807 2144 985 2218 Ἠλίᾳ,
1016 2146 1049 2216 ἢ
1080 2146 1158 2217 τῷ
1187 2150 1468 2223 προφήτῃ.

419 2252 449 2293 ι,
485 2232 625 2304 Ἐγὼ
661 2236 909 2305 βαπτίζω
933 2240 993 2290 ἐν
1017 2237 1188 2293 ὕδατι.
1234 2259 1253 2291 ι

409 2320 584 2387 Αὐτὸς
629 2326 658 2377 6
708 2324 959 2397 Ἰωάννης
1008 2327 1322 2393 ἀξιόπιστός
1380 2331 1500 2386 ἐστι
1566 2336 1675 2390 τῶν
1734 2333 1931 2389 ἑαυτοῦ

347 2413 587 2485 μάρτυς*
608 2416 810 2482 ὅπουγε
839 2417 997 2469 οὐδὲν
1030 2419 1173 2488 μέγα
1205 2420 1335 2489 περὶ
1372 2421 1574 2476 ἑαυτοῦ
1605 2425 1930 2493 ἐφθέγξατο,

342 2504 479 2559 ἀλλὰ
505 2507 601 2560 καὶ
639 2508 775 2561 πολὺ
815 2509 1098 2574 ταπεινὸν,
1135 2508 1293 2579 ψιλὸν
1324 2510 1471 2585 ὕδωρ
1499 2515 1851 2580 ἀποκαλέσας
1874 2516 1935 2570 τὸ

337 2597 438 2652 τοῦ
465 2598 597 2652 ἰδίου
635 2599 1042 2670 βαπτίσματος.

418 2708 437 2742 ι
478 2690 659 2754 Μέσος
688 2692 745 2744 δὲ
776 2693 932 2762 ὑμῶν
958 2693 1215 2763 ἕστηκεν.
1260 2713 1279 2746 ι

415 2780 565 2845 Ἕως
601 2784 697 2835 τοῦ
749 2783 944 2854 καιροῦ
979 2770 1079 2855 τῆξ
1110 2786 1453 2857 οἰκονομίας,
1487 2790 1516 2843 6
1556 2790 1795 2860 Χριστὸς
1827 2806 1936 2844 πα-

345 2868 454 2942 ρὼν
477 2875 534 2926 ἐν
564 2874 715 2945 μέσῳ
748 2877 972 2931 πάντων
1009 2880 1276 2950 ἠγνοεῖτο.
1311 2883 1495 2935 Μέσον
1535 2885 1591 2937 δὲ
1646 2886 1935 2955 ἱστάμενον

342 2964 439 3017 καὶ
465 2965 833 3037 ἀγνοούμενον
871 2969 1020 3039 λέγει
1045 2971 1140 3025 τὸν
1168 2973 1406 3044 Χριστὸν
1428 2975 1517 3030 διὰ
1552 2975 1651 3047 τὴν
1677 2977 1775 3047 τῆς
1803 2993 1937 3045 σαρ-

340 3055 437 3119 κὸς
466 3057 786 3130 περιϐολήνζ

418 3168 439 3202 ι
477 3151 555 3222 Τῇ
588 3152 856 3224 ἐπαύριον
886 3153 1077 3224 βλέπει
1104 3159 1134 3210 6
1169 3157 1426 3228 Ἰωάννης
1463 3158 1554 3212 τὸν
1589 3159 1800 3225 Ἰησοῦν
1838 3160 1933 3232 ὲρ-
1964 3180 1983 3185 κ

2035 2058 2299 2129 ejusmodi
2327 2064 2671 2125 acceperant,
2714 2052 2867 2121 quasi
2906 2049 3004 2103 soli
3059 2047 3301 2112 Christo,
3338 2045 3424 2100 vel
3465 2042 3621 2106 Elim,

1998 2226 2005 2233 ι
2034 2153 2120 2209 vel
2157 2153 2452 2222 prophetae,
2493 2149 2574 2200 fas
2601 2154 2748 2199 esset
2777 2142 3080 2210 baptizare.

2107 2243 2273 2299 Vens.
2304 2240 2396 2295 ‘26.
2446 2257 2465 2291 ι
2505 2238 2616 2307 Ego
2649 2236 2861 2304 baptizo
2892 2234 2944 2286 in
2997 2245 3156 2301 aqua.
3200 2247 3219 2282 ι

2100 2326 2336 2390 Joannes
2392 2331 2577 2398 utique
2622 2330 2725 2381 title
2775 2327 2970 2393 dignus
3017 2325 3277 2392 sttiipsius
3327 2318 3483 2374 testis
3512 2324 3621 2380 est,

2036 2428 2291 2496 quoniam
2320 2422 2453 2477 nihil
2479 2420 2763 2490 magniﬁce
2805 2419 2872 2472 de
2910 2433 2968 2473 se
2996 2420 3208 2472 locutus
3238 2423 3343 2477 est,
3377 2410 3470 2466 sed
3498 2408 3624 2464 sub-

2036 2520 2203 2572 misse
2251 2515 2455 2580 omnia,
2508 2520 2568 2567 ut
2613 2512 2793 2581 quise
2842 2509 2958 2565 sola
3007 2524 3147 2578 aqua
3172 2506 3450 2575 baptizare
3481 2514 3612 2572 pro-

2038 2609 2316 2664 ﬁtcbatnr.

2116 2719 2135 2753 ι
2168 2699 2376 2771 Medius
2411 2703 2594 2753 autem
2623 2702 2861 2751 vestrum
2894 2691 3061 2747 stetit.
3094 2709 3112 2742 ι

2105 2793 2290 2863 Usque
2323 2791 2390 2847 ad
2422 2800 2634 2859 tempus
2663 2790 2852 2858 gratiae
2884 2787 3157 2847 Christus,
3204 2794 3325 2835 ctttn
3359 2777 3414 2830 in
3445 2774 3626 2830 medio

2037 2885 2289 2941 omnibus
2361 2883 2597 2946 adesset,
2669 2889 2851 2935 tamen
2935 2874 3305 2948 ignorabatur.
3390 2868 3624 2923 Medium

2039 2985 2242 3041 autem,
2294 2975 2409 3030 sive
2457 2974 2510 3027 in
2567 2973 2742 3027 medio
2800 2971 3154 3025 constitutum
3187 2974 3349 3033 a'que
3379 2963 3622 3031 ignotum

2039 3070 2189 3135 dicit,
2241 3076 2460 3139 propter
2494 3067 2677 3120 carnis
2710 3064 3108 3118 indumentum.

2110 3158 2280 3215 Vens.
2307 3157 2399 3212 29.
2446 3173 2466 3209 ι
2495 3154 2678 3210 Altera
2726 3152 2815 3208 die
2849 3151 2986 3207 vidit
3029 3150 3270 3205 Joannes
3316 3144 3500 3200 Jesum
3533 3153 3625 3195 ve-

340 3240 572 3345 Ξόμενρν
604 3246 751 3345 πρὸς
794 3246 981 3312 αὑτὸν,
1022 3242 1119 3302 καῐ
1154 3236 1327 3319 λέγει’
1365 3250 1473 3304 Ἴδε
1520 3253 1549 3305 6
1587 3252 1793 3322 Ἀμνὸς
1839 3229 1932 3306 τοῦ

2043 3250 2281 3305 nieutetn
2327 3248 2394 3301 ad
2422 3261 2502 3310 se,
2550 3255 2606 3300 et
2655 3245 2773 3298 ait:
2833 3242 2976 3297 Ecce
3004 3240 3193 3310 Agnus
3227 3236 3342 3299 Dei,
3375 3247 3503 3290 ecce
3528 3229 3622 3302 qui

339 3332 476 3387 Θεοῦ
508 3334 538 3387 6
564 3335 737 3406 αἴρων
764 3335 864 3407 τὴν
890 3338 1170 3408 ἁμαρτίαν
1208 3338 1302 3392 τοῦ
1336 3339 1586 3410 κόσμου.’
1620 3358 1640 3391 ι

423 3426 622 3496 Ἀμνός
660 3429 827 3493 ἐστιν,
870 3429 946 3491 ὡς
984 3430 1263 3501 διδόμενος
1301 3431 1443 3502 ὑπὲρ
1478 3432 1730 3500 ἀφέσεως
1755 3433 1934 3506 ἀμαρ-

289 3515 476 3599 ν’τιιῖιν
511 3517 621 3570 τῶν
668 3509 1139 3589 ἀναγεννωμένων
1186 3520 1274 3575 διὰ
1323 3522 1555 3595 λουτροῦ
1604 3518 1934 3593 παλιγγενε-

343 3606 490 3671 σίας.
510 3609 708 3677 Αῑρων
737 3609 795 3662 δὲ
823 3609 1016 3677 εἰπὼν,
1050 3611 1328 3668 δείκνυσιν
1356 3615 1438 3668 ὅτι
1464 3615 1554 3668 ἀεὶ
1581 3616 1751 3687 αἴρει.

420 3805 440 3841 ι
476 3781 646 3850 Οὗτός
679 3790 797 3843 ἐστι
825 3788 955 3860 περὶΙ
983 3782 1045 3841 οὗ
1088 3788 1202 3857 ἑγὼ
1227 3783 1404 3856 εἷπον,
1447 3792 1655 3847 Ὀπίσω
1695 3793 1931 3865 μουέρ-
2013 3818 2019 3826 ο

342 3882 497 3948 χέται
528 3878 668 3949 ἀνὴρ
693 3879 750 3943 ὃς
806 3878 1120 3951 ἔμπροσθέν
1162 3896 1267 3951 μου
1299 3880 1525 3950 γέγονεν
1549 3898 1564 3913 ·
1595 3884 1680 3937 ὅτι
1715 3883 1935 3955 πρῶτός

344 3980 449 4036 μου
472 3962 562 4036 ἦν.
604 3986 623 4019 ι

418 4059 771 4130 Ἐμπροσοεν
813 4059 1037 4127 γέγονεν
1073 4063 1101 4115 6
1144 4062 1382 4132 Χριστὸς
1411 4063 1506 4117 τοῦ
1547 4065 1823 4128 Ἰωάννου,
1855 4066 1934 4129 ὡς

302 4214 315 4223 I
340 4149 484 4205 λύων
525 4153 623 4223 τὴν
675 4152 955 4223 ἁμαρτίαν
1001 4154 1095 4207 τοῦ
1146 4154 1382 4226 κόσμου,
1413 4156 1512 4209 καὶ
1563 4159 1621 4209 ἐν
1651 4157 1943 4228 Πνεύματι

338 4241 484 4315 ἁγίῳ
525 4242 823 4315 βαπτίζων,
857 4244 934 4309 ὼς
966 4244 1128 4315 ψιλοῦ
1166 4246 1321 4311 ὄντος
1373 4246 1700 4311 ὓδατοςοτοῦ
1736 4248 1933 4319 βαπτί-

339 4352 552 4406 σματος
598 4337 869 4392 Ἰωάννου.
911 4337 1074 4410 Ἀνὴρ
1111 4339 1169 4413 δὲ
1199 4340 1474 4406 καλεῖται,
1519 4340 1595 4406 ὡς
1633 4343 1698 4395 ἐκ
1744 4359 1953 4412 γυναι-δ

339 4427 436 4489 κὸς
469 4426 684 4497 τεχθεὶς
713 4428 778 4481 τδ
802 4428 945 4481 κατά
974 4430 1174 4499 σάρκα,
1212 4430 1245 4501 ἦ
1276 4430 1362 4484 ὅτι
1388 4431 1598 4494 τέλειος
1634 4429 1704 4505 ἦν
1733 4436 1791 4486 ὲν
1816 4433 1934 4506 ἡλι-

341 4519 438 4588 κίᾳ
466 4521 894 4591 τριακονταετής
938 4538 1042 4574 που
1083 4522 1383 4593 ὑπάρχων
1420 4524 1453 4595 ἦ
1505 4526 1589 4579 ὅτι
1618 4526 1830 4589 τέλειος
1863 4524 1932 4599 ἦν

2040 3341 2178 3398 tollit
2209 3347 2489 3409 peccatum
2519 3335 2729 3389 mundi.
2762 3351 2785 3386 ι

2102 3431 2285 3501 Agnus
2314 3437 2417 3494 est,
2452 3427 2505 3481 in
2538 3433 2801 3494 quantum
2836 3422 2995 3477 datus
3016 3433 3119 3489 pro
3155 3414 3472 3471 dimissione
3497 3426 3624 3482 pec-

2035 3532 2279 3579 catorum
2310 3532 2498 3574 eorum
2534 3516 2624 3585 qui
2658 3514 2834 3569 renati
2869 3520 2997 3567 sunt
3024 3527 3119 3582 per
3154 3511 3432 3562 lavacrum
3463 3517 3621 3574 rege-

2036 3613 2356 3670 nerationis.
2416 3602 2553 3665 Cum
2583 3616 2766 3661 autem
2805 3604 2964 3673 dixit,
3019 3604 3124 3670 Qui
3157 3601 3320 3664 tollit,
3364 3597 3621 3669 quoniam

2035 3720 2251 3774 semper
2281 3703 2431 3757 tollat
2454 3705 2815 3756 demonstrat.

2106 3795 2275 3851 Vsus.
2302 3794 2394 3848 50.
2439 3810 2459 3844 α
2493 3791 2593 3847 llic
2618 3800 2698 3845 est
2722 3791 2792 3845 de
2818 3804 2925 3859 quo
2967 3787 3080 3843 dixi
3109 3803 3122 3840 :
3174 3786 3304 3841 Post
3339 3798 3425 3838 me
3461 3780 3612 3838 venit

2034 3889 2120 3943 vir
2146 3888 2237 3958 qui
2295 3893 2538 3940 anteme
2568 3883 2743 3937 factus
2786 3891 2913 3936 est:
2951 3879 3077 3950 quia
3121 3879 3270 3947 prior
3309 3891 3395 3931 me
3422 3882 3562 3930 erat.
3594 3890 3616 3925 ι

2104 4069 2243 4122 Ante
2271 4061 2536 4118 Joannem
2564 4057 2742 4113 factus
2783 4063 2867 4111 est
2897 4053 3174 4116 Christus,
3234 4060 3420 4120 utpote
3475 4049 3620 4119 quod

2034 4157 2207 4215 solvat
2238 4164 2523 4225 peccatum
2555 4148 2763 4213 mundi,
2797 4157 2851 4202 et
2897 4149 2949 4200 in
2982 4145 3193 4214 Spiritu
3222 4152 3412 4196 saneto
3440 4141 3617 4208 bapti-

2034 4261 2143 4317 zet,
2175 4264 2297 4305 cum
2324 4247 2567 4301 Joannes
2590 4250 2800 4297 tantum
2833 4239 2888 4293 in
2923 4238 3062 4291 nuda
3107 4251 3248 4305 aqua
3292 4235 3616 4304 baptizaret.

2036 4345 2133 4398 Vir
2161 4321 2343 4396 autem
2375 4342 2739 4405 nuncupatur,
2782 4333 2834 4386 in
2866 4339 3131 4400 quantum
3163 4342 3231 4381 ex
3262 4328 3489 4381 muliere
3523 4340 3618 4379 na-

2037 4447 2121 4490 tus
2150 4444 2233 4489 est
2261 4431 2560 4488 secundum
2592 4439 2848 4489 carnem;
2897 4421 2981 4478 vel
3007 4421 3131 4490 quia
3158 4430 3319 4499 aetate
3350 4418 3621 4488 perfectus

2034 4538 2173 4594 erat,
2206 4526 2319 4595 jam
2360 4503 3050 4581 exsistcns‘triceuarius;
3085 4515 3166 4569 vel
3195 4516 3318 4584 quia
3371 4514 3422 4567 itt
3470 4510 3616 4565 omni

340 4610 402 4664 ἐν
432 4611 583 4681 πάσῃ
628 4610 798 4681 ἀρετῇ
834 4615 1112 4683 πρακτικῇ
1140 4630 1200 4667 τε
1230 4615 1328 4668 καὶ
1361 4613 1679 4690 θεωρητικῇ
1700 4636 1713 4649 ·
1764 4616 1797 4691 ἢ
1848 4621 1931 4673 ὅτι

2035 4621 2234 4674 virtute
2266 4627 2375 4671 tam
2411 4615 2650 4687 practice
2695 4629 2855 4683 quam
2893 4611 3228 4682 speculativa
3261 4619 3614 4664 consumma-
3643 4660 3651 4679 ⁴

343 4704 525 4774 πάσης
552 4703 650 4770 τῆς
684 4703 915 4772 λογικῆς
946 4703 1185 4772 φύσεως.
1217 4704 1246 4757 ὅ
1276 4707 1394 4759 ὲστι
1433 4708 1534 4778 τῆς
1582 4710 1928 4782 Ἐκκλησίας,

342 4797 578 4869 νυμφίος
610 4795 785 4863 ἐστὶν,
817 4795 892 4860 ὼς
922 4799 1022 4868 τῆς
1062 4797 1388 4867 Ἐκκλησίας
1414 4805 1672 4870 γυναικὸς
1700 4788 1939 4876 ἐχούσης

341 4893 656 4962 πρόσωπον,
689 4892 717 4944 6
739 4890 975 4962 Χριστὸς
1005 4891 1147 4963 ἀνὴρ
1178 4893 1444 4959 καλεῖται,
1471 4896 1547 4958 ὡς
1577 4899 1931 4968 νυμφευόμε-

340 4996 431 5046 νος
463 4983 563 5045 τὰς
597 4982 706 5035 τῶν
746 4982 956 5035 πιστῶν
1002 4982 1203 5054 ψυχάς.
1255 4985 1581 5056 Οίκονομίας
1633 4988 1692 5040 δὲ
1745 4991 1932 5061 τρόπῳ

342 5072 561 5142 εἴρηται
582 5073 743 5126 τοῦτο
761 5087 776 5102 ’
809 5074 1115 5144 ἀχώριστον
1145 5076 1256 5147 γάρ
1287 5076 1403 5129 ἐστι
1438 5078 1534 5131 τοῦ
1557 5079 1712 5137 Υίοῦ.
1740 5079 1815 5144 ὡς
1838 5083 1931 5135 καὶ

342 5161 436 5215 τοῦ
467 5164 698 5233 Πατρός.
736 5164 1021 5236 Αξοθητῶς
1040 5167 1147 5238 γάρ
1181 5185 1233 5220 τι
1272 5172 1382 5221 τῶν
1407 5170 1507 5239 τῆς
1541 5171 1773 5243 Τριάδος
1804 5174 1931 5228 ἰδεῖν

342 5252 626 5310 ἀδύνατον.
665 5257 1002 5313 Ἀνύποπτον
1038 5258 1273 5312 ἐνταῦθα
1296 5259 1395 5331 τὴν
1429 5263 1736 5335 μαρτυρίαν
1760 5265 1929 5336 ἐργά-

345 5344 521 5409 ζεται,
549 5346 764 5411 δεικνὺς
801 5349 971 5422 αὐτὴν
994 5350 1095 5403 οὐκ
1134 5350 1484 5423 ἀνθρωπίνης
1516 5354 1687 5409 οὖσαν
1718 5357 1926 5426 φιλίας,

344 5437 461 5491 ἀλλ’
498 5439 557 5505 ἐξ
588 5440 986 5521 ἀποκαλύψεως
1033 5444 1185 5509 θείας
1227 5448 1629 5520 γεγενημένὴν,
1701 5451 1790 5506 ῑνα
1823 5469 1929 5522 φα-

340 5532 555 5604 νερωθῇ
593 5533 672 5604 τῷ
714 5534 954 5606 Ἰσραὴλ,
999 5535 1090 5591 διὰ
1134 5537 1296 5592 τοῦτο
1335 5535 1499 5611 ἦλθον
1546 5540 1828 5611 βαπτίζων
1869 5545 1928 5597 ὲν

346 5619 520 5674 ὕδατι.
560 5623 636 5676 Οὐ
659 5624 841 5678 τοίνυν
866 5625 1030 5689 αὐτὸς
1055 5625 1429 5700 βαπτίσματος
1464 5631 1652 5696 ἐδεῖτο,
1686 5634 1808 5687 οὐδὲ
1834 5634 1928 5688 ἀλ-

342 5710 443 5784 λην
473 5711 595 5767 τινά
641 5715 823 5768 αἰτίαν
848 5708 1202 5787 εἷχενίὲκεῖνο
1234 5721 1296 5774 τὸ
1344 5721 1590 5794 λουτρὸν,
1623 5723 1656 5795 ἢ
1702 5716 1926 5796 πρδοδο-

346 5805 571 5873 ποιῆσαι
597 5804 697 5875 τὴν
721 5804 815 5858 τοῦ
839 5808 1077 5876 Χριστοῦ
1109 5811 1294 5864 πίστιν
1337 5816 1450 5876 τοῖς
1483 5813 1663 5879 ἄλλοις
1695 5816 1922 5873 ἅπασιν.

347 5891 420 5945 οὐ
473 5893 581 5967 γὰρ
629 5891 805 5964 εἶπεν,
838 5896 954 5951 Ἵνα
1007 5898 1232 5971 καθάρω
1280 5902 1407 5966 τοὺς
1458 5903 1921 5974 βαπτιζομένους,

2036 4721 2161 4778 tus;
2198 4710 2277 4765 vel
2304 4711 2537 4778 denique
2560 4708 2703 4778 quod
2733 4709 3003 4761 universa:
3051 4715 3260 4759 naturae
3306 4698 3615 4761 rationalis,

2036 4806 2087 4859 id
2115 4813 2199 4859 est
2229 4802 2504 4866 Ecclesiae,
2535 4815 2771 4869 sponsus
2797 4801 2890 4865 sit,
2928 4799 3169 4859 Ecclesia
3203 4797 3458 4851 nimirum
3494 4808 3617 4846 mtt-
3688 4830 3705 4837 -

2035 4896 2186 4951 lieris
2221 4909 2506 4963 personam
2539 4892 2832 4956 referente,
2867 4890 3023 4960 cujus
3071 4894 3186 4960 ipse
3238 4889 3492 4945 Christus
3519 4883 3620 4940 Vir

2033 4988 2353 5057 appelletur,
2386 4996 2447 5039 ttt
2491 4984 2583 5053 qui
2637 4984 2876 5039 fidelium
2937 4985 3151 5038 animas
3185 4982 3286 5037 sibi
3319 4981 3619 5049 desponsus

2035 5082 2250 5135 habeat.
2296 5079 2719 5148 Dispensationis
2747 5088 2928 5133 autem
2979 5077 3189 5130 ratione
3244 5073 3345 5127 hoc
3394 5072 3617 5126 dicitur.

2034 5174 2164 5228 Tam
2189 5174 2332 5226 enim
2358 5171 2617 5240 quidquid
2640 5170 2862 5235 Filium,
2886 5186 3048 5240 quam
3073 5169 3214 5237 quod
3238 5167 3455 5221 Patrem
3485 5175 3621 5219 con-

2032 5265 2225 5331 cernit,
2267 5263 2774 5330 incomprehensum
2804 5272 2909 5317 est.
2955 5260 3102 5317 Nihil
3148 5274 3384 5328 namque
3416 5256 3618 5311 Trini—

2034 5355 2160 5408 tatis
2193 5352 2393 5423 pereipi
2418 5366 2582 5407 sensu
2638 5360 2838 5420 potest.
2873 5352 3053 5422 Atque
3078 5351 3204 5405 hinc
3239 5346 3612 5404 testimonium

2028 5460 2188 5501 suum
2239 5445 2388 5501 omni
2434 5444 2652 5515 penitus
2688 5444 3000 5513 suspicione
3055 5445 3267 5507 liberat,
3318 5441 3445 5496 dum
3483 5438 3615 5493 illud

2030 5553 2138 5593 non
2169 5539 2419 5593 humanae
2443 5536 2699 5591 amicitiae
2723 5550 2884 5592 causa
2913 5538 3123 5602 datum,
3174 5535 3268 5590 sed
3312 5533 3494 5588 divina
3528 5545 3617 5586 re-

2029 5630 2300 5686 velatione
2346 5639 2627 5698 acceptum
2681 5630 2959 5696 ostendit,
3014 5637 3075 5683 ut
3126 5637 3311 5683 notum
3358 5626 3430 5681 sit
3483 5622 3614 5680 ﬁliis

2027 5718 2196 5775 Israel
2226 5718 2403 5790 ipsum
2437 5718 2644 5773 idcirco
2674 5719 2888 5774 venisse
2912 5733 3051 5789 aqua
3085 5717 3442 5787 baptizatum.
3491 5710 3611 5768 Non

2028 5812 2214 5873 itaque
2265 5810 2368 5881 ipsi
2419 5810 2749 5880 baptismate
2776 5825 2911 5880 opus
2941 5821 3082 5876 erat,
3131 5823 3308 5878 neque
3337 5808 3442 5861 alia
3473 5805 3611 5859 lava-

2027 5906 2105 5961 cri
2135 5904 2279 5963 illius
2300 5922 2462 5963 causa
2480 5905 2804 5972 exsistebat,
2838 5921 2999 5976 quam
3033 5913 3089 5961 ut
3117 5904 3329 5959 caeteris
3354 5899 3610 5959 omnibus
