4072 6424
278 5691 293 5727 ἱ
316 5670 323 5683 .

320 483 461 555 1405

1684 492 1765 553 ΙΝ
1805 491 1867 551 S.
1908 489 2290 552 JOANNEM.

3472 491 3615 561 1406

318 598 517 669 ἀτελὴς
551 596 653 651 οὐκ
699 589 854 652 εἶπεν
882 596 1047 652 αὐτὸν
1080 599 1308 660 βασιλέα
1350 599 1453 670 τῆς
1484 602 1743 667 κτίσεως,
1777 600 1918 655 ἀλλὰ
1946 656 1948 661 γ

2049 601 2327 667 perfectus,
2362 618 2467 659 non
2526 604 2664 661 dixit
2697 597 2874 676 ipsum
2922 605 3087 662 totius
3128 620 3311 662 rermn
3353 606 3617 662 universi-

323 689 485 762 μόνον
513 689 609 743 τοῦ
653 688 888 762 Ἰσραὴλ,
914 692 1057 745 κατὰ
1081 692 1142 745 τδ
1172 693 1492 764 εἰρημένονο
1522 694 1635 748 Καὶ
1660 694 1914 764 ἐγενήθη

317 782 491 851 μερὶς
506 781 729 850 Κυρίου
753 781 905 849 λαὸς
938 783 1127 838 αὐτοῦ
1169 784 1384 839 Ἰακὼϐ
1405 785 1740 856 σχοίνισμα
1766 787 1919 853 κλη-

317 889 467 941 pora
470 872 614 941 μίας
645 872 832 928 αὐτοῦ
873 873 1133 942 Ἰσραήλ.

408 963 629 1035 Ἐπειδὴ
673 965 838 1034 μόνου
864 964 959 1020 τοῦ
1004 966 1224 1039 Ἰσραὴλ
1248 968 1538 1041 ὠνόμασεν
1567 970 1596 1024 6
1624 970 1921 1044 Ναθαναὴλ

324 1054 417 1109 τδν
448 1055 685 1124 Χριστὸν
727 1056 976 1127 βασιλέα,
1008 1059 1253 1113 παιδεύει
1281 1061 1444 1115 αὐτὸν
1470 1061 1558 1115 διὰ
1587 1062 1801 1130 τούτου,
1838 1064 1923 1117 ὄτι

329 1147 432 1201 οὐκ
465 1143 534 1219 ἦν
561 1147 716 1229 ψιλὸς
751 1149 1040 1220 ἄνθρωπος
1068 1152 1097 1205 ό
1124 1152 1383 1224 Χριστὸς,
1428 1153 1555 1206 ἐπεί
1595 1170 1713 1218 πως
1756 1155 1922 1209 αὑτὸν

332 1241 700 1313 ὑπηρετοῦσιν
729 1241 978 1312 ἄγγελοι.

401 1334 653 1388 Δείκνυσι
686 1335 774 1389 διὰ
801 1335 1017 1402 τούτου,
1052 1337 1136 1391 ὅτι
1171 1338 1233 1391 οὐ
1281 1338 1523 1410 δοκήσει.
1554 1338 1670 1393 ἀλλ’
1695 1338 1927 1411 ἀληθείᾳ.

334 1425 562 1495 γέγονεν
596 1426 906 1498 ἄνθρωπος,
947 1430 1012 1482 ὲκ
1043 1429 1265 1498 Μαρίας
1302 1429 1632 1501 σαρκωθεὶς,
1669 1431 1729 1495 ὃς
1763 1431 1928 1501 μόνος

334 1514 722 1587 ἀναμάρτητος
751 1516 848 1583 ὣν,
887 1515 1090 1582 ἔσωζεν
1157 1519 1217 1571 ὲν
1251 1518 1433 1589 ἑαυτῷ
1465 1518 1527 1572 τὸ
1569 1520 1693 1572 κατ’
1718 1519 1928 1583 είκόνα,

332 1607 474 1678 ὅπερ
501 1607 718 1681 πρῶτος
747 1609 1035 1681 ἅνθρωπος
1060 1605 1232 1682 εἶχεν,
1263 1610 1293 1663 6
1319 1612 1442 1665 κατ’
1471 1610 1659 1683 είκόνα
1682 1611 1779 1666 καὶ
1803 1608 1930 1666 καθ’

332 1696 596 1770 ὁμοίωσιν
625 1699 761 1754 Θεοῦ
797 1699 1059 1770 γεγονώς.

936 1904 1187 1962 ΚΕΦΑΛ.
1246 1905 1325 1962 B'.

416 2037 440 2075 ι
480 2013 666 2075 Ἦσαν
691 2019 752 2074 δὲ
786 2019 907 2074 ἐκεῖ
938 2018 1119 2091 ὑδρίαι
1149 2018 1352 2074 λίθιναι
1382 2017 1442 2086 ἒξ
1492 2018 1746 2091 κείμεναι
1785 2017 1933 2073 κατὰ

334 2109 431 2166 τὸν
459 2110 807 2184 καθαρισμὸν
845 2110 957 2167 τῶν
1006 2111 1315 2177 Ἰουδαίων,
1355 2109 1635 2182 χωροῦσαι
1679 2111 1787 2165 ἀνὰ
1829 2124 1934 2182 με·

335 2202 545 2275 τρητὰς
567 2202 661 2257 δύο
685 2202 718 2274 ἢ
744 2205 915 2277 τρεῖς.
945 2221 966 2256 ι

417 2294 480 2349 '0
517 2295 794 2367 μετρητὴς
820 2296 968 2349 ποιεῖ
1003 2293 1204 2360 ξέστας
1233 2294 1431 2349 ἑκατὸν
1463 2295 1808 2364 πεντήκοντα
1831 2293 1933 2365 (5).

335 2386 438 2442 Διὰ
464 2385 522 2440 δὲ
544 2383 642 2439 τοῦ
675 2386 751 2460 μὴ
777 2388 955 2441 εἰπεῖν
983 2403 1158 2452 τινας,
1186 2387 1270 2440 ὅτι
1295 2386 1602 2457 μεθυόντων
1627 2384 1937 2457 ἀνθρώπων

336 2476 371 2528 ὖ
409 2477 669 2547 σύλλογος
698 2474 790 2549 ἧν,
839 2478 935 2533 καὶ
968 2479 1003 2549 ἡ
1051 2466 1308 2549 αἴσθησις
1345 2478 1526 2531 αὐτῶν
1555 2477 1929 2550 διεφθαρμένη

337 2569 435 2625 καὶ
463 2570 562 2641 οὐχ
592 2570 751 2642 ἱκανὴ
778 2570 1057 2641 διακρῖναι
1087 2569 1321 2640 πότερον
1362 2568 1507 2641 ὕδωρ
1543 2568 1576 2641 ἢ
1613 2565 1756 2634 οἶνος
1784 2565 1932 2624 εἶναι

337 2661 404 2716 τὸ
430 2661 617 2729 ποτὸν,
639 2661 731 2716 διὰ
758 2662 920 2716 τοῦτο
943 2661 1158 2716 κελεύει
1186 2661 1267 2731 τῷ
1294 2660 1687 2732 ἀρχιτρικλίνῳ
1712 2659 1934 2730 δοθῆναι

339 2751 422 2820 τῷ
450 2753 697 2822 νήφοντι·
730 2753 826 2806 καὶ
854 2751 964 2824 γὰρ
993 2754 1041 2806 oi
1080 2752 1342 2822 τοιαύτην
1373 2750 1674 2814 διακονίαν,
1704 2749 1780 2814 ὡς
1813 2749 1942 2804 ἐπί-

345 2844 570 2910 στασθε,
609 2843 1062 2913 πεπιστευμένοι,
1106 2836 1347 2913 μάλιστά
1397 2842 1539 2894 εἰσιν
1574 2842 1624 2893 oi
1654 2841 1941 2911 νήφοντες,

2027 694 2158 749 tatis
2207 695 2532 766 principem,
2574 698 2669 752 sed
2733 698 2903 753 solius
2940 698 3182 765 lsraelis,
3233 701 3389 768 juxta
3446 697 3614 753 illud:

2021 783 2158 840 Pars
2192 795 2367 842 autem
2397 787 2612 843 Domini
2668 789 2893 858 populus
2918 791 3034 858 eius
3076 788 3242 843 Jacob
3278 803 3299 843 :
3344 790 3616 848 funiculus

2023 876 2350 931 haereditatis
2376 877 2490 947 ejus
2518 876 2691 932 Israel
2717 880 2784 933 ".

2094 967 2390 1038 Postquam
2449 969 2747 1025 Nathanael
2798 970 3079 1026 Christum
3140 971 3311 1026 solius
3396 971 3614 1027 lsraelis

2024 1057 2228 1129 Regem
2272 1061 2668 1131 appellaverat,
2701 1064 2943 1118 ostendit
2997 1063 3220 1132 insuper
3272 1063 3449 1131 ipsum
3506 1077 3615 1116 nou

2025 1165 2148 1206 esse
2179 1167 2372 1221 purum
2405 1153 2704 1221 hominem,
2742 1170 2866 1211 cum
2913 1156 2965 1210 ei
3013 1155 3177 1210 etiam
3209 1154 3391 1223 angeli
3460 1154 3623 1207 mini-

2026 1249 2223 1295 strent.

2099 1332 2215 1388 Iloc
2236 1334 2424 1405 utique
2451 1333 2643 1404 probat
2698 1332 2977 1391 Christum
3002 1350 3111 1391 non
3142 1343 3367 1390 externa
3412 1341 3621 1389 tantum

2029 1425 2230 1493 specie,
2261 1428 2355 1480 sed
2388 1442 2600 1492 revera,
2639 1441 2704 1482 ex
2757 1426 2923 1481 Maria
2956 1442 3121 1483 carne
3173 1436 3476 1497 assumpta,
3515 1429 3619 1481 ho-

2033 1516 2233 1571 minem
2265 1517 2563 1572 exstitisse.
2629 1516 2732 1583 Qui
2774 1533 2897 1573 cum
2944 1528 3091 1574 esset
3138 1533 3334 1590 expers
3386 1518 3618 1587 peccati,

2033 1607 2163 1663 illud
2194 1609 2336 1679 quod
2368 1609 2577 1680 primus
2611 1609 2797 1674 homo,
2826 1606 2894 1664 ad
2920 1610 3212 1681 imaginem
3235 1610 3439 1680 Deique
3470 1609 3624 1665 simi-

2033 1700 2322 1757 litudinem
2377 1701 2715 1769 eﬂ‘ormatus,
2791 1710 3104 1773 acceperat,
3166 1703 3221 1757 in
3280 1712 3456 1759 semet
3512 1703 3630 1772 ipse

2034 1791 2299 1847 servavit.

2708 1906 2864 1964 CAP.
2900 1905 2967 1963 ll.

2127 2020 2290 2077 Vens.
2321 2019 2375 2077 6.
2410 2038 2430 2074 ι
2465 2021 2641 2078 Erant
2672 2030 2855 2078 autem
2884 2020 2958 2077 ibi
2996 2019 3220 2091 lapideae
3271 2019 3475 2091 hydria:
3530 2032 3628 2074 sex

2034 2115 2228 2185 positae
2274 2119 2574 2170 secundum
2631 2116 3071 2185 puriﬁcationem
3137 2110 3472 2176 Iudaeorum,
3531 2126 3627 2166 ca-

2037 2207 2255 2279 pientes
2289 2207 2518 2278 singulaa
2551 2217 2811 2265 metretas
2840 2210 2999 2265 binas
3029 2207 3110 2262 vel
3152 2214 3355 2262 ternas.
3392 2223 3413 2257 ι

2115 2294 2379 2351 Metreles
2443 2299 2667 2353 metitur
2725 2309 2948 2355 centum
2985 2295 3377 2369 quinquaginta
3434 2293 3637 2348 sextia—

2048 2387 2183 2442 rios.
2212 2387 2291 2445 Ne
2320 2388 2749 2458 quidamdicant,
2780 2392 2951 2447 ebriis
2986 2390 3320 2452 hominibus,
3339 2402 3557 2443 sensum
3582 2395 3639 2442 et

2042 2491 2261 2548 gustqu
2289 2491 2610 2551 corruptum
2642 2496 2751 2536 non
2781 2496 2943 2551 posse
2966 2482 3284 2535 discernere
3318 2488 3498 2533 utrum
3540 2491 3641 2547 po-

2042 2581 2131 2626 tus
2159 2586 2299 2641 aqua
2343 2583 2491 2629 esset
2529 2574 2613 2628 vel
2637 2573 2846 2640 vinum,
2883 2572 3087 2627 idcirco
3140 2570 3292 2640 jubet
3324 2583 3522 2636 aquam
3553 2567 3639 2620 vi-

2041 2676 2172 2716 num
2220 2661 2417 2717 factam
2447 2662 2566 2718 dari
2627 2662 2812 2717 sobrio
2871 2659 3279 2717 architriclino.
3327 2656 3459 2713 Tale
3492 2655 3641 2711 enim

2044 2752 2282 2809 cilicium
2312 2755 2682 2821 committunt,
2717 2762 2775 2809 ut
2801 2754 2976 2818 scitis,
3035 2750 3342 2821 praesertim
3405 2749 3635 2813 sobriis,

2053 2852 2115 2899 ut
2145 2847 2328 2901 omnia
2358 2847 2572 2916 possint
2592 2846 2748 2917 juxta
2779 2845 3031 2902 ordinem
3064 2844 3379 2915 disponere.

341 2936 488 2994 ὥστε
515 2940 572 2993 ἐν
597 2941 791 3010 κόσμῳ
820 2939 916 2993 καὶ
945 2939 1099 3004 τάξει
1128 2938 1308 2992 πάντα
1334 2935 1670 2991 διατίθεσθαι
1704 2936 1904 3000 αὐτούς
1935 2935 2191 3011 [Cum].

421 3052 442 3088 ι
480 3034 594 3088 Καὶ
622 3033 776 3101 λέγει
816 3033 1027 3097 αὐτοῖς·
1072 3032 1411 3101 Ἀντλήσατε
1441 3031 1539 3084 νῦν
1562 3069 1578 3095 ,
1612 3031 1708 3086 καὶ
1744 3020 1945 3105 φέρετε

345 3125 426 3197 τῷ
455 3123 881 3196 ἀρχιτρικλίνῳ·
920 3125 1017 3178 καὶ
1045 3124 1310 3195 ἤνεγκαν.
1360 3141 1380 3175 ι

2128 3033 2297 3091 Vens.
2329 3034 2385 3089 8.
2431 3053 2451 3087 ι
2482 3034 2550 3089 Et
2579 3034 2712 3090 dicit
2739 3034 2822 3090 eis
2852 3031 3009 3089 Jesus
3058 3045 3074 3084 :
3123 3028 3350 3086 Haurite
3382 3046 3549 3095 nunc,
3587 3040 3647 3087 et

2056 3123 2196 3180 ferte
2218 3126 2593 3182 architricliuo
2628 3144 2642 3181 :
2667 3134 2723 3183 et
2749 3126 3008 3181 tulerunt.
3036 3145 3056 3179 ι

430 3217 490 3271 '0
510 3216 578 3272 δι’
603 3214 799 3279 ὓδατος
826 3214 1067 3280 ποτίζων
1097 3213 1196 3285 τὴν
1225 3214 1496 3285 ἄμπελον,
1524 3214 1622 3268 καὶ
1649 3213 1821 3269 ποιῶν
1846 3214 1948 3268 αύ-

2120 3215 2224 3280 Qui
2256 3216 2416 3286 aquis
2434 3215 2654 3272 vineam
2690 3223 2866 3285 potat,
2889 3230 3119 3287 eamque
3144 3219 3429 3275 vinil'eram
3464 3215 3648 3283 ellicit,

336 3309 448 3380 ,τὴν
473 3310 669 3379 γεννᾷν
692 3307 785 3361 τὸν
813 3303 979 3374 οἶνον,
1003 3305 1166 3369 αὐτός
1192 3307 1364 3371 ἐστιν,
1390 3306 1419 3358 ὁ
1444 3304 1544 3361 καὶ
1560 3304 1658 3359 νῦν
1709 3305 1979 3377 μεταὸαν

350 3399 462 3456 EN
496 3400 580 3463 είς
613 3395 759 3452 οἶνον
793 3397 854 3450 τὸ
887 3397 1055 3468 ὕδωρ.

434 3508 454 3542 ι
494 3488 714 3559 Ταύτην
748 3486 974 3558 ἐποίησε
1004 3486 1104 3557 τὴν
1138 3487 1319 3559 ἀρχὴν
1346 3486 1457 3539 τῶν
1495 3485 1743 3556 σημείων
1769 3487 1800 3540 6
1846 3484 1957 3558 Ἰη-

357 3581 485 3645 σοῦς
532 3582 592 3633 ὲν
636 3581 797 3650 Κανᾷ
838 3580 939 3651 τῆς
985 3578 1314 3643 Γαλιλαίας,
1352 3581 1449 3638 καὶ
1504 3579 1821 3650 ὲφανέρωσε
1858 3579 1959 3650 τὴν

356 3670 517 3736 δόξαν
546 3667 717 3723 αὐτοῦ
738 3683 754 3698 ο
787 3667 886 3721 καὶ
925 3668 1261 3722 ἐπίστευσαν
1304 3670 1386 3732 εἰς
1423 3669 1586 3725 αὑτὸν
1615 3670 1667 3724 οἱ
1717 3668 1961 3742 μαθηταὶ

357 3762 555 3820 αὐτοῦ.
597 3779 617 3813 ι

431 3854 594 3917 Τινὲς
620 3852 842 3925 πρῶτον
877 3851 943 3905 ὲκ
964 3852 1128 3923 Κανᾷ
1164 3850 1388 3920 λέγουσι
1415 3849 1573 3904 τοῦτο
1610 3850 1672 3904 τὸ
1704 3853 1958 3923 σημεῖον,

360 3944 479 3999 ἀλλ’
527 3944 592 3997 οὐ
634 3943 854 4013 πρῶτον
889 3941 1130 3997 πάντων.
1170 3941 1515 4012 Παρήνοιγεν
1555 3942 1613 3996 δὲ
1642 3942 1828 4007 αὐτοῖς
1857 3943 1962 4016 τὴν

363 4035 540 4108 θύραν
590 4034 693 4106 τῆς
743 4035 1018 4097 πίστεως,
1072 4032 1162 4087 διὰ
1212 4032 1324 4087 τῶν
1375 4032 1715 4106 θεοσημείων
1766 4035 1962 4090 ἑαυτὸν

361 4126 776 4184 ἀποκαλύπτων
797 4166 812 4188 ,
845 4126 968 4197 ἦτοι
1000 4125 1102 4197 τὴν
1149 4124 1318 4179 αὐτοῦ
1369 4124 1531 4191 δόξαν
1565 4128 1662 4181 καὶ
1709 4126 1959 4207 δύναμιν.

365 4219 511 4286 Πῶς,
536 4220 632 4274 καὶ
656 4219 765 4274 τίνι
790 4219 1013 4290 τρόπῳ;
1057 4218 1180 4272 οὐδὲ
1204 4219 1316 4290 γὰρ
1348 4218 1538 4272 πολλοὶ
1565 4220 1855 4290 προσεῖχον
1882 4218 1963 4289 τῷ

365 4312 661 4384 γινομένῳ,
697 4309 817 4366 ἀλλ’
851 4311 902 4364 oi
937 4309 1177 4364 διάκονοι
1207 4311 1302 4363 καὶ⁵
1339 4311 1368 4363 ὀ
1395 4309 1839 4381 ἀρχιτρίκλινος,
1867 4309 1965 4364 καὶ

364 4404 398 4456 ὁ
437 4401 696 4473 νυμφίος.
738 4401 865 4464 Πῶς
902 4396 997 4456 οὖν
1049 4401 1371 4474 ὲφανέρωσε
1412 4400 1510 4473 τὴν
1551 4400 1712 4467 δόξαν
1751 4400 1961 4470 αὑτοῦ;

371 4492 496 4548 Ὅτι
523 4496 605 4558 είς
647 4493 724 4566 μὴ
756 4494 880 4548 τότε
902 4534 918 4560 ,
951 4494 1066 4548 ἀλλ’
1096 4493 1347 4567 ὕστερον,
1401 4493 1631 4566 ἔμελλον
1675 4493 1738 4548 τὸ
1777 4493 1964 4565 θαῦμα

2058 3305 2106 3360 is
2177 3307 2294 3375 ipse
2357 3315 2442 3362 est
2482 3308 2573 3377 qui
2609 3308 2770 3364 modo
2808 3322 3005 3378 aquam
3032 3309 3085 3364 in
3114 3309 3298 3364 viuum
3325 3308 3506 3364 vertit.

2011 3376 2051 3402 ς

2133 3484 2298 3544 Vsus.
2326 3487 2415 3541 li.
2445 3485 2590 3543 «Hoc
2622 3487 2749 3543 fecit
2802 3488 3019 3544 initium
3056 3489 3338 3557 signorum
3383 3487 3546 3544 Jesus
3592 3485 3651 3542 in

2059 3578 2207 3635 Cana
2238 3577 2474 3634 Galilzete
2527 3597 2541 3634 :
2591 3586 2648 3635 et
2687 3577 3055 3638 mauiiestavit
3080 3580 3310 3651 gloriam
3361 3594 3537 3645 suam,
3595 3587 3652 3635 et

2059 3670 2417 3726 crediderunt
2441 3669 2497 3724 in
2527 3683 2652 3725 eum
2683 3670 2935 3739 discipuli
2968 3671 3143 3743 ejus.»

2136 3848 2391 3904 Nonnulli
2417 3848 2638 3918 quidem
2693 3846 2929 3918 primum
2958 3846 3010 3902 id
3039 3845 3274 3916 signum,
3308 3861 3436 3911 ,non
3472 3853 3651 3898 tamen

2063 3939 2317 3995 absolute
2348 3939 2617 4004 omnium,
2648 3937 2743 3992 sed
2784 3938 2838 3991 in
2884 3934 3033 3992 Cana
3079 3935 3374 3999 editorum,
3433 3934 3650 3989 dicunt.

2064 4032 2181 4088 Hoc
2245 4042 2427 4088 autem
2480 4030 2603 4087 ﬁdei
2653 4029 2721 4084 iis
2750 4029 2976 4101 januam
3030 4027 3266 4096 aperuit,
3299 4026 3427 4081 dum
3456 4024 3655 4081 divinas

2065 4139 2179 4182 suae
2218 4124 2426 4196 gloriae,
2462 4122 2794 4192 virtutisque
2837 4122 2992 4192 signa
3028 4121 3198 4176 dedit.
3270 4118 3453 4189 Atqui
3498 4117 3651 4185 illud,

2065 4227 2121 4273 et
2167 4232 2403 4288 quanam
2445 4216 2697 4272 ratione?
2760 4230 2885 4271 cum
2918 4214 3074 4284 pauci
3111 4213 3186 4268 rei
3241 4211 3651 4285 gestae/conscii

2066 4309 2293 4375 iuerint,
2330 4309 2570 4364 ministri
2616 4307 2827 4363 scilicet
2850 4307 2973 4373 soli,
3018 4321 3143 4362 cum
3173 4302 3572 4370 arcltitriclino,
3598 4309 3656 4356 et

2066 4415 2292 4471 sponso.
2376 4401 2664 4467 Quomodo
2736 4399 2904 4470 igitur
2988 4397 3358 4453 manifestavit
3426 4393 3654 4465 gloriam

2066 4492 2261 4548 suam?
2291 4492 2428 4560 Quia
2464 4492 2729 4546 nimirum
2762 4506 2868 4546 non
2908 4489 3131 4561 quidem
3167 4498 3317 4552 tunc,
3349 4486 3442 4541 sed
3492 4492 3645 4553 post-

367 4584 703 4640 ἀκούσεσθαι
733 4585 994 4650 ἅπαντες.
1039 4587 1166 4641 Ὅτι
1203 4587 1314 4659 γὰρ
1345 4590 1404 4643 ἐν
1451 4587 1637 4660 ἐκείνῃ
1667 4589 1734 4659 τῇ
1773 4587 1948 4659 ἡμέρᾳ

2067 4600 2156 4651 ea,
2208 4600 2403 4643 omnes
2461 4584 2787 4655 miraculum
2819 4584 2923 4638 hoc
2978 4580 3216 4659 audituri
3254 4588 3434 4635 erant.
3503 4576 3684 4647 Quod.

365 4674 431 4728 οὐ
466 4673 674 4737 πάντες
706 4673 931 4745 ᾔδεσαν,
979 4675 1089 4729 ἀπὸ
1116 4676 1227 4731 τῶν
1257 4677 1625 4749 ἐπαγομένων
1654 4677 1836 4759 δῆλον.
1873 4678 1966 4731 Et-

367 4765 488 4821 πὼν
512 4767 644 4838 γὰρ,
672 4766 786 4820 Καὶ
806 4766 1149 4836 ἐφανέρωσε
1169 4767 1286 4839 τὴν
1304 4768 1492 4834 δόξαν
1512 4769 1721 4837 αὑτοῦ,
1751 4769 1966 4839 ἐπήγα-

367 4876 490 4934 γεν,
515 4860 625 4916 Καὶ
646 4861 1023 4915 ἐπίστευσαν
1049 4861 1138 4926 είς
1169 4860 1357 4915 αὐτὸν
1385 4862 1441 4914 οἱ
1466 4860 1725 4930 μαθηταί
1752 4858 1962 4916 αὑτοῦ.

450 5061 470 5094 ι
505 5041 622 5097 Kal.
659 5042 896 5112 ποιήσας
948 5037 1277 5110 φραγέλλιον
1316 5037 1383 5091 ὲκ
1422 5033 1704 5107 σχοινίων,
1755 5035 1966 5102 πάντας

374 5131 630 5199 ἐξέϐαλεν
656 5128 721 5186 ὲκ
746 5132 843 5186 τού
875 5130 1044 5203 ίεροῦ,
1065 5130 1139 5184 τά
1160 5147 1221 5183 τε
1243 5129 1512 5201 πρόϐατα,
1543 5128 1785 5192 καὶτοὺς
1814 5127 1964 5199 βόας,

376 5226 475 5279 καὶ
499 5225 608 5279 τῶν
639 5206 1007 5291 κολλωιστῶν
1032 5223 1220 5295 ἐξέχεε
1246 5221 1310 5276 τὸ
1337 5221 1525 5294 κέρμα
1543 5261 1559 5287 ,
1583 5222 1681 5276 καὶ
1704 5221 1807 5285 τὰς
1834 5239 1969 5295 τρα-

378 5315 550 5381 πέζας
582 5315 904 5388 ἀνέστρεψε.
943 5335 964 5369 r

464 5408 717 5474 Ἐξέὸαλε
747 5409 817 5463 τὰ
851 5410 994 5464 κατὰ
1027 5409 1195 5479 νόμον
1237 5406 1690 5480 σφαγιαζόμενα,
1738 5409 1827 5464 ἴνα
1869 5407 1973 5474 τὰς

338 5574 347 5579 _
380 5501 760 5574 πνευματικὰς
797 5503 1096 5576 ἀντεισὰγῃ
1143 5502 1425 5576 λατρείας.
1474 5501 1698 5574 Πατέρα
1741 5502 1799 5557 δὲ
1840 5502 1972 5558 ίδιον

452 5678 502 5712 ¹⁸
526 5677 688 5735 Deut.
716 5693 891 5746 xuii,
918 5678 973 5734 9.

454 5839 540 5909 (ὅ)
564 5836 697 5912 Cod.
727 5834 886 5912 Bodl.
928 5837 1045 5891 lucc
1086 5832 1467 5912 Chrysostomi
1520 5850 1669 5912 esse_
1693 5835 1848 5894 dicit.
1882 5835 1969 5893 Cf.

376 5925 495 5970 non
517 5905 748 5967 omnino
787 5909 978 5964 eadem
1013 5905 1271 5979 reperies.

2075 4692 2308 4747 namque
2339 4677 2441 4732 ista
2473 4676 2698 4739 dienon
2734 4675 3088 4732 omnesillius
3107 4672 3310 4729 conscii
3341 4669 3565 4734 fuerint,
3591 4683 3656 4723 ex

2071 4766 2428 4838 sequentibus
2459 4765 2805 4822 manifestum
2869 4764 2948 4821 ﬁt.
3007 4765 3143 4822 Cum
3191 4764 3338 4819 enim
3369 4763 3537 4817 dixit:
3592 4759 3661 4813 Et

2073 4859 2430 4928 manifestavit
2466 4856 2694 4928 gloriam
2722 4873 2915 4923 suam,
2968 4855 3299 4925 subiunxit:
3333 4853 3403 4908 Et
3425 4855 3665 4909 credide-

2073 4958 2194 5000 runt
2236 4949 2292 5002 in
2320 4963 2441 5001 eum
2474 4945 2721 5014 discipuli
2750 4945 2885 5010 ejus.

2152 5038 2317 5093 Vsus.
2355 5037 2445 5094 l5.
2479 5055 2499 5089 ι
2535 5036 2603 5092 Et
2636 5051 2775 5102 ,cum
2830 5036 3053 5091 fecisset
3093 5035 3245 5105 quasi
3297 5033 3564 5105 ﬂagellum
3597 5031 3667 5085 de

2074 5131 2353 5200 funiculis,
2402 5144 2592 5187 omnes
2647 5127 2811 5197 eiecit
2836 5130 2903 5183 de
2933 5126 3155 5196 templo,
3198 5141 3330 5182 oves
3360 5138 3578 5195 quoque
3609 5135 3667 5176 et

2075 5225 2263 5288 boves,
2300 5231 2357 5279 et
2402 5221 2893 5279 nummulariorum
2947 5218 3137 5276 etiudit
3183 5232 3282 5284 as,
3334 5227 3389 5272 et
3446 5229 3666 5270 mensas

2074 5317 2367 5373 subvertit.
2382 5336 2402 5371 ι
2692 5324 2701 5327 ·

2143 5410 2316 5479 Ejecit
2352 5410 2601 5466 victimas
2637 5409 2862 5482 legales,
2891 5416 2953 5464 ut
2978 5421 3078 5478 pro
3106 5405 3174 5461 iis
3220 5402 3524 5475 spiritalem
3551 5399 3666 5454 cul-

2078 5514 2195 5561 tum
2256 5502 2657 5559 introduceret.
2711 5501 2885 5559 Deum
2941 5513 3074 5557 vero
3132 5497 3396 5554 Christus
3447 5491 3660 5548 Patrem

2009 5838 2328 5915 ~Chrysost.
2364 5836 2503 5912 Opp.
2547 5835 2686 5909 Vlll,
2729 5853 2783 5909 p.
2818 5838 2949 5906 155,
2994 5839 3083 5895 ubi
3116 5837 3365 5908 quadam
3400 5834 3531 5903 fere,
3570 5827 3665 5885 scd
