4072 6480
452 467 590 534 14θ7

1594 465 1931 529 ΑΜΜΟΝΙΙ
1977 464 2515 528 ALEXANDRINI

3606 454 3767 519 1408

452 599 609 639 suum
672 588 851 648 vocat,
879 587 1063 651 utpote
1097 580 1407 651 uuigenitus
1439 580 1555 651 ejus
1598 581 1903 637 secundum
1937 595 2037 634 ua-
2068 629 2072 639 λ

2189 579 2299 634 ιλεῖ
2329 581 2358 633 6
2386 576 2628 648 Χριστὸς
2655 574 2748 629 τὸν
2784 574 2943 639 Θεὸν,
2982 572 3060 636 ὡς
3089 572 3252 635 αὐτὸς
3285 570 3449 641 μόνος
3481 566 3545 634 ὲξ
3576 567 3757 623 αὑτοῦ

454 684 655 727 turam.

525 763 687 817 Vens.
732 764 815 818 l8.
848 782 867 816 ι
910 760 1332 834 Responderunt
1359 776 1492 834 ergo
1547 762 1745 829 Judtei,
1798 772 1854 819 et
1888 764 2043 819 dixe-

2146 672 2287 726 κατὲι
2312 670 2477 741 φύσιν
2502 670 2787 740 ὑπάρχων.

2225 783 2244 816 t
2295 763 2706 833 Ἀπεκρίθησαν
2742 755 2836 814 οὖν
2860 759 2912 812 oi
2956 756 3222 821 Ἰουδαῖοι,
3262 755 3355 810 καὶ
3385 748 3542 809 εἶπον
3570 752 3755 827 αὐτῷ·

454 864 580 909 runt
618 854 709 911 ei;
770 855 923 922 Quod
958 856 1173 926 signum
1222 856 1469 911 ostendis
1531 855 1690 911 nobis
1746 854 1875 925 quia
1932 855 2046 911 haec

2189 855 2215 908 ’ί
2243 856 2469 927 σημεῖον
2497 849 2767 914 δεικνύεις
2791 851 2950 922 ἡμῖν,
2985 849 3070 902 ὅτι
3111 846 3291 901 ταῦτα
3319 847 3496 909 ποιεῖς
3521 860 3535 909 ;
3580 863 3598 896 ι

456 944 589 999 facis
606 946 628 994 ’ί
642 964 659 995 ι

512 1036 983 1104 Quandoquidem,
1038 1037 1309 1106 inquiunt,
1396 1046 1653 1107 tanquam
1696 1034 1793 1092 Dei
1852 1035 2047 1102 Filius,

2235 1038 2383 1091 Ἀντί
2402 1035 2523 1097 τοῦ,
2553 1036 2613 1088 Et
2643 1034 2719 1097 ὡς
2746 1032 2877 1095 Υξξς
2902 1029 2997 1085 τοῦ
3024 1028 3164 1082 Θεοῦ
3188 1028 3259 1082 τὰ
3286 1028 3529 1099 σαρκικὰ
3554 1025 3760 1080 ἐκϐάλ-

460 1130 694 1182 carnalia
733 1129 941 1196 ejicias,
979 1131 1146 1200 trolia
1182 1130 1337 1185 nobis
1360 1130 1545 1200 aliquo
1582 1131 1739 1202 signo
1773 1136 1830 1185 te
1884 1146 1914 1183 a
1942 1130 2051 1184 Deo

2189 1149 2286 1195 εις,
2339 1129 2529 1181 πεῖσον
2568 1127 2717 1197 ἡμᾶς
2751 1123 2839 1178 διὰ
2878 1121 3141 1193 σημείου,
3175 1120 3263 1174 ὃτι
3302 1120 3369 1171 ὲκ
3402 1116 3540 1171 Θεοῦ
3573 1117 3754 1187 ἐπέμ-

462 1237 687 1275 ιιηδειηιι
714 1237 857 1275 RSS6.

534 1311 696 1367 Vens.
737 1312 819 1367 t9.
865 1313 1192 1384 «Respondit
1221 1313 1400 1378 Jesus.
1435 1323 1492 1370 et
1526 1314 1664 1369 dixit
1687 1314 1809 1370 eis:
1845 1312 2053 1368 Solvite

2154 1222 2318 1293 φοης.

2233 1331 2253 1364 ι
2307 1307 2610 1382 Ἀπεκρίθη
2636 1309 2665 1361 ὁ
2713 1304 2947 1377 Ἰησοῦς,
2980 1305 3075 1358 καὶ
3106 1298 3262 1356 εἶπεν
3288 1303 3473 1364 αὐτοῖς
3497 1319 3509 1332 ·
3534 1300 3760 1355 Λύσατε

464 1405 721 1474 templum
755 1408 879 1470 hoc,
915 1416 970 1460 et
994 1406 1048 1460 in
1082 1408 1257 1464 tribus
1309 1409 1505 1463 diebus
1534 1406 1819 1464 suscitabo
1856 1405 2043 1461 illud.»

2189 1404 2248 1460 δν
2285 1404 2414 1458 ναὸν
2447 1403 2661 1467 τοῦτον,
2703 1400 2799 1455 καὶ
2835 1400 2893 1453 ἐν
2924 1398 3106 1471 τρισὶν
3147 1396 3388 1470 ἡμέραις
3436 1394 3616 1463 ἐγερῶ
3653 1393 3761 1446 αὐο

536 1581 746 1639 idcirco
784 1583 927 1638 dixit
961 1602 973 1638 :
1004 1582 1202 1639 Solvite
1241 1583 1491 1653 templum
1522 1585 1643 1649 hoc,
1680 1584 1739 1640 ut
1783 1582 2050 1661 ostende-

2155 1495 2268 1550 τόν.
2304 1512 2324 1546 ι

2228 1585 2329 1639 Διὰ
2366 1582 2525 1638 τοῦτο
2550 1580 2730 1645 εἶπεν,
2768 1581 2852 1636 ὅτι
2902 1580 3147 1635 Λύσατε
3179 1578 3288 1632 τὸν
3334 1574 3488 1630 ναὸν
3515 1573 3762 1637 τοῦτον,

466 1687 552 1731 ret
582 1691 641 1731 se
672 1686 898 1733 ventura
925 1676 1245 1748 praevidere.
1272 1676 1535 1743 Quamvis
1560 1678 1703 1731 enim
1739 1685 1870 1731 tunc
1902 1674 2050 1731 anci-

2189 1695 2249 1731 να
2281 1677 2435 1749 δείξῃ
2475 1675 2559 1729 ὅτι
2595 1673 2970 1745 προγινώσκει
3011 1670 3084 1725 τὰ
3121 1669 3263 1741 μετὰ
3291 1668 3468 1721 ταῦτα
3496 1666 3765 1737 ἐσόμενα.

468 1770 608 1840 pites
625 1779 807 1825 essent
825 1779 881 1825 et
909 1771 1225 1852 dubitarent
1250 1770 1380 1840 quid
1417 1772 1521 1826 hoc
1544 1770 1905 1837 significaret,
1934 1775 2059 1839 post

2189 1771 2225 1823 ii
2254 1768 2366 1839 γὰρ
2393 1767 2488 1821 καὶ
2522 1766 2645 1820 τότε
2676 1766 2776 1836 μὲν
2805 1764 3049 1835 ἠπόρουν
3086 1763 3150 1815 τὸ
3176 1760 3230 1813 τί
3267 1760 3334 1815 ἃν
3363 1760 3454 1830 εῐη
3482 1758 3681 1825 τοῦτο,
3710 1759 3769 1812 οἱ

469 1865 927 1920 resurrectionem
959 1882 1088 1921 vero
1121 1868 1530 1922 intellexerunt.

541 2044 708 2101 Vtilis.
737 2046 830 2101 ﬁt.
876 2065 895 2098 ι
925 2045 1042 2113 Ipse
1088 2054 1268 2101 autem
1316 2044 1475 2102 Jesus
1520 2060 1628 2100 non
1682 2044 1939 2101 credebat
1978 2060 2065 2100 se-

471 2139 757 2206 metipsum
789 2139 889 2205 eis,
929 2152 993 2193 eo
1022 2139 1165 2207 quod
1204 2142 1319 2209 ipse
1356 2148 1541 2194 nosset
1578 2153 1789 2193 omnes.
1825 2157 1844 2191 ι

542 2229 822 2284 Similibus
874 2245 981 2284 non
1032 2241 1159 2285 sunt
1214 2231 1479 2299 protunda
1533 2232 1784 2300 dogmata
1871 2240 2067 2301 propo-

472 2323 671 2388 nenda,
706 2323 779 2376 uti
808 2323 1047 2393 antiquis
1101 2324 1154 2377 in
1187 2323 1311 2379 title.
1364 2325 1642 2394 Siquidem
1694 2325 1787 2393 qui
1843 2333 2070 2395 propter

472 2416 624 2485 signa
658 2415 773 2469 sola
803 2418 1056 2481 credunt,
1105 2417 1213 2471 cito
1248 2427 1659 2486 pervertuntur,
1710 2418 1754 2474 si
1805 2419 1928 2489 quis
1962 2416 2069 2474 illis

472 2504 628 2575 signa
653 2521 760 2561 non
797 2509 898 2562 rite
932 2508 1070 2563 facta
1104 2510 1462 2579 persuaserit.

1135 2645 1288 2701 CAP.
1323 2644 1415 2700 Ill.

548 2776 712 2831 Vitis.
746 2776 797 2833 i.
843 2794 864 2829 ι
897 2777 1025 2831 Erat
1057 2788 1236 2831 autem
1282 2778 1447 2833 homo
1473 2793 1539 2833 ex
1576 2776 1869 2834 Pharismis
1898 2776 2064 2834 Nico-

476 2870 666 2925 denms
706 2871 946 2936 nomine,
977 2871 1232 2940 princeps
1257 2870 1588 2927 Judzeorum.
1622 2887 1646 2924 ο

551 2962 948 3032 Vituperandus
998 2965 1099 3019 hoc
1131 2966 1350 3018 nomine
1373 2964 1721 3030 Nicodemus,
1756 2964 1899 3035 Quod
1923 2964 2072 3020 clan-

474 3050 721 3108 destinus
745 3069 867 3109 esse
900 3054 1075 3111 ﬁdelis
1106 3054 1259 3111 velit.

547 3144 714 3201 Vens.
766 3148 819 3202 ὅ.
886 3146 1187 3217 Respondit
1221 3148 1406 3216 Jesus,
1461 3156 1518 3204 et
1558 3150 1697 3204 dixit
1735 3148 1829 3204 ei:
1868 3112 2065 3216 Amen,

473 3252 635 3295 amen
664 3241 788 3297 dico
819 3241 939 3309 tibi,
969 3242 1073 3299 nisi
1117 3245 1245 3313 quis
1271 3253 1497 3299 reatus
1527 3242 1692 3298 fuerit
1722 3244 1921 3312 denuo,
1962 3259 2067 3299 non
2096 3284 2144 3349 ϐ

475 3338 654 3401 petest
680 3332 865 3388 videre
895 3348 1123 3402 regnum
1158 3335 1274 3390 Dei.
1305 3355 1325 3388 ι

545 3419 681 3475 Cuut
716 3423 781 3476 ad
816 3422 1118 3493 Christum,
1158 3436 1416 3496 tanquam
1443 3432 1509 3486 ad
1547 3446 1736 3501 purum
1771 3432 2069 3497 hominem,

473 3510 803 3568 Nicodemus
827 3516 1083 3581 accessit,
1112 3517 1299 3573 volens
1333 3535 1457 3575 eum
1506 3525 1572 3578 ad
1620 3537 1680 3579 se
1725 3523 1964 3591 allicere,
2008 3541 2071 3582 ea

475 3620 599 3674 qua
650 3607 883 3662 hominis
930 3617 1145 3675 captum
1196 3625 1476 3681 superant,
1528 3617 1808 3682 edisserit,
1860 3629 1920 3674 ut
1973 3621 2066 3690 qui

477 3713 695 3752 sursum
732 3700 802 3754 sit
839 3700 890 3753 in
926 3701 1101 3768 cmlis,
1144 3707 1464 3777 noveritque
1500 3726 1620 3779 quae
1668 3712 1779 3765 illic
1816 3723 2068 3783 agantur,

478 3791 708 3857 indeque
732 3786 806 3844 ad
844 3793 1092 3850 homines
1119 3796 1456 3854 deriventur.

547 3881 714 3937 Vens.
744 3882 799 3937 4.
850 3903 868 3937 ι
898 3885 1040 3940 Dicit
1088 3889 1155 3943 ad
1204 3904 1327 3943 eum
1365 3891 1736 3952 Nicodemus:
1787 3897 2072 3966 Quomodo

474 3983 653 4046 potest
690 3977 851 4032 homo
912 3982 1088 4047 nasci,
1126 3996 1249 4037 cum
1304 3986 1375 4039 sit
1428 3988 1646 4043 senex?
1696 3992 1935 4062 nunquid
1972 4009 2071 4063 po-

476 4074 581 4122 test
632 4067 685 4121 in
730 4078 975 4125 ventrem
1035 4073 1228 4130 matris
1279 4091 1391 4132 sum
1448 4080 1646 4135 iterato
1706 4080 1956 4148 introire,
2019 4092 2074 4138 et

477 4158 683 4211 renasci
710 4159 735 4212 ?
763 4177 783 4211 ι

546 4252 647 4317 Qui
672 4253 852 4323 itaque
872 4271 1169 4327 supernam
1197 4262 1531 4329 Angelorum
1557 4264 2070 4337 vivendiratinnem

474 4346 783 4411 aemulatur,
811 4355 865 4402 et
894 4350 1149 4407 sublimia
1177 4353 1381 4408 Christi
1410 4355 1661 4427 dogmata
1699 4359 2067 4428 amplectitur,

474 4438 522 4493 is
553 4438 731 4494 denuo
788 4444 1113 4498 renascitur.
1173 4443 1275 4511 Qui
1332 4450 1622 4503 secundum
1676 4451 1806 4504 item
1847 4467 2073 4522 genera-

478 4528 677 4584 tionem
702 4544 801 4601 per
833 4533 1104 4589 lavacrum
1155 4536 1403 4605 suscipit,
1441 4537 1485 4592 is
1529 4554 1745 4608 quoque
1778 4542 1954 4597 denuo
1988 4558 2073 4598 re-

2162 1860 2219 1914 δε
2257 1857 2645 1928 ἀμφέϐαλλον,
2681 1856 2797 1911 ἀλλ’
2843 1854 3072 1929 ὕστερον
3111 1855 3436 1923 ἐπέγνωσαν
3480 1853 3620 1922 μετὰ
3657 1852 3770 1922 τὴν

2092 1937 2139 1998 Β
2166 1955 2486 2008 ἀναστασιν.
2523 1948 2748 2023 [Cum]

2245 2065 2264 2097 ι
2315 2044 2489 2107 Αὐτὸς
2515 2045 2572 2097 δὲ
2603 2047 2631 2097 6
2678 2040 2889 2112 Ἰησοῦς
2921 2040 3023 2095 οὐκ
3063 2040 3395 2092 ἐπίστευσεν
3430 2035 3626 2092 ἑαυτὸν
3661 2036 3777 2092 αὒ-

2166 2141 2300 2203 τοῖς,
2323 2138 2412 2193 διὰ
2444 2137 2506 2191 1:6
2535 2137 2701 2190 αὐτδν
2721 2134 3015 2204 γινώσκειν
3043 2135 3275 2196 πάντας.
3312 2151 3332 2185 ι

2240 2231 2368 2293 Τοῖς
2398 2228 2667 2292 τοιούτοις
2695 2228 2756 2279 οὐ
2787 2227 2869 2280 δεῖ
2899 2222 3231 2297 ἐγχειρίζειν
3272 2223 3439 2294 βαθέα
3474 2223 3724 2293 δόγματα
3752 2262 3775 2290 ,

2169 2323 2244 2383 ὡς
2265 2322 2366 2395 ἤδη
2400 2322 2616 2384 πιστοῖς
2640 2318 2977 2390 γενομένοις.
3013 2319 3077 2373 Οἱ
3110 2317 3221 2389 γὰρ
3249 2317 3356 2370 ἀπὸ
3393 2318 3639 2389 σημείων
3672 2332 3777 2369 πι-

2171 2414 2492 2478 στεύοντες,
2528 2413 2772 2484 εὐχερῶς
2820 2413 3236 2483 μετατίθενται,
3270 2412 3363 2466 ὲάν
3390 2427 3535 2473 τινες
3566 2408 3781 2473 αὐτοὺς

2171 2506 2527 2579 σοφίσωνται,
2557 2507 2639 2560 ὅτι
2666 2507 2769 2559 οὐκ
2797 2505 2975 2576 ὀρθῶς
3004 2505 3263 2574 γεγόνασι
3289 2504 3360 2558 τὰ
3398 2503 3622 2573 σημεῖα.

2775 2645 3035 2699 ΚΕΦΔΛ.
3082 2645 3157 2696 Γ’.

2248 2801 2275 2838 ι
2299 2777 2410 2837 Ἦν
2439 2782 2497 2837 δὲ
2528 2782 2817 2851 ἄνθρωπος
2851 2781 2916 2835 ὲκ
2946 2780 3054 2834 τῶν
3087 2782 3423 2853 Φαρισαίων,
3454 2780 3777 2853 Νικόδημος

2171 2876 2346 2946 ὄνομα
2382 2876 2553 2948 αὐτῷ,
2590 2877 2774 2947 ἄρχων
2797 2875 2907 2930 τῶν
2947 2876 3237 2930 Ἰουδαίων.
3285 2895 3304 2927 ι

2243 2970 2461 3031 Ψεκτδς
2495 2973 2523 3024 6
2566 2969 2896 3040 Νικόδημος,
2943 2970 2972 3022 6
3020 2967 3326 3040 λεληθότως
3379 2965 3519 3023 εἷναι
3572 2967 3756 3030 πιστὸς

2174 3060 2519 3132 βουλόμενος.

2247 3174 2266 3207 t
2319 3154 2621 3225 Ἀπεκρίθη
2658 3156 2686 3208 6
2723 3155 2933 3227 Ἰησοῦς
2956 3199 2970 3223 ,
2999 3156 3094 3210 καὶ
3140 3150 3296 3209 εἶπεν
3328 3150 3503 3220 αὐτῷ·
3545 3148 3754 3222 Ἀμὴν,

2173 3246 2321 3319 ἀμὴν
2368 3245 2512 3315 λέγω
2553 3262 2669 3311 σοι,
2726 3249 2822 3301 ἐὰν
2875 3250 2947 3320 μή
2984 3266 3069 3312 τις
3130 3248 3369 3322 γεννηθῇ
3413 3242 3652 3308 ἄνωθεν,
3702 3239 3770 3296 οὐ

2172 3336 2401 3391 δύναται
2437 3335 2567 3390 ἰδεῖν
2595 3336 2696 3405 τὴν
2728 3337 3009 3408 βασιλείαν
3037 3337 3132 3393 τοῦ
3163 3335 3324 3392 Θεοῦ.
3359 3356 3379 3390 ι

2258 3428 2482 3502 Ἐπειδὴ
2533 3429 2611 3493 ὡς
2660 3428 2803 3502 ψιλῷ
2857 3430 3133 3503 ἀνθρώπῳ
3184 3428 3493 3500 προσῆλθεν
3542 3423 3692 3498 αὐτῷ
3743 3427 3774 3479 6

2174 3519 2509 3591 Νικόδημος,
2561 3520 2733 3574 θέλων
2783 3520 2948 3575 αὐτὸν
2998 3521 3223 3574 ὲλκῦσαι
3263 3520 3402 3590 πρὸς
3445 3515 3657 3580 ἑαυτὸν,
3704 3514 3776 3569 τὰ

2176 3606 2319 3680 ὑπὲρ
2348 3608 2639 3680 ἄνθρωπον
2666 3610 2817 3680 αὐτῷ
2856 3609 3027 3674 λαλεῖ,
3054 3608 3129 3673 ὡς
3159 3609 3273 3663 ἄνω
3303 3607 3379 3661 ὢν
3412 3610 3470 3660 ὲν
3498 3606 3772 3677 οὐρανοῖς,

2175 3703 2272 3755 καὶ
2307 3702 2465 3767 εἰδὼς
2498 3703 2565 3756 τὰ
2607 3705 2725 3757 ἐκεῖ
2758 3704 3104 3775 πραττόμενα
3128 3742 3143 3763 ,
3186 3702 3283 3755 καὶ
3325 3699 3539 3754 ἐκεῖθεν
3569 3701 3649 3761 εἰς
3682 3698 3776 3751 ἀν-

2176 3794 2434 3866 θρώπους
2470 3814 2547 3850 πα
2558 3797 2856 3867 ραγόμενα.

2250 3906 2273 3941 ι
2322 3889 2487 3959 Λέγει
2524 3890 2661 3961 πρὸς
2708 3888 2872 3943 αὐτὸν
2906 3889 2935 3942 6
2980 3888 3316 3958 Νικόδημος·
3369 3885 3497 3948 Πῶς
3549 3881 3774 3936 δύναται

2174 3978 2465 4051 ἄνθρωπος
2490 3980 2819 4052 γεννηθῆναι
2849 3980 3029 4051 γέρων
3058 3979 3167 4043 ὤνς
3206 3979 3280 4051 μὴ
3314 3977 3539 4032 δύναται
3572 3976 3652 4039 είς
3677 3972 3775 4046 τὴν

2177 4075 2385 4129 κοιλίαν
2422 4075 2522 4146 τῆς
2574 4074 2781 4148 μητρὸς
2830 4073 2996 4128 αὐτοῦ
3035 4074 3299 4146 δεύτερον
3335 4070 3637 4135 εἰσελθεῖν,
3679 4067 3776 4122 καὶ

2174 4165 2502 4236 γεννηθῆναι
2520 4182 2534 4231 ;
2577 4186 2594 4217 ι

2258 4256 2317 4308 '0
2360 4256 2460 4327 τὴν
2519 4256 2633 4310 ἀνω
2673 4257 2782 4307 τῶν
2838 4255 3086 4325 ἀγγέλων
3121 4254 3296 4326 ζωὴν,
3348 4253 3444 4307 καὶ
3488 4250 3553 4306 τὰ
3598 4249 3777 4321 ὑψηλὰ

2173 4349 2419 4419 δόγματα
2458 4348 2547 4402 διὰ
2578 4349 2816 4420 Χριστοῦ
2871 4350 3060 4419 μαθὼν
3084 4388 3099 4413 ,
3146 4348 3353 4429 ἄνωθεν
3395 4348 3677 4415 γεννᾶται.
3716 4344 3777 4397 '0

2174 4440 2272 4512 τὴν
2288 4439 2571 4511 δευτέραν,
2590 4439 2690 4511 τὴν
2714 4439 2802 4493 διὰ
2824 4439 2917 4492 τοῦ
2942 4438 3171 4510 λουτροῦ
3190 4438 3444 4508 γέννησιν
3461 4435 3774 4505 ὑπομένων,

2173 4528 2327 4595 οὗτος
2370 4530 2580 4586 ἄνωθεν
2621 4533 2918 4601 γεννᾶται,
2967 4532 3059 4583 καὶ
3103 4532 3130 4583 6
3170 4529 3415 4600 μετέχων
3457 4526 3779 4596 Πνεῦμα-ξος

477 4622 739 4686 nascitur,
773 4633 827 4676 et
864 4624 1102 4693 Spiritus
1131 4625 1303 4677 sancti
1342 4627 1614 4695 particeps
1646 4627 1890 4686 etllcitur.
1955 4630 2064 4688 Vox

2189 4626 2354 4695 ὶγίου.
2401 4626 2477 4678 T6
2512 4625 2755 4678 ’Λνωθεν
2797 4627 2898 4695 τὴν
2942 4624 3031 4677 διὰ
3061 4624 3154 4677 τοῦ
3190 4623 3513 4692 Πνεῦματος
3545 4618 3781 4686 ἀναγεν-

475 4721 656 4767 autem
688 4715 879 4778 demto,
934 4715 1171 4785 Spiritus
1197 4716 1375 4769 sancti
1404 4721 1866 4785 regenerationem
1895 4725 2069 4797 signi-

478 4802 624 4865 ﬁcat,
652 4805 999 4873 ostenditque
1028 4820 1094 4857 ex
1130 4803 1308 4859 Patris
1356 4806 1659 4864 substantia
1725 4828 1845 4868 esse
1892 4815 2068 4886 Spiri-

479 4903 612 4948 tum.
672 4895 748 4949 lta
793 4911 1010 4963 quoque
1063 4899 1411 4964 semetipsum
1469 4901 1721 4959 Christus
1786 4908 2069 4964 desursum

476 4987 786 5049 nominans,
818 5002 881 5039 ex
910 4984 1085 5039 Pall'iS
1110 4987 1410 5043 substantia
1434 5007 1493 5047 se
1513 4996 1781 5052 exsistere
1809 5000 2068 5057 declarat.

550 5074 711 5131 Vens.
752 5075 804 5130 5.
871 5094 889 5127 ι
924 5075 1222 5144 Respondit
1253 5078 1452 5139 Jesus:
1515 5089 1713 5153 Amen,
1743 5107 1901 5146 amen
1949 5094 2071 5148 dit-o

478 5166 597 5233 tibi,
657 5169 759 5223 nisi
817 5168 938 5237 quis
984 5182 1202 5228 renatus
1248 5172 1408 5230 fuerit
1448 5193 1514 5233 ετ
1564 5195 1705 5249 aqua
1760 5193 1814 5237 et
1863 5184 2069 5254 Spiritu

478 5272 689 5326 sancto,
730 5274 836 5314 non
869 5270 1045 5332 potest
1076 5263 1304 5323 introire
1327 5268 1379 5321 in
1420 5286 1644 5341 regnum
1678 5272 1792 5327 Dei.
1824 5294 1843 5327 ι

545 5352 699 5419 Aqua
731 5353 946 5421 quidem
985 5371 1183 5425 corpus
1227 5362 1509 5427 cmundat,
1563 5368 1656 5419 sed
1711 5368 1949 5422 animum
1988 5366 2071 5422 iii-

481 5443 868 5512 aspectaliilem
900 5445 1134 5517 Spiritus
1166 5453 1487 5508 sanctiﬁcat.
1533 5455 1599 5509 Et
1645 5472 1781 5526 aqua
1829 5461 2073 5518 matricis

478 5533 600 5590 loco
644 5536 893 5605 sumitur,
954 5538 1191 5611 Spiritus
1236 5559 1370 5599 vero
1428 5549 1545 5602 vice
1612 5548 1705 5604 Dei
1770 5550 2069 5611 eii‘ectoris.

483 5627 639 5698 Aqua
674 5628 762 5683 illa
790 5645 907 5701 qua:
950 5649 1114 5690 sensu
1151 5638 1468 5708 percipitur,
1502 5641 1570 5695 ad
1606 5642 1844 5698 divinam
1877 5661 2071 5716 quam-

485 5719 610 5776 dam
642 5722 893 5780 virtutem
928 5726 1197 5796 eievatur,
1247 5744 1547 5801 omnesque
1598 5750 1734 5803 quos
1786 5739 2077 5809 contigerit

489 5814 818 5884 sanctiﬁcat,
847 5828 1033 5888 utpote
1053 5818 1174 5876 solo
1202 5831 1496 5878 connotato
1524 5841 1554 5879 a
1589 5824 1796 5898 Spiritu
1830 5829 2071 5896 diversa,

468 5912 609 5959 ’cum
643 5907 715 5965 sit
741 5910 926 5965 eadem
964 5912 1303 5983 operatione.
1343 5916 1495 5985 Aqua
1531 5934 1744 5990 quoque
1776 5923 2077 5992 sepultura:

2178 4738 2336 4789 νησιν
2366 4720 2644 4791 σημαίνει,
2674 4721 2769 4772 καὶ
2802 4718 3074 4772 δείκνυσιν
3107 4718 3189 4771 ὄτι
3217 4719 3279 4769 ὲκ
3311 4716 3409 4786 τῆς
3444 4714 3633 4774 οὐσίας
3662 4710 3780 4764 ἐστὶ

2178 4813 2272 4866 τοῦ
2307 4814 2520 4884 Πατρὶς
2542 4813 2601 4866 τὸ
2630 4814 2875 4882 Πνεῦμα.
2906 4811 3061 4864 Οὕτω
3087 4810 3194 4882 γὰρ
3229 4809 3323 4863 καὶ
3352 4805 3546 4861 ἑαυτὸν
3573 4803 3778 4859 ἄνωθεν

2179 4904 2474 4975 ὀνομάσας,
2517 4907 2579 4958 ἐκ
2609 4906 2704 4975 τῆς
2740 4904 2927 4966 οὐσίας
2962 4905 3091 4956 ὄντα
3120 4901 3215 4954 τοῦ
3251 4897 3467 4971 Ila-:96;
3499 4894 3775 4968 σημαίνει.

2256 5100 2275 5135 ι
2321 5081 2625 5153 Ἀπεκρίθη
2649 5085 2676 5135 ὁ
2718 5080 2942 5151 Ἰησοῦς·
2988 5081 3180 5150 Ἀμὴν,
3208 5079 3353 5150 ἀμὴν
3373 5076 3520 5144 λέγω
3547 5092 3651 5137 σοι,
3682 5072 3777 5128 ἐὰν

2182 5178 2258 5248 μή
2292 5194 2378 5240 τις
2406 5176 2639 5246 γεννηθῇ
2669 5174 2727 5240 ἐξ
2752 5174 2949 5237 ὕδατος
2970 5176 3058 5227 καὶ
3090 5172 3431 5262 Πνεύμῧος,
3462 5169 3523 5224 οὐ
3553 5167 3778 5222 δύναται

2180 5269 2440 5321 εἰσελθεῖν
2477 5270 2555 5330 εἰς
2584 5268 2681 5340 τὴν
2718 5266 3000 5338 βασιλείαν
3034 5264 3129 5318 τοῦ
3161 5264 3319 5317 Θεοῦ.
3362 5282 3379 5315 ι

2253 5362 2326 5414 T6
2352 5362 2497 5432 ὕδωρ
2530 5360 2816 5432 καθαρίζει
2856 5359 2918 5415 τὸ
2955 5359 3113 5431 σῶμα
3135 5399 3149 5422 ,
3185 5359 3280 5412 καὶ
3316 5355 3377 5409 τὸ
3408 5351 3636 5425 Πνεῦμα
3675 5350 3773 5425 τὴν

2182 5458 2414 5526 ἀόρατον
2460 5456 2678 5526 ἁγιάζει
2728 5455 2930 5527 ψυχήν.
2982 5453 3057 5507 T6
3101 5452 3248 5523 ὕδωρ
3292 5452 3349 5504 ὲν
3382 5449 3533 5517 τάξει
3572 5446 3776 5519 μητρὸς

2181 5551 2559 5623 λαμϐάνεται,
2585 5553 2646 5606 τὸ
2680 5550 2738 5604 δὲ
2772 5548 3000 5619 Πνεῦμα
3036 5548 3093 5599 ἐν
3120 5544 3271 5609 τάξει
3303 5543 3397 5598 τοῦ
3427 5541 3778 5597 διαπλάττον-

2175 5661 2273 5708 τος
2303 5644 2461 5698 Θεοῦ.
2482 5643 2555 5697 Τὸ
2574 5641 2837 5713 αἰσθητὸν
2862 5641 3006 5711 ὕδωρ
3038 5638 3172 5710 πρὸς
3195 5638 3350 5691 θείαν
3375 5630 3775 5705 ἁναστοιχειοῦ-

2180 5755 2276 5792 ται
2303 5737 2533 5809 δύναμιν
2557 5776 2572 5801 ,
2608 5734 2703 5789 καὶ
2730 5733 2951 5803 ἁγιάζει
2979 5733 3106 5796 τοὺς
3136 5733 3193 5785 ὲν
3219 5727 3300 5793 οἷς
3326 5729 3393 5783 ἂν
3426 5729 3651 5797 γένηται
3669 5724 3775 5777 ’.τὸ

2187 5831 2332 5900 ὕδωρ
2366 5828 2580 5900 ἐπινοίᾳ
2611 5826 2774 5898 μόνον
2806 5824 3076 5897 διαφορὰν
3103 5823 3219 5894 ἔχει
3263 5823 3399 5892 πρὸς
3428 5820 3488 5875 τὸ
3527 5816 3771 5887 Πνεῦμα,

2187 5923 2313 5976 ἐπεὶ
2336 5920 2530 5977 ταύτόν
2562 5923 2676 5974 ἐστι
2703 5923 2769 5992 τῇ
2797 5920 3068 5991 ὲνεργείᾳ.
3094 5918 3168 5971 T6
3191 5916 3339 5987 ὕδωρ
3373 5910 3638 5985 σύμϐολόν
3660 5911 3772 5964 ἐστι
