4072 6396
544 230 674 295 till

541 347 734 402 Filium
790 361 944 402 suum
995 344 1334 415 unigenitum
1411 343 1606 399 daret:

541 439 714 493 credit
772 439 826 492 in
871 454 1018 504 eum,
1088 452 1195 491 non
1258 444 1471 502 pereat,
1536 436 1632 491 sed
1697 437 1896 494 habeat
1962 436 2129 491 vitam

541 539 823 586 sternam.
859 548 879 581 ι

615 624 808 678 Omnia
839 625 928 678 hic
947 625 1145 680 iterum
1171 629 1487 682 communia
1511 626 1641 681 facit
1665 667 1679 691 ,
1707 631 1830 692 post
1852 622 2132 688 unionem,

547 715 747 768 nullam
775 730 1078 785 agnoscens
1101 717 1446 773 divisionem.
1469 716 1647 772 Carne
1669 713 1938 783 siquidem
1969 712 2132 767 morti

545 810 788 874 exposita
821 821 918 876 pro
952 809 1138 862 seculi
1168 810 1302 874 vita,
1340 810 1571 878 ipsemet
1613 807 1785 862 Filius
1821 804 1982 860 morti
2017 814 2132 858 tra-

545 899 690 951 ditus
740 897 959 963 dicitur,
1015 901 1266 969 quamvis
1321 910 1381 954 ut
1430 901 1573 954 Deus
1623 897 1894 968 passionis
1939 909 2135 963 expers

543 992 929 1056 permanserit,
980 991 1093 1045 sola
1129 1006 1321 1056 carne,
1367 1005 1489 1060 qua:
1536 991 1636 1059 ipsi
1682 987 1901 1059 propria
1954 995 2132 1050 erant,

544 1082 866 1145 sustinente,
907 1087 1124 1152 quando
1155 1085 1410 1138 nimirum
1443 1094 1498 1139 et
1525 1092 1789 1155 quantum
1823 1080 2036 1136 volebat
2070 1094 2135 1133 ac

547 1177 893 1243 permittebat
930 1175 1094 1232 Deus.

617 1268 804 1320 Ariani
863 1269 1066 1323 idcirco
1119 1269 1296 1333 aiunt,
1328 1269 1513 1324 vocari
1549 1267 1744 1322 Filium
1774 1267 2135 1337 unigenitum,

543 1359 685 1424 quod
719 1358 867 1413 solus
907 1376 975 1414 ex
1028 1361 1136 1414 Deo
1187 1372 1346 1414 natus
1391 1365 1484 1416 sit.
1538 1359 1791 1426 Ad'quos
1824 1356 2132 1418 dicendum,

544 1450 712 1503 solem
751 1452 914 1504 etiam
961 1469 988 1505 a
1023 1453 1344 1522 quibusdam
1397 1452 1734 1521 unigenitum
1767 1450 1973 1514 vocari,
2008 1447 2134 1517 quia

544 1541 690 1596 solus
721 1552 844 1608 est;
884 1560 1230 1615 nequaquam
1271 1555 1455 1598 tamen
1494 1544 1637 1598 tilius
1669 1551 1775 1597 est.

1671 231 2008 293 ΑΜΜΟΝΙΙ
2048 230 2351 292 ALEXAN
2361 227 2588 291 DRlNI

1684 355 1746 400 ut
1798 345 1978 399 omnis
2037 342 2127 412 qui
2159 350 2210 407 Α
2235 343 2327 397 τὸν
2359 343 2488 397 Υίὸν
2518 340 2687 398 αὐτοῦ
2717 341 2808 395 τὸν
2846 344 3114 413 μονογενῆ
3143 343 3364 397 ἔδωκεν·
3401 342 3490 395 ἵνα
3529 343 3640 408 πᾶς
3678 345 3708 398 ό
3742 362 3838 400 πι-

3688 230 3834 297 1412

2239 434 2445 488 στεύων
2495 435 2576 498 είς
2628 432 2820 499 αὑτὸν,
2883 432 2958 504 μὴ
2997 435 3301 506 ἀπόληται,
3357 433 3474 488 ἀλλ’
3534 435 3634 507 ἔχῃ
3681 435 3837 510 ζωὴν

2235 524 2474 580 αἰώνιον.
2511 545 2531 578 ι

2306 611 2435 670 Ὧδε
2463 617 2627 673 πάλιν
2658 622 2955 672 κοινοποιεῖ
2978 616 3040 671 τὸ
3073 619 3202 682 πᾶν,
3235 618 3337 671 ούκ
3365 618 3520 683 εἰδὼς
3549 621 3834 692 χωρισμὸν

2239 708 2380 778 μετὰ
2407 708 2504 780 τὴν
2537 710 2756 764 ἕνωσιν·
2781 711 2881 782 τῆς
2911 711 3021 781 γὰρ
3053 711 3256 782 σαρκὸς
3281 709 3537 782 τεθείσης
3566 712 3706 782 ὑπὲρ
3729 712 3835 783 τῆς

2235 799 2329 855 τοῦ
2360 800 2572 872 κόσμου
2605 800 2752 872 ζωῆς
2772 843 2787 868 ,
2823 804 2919 856 καὶ
2947 802 3195 873 δοθείσης
3225 804 3305 867 είς
3335 802 3598 870 θάνατον,
3633 805 3662 857 6
3705 806 3835 868 Υἱὸς

2236 891 2456 961 λέγεται
2507 891 2754 948 δεδόσθαι
2796 895 2876 958 εἰς
2923 895 3015 948 τὸν
3061 894 3317 962 θάνατον,
3361 895 3568 967 καίπερ
3611 897 3833 968 ἀπαθὴς

2239 984 2430 1054 μείνας
2451 984 2527 1048 ὠς
2557 985 2711 1049 Θεὸς,
2745 986 2844 1057 τῆς
2873 986 3040 1040 αὐτοῦ
3071 987 3243 1058 μόνης
3272 989 3594 1058 πασχούσης
3621 988 3689 1043 τὰ
3723 989 3834 1043 ἴδια

2237 1077 2462 1148 σαρκὸς,
2499 1077 2588 1130 ὅτε
2621 1079 2922 1150 συνεχώρει
2956 1081 3052 1134 καὶ
3087 1080 3305 1150 ήθελεν.
3350 1078 3574 1154 [Clum]

2308 1257 2372 1310 Oi
2431 1256 2700 1328 Ἀρειανοὶ
2741 1256 2992 1326 λέγουσιν
3015 1297 3030 1322 ,
3081 1259 3165 1312 ὅτι
3197 1257 3286 1311 διὰ
3325 1257 3484 1312 τοῦτο
3519 1257 3766 1311 καλεῖται
3805 1260 3834 1311 6

2239 1347 2366 1412 Υἱὸς
2408 1349 2723 1420 μονογενὴς,
2760 1350 2842 1402 ὅτι
2885 1351 3044 1421 μόνος
3068 1351 3132 1403 ἐκ
3161 1349 3298 1404 Θεοῦ
3330 1351 3544 1418 γέγονε·
3574 1351 3709 1422 πρὸς
3733 1352 3833 1414 οὓς

2237 1440 2493 1504 λεκτέον,
2524 1443 2606 1494 ὅτι
2641 1443 2736 1494 καὶ
2777 1442 2869 1495 τὸν
2910 1442 3062 1513 ἥλιόν
3103 1461 3251 1506 τινες
3281 1442 3504 1512 λέγουσι
3538 1445 3828 1514 μονογενῆ,

2239 1533 2375 1586 καθὸ
2412 1534 2564 1604 ἥλιος
2586 1533 2746 1606 μόνος
2771 1536 2918 1590 ἐστίν
2938 1555 2953 1570 ο
2995 1536 3113 1590 ἀλλ’
3139 1537 3324 1590 οὐκέτι
3355 1539 3448 1589 καὶ
3479 1537 3606 1601 Υἱός
3649 1539 3821 1591 ἐστιν.

2241 1624 2478 1698 [ante]

616 1724 672 1779 Si
719 1727 973 1782 Christus
1022 1727 1265 1782 venisset
1297 1736 1354 1780 ut
1385 1726 1646 1780 mundum
1677 1721 1972 1790 iudicaret,
2013 1735 2129 1776 om-

2243 1687 2264 1698 -
2312 1721 2375 1773 Ei
2409 1687 2501 1773 ἐπὶ
2533 1721 2594 1774 τὸ
2622 1723 2808 1793 κρῖναι
2839 1721 2930 1774 τὸν
2966 1720 3174 1792 κόσμον
3208 1719 3460 1791 ἐληλύθει
3498 1722 3526 1774 6
3567 1721 3831 1791 Χριστὸς,

541 1834 642 1874 nes
674 1820 862 1888 utique
892 1820 1281 1874 condemnaret
1319 1836 1333 1872 :
1393 1819 1486 1873 sed
1538 1818 1808 1887 prazcipue
1854 1815 2024 1879 venit,
2076 1824 2136 1869 ut

545 1912 750 1966 salvum
785 1911 950 1965 faciat
979 1912 1258 1965 mundum.
1306 1909 1555 1964 [nfideles
1603 1920 1784 1962 autem
1843 1923 1938 1976 per
1982 1907 2131 1961 acci-

544 2005 677 2058 dens
705 2005 932 2070 jndicat.
973 2003 1089 2058 Non
1120 2005 1268 2058 venit
1300 2005 1443 2059 sicut
1476 2004 1563 2058 lex
1608 2000 1850 2056 Mosaica
1875 2009 1934 2055 ut
1970 2016 2131 2055 mun-

542 2096 668 2148 dum
691 2095 920 2162 judicet,
948 2096 1040 2149 sed
1070 2104 1126 2150 nt
1157 2095 1366 2149 salvum
1401 2093 1588 2148 faciat.

614 2187 774 2240 Vens.
806 2186 894 2240 18.
952 2186 1098 2253 ιριιὶ
1155 2187 1333 2241 credit
1374 2187 1427 2240 in
1479 2201 1627 2249 eum,
1665 2201 1770 2241 non
1813 2184 2128 2256 iudicatur:

541 2278 634 2347 qui
663 2287 840 2331 autem
891 2294 997 2332 non
1026 2278 1219 2343 credit,
1265 2279 1378 2348 jam
1419 2277 1693 2345 judicatus
1721 2288 1827 2341 est,
1869 2277 2132 2348 quianon

541 2367 719 2422 credit
757 2369 808 2421 in
839 2369 1060 2423 nomine
1093 2369 1353 2439 unigeniti
1379 2368 1500 2422 Filii
1533 2368 1650 2423 Dei.
1687 2387 1707 2421 ι

618 2460 923 2515 Universim
982 2462 1163 2531 itaque
1222 2462 1512 2516 tenendum
1589 2477 1830 2530 omnem,
1875 2465 1968 2534 qui
2023 2477 2128 2518 non

539 2552 712 2608 credit
759 2554 811 2606 in
863 2553 1171 2617 Christum,
1223 2555 1666 2618 condemnatum,
1718 2555 1984 2625 supplicio
2016 2566 2131 2610 tra-

543 2644 781 2697 dendum
809 2658 950 2697 esse.
985 2643 1074 2696 Isti
1113 2645 1275 2713 igitur
1313 2659 1656 2714 nequaquam
1683 2645 1734 2699 in
1757 2645 2020 2713 judicium
2046 2646 2133 2701 ad-

543 2735 795 2798 ducendi,
825 2743 1007 2804 utpote
1041 2733 1153 2802 jam
1190 2736 1562 2790 condemnati.
1607 2735 1752 2790 Idem
1801 2738 1868 2792 de
1917 2737 2132 2793 diabolo

543 2826 925 2883 sentiendum:
969 2828 1223 2896 quoniam
1289 2829 1548 2898 princeps
1592 2829 1750 2898 hujus
1787 2829 1971 2884 Inundi
2017 2829 2128 2899 jam

542 2921 832 2972 damnatus
896 2929 1002 2982 est,
1060 2934 1164 2973 non
1221 2920 1396 2974 solmu
1443 2922 1587 2989 quod
1646 2936 1752 2974 non
1811 2923 2128 2989 crediderit,

2237 1813 2448 1876 πάντας
2470 1813 2817 1885 κατέκρινεν⁸
2842 1813 2981 1867 ἀλλὰ
3006 1813 3438 1883 προηγουμένως
3458 1808 3622 1884 ἦλθεν
3651 1815 3744 1866 ἐπὶ
3771 1815 3834 1868 τὸ

2237 1905 2410 1958 σῶσαι
2449 1906 2544 1958 τὸν
2583 1907 2809 1977 κόσμον.
2856 1907 3052 1977 Κρίνει
3096 1906 3154 1959 δέ
3204 1906 3349 1958 κατὰ
3384 1905 3445 1958 τὸ
3479 1906 3834 1977 συμϐεϐηκὸς

2233 1997 2361 2059 τοὺς
2395 1997 2829 2069 ἁπιστήσαντας.
2859 1999 2973 2067 Οὐχ
3004 1998 3080 2060 ὡς
3107 1997 3136 2050 6
3170 1997 3454 2059 Μωῦσέως
3492 1997 3655 2067 νόμος
3695 1993 3834 2070 ἦλθε

2234 2091 2563 2158 κατακρίναι
2594 2090 2688 2143 τὸν
2716 2090 2948 2159 κόσμον.
2970 2089 3108 2143 ἀλλὰ
3146 2089 3346 2141 σῶσαι.
3381 2087 3611 2161 [ωιλαμ]

2312 2199 2331 2233 ι
2397 2181 2456 2235 'U
2504 2181 2777 2236 πιστεύων
2821 2184 2900 2244 είς
2937 2183 3134 2250 αὑτὸν,
3171 2183 3234 2235 οὐ
3271 2183 3539 2254 κρίνεται·
3576 2185 3605 2236 6
3649 2183 3708 2236 δέ
3751 2184 3836 2255 μὴ

2236 2273 2533 2338 πιστεύων,
2563 2274 2667 2344 ἥδη
2711 2275 2989 2347 κέκριται,
3025 2276 3107 2328 ὅτι
3144 2274 3219 2344 μὴ
3251 2274 3620 2328 πεπίστευκεν
3647 2277 3727 2339 εἰς
3771 2277 3836 2330 τὸ

2232 2366 2405 2436 ὄνομα
2430 2365 2524 2419 τοῦ
2559 2367 2884 2436 μονογενοῦς
2919 2367 3048 2420 Υἱοῦ
3086 2367 3180 2420 τοῦ
3207 2366 3364 2421 Θεοῦ.
3407 2387 3425 2419 ι

2305 2461 2648 2530 Σημειωτέον
2679 2455 2772 2514 οῦν
2807 2459 3058 2530 [Cramer
3085 2459 3190 2529 ὅτι]
3209 2458 3539 2524 καθολικῶς,
3573 2461 3682 2522 πᾶς
3704 2461 3732 2512 6
3753 2460 3834 2531 μὴ

2233 2552 2512 2606 πιστεύων
2533 2555 2610 2616 είς
2632 2552 2724 2605 τὸν
2747 2552 2985 2623 Χριστὸν
3006 2552 3338 2623 κατάκριτός
3363 2553 3484 2604 ἐστι
3507 2554 3572 2622 τῇ
3602 2552 3835 2605 κολάσει

2233 2644 2728 2715 ἁποδοθησόμενος.
2766 2643 2978 2698 Οὐκοῦν
3003 2643 3127 2697 οὔτε
3161 2645 3388 2711 ἄγονται
3423 2638 3572 2697 οῦτοι
3598 2645 3678 2706 εἰς
3705 2645 3834 2712 κρί-

2235 2754 2341 2801 σιν,
2377 2736 2452 2798 ὼς
2488 2735 2588 2805 ήδη
2625 2734 3074 2804 κατακριθέντες,
3119 2734 3278 2788 Οὕτω
3319 2735 3414 2787 καὶ
3440 2734 3537 2787 ἐπὶ
3573 2734 3665 2787 τοῦ
3708 2735 3834 2786 δια-

2233 2827 2393 2880 ϐόλου
2420 2824 2658 2896 νοητέον·
2693 2825 2777 2877 ὃτι
2804 2825 2831 2877 6
2852 2824 3038 2895 άρχων
3061 2824 3154 2877 τοῦ
3181 2825 3386 2894 κόσμου
3417 2823 3608 2878 τούτου
3634 2826 3834 2893 κέκρι-

2232 2935 2359 2982 ται,
2391 2917 2452 2970 ού
2489 2918 2650 2987 μόνον
2681 2917 2765 2970 ὅτι
2803 2909 2959 2980 οὗτος
3009 2917 3111 2971 ούκ
3153 2917 3480 2969 ἐπίστευσεν
3503 2958 3516 2980 ,
3550 2917 3681 2970 ἀλλὰ
3724 2919 3819 2967 καὶ

543 3019 728 3058 verum
772 3006 936 3060 etiam
999 3007 1291 3076 ipsummet
1341 3007 1627 3062 Dominum
1681 3012 1921 3076 tentarit,
1969 3023 2025 3067 et
2076 3015 2128 3067 in

2239 3011 2498 3082 ἐπείρασε
2531 3010 2626 3063 τὸν
2662 3011 2906 3081 Κύριον,
2947 3011 3041 3063 καὶ
3072 3012 3153 3074 εἰς
3185 3010 3278 3063 τὸν
3321 3010 3522 3064 Ἰούδαν
3545 3009 3811 3076 είήλθεν,

540 3094 733 3150 Judam
768 3098 1047 3166 ingressus
1083 3100 1178 3166 sit,
1220 3109 1278 3152 ut
1307 3114 1429 3153 eum
1461 3102 1618 3154 morti
1657 3104 1911 3157 traderet.

627 3207 645 3239 σ
677 3191 779 3255 Qui
815 3206 920 3243 non
961 3191 1132 3246 credit
1167 3191 1279 3262 jam
1304 3192 1583 3262 judicatus
1615 3203 1720 3250 est.
1760 3214 1778 3246 ι
1807 3194 2130 3261 Quomodo?

539 3283 669 3352 quia
718 3283 832 3352 ipsa
877 3284 1170 3338 inlidelitas
1203 3285 1413 3353 punitio
1462 3296 1568 3340 est.
1620 3287 1753 3342 Esse
1794 3289 1940 3342 enim
1975 3301 2130 3344 extra

542 3373 716 3426 lucem
749 3374 1040 3426 maximam
1077 3375 1238 3428 habet
1267 3388 1487 3441 pmnam
1509 3414 1522 3438 ,
1558 3375 1641 3429 vel
1667 3374 1850 3430 futura
1877 3390 2130 3444 praenun-

543 3467 661 3520 tiat.
710 3466 1176 3532 Quemadmodum
1225 3467 1429 3521 etenim
1487 3468 1578 3535 qui
1625 3469 1861 3539 aliquem
1903 3471 2126 3535 occidit,

541 3556 646 3610 etsi
679 3556 823 3610 nulla
865 3557 1067 3624 iudicis
1097 3559 1367 3611 sententia
1405 3559 1800 3615 condemnatus
1829 3561 2012 3624 fuerit,
2044 3560 2127 3614 fa-

542 3647 726 3702 cinore
784 3649 904 3718 ipso
951 3649 1060 3717 jam
1117 3649 1550 3716 condemnatur,
1615 3652 1698 3706 sic
1755 3661 1810 3706 et
1865 3653 2124 3708 infidelis.

538 3739 779 3795 Adamus
813 3755 919 3810 qua
962 3741 1052 3794 die
1075 3739 1142 3793 de
1172 3739 1316 3810 ligno
1350 3743 1608 3805 comedit,
1652 3754 1896 3798 mortuus
1933 3757 2040 3808 esu
2074 3755 2129 3798 et

539 3833 791 3901 quamvis
835 3833 1014 3886 adhuc
1060 3833 1168 3887 vita
1203 3833 1496 3902 frueretur,
1533 3837 1800 3890 sententia
1852 3847 2033 3891 tamen
2071 3847 2128 3890 et

539 3935 734 3980 natura
765 3926 841 3980 rei
868 3935 989 3979 erat
1020 3939 1285 3980 mortuus.
1319 3925 1546 3982 Omnem
1577 3927 1684 3982 illis
1715 3929 1853 3982 tollit
1887 3943 2125 3983 excusa-

541 4019 744 4074 tionem
783 4019 1012 4074 dicens:
1045 4019 1183 4085 Quia
1233 4021 1326 4075 tua:
1354 4023 1490 4074 venit
1537 4022 1592 4073 in
1645 4024 1922 4086 mundum,
1973 4032 2018 4074 et
2044 4022 2126 4074 di-

537 4109 777 4164 lexerunt
813 4109 1042 4164 homines
1071 4113 1238 4182 magis
1266 4113 1507 4166 tenebras
1535 4128 1694 4181 quam
1729 4111 1917 4166 lucem.
1952 4111 2122 4178 Quem

535 4205 682 4257 enim
726 4205 980 4258 misereat
1024 4205 1259 4261 nolentis
1299 4220 1329 4260 e
1375 4205 1614 4260 tenebris
1664 4206 1730 4260 ad
1768 4205 1941 4261 lucem
1995 4220 2123 4262 eve-

538 4297 691 4351 nire?

610 4389 774 4445 Vens.
805 4392 892 4446 l9.
945 4411 964 4444 ι
995 4392 1107 4446 Hoc
1140 4399 1223 4447 est
1266 4399 1446 4444 autem
1494 4388 1801 4458 judicium:
1851 4391 1978 4460 quia
2030 4393 2119 4448 lux
2159 4412 2200 4466 ι)

537 4486 685 4539 venit
717 4487 771 4539 in
805 4488 1084 4549 mundum,
1121 4495 1174 4537 et
1209 4482 1513 4536 dilexerunt
1551 4481 1800 4536 homines
1840 4484 2011 4554 magis
2044 4495 2122 4541 te-

536 4577 734 4632 nebras
791 4593 952 4647 quam
1006 4578 1182 4629 lucem
1242 4592 1256 4627 :
1315 4582 1474 4626 erant
1527 4573 1672 4626 euint
1733 4588 1921 4630 eorum
1979 4579 2121 4634 mala

535 4684 722 4739 opera.
757 4685 776 4719 ι

609 4761 723 4816 Lux
760 4771 953 4829 sponte
992 4772 1090 4813 sua
1145 4757 1313 4823 venit,
1363 4766 1423 4811 ut
1479 4758 1598 4814 sine
1654 4759 1837 4816 labore
1893 4763 2122 4832 reperiri

537 4853 694 4908 facile
743 4854 997 4921 potuerit.
1054 4850 1235 4917 Quare
1294 4851 1441 4905 omni
1494 4861 1685 4907 carent
1742 4858 2116 4922 excusatione,

537 4951 802 5015 quotquot
828 4958 936 5012 prae
969 4942 1089 4995 luce
1112 4943 1362 4998 tenebras
1387 4953 1679 5009 amarunt;
1709 4945 1976 5015 siquidem
2010 4961 2116 5000 non

538 5053 601 5090 ex
635 5034 935 5107 ignorantia
962 5034 1167 5090 Christi
1195 5037 1352 5092 tidem
1386 5047 1672 5108 respuunt,
1707 5039 1802 5094 sed
1835 5039 1959 5107 quia
1991 5053 2117 5107 per-

539 5144 695 5184 verse
721 5140 883 5195 agere
909 5135 1239 5195 statuerunt,
1271 5130 1416 5200 quod
1456 5129 1659 5184 Christi
1700 5130 1983 5198 disciplina
2023 5130 2125 5184 mi—

540 5222 687 5274 nime
715 5217 997 5290 permittit.
1029 5220 1166 5275 Cum
1224 5221 1389 5292 igitur
1443 5235 1538 5278 eos
1585 5237 1692 5277 non
1729 5222 1969 5292 potuisse
1997 5238 2122 5278 cre-

539 5313 666 5367 dere
696 5310 1078 5377 audiverimus,
1133 5313 1554 5384 haudquaquam
1613 5323 1821 5369 natura:
1878 5314 2124 5370 defectus

539 5404 757 5474 aliquis,
807 5417 899 5461 aut
949 5406 1267 5480 impotentia
1296 5407 1583 5476 cogitanda
1613 5417 1721 5473 est,
1759 5408 1853 5464 sed
1907 5409 2126 5480 ipsimet

2239 3105 2327 3160 ῖνα
2361 3103 2589 3174 παραδῷ
2616 3103 2781 3157 αὐτὸν
2811 3104 2891 3166 είς
2925 3103 3176 3158 θάνατον.

2283 3212 2331 3247 ἰ
2361 3195 2420 3249 'O
2444 3195 2500 3248 δέ
2531 3196 2607 3267 μὴ
2639 3194 2911 3250 πιστεύων
2946 3195 3047 3266 ήδη
3077 3195 3353 3267 κέκριται.
3389 3213 3407 3246 ι
3433 3194 3506 3266 (ι)
3539 3193 3698 3258 Πῶς;
3736 3195 3829 3249 ὅτι

2236 3285 2371 3340 αὐτὸ
2390 3286 2450 3338 τὸ
2475 3285 2728 3338 ἀπιστεῖν
2753 3285 2976 3348 κόλασίς
2997 3286 3136 3337 ἐστι·
3159 3285 3223 3338 τὸ
3249 3285 3358 3356 γὰρ
3383 3285 3538 3346 ἐκτὸς
3559 3279 3697 3336 εἶναι
3726 3283 3830 3336 τοῦ

2237 3377 2436 3447 φωτὸς,
2468 3378 2562 3430 καὶ
2596 3376 2739 3430 κατὰ
2767 3376 2927 3430 τοῦτο
2959 3376 3225 3447 μεγίστην
3257 3375 3372 3446 ἔχει
3398 3377 3499 3447 τὴν
3525 3376 3830 3446 τιμωρίαν·

2235 3470 2269 3540 ἦ
2299 3470 2355 3522 τὸ
2385 3470 2580 3540 μέλλον
2611 3471 3016 3541 προαναφωνεί¹
3048 3469 3302 3539 καθάπερ
3331 3469 3444 3540 γὰρ
3468 3469 3498 3520 6
3534 3468 3830 3538 φονεύσας,

2235 3562 2340 3615 κᾶν
2377 3561 2452 3633 μὴ
2483 3564 2548 3633 τῇ
2579 3562 2746 3632 ψήφῳ
2771 3563 2867 3615 τοῦ
2898 3563 3178 3634 κρίνοντος
3205 3561 3600 3632 καταδικασθῇ,
3635 3565 3701 3632 τῇ
3729 3562 3829 3614 τοῦ

2235 3658 2564 3727 πράγματος
2637 3656 3095 3711 καταδεδίκασται
3167 3657 3364 3726 φύσει,
3432 3655 3576 3709 οὕτω
3645 3656 3743 3712 καὶ
3803 3659 3836 3708 ὁ

2234 3749 2484 3814 ἄπιστος.
2519 3752 2630 3804 Καὶ
2667 3753 2696 3804 6
2741 3749 2913 3822 Ἀδὰμ
2945 3752 3003 3805 δέ
3111 3753 3297 3824 ἡμέρᾳ⁵
3338 3750 3542 3821 ἔφαγεν
3573 3750 3681 3803 ἀπὸ
3731 3751 3833 3803 τοῦ

2233 3842 2426 3908 ξύλου,
2474 3842 2736 3910 ἀπέθανε,
2769 3844 2946 3896 καίτοι
2986 3861 3050 3913 γε
3101 3844 3222 3914 ἔζη,
3270 3844 3406 3898 ἀλλὰ
3445 3846 3511 3914 τῇ
3549 3844 3835 3913 ἀποφάσει

2234 3934 2328 3987 καὶ
2374 3935 2442 4004 τῇ
2476 3933 2571 3986 τοῦ
2609 3936 2937 4006 πράγματος
2973 3935 3132 4004 φύσει
3182 3936 3463 4007 τεθνηκὼς
3510 3933 3602 4008 ἦν.
3658 3938 3832 3990 Ἀπο-

2235 4029 2419 4097 στερεί
2435 4027 2492 4079 δὲ
2515 4027 2716 4090 αὐτοὺς
2742 4029 2835 4081 καὶ
2856 4028 3159 4096 ἀπολογίας
3181 4029 3362 4099 πάσης
3385 4029 3474 4082 διὰ
3500 4028 3592 4082 τοῦ
3621 4031 3826 4095 εἰπεῖν,

2234 4120 2365 4173 ’Ὅτι
2394 4117 2546 4190 ἦλθε
2569 4121 2634 4174 τὸ
2665 4120 2793 4190 φῶς
2823 4124 2912 4188 εὶς
2940 4123 3048 4176 τὸν
3079 4125 3332 4194 κόσμον,
3357 4125 3456 4177 καί
3489 4123 3825 4194 ἠγάπησαν

2231 4217 2285 4268 oi
2309 4213 2606 4281 ἅνθρωποι
2627 4213 2874 4284 μᾶλλον
2899 4215 2964 4268 τὸ
2991 4216 3336 4282 σκότος-,Τίς
3361 4216 3456 4270 οὖν
3477 4217 3569 4270 τὸν
3592 4216 3665 4288 μὴ
3693 4218 3826 4286 βου-

2231 4304 2460 4372 λόμενον
2486 4305 2594 4358 ἀπὸ
2623 4305 2849 4370 σκότους
2875 4307 3013 4376 φωτὶ
3043 4307 3369 4377 προσελθεῖν
3395 4309 3490 4374 ἄν;
3524 4308 3749 4381 [Cant]

2311 4415 2329 4448 ι
2372 4396 2522 4467 Αὕτη
2558 4397 2614 4450 δέ
2642 4399 2790 4451 ἐστιν
2819 4399 2853 4468 ἡ
2889 4397 3090 4469 κρίσις’
3122 4391 3201 4454 ὃτι
3230 4383 3294 4454 τὸ
3314 4402 3430 4470 φῶς
3457 4402 3720 4473 ἐλήλυθεν
3742 4405 3824 4467 είς

2225 4489 2316 4540 τὸν
2355 4487 2592 4557 κόσμον,
2629 4489 2725 4540 καὶ
2763 4489 3064 4559 ἠγάπησαν
3111 4492 3158 4543 οἱ
3197 4491 3478 4562 ἄνθρωποι
3522 4494 3724 4564 μᾶλλον
3761 4497 3823 4548 τὸ

2229 4579 2439 4644 σκότος,
2476 4580 2510 4649 ἢ
2545 4579 2605 4633 τὸ
2643 4579 2778 4650 φῶς·
2813 4576 2881 4651 ἦν
2903 4581 3014 4652 γὰρ
3045 4584 3260 4654 πονηρὲ.
3282 4585 3462 4639 αὐτῶν
3490 4585 3557 4638 τά
3591 4587 3754 4656 ἔργα.
3795 4605 3816 4638 ι

2299 4759 2372 4813 Τὸ
2403 4760 2518 4830 φῶς
2550 4763 2643 4830 ἀφ’
2671 4761 2865 4815 ἐαυτοῦ
2893 4757 3077 4832 ἦλθεν,
3113 4763 3346 4834 μηδενὸς
3377 4767 3719 4836 πονήσαντος
3742 4768 3826 4830 εἰς

2223 4851 2287 4904 τὸ
2325 4851 2509 4921 εύρεῖν
2545 4854 2698 4908 αὐτό.
2759 4855 3187 4926 Ἀναπολόγητοι
3243 4856 3339 4909 οῦν
3383 4859 3524 4912 εἰσιν
3575 4861 3624 4911 οί
3677 4862 3820 4928 αγα-

2227 4943 2505 5013 πήσαντες
2533 4943 2593 4996 τὸ
2625 4944 2817 5008 σκότος
2847 4946 2987 5017 ὑπὲρ
3014 4946 3075 4999 τὸ
3106 4947 3242 5015 φῶς·
3273 4948 3336 5001 ού
3361 4949 3470 5020 γὰρ
3498 4949 3564 5002 δι’
3592 4951 3822 5018 ἄγνοιαν

2224 5035 2286 5088 ού
2315 5035 2634 5090 πιστεύουσι
2661 5037 2739 5107 τῷ
2766 5039 3024 5109 Χριστῷ,
3054 5039 3192 5094 ἀλλὰ
3218 5040 3310 5093 διὰ
3337 5042 3400 5094 τὸ
3430 5043 3608 5097 θέλειν
3637 5043 3823 5111 φαῦλα

2226 5126 2519 5196 πράσσειν,
2550 5125 2696 5198 άπερ
2720 5130 2753 5198 ή
2785 5129 2880 5182 τοῦ
2908 5130 3148 5200 Χριστοῦ
3175 5131 3500 5186 διδασκαλία
3529 5135 3590 5187 ού
3633 5151 3822 5204 παρα-

2224 5217 2458 5288 δέχεται.
2505 5220 2678 5274 Ὅταν
2733 5216 2828 5275 οὖν
2875 5223 3238 5293 ἀκούσωμεν,
3277 5223 3363 5276 ὅτι
3407 5226 3506 5278 ούκ
3553 5227 3824 5295 ἠδύναντο

2224 5313 2527 5377 πιστεύειν,
2568 5315 2644 5385 μὴ
2675 5315 2895 5384 φύσεως
2925 5318 3272 5387 ἐννοήσωμεν
3305 5317 3560 5388 δύναμιν,
3593 5320 3626 5389 ἦ
3655 5319 3821 5374 ἄλλου

2225 5409 2372 5472 τινὸς
2405 5410 2790 5482 ἐπικράτειαν,
2820 5408 2959 5465 ἀλλὰ
2991 5411 3052 5464 τὸ
3081 5412 3214 5466 αὐτὸ
3242 5412 3502 5466 δέσποτον
3533 5413 3819 5484 λογισμὸν,

632 5581 692 5666 ii
739 5581 870 5650 Qum
913 5595 1213 5657 sequuntur
1283 5583 1406 5640 cod.
1455 5583 1611 5641 Bodl.
1669 5583 2065 5656 Chrysostomo
2112 5583 2342 5657 tribuit,
2388 5590 2484 5646 sed
2574 5607 2682 5647 non
2741 5591 3049 5650 invenimus
3093 5593 3145 5649 in
3183 5595 3323 5666 Opp.
3370 5595 3657 5666 Chrysost.
3704 5594 3821 5665 jam

539 5649 722 5710 editis.
