  <div class='ocr_page' id='page_1' title='image "/cluster/home/n/w/nwhite01/storage/ocr_20150623/85/coo.31924054869866/714.png"; bbox 0 0 4072 6418; ppageno 0'>
   <div class='ocr_carea' id='block_1_1' title="bbox 381 275 518 342">
    <p class='ocr_par' dir='ltr' id='par_1_1' title="bbox 381 275 518 342">
     <span class='ocr_line' id='line_1_1' title="bbox 381 275 518 342; baseline 0.015 -2"><span class='ocrx_word' id='word_1_1' title='bbox 381 275 518 342; x_wconf 64' lang='lat' dir='ltr'><strong>1hl3</strong></span> 
     </span>
    </p>
   </div>
   <div class='ocr_carea' id='block_1_2' title="bbox 1729 280 2337 346">
    <p class='ocr_par' dir='ltr' id='par_1_2' title="bbox 1729 280 2337 346">
     <span class='ocr_line' id='line_1_2' title="bbox 1729 280 2337 346; baseline 0.007 -5"><span class='ocrx_word' id='word_1_2' title='bbox 1729 280 1811 342; x_wconf 88' lang='lat' dir='ltr'><strong>IN</strong></span> <span class='ocrx_word' id='word_1_3' title='bbox 1851 281 1913 342; x_wconf 93' lang='lat' dir='ltr'><strong>S.</strong></span> <span class='ocrx_word' id='word_1_4' title='bbox 1959 282 2337 346; x_wconf 79' lang='lat' dir='ltr'><strong>JOANNEM.</strong></span> 
     </span>
    </p>
   </div>
   <div class='ocr_carea' id='block_1_3' title="bbox 3519 286 3657 351">
    <p class='ocr_par' dir='ltr' id='par_1_3' title="bbox 3519 286 3657 351">
     <span class='ocr_line' id='line_1_3' title="bbox 3519 286 3657 351; baseline 0 0"><span class='ocrx_word' id='word_1_5' title='bbox 3519 286 3657 351; x_wconf 72' lang='grc'><strong>1414</strong></span> 
     </span>
    </p>
   </div>
   <div class='ocr_carea' id='block_1_4' title="bbox 376 389 1957 470">
    <p class='ocr_par' dir='ltr' id='par_1_4' title="bbox 376 389 1957 463">
     <span class='ocr_line' id='line_1_4' title="bbox 376 389 1957 463; baseline 0.002 -22"><span class='ocrx_word' id='word_1_6' title='bbox 376 389 466 441; x_wconf 70' lang='grc' dir='ltr'>τὸν</span> <span class='ocrx_word' id='word_1_7' title='bbox 503 389 992 445; x_wconf 82' lang='grc' dir='ltr'>καταδουλώσαντα</span> <span class='ocrx_word' id='word_1_8' title='bbox 1024 391 1215 446; x_wconf 77' lang='grc' dir='ltr'>ἑαυτὸν</span> <span class='ocrx_word' id='word_1_9' title='bbox 1240 393 1350 458; x_wconf 75' lang='grc' dir='ltr'>τοῖς</span> <span class='ocrx_word' id='word_1_10' title='bbox 1403 390 1599 446; x_wconf 90' lang='grc' dir='ltr'>πάθεσι</span> <span class='ocrx_word' id='word_1_11' title='bbox 1641 393 1755 455; x_wconf 84' lang='grc' dir='ltr'>τοῖς</span> <span class='ocrx_word' id='word_1_12' title='bbox 1803 392 1957 463; x_wconf 84' lang='grc' dir='ltr'>άσέμ-</span> 
     </span>
    </p>
   </div>
   <div class='ocr_carea' id='block_1_5' title="bbox 2061 389 3650 470">
    <p class='ocr_par' dir='ltr' id='par_1_5' title="bbox 2074 395 3650 470">
     <span class='ocr_line' id='line_1_5' title="bbox 2074 395 3650 470; baseline 0.005 -23"><span class='ocrx_word' id='word_1_13' title='bbox 2074 395 2298 453; x_wconf 88' lang='lat' dir='ltr'><strong>arbitrio</strong></span> <span class='ocrx_word' id='word_1_14' title='bbox 2333 397 2561 454; x_wconf 78' lang='lat' dir='ltr'><strong>rationis</strong></span> <span class='ocrx_word' id='word_1_15' title='bbox 2613 397 3006 470; x_wconf 85' lang='lat' dir='ltr'><strong>imputandum,</strong></span> <span class='ocrx_word' id='word_1_16' title='bbox 3063 399 3206 468; x_wconf 88' lang='lat' dir='ltr'><strong>quod</strong></span> <span class='ocrx_word' id='word_1_17' title='bbox 3251 411 3372 453; x_wconf 87' lang='lat' dir='ltr'><strong>sesc</strong></span> <span class='ocrx_word' id='word_1_18' title='bbox 3403 401 3650 455; x_wconf 86' lang='lat' dir='ltr'><strong>servituti</strong></span> 
     </span>
    </p>
   </div>
   <div class='ocr_carea' id='block_1_6' title="bbox 377 482 1958 556">
    <p class='ocr_par' dir='ltr' id='par_1_6' title="bbox 377 482 1958 556">
     <span class='ocr_line' id='line_1_6' title="bbox 377 482 1958 556; baseline 0.001 -24"><span class='ocrx_word' id='word_1_19' title='bbox 377 497 510 544; x_wconf 83' lang='lat' dir='ltr'><strong>v0t;,</strong></span> <span class='ocrx_word' id='word_1_20' title='bbox 554 483 652 535; x_wconf 76' lang='grc' dir='ltr'><strong>καὶ</strong></span> <span class='ocrx_word' id='word_1_21' title='bbox 687 482 762 553; x_wconf 83' lang='grc' dir='ltr'>μὴ</span> <span class='ocrx_word' id='word_1_22' title='bbox 811 482 1035 538; x_wconf 79' lang='grc' dir='ltr'>θέλοντα</span> <span class='ocrx_word' id='word_1_23' title='bbox 1069 487 1170 556; x_wconf 85' lang='grc' dir='ltr'><strong>τῆς</strong></span> <span class='ocrx_word' id='word_1_24' title='bbox 1193 486 1464 556; x_wconf 82' lang='grc' dir='ltr'>κακίστης</span> <span class='ocrx_word' id='word_1_25' title='bbox 1495 483 1801 554; x_wconf 82' lang='grc' dir='ltr'>ἀποστῆναι</span> <span class='ocrx_word' id='word_1_26' title='bbox 1834 500 1958 536; x_wconf 84' lang='grc' dir='ltr'>συν-</span> 
     </span>
    </p>
   </div>
   <div class='ocr_carea' id='block_1_7' title="bbox 376 559 1961 646">
    <p class='ocr_par' dir='ltr' id='par_1_7' title="bbox 376 559 1961 646">
     <span class='ocr_line' id='line_1_7' title="bbox 376 559 1961 646; baseline 0.004 -26"><span class='ocrx_word' id='word_1_27' title='bbox 376 568 587 637; x_wconf 87' lang='grc' dir='ltr'>ηθείας.</span> <span class='ocrx_word' id='word_1_28' title='bbox 613 564 774 624; x_wconf 73' lang='grc' dir='ltr'>Οὗτοι</span> <span class='ocrx_word' id='word_1_29' title='bbox 791 559 910 644; x_wconf 44' lang='grc' dir='ltr'>’γὰρ</span> <span class='ocrx_word' id='word_1_30' title='bbox 940 572 1362 641; x_wconf 74' lang='grc' dir='ltr'><strong>ἐπιγινώσκωσι</strong></span> <span class='ocrx_word' id='word_1_31' title='bbox 1391 574 1451 628; x_wconf 83' lang='grc' dir='ltr'><strong>τὸ</strong></span> <span class='ocrx_word' id='word_1_32' title='bbox 1475 574 1613 644; x_wconf 87' lang='grc' dir='ltr'>φῶς,</span> <span class='ocrx_word' id='word_1_33' title='bbox 1645 574 1746 627; x_wconf 82' lang='grc' dir='ltr'>οὐκ</span> <span class='ocrx_word' id='word_1_34' title='bbox 1773 574 1961 646; x_wconf 69' lang='grc' dir='ltr'><strong>ἔρχον⁴</strong></span> 
     </span>
    </p>
   </div>
   <div class='ocr_carea' id='block_1_8' title="bbox 375 662 1962 738">
    <p class='ocr_par' dir='ltr' id='par_1_8' title="bbox 375 662 1962 738">
     <span class='ocr_line' id='line_1_8' title="bbox 375 662 1962 738; baseline 0.004 -26"><span class='ocrx_word' id='word_1_35' title='bbox 375 677 466 713; x_wconf 79' lang='grc' dir='ltr'><strong>ται</strong></span> <span class='ocrx_word' id='word_1_36' title='bbox 495 662 551 715; x_wconf 77' lang='grc' dir='ltr'>δὲ</span> <span class='ocrx_word' id='word_1_37' title='bbox 582 663 716 732; x_wconf 84' lang='grc' dir='ltr'>πρὸς</span> <span class='ocrx_word' id='word_1_38' title='bbox 747 664 899 730; x_wconf 82' lang='grc' dir='ltr'>αὐτὸ,</span> <span class='ocrx_word' id='word_1_39' title='bbox 934 665 1021 720; x_wconf 80' lang='grc' dir='ltr'><strong>ἵνα</strong></span> <span class='ocrx_word' id='word_1_40' title='bbox 1054 666 1131 738; x_wconf 86' lang='grc' dir='ltr'>μὴ</span> <span class='ocrx_word' id='word_1_41' title='bbox 1153 667 1504 738; x_wconf 76' lang='grc' dir='ltr'>ἐλέγχηταιὴ</span> <span class='ocrx_word' id='word_1_42' title='bbox 1540 666 1834 736; x_wconf 78' lang='grc' dir='ltr'>ὑπόκρισις</span> <span class='ocrx_word' id='word_1_43' title='bbox 1863 667 1962 718; x_wconf 85' lang='grc' dir='ltr'><strong>αὐ-</strong></span> 
     </span>
    </p>
   </div>
   <div class='ocr_carea' id='block_1_9' title="bbox 375 753 1961 830">
    <p class='ocr_par' dir='ltr' id='par_1_9' title="bbox 375 753 1961 830">
     <span class='ocr_line' id='line_1_9' title="bbox 375 753 1961 830; baseline 0.004 -26"><span class='ocrx_word' id='word_1_44' title='bbox 375 753 486 806; x_wconf 86' lang='grc' dir='ltr'><strong>τῶν</strong></span> <span class='ocrx_word' id='word_1_45' title='bbox 533 754 642 808; x_wconf 90' lang='grc' dir='ltr'><strong>τῶν</strong></span> <span class='ocrx_word' id='word_1_46' title='bbox 685 754 956 824; x_wconf 86' lang='grc' dir='ltr'>λεγόντων</span> <span class='ocrx_word' id='word_1_47' title='bbox 996 758 1196 812; x_wconf 79' lang='grc' dir='ltr'>εἰδέναι</span> <span class='ocrx_word' id='word_1_48' title='bbox 1253 759 1424 824; x_wconf 81' lang='grc' dir='ltr'>Θεὸν,</span> <span class='ocrx_word' id='word_1_49' title='bbox 1464 758 1650 830; x_wconf 75' lang='grc' dir='ltr'>ἔργοις</span> <span class='ocrx_word' id='word_1_50' title='bbox 1687 758 1746 811; x_wconf 82' lang='grc' dir='ltr'>δὲ</span> <span class='ocrx_word' id='word_1_51' title='bbox 1794 757 1961 812; x_wconf 76' lang='grc' dir='ltr'>αὐτὸν</span> 
     </span>
    </p>
   </div>
   <div class='ocr_carea' id='block_1_10' title="bbox 376 844 751 914">
    <p class='ocr_par' dir='ltr' id='par_1_10' title="bbox 376 844 751 914">
     <span class='ocr_line' id='line_1_10' title="bbox 376 844 751 914; baseline 0.011 -18"><span class='ocrx_word' id='word_1_52' title='bbox 376 844 751 914; x_wconf 78' lang='grc' dir='ltr'>ἀρνουμένων.</span> 
     </span>
    </p>
   </div>
   <div class='ocr_carea' id='block_1_11' title="bbox 453 933 1961 1012">
    <p class='ocr_par' dir='ltr' id='par_1_11' title="bbox 453 933 1961 1012">
     <span class='ocr_line' id='line_1_11' title="bbox 453 933 1961 1012; baseline 0.006 -28"><span class='ocrx_word' id='word_1_53' title='bbox 453 953 471 984; x_wconf 76' lang='grc' dir='ltr'><strong>ι</strong></span> <span class='ocrx_word' id='word_1_54' title='bbox 507 936 660 989; x_wconf 77' lang='grc' dir='ltr'>Μετὰ</span> <span class='ocrx_word' id='word_1_55' title='bbox 685 937 859 992; x_wconf 87' lang='grc' dir='ltr'>ταῦτα</span> <span class='ocrx_word' id='word_1_56' title='bbox 884 933 1050 1010; x_wconf 81' lang='grc' dir='ltr'>ἦλθεν</span> <span class='ocrx_word' id='word_1_57' title='bbox 1077 941 1105 994; x_wconf 99' lang='lat'><strong>6</strong></span> <span class='ocrx_word' id='word_1_58' title='bbox 1139 939 1375 1011; x_wconf 89' lang='grc' dir='ltr'>Ἰησοῦς,</span> <span class='ocrx_word' id='word_1_59' title='bbox 1403 941 1498 996; x_wconf 73' lang='grc' dir='ltr'><strong>καὶ</strong></span> <span class='ocrx_word' id='word_1_60' title='bbox 1523 943 1572 995; x_wconf 79' lang='grc' dir='ltr'><strong>οἱ</strong></span> <span class='ocrx_word' id='word_1_61' title='bbox 1601 941 1841 1012; x_wconf 78' lang='grc' dir='ltr'>μαθηταὶ</span> <span class='ocrx_word' id='word_1_62' title='bbox 1861 940 1961 994; x_wconf 88' lang='grc' dir='ltr'>αύ-</span> 
     </span>
    </p>
   </div>
   <div class='ocr_carea' id='block_1_12' title="bbox 375 1026 1965 1105">
    <p class='ocr_par' dir='ltr' id='par_1_12' title="bbox 375 1026 1965 1105">
     <span class='ocr_line' id='line_1_12' title="bbox 375 1026 1965 1105; baseline 0.005 -28"><span class='ocrx_word' id='word_1_63' title='bbox 375 1026 470 1078; x_wconf 84' lang='grc' dir='ltr'><strong>τοῦ</strong></span> <span class='ocrx_word' id='word_1_64' title='bbox 499 1028 578 1090; x_wconf 86' lang='grc' dir='ltr'>εἰς</span> <span class='ocrx_word' id='word_1_65' title='bbox 601 1028 700 1100; x_wconf 82' lang='grc' dir='ltr'>τὴν</span> <span class='ocrx_word' id='word_1_66' title='bbox 737 1031 996 1085; x_wconf 82' lang='grc' dir='ltr'><strong>Ἰουδαίαν</strong></span> <span class='ocrx_word' id='word_1_67' title='bbox 1030 1034 1136 1104; x_wconf 80' lang='grc' dir='ltr'><strong>γῆν</strong></span> <span class='ocrx_word' id='word_1_68' title='bbox 1156 1050 1170 1065; x_wconf 79' lang='grc' dir='ltr'><strong><em>ο</em></strong></span> <span class='ocrx_word' id='word_1_69' title='bbox 1202 1035 1297 1088; x_wconf 75' lang='grc' dir='ltr'><strong>καὶ</strong></span> <span class='ocrx_word' id='word_1_70' title='bbox 1323 1036 1442 1088; x_wconf 81' lang='grc' dir='ltr'>ἐκεῖ</span> <span class='ocrx_word' id='word_1_71' title='bbox 1465 1033 1702 1105; x_wconf 70' lang='grc' dir='ltr'>διέτριϐε</span> <span class='ocrx_word' id='word_1_72' title='bbox 1731 1035 1848 1103; x_wconf 87' lang='grc' dir='ltr'>μετ’</span> <span class='ocrx_word' id='word_1_73' title='bbox 1873 1033 1965 1086; x_wconf 87' lang='grc' dir='ltr'>αὐ-</span> 
     </span>
    </p>
   </div>
   <div class='ocr_carea' id='block_1_13' title="bbox 375 1119 1033 1184">
    <p class='ocr_par' dir='ltr' id='par_1_13' title="bbox 375 1119 1033 1184">
     <span class='ocr_line' id='line_1_13' title="bbox 375 1119 1033 1184; baseline 0.011 -14"><span class='ocrx_word' id='word_1_74' title='bbox 375 1119 504 1184; x_wconf 86' lang='grc' dir='ltr'>τῶν,</span> <span class='ocrx_word' id='word_1_75' title='bbox 538 1121 632 1173; x_wconf 81' lang='grc' dir='ltr'>καὶ</span> <span class='ocrx_word' id='word_1_76' title='bbox 651 1121 968 1177; x_wconf 79' lang='grc' dir='ltr'>ἐϐάπτισεν.</span> <span class='ocrx_word' id='word_1_77' title='bbox 1013 1143 1033 1176; x_wconf 72' lang='grc' dir='ltr'>ι</span> 
     </span>
    </p>
   </div>
   <div class='ocr_carea' id='block_1_14' title="bbox 447 1212 1955 1288">
    <p class='ocr_par' dir='ltr' id='par_1_14' title="bbox 447 1212 1955 1288">
     <span class='ocr_line' id='line_1_14' title="bbox 447 1212 1955 1288; baseline 0.007 -26"><span class='ocrx_word' id='word_1_78' title='bbox 447 1212 562 1264; x_wconf 83' lang='grc' dir='ltr'>Ούκ</span> <span class='ocrx_word' id='word_1_79' title='bbox 615 1213 776 1276; x_wconf 81' lang='grc' dir='ltr'>αὐτὸς</span> <span class='ocrx_word' id='word_1_80' title='bbox 831 1214 1141 1282; x_wconf 78' lang='grc' dir='ltr'>ἐϐάπτίζεν,</span> <span class='ocrx_word' id='word_1_81' title='bbox 1197 1217 1314 1270; x_wconf 84' lang='grc' dir='ltr'><strong>ἀλλ’</strong></span> <span class='ocrx_word' id='word_1_82' title='bbox 1362 1217 1410 1270; x_wconf 69' lang='lat' dir='ltr'><strong>of</strong></span> <span class='ocrx_word' id='word_1_83' title='bbox 1468 1217 1711 1288; x_wconf 71' lang='grc' dir='ltr'>μαθηταὶ</span> <span class='ocrx_word' id='word_1_84' title='bbox 1760 1216 1955 1272; x_wconf 83' lang='grc' dir='ltr'>αὑτοῦ·</span> 
     </span>
    </p>
   </div>
   <div class='ocr_carea' id='block_1_15' title="bbox 376 1300 1960 1378">
    <p class='ocr_par' dir='ltr' id='par_1_15' title="bbox 376 1300 1960 1378">
     <span class='ocr_line' id='line_1_15' title="bbox 376 1300 1960 1378; baseline 0.004 -27"><span class='ocrx_word' id='word_1_85' title='bbox 376 1300 607 1372; x_wconf 80' lang='grc' dir='ltr'>ἐπείπερ</span> <span class='ocrx_word' id='word_1_86' title='bbox 640 1303 802 1367; x_wconf 70' lang='grc' dir='ltr'>αὐτὸς</span> <span class='ocrx_word' id='word_1_87' title='bbox 835 1306 893 1357; x_wconf 83' lang='grc' dir='ltr'><strong>ἐν</strong></span> <span class='ocrx_word' id='word_1_88' title='bbox 933 1306 1212 1376; x_wconf 69' lang='grc' dir='ltr'>Πνεύμπιτι</span> <span class='ocrx_word' id='word_1_89' title='bbox 1250 1305 1536 1371; x_wconf 79' lang='grc' dir='ltr'>ὲόάπτιζε.</span> <span class='ocrx_word' id='word_1_90' title='bbox 1572 1307 1684 1359; x_wconf 71' lang='grc' dir='ltr'><strong>Καὶ</strong></span> <span class='ocrx_word' id='word_1_91' title='bbox 1713 1305 1869 1359; x_wconf 81' lang='grc' dir='ltr'>οῦπω</span> <span class='ocrx_word' id='word_1_92' title='bbox 1892 1305 1960 1378; x_wconf 81' lang='grc' dir='ltr'><strong>ἦν</strong></span> 
     </span>
    </p>
   </div>
   <div class='ocr_carea' id='block_1_16' title="bbox 375 1396 1962 1470">
    <p class='ocr_par' dir='ltr' id='par_1_16' title="bbox 375 1396 1962 1470">
     <span class='ocr_line' id='line_1_16' title="bbox 375 1396 1962 1470; baseline 0.006 -25"><span class='ocrx_word' id='word_1_93' title='bbox 375 1396 568 1466; x_wconf 72' lang='grc' dir='ltr'>καιρὸς</span> <span class='ocrx_word' id='word_1_94' title='bbox 595 1397 693 1467; x_wconf 79' lang='grc' dir='ltr'>τῆς</span> <span class='ocrx_word' id='word_1_95' title='bbox 717 1398 810 1450; x_wconf 87' lang='grc' dir='ltr'><strong>τοῦ</strong></span> <span class='ocrx_word' id='word_1_96' title='bbox 840 1399 1160 1469; x_wconf 87' lang='grc' dir='ltr'>Πνεύματος</span> <span class='ocrx_word' id='word_1_97' title='bbox 1204 1400 1426 1463; x_wconf 82' lang='grc' dir='ltr'><strong>δόσεως,</strong></span> <span class='ocrx_word' id='word_1_98' title='bbox 1472 1399 1578 1470; x_wconf 83' lang='grc' dir='ltr'><strong>πρὸ</strong></span> <span class='ocrx_word' id='word_1_99' title='bbox 1602 1397 1697 1452; x_wconf 89' lang='grc' dir='ltr'><strong>τοῦ</strong></span> <span class='ocrx_word' id='word_1_100' title='bbox 1729 1397 1962 1462; x_wconf 83' lang='grc' dir='ltr'><strong>πάθους.</strong></span> 
     </span>
    </p>
   </div>
   <div class='ocr_carea' id='block_1_17' title="bbox 375 1475 1965 1564">
    <p class='ocr_par' dir='ltr' id='par_1_17' title="bbox 375 1475 1965 1564">
     <span class='ocr_line' id='line_1_17' title="bbox 375 1475 1965 1564; baseline 0.004 -27"><span class='ocrx_word' id='word_1_101' title='bbox 375 1485 448 1537; x_wconf 86' lang='grc' dir='ltr'>Τὸ</span> <span class='ocrx_word' id='word_1_102' title='bbox 477 1488 846 1556; x_wconf 85' lang='grc' dir='ltr'>Εύαγγελικὸν</span> <span class='ocrx_word' id='word_1_103' title='bbox 887 1489 1075 1544; x_wconf 70' lang='grc' dir='ltr'>λοιπὸν</span> <span class='ocrx_word' id='word_1_104' title='bbox 1137 1475 1430 1563; x_wconf 72' lang='grc' dir='ltr'>παρεδίδού</span> <span class='ocrx_word' id='word_1_105' title='bbox 1471 1491 1780 1562; x_wconf 85' lang='grc' dir='ltr'><strong>βάπτισμα,</strong></span> <span class='ocrx_word' id='word_1_106' title='bbox 1826 1492 1965 1564; x_wconf 83' lang='grc' dir='ltr'>ὅπερ</span> 
     </span>
    </p>
   </div>
   <div class='ocr_carea' id='block_1_18' title="bbox 374 1575 1962 1658">
    <p class='ocr_par' dir='ltr' id='par_1_18' title="bbox 374 1575 1962 1658">
     <span class='ocr_line' id='line_1_18' title="bbox 374 1575 1962 1658; baseline 0.006 -30"><span class='ocrx_word' id='word_1_107' title='bbox 374 1577 578 1649; x_wconf 81' lang='grc' dir='ltr'>πολλὴν</span> <span class='ocrx_word' id='word_1_108' title='bbox 624 1575 770 1650; x_wconf 75' lang='grc' dir='ltr'>εἶχεν</span> <span class='ocrx_word' id='word_1_109' title='bbox 817 1582 1084 1652; x_wconf 85' lang='grc' dir='ltr'>διαφορὰν</span> <span class='ocrx_word' id='word_1_110' title='bbox 1146 1583 1284 1653; x_wconf 81' lang='grc' dir='ltr'>πρὸς</span> <span class='ocrx_word' id='word_1_111' title='bbox 1325 1585 1387 1636; x_wconf 87' lang='grc' dir='ltr'>τὺ</span> <span class='ocrx_word' id='word_1_112' title='bbox 1429 1583 1699 1638; x_wconf 82' lang='grc' dir='ltr'><strong>Ἰωάννου.</strong></span> <span class='ocrx_word' id='word_1_113' title='bbox 1749 1583 1806 1636; x_wconf 85' lang='lat'><strong>&#39;0</strong></span> <span class='ocrx_word' id='word_1_114' title='bbox 1851 1584 1962 1658; x_wconf 81' lang='grc' dir='ltr'>γὰρ</span> 
     </span>
    </p>
   </div>
   <div class='ocr_carea' id='block_1_19' title="bbox 372 1671 1959 1749">
    <p class='ocr_par' dir='ltr' id='par_1_19' title="bbox 372 1671 1959 1749">
     <span class='ocr_line' id='line_1_19' title="bbox 372 1671 1959 1749; baseline 0.005 -26"><span class='ocrx_word' id='word_1_115' title='bbox 372 1671 610 1740; x_wconf 84' lang='grc' dir='ltr'>Χριστὸς</span> <span class='ocrx_word' id='word_1_116' title='bbox 639 1673 728 1726; x_wconf 84' lang='grc' dir='ltr'>διὰ</span> <span class='ocrx_word' id='word_1_117' title='bbox 788 1676 886 1744; x_wconf 82' lang='grc' dir='ltr'>τῆς</span> <span class='ocrx_word' id='word_1_118' title='bbox 916 1674 1025 1728; x_wconf 88' lang='grc' dir='ltr'><strong>τῶν</strong></span> <span class='ocrx_word' id='word_1_119' title='bbox 1078 1675 1395 1730; x_wconf 85' lang='grc' dir='ltr'>ἀποστόλων</span> <span class='ocrx_word' id='word_1_120' title='bbox 1427 1677 1612 1749; x_wconf 75' lang='grc' dir='ltr'>χειρὸς</span> <span class='ocrx_word' id='word_1_121' title='bbox 1645 1675 1959 1743; x_wconf 75' lang='grc' dir='ltr'>ἐϐάπτιζεν,</span> 
     </span>
    </p>
   </div>
   <div class='ocr_carea' id='block_1_20' title="bbox 373 1762 1254 1838">
    <p class='ocr_par' dir='ltr' id='par_1_20' title="bbox 373 1762 1254 1838">
     <span class='ocr_line' id='line_1_20' title="bbox 373 1762 1254 1838; baseline 0.01 -25"><span class='ocrx_word' id='word_1_122' title='bbox 373 1762 448 1824; x_wconf 83' lang='grc' dir='ltr'>ὡς</span> <span class='ocrx_word' id='word_1_123' title='bbox 477 1766 666 1833; x_wconf 82' lang='grc' dir='ltr'>σαφῶς</span> <span class='ocrx_word' id='word_1_124' title='bbox 700 1768 757 1818; x_wconf 81' lang='grc' dir='ltr'>ἐν</span> <span class='ocrx_word' id='word_1_125' title='bbox 787 1769 898 1828; x_wconf 85' lang='grc' dir='ltr'>τοίς</span> <span class='ocrx_word' id='word_1_126' title='bbox 929 1765 1056 1838; x_wconf 76' lang='grc' dir='ltr'>ἑξῆς</span> <span class='ocrx_word' id='word_1_127' title='bbox 1085 1767 1254 1836; x_wconf 80' lang='grc' dir='ltr'>λέγει.</span> 
     </span>
    </p>
   </div>
   <div class='ocr_carea' id='block_1_21' title="bbox 451 1856 1961 1932">
    <p class='ocr_par' dir='ltr' id='par_1_21' title="bbox 451 1856 1961 1932">
     <span class='ocr_line' id='line_1_21' title="bbox 451 1856 1961 1932; baseline 0.007 -26"><span class='ocrx_word' id='word_1_128' title='bbox 451 1874 469 1906; x_wconf 79' lang='grc' dir='ltr'><strong>ι</strong></span> <span class='ocrx_word' id='word_1_129' title='bbox 517 1856 765 1924; x_wconf 82' lang='grc' dir='ltr'>Ἐγένετο</span> <span class='ocrx_word' id='word_1_130' title='bbox 797 1858 890 1912; x_wconf 86' lang='grc' dir='ltr'><strong>οῦν</strong></span> <span class='ocrx_word' id='word_1_131' title='bbox 924 1858 1153 1930; x_wconf 73' lang='grc' dir='ltr'>ζήτησις</span> <span class='ocrx_word' id='word_1_132' title='bbox 1181 1861 1247 1912; x_wconf 80' lang='grc' dir='ltr'><strong>ἐκ</strong></span> <span class='ocrx_word' id='word_1_133' title='bbox 1269 1859 1376 1914; x_wconf 88' lang='grc' dir='ltr'><strong>τῶν</strong></span> <span class='ocrx_word' id='word_1_134' title='bbox 1415 1859 1672 1932; x_wconf 78' lang='grc' dir='ltr'>μαθητῶν</span> <span class='ocrx_word' id='word_1_135' title='bbox 1709 1861 1961 1916; x_wconf 78' lang='grc' dir='ltr'><strong>Ἰωάννου</strong></span> 
     </span>
    </p>
   </div>
   <div class='ocr_carea' id='block_1_22' title="bbox 377 1945 1450 2022">
    <p class='ocr_par' dir='ltr' id='par_1_22' title="bbox 377 1945 1450 2022">
     <span class='ocr_line' id='line_1_22' title="bbox 377 1945 1450 2022; baseline 0.007 -25"><span class='ocrx_word' id='word_1_136' title='bbox 377 1945 517 2016; x_wconf 82' lang='grc' dir='ltr'>μετὰ</span> <span class='ocrx_word' id='word_1_137' title='bbox 558 1947 823 2001; x_wconf 79' lang='grc' dir='ltr'>Ἰουδαίων</span> <span class='ocrx_word' id='word_1_138' title='bbox 856 1951 983 2020; x_wconf 74' lang='grc' dir='ltr'>περὶ</span> <span class='ocrx_word' id='word_1_139' title='bbox 1011 1949 1386 2022; x_wconf 88' lang='grc' dir='ltr'>καθαρισμοῦ.</span> <span class='ocrx_word' id='word_1_140' title='bbox 1430 1970 1450 2004; x_wconf 69' lang='grc' dir='ltr'>ι</span> 
     </span>
    </p>
   </div>
   <div class='ocr_carea' id='block_1_23' title="bbox 446 2037 1960 2114">
    <p class='ocr_par' dir='ltr' id='par_1_23' title="bbox 446 2037 1960 2114">
     <span class='ocr_line' id='line_1_23' title="bbox 446 2037 1960 2114; baseline 0.004 -23"><span class='ocrx_word' id='word_1_141' title='bbox 446 2037 584 2091; x_wconf 78' lang='grc' dir='ltr'>Οῦτε</span> <span class='ocrx_word' id='word_1_142' title='bbox 611 2039 673 2092; x_wconf 78' lang='grc' dir='ltr'><strong>τὸ</strong></span> <span class='ocrx_word' id='word_1_143' title='bbox 702 2040 952 2095; x_wconf 85' lang='grc' dir='ltr'>Ἰωάννου</span> <span class='ocrx_word' id='word_1_144' title='bbox 979 2041 1288 2112; x_wconf 81' lang='grc' dir='ltr'>βάπτισμα,</span> <span class='ocrx_word' id='word_1_145' title='bbox 1312 2041 1436 2096; x_wconf 79' lang='grc' dir='ltr'>οὔτε</span> <span class='ocrx_word' id='word_1_146' title='bbox 1463 2042 1523 2096; x_wconf 84' lang='grc' dir='ltr'><strong>τὸ</strong></span> <span class='ocrx_word' id='word_1_147' title='bbox 1543 2042 1652 2097; x_wconf 86' lang='grc' dir='ltr'><strong>τῶν</strong></span> <span class='ocrx_word' id='word_1_148' title='bbox 1677 2042 1960 2114; x_wconf 84' lang='grc' dir='ltr'>μαθητῶν,</span> 
     </span>
    </p>
   </div>
   <div class='ocr_carea' id='block_1_24' title="bbox 371 2129 1962 2204">
    <p class='ocr_par' dir='ltr' id='par_1_24' title="bbox 371 2129 1962 2204">
     <span class='ocr_line' id='line_1_24' title="bbox 371 2129 1962 2204; baseline 0.004 -22"><span class='ocrx_word' id='word_1_149' title='bbox 371 2130 602 2200; x_wconf 83' lang='grc' dir='ltr'>παρεῖχε</span> <span class='ocrx_word' id='word_1_150' title='bbox 621 2129 847 2200; x_wconf 86' lang='grc' dir='ltr'>Πνεῦμα</span> <span class='ocrx_word' id='word_1_151' title='bbox 880 2132 1056 2200; x_wconf 82' lang='grc' dir='ltr'>ἆγιον⁰</span> <span class='ocrx_word' id='word_1_152' title='bbox 1093 2132 1208 2185; x_wconf 79' lang='grc' dir='ltr'><strong>ἀλλ’</strong></span> <span class='ocrx_word' id='word_1_153' title='bbox 1238 2132 1323 2185; x_wconf 84' lang='grc' dir='ltr'><strong>ἴνα</strong></span> <span class='ocrx_word' id='word_1_154' title='bbox 1359 2132 1434 2204; x_wconf 85' lang='grc' dir='ltr'>μὴ</span> <span class='ocrx_word' id='word_1_155' title='bbox 1469 2133 1561 2186; x_wconf 80' lang='grc' dir='ltr'><strong>τὸν</strong></span> <span class='ocrx_word' id='word_1_156' title='bbox 1578 2133 1962 2189; x_wconf 80' lang='grc' dir='ltr'>καθ’·ἓκαστον</span> 
     </span>
    </p>
   </div>
   <div class='ocr_carea' id='block_1_25' title="bbox 370 2217 1962 2294">
    <p class='ocr_par' dir='ltr' id='par_1_25' title="bbox 370 2217 1962 2294">
     <span class='ocr_line' id='line_1_25' title="bbox 370 2217 1962 2294; baseline 0.006 -25"><span class='ocrx_word' id='word_1_157' title='bbox 370 2218 700 2286; x_wconf 79' lang='grc' dir='ltr'>περιιόντες,</span> <span class='ocrx_word' id='word_1_158' title='bbox 728 2217 1011 2292; x_wconf 84' lang='grc' dir='ltr'>κηρύξωσι</span> <span class='ocrx_word' id='word_1_159' title='bbox 1040 2222 1131 2274; x_wconf 80' lang='grc' dir='ltr'>τὸν</span> <span class='ocrx_word' id='word_1_160' title='bbox 1147 2221 1408 2292; x_wconf 86' lang='grc' dir='ltr'>Χριστὸν,</span> <span class='ocrx_word' id='word_1_161' title='bbox 1443 2223 1847 2294; x_wconf 86' lang='grc' dir='ltr'>συνεστήσαντο</span> <span class='ocrx_word' id='word_1_162' title='bbox 1861 2223 1962 2294; x_wconf 89' lang='grc' dir='ltr'>βά-</span> 
     </span>
    </p>
   </div>
   <div class='ocr_carea' id='block_1_26' title="bbox 371 2312 1964 2387">
    <p class='ocr_par' dir='ltr' id='par_1_26' title="bbox 371 2312 1964 2387">
     <span class='ocr_line' id='line_1_26' title="bbox 371 2312 1964 2387; baseline 0.006 -25"><span class='ocrx_word' id='word_1_163' title='bbox 371 2326 606 2379; x_wconf 84' lang='grc' dir='ltr'>πτισμα,</span> <span class='ocrx_word' id='word_1_164' title='bbox 641 2312 766 2375; x_wconf 79' lang='grc' dir='ltr'>τοὺς</span> <span class='ocrx_word' id='word_1_165' title='bbox 810 2314 1251 2386; x_wconf 76' lang='grc' dir='ltr'>προστρέχοντας</span> <span class='ocrx_word' id='word_1_166' title='bbox 1294 2315 1492 2386; x_wconf 75' lang='grc' dir='ltr'>ὄχλους</span> <span class='ocrx_word' id='word_1_167' title='bbox 1537 2316 1789 2386; x_wconf 83' lang='grc' dir='ltr'>ἀγάγωσι</span> <span class='ocrx_word' id='word_1_168' title='bbox 1823 2317 1964 2387; x_wconf 76' lang='grc' dir='ltr'>πρὸς</span> 
     </span>
    </p>
   </div>
   <div class='ocr_carea' id='block_1_27' title="bbox 369 2399 1846 2473">
    <p class='ocr_par' dir='ltr' id='par_1_27' title="bbox 369 2399 1846 2473">
     <span class='ocr_line' id='line_1_27' title="bbox 369 2399 1846 2473; baseline 0.014 -21"><span class='ocrx_word' id='word_1_169' title='bbox 369 2399 461 2454; x_wconf 82' lang='grc' dir='ltr'>τὸν</span> <span class='ocrx_word' id='word_1_170' title='bbox 488 2402 742 2473; x_wconf 89' lang='grc' dir='ltr'>Χριστόν.</span> <span class='ocrx_word' id='word_1_171' title='bbox 1841 2417 1846 2424; x_wconf 73' lang='grc'><em>’</em></span> 
     </span>
    </p>
   </div>
   <div class='ocr_carea' id='block_1_28' title="bbox 445 2491 1959 2569">
    <p class='ocr_par' dir='ltr' id='par_1_28' title="bbox 445 2491 1959 2569">
     <span class='ocr_line' id='line_1_28' title="bbox 445 2491 1959 2569; baseline 0.005 -24"><span class='ocrx_word' id='word_1_172' title='bbox 445 2510 464 2543; x_wconf 80' lang='grc' dir='ltr'>ι</span> <span class='ocrx_word' id='word_1_173' title='bbox 497 2495 605 2547; x_wconf 77' lang='grc' dir='ltr'>Καὶ</span> <span class='ocrx_word' id='word_1_174' title='bbox 644 2491 808 2566; x_wconf 85' lang='grc' dir='ltr'>ἦλθον</span> <span class='ocrx_word' id='word_1_175' title='bbox 843 2495 981 2568; x_wconf 77' lang='grc' dir='ltr'>πρὸς</span> <span class='ocrx_word' id='word_1_176' title='bbox 1012 2495 1104 2550; x_wconf 83' lang='grc' dir='ltr'><strong>τὸν</strong></span> <span class='ocrx_word' id='word_1_177' title='bbox 1143 2496 1421 2568; x_wconf 84' lang='grc' dir='ltr'>Ἰωάννην,</span> <span class='ocrx_word' id='word_1_178' title='bbox 1449 2498 1544 2551; x_wconf 80' lang='grc' dir='ltr'>καὶ</span> <span class='ocrx_word' id='word_1_179' title='bbox 1587 2494 1744 2554; x_wconf 78' lang='grc' dir='ltr'>εἷπον</span> <span class='ocrx_word' id='word_1_180' title='bbox 1774 2497 1959 2569; x_wconf 78' lang='grc' dir='ltr'>αὐτῷ’</span> 
     </span>
    </p>
   </div>
   <div class='ocr_carea' id='block_1_29' title="bbox 383 2582 1960 2662">
    <p class='ocr_par' dir='ltr' id='par_1_29' title="bbox 383 2582 1960 2662">
     <span class='ocr_line' id='line_1_29' title="bbox 383 2582 1960 2662; baseline 0.004 -26"><span class='ocrx_word' id='word_1_181' title='bbox 383 2582 597 2651; x_wconf 78' lang='grc' dir='ltr'><strong>⁹Ρα66ὶ,</strong></span> <span class='ocrx_word' id='word_1_182' title='bbox 627 2587 686 2651; x_wconf 81' lang='grc' dir='ltr'>ὃς</span> <span class='ocrx_word' id='word_1_183' title='bbox 714 2583 782 2658; x_wconf 77' lang='grc' dir='ltr'><strong>ἦν</strong></span> <span class='ocrx_word' id='word_1_184' title='bbox 814 2589 952 2659; x_wconf 83' lang='grc' dir='ltr'>μετὰ</span> <span class='ocrx_word' id='word_1_185' title='bbox 995 2588 1090 2642; x_wconf 90' lang='grc' dir='ltr'><strong>σοῦ</strong></span> <span class='ocrx_word' id='word_1_186' title='bbox 1124 2589 1301 2661; x_wconf 82' lang='grc' dir='ltr'>πέραν</span> <span class='ocrx_word' id='word_1_187' title='bbox 1334 2589 1430 2643; x_wconf 89' lang='grc' dir='ltr'><strong>τοῦ</strong></span> <span class='ocrx_word' id='word_1_188' title='bbox 1473 2590 1766 2662; x_wconf 86' lang='grc' dir='ltr'>Ἰορδάνου,</span> <span class='ocrx_word' id='word_1_189' title='bbox 1805 2584 1850 2659; x_wconf 81' lang='grc' dir='ltr'>ᾧ</span> <span class='ocrx_word' id='word_1_190' title='bbox 1896 2590 1960 2643; x_wconf 78' lang='grc' dir='ltr'><strong>σὺ</strong></span> 
     </span>
    </p>
   </div>
   <div class='ocr_carea' id='block_1_30' title="bbox 374 2677 1963 2756">
    <p class='ocr_par' dir='ltr' id='par_1_30' title="bbox 374 2677 1963 2756">
     <span class='ocr_line' id='line_1_30' title="bbox 374 2677 1963 2756; baseline 0.005 -27"><span class='ocrx_word' id='word_1_191' title='bbox 374 2678 829 2750; x_wconf 73' lang='grc' dir='ltr'>μεμαρτύρηκας,</span> <span class='ocrx_word' id='word_1_192' title='bbox 864 2680 943 2735; x_wconf 84' lang='grc' dir='ltr'><strong>ίδε</strong></span> <span class='ocrx_word' id='word_1_193' title='bbox 976 2677 1130 2746; x_wconf 75' lang='grc' dir='ltr'>οὗτος</span> <span class='ocrx_word' id='word_1_194' title='bbox 1166 2681 1442 2753; x_wconf 72' lang='grc' dir='ltr'>βαπτίζει,</span> <span class='ocrx_word' id='word_1_195' title='bbox 1490 2685 1587 2739; x_wconf 66' lang='grc' dir='ltr'>καὶ</span> <span class='ocrx_word' id='word_1_196' title='bbox 1622 2684 1826 2748; x_wconf 88' lang='grc' dir='ltr'>πάντες</span> <span class='ocrx_word' id='word_1_197' title='bbox 1870 2683 1963 2756; x_wconf 68' lang='grc' dir='ltr'><strong>ἔρα</strong></span> 
     </span>
    </p>
   </div>
   <div class='ocr_carea' id='block_1_31' title="bbox 372 2773 1003 2841">
    <p class='ocr_par' dir='ltr' id='par_1_31' title="bbox 372 2773 1003 2841">
     <span class='ocr_line' id='line_1_31' title="bbox 372 2773 1003 2841; baseline 0.011 -21"><span class='ocrx_word' id='word_1_198' title='bbox 372 2785 559 2838; x_wconf 86' lang='grc' dir='ltr'>χονται</span> <span class='ocrx_word' id='word_1_199' title='bbox 591 2773 727 2841; x_wconf 85' lang='grc' dir='ltr'>πρὸς</span> <span class='ocrx_word' id='word_1_200' title='bbox 756 2774 940 2827; x_wconf 82' lang='grc' dir='ltr'>αὐτόν.</span> <span class='ocrx_word' id='word_1_201' title='bbox 985 2795 1003 2827; x_wconf 84' lang='grc'>›</span> 
     </span>
    </p>
   </div>
   <div class='ocr_carea' id='block_1_32' title="bbox 444 2859 1964 2936">
    <p class='ocr_par' dir='ltr' id='par_1_32' title="bbox 444 2859 1964 2936">
     <span class='ocr_line' id='line_1_32' title="bbox 444 2859 1964 2936; baseline 0.005 -24"><span class='ocrx_word' id='word_1_202' title='bbox 444 2859 518 2912; x_wconf 85' lang='grc' dir='ltr'><strong>Τὸ</strong></span> <span class='ocrx_word' id='word_1_203' title='bbox 545 2860 689 2933; x_wconf 75' lang='grc' dir='ltr'>ὕδωρ</span> <span class='ocrx_word' id='word_1_204' title='bbox 715 2861 806 2915; x_wconf 88' lang='grc' dir='ltr'><strong>τοῦ</strong></span> <span class='ocrx_word' id='word_1_205' title='bbox 839 2865 1140 2935; x_wconf 75' lang='grc' dir='ltr'>ῥαντισμοῦ</span> <span class='ocrx_word' id='word_1_206' title='bbox 1168 2865 1230 2918; x_wconf 73' lang='grc' dir='ltr'>τὸ</span> <span class='ocrx_word' id='word_1_207' title='bbox 1257 2864 1379 2936; x_wconf 77' lang='grc' dir='ltr'>ἕχον</span> <span class='ocrx_word' id='word_1_208' title='bbox 1418 2865 1613 2920; x_wconf 82' lang='grc' dir='ltr'>σποδὸν</span> <span class='ocrx_word' id='word_1_209' title='bbox 1643 2867 1746 2936; x_wconf 82' lang='grc' dir='ltr'>τῆς</span> <span class='ocrx_word' id='word_1_210' title='bbox 1787 2865 1964 2936; x_wconf 88' lang='grc' dir='ltr'>δαμά-</span> 
     </span>
    </p>
   </div>
   <div class='ocr_carea' id='block_1_33' title="bbox 369 2949 1956 3028">
    <p class='ocr_par' dir='ltr' id='par_1_33' title="bbox 369 2949 1956 3028">
     <span class='ocr_line' id='line_1_33' title="bbox 369 2949 1956 3028; baseline 0.006 -28"><span class='ocrx_word' id='word_1_211' title='bbox 369 2949 531 3017; x_wconf 85' lang='grc' dir='ltr'>λεως,</span> <span class='ocrx_word' id='word_1_212' title='bbox 577 2953 920 3024; x_wconf 79' lang='grc' dir='ltr'>καθαρισμὸν</span> <span class='ocrx_word' id='word_1_213' title='bbox 976 2955 1153 3008; x_wconf 80' lang='grc' dir='ltr'>ἐποίει</span> <span class='ocrx_word' id='word_1_214' title='bbox 1205 2956 1478 3010; x_wconf 76' lang='grc' dir='ltr'><strong>ἀκουσίων</strong></span> <span class='ocrx_word' id='word_1_215' title='bbox 1518 2956 1956 3028; x_wconf 82' lang='grc' dir='ltr'>ἁμαρτημάτων,</span> 
     </span>
    </p>
   </div>
   <div class='ocr_carea' id='block_1_34' title="bbox 370 3042 1954 3119">
    <p class='ocr_par' dir='ltr' id='par_1_34' title="bbox 370 3042 1954 3119">
     <span class='ocr_line' id='line_1_34' title="bbox 370 3042 1954 3119; baseline 0.003 -23"><span class='ocrx_word' id='word_1_216' title='bbox 370 3042 464 3096; x_wconf 80' lang='grc' dir='ltr'>καὶ</span> <span class='ocrx_word' id='word_1_217' title='bbox 495 3045 623 3107; x_wconf 83' lang='grc' dir='ltr'>τοὺς</span> <span class='ocrx_word' id='word_1_218' title='bbox 662 3045 776 3098; x_wconf 80' lang='grc' dir='ltr'>ἀπὸ</span> <span class='ocrx_word' id='word_1_219' title='bbox 812 3047 956 3117; x_wconf 84' lang='grc' dir='ltr'>ἁφῆς</span> <span class='ocrx_word' id='word_1_220' title='bbox 983 3048 1192 3119; x_wconf 85' lang='grc' dir='ltr'>νεκρῶν</span> <span class='ocrx_word' id='word_1_221' title='bbox 1217 3048 1487 3119; x_wconf 76' lang='grc' dir='ltr'>ἐκάθηρε·</span> <span class='ocrx_word' id='word_1_222' title='bbox 1517 3049 1578 3101; x_wconf 83' lang='grc' dir='ltr'><strong>τὸ</strong></span> <span class='ocrx_word' id='word_1_223' title='bbox 1611 3048 1668 3101; x_wconf 83' lang='grc' dir='ltr'><strong>δὲ</strong></span> <span class='ocrx_word' id='word_1_224' title='bbox 1706 3049 1954 3102; x_wconf 86' lang='grc' dir='ltr'>Ἰωάννου</span> 
     </span>
    </p>
   </div>
   <div class='ocr_carea' id='block_1_35' title="bbox 371 3133 1955 3209">
    <p class='ocr_par' dir='ltr' id='par_1_35' title="bbox 371 3133 1955 3209">
     <span class='ocr_line' id='line_1_35' title="bbox 371 3133 1955 3209; baseline 0.003 -22"><span class='ocrx_word' id='word_1_225' title='bbox 371 3133 656 3206; x_wconf 77' lang='grc' dir='ltr'>βάπτισμα</span> <span class='ocrx_word' id='word_1_226' title='bbox 687 3140 800 3202; x_wconf 79' lang='grc' dir='ltr'>τοῖς</span> <span class='ocrx_word' id='word_1_227' title='bbox 831 3139 1072 3208; x_wconf 86' lang='grc' dir='ltr'>γνησίως</span> <span class='ocrx_word' id='word_1_228' title='bbox 1097 3138 1416 3209; x_wconf 88' lang='grc' dir='ltr'>μετανοοῦσι</span> <span class='ocrx_word' id='word_1_229' title='bbox 1437 3139 1532 3193; x_wconf 74' lang='grc' dir='ltr'><strong>καὶ</strong></span> <span class='ocrx_word' id='word_1_230' title='bbox 1559 3139 1666 3193; x_wconf 89' lang='grc' dir='ltr'><strong>τῶν</strong></span> <span class='ocrx_word' id='word_1_231' title='bbox 1691 3140 1955 3193; x_wconf 78' lang='grc' dir='ltr'>ἑκουσίων</span> 
     </span>
    </p>
   </div>
   <div class='ocr_carea' id='block_1_36' title="bbox 370 3230 1960 3302">
    <p class='ocr_par' dir='ltr' id='par_1_36' title="bbox 370 3230 1960 3302">
     <span class='ocr_line' id='line_1_36' title="bbox 370 3230 1960 3302; baseline 0.003 -21"><span class='ocrx_word' id='word_1_232' title='bbox 370 3231 632 3299; x_wconf 81' lang='grc' dir='ltr'>παρεῖχεν</span> <span class='ocrx_word' id='word_1_233' title='bbox 679 3231 894 3298; x_wconf 84' lang='grc' dir='ltr'>ἄφεσιν.</span> <span class='ocrx_word' id='word_1_234' title='bbox 933 3232 1006 3284; x_wconf 86' lang='grc' dir='ltr'>Τὸ</span> <span class='ocrx_word' id='word_1_235' title='bbox 1043 3231 1102 3282; x_wconf 80' lang='grc' dir='ltr'>δὲ</span> <span class='ocrx_word' id='word_1_236' title='bbox 1131 3230 1225 3283; x_wconf 91' lang='grc' dir='ltr'><strong>τοῦ</strong></span> <span class='ocrx_word' id='word_1_237' title='bbox 1273 3230 1538 3302; x_wconf 82' lang='grc' dir='ltr'>Χριστοῦ,</span> <span class='ocrx_word' id='word_1_238' title='bbox 1578 3232 1797 3286; x_wconf 86' lang='grc' dir='ltr'>πάντων</span> <span class='ocrx_word' id='word_1_239' title='bbox 1850 3231 1960 3285; x_wconf 89' lang='grc' dir='ltr'><strong>τῶν</strong></span> 
     </span>
    </p>
   </div>
   <div class='ocr_carea' id='block_1_37' title="bbox 371 3321 1960 3395">
    <p class='ocr_par' dir='ltr' id='par_1_37' title="bbox 371 3321 1960 3395">
     <span class='ocr_line' id='line_1_37' title="bbox 371 3321 1960 3395; baseline 0.003 -23"><span class='ocrx_word' id='word_1_240' title='bbox 371 3321 808 3392; x_wconf 82' lang='grc' dir='ltr'>ἁμαρτημάτων,</span> <span class='ocrx_word' id='word_1_241' title='bbox 836 3323 932 3376; x_wconf 71' lang='grc' dir='ltr'>καὶ</span> <span class='ocrx_word' id='word_1_242' title='bbox 967 3321 1191 3394; x_wconf 88' lang='grc' dir='ltr'>Πνεῦμα</span> <span class='ocrx_word' id='word_1_243' title='bbox 1241 3321 1396 3392; x_wconf 81' lang='grc' dir='ltr'>ἆγιον</span> <span class='ocrx_word' id='word_1_244' title='bbox 1436 3325 1688 3395; x_wconf 85' lang='grc' dir='ltr'>παρεῖχε,</span> <span class='ocrx_word' id='word_1_245' title='bbox 1720 3322 1817 3376; x_wconf 76' lang='grc' dir='ltr'><strong>καὶ</strong></span> <span class='ocrx_word' id='word_1_246' title='bbox 1847 3324 1960 3376; x_wconf 80' lang='lat' dir='ltr'><strong>uio-</strong></span> 
     </span>
    </p>
   </div>
   <div class='ocr_carea' id='block_1_38' title="bbox 371 3414 761 3479">
    <p class='ocr_par' dir='ltr' id='par_1_38' title="bbox 371 3414 761 3479">
     <span class='ocr_line' id='line_1_38' title="bbox 371 3414 761 3479; baseline -0.003 -10"><span class='ocrx_word' id='word_1_247' title='bbox 371 3416 559 3478; x_wconf 83' lang='grc' dir='ltr'>θεσίας</span> <span class='ocrx_word' id='word_1_248' title='bbox 587 3414 761 3479; x_wconf 81' lang='grc' dir='ltr'>ἀξίαν.</span> 
     </span>
    </p>
   </div>
   <div class='ocr_carea' id='block_1_39' title="bbox 383 3504 1960 3577">
    <p class='ocr_par' dir='ltr' id='par_1_39' title="bbox 383 3504 1960 3577">
     <span class='ocr_line' id='line_1_39' title="bbox 383 3504 1960 3577; baseline -0.001 -17"><span class='ocrx_word' id='word_1_249' title='bbox 383 3550 386 3553; x_wconf 90' lang='grc'><strong>.</strong></span> <span class='ocrx_word' id='word_1_250' title='bbox 440 3507 814 3575; x_wconf 86' lang='grc' dir='ltr'>Οἱκονομικῶς</span> <span class='ocrx_word' id='word_1_251' title='bbox 835 3507 892 3559; x_wconf 78' lang='grc' dir='ltr'><strong>δὲ</strong></span> <span class='ocrx_word' id='word_1_252' title='bbox 929 3504 1160 3576; x_wconf 72' lang='grc' dir='ltr'>ζήτησις</span> <span class='ocrx_word' id='word_1_253' title='bbox 1183 3507 1429 3577; x_wconf 81' lang='grc' dir='ltr'>γέγονεν,</span> <span class='ocrx_word' id='word_1_254' title='bbox 1461 3506 1960 3573; x_wconf 76' lang='grc' dir='ltr'>ἐτιζῶντοςἸωάν-</span> 
     </span>
    </p>
   </div>
   <div class='ocr_carea' id='block_1_40' title="bbox 371 3597 1960 3671">
    <p class='ocr_par' dir='ltr' id='par_1_40' title="bbox 371 3597 1960 3671">
     <span class='ocr_line' id='line_1_40' title="bbox 371 3597 1960 3671; baseline 0.003 -23"><span class='ocrx_word' id='word_1_255' title='bbox 371 3614 490 3649; x_wconf 88' lang='grc' dir='ltr'>νου·</span> <span class='ocrx_word' id='word_1_256' title='bbox 539 3597 624 3650; x_wconf 80' lang='grc' dir='ltr'><strong>ἵνα</strong></span> <span class='ocrx_word' id='word_1_257' title='bbox 672 3597 760 3651; x_wconf 85' lang='grc' dir='ltr'><strong>διά</strong></span> <span class='ocrx_word' id='word_1_258' title='bbox 793 3599 893 3668; x_wconf 82' lang='grc' dir='ltr'>τῆς</span> <span class='ocrx_word' id='word_1_259' title='bbox 927 3598 1111 3668; x_wconf 80' lang='grc' dir='ltr'>φωνῆς</span> <span class='ocrx_word' id='word_1_260' title='bbox 1158 3598 1322 3651; x_wconf 86' lang='grc' dir='ltr'>αὐτοῦ</span> <span class='ocrx_word' id='word_1_261' title='bbox 1360 3601 1391 3670; x_wconf 86' lang='grc' dir='ltr'><strong>ή</strong></span> <span class='ocrx_word' id='word_1_262' title='bbox 1425 3600 1534 3655; x_wconf 90' lang='grc' dir='ltr'><strong>τῶν</strong></span> <span class='ocrx_word' id='word_1_263' title='bbox 1566 3598 1960 3671; x_wconf 83' lang='grc' dir='ltr'>βαπτισμάτων</span> 
     </span>
    </p>
   </div>
   <div class='ocr_carea' id='block_1_41' title="bbox 370 3685 800 3757">
    <p class='ocr_par' dir='ltr' id='par_1_41' title="bbox 370 3685 800 3757">
     <span class='ocr_line' id='line_1_41' title="bbox 370 3685 800 3757; baseline -0.002 -17"><span class='ocrx_word' id='word_1_264' title='bbox 370 3685 607 3755; x_wconf 72' lang='grc' dir='ltr'>διαφορὰ</span> <span class='ocrx_word' id='word_1_265' title='bbox 633 3689 800 3757; x_wconf 83' lang='grc' dir='ltr'>φανῇ.</span> 
     </span>
    </p>
   </div>
   <div class='ocr_carea' id='block_1_42' title="bbox 447 3776 1957 3849">
    <p class='ocr_par' dir='ltr' id='par_1_42' title="bbox 447 3776 1957 3849">
     <span class='ocr_line' id='line_1_42' title="bbox 447 3776 1957 3849; baseline 0.001 -19"><span class='ocrx_word' id='word_1_266' title='bbox 447 3797 466 3830; x_wconf 82' lang='grc' dir='ltr'>ι</span> <span class='ocrx_word' id='word_1_267' title='bbox 516 3778 576 3832; x_wconf 84' lang='lat'><strong>&#39;0</strong></span> <span class='ocrx_word' id='word_1_268' title='bbox 603 3779 743 3849; x_wconf 77' lang='grc' dir='ltr'>ἔχων</span> <span class='ocrx_word' id='word_1_269' title='bbox 769 3779 870 3847; x_wconf 84' lang='grc' dir='ltr'>τὴν</span> <span class='ocrx_word' id='word_1_270' title='bbox 903 3776 1143 3848; x_wconf 80' lang='grc' dir='ltr'>νύμφην,</span> <span class='ocrx_word' id='word_1_271' title='bbox 1173 3777 1404 3847; x_wconf 84' lang='grc' dir='ltr'>νυμφίος</span> <span class='ocrx_word' id='word_1_272' title='bbox 1436 3778 1583 3831; x_wconf 77' lang='grc' dir='ltr'>ἐστίν</span> <span class='ocrx_word' id='word_1_273' title='bbox 1603 3795 1616 3809; x_wconf 76' lang='grc' dir='ltr'><strong><em>ο</em></strong></span> <span class='ocrx_word' id='word_1_274' title='bbox 1656 3779 1684 3831; x_wconf 85' lang='grc' dir='ltr'>ὁ</span> <span class='ocrx_word' id='word_1_275' title='bbox 1723 3779 1780 3832; x_wconf 79' lang='grc' dir='ltr'>δὲ</span> <span class='ocrx_word' id='word_1_276' title='bbox 1808 3779 1957 3848; x_wconf 84' lang='grc' dir='ltr'>φίλος</span> 
     </span>
    </p>
   </div>
   <div class='ocr_carea' id='block_1_43' title="bbox 369 3864 1958 3940">
    <p class='ocr_par' dir='ltr' id='par_1_43' title="bbox 369 3864 1958 3940">
     <span class='ocr_line' id='line_1_43' title="bbox 369 3864 1958 3940; baseline 0.001 -21"><span class='ocrx_word' id='word_1_277' title='bbox 369 3865 463 3920; x_wconf 84' lang='grc' dir='ltr'><strong>τοῦ</strong></span> <span class='ocrx_word' id='word_1_278' title='bbox 503 3867 761 3936; x_wconf 84' lang='grc' dir='ltr'>νυμφίου,</span> <span class='ocrx_word' id='word_1_279' title='bbox 806 3867 836 3918; x_wconf 88' lang='lat'><strong>6</strong></span> <span class='ocrx_word' id='word_1_280' title='bbox 871 3864 1140 3936; x_wconf 75' lang='grc' dir='ltr'>ἑστηκὼς,</span> <span class='ocrx_word' id='word_1_281' title='bbox 1191 3868 1285 3918; x_wconf 76' lang='grc' dir='ltr'>καὶ</span> <span class='ocrx_word' id='word_1_282' title='bbox 1317 3865 1535 3919; x_wconf 85' lang='grc' dir='ltr'>ἀκούων</span> <span class='ocrx_word' id='word_1_283' title='bbox 1577 3866 1766 3933; x_wconf 84' lang='grc' dir='ltr'>αὑτοῦ,</span> <span class='ocrx_word' id='word_1_284' title='bbox 1813 3869 1958 3940; x_wconf 80' lang='grc' dir='ltr'>χαρᾷ</span> 
     </span>
    </p>
   </div>
   <div class='ocr_carea' id='block_1_44' title="bbox 371 3958 1956 4036">
    <p class='ocr_par' dir='ltr' id='par_1_44' title="bbox 371 3958 1956 4036">
     <span class='ocr_line' id='line_1_44' title="bbox 371 3958 1956 4036; baseline 0.004 -24"><span class='ocrx_word' id='word_1_285' title='bbox 371 3961 553 4029; x_wconf 79' lang='grc' dir='ltr'>χαίρει</span> <span class='ocrx_word' id='word_1_286' title='bbox 583 3959 670 4012; x_wconf 86' lang='grc' dir='ltr'>διὰ</span> <span class='ocrx_word' id='word_1_287' title='bbox 691 3963 790 4032; x_wconf 83' lang='grc' dir='ltr'><strong>τὴν</strong></span> <span class='ocrx_word' id='word_1_288' title='bbox 826 3959 1014 4031; x_wconf 83' lang='grc' dir='ltr'>φωνὴν</span> <span class='ocrx_word' id='word_1_289' title='bbox 1038 3960 1133 4013; x_wconf 87' lang='grc' dir='ltr'><strong>τοῦ</strong></span> <span class='ocrx_word' id='word_1_290' title='bbox 1167 3960 1425 4030; x_wconf 82' lang='grc' dir='ltr'>νυμφίου.</span> <span class='ocrx_word' id='word_1_291' title='bbox 1461 3961 1612 4031; x_wconf 76' lang='grc' dir='ltr'>Αὕτη</span> <span class='ocrx_word' id='word_1_292' title='bbox 1639 3958 1734 4016; x_wconf 80' lang='grc' dir='ltr'>οὖν</span> <span class='ocrx_word' id='word_1_293' title='bbox 1758 3965 1791 4035; x_wconf 79' lang='grc' dir='ltr'><strong>ἡ</strong></span> <span class='ocrx_word' id='word_1_294' title='bbox 1812 3965 1956 4036; x_wconf 82' lang='grc' dir='ltr'>χαρὰ</span> 
     </span>
    </p>
   </div>
   <div class='ocr_carea' id='block_1_45' title="bbox 371 4050 1746 4122">
    <p class='ocr_par' dir='ltr' id='par_1_45' title="bbox 371 4050 1746 4122">
     <span class='ocr_line' id='line_1_45' title="bbox 371 4050 1746 4122; baseline 0 -20"><span class='ocrx_word' id='word_1_295' title='bbox 371 4051 404 4122; x_wconf 81' lang='grc' dir='ltr'><strong>ὴ</strong></span> <span class='ocrx_word' id='word_1_296' title='bbox 440 4050 545 4121; x_wconf 78' lang='grc' dir='ltr'><strong>ἐμὴ</strong></span> <span class='ocrx_word' id='word_1_297' title='bbox 576 4051 960 4121; x_wconf 81' lang='grc' dir='ltr'>πεπλήρωται.</span> <span class='ocrx_word' id='word_1_298' title='bbox 1009 4069 1030 4102; x_wconf 69' lang='grc' dir='ltr'>ι</span> <span class='ocrx_word' id='word_1_299' title='bbox 1739 4107 1746 4112; x_wconf 93' lang='lat'>_</span> 
     </span>
    </p>
   </div>
   <div class='ocr_carea' id='block_1_46' title="bbox 438 4141 1954 4215">
    <p class='ocr_par' dir='ltr' id='par_1_46' title="bbox 438 4141 1954 4215">
     <span class='ocr_line' id='line_1_46' title="bbox 438 4141 1954 4215; baseline 0.003 -21"><span class='ocrx_word' id='word_1_300' title='bbox 438 4142 539 4194; x_wconf 79' lang='grc' dir='ltr'><strong>Διὰ</strong></span> <span class='ocrx_word' id='word_1_301' title='bbox 554 4141 648 4194; x_wconf 89' lang='grc' dir='ltr'><strong>τοῦ</strong></span> <span class='ocrx_word' id='word_1_302' title='bbox 668 4141 1050 4212; x_wconf 82' lang='grc' dir='ltr'>βαπτίσματος</span> <span class='ocrx_word' id='word_1_303' title='bbox 1071 4141 1407 4212; x_wconf 87' lang='grc' dir='ltr'>ννμφεύεται</span> <span class='ocrx_word' id='word_1_304' title='bbox 1425 4144 1452 4196; x_wconf 90' lang='lat'><strong>6</strong></span> <span class='ocrx_word' id='word_1_305' title='bbox 1473 4142 1709 4215; x_wconf 77' lang='grc' dir='ltr'>Χριστὸς</span> <span class='ocrx_word' id='word_1_306' title='bbox 1727 4142 1826 4215; x_wconf 80' lang='grc' dir='ltr'>τὴν</span> <span class='ocrx_word' id='word_1_307' title='bbox 1841 4144 1954 4198; x_wconf 84' lang='grc' dir='ltr'><strong>Ἐκ·</strong></span> 
     </span>
    </p>
   </div>
   <div class='ocr_carea' id='block_1_47' title="bbox 369 4231 1956 4305">
    <p class='ocr_par' dir='ltr' id='par_1_47' title="bbox 369 4231 1956 4305">
     <span class='ocr_line' id='line_1_47' title="bbox 369 4231 1956 4305; baseline 0.003 -21"><span class='ocrx_word' id='word_1_308' title='bbox 369 4231 596 4303; x_wconf 84' lang='grc' dir='ltr'>κλησίαν</span> <span class='ocrx_word' id='word_1_309' title='bbox 620 4232 1083 4302; x_wconf 83' lang='grc' dir='ltr'>ἁναγεννηθεῖσαν</span> <span class='ocrx_word' id='word_1_310' title='bbox 1103 4245 1122 4264; x_wconf 82' lang='grc'><strong>⁸</strong></span> <span class='ocrx_word' id='word_1_311' title='bbox 1158 4234 1190 4303; x_wconf 81' lang='grc' dir='ltr'><strong>ἡ</strong></span> <span class='ocrx_word' id='word_1_312' title='bbox 1224 4232 1281 4286; x_wconf 82' lang='grc' dir='ltr'>δὲ</span> <span class='ocrx_word' id='word_1_313' title='bbox 1306 4231 1536 4302; x_wconf 83' lang='grc' dir='ltr'>συζυγία</span> <span class='ocrx_word' id='word_1_314' title='bbox 1568 4232 1705 4305; x_wconf 83' lang='grc' dir='ltr'>αῦτη</span> <span class='ocrx_word' id='word_1_315' title='bbox 1729 4235 1762 4305; x_wconf 84' lang='grc' dir='ltr'>ἡ</span> <span class='ocrx_word' id='word_1_316' title='bbox 1792 4253 1956 4288; x_wconf 86' lang='grc' dir='ltr'>πνευ-</span> 
     </span>
    </p>
   </div>
   <div class='ocr_carea' id='block_1_48' title="bbox 369 4322 1949 4397">
    <p class='ocr_par' dir='ltr' id='par_1_48' title="bbox 369 4322 1949 4397">
     <span class='ocr_line' id='line_1_48' title="bbox 369 4322 1949 4397; baseline 0.002 -19"><span class='ocrx_word' id='word_1_317' title='bbox 369 4325 578 4395; x_wconf 84' lang='grc' dir='ltr'>ματικὴ</span> <span class='ocrx_word' id='word_1_318' title='bbox 616 4323 706 4378; x_wconf 80' lang='grc' dir='ltr'>διὰ</span> <span class='ocrx_word' id='word_1_319' title='bbox 735 4324 828 4378; x_wconf 87' lang='grc' dir='ltr'><strong>τοῦ</strong></span> <span class='ocrx_word' id='word_1_320' title='bbox 864 4322 1248 4378; x_wconf 84' lang='grc' dir='ltr'>διδασκαλικοῦ</span> <span class='ocrx_word' id='word_1_321' title='bbox 1301 4324 1461 4394; x_wconf 90' lang='grc' dir='ltr'>λόγου</span> <span class='ocrx_word' id='word_1_322' title='bbox 1513 4325 1778 4380; x_wconf 88' lang='grc' dir='ltr'>συνάπτει</span> <span class='ocrx_word' id='word_1_323' title='bbox 1811 4327 1949 4397; x_wconf 83' lang='grc' dir='ltr'>Θεῷ.</span> 
     </span>
    </p>
   </div>
   <div class='ocr_carea' id='block_1_49' title="bbox 368 4416 2029 4506">
    <p class='ocr_par' dir='ltr' id='par_1_49' title="bbox 368 4416 2029 4506">
     <span class='ocr_line' id='line_1_49' title="bbox 368 4416 2029 4506; baseline 0.001 -34"><span class='ocrx_word' id='word_1_324' title='bbox 368 4417 643 4487; x_wconf 81' lang='grc' dir='ltr'>Παρθένος</span> <span class='ocrx_word' id='word_1_325' title='bbox 663 4418 708 4470; x_wconf 84' lang='grc' dir='ltr'>δ’</span> <span class='ocrx_word' id='word_1_326' title='bbox 734 4418 873 4506; x_wconf 68' lang='grc' dir='ltr'>ἐστὶ,</span> <span class='ocrx_word' id='word_1_327' title='bbox 902 4417 997 4470; x_wconf 77' lang='grc' dir='ltr'><strong>καὶ</strong></span> <span class='ocrx_word' id='word_1_328' title='bbox 1044 4417 1205 4506; x_wconf 85' lang='grc' dir='ltr'>ἁγνὴ,</span> <span class='ocrx_word' id='word_1_329' title='bbox 1243 4417 1340 4470; x_wconf 74' lang='grc' dir='ltr'>καὶ</span> <span class='ocrx_word' id='word_1_330' title='bbox 1371 4416 1560 4488; x_wconf 80' lang='grc' dir='ltr'>νύμφη</span> <span class='ocrx_word' id='word_1_331' title='bbox 1614 4417 1702 4472; x_wconf 80' lang='grc' dir='ltr'><strong>διὰ</strong></span> <span class='ocrx_word' id='word_1_332' title='bbox 1724 4418 1825 4489; x_wconf 85' lang='grc' dir='ltr'>τὴν</span> <span class='ocrx_word' id='word_1_333' title='bbox 1843 4418 1950 4473; x_wconf 87' lang='grc' dir='ltr'><strong>τῶν</strong></span> <span class='ocrx_word' id='word_1_334' title='bbox 1986 4451 2029 4506; x_wconf 78' lang='lat' dir='ltr'><strong>D</strong></span> 
     </span>
    </p>
   </div>
   <div class='ocr_carea' id='block_1_50' title="bbox 366 4505 1948 4578">
    <p class='ocr_par' dir='ltr' id='par_1_50' title="bbox 366 4505 1948 4578">
     <span class='ocr_line' id='line_1_50' title="bbox 366 4505 1948 4578; baseline 0.001 -18"><span class='ocrx_word' id='word_1_335' title='bbox 366 4508 652 4577; x_wconf 85' lang='grc' dir='ltr'>δογμάτων</span> <span class='ocrx_word' id='word_1_336' title='bbox 678 4505 1010 4577; x_wconf 77' lang='grc' dir='ltr'>όρθότητα,ἡ</span> <span class='ocrx_word' id='word_1_337' title='bbox 1023 4505 1159 4576; x_wconf 81' lang='grc' dir='ltr'>αὑτὴ</span> <span class='ocrx_word' id='word_1_338' title='bbox 1178 4506 1274 4559; x_wconf 72' lang='grc' dir='ltr'>καὶ</span> <span class='ocrx_word' id='word_1_339' title='bbox 1286 4507 1425 4577; x_wconf 82' lang='grc' dir='ltr'>γυνή</span> <span class='ocrx_word' id='word_1_340' title='bbox 1444 4508 1562 4559; x_wconf 81' lang='grc' dir='ltr'>ἐστι</span> <span class='ocrx_word' id='word_1_341' title='bbox 1578 4507 1672 4560; x_wconf 91' lang='grc' dir='ltr'><strong>τοῦ</strong></span> <span class='ocrx_word' id='word_1_342' title='bbox 1685 4508 1948 4578; x_wconf 85' lang='grc' dir='ltr'>Χριστοῦ,</span> 
     </span>
    </p>
   </div>
   <div class='ocr_carea' id='block_1_51' title="bbox 366 4596 1953 4670">
    <p class='ocr_par' dir='ltr' id='par_1_51' title="bbox 366 4596 1953 4670">
     <span class='ocr_line' id='line_1_51' title="bbox 366 4596 1953 4670; baseline 0 -17"><span class='ocrx_word' id='word_1_343' title='bbox 366 4601 441 4662; x_wconf 73' lang='grc' dir='ltr'><strong>ὡς</strong></span> <span class='ocrx_word' id='word_1_344' title='bbox 473 4597 686 4666; x_wconf 81' lang='grc' dir='ltr'>ἀγαθὰς</span> <span class='ocrx_word' id='word_1_345' title='bbox 715 4596 964 4666; x_wconf 89' lang='grc' dir='ltr'>γεννῶσα</span> <span class='ocrx_word' id='word_1_346' title='bbox 999 4597 1246 4669; x_wconf 82' lang='grc' dir='ltr'>πράξεις,</span> <span class='ocrx_word' id='word_1_347' title='bbox 1278 4599 1378 4651; x_wconf 86' lang='grc' dir='ltr'><strong>οὐκ</strong></span> <span class='ocrx_word' id='word_1_348' title='bbox 1408 4598 1503 4668; x_wconf 82' lang='grc' dir='ltr'><strong>ἀφ’</strong></span> <span class='ocrx_word' id='word_1_349' title='bbox 1555 4599 1778 4670; x_wconf 78' lang='grc' dir='ltr'>ἑαυτῆς,</span> <span class='ocrx_word' id='word_1_350' title='bbox 1812 4599 1953 4654; x_wconf 84' lang='grc' dir='ltr'>ἀλλὰ</span> 
     </span>
    </p>
   </div>
   <div class='ocr_carea' id='block_1_52' title="bbox 363 4684 1950 4762">
    <p class='ocr_par' dir='ltr' id='par_1_52' title="bbox 363 4684 1950 4762">
     <span class='ocr_line' id='line_1_52' title="bbox 363 4684 1950 4762; baseline 0.001 -18"><span class='ocrx_word' id='word_1_351' title='bbox 363 4690 452 4744; x_wconf 82' lang='grc' dir='ltr'>διὰ</span> <span class='ocrx_word' id='word_1_352' title='bbox 471 4689 566 4744; x_wconf 90' lang='grc' dir='ltr'><strong>τοῦ</strong></span> <span class='ocrx_word' id='word_1_353' title='bbox 592 4687 972 4759; x_wconf 83' lang='grc' dir='ltr'>ὲνσπείροντος</span> <span class='ocrx_word' id='word_1_354' title='bbox 994 4690 1051 4741; x_wconf 85' lang='grc' dir='ltr'>ὲν</span> <span class='ocrx_word' id='word_1_355' title='bbox 1075 4689 1216 4760; x_wconf 82' lang='grc' dir='ltr'>αὐτῇ</span> <span class='ocrx_word' id='word_1_356' title='bbox 1241 4688 1503 4760; x_wconf 89' lang='grc' dir='ltr'>Χριστοῦ,</span> <span class='ocrx_word' id='word_1_357' title='bbox 1537 4684 1605 4762; x_wconf 78' lang='grc' dir='ltr'>ἧς</span> <span class='ocrx_word' id='word_1_358' title='bbox 1635 4691 1811 4757; x_wconf 67' lang='grc' dir='ltr'>οὐδεὶς</span> <span class='ocrx_word' id='word_1_359' title='bbox 1841 4692 1950 4746; x_wconf 87' lang='grc' dir='ltr'><strong>τῶν</strong></span> 
     </span>
    </p>
   </div>
   <div class='ocr_carea' id='block_1_53' title="bbox 363 4774 1951 4856">
    <p class='ocr_par' dir='ltr' id='par_1_53' title="bbox 363 4774 1951 4856">
     <span class='ocr_line' id='line_1_53' title="bbox 363 4774 1951 4856; baseline 0.003 -21"><span class='ocrx_word' id='word_1_360' title='bbox 363 4781 638 4852; x_wconf 84' lang='grc' dir='ltr'>γεννητῶν</span> <span class='ocrx_word' id='word_1_361' title='bbox 669 4780 892 4834; x_wconf 77' lang='grc' dir='ltr'>δύναται</span> <span class='ocrx_word' id='word_1_362' title='bbox 923 4774 1063 4834; x_wconf 69' lang='grc' dir='ltr'>εἶναι</span> <span class='ocrx_word' id='word_1_363' title='bbox 1107 4781 1362 4850; x_wconf 81' lang='grc' dir='ltr'>νυμφίος,</span> <span class='ocrx_word' id='word_1_364' title='bbox 1395 4783 1626 4854; x_wconf 78' lang='grc' dir='ltr'>ἐπείπερ</span> <span class='ocrx_word' id='word_1_365' title='bbox 1671 4784 1951 4856; x_wconf 83' lang='grc' dir='ltr'>πρωτοτύ-</span> 
     </span>
    </p>
   </div>
   <div class='ocr_carea' id='block_1_54' title="bbox 363 4869 1951 4946">
    <p class='ocr_par' dir='ltr' id='par_1_54' title="bbox 363 4869 1951 4946">
     <span class='ocr_line' id='line_1_54' title="bbox 363 4869 1951 4946; baseline 0.001 -18"><span class='ocrx_word' id='word_1_366' title='bbox 363 4893 480 4937; x_wconf 85' lang='grc' dir='ltr'>πως</span> <span class='ocrx_word' id='word_1_367' title='bbox 504 4871 874 4946; x_wconf 80' lang='grc' dir='ltr'>[πρωτοτύπῳ</span> <span class='ocrx_word' id='word_1_368' title='bbox 897 4869 1057 4942; x_wconf 87' lang='lat' dir='ltr'><strong>Cod.]</strong></span> <span class='ocrx_word' id='word_1_369' title='bbox 1084 4871 1260 4935; x_wconf 81' lang='grc' dir='ltr'>οὐδεὶς</span> <span class='ocrx_word' id='word_1_370' title='bbox 1284 4872 1464 4927; x_wconf 84' lang='grc' dir='ltr'>αὐτῶν</span> <span class='ocrx_word' id='word_1_371' title='bbox 1489 4875 1607 4926; x_wconf 80' lang='grc' dir='ltr'>ἐστι</span> <span class='ocrx_word' id='word_1_372' title='bbox 1627 4875 1790 4946; x_wconf 78' lang='grc' dir='ltr'>δοτὴρ</span> <span class='ocrx_word' id='word_1_373' title='bbox 1819 4877 1951 4944; x_wconf 84' lang='grc' dir='ltr'>ἀγα-</span> 
     </span>
    </p>
   </div>
   <div class='ocr_carea' id='block_1_55' title="bbox 364 4959 1948 5032">
    <p class='ocr_par' dir='ltr' id='par_1_55' title="bbox 364 4959 1948 5032">
     <span class='ocr_line' id='line_1_55' title="bbox 364 4959 1948 5032; baseline -0.001 -14"><span class='ocrx_word' id='word_1_374' title='bbox 364 4964 494 5021; x_wconf 87' lang='grc' dir='ltr'>θῶν.</span> <span class='ocrx_word' id='word_1_375' title='bbox 538 4965 698 5018; x_wconf 79' lang='grc' dir='ltr'>Πᾶσα</span> <span class='ocrx_word' id='word_1_376' title='bbox 730 4959 826 5018; x_wconf 84' lang='grc' dir='ltr'>οῦν</span> <span class='ocrx_word' id='word_1_377' title='bbox 856 4961 1049 5032; x_wconf 83' lang='grc' dir='ltr'>λογικὴ</span> <span class='ocrx_word' id='word_1_378' title='bbox 1088 4960 1252 5031; x_wconf 81' lang='grc' dir='ltr'>φύσις</span> <span class='ocrx_word' id='word_1_379' title='bbox 1303 4961 1556 5031; x_wconf 82' lang='grc' dir='ltr'>ἀγγέλων</span> <span class='ocrx_word' id='word_1_380' title='bbox 1595 4978 1656 5014; x_wconf 89' lang='grc' dir='ltr'><strong>τε</strong></span> <span class='ocrx_word' id='word_1_381' title='bbox 1707 4963 1805 5016; x_wconf 78' lang='grc' dir='ltr'><strong>καὶ</strong></span> <span class='ocrx_word' id='word_1_382' title='bbox 1855 4965 1948 5017; x_wconf 77' lang='lat' dir='ltr'><strong>dw-</strong></span> 
     </span>
    </p>
   </div>
   <div class='ocr_carea' id='block_1_56' title="bbox 363 5053 1271 5127">
    <p class='ocr_par' dir='ltr' id='par_1_56' title="bbox 363 5053 1271 5127">
     <span class='ocr_line' id='line_1_56' title="bbox 363 5053 1271 5127; baseline -0.002 -17"><span class='ocrx_word' id='word_1_383' title='bbox 363 5057 601 5127; x_wconf 81' lang='grc' dir='ltr'>θρὼπων</span> <span class='ocrx_word' id='word_1_384' title='bbox 630 5056 816 5127; x_wconf 87' lang='grc' dir='ltr'>νύμφη</span> <span class='ocrx_word' id='word_1_385' title='bbox 848 5055 1014 5108; x_wconf 81' lang='grc' dir='ltr'>ἐστίν.</span> <span class='ocrx_word' id='word_1_386' title='bbox 1049 5053 1271 5126; x_wconf 64' lang='grc' dir='ltr'><strong>(ϐων.)</strong></span> 
     </span>
    </p>
   </div>
   <div class='ocr_carea' id='block_1_57' title="bbox 433 5146 1944 5220">
    <p class='ocr_par' dir='ltr' id='par_1_57' title="bbox 433 5146 1944 5220">
     <span class='ocr_line' id='line_1_57' title="bbox 433 5146 1944 5220; baseline -0.002 -17"><span class='ocrx_word' id='word_1_387' title='bbox 433 5149 683 5219; x_wconf 88' lang='grc' dir='ltr'>Νυμφίος</span> <span class='ocrx_word' id='word_1_388' title='bbox 707 5149 856 5202; x_wconf 70' lang='grc' dir='ltr'>ἐστὶν</span> <span class='ocrx_word' id='word_1_389' title='bbox 877 5150 906 5201; x_wconf 91' lang='lat'><strong>6</strong></span> <span class='ocrx_word' id='word_1_390' title='bbox 933 5147 1170 5218; x_wconf 84' lang='grc' dir='ltr'>Χριστὸς</span> <span class='ocrx_word' id='word_1_391' title='bbox 1199 5147 1294 5200; x_wconf 77' lang='grc' dir='ltr'>καὶ</span> <span class='ocrx_word' id='word_1_392' title='bbox 1319 5147 1353 5218; x_wconf 82' lang='grc' dir='ltr'>ἡ</span> <span class='ocrx_word' id='word_1_393' title='bbox 1397 5146 1700 5218; x_wconf 87' lang='grc' dir='ltr'>Ἐκκλησία</span> <span class='ocrx_word' id='word_1_394' title='bbox 1734 5147 1944 5220; x_wconf 90' lang='grc' dir='ltr'>νύμφη,</span> 
     </span>
    </p>
   </div>
   <div class='ocr_carea' id='block_1_58' title="bbox 363 5237 1946 5311">
    <p class='ocr_par' dir='ltr' id='par_1_58' title="bbox 363 5237 1946 5311">
     <span class='ocr_line' id='line_1_58' title="bbox 363 5237 1946 5311; baseline 0 -17"><span class='ocrx_word' id='word_1_395' title='bbox 363 5242 458 5294; x_wconf 75' lang='grc' dir='ltr'><strong>καὶ</strong></span> <span class='ocrx_word' id='word_1_396' title='bbox 493 5243 520 5294; x_wconf 90' lang='lat'><strong>6</strong></span> <span class='ocrx_word' id='word_1_397' title='bbox 549 5239 777 5311; x_wconf 85' lang='grc' dir='ltr'>νυμφὼν</span> <span class='ocrx_word' id='word_1_398' title='bbox 799 5241 827 5293; x_wconf 93' lang='lat'><strong>6</strong></span> <span class='ocrx_word' id='word_1_399' title='bbox 852 5241 1014 5304; x_wconf 86' lang='grc' dir='ltr'>τόπος</span> <span class='ocrx_word' id='word_1_400' title='bbox 1039 5238 1134 5293; x_wconf 89' lang='grc' dir='ltr'><strong>τοῦ</strong></span> <span class='ocrx_word' id='word_1_401' title='bbox 1158 5238 1556 5310; x_wconf 85' lang='grc' dir='ltr'>βαπτίσματος,</span> <span class='ocrx_word' id='word_1_402' title='bbox 1584 5237 1714 5294; x_wconf 77' lang='grc' dir='ltr'>ἔνθα</span> <span class='ocrx_word' id='word_1_403' title='bbox 1737 5239 1946 5308; x_wconf 76' lang='grc' dir='ltr'>γίνεται</span> 
     </span>
    </p>
   </div>
   <div class='ocr_carea' id='block_1_59' title="bbox 361 5330 1947 5404">
    <p class='ocr_par' dir='ltr' id='par_1_59' title="bbox 361 5330 1947 5404">
     <span class='ocr_line' id='line_1_59' title="bbox 361 5330 1947 5404; baseline 0.002 -20"><span class='ocrx_word' id='word_1_404' title='bbox 361 5334 396 5403; x_wconf 79' lang='grc' dir='ltr'>ἡ</span> <span class='ocrx_word' id='word_1_405' title='bbox 429 5330 776 5401; x_wconf 82' lang='grc' dir='ltr'>πνευματικὴ</span> <span class='ocrx_word' id='word_1_406' title='bbox 823 5330 1110 5400; x_wconf 86' lang='grc' dir='ltr'>συνάφεια,</span> <span class='ocrx_word' id='word_1_407' title='bbox 1163 5330 1352 5401; x_wconf 78' lang='grc' dir='ltr'>ἐπειδὴ</span> <span class='ocrx_word' id='word_1_408' title='bbox 1381 5331 1558 5386; x_wconf 82' lang='grc' dir='ltr'>πάντα</span> <span class='ocrx_word' id='word_1_409' title='bbox 1598 5332 1806 5404; x_wconf 84' lang='grc' dir='ltr'>φαιδρὰ</span> <span class='ocrx_word' id='word_1_410' title='bbox 1849 5335 1947 5388; x_wconf 73' lang='grc' dir='ltr'>καὶ</span> 
     </span>
    </p>
   </div>
   <div class='ocr_carea' id='block_1_60' title="bbox 363 5422 1946 5496">
    <p class='ocr_par' dir='ltr' id='par_1_60' title="bbox 363 5422 1946 5496">
     <span class='ocr_line' id='line_1_60' title="bbox 363 5422 1946 5496; baseline 0.001 -19"><span class='ocrx_word' id='word_1_411' title='bbox 363 5425 537 5496; x_wconf 81' lang='grc' dir='ltr'>χαρᾶς</span> <span class='ocrx_word' id='word_1_412' title='bbox 571 5424 852 5493; x_wconf 85' lang='grc' dir='ltr'>ἀνάμεστα</span> <span class='ocrx_word' id='word_1_413' title='bbox 882 5423 976 5476; x_wconf 75' lang='grc' dir='ltr'>καὶ</span> <span class='ocrx_word' id='word_1_414' title='bbox 1010 5422 1376 5494; x_wconf 84' lang='grc' dir='ltr'>εὐφροσύνης.</span> <span class='ocrx_word' id='word_1_415' title='bbox 1411 5422 1478 5476; x_wconf 93' lang='grc' dir='ltr'>Τί</span> <span class='ocrx_word' id='word_1_416' title='bbox 1515 5423 1625 5496; x_wconf 78' lang='grc' dir='ltr'>γάρ</span> <span class='ocrx_word' id='word_1_417' title='bbox 1661 5423 1946 5496; x_wconf 79' lang='grc' dir='ltr'>μακαριώ-</span> 
     </span>
    </p>
   </div>
   <div class='ocr_carea' id='block_1_61' title="bbox 361 5512 1944 5586">
    <p class='ocr_par' dir='ltr' id='par_1_61' title="bbox 361 5512 1944 5586">
     <span class='ocr_line' id='line_1_61' title="bbox 361 5512 1944 5586; baseline 0 -17"><span class='ocrx_word' id='word_1_418' title='bbox 361 5533 518 5585; x_wconf 86' lang='grc' dir='ltr'>τερον</span> <span class='ocrx_word' id='word_1_419' title='bbox 555 5514 651 5568; x_wconf 88' lang='grc' dir='ltr'><strong>τοῦ</strong></span> <span class='ocrx_word' id='word_1_420' title='bbox 693 5512 1092 5584; x_wconf 81' lang='grc' dir='ltr'>καθαρισθῆναι</span> <span class='ocrx_word' id='word_1_421' title='bbox 1125 5513 1416 5585; x_wconf 81' lang='grc' dir='ltr'>ἁμαρτιῶν</span> <span class='ocrx_word' id='word_1_422' title='bbox 1462 5515 1559 5569; x_wconf 76' lang='grc' dir='ltr'><strong>καὶ</strong></span> <span class='ocrx_word' id='word_1_423' title='bbox 1613 5515 1944 5586; x_wconf 80' lang='grc' dir='ltr'>κολληθῆναι</span> 
     </span>
    </p>
   </div>
   <div class='ocr_carea' id='block_1_62' title="bbox 359 5604 1945 5680">
    <p class='ocr_par' dir='ltr' id='par_1_62' title="bbox 359 5604 1945 5680">
     <span class='ocr_line' id='line_1_62' title="bbox 359 5604 1945 5680; baseline 0.001 -20"><span class='ocrx_word' id='word_1_424' title='bbox 359 5607 501 5680; x_wconf 83' lang='grc' dir='ltr'><strong>Θεῷ,</strong></span> <span class='ocrx_word' id='word_1_425' title='bbox 543 5607 639 5661; x_wconf 81' lang='grc' dir='ltr'>καὶ</span> <span class='ocrx_word' id='word_1_426' title='bbox 684 5605 940 5660; x_wconf 76' lang='grc' dir='ltr'>κοινωνὸν</span> <span class='ocrx_word' id='word_1_427' title='bbox 973 5604 1228 5675; x_wconf 82' lang='grc' dir='ltr'>γενέσθαι</span> <span class='ocrx_word' id='word_1_428' title='bbox 1271 5604 1424 5671; x_wconf 88' lang='grc' dir='ltr'>θείας</span> <span class='ocrx_word' id='word_1_429' title='bbox 1467 5607 1684 5676; x_wconf 84' lang='grc' dir='ltr'>φύσεως</span> <span class='ocrx_word' id='word_1_430' title='bbox 1715 5607 1804 5662; x_wconf 82' lang='grc' dir='ltr'><strong>διὰ</strong></span> <span class='ocrx_word' id='word_1_431' title='bbox 1845 5610 1945 5679; x_wconf 79' lang='grc' dir='ltr'>τῆς</span> 
     </span>
    </p>
   </div>
   <div class='ocr_carea' id='block_1_63' title="bbox 358 5697 1942 5773">
    <p class='ocr_par' dir='ltr' id='par_1_63' title="bbox 358 5697 1942 5773">
     <span class='ocr_line' id='line_1_63' title="bbox 358 5697 1942 5773; baseline -0.001 -17"><span class='ocrx_word' id='word_1_432' title='bbox 358 5699 452 5756; x_wconf 76' lang='grc' dir='ltr'><strong>τοῦ</strong></span> <span class='ocrx_word' id='word_1_433' title='bbox 488 5700 645 5773; x_wconf 82' lang='grc' dir='ltr'>ἁγίου</span> <span class='ocrx_word' id='word_1_434' title='bbox 685 5699 1005 5771; x_wconf 87' lang='grc' dir='ltr'>Πνεύματος</span> <span class='ocrx_word' id='word_1_435' title='bbox 1064 5697 1607 5771; x_wconf 85' lang='grc' dir='ltr'>μετουσίας;Ταῦτα</span> <span class='ocrx_word' id='word_1_436' title='bbox 1638 5699 1746 5771; x_wconf 84' lang='grc' dir='ltr'><strong>γὰρ</strong></span> <span class='ocrx_word' id='word_1_437' title='bbox 1778 5702 1806 5753; x_wconf 88' lang='lat'><strong>6</strong></span> <span class='ocrx_word' id='word_1_438' title='bbox 1845 5701 1942 5772; x_wconf 78' lang='grc' dir='ltr'><strong>ἀρ·</strong></span> 
     </span>
    </p>
   </div>
   <div class='ocr_carea' id='block_1_64' title="bbox 2063 487 3655 560">
    <p class='ocr_par' dir='ltr' id='par_1_64' title="bbox 2063 487 3655 560">
     <span class='ocr_line' id='line_1_64' title="bbox 2063 487 3655 560; baseline 0.004 -22"><span class='ocrx_word' id='word_1_439' title='bbox 2063 487 2302 555; x_wconf 87' lang='lat' dir='ltr'><strong>turpium</strong></span> <span class='ocrx_word' id='word_1_440' title='bbox 2340 490 2518 543; x_wconf 84' lang='lat' dir='ltr'><strong>tradat</strong></span> <span class='ocrx_word' id='word_1_441' title='bbox 2571 490 2907 558; x_wconf 82' lang='lat' dir='ltr'><strong>passionum,</strong></span> <span class='ocrx_word' id='word_1_442' title='bbox 2952 489 3195 560; x_wconf 80' lang='lat' dir='ltr'><strong>nolitque</strong></span> <span class='ocrx_word' id='word_1_443' title='bbox 3232 490 3520 558; x_wconf 82' lang='lat' dir='ltr'><strong>pessimam</strong></span> <span class='ocrx_word' id='word_1_444' title='bbox 3558 491 3655 544; x_wconf 90' lang='lat' dir='ltr'><strong>ab-</strong></span> 
     </span>
    </p>
   </div>
   <div class='ocr_carea' id='block_1_65' title="bbox 2068 578 3652 648">
    <p class='ocr_par' dir='ltr' id='par_1_65' title="bbox 2068 578 3652 648">
     <span class='ocr_line' id='line_1_65' title="bbox 2068 578 3652 648; baseline 0.005 -20"><span class='ocrx_word' id='word_1_445' title='bbox 2068 589 2320 644; x_wconf 87' lang='lat' dir='ltr'><strong>rumpere</strong></span> <span class='ocrx_word' id='word_1_446' title='bbox 2347 579 2816 634; x_wconf 79' lang='lat' dir='ltr'><strong>consuetudinem.</strong></span> <span class='ocrx_word' id='word_1_447' title='bbox 2853 578 2955 646; x_wconf 82' lang='lat' dir='ltr'><strong>Qui</strong></span> <span class='ocrx_word' id='word_1_448' title='bbox 2987 579 3121 634; x_wconf 83' lang='lat' dir='ltr'><strong>tales</strong></span> <span class='ocrx_word' id='word_1_449' title='bbox 3151 587 3299 644; x_wconf 90' lang='lat' dir='ltr'><strong>sunt,</strong></span> <span class='ocrx_word' id='word_1_450' title='bbox 3341 580 3527 648; x_wconf 88' lang='lat' dir='ltr'><strong>utique</strong></span> <span class='ocrx_word' id='word_1_451' title='bbox 3572 579 3652 636; x_wconf 87' lang='lat' dir='ltr'><strong>lu-</strong></span> 
     </span>
    </p>
   </div>
   <div class='ocr_carea' id='block_1_66' title="bbox 2062 671 3656 742">
    <p class='ocr_par' dir='ltr' id='par_1_66' title="bbox 2062 671 3656 742">
     <span class='ocr_line' id='line_1_66' title="bbox 2062 671 3656 742; baseline 0.003 -22"><span class='ocrx_word' id='word_1_452' title='bbox 2062 683 2178 722; x_wconf 87' lang='lat' dir='ltr'><strong>cem</strong></span> <span class='ocrx_word' id='word_1_453' title='bbox 2215 679 2436 737; x_wconf 92' lang='lat' dir='ltr'><strong>norunt,</strong></span> <span class='ocrx_word' id='word_1_454' title='bbox 2483 671 2578 726; x_wconf 91' lang='lat' dir='ltr'><strong>sed</strong></span> <span class='ocrx_word' id='word_1_455' title='bbox 2609 672 2675 726; x_wconf 89' lang='lat' dir='ltr'><strong>ad</strong></span> <span class='ocrx_word' id='word_1_456' title='bbox 2704 685 2824 725; x_wconf 92' lang='lat' dir='ltr'><strong>eam</strong></span> <span class='ocrx_word' id='word_1_457' title='bbox 2867 673 3052 726; x_wconf 85' lang='lat' dir='ltr'><strong>venire</strong></span> <span class='ocrx_word' id='word_1_458' title='bbox 3085 680 3339 738; x_wconf 89' lang='lat' dir='ltr'><strong>renuunt,</strong></span> <span class='ocrx_word' id='word_1_459' title='bbox 3391 687 3460 727; x_wconf 91' lang='lat' dir='ltr'><strong>ne</strong></span> <span class='ocrx_word' id='word_1_460' title='bbox 3489 673 3656 742; x_wconf 82' lang='lat' dir='ltr'><strong>hypo-</strong></span> 
     </span>
    </p>
   </div>
   <div class='ocr_carea' id='block_1_67' title="bbox 2063 760 3647 832">
    <p class='ocr_par' dir='ltr' id='par_1_67' title="bbox 2063 760 3647 832">
     <span class='ocr_line' id='line_1_67' title="bbox 2063 760 3647 832; baseline 0.001 -17"><span class='ocrx_word' id='word_1_461' title='bbox 2063 760 2225 816; x_wconf 90' lang='lat' dir='ltr'><strong>crisis</strong></span> <span class='ocrx_word' id='word_1_462' title='bbox 2279 776 2464 817; x_wconf 89' lang='lat' dir='ltr'><strong>eorum</strong></span> <span class='ocrx_word' id='word_1_463' title='bbox 2527 765 2903 832; x_wconf 79' lang='lat' dir='ltr'><strong>redarguatur,</strong></span> <span class='ocrx_word' id='word_1_464' title='bbox 2971 761 3064 831; x_wconf 87' lang='lat' dir='ltr'><strong>qui</strong></span> <span class='ocrx_word' id='word_1_465' title='bbox 3122 763 3310 816; x_wconf 87' lang='lat' dir='ltr'><strong>dicunt</strong></span> <span class='ocrx_word' id='word_1_466' title='bbox 3375 775 3437 816; x_wconf 89' lang='lat' dir='ltr'><strong>se</strong></span> <span class='ocrx_word' id='word_1_467' title='bbox 3487 776 3647 817; x_wconf 89' lang='lat' dir='ltr'><strong>nosse</strong></span> 
     </span>
    </p>
   </div>
   <div class='ocr_carea' id='block_1_68' title="bbox 2066 851 2923 924">
    <p class='ocr_par' dir='ltr' id='par_1_68' title="bbox 2066 851 2923 924">
     <span class='ocr_line' id='line_1_68' title="bbox 2066 851 2923 924; baseline 0.004 -21"><span class='ocrx_word' id='word_1_468' title='bbox 2066 851 2258 916; x_wconf 83' lang='lat' dir='ltr'><strong>Deum,</strong></span> <span class='ocrx_word' id='word_1_469' title='bbox 2300 852 2461 908; x_wconf 81' lang='lat' dir='ltr'><strong>factis</strong></span> <span class='ocrx_word' id='word_1_470' title='bbox 2492 862 2672 908; x_wconf 89' lang='lat' dir='ltr'><strong>autem</strong></span> <span class='ocrx_word' id='word_1_471' title='bbox 2702 861 2923 924; x_wconf 79' lang='lat' dir='ltr'><strong>negant.</strong></span> 
     </span>
    </p>
   </div>
   <div class='ocr_carea' id='block_1_69' title="bbox 2123 937 3652 1009">
    <p class='ocr_par' dir='ltr' id='par_1_69' title="bbox 2123 937 3652 1009">
     <span class='ocr_line' id='line_1_69' title="bbox 2123 937 3652 1009; baseline 0 -15"><span class='ocrx_word' id='word_1_472' title='bbox 2123 939 2294 998; x_wconf 75' lang='lat' dir='ltr'><strong>Vsus.</strong></span> <span class='ocrx_word' id='word_1_473' title='bbox 2333 941 2424 994; x_wconf 74' lang='lat'><strong>22.</strong></span> <span class='ocrx_word' id='word_1_474' title='bbox 2460 960 2478 993; x_wconf 77' lang='grc' dir='ltr'>ι</span> <span class='ocrx_word' id='word_1_475' title='bbox 2501 941 2630 998; x_wconf 87' lang='lat' dir='ltr'><strong>Post</strong></span> <span class='ocrx_word' id='word_1_476' title='bbox 2663 942 2778 996; x_wconf 43' lang='lat' dir='ltr'><strong>haec</strong></span> <span class='ocrx_word' id='word_1_477' title='bbox 2805 943 2952 996; x_wconf 83' lang='lat' dir='ltr'><strong>venit</strong></span> <span class='ocrx_word' id='word_1_478' title='bbox 2975 939 3152 1005; x_wconf 88' lang='lat' dir='ltr'><strong>Jesus,</strong></span> <span class='ocrx_word' id='word_1_479' title='bbox 3185 949 3240 995; x_wconf 90' lang='lat' dir='ltr'><strong>et</strong></span> <span class='ocrx_word' id='word_1_480' title='bbox 3269 937 3513 1009; x_wconf 87' lang='lat' dir='ltr'><strong>discipuli</strong></span> <span class='ocrx_word' id='word_1_481' title='bbox 3537 937 3652 1008; x_wconf 86' lang='lat' dir='ltr'><strong>ejus</strong></span> 
     </span>
    </p>
   </div>
   <div class='ocr_carea' id='block_1_70' title="bbox 2063 1028 3654 1094">
    <p class='ocr_par' dir='ltr' id='par_1_70' title="bbox 2063 1028 3654 1094">
     <span class='ocr_line' id='line_1_70' title="bbox 2063 1028 3654 1094; baseline 0 -11"><span class='ocrx_word' id='word_1_482' title='bbox 2063 1029 2116 1084; x_wconf 90' lang='lat' dir='ltr'><strong>in</strong></span> <span class='ocrx_word' id='word_1_483' title='bbox 2149 1039 2350 1083; x_wconf 89' lang='lat' dir='ltr'><strong>terram</strong></span> <span class='ocrx_word' id='word_1_484' title='bbox 2379 1029 2660 1086; x_wconf 64' lang='lat' dir='ltr'><strong>Judmam:</strong></span> <span class='ocrx_word' id='word_1_485' title='bbox 2690 1037 2745 1086; x_wconf 87' lang='lat' dir='ltr'><strong>et</strong></span> <span class='ocrx_word' id='word_1_486' title='bbox 2767 1030 2878 1085; x_wconf 89' lang='lat' dir='ltr'><strong>illic</strong></span> <span class='ocrx_word' id='word_1_487' title='bbox 2910 1029 3298 1086; x_wconf 86' lang='lat' dir='ltr'><strong>demorabatur</strong></span> <span class='ocrx_word' id='word_1_488' title='bbox 3325 1043 3446 1082; x_wconf 92' lang='lat' dir='ltr'><strong>cum</strong></span> <span class='ocrx_word' id='word_1_489' title='bbox 3476 1028 3580 1094; x_wconf 87' lang='lat' dir='ltr'><strong>eis,</strong></span> <span class='ocrx_word' id='word_1_490' title='bbox 3599 1037 3654 1083; x_wconf 91' lang='lat' dir='ltr'><strong>et</strong></span> 
     </span>
    </p>
   </div>
   <div class='ocr_carea' id='block_1_71' title="bbox 2064 1122 2448 1191">
    <p class='ocr_par' dir='ltr' id='par_1_71' title="bbox 2064 1122 2448 1191">
     <span class='ocr_line' id='line_1_71' title="bbox 2064 1122 2448 1191; baseline -0.008 -14"><span class='ocrx_word' id='word_1_491' title='bbox 2064 1122 2396 1191; x_wconf 83' lang='lat' dir='ltr'><strong>baptizabat.</strong></span> <span class='ocrx_word' id='word_1_492' title='bbox 2429 1141 2448 1174; x_wconf 74' lang='grc' dir='ltr'>ι</span> 
     </span>
    </p>
   </div>
   <div class='ocr_carea' id='block_1_72' title="bbox 2126 1213 3650 1286">
    <p class='ocr_par' dir='ltr' id='par_1_72' title="bbox 2126 1213 3650 1286">
     <span class='ocr_line' id='line_1_72' title="bbox 2126 1213 3650 1286; baseline 0.001 -18"><span class='ocrx_word' id='word_1_493' title='bbox 2126 1213 2244 1269; x_wconf 83' lang='grc' dir='ltr'>Νοη</span> <span class='ocrx_word' id='word_1_494' title='bbox 2278 1216 2394 1286; x_wconf 91' lang='lat' dir='ltr'><strong>ipse</strong></span> <span class='ocrx_word' id='word_1_495' title='bbox 2419 1217 2738 1286; x_wconf 81' lang='lat' dir='ltr'><strong>baptizavit,</strong></span> <span class='ocrx_word' id='word_1_496' title='bbox 2759 1217 2853 1272; x_wconf 90' lang='lat' dir='ltr'><strong>sed</strong></span> <span class='ocrx_word' id='word_1_497' title='bbox 2871 1216 3114 1286; x_wconf 88' lang='lat' dir='ltr'><strong>discipuli</strong></span> <span class='ocrx_word' id='word_1_498' title='bbox 3140 1215 3256 1285; x_wconf 87' lang='lat' dir='ltr'><strong>ejus</strong></span> <span class='ocrx_word' id='word_1_499' title='bbox 3275 1236 3292 1270; x_wconf 88' lang='lat'><strong>:</strong></span> <span class='ocrx_word' id='word_1_500' title='bbox 3332 1215 3448 1286; x_wconf 90' lang='lat' dir='ltr'><strong>ipse</strong></span> <span class='ocrx_word' id='word_1_501' title='bbox 3469 1223 3650 1270; x_wconf 89' lang='lat' dir='ltr'><strong>autem</strong></span> 
     </span>
    </p>
   </div>
   <div class='ocr_carea' id='block_1_73' title="bbox 2067 1306 3654 1379">
    <p class='ocr_par' dir='ltr' id='par_1_73' title="bbox 2067 1306 3654 1379">
     <span class='ocr_line' id='line_1_73' title="bbox 2067 1306 3654 1379; baseline 0.001 -19"><span class='ocrx_word' id='word_1_502' title='bbox 2067 1306 2122 1360; x_wconf 91' lang='lat' dir='ltr'><strong>in</strong></span> <span class='ocrx_word' id='word_1_503' title='bbox 2173 1308 2382 1376; x_wconf 87' lang='lat' dir='ltr'><strong>Spiritu</strong></span> <span class='ocrx_word' id='word_1_504' title='bbox 2428 1308 2752 1379; x_wconf 85' lang='lat' dir='ltr'><strong>baptizavit.</strong></span> <span class='ocrx_word' id='word_1_505' title='bbox 2810 1308 2964 1364; x_wconf 89' lang='lat' dir='ltr'><strong>Tunc</strong></span> <span class='ocrx_word' id='word_1_506' title='bbox 3017 1319 3224 1374; x_wconf 89' lang='lat' dir='ltr'><strong>autem,</strong></span> <span class='ocrx_word' id='word_1_507' title='bbox 3285 1318 3470 1378; x_wconf 90' lang='lat' dir='ltr'><strong>utpote</strong></span> <span class='ocrx_word' id='word_1_508' title='bbox 3527 1316 3654 1362; x_wconf 87' lang='lat' dir='ltr'><strong>ante</strong></span> 
     </span>
    </p>
   </div>
   <div class='ocr_carea' id='block_1_74' title="bbox 2065 1397 3648 1469">
    <p class='ocr_par' dir='ltr' id='par_1_74' title="bbox 2065 1397 3648 1469">
     <span class='ocr_line' id='line_1_74' title="bbox 2065 1397 3648 1469; baseline 0.001 -21"><span class='ocrx_word' id='word_1_509' title='bbox 2065 1397 2398 1466; x_wconf 80' lang='lat' dir='ltr'><strong>passionem,</strong></span> <span class='ocrx_word' id='word_1_510' title='bbox 2430 1400 2667 1454; x_wconf 89' lang='lat' dir='ltr'><strong>nondum</strong></span> <span class='ocrx_word' id='word_1_511' title='bbox 2702 1408 2820 1454; x_wconf 86' lang='lat' dir='ltr'><strong>erat</strong></span> <span class='ocrx_word' id='word_1_512' title='bbox 2850 1407 3061 1469; x_wconf 88' lang='lat' dir='ltr'><strong>tempus</strong></span> <span class='ocrx_word' id='word_1_513' title='bbox 3091 1399 3326 1454; x_wconf 87' lang='lat' dir='ltr'><strong>donandi</strong></span> <span class='ocrx_word' id='word_1_514' title='bbox 3364 1397 3648 1468; x_wconf 89' lang='lat' dir='ltr'><strong>Spiritum.</strong></span> 
     </span>
    </p>
   </div>
   <div class='ocr_carea' id='block_1_75' title="bbox 2065 1488 3652 1561">
    <p class='ocr_par' dir='ltr' id='par_1_75' title="bbox 2065 1488 3652 1561">
     <span class='ocr_line' id='line_1_75' title="bbox 2065 1488 3652 1561; baseline -0.001 -17"><span class='ocrx_word' id='word_1_515' title='bbox 2065 1489 2363 1556; x_wconf 69' lang='lat' dir='ltr'><strong>Caeterum,</strong></span> <span class='ocrx_word' id='word_1_516' title='bbox 2428 1492 2693 1561; x_wconf 89' lang='lat' dir='ltr'><strong>baptisma</strong></span> <span class='ocrx_word' id='word_1_517' title='bbox 2751 1490 3134 1560; x_wconf 80' lang='lat' dir='ltr'><strong>Evangelicum</strong></span> <span class='ocrx_word' id='word_1_518' title='bbox 3192 1490 3458 1555; x_wconf 82' lang='lat' dir='ltr'><strong>tradebat,</strong></span> <span class='ocrx_word' id='word_1_519' title='bbox 3507 1488 3652 1558; x_wconf 87' lang='lat' dir='ltr'><strong>quod</strong></span> 
     </span>
    </p>
   </div>
   <div class='ocr_carea' id='block_1_76' title="bbox 2065 1580 3651 1652">
    <p class='ocr_par' dir='ltr' id='par_1_76' title="bbox 2065 1580 3651 1652">
     <span class='ocr_line' id='line_1_76' title="bbox 2065 1580 3651 1652; baseline -0.001 -17"><span class='ocrx_word' id='word_1_520' title='bbox 2065 1581 2294 1637; x_wconf 89' lang='lat' dir='ltr'><strong>multum</strong></span> <span class='ocrx_word' id='word_1_521' title='bbox 2329 1591 2500 1638; x_wconf 90' lang='lat' dir='ltr'><strong>erata</strong></span> <span class='ocrx_word' id='word_1_522' title='bbox 2531 1581 2759 1638; x_wconf 83' lang='lat' dir='ltr'><strong>Joannis</strong></span> <span class='ocrx_word' id='word_1_523' title='bbox 2783 1583 3109 1652; x_wconf 83' lang='lat' dir='ltr'><strong>baptismate</strong></span> <span class='ocrx_word' id='word_1_524' title='bbox 3134 1583 3429 1638; x_wconf 90' lang='lat' dir='ltr'><strong>diversum.</strong></span> <span class='ocrx_word' id='word_1_525' title='bbox 3489 1580 3651 1635; x_wconf 84' lang='lat' dir='ltr'><strong>Chri-</strong></span> 
     </span>
    </p>
   </div>
   <div class='ocr_carea' id='block_1_77' title="bbox 2067 1673 3648 1744">
    <p class='ocr_par' dir='ltr' id='par_1_77' title="bbox 2067 1673 3648 1744">
     <span class='ocr_line' id='line_1_77' title="bbox 2067 1673 3648 1744; baseline -0.001 -16"><span class='ocrx_word' id='word_1_526' title='bbox 2067 1682 2184 1728; x_wconf 84' lang='lat' dir='ltr'><strong>stus</strong></span> <span class='ocrx_word' id='word_1_527' title='bbox 2219 1688 2316 1743; x_wconf 89' lang='lat' dir='ltr'><strong>per</strong></span> <span class='ocrx_word' id='word_1_528' title='bbox 2339 1689 2533 1728; x_wconf 90' lang='lat' dir='ltr'><strong>manus</strong></span> <span class='ocrx_word' id='word_1_529' title='bbox 2564 1674 2951 1743; x_wconf 87' lang='lat' dir='ltr'><strong>Apostolorum</strong></span> <span class='ocrx_word' id='word_1_530' title='bbox 2975 1673 3310 1744; x_wconf 88' lang='lat' dir='ltr'><strong>baptizabat,</strong></span> <span class='ocrx_word' id='word_1_531' title='bbox 3356 1673 3432 1726; x_wconf 90' lang='lat' dir='ltr'><strong>uti</strong></span> <span class='ocrx_word' id='word_1_532' title='bbox 3461 1687 3524 1728; x_wconf 85' lang='lat' dir='ltr'><strong>ex</strong></span> <span class='ocrx_word' id='word_1_533' title='bbox 3554 1686 3648 1726; x_wconf 82' lang='lat' dir='ltr'><strong>se-</strong></span> 
     </span>
    </p>
   </div>
   <div class='ocr_carea' id='block_1_78' title="bbox 1993 1762 2704 1834">
    <p class='ocr_par' dir='ltr' id='par_1_78' title="bbox 1993 1762 2704 1834">
     <span class='ocr_line' id='line_1_78' title="bbox 1993 1762 2704 1834; baseline 0.006 -20"><span class='ocrx_word' id='word_1_534' title='bbox 1993 1772 2038 1828; x_wconf 84' lang='lat' dir='ltr'><strong>B</strong></span> <span class='ocrx_word' id='word_1_535' title='bbox 2067 1763 2357 1834; x_wconf 87' lang='lat' dir='ltr'><strong>quentibus</strong></span> <span class='ocrx_word' id='word_1_536' title='bbox 2381 1762 2586 1818; x_wconf 89' lang='lat' dir='ltr'><strong>clarum</strong></span> <span class='ocrx_word' id='word_1_537' title='bbox 2627 1764 2704 1818; x_wconf 80' lang='lat' dir='ltr'><strong>(it.</strong></span> 
     </span>
    </p>
   </div>
   <div class='ocr_carea' id='block_1_79' title="bbox 2133 1842 3650 1924">
    <p class='ocr_par' dir='ltr' id='par_1_79' title="bbox 2133 1842 3650 1924">
     <span class='ocr_line' id='line_1_79' title="bbox 2133 1842 3650 1924; baseline -0.002 -12"><span class='ocrx_word' id='word_1_538' title='bbox 2133 1857 2303 1915; x_wconf 78' lang='lat' dir='ltr'><strong>Vens.</strong></span> <span class='ocrx_word' id='word_1_539' title='bbox 2330 1855 2422 1910; x_wconf 70' lang='lat'><strong>25.</strong></span> <span class='ocrx_word' id='word_1_540' title='bbox 2461 1875 2480 1908; x_wconf 79' lang='grc' dir='ltr'>ι</span> <span class='ocrx_word' id='word_1_541' title='bbox 2513 1855 2678 1910; x_wconf 87' lang='lat' dir='ltr'><strong>Facta</strong></span> <span class='ocrx_word' id='word_1_542' title='bbox 2702 1861 2787 1911; x_wconf 85' lang='lat' dir='ltr'><strong>est</strong></span> <span class='ocrx_word' id='word_1_543' title='bbox 2815 1863 2992 1909; x_wconf 88' lang='lat' dir='ltr'><strong>autem</strong></span> <span class='ocrx_word' id='word_1_544' title='bbox 3030 1855 3254 1924; x_wconf 83' lang='lat' dir='ltr'><strong>quaestio</strong></span> <span class='ocrx_word' id='word_1_545' title='bbox 3282 1867 3347 1907; x_wconf 85' lang='lat' dir='ltr'><strong>ex</strong></span> <span class='ocrx_word' id='word_1_546' title='bbox 3372 1842 3650 1922; x_wconf 78' lang='lat' dir='ltr'><strong>discipulis</strong></span> 
     </span>
    </p>
   </div>
   <div class='ocr_carea' id='block_1_80' title="bbox 2063 1947 3258 2016">
    <p class='ocr_par' dir='ltr' id='par_1_80' title="bbox 2063 1947 3258 2016">
     <span class='ocr_line' id='line_1_80' title="bbox 2063 1947 3258 2016; baseline -0.004 -12"><span class='ocrx_word' id='word_1_547' title='bbox 2063 1948 2288 2004; x_wconf 91' lang='lat' dir='ltr'><strong>Joannis</strong></span> <span class='ocrx_word' id='word_1_548' title='bbox 2313 1963 2436 2002; x_wconf 90' lang='lat' dir='ltr'><strong>cum</strong></span> <span class='ocrx_word' id='word_1_549' title='bbox 2461 1947 2663 2003; x_wconf 68' lang='lat' dir='ltr'><strong>Judaeis</strong></span> <span class='ocrx_word' id='word_1_550' title='bbox 2695 1949 2760 2002; x_wconf 89' lang='lat' dir='ltr'><strong>de</strong></span> <span class='ocrx_word' id='word_1_551' title='bbox 2793 1947 3168 2016; x_wconf 79' lang='lat' dir='ltr'><strong>puriﬁcatione</strong></span> <span class='ocrx_word' id='word_1_552' title='bbox 3197 1985 3210 2000; x_wconf 94' lang='lat'><strong>.</strong></span> <span class='ocrx_word' id='word_1_553' title='bbox 3239 1964 3258 1998; x_wconf 81' lang='grc'>›</span> 
     </span>
    </p>
   </div>
   <div class='ocr_carea' id='block_1_81' title="bbox 2124 2036 3652 2109">
    <p class='ocr_par' dir='ltr' id='par_1_81' title="bbox 2124 2036 3652 2109">
     <span class='ocr_line' id='line_1_81' title="bbox 2124 2036 3652 2109; baseline -0.001 -17"><span class='ocrx_word' id='word_1_554' title='bbox 2124 2039 2312 2108; x_wconf 85' lang='lat' dir='ltr'><strong>Neque</strong></span> <span class='ocrx_word' id='word_1_555' title='bbox 2365 2037 2616 2104; x_wconf 86' lang='lat' dir='ltr'><strong>Joannis,</strong></span> <span class='ocrx_word' id='word_1_556' title='bbox 2670 2053 2846 2109; x_wconf 90' lang='lat' dir='ltr'><strong>neque</strong></span> <span class='ocrx_word' id='word_1_557' title='bbox 2895 2037 3284 2107; x_wconf 88' lang='lat' dir='ltr'><strong>discipulorum</strong></span> <span class='ocrx_word' id='word_1_558' title='bbox 3349 2036 3652 2107; x_wconf 91' lang='lat' dir='ltr'><strong>baptismus</strong></span> 
     </span>
    </p>
   </div>
   <div class='ocr_carea' id='block_1_82' title="bbox 2065 2128 3649 2200">
    <p class='ocr_par' dir='ltr' id='par_1_82' title="bbox 2065 2128 3649 2200">
     <span class='ocr_line' id='line_1_82' title="bbox 2065 2128 3649 2200; baseline -0.002 -15"><span class='ocrx_word' id='word_1_559' title='bbox 2065 2128 2326 2200; x_wconf 87' lang='lat' dir='ltr'><strong>Spiritum</strong></span> <span class='ocrx_word' id='word_1_560' title='bbox 2355 2139 2604 2186; x_wconf 87' lang='lat' dir='ltr'><strong>sanctum</strong></span> <span class='ocrx_word' id='word_1_561' title='bbox 2639 2129 2988 2186; x_wconf 82' lang='lat' dir='ltr'><strong>conferebat:</strong></span> <span class='ocrx_word' id='word_1_562' title='bbox 3017 2129 3110 2184; x_wconf 89' lang='lat' dir='ltr'><strong>sed</strong></span> <span class='ocrx_word' id='word_1_563' title='bbox 3149 2145 3215 2184; x_wconf 89' lang='lat' dir='ltr'><strong>ne</strong></span> <span class='ocrx_word' id='word_1_564' title='bbox 3250 2128 3525 2197; x_wconf 78' lang='lat' dir='ltr'><strong>sigillatint</strong></span> <span class='ocrx_word' id='word_1_565' title='bbox 3550 2128 3649 2182; x_wconf 88' lang='lat' dir='ltr'><strong>ob-</strong></span> 
     </span>
    </p>
   </div>
   <div class='ocr_carea' id='block_1_83' title="bbox 2063 2221 3652 2292">
    <p class='ocr_par' dir='ltr' id='par_1_83' title="bbox 2063 2221 3652 2292">
     <span class='ocr_line' id='line_1_83' title="bbox 2063 2221 3652 2292; baseline -0.003 -15"><span class='ocrx_word' id='word_1_566' title='bbox 2063 2223 2265 2288; x_wconf 88' lang='lat' dir='ltr'><strong>eundo,</strong></span> <span class='ocrx_word' id='word_1_567' title='bbox 2311 2223 2544 2292; x_wconf 83' lang='lat' dir='ltr'><strong>singulis</strong></span> <span class='ocrx_word' id='word_1_568' title='bbox 2573 2222 2801 2278; x_wconf 87' lang='lat' dir='ltr'><strong>seorsim</strong></span> <span class='ocrx_word' id='word_1_569' title='bbox 2831 2221 3108 2277; x_wconf 84' lang='lat' dir='ltr'><strong>Christum</strong></span> <span class='ocrx_word' id='word_1_570' title='bbox 3134 2222 3512 2290; x_wconf 78' lang='lat' dir='ltr'><strong>praedicarent,</strong></span> <span class='ocrx_word' id='word_1_571' title='bbox 3556 2221 3652 2274; x_wconf 87' lang='lat' dir='ltr'><strong>ba-</strong></span> 
     </span>
    </p>
   </div>
   <div class='ocr_carea' id='block_1_84' title="bbox 2063 2313 3644 2384">
    <p class='ocr_par' dir='ltr' id='par_1_84' title="bbox 2063 2313 3644 2384">
     <span class='ocr_line' id='line_1_84' title="bbox 2063 2313 3644 2384; baseline 0 -18"><span class='ocrx_word' id='word_1_572' title='bbox 2063 2315 2318 2384; x_wconf 91' lang='lat' dir='ltr'><strong>ptismum</strong></span> <span class='ocrx_word' id='word_1_573' title='bbox 2347 2314 2764 2380; x_wconf 89' lang='lat' dir='ltr'><strong>constituerunt,</strong></span> <span class='ocrx_word' id='word_1_574' title='bbox 2792 2323 2849 2368; x_wconf 93' lang='lat' dir='ltr'><strong>ut</strong></span> <span class='ocrx_word' id='word_1_575' title='bbox 2873 2313 2940 2368; x_wconf 92' lang='lat' dir='ltr'><strong>ad</strong></span> <span class='ocrx_word' id='word_1_576' title='bbox 2973 2328 3097 2369; x_wconf 89' lang='lat' dir='ltr'><strong>eum</strong></span> <span class='ocrx_word' id='word_1_577' title='bbox 3131 2313 3421 2368; x_wconf 82' lang='lat' dir='ltr'><strong>confertim</strong></span> <span class='ocrx_word' id='word_1_578' title='bbox 3449 2328 3644 2368; x_wconf 83' lang='lat' dir='ltr'><strong>accur-</strong></span> 
     </span>
    </p>
   </div>
   <div class='ocr_carea' id='block_1_85' title="bbox 2063 2404 3265 2461">
    <p class='ocr_par' dir='ltr' id='par_1_85' title="bbox 2063 2404 3265 2461">
     <span class='ocr_line' id='line_1_85' title="bbox 2063 2404 3265 2461; baseline 0.001 -3"><span class='ocrx_word' id='word_1_579' title='bbox 2063 2414 2245 2458; x_wconf 85' lang='lat' dir='ltr'><strong>rentes</strong></span> <span class='ocrx_word' id='word_1_580' title='bbox 2289 2405 2475 2460; x_wconf 90' lang='lat' dir='ltr'><strong>turbas</strong></span> <span class='ocrx_word' id='word_1_581' title='bbox 2512 2406 2578 2458; x_wconf 91' lang='lat' dir='ltr'><strong>ad</strong></span> <span class='ocrx_word' id='word_1_582' title='bbox 2606 2405 2884 2461; x_wconf 86' lang='lat' dir='ltr'><strong>Christum</strong></span> <span class='ocrx_word' id='word_1_583' title='bbox 2911 2404 3265 2459; x_wconf 89' lang='lat' dir='ltr'><strong>adducerent.</strong></span> 
     </span>
    </p>
   </div>
   <div class='ocr_carea' id='block_1_86' title="bbox 2132 2495 3648 2561">
    <p class='ocr_par' dir='ltr' id='par_1_86' title="bbox 2132 2495 3648 2561">
     <span class='ocr_line' id='line_1_86' title="bbox 2132 2495 3648 2561; baseline -0.003 -9"><span class='ocrx_word' id='word_1_584' title='bbox 2132 2496 2297 2552; x_wconf 78' lang='lat' dir='ltr'><strong>Vens.</strong></span> <span class='ocrx_word' id='word_1_585' title='bbox 2331 2498 2424 2553; x_wconf 72' lang='lat'><strong>26.</strong></span> <span class='ocrx_word' id='word_1_586' title='bbox 2463 2515 2480 2550; x_wconf 84' lang='grc' dir='ltr'><strong>ι</strong></span> <span class='ocrx_word' id='word_1_587' title='bbox 2508 2497 2574 2552; x_wconf 84' lang='grc' dir='ltr'>Ει</span> <span class='ocrx_word' id='word_1_588' title='bbox 2605 2507 2872 2552; x_wconf 87' lang='lat' dir='ltr'><strong>venerunt</strong></span> <span class='ocrx_word' id='word_1_589' title='bbox 2897 2497 2964 2550; x_wconf 90' lang='lat' dir='ltr'><strong>ad</strong></span> <span class='ocrx_word' id='word_1_590' title='bbox 2996 2495 3280 2561; x_wconf 84' lang='lat' dir='ltr'><strong>Joannem,</strong></span> <span class='ocrx_word' id='word_1_591' title='bbox 3307 2506 3362 2552; x_wconf 90' lang='lat' dir='ltr'><strong>et</strong></span> <span class='ocrx_word' id='word_1_592' title='bbox 3392 2495 3648 2551; x_wconf 81' lang='lat' dir='ltr'><strong>dixerunt</strong></span> 
     </span>
    </p>
   </div>
   <div class='ocr_carea' id='block_1_87' title="bbox 2063 2587 3649 2659">
    <p class='ocr_par' dir='ltr' id='par_1_87' title="bbox 2063 2587 3649 2659">
     <span class='ocr_line' id='line_1_87' title="bbox 2063 2587 3649 2659; baseline -0.002 -16"><span class='ocrx_word' id='word_1_593' title='bbox 2063 2589 2147 2643; x_wconf 88' lang='lat' dir='ltr'><strong>ei:</strong></span> <span class='ocrx_word' id='word_1_594' title='bbox 2209 2588 2403 2657; x_wconf 78' lang='lat' dir='ltr'><strong>Rabbi,</strong></span> <span class='ocrx_word' id='word_1_595' title='bbox 2428 2589 2519 2659; x_wconf 90' lang='lat' dir='ltr'><strong>qui</strong></span> <span class='ocrx_word' id='word_1_596' title='bbox 2551 2598 2672 2643; x_wconf 87' lang='lat' dir='ltr'><strong>erat</strong></span> <span class='ocrx_word' id='word_1_597' title='bbox 2702 2597 2879 2644; x_wconf 85' lang='lat' dir='ltr'><strong>tecunt</strong></span> <span class='ocrx_word' id='word_1_598' title='bbox 2917 2598 3070 2643; x_wconf 89' lang='lat' dir='ltr'><strong>trans</strong></span> <span class='ocrx_word' id='word_1_599' title='bbox 3127 2587 3442 2653; x_wconf 87' lang='lat' dir='ltr'><strong>Jordanem,</strong></span> <span class='ocrx_word' id='word_1_600' title='bbox 3476 2588 3562 2641; x_wconf 92' lang='lat' dir='ltr'><strong>cui</strong></span> <span class='ocrx_word' id='word_1_601' title='bbox 3592 2596 3649 2640; x_wconf 92' lang='lat' dir='ltr'><strong>tu</strong></span> 
     </span>
    </p>
   </div>
   <div class='ocr_carea' id='block_1_88' title="bbox 2067 2681 3650 2752">
    <p class='ocr_par' dir='ltr' id='par_1_88' title="bbox 2067 2681 3650 2752">
     <span class='ocr_line' id='line_1_88' title="bbox 2067 2681 3650 2752; baseline -0.003 -16"><span class='ocrx_word' id='word_1_602' title='bbox 2067 2681 2433 2737; x_wconf 89' lang='lat' dir='ltr'><strong>testimonium</strong></span> <span class='ocrx_word' id='word_1_603' title='bbox 2463 2682 2810 2752; x_wconf 89' lang='lat' dir='ltr'><strong>perhibuisti,</strong></span> <span class='ocrx_word' id='word_1_604' title='bbox 2834 2695 2966 2737; x_wconf 89' lang='lat' dir='ltr'><strong>ecce</strong></span> <span class='ocrx_word' id='word_1_605' title='bbox 3034 2681 3123 2736; x_wconf 88' lang='lat' dir='ltr'><strong>hic</strong></span> <span class='ocrx_word' id='word_1_606' title='bbox 3153 2681 3412 2751; x_wconf 89' lang='lat' dir='ltr'><strong>baptizat,</strong></span> <span class='ocrx_word' id='word_1_607' title='bbox 3455 2688 3508 2735; x_wconf 91' lang='lat' dir='ltr'><strong>et</strong></span> <span class='ocrx_word' id='word_1_608' title='bbox 3533 2694 3650 2735; x_wconf 84' lang='lat' dir='ltr'><strong>om-</strong></span> 
     </span>
    </p>
   </div>
   <div class='ocr_carea' id='block_1_89' title="bbox 2065 2772 2744 2827">
    <p class='ocr_par' dir='ltr' id='par_1_89' title="bbox 2065 2772 2744 2827">
     <span class='ocr_line' id='line_1_89' title="bbox 2065 2772 2744 2827; baseline -0.003 -2"><span class='ocrx_word' id='word_1_609' title='bbox 2065 2787 2161 2826; x_wconf 90' lang='lat' dir='ltr'><strong>nes</strong></span> <span class='ocrx_word' id='word_1_610' title='bbox 2183 2773 2407 2827; x_wconf 88' lang='lat' dir='ltr'><strong>veniunt</strong></span> <span class='ocrx_word' id='word_1_611' title='bbox 2435 2772 2501 2827; x_wconf 87' lang='lat' dir='ltr'><strong>ad</strong></span> <span class='ocrx_word' id='word_1_612' title='bbox 2531 2786 2654 2827; x_wconf 90' lang='lat' dir='ltr'><strong>eum</strong></span> <span class='ocrx_word' id='word_1_613' title='bbox 2683 2809 2698 2826; x_wconf 97' lang='lat'><strong>.</strong></span> <span class='ocrx_word' id='word_1_614' title='bbox 2725 2789 2744 2823; x_wconf 76' lang='grc' dir='ltr'>ι</span> 
     </span>
    </p>
   </div>
   <div class='ocr_carea' id='block_1_90' title="bbox 2129 2857 3642 2933">
    <p class='ocr_par' dir='ltr' id='par_1_90' title="bbox 2129 2857 3642 2933">
     <span class='ocr_line' id='line_1_90' title="bbox 2129 2857 3642 2933; baseline -0.005 -16"><span class='ocrx_word' id='word_1_615' title='bbox 2129 2863 2283 2933; x_wconf 88' lang='lat' dir='ltr'><strong>Aqua</strong></span> <span class='ocrx_word' id='word_1_616' title='bbox 2317 2863 2678 2930; x_wconf 90' lang='lat' dir='ltr'><strong>lustrationis,</strong></span> <span class='ocrx_word' id='word_1_617' title='bbox 2714 2862 2803 2917; x_wconf 92' lang='lat' dir='ltr'><strong>cui</strong></span> <span class='ocrx_word' id='word_1_618' title='bbox 2848 2861 3060 2932; x_wconf 88' lang='lat' dir='ltr'><strong>aspersi</strong></span> <span class='ocrx_word' id='word_1_619' title='bbox 3109 2867 3266 2916; x_wconf 90' lang='lat' dir='ltr'><strong>erant</strong></span> <span class='ocrx_word' id='word_1_620' title='bbox 3316 2859 3533 2914; x_wconf 90' lang='lat' dir='ltr'><strong>cineres</strong></span> <span class='ocrx_word' id='word_1_621' title='bbox 3562 2857 3642 2910; x_wconf 90' lang='lat' dir='ltr'><strong>vi-</strong></span> 
     </span>
    </p>
   </div>
   <div class='ocr_carea' id='block_1_91' title="bbox 2065 2950 3648 3024">
    <p class='ocr_par' dir='ltr' id='par_1_91' title="bbox 2065 2950 3648 3024">
     <span class='ocr_line' id='line_1_91' title="bbox 2065 2950 3648 3024; baseline -0.005 -16"><span class='ocrx_word' id='word_1_622' title='bbox 2065 2954 2208 3017; x_wconf 87' lang='lat' dir='ltr'><strong>tulae,</strong></span> <span class='ocrx_word' id='word_1_623' title='bbox 2245 2954 2603 3010; x_wconf 89' lang='lat' dir='ltr'><strong>involuntaria</strong></span> <span class='ocrx_word' id='word_1_624' title='bbox 2652 2963 2874 3024; x_wconf 87' lang='lat' dir='ltr'><strong>peccata</strong></span> <span class='ocrx_word' id='word_1_625' title='bbox 2915 2950 3305 3022; x_wconf 81' lang='lat' dir='ltr'><strong>perpurgabat,</strong></span> <span class='ocrx_word' id='word_1_626' title='bbox 3353 2960 3461 3004; x_wconf 91' lang='lat' dir='ltr'><strong>eta</strong></span> <span class='ocrx_word' id='word_1_627' title='bbox 3498 2961 3648 3001; x_wconf 90' lang='lat' dir='ltr'><strong>mor-</strong></span> 
     </span>
    </p>
   </div>
   <div class='ocr_carea' id='block_1_92' title="bbox 2064 3039 3646 3108">
    <p class='ocr_par' dir='ltr' id='par_1_92' title="bbox 2064 3039 3646 3108">
     <span class='ocr_line' id='line_1_92' title="bbox 2064 3039 3646 3108; baseline -0.005 -7"><span class='ocrx_word' id='word_1_628' title='bbox 2064 3046 2215 3102; x_wconf 89' lang='lat' dir='ltr'><strong>ticini</strong></span> <span class='ocrx_word' id='word_1_629' title='bbox 2263 3055 2515 3101; x_wconf 89' lang='lat' dir='ltr'><strong>contactu</strong></span> <span class='ocrx_word' id='word_1_630' title='bbox 2549 3045 2881 3099; x_wconf 86' lang='lat' dir='ltr'><strong>emundabat</strong></span> <span class='ocrx_word' id='word_1_631' title='bbox 2927 3061 2942 3098; x_wconf 87' lang='lat'><strong>:</strong></span> <span class='ocrx_word' id='word_1_632' title='bbox 2978 3039 3203 3098; x_wconf 85' lang='lat' dir='ltr'><strong>Joannis</strong></span> <span class='ocrx_word' id='word_1_633' title='bbox 3251 3047 3430 3095; x_wconf 89' lang='lat' dir='ltr'><strong>autem</strong></span> <span class='ocrx_word' id='word_1_634' title='bbox 3472 3039 3646 3108; x_wconf 57' lang='lat' dir='ltr'><strong>baptiv</strong></span> 
     </span>
    </p>
   </div>
   <div class='ocr_carea' id='block_1_93' title="bbox 2073 3122 3646 3203">
    <p class='ocr_par' dir='ltr' id='par_1_93' title="bbox 2073 3122 3646 3203">
     <span class='ocr_line' id='line_1_93' title="bbox 2073 3122 3646 3203; baseline -0.004 -14"><span class='ocrx_word' id='word_1_635' title='bbox 2073 3148 2224 3189; x_wconf 90' lang='lat' dir='ltr'><strong>smus</strong></span> <span class='ocrx_word' id='word_1_636' title='bbox 2248 3148 2375 3187; x_wconf 81' lang='lat' dir='ltr'><strong>vere</strong></span> <span class='ocrx_word' id='word_1_637' title='bbox 2401 3132 2791 3203; x_wconf 63' lang='lat' dir='ltr'><strong>paenitentibus</strong></span> <span class='ocrx_word' id='word_1_638' title='bbox 2805 3133 2966 3186; x_wconf 90' lang='lat' dir='ltr'><strong>etiam</strong></span> <span class='ocrx_word' id='word_1_639' title='bbox 2985 3141 3204 3202; x_wconf 90' lang='lat' dir='ltr'><strong>peccata</strong></span> <span class='ocrx_word' id='word_1_640' title='bbox 3231 3122 3535 3186; x_wconf 62' lang='lat' dir='ltr'><strong>Voluntaria</strong></span> <span class='ocrx_word' id='word_1_641' title='bbox 3565 3130 3646 3183; x_wconf 90' lang='lat' dir='ltr'><strong>di-</strong></span> 
     </span>
    </p>
   </div>
   <div class='ocr_carea' id='block_1_94' title="bbox 2063 3219 3640 3292">
    <p class='ocr_par' dir='ltr' id='par_1_94' title="bbox 2063 3219 3640 3292">
     <span class='ocr_line' id='line_1_94' title="bbox 2063 3219 3640 3292; baseline -0.005 -12"><span class='ocrx_word' id='word_1_642' title='bbox 2063 3223 2336 3280; x_wconf 89' lang='lat' dir='ltr'><strong>mittebat.</strong></span> <span class='ocrx_word' id='word_1_643' title='bbox 2383 3223 2591 3278; x_wconf 86' lang='lat' dir='ltr'><strong>Christi</strong></span> <span class='ocrx_word' id='word_1_644' title='bbox 2625 3237 2754 3278; x_wconf 82' lang='lat' dir='ltr'><strong>vero</strong></span> <span class='ocrx_word' id='word_1_645' title='bbox 2821 3223 3128 3292; x_wconf 87' lang='lat' dir='ltr'><strong>baptismus</strong></span> <span class='ocrx_word' id='word_1_646' title='bbox 3176 3221 3418 3275; x_wconf 87' lang='lat' dir='ltr'><strong>omnium</strong></span> <span class='ocrx_word' id='word_1_647' title='bbox 3477 3219 3640 3288; x_wconf 89' lang='lat' dir='ltr'><strong>plane</strong></span> 
     </span>
    </p>
   </div>
   <div class='ocr_carea' id='block_1_95' title="bbox 2063 3307 3643 3384">
    <p class='ocr_par' dir='ltr' id='par_1_95' title="bbox 2063 3307 3643 3384">
     <span class='ocr_line' id='line_1_95' title="bbox 2063 3307 3643 3384; baseline -0.006 -14"><span class='ocrx_word' id='word_1_648' title='bbox 2063 3323 2414 3384; x_wconf 87' lang='lat' dir='ltr'><strong>peccatorum</strong></span> <span class='ocrx_word' id='word_1_649' title='bbox 2492 3307 2978 3379; x_wconf 85' lang='lat' dir='ltr'><strong>condonationem,</strong></span> <span class='ocrx_word' id='word_1_650' title='bbox 3038 3313 3324 3380; x_wconf 88' lang='lat' dir='ltr'><strong>ipsuutque</strong></span> <span class='ocrx_word' id='word_1_651' title='bbox 3374 3309 3643 3378; x_wconf 89' lang='lat' dir='ltr'><strong>Spiritum</strong></span> 
     </span>
    </p>
   </div>
   <div class='ocr_carea' id='block_1_96' title="bbox 2026 3402 3580 3474">
    <p class='ocr_par' dir='ltr' id='par_1_96' title="bbox 2026 3402 3580 3474">
     <span class='ocr_line' id='line_1_96' title="bbox 2026 3402 3580 3474; baseline -0.005 -12"><span class='ocrx_word' id='word_1_652' title='bbox 2026 3445 2027 3450; x_wconf 59' lang='grc' dir='ltr'><strong>η</strong></span> <span class='ocrx_word' id='word_1_653' title='bbox 2061 3414 2314 3462; x_wconf 90' lang='lat' dir='ltr'><strong>sanctum</strong></span> <span class='ocrx_word' id='word_1_654' title='bbox 2341 3403 2677 3468; x_wconf 80' lang='lat' dir='ltr'><strong>conferebat,</strong></span> <span class='ocrx_word' id='word_1_655' title='bbox 2706 3414 2870 3474; x_wconf 85' lang='lat' dir='ltr'><strong>atque</strong></span> <span class='ocrx_word' id='word_1_656' title='bbox 2891 3404 3204 3474; x_wconf 87' lang='lat' dir='ltr'><strong>adoptionis</strong></span> <span class='ocrx_word' id='word_1_657' title='bbox 3239 3402 3580 3470; x_wconf 82' lang='lat' dir='ltr'><strong>dignitatem.</strong></span> 
     </span>
    </p>
   </div>
   <div class='ocr_carea' id='block_1_97' title="bbox 2130 3492 3645 3567">
    <p class='ocr_par' dir='ltr' id='par_1_97' title="bbox 2130 3492 3645 3567">
     <span class='ocr_line' id='line_1_97' title="bbox 2130 3492 3645 3567; baseline -0.004 -15"><span class='ocrx_word' id='word_1_658' title='bbox 2130 3498 2374 3567; x_wconf 63' lang='lat' dir='ltr'><strong>Quaestio</strong></span> <span class='ocrx_word' id='word_1_659' title='bbox 2402 3505 2586 3552; x_wconf 88' lang='lat' dir='ltr'><strong>autem</strong></span> <span class='ocrx_word' id='word_1_660' title='bbox 2628 3498 2730 3552; x_wconf 92' lang='lat' dir='ltr'><strong>ista</strong></span> <span class='ocrx_word' id='word_1_661' title='bbox 2761 3511 2858 3566; x_wconf 90' lang='lat' dir='ltr'><strong>per</strong></span> <span class='ocrx_word' id='word_1_662' title='bbox 2888 3495 3377 3564; x_wconf 88' lang='lat' dir='ltr'><strong>dispensationem,</strong></span> <span class='ocrx_word' id='word_1_663' title='bbox 3431 3492 3645 3548; x_wconf 89' lang='lat' dir='ltr'><strong>Joanne</strong></span> 
     </span>
    </p>
   </div>
   <div class='ocr_carea' id='block_1_98' title="bbox 2062 3585 3645 3660">
    <p class='ocr_par' dir='ltr' id='par_1_98' title="bbox 2062 3585 3645 3660">
     <span class='ocr_line' id='line_1_98' title="bbox 2062 3585 3645 3660; baseline -0.003 -18"><span class='ocrx_word' id='word_1_664' title='bbox 2062 3590 2239 3645; x_wconf 88' lang='lat' dir='ltr'><strong>adhuc</strong></span> <span class='ocrx_word' id='word_1_665' title='bbox 2257 3589 2574 3660; x_wconf 88' lang='lat' dir='ltr'><strong>superstite,</strong></span> <span class='ocrx_word' id='word_1_666' title='bbox 2631 3589 2881 3658; x_wconf 78' lang='lat' dir='ltr'><strong>contigit,</strong></span> <span class='ocrx_word' id='word_1_667' title='bbox 2914 3598 2973 3643; x_wconf 94' lang='lat' dir='ltr'><strong>ut</strong></span> <span class='ocrx_word' id='word_1_668' title='bbox 2997 3588 3082 3643; x_wconf 90' lang='lat' dir='ltr'><strong>vel</strong></span> <span class='ocrx_word' id='word_1_669' title='bbox 3125 3587 3243 3658; x_wconf 88' lang='lat' dir='ltr'><strong>ipso</strong></span> <span class='ocrx_word' id='word_1_670' title='bbox 3287 3594 3428 3641; x_wconf 86' lang='lat' dir='ltr'><strong>teste</strong></span> <span class='ocrx_word' id='word_1_671' title='bbox 3468 3585 3645 3655; x_wconf 87' lang='lat' dir='ltr'><strong>bapti-</strong></span> 
     </span>
    </p>
   </div>
   <div class='ocr_carea' id='block_1_99' title="bbox 2061 3680 2974 3736">
    <p class='ocr_par' dir='ltr' id='par_1_99' title="bbox 2061 3680 2974 3736">
     <span class='ocr_line' id='line_1_99' title="bbox 2061 3680 2974 3736; baseline -0.001 -1"><span class='ocrx_word' id='word_1_672' title='bbox 2061 3691 2298 3735; x_wconf 89' lang='lat' dir='ltr'><strong>smatum</strong></span> <span class='ocrx_word' id='word_1_673' title='bbox 2339 3680 2646 3736; x_wconf 73' lang='lat' dir='ltr'><strong>differentia</strong></span> <span class='ocrx_word' id='word_1_674' title='bbox 2675 3690 2974 3735; x_wconf 87' lang='lat' dir='ltr'><strong>constaret.</strong></span> 
     </span>
    </p>
   </div>
   <div class='ocr_carea' id='block_1_100' title="bbox 2125 3766 3641 3841">
    <p class='ocr_par' dir='ltr' id='par_1_100' title="bbox 2125 3766 3641 3841">
     <span class='ocr_line' id='line_1_100' title="bbox 2125 3766 3641 3841; baseline -0.003 -17"><span class='ocrx_word' id='word_1_675' title='bbox 2125 3770 2290 3826; x_wconf 70' lang='lat' dir='ltr'><strong>Vens.</strong></span> <span class='ocrx_word' id='word_1_676' title='bbox 2327 3773 2418 3828; x_wconf 74' lang='lat'><strong>‘29.</strong></span> <span class='ocrx_word' id='word_1_677' title='bbox 2453 3791 2472 3824; x_wconf 78' lang='grc' dir='ltr'>ι</span> <span class='ocrx_word' id='word_1_678' title='bbox 2494 3771 2597 3838; x_wconf 85' lang='lat' dir='ltr'><strong>Qui</strong></span> <span class='ocrx_word' id='word_1_679' title='bbox 2629 3773 2794 3828; x_wconf 88' lang='lat' dir='ltr'><strong>habet</strong></span> <span class='ocrx_word' id='word_1_680' title='bbox 2817 3782 3344 3841; x_wconf 89' lang='lat' dir='ltr'><strong>sponsam,sponsus</strong></span> <span class='ocrx_word' id='word_1_681' title='bbox 3362 3776 3481 3822; x_wconf 91' lang='lat' dir='ltr'><strong>est:</strong></span> <span class='ocrx_word' id='word_1_682' title='bbox 3511 3766 3641 3820; x_wconf 85' lang='lat' dir='ltr'><strong>ami-</strong></span> 
     </span>
    </p>
   </div>
   <div class='ocr_carea' id='block_1_101' title="bbox 2058 3854 3640 3930">
    <p class='ocr_par' dir='ltr' id='par_1_101' title="bbox 2058 3854 3640 3930">
     <span class='ocr_line' id='line_1_101' title="bbox 2058 3854 3640 3930; baseline -0.007 -12"><span class='ocrx_word' id='word_1_683' title='bbox 2058 3876 2160 3918; x_wconf 86' lang='lat' dir='ltr'><strong>cus</strong></span> <span class='ocrx_word' id='word_1_684' title='bbox 2189 3872 2370 3916; x_wconf 89' lang='lat' dir='ltr'><strong>autem</strong></span> <span class='ocrx_word' id='word_1_685' title='bbox 2409 3861 2622 3930; x_wconf 90' lang='lat' dir='ltr'><strong>sponsi,</strong></span> <span class='ocrx_word' id='word_1_686' title='bbox 2673 3860 2766 3929; x_wconf 88' lang='lat' dir='ltr'><strong>qui</strong></span> <span class='ocrx_word' id='word_1_687' title='bbox 2820 3869 2952 3924; x_wconf 89' lang='lat' dir='ltr'><strong>stat,</strong></span> <span class='ocrx_word' id='word_1_688' title='bbox 2988 3868 3044 3913; x_wconf 91' lang='lat' dir='ltr'><strong>et</strong></span> <span class='ocrx_word' id='word_1_689' title='bbox 3084 3857 3234 3911; x_wconf 88' lang='lat' dir='ltr'><strong>audit</strong></span> <span class='ocrx_word' id='word_1_690' title='bbox 3264 3871 3408 3919; x_wconf 91' lang='lat' dir='ltr'><strong>eum,</strong></span> <span class='ocrx_word' id='word_1_691' title='bbox 3444 3854 3640 3924; x_wconf 83' lang='lat' dir='ltr'><strong>gaudio</strong></span> 
     </span>
    </p>
   </div>
   <div class='ocr_carea' id='block_1_102' title="bbox 2059 3945 3638 4021">
    <p class='ocr_par' dir='ltr' id='par_1_102' title="bbox 2059 3945 3638 4021">
     <span class='ocr_line' id='line_1_102' title="bbox 2059 3945 3638 4021; baseline -0.003 -19"><span class='ocrx_word' id='word_1_692' title='bbox 2059 3950 2264 4021; x_wconf 80' lang='lat' dir='ltr'><strong>gaudet</strong></span> <span class='ocrx_word' id='word_1_693' title='bbox 2294 3958 2518 4018; x_wconf 82' lang='lat' dir='ltr'><strong>prepter</strong></span> <span class='ocrx_word' id='word_1_694' title='bbox 2548 3963 2736 4004; x_wconf 89' lang='lat' dir='ltr'><strong>vocem</strong></span> <span class='ocrx_word' id='word_1_695' title='bbox 2769 3948 2976 4019; x_wconf 87' lang='lat' dir='ltr'><strong>sponsi.</strong></span> <span class='ocrx_word' id='word_1_696' title='bbox 3047 3946 3164 4003; x_wconf 87' lang='lat' dir='ltr'><strong>Hoc</strong></span> <span class='ocrx_word' id='word_1_697' title='bbox 3209 3960 3342 4016; x_wconf 84' lang='lat' dir='ltr'><strong>ergo</strong></span> <span class='ocrx_word' id='word_1_698' title='bbox 3384 3945 3638 4016; x_wconf 86' lang='lat' dir='ltr'><strong>gaudium</strong></span> 
     </span>
    </p>
   </div>
   <div class='ocr_carea' id='block_1_103' title="bbox 2059 4039 2738 4108">
    <p class='ocr_par' dir='ltr' id='par_1_103' title="bbox 2059 4039 2738 4108">
     <span class='ocr_line' id='line_1_103' title="bbox 2059 4039 2738 4108; baseline -0.009 -11"><span class='ocrx_word' id='word_1_699' title='bbox 2059 4055 2241 4097; x_wconf 83' lang='lat' dir='ltr'><strong>meum</strong></span> <span class='ocrx_word' id='word_1_700' title='bbox 2270 4039 2550 4108; x_wconf 88' lang='lat' dir='ltr'><strong>impletum</strong></span> <span class='ocrx_word' id='word_1_701' title='bbox 2573 4048 2689 4095; x_wconf 81' lang='lat' dir='ltr'><strong>est.</strong></span> <span class='ocrx_word' id='word_1_702' title='bbox 2719 4057 2738 4091; x_wconf 74' lang='grc' dir='ltr'>ι</span> 
     </span>
    </p>
   </div>
   <div class='ocr_carea' id='block_1_104' title="bbox 2131 4124 3640 4200">
    <p class='ocr_par' dir='ltr' id='par_1_104' title="bbox 2131 4124 3640 4200">
     <span class='ocr_line' id='line_1_104' title="bbox 2131 4124 3640 4200; baseline -0.005 -16"><span class='ocrx_word' id='word_1_703' title='bbox 2131 4131 2396 4184; x_wconf 87' lang='lat' dir='ltr'><strong>Christus.</strong></span> <span class='ocrx_word' id='word_1_704' title='bbox 2412 4143 2508 4199; x_wconf 91' lang='lat' dir='ltr'><strong>per</strong></span> <span class='ocrx_word' id='word_1_705' title='bbox 2535 4126 2807 4197; x_wconf 88' lang='lat' dir='ltr'><strong>baptisma</strong></span> <span class='ocrx_word' id='word_1_706' title='bbox 2871 4135 3250 4200; x_wconf 82' lang='lat' dir='ltr'><strong>regeneratam</strong></span> <span class='ocrx_word' id='word_1_707' title='bbox 3282 4124 3385 4179; x_wconf 86' lang='lat' dir='ltr'><strong>sibi</strong></span> <span class='ocrx_word' id='word_1_708' title='bbox 3409 4124 3640 4192; x_wconf 78' lang='lat' dir='ltr'><strong>despon-</strong></span> 
     </span>
    </p>
   </div>
   <div class='ocr_carea' id='block_1_105' title="bbox 2057 4215 3640 4287">
    <p class='ocr_par' dir='ltr' id='par_1_105' title="bbox 2057 4215 3640 4287">
     <span class='ocr_line' id='line_1_105' title="bbox 2057 4215 3640 4287; baseline -0.005 -13"><span class='ocrx_word' id='word_1_709' title='bbox 2057 4227 2143 4274; x_wconf 89' lang='lat' dir='ltr'><strong>sat</strong></span> <span class='ocrx_word' id='word_1_710' title='bbox 2170 4218 2495 4273; x_wconf 84' lang='lat' dir='ltr'><strong>Ecclesiant.</strong></span> <span class='ocrx_word' id='word_1_711' title='bbox 2551 4219 2668 4273; x_wconf 83' lang='lat' dir='ltr'><strong>Hoc</strong></span> <span class='ocrx_word' id='word_1_712' title='bbox 2696 4227 2878 4272; x_wconf 89' lang='lat' dir='ltr'><strong>autem</strong></span> <span class='ocrx_word' id='word_1_713' title='bbox 2907 4217 3218 4287; x_wconf 84' lang='lat' dir='ltr'><strong>conjugium</strong></span> <span class='ocrx_word' id='word_1_714' title='bbox 3263 4215 3508 4284; x_wconf 87' lang='lat' dir='ltr'><strong>spiritale</strong></span> <span class='ocrx_word' id='word_1_715' title='bbox 3543 4228 3640 4284; x_wconf 92' lang='lat' dir='ltr'><strong>per</strong></span> 
     </span>
    </p>
   </div>
   <div class='ocr_carea' id='block_1_106' title="bbox 2059 4309 3641 4380">
    <p class='ocr_par' dir='ltr' id='par_1_106' title="bbox 2059 4309 3641 4380">
     <span class='ocr_line' id='line_1_106' title="bbox 2059 4309 3641 4380; baseline -0.004 -16"><span class='ocrx_word' id='word_1_716' title='bbox 2059 4312 2284 4366; x_wconf 89' lang='lat' dir='ltr'><strong>verbum</strong></span> <span class='ocrx_word' id='word_1_717' title='bbox 2318 4309 2585 4366; x_wconf 75' lang='lat' dir='ltr'><strong>doctrina:</strong></span> <span class='ocrx_word' id='word_1_718' title='bbox 2604 4310 2886 4380; x_wconf 73' lang='lat' dir='ltr'><strong>coniungit</strong></span> <span class='ocrx_word' id='word_1_719' title='bbox 2920 4310 3064 4364; x_wconf 93' lang='lat' dir='ltr'><strong>Deo.</strong></span> <span class='ocrx_word' id='word_1_720' title='bbox 3115 4309 3329 4376; x_wconf 87' lang='lat' dir='ltr'><strong>Sponsa</strong></span> <span class='ocrx_word' id='word_1_721' title='bbox 3366 4321 3515 4372; x_wconf 73' lang='lat' dir='ltr'><strong>vero,</strong></span> <span class='ocrx_word' id='word_1_722' title='bbox 3585 4313 3641 4360; x_wconf 89' lang='lat' dir='ltr'><strong>et</strong></span> 
     </span>
    </p>
   </div>
   <div class='ocr_carea' id='block_1_107' title="bbox 2059 4397 3636 4472">
    <p class='ocr_par' dir='ltr' id='par_1_107' title="bbox 2059 4397 3636 4472">
     <span class='ocr_line' id='line_1_107' title="bbox 2059 4397 3636 4472; baseline -0.003 -17"><span class='ocrx_word' id='word_1_723' title='bbox 2059 4402 2212 4472; x_wconf 79' lang='lat' dir='ltr'><strong>virgo</strong></span> <span class='ocrx_word' id='word_1_724' title='bbox 2238 4409 2341 4466; x_wconf 87' lang='lat' dir='ltr'><strong>est,</strong></span> <span class='ocrx_word' id='word_1_725' title='bbox 2369 4411 2423 4457; x_wconf 92' lang='lat' dir='ltr'><strong>et</strong></span> <span class='ocrx_word' id='word_1_726' title='bbox 2445 4411 2618 4468; x_wconf 85' lang='lat' dir='ltr'><strong>casta,</strong></span> <span class='ocrx_word' id='word_1_727' title='bbox 2656 4411 2877 4470; x_wconf 90' lang='lat' dir='ltr'><strong>propter</strong></span> <span class='ocrx_word' id='word_1_728' title='bbox 2900 4401 3212 4471; x_wconf 83' lang='lat' dir='ltr'><strong>dogmatum</strong></span> <span class='ocrx_word' id='word_1_729' title='bbox 3230 4397 3636 4452; x_wconf 85' lang='lat' dir='ltr'><strong>sinceritatem:</strong></span> 
     </span>
    </p>
   </div>
   <div class='ocr_carea' id='block_1_108' title="bbox 2057 4489 3638 4564">
    <p class='ocr_par' dir='ltr' id='par_1_108' title="bbox 2057 4489 3638 4564">
     <span class='ocr_line' id='line_1_108' title="bbox 2057 4489 3638 4564; baseline -0.004 -16"><span class='ocrx_word' id='word_1_730' title='bbox 2057 4509 2179 4564; x_wconf 65' lang='lat' dir='ltr'><strong>qua:</strong></span> <span class='ocrx_word' id='word_1_731' title='bbox 2194 4503 2248 4548; x_wconf 88' lang='lat' dir='ltr'><strong>et</strong></span> <span class='ocrx_word' id='word_1_732' title='bbox 2276 4495 2393 4563; x_wconf 88' lang='lat' dir='ltr'><strong>ipsa</strong></span> <span class='ocrx_word' id='word_1_733' title='bbox 2426 4509 2563 4549; x_wconf 84' lang='lat' dir='ltr'><strong>uxor</strong></span> <span class='ocrx_word' id='word_1_734' title='bbox 2596 4502 2680 4549; x_wconf 90' lang='lat' dir='ltr'><strong>est</strong></span> <span class='ocrx_word' id='word_1_735' title='bbox 2709 4493 2936 4560; x_wconf 84' lang='lat' dir='ltr'><strong>Christi,</strong></span> <span class='ocrx_word' id='word_1_736' title='bbox 2967 4493 3144 4563; x_wconf 88' lang='lat' dir='ltr'><strong>quoad</strong></span> <span class='ocrx_word' id='word_1_737' title='bbox 3165 4489 3364 4560; x_wconf 83' lang='lat' dir='ltr'><strong>probas</strong></span> <span class='ocrx_word' id='word_1_738' title='bbox 3393 4490 3638 4542; x_wconf 85' lang='lat' dir='ltr'><strong>actiones</strong></span> 
     </span>
    </p>
   </div>
   <div class='ocr_carea' id='block_1_109' title="bbox 2054 4581 3637 4656">
    <p class='ocr_par' dir='ltr' id='par_1_109' title="bbox 2054 4581 3637 4656">
     <span class='ocr_line' id='line_1_109' title="bbox 2054 4581 3637 4656; baseline -0.004 -16"><span class='ocrx_word' id='word_1_739' title='bbox 2054 4587 2220 4656; x_wconf 92' lang='lat' dir='ltr'><strong>parit,</strong></span> <span class='ocrx_word' id='word_1_740' title='bbox 2254 4601 2360 4642; x_wconf 93' lang='lat' dir='ltr'><strong>non</strong></span> <span class='ocrx_word' id='word_1_741' title='bbox 2391 4588 2606 4656; x_wconf 91' lang='lat' dir='ltr'><strong>quidem</strong></span> <span class='ocrx_word' id='word_1_742' title='bbox 2631 4600 2660 4639; x_wconf 89' lang='lat' dir='ltr'><strong>a</strong></span> <span class='ocrx_word' id='word_1_743' title='bbox 2713 4585 3029 4656; x_wconf 89' lang='lat' dir='ltr'><strong>semetipsa,</strong></span> <span class='ocrx_word' id='word_1_744' title='bbox 3058 4585 3153 4641; x_wconf 90' lang='lat' dir='ltr'><strong>sed</strong></span> <span class='ocrx_word' id='word_1_745' title='bbox 3201 4598 3267 4639; x_wconf 84' lang='lat' dir='ltr'><strong>ex</strong></span> <span class='ocrx_word' id='word_1_746' title='bbox 3319 4581 3520 4636; x_wconf 89' lang='lat' dir='ltr'><strong>Christi</strong></span> <span class='ocrx_word' id='word_1_747' title='bbox 3555 4582 3637 4634; x_wconf 84' lang='lat' dir='ltr'><strong>in-</strong></span> 
     </span>
    </p>
   </div>
   <div class='ocr_carea' id='block_1_110' title="bbox 2054 4677 3634 4747">
    <p class='ocr_par' dir='ltr' id='par_1_110' title="bbox 2054 4677 3634 4747">
     <span class='ocr_line' id='line_1_110' title="bbox 2054 4677 3634 4747; baseline -0.004 -15"><span class='ocrx_word' id='word_1_748' title='bbox 2054 4677 2380 4747; x_wconf 86' lang='lat' dir='ltr'><strong>spiratione.</strong></span> <span class='ocrx_word' id='word_1_749' title='bbox 2425 4678 2533 4734; x_wconf 82' lang='lat' dir='ltr'><strong>.Cui</strong></span> <span class='ocrx_word' id='word_1_750' title='bbox 2576 4677 2754 4734; x_wconf 91' lang='lat' dir='ltr'><strong>nullus</strong></span> <span class='ocrx_word' id='word_1_751' title='bbox 2783 4677 2952 4746; x_wconf 88' lang='lat' dir='ltr'><strong>possit</strong></span> <span class='ocrx_word' id='word_1_752' title='bbox 2991 4691 3114 4732; x_wconf 90' lang='lat' dir='ltr'><strong>esse</strong></span> <span class='ocrx_word' id='word_1_753' title='bbox 3135 4684 3352 4731; x_wconf 90' lang='lat' dir='ltr'><strong>creatus</strong></span> <span class='ocrx_word' id='word_1_754' title='bbox 3381 4687 3634 4743; x_wconf 75' lang='lat' dir='ltr'><strong>Sponsus.</strong></span> 
     </span>
    </p>
   </div>
   <div class='ocr_carea' id='block_1_111' title="bbox 2053 4754 3637 4839">
    <p class='ocr_par' dir='ltr' id='par_1_111' title="bbox 2053 4754 3637 4839">
     <span class='ocr_line' id='line_1_111' title="bbox 2053 4754 3637 4839; baseline -0.001 -15"><span class='ocrx_word' id='word_1_755' title='bbox 2053 4783 2177 4824; x_wconf 91' lang='lat' dir='ltr'><strong>cum</strong></span> <span class='ocrx_word' id='word_1_756' title='bbox 2203 4769 2362 4824; x_wconf 86' lang='lat' dir='ltr'><strong>nullae</strong></span> <span class='ocrx_word' id='word_1_757' title='bbox 2382 4779 2649 4826; x_wconf 75' lang='lat' dir='ltr'><strong>creatura:</strong></span> <span class='ocrx_word' id='word_1_758' title='bbox 2663 4754 2966 4839; x_wconf 74' lang='lat' dir='ltr'><strong>competat,</strong></span> <span class='ocrx_word' id='word_1_759' title='bbox 2997 4768 3335 4839; x_wconf 89' lang='lat' dir='ltr'><strong>primitivum</strong></span> <span class='ocrx_word' id='word_1_760' title='bbox 3385 4782 3509 4823; x_wconf 89' lang='lat' dir='ltr'><strong>esse</strong></span> <span class='ocrx_word' id='word_1_761' title='bbox 3539 4767 3637 4822; x_wconf 84' lang='lat' dir='ltr'><strong>bo-</strong></span> 
     </span>
    </p>
   </div>
   <div class='ocr_carea' id='block_1_112' title="bbox 2052 4859 3634 4931">
    <p class='ocr_par' dir='ltr' id='par_1_112' title="bbox 2052 4859 3634 4931">
     <span class='ocr_line' id='line_1_112' title="bbox 2052 4859 3634 4931; baseline -0.002 -15"><span class='ocrx_word' id='word_1_762' title='bbox 2052 4876 2248 4916; x_wconf 86' lang='lat' dir='ltr'><strong>norum</strong></span> <span class='ocrx_word' id='word_1_763' title='bbox 2281 4860 2618 4929; x_wconf 79' lang='lat' dir='ltr'><strong>largitorem.</strong></span> <span class='ocrx_word' id='word_1_764' title='bbox 2684 4861 2877 4919; x_wconf 90' lang='lat' dir='ltr'><strong>Omnis</strong></span> <span class='ocrx_word' id='word_1_765' title='bbox 2938 4861 3122 4931; x_wconf 87' lang='lat' dir='ltr'><strong>itaque</strong></span> <span class='ocrx_word' id='word_1_766' title='bbox 3162 4871 3351 4914; x_wconf 89' lang='lat' dir='ltr'><strong>natura</strong></span> <span class='ocrx_word' id='word_1_767' title='bbox 3411 4859 3634 4930; x_wconf 66' lang='lat' dir='ltr'><strong>praedita</strong></span> 
     </span>
    </p>
   </div>
   <div class='ocr_carea' id='block_1_113' title="bbox 2054 4951 3634 5022">
    <p class='ocr_par' dir='ltr' id='par_1_113' title="bbox 2054 4951 3634 5022">
     <span class='ocr_line' id='line_1_113' title="bbox 2054 4951 3634 5022; baseline -0.003 -14"><span class='ocrx_word' id='word_1_768' title='bbox 2054 4953 2290 5018; x_wconf 89' lang='lat' dir='ltr'><strong>ratione,</strong></span> <span class='ocrx_word' id='word_1_769' title='bbox 2347 4952 2465 5008; x_wconf 86' lang='lat' dir='ltr'><strong>sive</strong></span> <span class='ocrx_word' id='word_1_770' title='bbox 2510 4952 2828 5022; x_wconf 77' lang='lat' dir='ltr'><strong>angelorum</strong></span> <span class='ocrx_word' id='word_1_771' title='bbox 2891 4952 3008 5008; x_wconf 89' lang='lat' dir='ltr'><strong>sive</strong></span> <span class='ocrx_word' id='word_1_772' title='bbox 3069 4951 3371 5015; x_wconf 88' lang='lat' dir='ltr'><strong>hominum,</strong></span> <span class='ocrx_word' id='word_1_773' title='bbox 3435 4963 3634 5020; x_wconf 85' lang='lat' dir='ltr'><strong>sponsa</strong></span> 
     </span>
    </p>
   </div>
   <div class='ocr_carea' id='block_1_114' title="bbox 2051 5050 2158 5098">
    <p class='ocr_par' dir='ltr' id='par_1_114' title="bbox 2051 5050 2158 5098">
     <span class='ocr_line' id='line_1_114' title="bbox 2051 5050 2158 5098; baseline 0.019 -2"><span class='ocrx_word' id='word_1_774' title='bbox 2051 5050 2158 5098; x_wconf 82' lang='lat' dir='ltr'><strong>est.</strong></span> 
     </span>
    </p>
   </div>
   <div class='ocr_carea' id='block_1_115' title="bbox 2119 5148 3632 5220">
    <p class='ocr_par' dir='ltr' id='par_1_115' title="bbox 2119 5148 3632 5220">
     <span class='ocr_line' id='line_1_115' title="bbox 2119 5148 3632 5220; baseline 0.001 -16"><span class='ocrx_word' id='word_1_775' title='bbox 2119 5148 2372 5206; x_wconf 88' lang='lat' dir='ltr'><strong>Christus</strong></span> <span class='ocrx_word' id='word_1_776' title='bbox 2421 5165 2554 5206; x_wconf 86' lang='lat' dir='ltr'><strong>vero</strong></span> <span class='ocrx_word' id='word_1_777' title='bbox 2608 5165 2841 5220; x_wconf 89' lang='lat' dir='ltr'><strong>sponsus</strong></span> <span class='ocrx_word' id='word_1_778' title='bbox 2872 5168 2886 5205; x_wconf 93' lang='lat'><strong>:</strong></span> <span class='ocrx_word' id='word_1_779' title='bbox 2916 5158 2970 5206; x_wconf 89' lang='lat' dir='ltr'><strong>et</strong></span> <span class='ocrx_word' id='word_1_780' title='bbox 3018 5163 3216 5220; x_wconf 88' lang='lat' dir='ltr'><strong>sponsa</strong></span> <span class='ocrx_word' id='word_1_781' title='bbox 3268 5163 3484 5219; x_wconf 90' lang='lat' dir='ltr'><strong>quoque</strong></span> <span class='ocrx_word' id='word_1_782' title='bbox 3529 5149 3632 5206; x_wconf 88' lang='lat' dir='ltr'><strong>Ec-</strong></span> 
     </span>
    </p>
   </div>
   <div class='ocr_carea' id='block_1_116' title="bbox 2049 5240 3630 5313">
    <p class='ocr_par' dir='ltr' id='par_1_116' title="bbox 2049 5240 3630 5313">
     <span class='ocr_line' id='line_1_116' title="bbox 2049 5240 3630 5313; baseline 0 -17"><span class='ocrx_word' id='word_1_783' title='bbox 2049 5240 2235 5306; x_wconf 87' lang='lat' dir='ltr'><strong>clesia,</strong></span> <span class='ocrx_word' id='word_1_784' title='bbox 2275 5241 2658 5313; x_wconf 83' lang='lat' dir='ltr'><strong>thalatnusquo</strong></span> <span class='ocrx_word' id='word_1_785' title='bbox 2690 5244 2982 5313; x_wconf 85' lang='lat' dir='ltr'><strong>nuptialis,</strong></span> <span class='ocrx_word' id='word_1_786' title='bbox 3032 5241 3287 5313; x_wconf 88' lang='lat' dir='ltr'><strong>baptismi</strong></span> <span class='ocrx_word' id='word_1_787' title='bbox 3335 5241 3504 5306; x_wconf 88' lang='lat' dir='ltr'><strong>locus,</strong></span> <span class='ocrx_word' id='word_1_788' title='bbox 3541 5241 3630 5297; x_wconf 89' lang='lat' dir='ltr'><strong>ubi</strong></span> 
     </span>
    </p>
   </div>
   <div class='ocr_carea' id='block_1_117' title="bbox 2021 5334 3648 5408">
    <p class='ocr_par' dir='ltr' id='par_1_117' title="bbox 2021 5334 3648 5408">
     <span class='ocr_line' id='line_1_117' title="bbox 2021 5334 3648 5408; baseline -0.006 -12"><span class='ocrx_word' id='word_1_789' title='bbox 2021 5335 2312 5405; x_wconf 76' lang='lat' dir='ltr'><strong>.Spiritalis</strong></span> <span class='ocrx_word' id='word_1_790' title='bbox 2371 5337 2472 5391; x_wconf 86' lang='lat' dir='ltr'><strong>ista</strong></span> <span class='ocrx_word' id='word_1_791' title='bbox 2498 5338 2811 5408; x_wconf 89' lang='lat' dir='ltr'><strong>conjunctio</strong></span> <span class='ocrx_word' id='word_1_792' title='bbox 2843 5337 3142 5407; x_wconf 73' lang='lat' dir='ltr'><strong>perficitur,</strong></span> <span class='ocrx_word' id='word_1_793' title='bbox 3192 5334 3648 5406; x_wconf 24' lang='lat' dir='ltr'><strong>quandoquidem.</strong></span> 
     </span>
    </p>
   </div>
   <div class='ocr_carea' id='block_1_118' title="bbox 2051 5428 3626 5501">
    <p class='ocr_par' dir='ltr' id='par_1_118' title="bbox 2051 5428 3626 5501">
     <span class='ocr_line' id='line_1_118' title="bbox 2051 5428 3626 5501; baseline 0 -19"><span class='ocrx_word' id='word_1_794' title='bbox 2051 5428 2124 5483; x_wconf 91' lang='lat' dir='ltr'><strong>ibi</strong></span> <span class='ocrx_word' id='word_1_795' title='bbox 2149 5429 2331 5483; x_wconf 87' lang='lat' dir='ltr'><strong>omnia</strong></span> <span class='ocrx_word' id='word_1_796' title='bbox 2359 5429 2593 5484; x_wconf 89' lang='lat' dir='ltr'><strong>illustria</strong></span> <span class='ocrx_word' id='word_1_797' title='bbox 2648 5431 2781 5496; x_wconf 89' lang='lat' dir='ltr'><strong>sint,</strong></span> <span class='ocrx_word' id='word_1_798' title='bbox 2816 5441 2871 5486; x_wconf 92' lang='lat' dir='ltr'><strong>et</strong></span> <span class='ocrx_word' id='word_1_799' title='bbox 2901 5429 3098 5501; x_wconf 80' lang='lat' dir='ltr'><strong>gaudio</strong></span> <span class='ocrx_word' id='word_1_800' title='bbox 3123 5428 3419 5498; x_wconf 68' lang='lat' dir='ltr'><strong>laetitiaque</strong></span> <span class='ocrx_word' id='word_1_801' title='bbox 3445 5428 3626 5498; x_wconf 87' lang='lat' dir='ltr'><strong>plena.</strong></span> 
     </span>
    </p>
   </div>
   <div class='ocr_carea' id='block_1_119' title="bbox 2048 5519 3629 5594">
    <p class='ocr_par' dir='ltr' id='par_1_119' title="bbox 2048 5519 3629 5594">
     <span class='ocr_line' id='line_1_119' title="bbox 2048 5519 3629 5594; baseline -0.002 -17"><span class='ocrx_word' id='word_1_802' title='bbox 2048 5524 2189 5592; x_wconf 84' lang='lat' dir='ltr'><strong>Quid</strong></span> <span class='ocrx_word' id='word_1_803' title='bbox 2217 5525 2361 5578; x_wconf 90' lang='lat' dir='ltr'><strong>enim</strong></span> <span class='ocrx_word' id='word_1_804' title='bbox 2395 5525 2604 5580; x_wconf 77' lang='lat' dir='ltr'><strong>beatius</strong></span> <span class='ocrx_word' id='word_1_805' title='bbox 2647 5541 2810 5594; x_wconf 87' lang='lat' dir='ltr'><strong>quam</strong></span> <span class='ocrx_word' id='word_1_806' title='bbox 2844 5540 2872 5579; x_wconf 89' lang='lat' dir='ltr'><strong>a</strong></span> <span class='ocrx_word' id='word_1_807' title='bbox 2909 5525 3146 5594; x_wconf 88' lang='lat' dir='ltr'><strong>peccatis</strong></span> <span class='ocrx_word' id='word_1_808' title='bbox 3171 5519 3629 5588; x_wconf 69' lang='lat' dir='ltr'><strong>emundari,Deo~</strong></span> 
     </span>
    </p>
   </div>
   <div class='ocr_carea' id='block_1_120' title="bbox 2048 5613 3628 5686">
    <p class='ocr_par' dir='ltr' id='par_1_120' title="bbox 2048 5613 3628 5686">
     <span class='ocr_line' id='line_1_120' title="bbox 2048 5613 3628 5686; baseline -0.003 -16"><span class='ocrx_word' id='word_1_809' title='bbox 2048 5629 2153 5684; x_wconf 88' lang='lat' dir='ltr'><strong>que</strong></span> <span class='ocrx_word' id='word_1_810' title='bbox 2183 5614 2460 5684; x_wconf 80' lang='lat' dir='ltr'><strong>conjungi,</strong></span> <span class='ocrx_word' id='word_1_811' title='bbox 2509 5626 2670 5684; x_wconf 89' lang='lat' dir='ltr'><strong>atque</strong></span> <span class='ocrx_word' id='word_1_812' title='bbox 2704 5617 2940 5682; x_wconf 82' lang='lat' dir='ltr'><strong>Spiritus</strong></span> <span class='ocrx_word' id='word_1_813' title='bbox 2971 5615 3146 5670; x_wconf 87' lang='lat' dir='ltr'><strong>sancti</strong></span> <span class='ocrx_word' id='word_1_814' title='bbox 3190 5613 3628 5686; x_wconf 88' lang='lat' dir='ltr'><strong>participatione,</strong></span> 
     </span>
    </p>
   </div>
   <div class='ocr_carea' id='block_1_121' title="bbox 2049 5704 3739 5776">
    <p class='ocr_par' dir='ltr' id='par_1_121' title="bbox 2049 5704 3739 5776">
     <span class='ocr_line' id='line_1_121' title="bbox 2049 5704 3739 5776; baseline -0.001 -17"><span class='ocrx_word' id='word_1_815' title='bbox 2049 5705 2242 5761; x_wconf 70' lang='lat' dir='ltr'><strong>divina:</strong></span> <span class='ocrx_word' id='word_1_816' title='bbox 2269 5715 2480 5762; x_wconf 76' lang='lat' dir='ltr'><strong>natura:</strong></span> <span class='ocrx_word' id='word_1_817' title='bbox 2539 5717 2844 5761; x_wconf 84' lang='lat' dir='ltr'><strong>consortem</strong></span> <span class='ocrx_word' id='word_1_818' title='bbox 2920 5707 3231 5762; x_wconf 74' lang='lat' dir='ltr'><strong>exsistere?</strong></span> <span class='ocrx_word' id='word_1_819' title='bbox 3283 5704 3408 5761; x_wconf 68' lang='lat' dir='ltr'><strong>Haec</strong></span> <span class='ocrx_word' id='word_1_820' title='bbox 3435 5705 3630 5776; x_wconf 79' lang='lat' dir='ltr'><strong>pignus</strong></span> <span class='ocrx_word' id='word_1_821' title='bbox 3734 5734 3739 5738; x_wconf 96' lang='lat'><strong><em>-</em></strong></span> 
     </span>
    </p>
   </div>
  </div>
