4072 6390
365 403 498 469 1417

361 526 509 592 ἅγιοι
533 522 620 576 διὰ
655 523 861 586 ἱκεσίας
893 522 1107 578 ποιοῦσι
1135 526 1223 579 τὸν
1260 528 1496 599 Χριστὸν
1517 530 1583 585 δι’
1615 533 1791 590 αὐτῶν
1818 537 1938 588 ἐπι-

359 615 660 686 χορηγῆσαι
686 615 743 666 τὸ
770 614 1013 686 Πνεῦμα.
1045 615 1262 692 [αλιι]

435 802 452 833 ι
501 783 560 836 Ὀ
604 785 795 855 Πατήρ
829 785 1018 858 ἀγαπᾷ
1046 788 1135 842 τὸν
1167 791 1312 846 Υἱόν.
1348 813 1367 844 ι

425 871 489 922 Εί
535 873 627 926 καὶ
657 873 846 945 ἀγαπᾷ
892 877 982 931 τὸν
1015 879 1218 949 κόσμον
1251 884 1280 934 ό
1314 883 1500 956 Πατὴρ
1521 925 1536 950 ,
1567 886 1682 940 ἀλλ’
1725 890 1822 962 οὐχ
1857 892 1932 957 ὼς

364 960 444 1014 τὸν
490 961 636 1027 Υἰὸν,
665 963 723 1016 ὃν
771 965 1185 1038 ὑπερϐαλόντως
1228 976 1420 1047 ἀγαπᾷ
1446 976 1535 1032 διά
1565 977 1665 1050 τὴν
1698 960 1932 1056 φυσικὴν

365 1053 627 1125 γέννησιν,
674 1055 751 1120 ὡς
797 1058 928 1112 ίδιον
968 1062 1160 1130 Λόγον,
1211 1067 1304 1118 καὶ
1350 1068 1563 1137 σοφίαν,
1612 1074 1705 1126 καὶ
1751 1053 1932 1130 ἀπαύ-

362 1161 562 1216 γασμα.

429 1257 449 1289 ι
490 1240 594 1291 Καὶ
622 1241 799 1294 πάντα
825 1242 1052 1297 δέδωκεν
1077 1247 1134 1298 ἐν
1164 1251 1228 1319 τῇ
1258 1251 1403 1321 χειρὶ
1431 1253 1619 1310 αὐτοῦ.
1660 1275 1678 1308 ι

423 1331 556 1382 Τότε
581 1332 882 1404 πληροῦται
905 1335 1064 1390 τοῦτο
1087 1377 1100 1402 ,
1131 1339 1219 1392 ὅτε
1244 1343 1384 1395 κατά
1419 1343 1509 1396 τὸν
1543 1346 1642 1416 τῆς
1669 1347 1929 1420 δευτέρας

351 1421 649 1490 παρουσίας
687 1425 898 1495 καιρὸν,
945 1429 1052 1482 πᾶν
1093 1429 1222 1496 γόνυ
1265 1433 1416 1504 αὐτῷ
1460 1436 1741 1505 κάμπτει,
1790 1442 1928 1495 ἀπο-

347 1508 620 1564 ϐαλόντων
658 1512 726 1584 ἣν
765 1514 944 1584 ἔχουσι
988 1519 1208 1574 κακίαν.
1241 1521 1413 1592 Χεῖρα
1439 1517 1542 1577 ὦδε
1571 1525 1668 1597 τὴν
1698 1528 1929 1600 δύναμιν

349 1601 516 1666 καλεῖ,
543 1602 608 1673 ἣν
644 1604 754 1672 ἔχει
785 1607 812 1657 ὁ
849 1607 973 1671 Υἱὸς
999 1611 1242 1677 φυσικῶς
1263 1651 1278 1674 ,
1312 1613 1407 1667 καὶ
1429 1615 1490 1667 οὑ
1520 1618 1883 1690 μεταληπτῶς
1909 1664 1923 1688 ,

344 1694 419 1755 ὡς
449 1695 540 1747 τοῦ
571 1697 776 1765 ἀγαθοῦ
809 1700 1010 1764 παντὸς
1049 1703 1327 1768 ούσιωδῶς
1349 1705 1499 1770 ὄντος
1528 1708 1585 1761 ὲν
1611 1711 1807 1782 Ila-cpi,
1837 1713 1928 1766 καὶ

346 1785 404 1835 ὲν
430 1785 653 1855 δυνάμει
700 1791 992 1861 νοουμένου
1021 1793 1114 1846 τοῦ
1144 1794 1297 1851 Υἱοῦ.
1327 1797 1613 1868 Λαμϐάνει
1639 1801 1695 1854 δὲ
1723 1805 1815 1856 καὶ
1850 1803 1926 1867 ὡς

345 1876 628 1948 ἄνθρωπος
667 1883 731 1950 ἣν
777 1879 926 1954 εἶχεν
981 1885 1257 1953 ἐξουσίαν,

345 1979 482 2026 σεως
513 1966 588 2028 ὡς
614 1967 766 2032 Θεός.

419 2074 435 2106 ι
485 2057 548 2109 Ἦ
578 2059 716 2130 ὀργὴ
747 2063 838 2115 τοῦ
869 2064 1005 2118 Θεοῦ
1035 2067 1188 2138 μένει
1218 2071 1308 2131 ἐπ’,
1348 2072 1530 2127 αὐτόν.
1567 2094 1585 2127 ι

421 2146 590 2219 Ὀργὴ
625 2150 680 2202 δὲ
720 2153 855 2206 Θεοῦ
897 2157 958 2209 τὸ
1003 2161 1061 2211 ὲν
1112 2159 1362 2230 βασάνοις
1405 2159 1545 2219 εἶναι
1594 2167 1919 2239 διηνεκέσιν,

338 2236 477 2308 ὅπερ
504 2241 621 2293 ἐστὶ
647 2246 846 2310 παντὸς
879 2247 1112 2302 Θανάτου
1137 2251 1542 2326 χαλεπώτερον.

929 2387 1182 2441 ΚΕΦΑΛ.
1222 2390 1297 2443 Δ’.

413 2532 432 2564 ι
477 2514 566 2578 Ὧς
586 2508 682 2570 οὖν
705 2516 846 2586 ἔγνω
867 2519 895 2570 ὁ
927 2517 1132 2590 Κύριος
1158 2522 1237 2574 ὅτι
1265 2523 1506 2592 ἥκουσαν
1528 2527 1578 2578 οἱ
1606 2528 1912 2598 Φαρισαῖοι,

332 2603 414 2655 ὅτι
462 2605 668 2674 Ἰησοῦς
716 2607 968 2672 πλείονας
1009 2609 1256 2680 μαθητὰς
1299 2616 1466 2676 ποιεῖ,
1497 2617 1589 2668 καὶ
1625 2617 1913 2687 βαπτίζει,

331 2697 364 2767 ἢ
425 2697 674 2769 Ἰωάννης
709 2717 738 2774 ο.
766 2701 1012 2770 καίτοιγε
1055 2704 1258 2775 Ἰησοῦς
1283 2707 1444 2769 αὐτὸς
1473 2711 1572 2760 οὐκ
1597 2710 1910 2778 ἐϐάπτιζεν,

330 2785 446 2838 ἀλλ’
485 2788 535 2838 οί
582 2789 820 2858 μαθηταὶ
881 2789 1082 2843 αὐτοῦ’
1127 2793 1308 2863 ἀφῆκε
1367 2796 1464 2866 τὴν
1511 2797 1791 2870 Ἰουδαίαν,
1820 2804 1913 2857 καὶ

328 2875 539 2952 ἀτςῆλθε
568 2877 731 2932 πάλιν
762 2881 842 2943 εἰς
868 2881 964 2951 τὴν
988 2881 1303 2938 Γαλιλαίαν.
1342 2903 1362 2936 ι

399 2965 602 3022 *Ηλθεν
635 2971 821 3024 ἐκεῖνα
848 2971 955 3042 πρὸ
984 2971 1078 3025 τοῦ
1111 2975 1318 3039 πάθους
1343 2976 1622 3049 ὠφελῆσαι
1655 2983 1902 3054 τούτους,

324 3062 416 3114 διὰ
436 3060 532 3114 τοῦ
557 3063 916 3132 εὐαγγελικοῦ
943 3066 1319 3136 κηρύγματος.

395 3153 461 3208 Εί
498 3156 592 3209 καὶ
620 3152 759 3209 οἶδεν
793 3157 971 3210 πάντα
999 3157 1075 3222 ὡς
1115 3158 1268 3225 Θεὸς,
1317 3161 1452 3214 ἀλλὰ
1481 3165 1574 3216 καὶ
1601 3164 1760 3221 τοῦτο
1789 3170 1905 3222 θεο-

321 3247 567 3316 πρεποῦς
614 3249 925 3318 οἰκονομίας
950 3288 965 3313 ,
998 3248 1059 3301 τὸ
1101 3251 1241 3302 κατά
1286 3253 1478 3322 καιρὸν
1508 3259 1681 3309 ποιεῖν
1707 3275 1780 3326 τι,
1811 3261 1905 3312 καὶ

321 3336 442 3390 τότε
480 3339 656 3392 δοκεῖν
686 3341 1000 3409 μανθάνειν,
1045 3342 1135 3393 ὅτε
1164 3343 1323 3413 χρεία
1360 3343 1529 3399 ἐστίν.

394 3427 533 3479 Ὅσα
564 3428 620 3479 δὲ
645 3429 788 3480 κατὰ
825 3429 1131 3484 συναίνεσιν
1157 3430 1264 3482 τῶν
1304 3433 1621 3503 ἡγουμένων
1658 3438 1903 3490 ποιοῦσιν

319 3519 370 3570 oi
403 3519 659 3588 ὑπήκοοι,
700 3519 881 3572 αὐτῶν
923 3521 1183 3590 ὀρόντων,
1236 3522 1333 3574 καὶ
1373 3526 1448 3595 μὴ
1488 3527 1902 3596 ἀντιλεγόντων,

318 3609 697 3680 ἢκωλυόντων
736 3613 783 3663 οἱ
822 3613 1115 3680 ἡγούμενοι
1159 3613 1406 3681 λέγονται
1448 3622 1642 3672 ποιεῖν.
1675 3622 1901 3692 Πρῶτον

317 3706 428 3774 γάρ
481 3702 651 3756 εἰπὼν
703 3704 786 3756 ὃτι
850 3703 1056 3774 Ἰησοῦς
1089 3706 1408 3773 ἐϐάπτιζεν,
1460 3704 1564 3764 ὦδε
1605 3712 1772 3781 λέγει,
1817 3714 1900 3768 ὅτι

330 3795 536 3864 Ἰησοῦς
577 3795 678 3847 οὐκ
720 3795 1034 3861 ἐϐάπτιζεν,
1082 3798 1180 3866 τὴν
1226 3798 1334 3851 τῶν
1390 3802 1648 3872 μαθητῶν
1697 3808 1898 3876 πρᾶξιν

317 3885 466 3955 αὐτῷ
492 3886 814 3956 προσνέμων
830 3886 1077 3958 δυνάμει,
1104 3891 1153 3941 εἰ
1174 3891 1269 3942 καὶ
1297 3890 1372 3961 μὴ
1396 3894 1645 3965 ἐνεργείᾳ
1663 3897 1896 3950 ἐποιεῖτο

314 3959 622 4046 βάπτισμα.
671 3978 929 4048 Ἀρμόζει
966 3979 1023 4033 δὲ
1043 3979 1112 4055 τά
1133 3959 1398 4051 λεγόμενα
1421 3959 1500 4046 εἰς
1519 3959 1586 4038 τά
1613 3959 1892 4062 γινόμενα,

315 4067 468 4138 παρὰ
490 4069 597 4120 τῶν
624 4070 1106 4140 ἀποστελλομένων
1153 4076 1452 4144 κληρικῶν,
1493 4079 1644 4150 παρὰ
1678 4082 1896 4134 ἐπισκόο

314 4174 430 4210 πων
458 4161 537 4222 είς
572 4161 842 4224 συνόδους,
878 4162 910 4234 ἢ
945 4164 1229 4228 συνοδικὰς
1275 4167 1649 4242 ἐπιστολὰς,ἦ
1681 4173 1894 4243 ἑτεροῖα

307 4267 429 4305 τινα
449 4251 707 4320 ἐχόντων·
743 4254 839 4305 καὶ
869 4255 976 4324 γάρ
1008 4257 1195 4327 ἐπειδὴ
1229 4259 1279 4309 οἱ
1310 4259 1551 4330 μαθηταὶ
1581 4263 1886 4333 Εύτυχτιῦς,

309 4341 438 4411 περὶ
483 4341 756 4412 καρώσιος
811 4345 1175 4416 ἐφωράθησαν
1225 4349 1365 4417 μετὰ
1407 4351 1506 4423 τὴν
1559 4354 1616 4407 ὲν
1679 4355 1889 4426 Ἐφέσῳ

305 4431 566 4500 δευτέραν
593 4433 831 4500 σύνοδον,
875 4435 1036 4488 πάλιν
1066 4437 1476 4510 διεστραμμένα
1521 4443 1767 4514 δόγματα
1792 4446 1888 4498 λα-

303 4522 519 4586 λοῦντες
560 4525 868 4596 Εὑτυχοῦς,
923 4528 1159 4597 εὐλόγως
1199 4533 1446 4604 Εύτυχὴς
1493 4537 1884 4608 ἀναθεματίζε-

303 4629 432 4677 ται,
463 4614 595 4681 ,κᾶν
655 4616 815 4679 αὐτὸς
870 4618 1045 4690 ἐφάνη
1099 4621 1250 4676 οὐδὲν
1318 4624 1558 4680 τοιοῦτον
1607 4627 1879 4700 λαλήσας,

299 4704 372 4767 ὡς
409 4707 624 4761 ἁκούων
661 4708 771 4762 τῶν
814 4711 978 4764 αὑτοῦ
1029 4713 1287 4785 μαθητῶν
1325 4716 1630 4774 λαλούντων
1683 4722 1752 4774 τὰ
1807 4724 1880 4795 μὴ

297 4799 452 4868 ὀρθά,
488 4803 583 4854 καὶ
630 4802 874 4857 σιωπῶν.
907 4803 986 4856 Τὰ
1018 4806 1126 4877 γὰρ
1154 4809 1218 4860 ἐκ
1243 4808 1349 4861 τῶν
1386 4810 1648 4882 μαθητῶν
1690 4814 1880 4867 λαλού-

298 4909 434 4960 μενα
453 4931 469 4957 ,
501 4895 534 4962 ἢ
564 4895 825 4965 γινόμενα
844 4936 858 4960 ,
903 4899 984 4961 εἰς
1024 4898 1086 4952 τὸ
1108 4899 1203 4953 τοῦ
1233 4900 1555 4955 διδασκάλου
1584 4905 1877 4974 πρόσωπον

294 4985 604 5056 ἀνατρέχει.
638 4989 824 5053 Οῦτως
854 4993 880 5043 ὁ
923 4992 1040 5044 Ἠλὶ
1073 4992 1362 5063 ἐμέμφθη,
1394 4995 1725 5068 ἀνεχόμενος
1767 4999 1875 5052 τῶν

294 5077 489 5130 ἑαυτοῦ
527 5079 656 5131 υίῶν
691 5080 1018 5146 πταιόντων,
1053 5081 1129 5145 ὼς
1159 5083 1506 5154 ἁμαρτήσας.

371 5294 386 5325 ι
429 5276 574 5328 Ἔδει
608 5277 662 5330 δὲ
701 5279 862 5332 αὐτὸν
903 5280 1212 5351 διέρχεσθαι
1259 5283 1346 5336 διὰ
1387 5284 1487 5353 τῆς
1531 5287 1863 5356 Σαμαρείας.

295 5365 553 5436 Ἔρχεται
589 5367 683 5419 οῦν
730 5370 810 5431 εἰς
862 5372 1016 5424 πόλιν
1063 5373 1160 5442 τῆς
1209 5373 1523 5444 Σαμαρείας
1571 5375 1866 5450 λεγομένην

289 5453 482 5524 Σιχὰρ,
517 5455 743 5525 πλησίον
775 5458 870 5511 τοῦ
905 5462 1106 5531 χωρίου
1144 5461 1172 5514 ὃ
1204 5463 1405 5516 ἔδωκεν
1451 5463 1644 5516 Ἰακὼϐ
1673 5465 1866 5539 Ἰωσὴφ

286 5545 362 5612 τίς)
393 5545 493 5616 υίῷ
525 5547 708 5602 αὐτοῦ.
745 5567 764 5601 ι

357 5636 588 5708 Ὅμοροι
622 5635 762 5708 ἦσαν
804 5641 914 5695 τῶν
970 5644 1240 5699 Ἰουδαίων
1281 5648 1337 5699 οἱ.
1368 5647 1743 5720 Σαμαρεῖται,
1783 5651 1864 5705 διὸ

285 5727 376 5778 καὶ
406 5727 511 5779 ἀπὸ
543 5727 642 5796 τῆς
674 5729 857 5799 πηγῆς
885 5734 1129 5786 ἐπίνοντο
1156 5735 1250 5787 τοῦ
1287 5738 1498 5793 Ἰακώϐ.
1527 5741 1861 5812 Σαμαρεῖται

283 5818 338 5869 δὲ
369 5821 431 5872 ἐκ
463 5820 649 5889 γένους
690 5820 843 5884 ὄντες
879 5823 973 5876 τοῦ
1016 5825 1218 5893 Μήδων
1252 5829 1346 5880 καὶ
1379 5829 1606 5900 Περσῶν
1642 5833 1858 5901 ἔθνους,

599 5918 868 5980 ΡΑτιιοι..
913 5921 1027 5982 GR.
1069 5924 1358 5992 LXXXV.

1421 420 1884 483 FRAGMENTA
1923 425 2006 487 IN
2047 429 2088 490 S
2141 432 2499 497 JOANNEM

1291 1891 1386 1944 καὶ
1421 1892 1526 1963 πρὸ
1575 1893 1676 1964 τῆς
1715 1896 1926 1966 σαρκὼ·
1957 1900 1998 1956 Β
2028 1928 2206 1973 autem
2232 1929 2289 1975 ιιι
2321 1925 2482 1978 Ιιοιιιο
2509 1938 2857 1996 petcstatem,

3459 453 3622 521 »1418

1966 551 2013 600 Λ
2045 548 2115 606 te,
2145 542 2286 598 sicut
2312 561 2581 616 creatura,
2617 565 2947 624 quaprOpter
2983 557 3098 628 ipse
3126 577 3342 633 quoque
3368 581 3490 620 eum
3514 570 3615 623 do-

2040 646 2154 688 nat.
2208 637 2394 694 Sancti
2426 652 2605 697 autem
2643 660 2737 713 per
2770 662 2959 714 preces
3013 666 3142 708 suas
3190 655 3241 708 id
3272 656 3527 728 elliciunt,
3559 673 3615 717 ut

2038 723 2288 781 Chrisws
2321 744 2508 784 eorum
2543 735 2720 803 gratia
2751 733 3011 807 Spiritttm
3041 742 3307 814 largiatur

2108 816 2275 874 Vens.
2309 821 2398 878 55.
2460 843 2479 876 ι
2515 825 2674 882 Pater
2722 831 2897 901 diligit
2962 833 3182 891 Filium.
3212 858 3231 889 ι

2093 907 2332 967 Tametsi
2389 919 2646 972 mundum
2701 936 2917 990 qquue
2973 925 3138 982 Pater
3195 941 3360 996 amet,
3396 949 3500 988 non
3533 948 3615 990 la-

2035 1016 2158 1056 men
2231 1016 2287 1059 ut
2318 1004 2535 1074 Filium,
2567 1025 2725 1078 quem
2773 1026 2996 1083 propter
3044 1020 3346 1075 naturalem
3396 1039 3624 1092 genera-

2035 1092 2256 1159 tionem,
2295 1105 2550 1168 tanquam
2579 1106 2856 1172 proprium
2896 1107 3149 1174 Verbum,
3180 1121 3234 1166 et.
3260 1115 3608 1184 sapientiam,

2031 1196 2096 1238 ac
2139 1186 2503 1256 splendorem,
2527 1194 2787 1264 singulari
2812 1213 3036 1265 prorsus
3067 1203 3227 1259 modo
3263 1207 3459 1279 diligit.

2092 1293 2110 1326 ι
2140 1275 2205 1330 Ει
2237 1280 2416 1333 omnia
2442 1283 2588 1336 dedit
2619 1285 2670 1338 itt
2701 1302 2860 1342 manu
2913 1292 3047 1359 ejus.
3079 1311 3099 1345 ι

2080 1365 2234 1422 Tunc
2267 1371 2369 1425 hoc
2414 1373 2746 1443 itnplebitur,
2805 1384 3021 1448 quando
3084 1394 3325 1457 tempore
3381 1395 3605 1448 secundi

2031 1458 2296 1516 adventus
2356 1477 2516 1518 omne
2554 1482 2696 1534 genu
2761 1470 2860 1538 ipsi
2893 1477 3228 1542 curvabitur,
3286 1483 3434 1536 omni
3491 1483 3604 1551 jau-t

2031 1550 2238 1606 malitia
2263 1555 2496 1610 sublata.
2529 1555 2745 1621 Manum
2768 1562 2859 1616 hic
2887 1565 3115 1633 appellat
3137 1570 3412 1640 virtutem,
3441 1550 3603 1644 quam

2031 1641 2200 1698 Filius
2226 1654 2419 1702 natura
2451 1663 2570 1711 sua,
2606 1666 2712 1706 non
2755 1663 2934 1710 autem
2963 1661 3372 1730 participatione
3400 1668 3557 1723 habet
3587 1689 3600 1735 ;

2027 1732 2188 1788 Patre
2209 1737 2463 1793 nimirum
2496 1755 2656 1797 omne
2719 1744 2919 1801 bonum
2978 1753 3410 1812 substantialiter
3468 1775 3602 1814 con-

2030 1823 2256 1890 tincnte,
2296 1827 2542 1900 Filioque
2567 1847 2662 1901 per
2697 1836 2954 1893 virtutem
3007 1841 3306 1900 intellecto.
3389 1850 3602 1920 Accipit

2925 1951 3087 2006 quam
3123 1941 3286 1996 etiam
3341 1957 3466 2002 ante
3521 1951 3604 2003 itt-

2029 2013 2397 2069 carnationem
2463 2019 2651 2074 habuit
2683 2031 2743 2077 ιιι
2770 2024 2934 2082 Deus.

2090 2101 2254 2159 Vsus.
2286 2107 2375 2160 36.
2415 2127 2432 2159 t
2477 2110 2555 2164 Ira
2594 2111 2683 2167 Dei
2721 2129 2902 2171 manet
2923 2134 3086 2188 super
3109 2140 3253 2178 eum.
3294 2145 3313 2179 ι

2085 2194 2167 2248 Ira
2191 2206 2370 2251 autem
2398 2199 2490 2255 Dei
2551 2213 2652 2269 est,
2701 2206 2752 2259 in
2809 2215 3083 2280 perpetuis
3136 2221 3422 2276 tormentis
3475 2237 3596 2280 vcr-

2022 2285 2154 2348 sari,
2202 2290 2343 2355 quod
2373 2292 2614 2360 qualibet
2645 2307 2817 2354 morte
2850 2305 3070 2370 gravius
3100 2317 3208 2362 est.

2669 2431 2821 2486 CAP.
2858 2435 2942 2490 IV.

2095 2550 2258 2609 Vens.
2300 2557 2412 2612 1-5.
2457 2577 2475 2610 ι
2507 2561 2574 2616 Ut
2610 2578 2737 2633 ergo
2771 2571 3201 2638 cugnovitJesus
3241 2579 3363 2647 quia
3406 2584 3593 2636 audie-

2020 2655 2146 2698 runt
2198 2646 2455 2706 Pharisa-i
2505 2660 2645 2723 quod
2695 2643 2854 2716 lesus
2886 2664 3069 2733 plures
3097 2667 3395 2741 discipulos
3434 2677 3590 2743 lactt,

2016 2749 2069 2789 et
2103 2736 2363 2807 baptizat,
2397 2758 2558 2813 quam
2615 2748 2873 2818 Joannes,
2942 2736 3257 2830 quanquam
3294 2763 3451 2822 Jesns
3485 2736 3590 2824 non

2015 2827 2338 2902 baptizaret,
2374 2841 2468 2893 sed
2503 2841 2750 2913 discipuli
2792 2849 2931 2917 ejus,
2968 2827 3185 2923 reliquit
3224 2853 3487 2927 Iudaeam,
3535 2876 3592 2917 et

2013 2920 2147 2975 abiit
2179 2923 2374 2980 iterum
2409 2928 2462 2982 in
2498 2929 2797 2989 Galiltnam.
2834 2955 2854 2988 ι

2081 3012 2239 3070 Venit
2261 3032 2345 3083 eo,
2386 3031 2442 3074 ut
2470 3025 2780 3094 evangelica
2811 3031 3194 3098 praedicatione
3224 3049 3348 3095 ante
3371 3045 3586 3111 passio-

2011 3118 2129 3157 nem
2160 3123 2312 3162 suam
2341 3111 2405 3166 iis
2440 3117 2737 3182 prodesset.

2080 3197 2194 3251 Etsi
2243 3203 2421 3256 omnia
2458 3205 2662 3261 sciebat
2698 3219 2755 3262 ut
2782 3208 2944 3278 Deus,
2989 3224 3225 3272 attamen
3251 3220 3352 3275 hoc
3385 3225 3584 3281 divina:

2008 3288 2400 3357 dispensationi
2452 3309 2573 3352 erat
2616 3314 3063 3373 consentaneum,
3133 3322 3190 3366 ut
3254 3329 3584 3389 opportune,

2005 3380 2244 3447 quidque
2277 3398 2482 3455 ageret,
2559 3401 2779 3462 tumque
2839 3398 3049 3455 discere
3107 3380 3407 3475 videretur,
3459 3429 3581 3467 eum

2007 3487 2135 3526 USIIS
2153 3487 2319 3532 esset.

2075 3564 2343 3636 Quidquid
2371 3581 2549 3627 autem
2581 3576 2779 3633 subditi
2817 3571 3189 3652 superioribus
3231 3595 3583 3661 approbanti-

2005 3659 2124 3724 lms,
2163 3659 2404 3731 ipsisque
2433 3671 2808 3737 cernentibus,
2844 3685 2896 3728 et
2925 3692 3028 3732 non
3056 3686 3574 3753 contradicentibus,

2003 3762 2177 3815 neque
2208 3754 2516 3809 vetantibus
2546 3770 2731 3827 agunt,
2771 3763 2822 3816 id
2850 3765 3026 3833 ipsum
3061 3772 3367 3838 superiores
3399 3777 3578 3835 facere

2000 3840 2272 3896 dicuntur.
2330 3844 2465 3900 Cum
2507 3850 2650 3904 enim
2701 3853 2936 3922 primum
2967 3858 3216 3928 dixisset,
3255 3862 3436 3920 Jesutn
3475 3874 3575 3922 ba-

1999 3929 2273 4000 ptizasse;
2309 3936 2393 3989 hic
2419 3941 2516 4004 ait,
2557 3939 2741 3997 .Iesutn
2775 3946 2996 4003 minime
3027 3952 3352 4021 baptizasse,
3412 3960 3574 4016 disci-

1996 4024 2246 4090 pulorum
2277 4043 2414 4096 opus
2467 4033 2638 4100 ipsius
2665 4039 2950 4095 ascribeus
3005 4044 3214 4113 virtuti,
3244 4050 3345 4102 etsi
3392 4055 3570 4122 reipsn

1995 4116 2431 4186 nonbaptizarit.
2466 4127 2890 4186 Accomtnodare
2917 4132 3080 4189 liceat
3136 4139 3249 4194 lta'c
3287 4143 3426 4196 dicta
3489 4146 3566 4199 la-

1993 4205 2094 4260 ctis
2123 4210 2466 4281 clericorum,
2493 4218 2558 4271 ab
2588 4220 2857 4292 episcopis
2886 4226 2952 4280 ad
2977 4229 3226 4297 concilia,
3254 4233 3568 4291 missiones-

1993 4310 2058 4349 ve
2119 4304 2407 4369 synodalcs
2456 4307 2538 4360 vel
2591 4311 2727 4366 alias
2773 4315 3040 4382 quaslibet
3113 4329 3564 4394 congregatioues

1991 4387 2378 4457 tlelegatorntn.
2448 4396 2656 4452 Etenim
2709 4418 2831 4458 cum
2915 4408 3162 4480 discipuli
3217 4387 3560 4486 Eut'ychetis,

1987 4489 2108 4546 post
2142 4489 2438 4539 secundum
2470 4493 2764 4548 concilium
2798 4497 3126 4567 Ephesinum
3163 4519 3391 4562 erronea
3437 4527 3562 4563 rur-

1919 4579 2105 4633 Dsum
2164 4570 2477 4642 Eutychetis
2543 4583 2816 4653 dogmata,
2867 4603 2977 4658 prae
3028 4592 3194 4649 nimia
3252 4601 3563 4661 temulentis

1985 4657 2198 4715 cliutire
2221 4670 2484 4736 COlltpL'l'li
2541 4673 2670 4739 siut,
2703 4675 2827 4743 jure
2873 4657 3240 4742 meritissimo
3287 4692 3562 4764 Entyehes

1981 4749 2328 4808 anathemate
2384 4755 2601 4824 feritur,
2661 4769 2874 4823 tametsi
2927 4773 3059 4826 nihil
3101 4777 3215 4844 ipse
3265 4749 3440 4838 simile
3481 4787 3564 4841 di-

1983 4837 2126 4892 xisse
2157 4843 2306 4898 visus
2337 4848 2430 4911 sit,
2487 4862 2670 4920 utp0te
2705 4858 2817 4925 qui,
2881 4876 3004 4916 cum
3066 4867 3362 4937 diScipulos
3430 4891 3558 4932 suos

1981 4943 2084 4982 non
2116 4945 2260 4990 recta
2299 4936 2443 5007 loqui
2495 4945 2812 5016 audivisset,
2841 4954 3103 5010 siluisset.
3158 4963 3288 5026 Quae
3331 4969 3476 5018 enim
3523 4988 3553 5024 a

1979 5020 2258 5091 discipulis
2311 5029 2565 5086 dicuntur
2600 5037 2678 5091 vel
2721 5043 2852 5095 littttl
2881 5083 2895 5108 ,
2940 5046 2990 5098 itt
3042 5020 3387 5119 prxeepturis
3433 5073 3555 5122 per-

1976 5122 2164 5165 sonam
2197 5114 2521 5174 redundant.
2550 5121 2639 5177 Sic
2666 5138 2717 5179 et
2745 5126 2885 5195 lleli,
2936 5133 3076 5187 lilios
3101 5114 3231 5193 suos
3260 5155 3552 5207 peccantes

1975 5202 2198 5257 minime
2224 5221 2503 5278 coercens,
2531 5215 2777 5273 criminis
2810 5225 3074 5289 arguitur.

2044 5291 2208 5350 Vens.
2233 5299 2287 5362 ὰ,
2319 5299 2372 5353 5.
2417 5321 2434 5352 t
2471 5302 2773 5373 Oportebat
2807 5322 2989 5367 autem
3043 5334 3165 5371 eum
3197 5324 3430 5378 transire
3451 5341 3550 5396 per

1972 5385 2299 5442 Samariam.
2367 5390 2520 5449 Venit
2547 5412 2678 5465 ergo
2713 5401 2764 5454 in
2809 5403 3083 5460 civitatem
3125 5409 3388 5468 Samaria:
3425 5433 3545 5488 quae

1971 5476 2166 5531 dicitur
2195 5478 2425 5536 Sichar:
2468 5485 2622 5552 juxta
2683 5493 2942 5559 praedium
2975 5499 3117 5566 quod
3168 5502 3312 5556 dedit
3374 5476 3545 5563 .lacoh

1965 5563 2163 5636 Joscph
2194 5571 2304 5625 lilio
2331 5589 2449 5627 suo.
2481 5595 2502 5628 ι

2037 5656 2372 5716 Contermini
2414 5677 2572 5720 erant
2619 5667 2820 5726 ludatis
2850 5674 3156 5743 Samaritae,
3211 5695 3543 5753 quapropter

1965 5748 2128 5802 etiam
2160 5750 2418 5809 bibebant
2453 5757 2516 5811 de
2551 5758 2702 5816 fonte
2725 5761 2915 5820 Jacob.
2974 5748 3538 5841 Samaritaniauem,

1965 5857 2084 5896 cum
2120 5859 2182 5897 cx
2221 5859 2380 5915 gente
2409 5848 2685 5908 Medorum
2727 5868 2886 5929 atque
2909 5860 3194 5917 Persarum
3232 5882 3400 5934 genus
3435 5869 3536 5922 da-

3067 5959 3139 6012 [ιέι
