4072 6392
475 350 609 414 1419

1597 337 1934 398 ΑΜΜΟΝΙΙ
1974 334 2499 397 ALEXANDRIN]

3587 338 3730 405 51420

473 476 682 529 cerent,
712 478 808 533 pro
858 459 1041 516 Jacobi
1075 457 1197 508 liliis
1251 469 1307 506 se
1363 452 1731 505 venditabant.
1773 449 1944 515 Quam
1975 449 2044 502 oh

2171 452 2489 520 ,πεφήμιζον
2532 451 2758 514 ἑαυτοὺς
2806 449 2900 504 τοῦ
2972 448 3162 506 Ἰακὼϐ
3201 451 3300 523 (5).
3337 454 3496 518 Τίνος
3544 457 3735 512 ἕνεκεν

480 575 589 613 rem
644 569 775 608 vero
824 549 1152 618 evangelista
1208 555 1326 598 'tam
1382 555 1626 597 exactam
1675 543 1772 594 loci
1817 540 2046 593 mentio-

2151 538 2587 607 ἀκριϐολογεῖταιι
2619 541 2646 592 6
2700 539 3092 609 εύαγγεὶιστὴς
3118 541 3250 612 περὶ
3275 540 3370 596 τοῦ
3400 544 3600 609 τόπου;
3634 548 3733 599 'lv‘

477 666 596 704 nem
645 645 802 701 facit?
865 643 934 697 Ut
974 639 1259 702 videlicet,
1310 650 1430 690 cum
1485 634 1722 688 audieris
1776 633 2050 686 mulierem

2171 631 2279 681 itav
2334 627 2574 698 ἀκούσῃς
2620 630 2720 698 τῆς
2772 630 3034 698 γυναικὸς
3066 630 3369 703 λεγούσης,
3439 633 3654 689 Ἰακὼϐ
3699 639 3735 688 ὁ

477 744 740 793 dicentem
777 753 789 788 :
827 732 992 786 Iacob
1037 739 1185 797 pater
1227 736 1403 780 uoster
1465 726 1606 777 dedit
1667 724 1811 775 nobis
1859 722 2052 790 fontem

478 840 635 895 hunc,
684 839 1024 894 nequaquam
1087 818 1464 890 peregrineris.
1533 815 1579 869 Is
1619 827 1850 882 namque
1908 811 2056 865 locus

477 928 617 984 t-rat,
649 917 741 970 ubi
794 915 939 968 Dina’
967 926 1131 966 causa
1162 905 1547 976 iudignabundi
1603 901 1800 956 fratres
1835 900 2052 956 Simeon

477 1029 525 1066 rt
553 1012 680 1065 Levi
719 1017 999 1064 cruentam
1028 1005 1172 1056 illam
1200 1001 1403 1055 caulem
1437 1004 1843 1068 perpetrarunt.

553 1100 719 1155 Vens.
764 1099 817 1151 6.
863 1114 885 1148 ι
913 1096 1040 1149 Erat
1065 1102 1243 1145 autem
1275 1089 1346 1143 ibi
1384 1091 1503 1142 fons
1523 1086 1708 1141 Jacob.
1743 1083 1902 1139 Iesus
1927 1097 2058 1152 ergo

483 1192 731 1259 tatigatus
754 1204 818 1240 ex
851 1187 1064 1244 itinere,
1099 1182 1322 1234 sedebat
1348 1181 1425 1232 sic
1451 1193 1610 1245 supra
1649 1176 1871 1228 (mrtem.
1914 1171 2055 1226 Hora

483 1293 594 1334 o-rat
621 1279 772 1348 quasi
811 1287 986 1329 sexta.
1016 1293 1042 1325 -ι

546 1373 772 1427 Fonteio
815 1369 899 1422 hic
933 1374 1089 1419 vocat
1126 1373 1365 1433 puteum,
1411 1374 1477 1415 eo
1502 1358 1645 1430 quod
1696 1357 1748 1412 in
1791 1356 1884 1412 illo
1920 1370 2057 1425 aqua

482 1465 706 1518 ebulliat
732 1471 893 1528 atque
921 1457 1200 1511 scaturiat.
1257 1452 1480 1507 Puteum
1509 1459 1689 1504 autem
1725 1447 1911 1512 fuisse,
1959 1448 2057 1501 de-

482 1556 649 1608 clarat
677 1553 906 1620 ipsamet
946 1544 1311 1602 Samaritana,
1375 1540 1649 1595 Christum
1703 1538 1850 1591 hisce
1883 1535 2060 1590 verbis

484 1647 790 1712 alloquens:
839 1640 1020 1707 Neque
1070 1640 1123 1688 in
1171 1650 1272 1704 quo
1315 1632 1532 1684 haurias
1564 1630 1742 1691 habes,
1781 1638 1828 1681 et
1875 1637 2060 1695 puteus

485 1743 625 1788 ultus
655 1743 754 1786 est.
815 1731 965 1783 Ilunc
1004 1735 1182 1779 autem
1231 1721 1490 1777 elloderat
1537 1719 1727 1774 Jacob.
1785 1715 1902 1770 Huc
1958 1715 2060 1769 ita-

2154 719 2349 788 πατὴρ
2378 719 2544 788 ἡμῶν
2568 718 2792 774 ἔδωκεν
2821 721 2939 789 τὴν
2971 722 3178 792 πηγὴν
3207 725 3453 792 ταύτην,
3487 727 3562 798 μὴ
3593 725 3735 791 ξενι·

2157 811 2310 882 σθῇς.
2352 811 2412 864 ὐ
2442 811 2549 881 γὰρ
2579 811 2743 874 τόπος
2775 812 2982 876 ἐκεῖνος
3009 808 3098 884 ἦν,
3128 813 3258 868 ἔνθα
3285 816 3413 886 περί
3441 817 3542 887 τῆς
3575 820 3735 883 Δίνας

2155 901 2204 953 οξ
2242 900 2469 966 ἀδελφοί
2520 899 2650 954 Λευῒ
2695 901 2792 954 καὶ
2841 901 3066 972 Συμεὼν
3114 905 3587 972 ἀγανακτοῦντες,
3643 905 3736 961 τὸν

2156 993 2388 1063 χαλεπὸν
2416 994 2625 1046 ἐκεῖνον
2651 993 2983 1064 εἰργάσαντο
3013 995 3193 1062 φόνον.

2233 1105 2252 1138 ι
2290 1082 2399 1140 Ἦν
2429 1085 2485 1138 δὲ
2522 1088 2638 1138 ἐκεῖ
2667 1086 2818 1156 πηγὴ
2859 1085 2954 1139 τοῦ
3008 1085 3223 1141 Ἰακώϐ.
3271 1086 3330 1139 '0
3371 1087 3466 1142 οὖν
3525 1089 3738 1160 Ἰησοῦς

2159 1177 2505 1240 κεκοπιακὼς
2533 1177 2598 1229 ἐκ
2624 1176 2724 1245 τῆς
2762 1175 3090 1247 ὁδοιπορίας,
3123 1176 3420 1242 ἐκαθέζετο
3442 1177 3615 1244 οὕτως
3642 1181 3738 1232 ἐπὶ

2157 1273 2224 1340 τῇ
2263 1274 2434 1340 πηγῇ.
2479 1269 2621 1340 Ὦρα
2645 1265 2712 1339 ἦν
2737 1267 2868 1321 ὡσεὶ
2897 1268 3053 1338 ἕκτη.
3092 1286 3111 1320 ι

2231 1363 2419 1433 Πηγὴν
2444 1362 2502 1415 δὲ
2532 1361 2592 1414 τὸ
2623 1363 2800 1432 φρέαρ
2838 1363 2971 1431 φησί
2992 1361 3082 1414 διὰ
3109 1361 3168 1414 τὸ
3188 1360 3396 1433 βρύειν,
3429 1363 3527 1417 καὶ
3558 1366 3738 1435 πηγά-

2161 1456 2273 1520 ζειν
2299 1457 2356 1507 ὲν
2389 1454 2538 1525 αύτῴ
2570 1455 2630 1507 τὸ
2660 1453 2824 1525 ὕδωρ.
2860 1456 2980 1507 Ὀτι
3013 1453 3122 1523 γὰρ
3152 1455 3330 1525 φρέαρ
3354 1450 3445 1526 ἦν,
3473 1456 3624 1526 δηλοῖ
3651 1457 3740 1510 λέ-

2161 1563 2332 1615 γουσα
2383 1547 2416 1615 ἠ
2469 1546 2800 1615 Σαμαρεῖτις
2846 1543 2924 1613 τῷ
2969 1543 3211 1615 Χριστῷ·
3267 1545 3415 1598 Οὔτε
3468 1546 3742 1616 ἄντλημα

2162 1638 2339 1704 ἔχεις,
2370 1629 2466 1690 καί
2498 1635 2564 1690 τὸ
2591 1635 2778 1705 φρέαρ
2803 1636 2933 1689 ἐστί
2961 1636 3148 1700 βαθύ.
3184 1634 3357 1688 Τοῦτο
3390 1637 3446 1688 δὲ
3477 1637 3681 1707 ὤρυξεν
3711 1639 3740 1689 6

2177 1728 2392 1783 Ἰακώϐ.
2465 1727 2731 1782 Ἐνταῦθα
2775 1727 2957 1780 τοίνυν
3003 1729 3035 1780 ό
3094 1729 3331 1799 Χριστος
3383 1730 3740 1800 παρεγίνετο·

486 1841 592 1892 que
627 1823 879 1876 Christus
907 1815 1165 1877 accessit,
1213 1813 1450 1867 desidem
1495 1810 1708 1878 quidem
1762 1822 1822 1861 ac
1851 1805 2061 1861 mollem

2171 1822 2253 1874 τὸν
2301 1822 2396 1892 μὲν
2442 1820 2710 1891 βάναυσον
2746 1819 2842 1872 καὶ
2884 1819 3050 1892 ὑγρὸν
3089 1799 3531 1890 ἐκϐάλλωνβίον,
3563 1821 3654 1874 τὸν
3686 1822 3744 1875 δὲ

489 1914 705 1968 \ivendi
733 1912 994 1965 rationem
1023 1905 1418 1968 exterminans,
1458 1900 1778 1955 laboriosam
1812 1913 1943 1953 vero
1997 1912 2062 1952 ac

487 2003 1092 2060 studiosaminducens.
1148 1995 1262 2050 Non
1317 1994 1459 2049 enim
1499 1992 1759 2060 jumentis
1785 2005 1912 2044 usus
1958 1998 2062 2055 est,

487 2103 578 2155 sed
613 2098 813 2154 incedit
855 2105 1004 2149 tanta
1037 2091 1406 2154 contentione,
1451 2097 1510 2142 ut
1533 2103 1599 2142 ex
1626 2087 1821 2142 itinere
1873 2082 2066 2138 delatio

496 2199 714 2259 gare-tur
752 2205 764 2240 :
792 2186 993 2253 ubique
1019 2181 1283 2252 siquidem
1314 2180 1518 2233 laboris
1538 2178 1775 2233 studium
1804 2185 1859 2230 et
1880 2189 2067 2244 super-

485 2281 638 2335 vacui
670 2279 872 2347 fugam,
904 2274 1369 2343 frugalitatemque
1402 2269 1766 2330 commendat,
1802 2274 1861 2319 ut
1901 2266 2065 2318 etiam

510 2391 688 2428 letum
728 2370 1155 2424 necessariarum
1187 2364 1415 2434 plurima
1442 2375 1770 2416 resecemus.

537 2461 979 2532 Quandoquidem
1014 2456 1248 2512 Verbum
1287 2468 1415 2508 caro
1471 2450 1671 2505 factum
1702 2458 1841 2511 erat,
1878 2460 2069 2501 conse-

488 2568 717 2630 quenter
761 2570 827 2608 οι
874 2553 1100 2616 itinere,
1144 2548 1286 2617 quod
1338 2545 1562 2600 meridie
1613 2541 1950 2602 conﬁciebat,
1993 2537 2070 2590 l'a-

491 2626 781 2718 tigabatur.
820 2640 1072 2694 Meridies
1124 2646 1326 2698 autem,
1383 2641 1466 2688 est
1511 2629 1899 2684 lucidissinmm
1941 2626 2068 2679 illud

493 2751 701 2806 tempus
731 2730 1086 2804 apparitionis
1141 2725 1343 2782 (lbristi
1379 2739 1392 2776 :
1454 2722 1640 2776 habuit
1668 2721 1809 2774 enim
1873 2731 2069 2785 corpus

493 2841 678 2887 nostro
733 2825 928 2888 simile,
999 2823 1190 2875 iisdem
1243 2818 1440 2888 quibus
1491 2823 1733 2868 nostrum
1792 2819 2067 2872 constans,

491 2928 718 2988 excepto
749 2914 849 2968 viri
888 2924 1204 2980 congressu.
1257 2905 1618 2972 Quamobrem
1651 2917 1756 2955 non
1805 2898 2069 2965 defatiga-

494 3011 626 3066 tioni
665 3009 862 3070 solum,
893 3019 1080 3058 verum
1127 2999 1294 3055 etiam
1327 2997 1416 3051 siti
1456 2995 1878 3061 vulneribusque
1904 2991 2073 3044 obuo-

494 3103 642 3156 xium
672 3098 793 3161 fuit,
829 3091 1263 3164 quandoquidem
1295 3103 1490 3157 corpus
1521 3087 1663 3140 intra
1697 3085 1945 3137 humana:
1976 3095 2072 3132 na—

497 3206 632 3248 tura:
698 3188 960 3245 terminos
1026 3183 1364 3245 continebat,
1425 3193 1495 3234 ne
1549 3179 1872 3248 phantasma
1912 3173 2064 3227 vide-

498 3295 668 3340 retur.

549 3375 824 3434 Christus,
855 3385 974 3423 cum
1003 3376 1121 3439 post
1159 3363 1588 3422 incarnationem
1629 3371 1880 3430 tanquam
1938 3375 2077 3414 unus

500 3486 563 3521 ex
605 3467 764 3520 nobis
815 3472 982 3526 esset,
1052 3471 1254 3514 natura:
1304 3461 1553 3512 humanm
1611 3455 1923 3508 affectiones
1975 3451 2076 3506 sibi

504 3559 751 3629 proprias
797 3555 948 3620 fecit,
1003 3551 1218 3607 tametsi
1268 3558 1330 3604 ut
1389 3549 1527 3604 Deus
1582 3556 1824 3601 maneret
1878 3557 2075 3614 expers

507 3648 794 3719 passionis.

576 3740 741 3795 Vens.
777 3737 829 3792 7.
887 3755 905 3789 ι
943 3735 1103 3791 Venit
1166 3732 1357 3788 mulier
1412 3731 1481 3786 de
1550 3728 1796 3784 Samaria
1865 3724 2081 3780 haurire

507 3848 721 3901 aquam.
777 3827 917 3884 Dicit
948 3828 996 3881 ei
1021 3825 1216 3880 Jesus:
1288 3823 1363 3878 Da
1397 3822 1532 3876 mihi
1570 3821 1776 3875 bibere.
1813 3836 1832 3870 ι

559 3921 958 3977 Samaritanam
1003 3918 1300 3984 interrogat
1347 3913 1414 3969 de
1445 3913 1578 3983 legis
1636 3911 1849 3972 umbra,
1913 3917 1969 3960 ut
1999 3906 2081 3961 illi

507 4029 701 4084 nquam
746 4013 921 4066 vivam
988 4011 1247 4080 praebeat.
1319 4003 1412 4059 Sic
1461 4003 1624 4058 etiam
1674 4001 1873 4068 ubique
1925 3999 2082 4052 ﬁdem

507 4106 695 4174 exigit,
727 4113 787 4158 ut
815 4109 1034 4172 praestet
1066 4113 1129 4154 ea
1175 4111 1296 4168 qua
1320 4102 1578 4164 superant
1623 4092 1915 4145 rationem.
1979 4087 2084 4142 Per

510 4210 608 4251 noc
630 4197 794 4252 etiam
822 4191 1078 4247 Judaicas
1116 4188 1469 4246 caeremonias
1502 4199 1608 4239 non
1653 4181 1830 4250 magni
1883 4179 2086 4233 facien-

507 4297 602 4345 das
628 4295 803 4352 docet,
844 4288 1155 4347 ostendens,
1211 4285 1266 4352 id
1307 4281 1450 4351 quod
1487 4281 1538 4334 in
1562 4294 1626 4333 os
1675 4277 1865 4339 intrat,
1907 4276 2084 4329 homi-

510 4399 630 4438 nem
661 4396 767 4436 non
804 4380 1108 4449 inquinare.

2165 1915 2420 1966 ἐπίπονον
2454 1911 2712 1981 εἰσάγων,
2746 1914 2842 1964 καὶ
2873 1911 3325 1982 συνεσταλμένον.
3366 1911 3440 1964 Ού
3475 1913 3582 1983 γὰρ
3611 1913 3744 1966 ύπο·

2167 2005 2374 2072 ξυγίοις
2407 2004 2696 2076 κέχρηται,
2740 2003 2855 2056 ἀλλ’
2893 2001 3155 2066 ὡσαύτως
3193 2002 3398 2073 βαδίζει
3443 2001 3743 2071 συντόνως,

2166 2098 2240 2160 ὡς
2270 2098 2366 2150 καὶ
2400 2099 2665 2150 κοπιᾶσαι
2695 2097 2759 2148 ὲκ
2799 2096 2899 2165 τῆς
2937 2095 3266 2166 ὁδοιπορίας.
3315 2096 3425 2150 Καὶ
3452 2095 3610 2149 τοῦτο
3637 2098 3748 2166 γὰρ

2168 2185 2442 2256 πανταχοῦ
2478 2183 2719 2238 παιδεύει
2741 2185 2802 2236 τὸ
2826 2184 3147 2256 αὐτουργὸν,
3177 2185 3269 2238 καὶ
3299 2187 3607 2256 ἀπέριττον,
3651 2187 3750 2240 καὶ

2170 2278 2246 2350 μὴ
2271 2277 2480 2330 πολλῶν
2513 2275 2761 2344 δεῖσθαι,
2803 2276 2879 2340 ὡς
2932 2277 3028 2330 καὶ
3057 2277 3237 2331 αὐτῶν
3277 2277 3387 2330 τῶν
3431 2279 3751 2347 ἀναγκαίων

2170 2369 2338 2422 πολλά
2368 2367 2744 2440 περικόπτειν.

2252 2461 2470 2531 Ἐπειδὴ
2493 2461 2521 2513 ό
2547 2460 2721 2528 Λόγος
2746 2459 2940 2528 γέγονε
2969 2459 3128 2532 σὰρξ,
3154 2463 3466 2528 ἀκολούθως
3493 2463 3752 2518 κεκοπίαο

2169 2569 2265 2606 κεν
2295 2553 2360 2605 ἐκ
2387 2552 2488 2622 τῆς
2537 2551 2791 2605 συντόνου
2835 2550 3144 2622 ὁδοιπορίας
3189 2551 3288 2625 τῆς
3335 2557 3394 2608 ὲν
3430 2557 3757 2628 μεσημϐρίᾳ

2168 2643 2474 2714 γεγονυίας.
2516 2644 2848 2717 Μεσημὸρία
2880 2645 2937 2698 δέ
2978 2647 3126 2700 ἐστιν
3158 2648 3186 2700 6
3214 2648 3469 2716 φωτεινὸς
3504 2649 3600 2720 τῆς
3633 2651 3755 2702 tm-

2171 2738 2398 2806 φανείας
2426 2737 2638 2808 καιρός.
2675 2734 2836 2809 Εἴχεν
2872 2741 2982 2810 γὰρ
3018 2739 3178 2809 σῶμα
3210 2739 3284 2802 ὣς
3320 2740 3381 2793 τὸ
3430 2742 3609 2811 ἡμῶν,
3655 2741 3751 2794 καὶ

2173 2828 2377 2882 συστὰν
2406 2828 2463 2894 ἐξ
2498 2822 2573 2882 ὧν
2605 2830 2700 2881 καὶ
2727 2829 2796 2882 τά
2836 2830 3014 2900 ἡμῶν,
3050 2829 3170 2899 δίχα
3203 2830 3370 2901 μόνης
3405 2832 3594 2902 ἀνδρὸς
3628 2834 3749 2901 ὀμι-

2169 2921 2308 2984 λίας.
2345 2921 2436 2974 Διὸ
2465 2921 2524 2972 οὐ
2557 2922 2713 2991 μόνον
2735 2922 2942 2984 κόποις,
2972 2921 3106 2975 ἀλλά
3137 2924 3230 2975 καὶ
3261 2921 3392 2995 δίψῃ
3418 2923 3511 2976 καὶ
3540 2922 3739 2993 τρώσε-

2173 3029 2257 3065 σιν
2287 3011 2572 3076 ὑπέκειτο,
2608 3013 2838 3082 ἐπείπερ
2866 3013 3013 3065 εῐασε
3044 3013 3103 3066 τὸ
3158 3013 3316 3083 σῶμα
3359 3017 3530 3084 μεῖναι
3551 3016 3603 3066 ἐν
3627 3016 3736 3076 τοῖς

2099 3138 2141 3193 C
2176 3107 2425 3193 φυσικοῖς
2456 3107 2601 3175 ὅροις
2634 3104 2736 3175 τῆς
2767 3104 3205 3179 ἀνθρωπότητος,
3242 3105 3330 3159 ἵνα
3363 3107 3435 3178 μὴ
3464 3105 3581 3178 δόξῃ
3604 3106 3740 3175 φάν·

2177 3213 2358 3267 τασμα
2383 3192 2543 3248 εἶναι.

2259 3376 2350 3436 Ὠς
2371 3367 2452 3437 εἷς
2478 3371 2555 3426 ὢν
2585 3372 2740 3444 ἡμῶν
2761 3373 2788 3426 6
2816 3373 3050 3445 Χριστὸς
3073 3373 3212 3445 μετά
3237 3375 3336 3445 τῆς
3364 3373 3500 3438 ἰδίας
3529 3373 3759 3445 σαρκὸς,

2178 3465 2586 3518 οἰκειοποιεϊται
2623 3462 2691 3516 τὰ
2723 3462 2825 3533 τῆς
2855 3464 3276 3536 ἀνθρωπότητος
3311 3465 3458 3535 πάθη
3480 3503 3498 3525 .
3548 3464 3759 3536 καίπερ

2185 3557 2371 3627 μείνας
2398 3555 2472 3618 ὡς
2508 3556 2639 3617 Θεὸς
2672 3554 2909 3626 ἀπαθὴς.

2259 3753 2277 3785 ι
2325 3732 2584 3804 Ἔρχεται
2605 3733 2739 3802 γυνὴ
2762 3733 2825 3786 ὲκ
2846 3731 2943 3802 τῆς
2961 3731 3278 3803 Σαμαρείας
3303 3730 3563 3804 ἀντλῆσαι
3589 3729 3763 3800 ὕδωρ.

2182 3827 2344 3894 Λέγει
2368 3826 2504 3896 αύτῇ
2533 3827 2560 3877 ό
2599 3823 2827 3894 Ἰησοῦς·
2859 3825 2958 3888 Δός
2991 3841 3080 3894 μοι
3110 3826 3274 3877 πιεῖν.
3315 3843 3334 3876 ι

2253 3916 2365 3986 Τὴν
2405 3915 2732 3986 Σαμαρεῖτιν
2766 3917 2909 3969 αἰτεῖ
2939 3915 3037 3984 τὴν
3084 3913 3179 3967 τοῦ
3229 3915 3396 3984 νόμον
3436 3912 3597 3966 σκιὰν
3619 3950 3634 3974 ,
3667 3911 3759 3964 ἵνα

2183 4006 2260 4077 δῷ
2292 4007 2426 4077 αὐτῇ
2456 4007 2516 4058 τὸ
2546 4006 2653 4070 ζῶν
2688 4005 2853 4076 ὕδωρ.
2883 4004 2970 4068 Ὠς
2996 4005 3091 4058 καὶ
3123 4005 3474 4075 παραπαντὸς
3504 4004 3648 4057 αἰτεῖ
3673 4002 3766 4054 πί-

2187 4115 2324 4163 στιν,
2349 4097 2436 4150 ἴνα
2457 4097 2750 4170 χαρίσηται
2782 4097 2850 4152 τὰ
2875 4097 3015 4167 ὑπὲρ
3052 4096 3228 4165 λόγον.
3263 4096 3361 4149 Διά
3388 4095 3579 4149 τούτου
3611 4094 3766 4148 διδά-

2188 4205 2306 4243 σκει
2343 4192 2703 4260 καταφρονεῖν
2748 4187 2859 4241 τῶν
2917 4188 3242 4251 Ἰουδαϊκῶν,
3296 4188 3530 4253 δεικνὺς,
3580 4188 3665 4240 ὅτι
3703 4187 3770 4240 τδ

2187 4279 2566 4351 εἰσερχόμενον
2599 4281 2680 4342 εἰς
2705 4278 2765 4331 τὺ
2796 4279 2988 4349 στόμα,
3016 4279 3078 4331 οὐ
3106 4279 3276 4332 κοινοῖ
3303 4277 3393 4331 τὸν
3418 4276 3728 4347 ἄνθρωπον.

575 4471 744 4527 Vsus.
781 4469 870 4524 l0.
905 4487 923 4520 ι
955 4462 1256 4536 Respondit
1282 4460 1460 4522 Jesus,
1484 4459 1690 4513 etdixit
1724 4459 1807 4512 ei:
1841 4455 1895 4508 Si
1919 4452 2070 4509 sciret

2267 4480 2286 4513 ι
2339 4459 2637 4530 Ἀπεκρίθη
2685 4458 2928 4529 Ἰησοῦς,
2977 4459 3070 4511 καὶ
3113 4452 3268 4510 εἶπεν
3311 4457 3470 4527 αὐτῇ·
3510 4457 3574 4510 Εἰ
3615 4456 3773 4527 ᾔδεις

512 4564 709 4617 donum
745 4559 863 4621 Dei.
889 4567 942 4613 et
973 4557 1096 4625 quis
1129 4561 1213 4607 est
1235 4551 1324 4618 qui
1357 4548 1494 4602 dicit
1521 4548 1653 4601 tibi:
1705 4548 1779 4599 Da
1835 4545 1963 4597 mihi
2005 4543 2084 4597 bi--

513 4657 680 4720 bere;
733 4661 786 4705 tu
821 4649 1050 4704 forsitan
1092 4644 1326 4713 petisses
1384 4640 1452 4692 ab
1502 4654 1588 4704 eo,
1609 4647 1665 4694 et
1722 4637 1956 4692 dedisset
1990 4638 2082 4692 tibi

513 4761 707 4815 aquam
737 4743 937 4796 vivam.
967 4757 985 4790 ι

580 4827 1215 4892 Potusimmortalitatis,
1248 4831 1374 4878 sunt
1394 4823 1608 4893 eloquia
1663 4821 1898 4887 Domini,
1952 4823 2084 4875 vivi-

515 4931 673 4984 ticum
698 4923 936 4995 Spiritus
991 4918 1164 4974 sancti
1200 4917 1425 4977 donum,
1477 4930 1584 4984 quo
1631 4916 1796 4968 vitam
1839 4914 2087 4968 homines

515 5020 806 5089 accipiunt.
865 5011 1101 5083 Spiritus
1134 5019 1313 5064 autem
1346 5008 1518 5064 sancti
1552 5007 1725 5074 gratia
1758 5005 2087 5075 quandoque

515 5111 678 5178 ignis,
735 5117 1125 5173 nonnunquam
1179 5115 1308 5155 vero
1371 5115 1507 5167 aqua
1541 5109 1810 5152 vocatur:
1867 5095 2083 5149 nomina

514 5201 779 5270 siquidem
834 5199 935 5251 ista
982 5210 1087 5250 non
1147 5194 1530 5254 substantiam,
1580 5191 1674 5246 sed
1718 5191 2082 5257 operationem

514 5291 788 5344 denotant.

584 5380 746 5435 Vsas.
778 5377 986 5433 45.46.
1023 5396 1041 5428 ι
1062 5373 1376 5443 Respondit,
1409 5370 1587 5434 Jesus,
1616 5379 1669 5424 et
1693 5369 1827 5422 tliin
1852 5371 1934 5422 ei:
1964 5367 2088 5421 0m-

517 5475 602 5530 nis
633 5473 723 5542 qui
751 5471 886 5527 bibit
912 5486 978 5524 ex
1007 5483 1146 5539 aqua
1169 5467 1290 5530 hac,
1323 5465 1473 5518 sitiet
1500 5464 1692 5516 iterum
1719 5477 1730 5512 :
1769 5461 1859 5528 qui
1900 5470 2080 5513 autem

586 5654 663 5724 (5)
707 5651 869 5724 Plur_a
919 5645 1334 5724 hichhmmonio
1364 5638 1847 5724 .tribuitncrameri
1897 5649 2084 5692 catena

516 5709 776 5795 quin’cod.
823 5719 974 5774 Bodl.
1007 5713 1377 5785 Chrysustomi
1402 5725 1521 5766 esse
1551 5709 1708 5778 dicit,
1740 5717 1794 5764 et
1833 5724 1949 5777 quae
1984 5725 2083 5762 re-

2191 4552 2290 4621 τὴν
2333 4553 2540 4618 δωρεὰν
2591 4551 2686 4605 τοῦ
2729 4549 2899 4612 Θεοῦ,
2931 4550 3029 4604 καὶ
3071 4549 3155 4612 τίς
3200 4551 3350 4602 ἐστιν
3376 4550 3406 4601 ὀ
3442 4548 3616 4617 λέγων
3645 4563 3769 4612 σοι,

2192 4644 2290 4706 Δός
2326 4660 2414 4712 μοι
2449 4645 2612 4695 πιεῖν·
2661 4643 2724 4695 σὺ
2758 4641 2824 4696 ἂν
2851 4642 3063 4714 ᾔτησας
3095 4639 3299 4707 αύτὸν,‹
3331 4640 3426 4694 καί
3465 4639 3668 4692 ἔδωκεν
3704 4641 3772 4694 ἄν

2193 4750 2276 4786 σοι
2305 4733 2452 4804 ὕδωρ
2483 4731 2612 4792 ζῶν.

2265 4824 2432 4887 Πότος
2461 4824 2757 4885 ἀθανασίας
2791 4824 2907 4876 ἐστὶ
2933 4821 3000 4876 τὰ
3025 4821 3115 4875 τοῦ
3147 4821 3354 4893 Κυρίου
3379 4820 3557 4889 λόγια,
3579 4822 3770 4892 ήζωοο

2194 4916 2344 4978 ποιὸς
2392 4915 2486 4968 τοῦ
2522 4915 2835 4983 ιινεύματος
2874 4914 3052 4978 δόσις,
3085 4913 3150 4966 δι’
3185 4908 3252 4983 ἧς
3287 4912 3559 4975 ἀναζῶσιν
3591 4914 3638 4965 οἰ
3677 4913 3768 4965 ἄν-
3839 4964 3848 4974 ,

2190 5007 2418 5078 θρωποι.
2465 5007 2527 5060 'H
2563 5007 2619 5060 δὲ
2653 5006 2750 5058 τοῦ
2793 5006 3109 5074 Πνεύματος
3142 5006 3302 5075 χάρις
3340 5005 3473 5056 ποτὲ
3519 5004 3766 5057 καλεῖται

2189 5097 2320 5168 πῦρ,
2357 5096 2542 5149 ἄλλοτε
2576 5094 2738 5164 ὕδωρ·
2776 5095 2842 5147 τὰ
2889 5097 2997 5163 γὰρ
3038 5094 3276 5163 ὀνόματα
3319 5093 3527 5160 ταῦτα,
3556 5094 3616 5147 ού
3664 5093 3764 5163 τῆς

2187 5190 2376 5250 οὐσίας
2413 5188 2531 5239 ἐστὶ
2568 5187 2974 5256 παραστατικὰ,
3005 5186 3117 5238 ἀλλ’
3146 5185 3441 5255 ἐνεργείας.

2269 5383 2287 5414 ι
2339 5360 2639 5432 Ἀπεκρίοη
2672 5362 2700 5413 ὁ
2763 5359 2965 5428 Ἰησοῦς
2990 5403 3005 5425 ,
3044 5363 3136 5414 καὶ
3187 5359 3340 5414 εἶπεν
3373 5361 3509 5431 αὑτῇ
3533 5376 3548 5391 ⁶
3597 5362 3716 5425 Πᾶς
3744 5365 3773 5414 ὀ

2195 5456 2364 5510 πίνων
2405 5455 2468 5506 ὲκ
2507 5452 2602 5505 τοῦ
2627 5452 2818 5516 ὓδατος
2853 5453 3067 5519 τούτου,
3093 5453 3310 5524 διψήσει
3337 5454 3518 5507 πάλιν·
3543 5453 3603 5518 ὃς
3637 5454 3683 5507 δ’
3707 5453 3772 5508 ἂν

2187 5638 2314 5760 Ἐξ.
2328 5636 2675 5706 reperiuntur
2695 5636 2832 5709 apud
2863 5635 3147 5706 Chrysost.
3174 5637 3305 5691 edit.
3338 5644 3540 5692 nostra:
3565 5643 3608 5690 t.
3634 5633 3771 5699 \‘lll,
