4072 6402
383 397 513 466 1421

1407 395 1862 460 FRAFMENTA
1914 389 1994 460 IN
2036 399 2097 461 S.
2133 395 2518 465 JOAN'NEM.

3508 399 3648 473 1422

375 515 475 590 πίῃ
503 517 568 569 ὲκ
595 511 690 568 τοῦ
712 511 925 576 ὕδατος,
953 502 1016 566 οῦ
1041 508 1154 581 ἐγὼ
1181 511 1341 565 δώσω
1359 511 1534 583 αὐτῷ,
1568 511 1629 566 οὗ
1660 513 1734 584 μὴ
1756 513 1958 584 διψήσῃ

2066 517 2260 572 biberit
2309 533 2376 573 ex
2416 533 2558 589 aqua
2599 534 2762 590 quant
2805 535 2904 590 ego
2944 519 3084 576 dabo
3137 522 3208 587 ei,
3245 536 3352 576 non
3385 521 3534 576 sitiet
3591 524 3643 576 in

373 611 456 673 είς
484 610 577 662 τὸν
613 606 810 661 αἰῶνα.
857 604 1018 659 Ἀλλὰ
1056 604 1117 658 τὸ
1163 603 1309 675 ὕδωρ
1362 604 1390 658 δ
1418 604 1574 658 δώσω
1605 605 1756 676 αὑτῷ
1804 607 1966 676 γενή-

375 719 531 756 σεται
558 702 615 754 ἐν
643 697 795 770 αὐτῷ
822 697 974 770 πηγὴ
1001 696 1192 762 ὓδατος
1224 696 1516 768 ἁλλομένου
1545 699 1625 761 εἰς
1654 692 1800 770 ζωὴν
1828 696 1962 752 αῐώ-

373 806 508 848 νιον.
545 807 564 844 ι

455 883 524 938 Ἦ
557 883 770 938 Παλαιὰ
803 883 994 955 Γραφῇ
1034 882 1212 936 δέεται
1256 881 1359 952 τῆς
1413 880 1776 952 εὐαγγελικῆς
1821 880 1962 936 διδα-

374 975 602 1040 σκαλίας
629 975 730 1047 τῆς
756 974 1145 1046 διαδεχομένης
1175 975 1368 1046 αὑτήν.
1409 975 1474 1028 Ἦ
1499 975 1609 1045 γὰρ
1645 974 1761 1028 Νέα
1813 975 1962 1028 ἀδιά-

371 1067 530 1138 δοχός
569 1069 739 1131 ἐστιν,
773 1067 862 1121 ἀεὶ
893 1065 1262 1140 ἐπιρρεούσης
1290 1066 1390 1136 τῆς
1432 1066 1796 1136 εὐαγγελικῆς
1831 1077 1963 1119 παι-

371 1161 634 1226 δεύσεως,
666 1160 765 1231 τῆς
797 1157 1238 1230 ἀναϐιϐαζούσης
1278 1160 1360 1223 εἰς
1397 1159 1544 1230 ζωὴν
1589 1159 1680 1213 τὸν
1715 1159 1959 1213 πίνοντα.

385 1249 671 1324 Ἀρραὁὼν
713 1250 771 1304 δέ.
817 1252 935 1304 ἑστι
969 1250 1070 1321 τῆς
1119 1250 1421 1321 μελλούσης
1453 1249 1843 1312 ἀναστάσεως,
1887 1251 1962 1320 μὴ

373 1343 675 1414 συγχωρῶν
701 1343 793 1398 τὸν
815 1344 1112 1401 πεπωκότα
1135 1341 1318 1408 αὑτὸν,
1339 1341 1559 1397 πίπτειν
1585 1341 1665 1405 εἰς
1687 1342 1962 1414 ἁμαρτίαν

372 1436 614 1504 ἄγουσαν
643 1435 725 1498 είς
751 1435 1002 1490 θάνατον.
1921 1488 1927 1494 ,

443 1548 552 1602 Τυῦ
584 1547 905 1618 Πνεῦματος
929 1548 1028 1621 τὴν
1057 1547 1219 1618 χάριν
1246 1548 1278 1618 ἡ
1307 1541 1497 1618 Γραφὴ
1534 1545 1666 1600 ποτὲ
1693 1545 1794 1616 μὲν
1825 1545 1956 1617 πῦρ,

374 1640 505 1692 ποτὲ
531 1639 588 1692 δὲ
618 1637 764 1710 ὕδωρ
801 1637 992 1701 καλεῖ,
1033 1635 1328 1701 δεικνῦσα,
1364 1636 1447 1689 ὃτι
1477 1636 1577 1689 οὐκ
1613 1635 1802 1700 οὐσίας
1845 1638 1962 1690 ἐστὶ

373 1730 441 1784 τὰ
472 1730 714 1801 ὀνόματα
737 1771 752 1795 ,
785 1728 899 1783 ἀλλ’
941 1728 1246 1797 ἐνεργείας.
1284 1728 1420 1781 Οὐδὲ
1451 1727 1560 1798 γὰρ
1588 1728 1650 1780 ὲκ
1685 1727 1960 1798 διαφόρων

373 1822 706 1892 συνέστηκεν
731 1821 932 1875 οὐσιῶν
957 1822 1018 1874 τὸ
1038 1821 1283 1891 Πνεῦμα,
1311 1819 1544 1890 ἀόρατον
1567 1819 1660 1872 καὶ
1690 1821 1960 1890 μονοειδὲς

370 1911 452 1966 δν.
507 1912 616 1964 Καὶ
672 1913 701 1966 ὁ
753 1912 851 1983 μὲν
913 1911 1165 1980 Ἰωάννης
1223 1909 1398 1966 ταῦτα
1446 1909 1626 1978 λέγει,
1675 1912 1758 1964 ὅτι
1800 1913 1962 1976 αὐτὸς

371 2004 520 2074 ἡμᾶς
560 2003 812 2075 βαπτίζει
843 2006 900 2058 έν
927 2006 1208 2074 Πνεῦματι
1269 2004 1411 2074 ἁγίῳ
1476 2004 1571 2057 καὶ
1614 2004 1767 2075 πυρί.
1825 2004 1883 2058 '0
1909 2005 1964 2059 δὲ

372 2093 630 2163 Χριστός·
659 2095 918 2162 Ποταμοῖ
941 2095 1009 2147 ἐκ
1029 2093 1138 2162 τῆς
1161 2095 1397 2160 κοιλίας
1424 2094 1610 2148 αὐτοῦ
1624 2096 1966 2162 ῥεύσουσιν

372 2183 596 2250 ὕδατος
627 2183 862 2251 ζῶντος.
891 2187 1064 2240 Τοῦτο
1086 2188 1140 2240 δὲ
1168 2189 1315 2256 λέγει
1345 2190 1475 2261 περὶ
1499 2191 1593 2244 τοῦ
1619 2191 1960 2262 Πνεύματος,

371 2273 561 2344 φησὶν,
607 2266 668 2328 οὗ
698 2274 923 2345 ἔμελλον
949 2276 1266 2347 λαμϐάνειν.
1292 2277 1448 2332 Οῦτω
1489 2280 1584 2332 καὶ
1627 2282 1694 2350 τῇ
1743 2282 1965 2350 γυναικὶ

370 2363 775 2434 διαλεγόμενος,
800 2367 982 2419 ἐκάλει
1005 2369 1064 2419 τὸ
1086 2369 1329 2437 Πνεῦμα·
1359 2369 1445 2422 διὰ
1479 2370 1580 2438 μὲν
1604 2372 1700 2440 τῆς
1733 2372 1828 2424 τοῦ
1864 2391 1964 2424 πυ-

375 2455 466 2528 ρὸς
509 2459 884 2529 προσηγορίας
917 2459 980 2512 τὸ
1015 2459 1238 2531 θερμὸν,
1286 2463 1380 2513 καὶ¹
1405 2461 1832 2532 διεγηγερμένον
1865 2463 1966 2534 τῆς

371 2545 618 2618 χάριτος,
657 2547 750 2601 καὶ
785 2548 1158 2618 δαπανητικδν
1197 2551 1616 2622 ἁμαρτημάτων
1650 2554 1960 2623 αἰνιττόμε-

374 2656 458 2700 νος
477 2655 490 2668 ο
518 2640 606 2693 διὰ
634 2640 691 2692 δε
717 2641 810 2693 τοῦ
844 2641 1032 2704 ὓδατος
1050 2683 1064 2706 ,
1098 2643 1189 2694 τὸν
1220 2643 1505 2714 καθαρμὸν
1533 2644 1624 2697 τὸν
1661 2645 1724 2708 ἐξ
1760 2645 1925 2698 αὑτοῦ
1946 2686 1962 2710 ,

373 2732 468 2784 καὶ
497 2731 597 2802 τὴν
634 2733 837 2802 πολλὴν
871 2735 1200 2805 παραψυχὴν
1248 2735 1348 2804 τῆς
1403 2735 1802 2806 ὑποδεχομένης
1833 2737 1966 2790 αὐτὸ

371 2822 608 2886 διανοίας
637 2825 940 2894 ἐμφαίνων.

450 2953 467 2985 ι
508 2934 673 3003 Λέγει
718 2935 856 3007 αὐτῇ
893 2937 922 2989 ό
986 2937 1217 3008 Ἰησοῦς·
1275 2939 1470 3001 Γύναι.
1520 2939 1812 2993 πίστευσον
1842 2957 1963 3011 μοι,

371 3023 454 3076 ὅτι
485 3023 706 3094 ἔρχεται
735 3026 876 3096 ὥρα,
914 3029 1003 3081 ὅτε
1036 3027 1163 3081 οὔτε
1193 3032 1250 3081 έν
1281 3029 1357 3100 τῷ
1389 3030 1504 3100 δρει
1535 3031 1729 3102 τούτῳ,
1761 3030 1885 3084 οὔτε
1909 3034 1966 3085 έν

383 3114 780 3189 Ἰεροσολύμοις
805 3124 1216 3190 προσκυνήσετε
1251 3123 1329 3190 τῷ
1359 3122 1553 3193 Πατρί.
1596 3141 1615 3173 ι

2063 620 2350 667 aeternum.
2413 610 2520 666 Sed
2557 628 2697 683 aqua
2737 629 2898 683 quam
2927 629 3026 684 ego
3059 613 3198 667 dabo
3229 616 3300 676 ei,
3359 616 3451 670 (iet
3485 615 3540 670 in
3579 631 3647 671 en

2064 699 2187 754 fons
2208 717 2361 770 aqua:
2383 703 2628 758 salientis
2659 705 2712 758 in
2737 705 2900 758 vitam
2928 715 3213 760 :eternam.
3251 725 3268 758 ι

2133 876 2384 947 Antiqua:
2425 877 2723 950 Scripturze
2754 890 2890 952 Opus
2916 881 3121 939 habent
3185 883 3496 952 evangeliea
3544 881 3646 941 do-

2066 968 2268 1032 ctrina,
2300 984 2419 1039 quae
2451 971 2558 1027 illis
2593 975 2869 1028 succedat.
2919 973 3128 1029 Novum
3161 991 3290 1030 vero
3328 971 3650 1034 Testamen-

2068 1069 2180 1112 tmu
2215 1076 2536 1118 successore
2566 1073 2738 1132 caret,
2804 1068 3117 1136 evangelica
3169 1071 3427 1125 nimirum
3483 1065 3651 1128 disci-

2067 1148 2207 1217 plina
2238 1154 2550 1219 perenniter
2592 1153 2812 1219 ﬂuente,
2856 1159 3049 1228 suique
3088 1168 3390 1227 potatui-em
3447 1163 3512 1217 ad
3567 1166 3648 1219 vi-

2067 1245 2174 1286 tant
2195 1235 2514 1294 (leveltente.
2551 1241 2754 1312 Pignus
2781 1246 3052 1314 siquidem
3078 1260 3160 1301 est
3186 1251 3378 1302 futura:
3404 1267 3650 1307 resurre-

2063 1323 2284 1386 ctionis.
2319 1343 2422 1382 non
2489 1331 2676 1386 sinens
2706 1350 2853 1397 emn,
2879 1338 2971 1408 qni
3025 1337 3080 1391 id
3118 1338 3334 1404 biberit,
3365 1342 3414 1394 in
3460 1359 3650 1412 ιηηϊει-

2063 1425 2174 1470 tmn
2211 1419 2312 1473 labi
2347 1425 2492 1491 quod
2517 1426 2678 1480 ducat
2704 1430 2770 1482 ad
2805 1441 3058 1485 mortem.

2123 1531 2362 1602 Spiritus
2415 1541 2586 1594 sancti
2637 1545 2869 1611 gratiam
2947 1545 3249 1616 Scripturce
3321 1553 3650 1624 quandoque

2062 1626 2278 1694 quidem
2315 1629 2517 1697 ignem,
2552 1635 2878 1704 quandoque
2933 1647 3062 1690 Vero
3105 1653 3300 1708 aquam
3334 1655 3548 1709 vorant,
3582 1649 3649 1699 ad

2061 1718 2475 1784 ostendendum,
2514 1737 2617 1775 non
2661 1725 2982 1780 substantia:
3019 1722 3153 1792 ista,
3188 1732 3279 1783 sed
3318 1711 3651 1799 operationis

2061 1822 2183 1862 esse
2207 1811 2444 1865 nomina.
2464 1811 2740 1883 Siquidem
2773 1816 2994 1872 minime
3027 1820 3253 1876 diversis
3285 1839 3313 1877 e
3343 1820 3499 1878 rebus
3529 1827 3651 1894 Spi-

2069 1899 2204 1954 ritus
2249 1913 2482 1971 Coustal,
2514 1921 2636 1959 cum
2675 1909 3080 1977 inaspectabilis
3108 1923 3162 1967 et
3189 1915 3475 1970 tlnil'orntis
3505 1913 3647 1972 exsi-

2067 2001 2196 2044 stat.
2246 1993 2323 2045 Ac
2370 1991 2610 2050 Jnatmes
2641 1999 2856 2066 quidem
2893 2001 2970 2053 ait
3024 2002 3197 2070 ipsum
3241 2021 3337 2060 nos
3377 2006 3653 2076 baptizare

2069 2082 2120 2135 in
2165 2083 2367 2151 Spiritu
2417 2096 2632 2151 sancto,
2663 2097 2717 2142 et
2746 2090 2853 2159 igni
2890 2091 2954 2145 ¹⁶.
2994 2093 3244 2148 Christus
3300 2111 3452 2163 vero,
3512 2099 3650 2154 I’lu-

2067 2175 2210 2227 mina
2247 2176 2309 2230 de
2337 2188 2508 2231 ventre
2530 2178 2643 2248 ejus
2667 2181 2832 2248 ﬂuent
2863 2198 3016 2252 aqua:
3057 2185 3180 2240 time
3207 2188 3273 2242 ⁸⁷.
3306 2187 3417 2244 lloc
3469 2202 3649 2247 autent

2068 2266 2314 2336 (inquit)
2373 2268 2510 2322 dixit
2539 2273 2605 2324 de
2650 2271 2881 2341 Spiritu,
2930 2292 3093 2344 quem
3141 2281 3416 2350 accepturi
3472 2294 3649 2338 erant.

2069 2357 2146 2410 Eo
2179 2360 2337 2411 modo
2365 2361 2573 2414 mulieri
2615 2362 2865 2429 loquens,
2898 2365 3160 2434 Spiritum
3195 2373 3519 2439 appellavit;
3557 2391 3653 2444 per

2069 2449 2209 2518 ignis
2262 2452 2482 2519 quidem
2536 2455 2976 2522 appellationem,
3011 2461 3202 2527 gratite
3250 2459 3546 2525 fervorem,
3599 2477 3655 2518 et

2067 2540 2339 2594 excitandi
2371 2543 2500 2608 vim,
2525 2555 2688 2613 atque
2732 2555 2953 2612 peccata
3013 2552 3360 2604 consumendi
3399 2555 3654 2608 virtutem

2071 2629 2388 2696 insinuans;
2421 2648 2574 2701 aqua:
2594 2637 2722 2689 'vero
2762 2638 3000 2700 nomine,
3031 2639 3290 2708 purgandi
3319 2639 3654 2708 faettltatem,

2068 2733 2124 2775 et
2151 2722 2528 2793 multiplicem,
2547 2743 2710 2795 quam
2736 2729 3154 2798 suscipientium
3185 2733 3455 2788 mentibus
3475 2733 3652 2800 atl'ert,

2070 2816 2497 2872 consolationem
2530 2819 2800 2875 indicans.

2119 2931 2284 2988 Vsus.
2314 2933 2407 2988 21.
2451 2951 2469 2984 ι
2504 2932 2645 2989 Dicit
2677 2935 2724 2988 t-i
2758 2931 2914 2990 Jesus
2951 2953 2965 2991 :
3023 2933 3238 3001 Mulier,
3287 2939 3449 2992 crede
3494 2940 3649 3004 mibi.

2067 3021 2195 3090 quia
2231 3023 2379 3076 venit
2405 3023 2561 3088 hora,
2599 3026 2816 3094 quando
2849 3041 3026 3095 neque
3081 3027 3132 3078 in
3168 3036 3351 3080 monte
3386 3027 3507 3094 hoc,
3563 3044 3654 3082 ne-

2068 3125 2173 3178 que
2200 3109 2256 3163 in
2284 3110 2640 3183 Jerosolymis
2667 3113 2964 3166 adorabitis
2995 3111 3231 3168 Patrem.
3262 3132 3282 3167 ι

442 3211 728 3279 Λέγουσιν,
784 3212 867 3265 δτι
923 3214 981 3265 ὲν
1028 3213 1106 3283 τῷ
1160 3213 1276 3284 ὃρει
1330 3215 1523 3285 ἐκείνῳ
1581 3216 1882 3286 ἀνήνεγκεν
1933 3218 1958 3268 ὁ

2137 3199 2381 3255 Tradunt
2422 3202 2792 3256 Abrabamum
2843 3203 3008 3255 lilium
3071 3219 3228 3257 suum
3285 3204 3523 3258 lsaacnm
3583 3207 3651 3261 ad

382 3297 638 3370 Ἀϐραὰμ
678 3301 770 3353 τὸν
811 3300 1018 3364 Ἰσαὰκ,
1055 3304 1191 3375 ὅπερ
1234 3304 1516 3368 ὑπέδειξεν
1549 3307 1582 3375 ἡ
1633 3306 1964 3376 Σαμαρεῖτις

370 3388 449 3459 τῷ
481 3391 690 3462 Κυρίῳ·
715 3390 791 3454 ὼς
829 3393 1115 3463 προφήτην
1146 3393 1202 3446 δὲ
1230 3395 1431 3465 ἐρωτᾷ,
1464 3393 1568 3447 ποῦ
1609 3394 1690 3448 δεῖ
1726 3410 1965 3466 προσκυ-

371 3484 503 3536 νεῖν.

451 3595 566 3649 Οὐκ
585 3596 740 3661 ὄντος
761 3600 878 3651 ἐκεῖ
918 3599 1075 3667 μόνον
1097 3597 1193 3651 τοῦ
1221 3599 1356 3652 Θεοῦ
1393 3639 1409 3664 ,
1431 3600 1544 3654 ἀλλ’
1596 3601 1684 3656 ἴνα
1711 3600 1827 3672 ἅμα
1849 3603 1966 3656 ἐκεῖ

375 3687 770 3758 συναγόμενοι,
829 3687 1136 3758 συμφώνως
1187 3691 1403 3744 ποιοῦσι
1441 3693 1538 3756 τὰς
1572 3694 1966 3765 νενομισμένας

367 3779 569 3850 ἑορτὰς
583 3821 598 3845 ,
631 3781 727 3833 καὶ
757 3781 970 3844 Θυσίας.
988 3849 1009 3854 Α

446 3871 622 3941 Ὥραν
671 3871 730 3925 δὲ
772 3874 872 3941 τὴν
914 3873 1111 3927 ἑαυτοῦ
1158 3873 1456 3946 ἐπιδημίαν
1499 3877 1688 3940 καλεῖ,
1735 3879 1964 3951 ἐπείπερ

373 3961 595 4031 πνεῦμα
615 3961 692 4015 ὢν
714 3963 742 4015 ὁ
766 3963 920 4028 Θεὸς,
945 3965 1007 4018 οὐ
1039 3965 1188 4036 τόπῳ
1220 3968 1612 4037 περιορίζεται.
1656 3970 1962 4041 ’Ᾱρμοδίως

372 4052 432 4106 δὲ
458 4053 690 4119 ἕκαστος
727 4060 1028 4128 προσκυνεῖ
1060 4060 1124 4112 ἐκ
1160 4057 1256 4112 τοῦ
1290 4061 1456 4112 τόπου
1488 4062 1673 4119 αὑτοῦ.

451 4187 469 4220 ι
515 4168 706 4240 Ὑμεῖς
769 4173 1128 4241 προσκυνεῖτε
1173 4171 1200 4225 ὅ
1228 4171 1328 4226 οὐκ
1356 4171 1565 4226 οἴδατε·
1600 4175 1759 4245 ἡμεῖς
1793 4193 1962 4248 προσ-

370 4258 642 4330 κυνοῦμεν
682 4260 711 4314 δ
753 4262 999 4334 οῖδαμεν,
1025 4263 1162 4335 ὄτιή
1189 4263 1526 4336 σωτηρία“ὲκ
1553 4266 1660 4319 τῶν
1693 4265 1960 4321 Ἰουδαίων

369 4350 538 4404 ιστίν.
581 4369 601 4402 ι

452 4463 744 4532 ’Δπονέμει
779 4466 839 4519 δέ.
880 4483 932 4519 τι
977 4466 1140 4520 πλέον
1180 4468 1302 4530 ταῖς
1344 4465 1614 4524 Ἰουδαίων
1653 4470 1952 4540 λατρείαις.

369 4635 535 4708 λόγῳ,
572 4641 936 4710 προσκυνοῦσι
965 4643 1056 4695 τὸν
1093 4643 1248 4698 Θεὸν.
1297 4646 1536 4702 Ἰουδαῖοι
1566 4645 1623 4704 δὲ
1661 4651 1750 4706 διὰ
1783 4635 1949 4726 νόμου

369 4727 466 4778 καὶ
511 4727 810 4798 προφητῶν
837 4730 935 4798 τὴν
963 4729 1058 4782 τοῦ
1086 4727 1236 4794 ὄντος
1273 4736 1473 4800 γνῶσιν
1512 4741 1654 4794 κατὰ
1685 4743 1746 4795 τὸ
1778 4745 1954 4814 ἐγχωο

373 4815 500 4887 ροῦν
531 4817 842 4888 δεχόμενοι,
880 4821 989 4874 τῶν
1030 4824 1390 4896 Σαμαρειτῶν
1421 4828 1669 4900 ὑπῆρχον
1716 4833 1954 4887 συνετὼο

368 4918 536 4977 τεροι.
587 4909 675 4961 Ἐν
715 4908 772 4960 δὲ
811 4911 922 4972 τοῖς
963 4913 1363 4980 προσκυνοῦσιν
1394 4916 1586 4970 ἑαυτὸν
1625 4923 1952 4975 κατατάττει

368 4999 532 5052 πάλιν
568 4999 644 5063 ὡς
689 4999 1010 5072 ἄνθρωπος,
1045 5006 1073 5056 ὁ
1109 5005 1249 5073 μετὰ
1292 5006 1386 5059 τοῦ
1415 5005 1551 5060 Θεοῦ
1593 5005 1688 5063 καί⁵
1735 5011 1951 5084 Πατρδς

367 5089 506 5160 πρός
533 5106 591 5142 τε
616 5090 795 5161 ήμῶν,
825 5094 920 5145 καὶ
956 5092 1067 5146 τῶν
1106 5096 1279 5164 ἁγίων
1317 5097 1570 5166 ἀγγέλων
1613 5095 1952 5170 προσκυνού-

369 5197 552 5252 μενος.
591 5183 809 5256 Ἐπειδὴ
832 5186 940 5259 γὰρ
960 5186 1020 5240 τὸ
1057 5189 1327 5241 οζκετικδν
1352 5207 1416 5242 πε
1429 5190 1706 5261 ριεῦάλετο
1741 5195 1950 5266 σχῆμα,

367 5272 468 5342 τὴν
509 5274 694 5347 οἰκέτῃ
740 5277 1060 5348 πρέπουσαν
1095 5281 1406 5352 ἀποπληροῖ
1448 5283 1810 5356 λειτουργίαν,
1850 5290 1953 5342 οὐκ

368 5365 640 5431 ἀπολέσας
675 5369 736 5421 τὸ
772 5367 910 5425 εἶναι
937 5373 1102 5439 Θεὸς,
1134 5376 1227 5428 καὶ
1257 5375 1488 5448 Κύριος,
1517 5382 1610 5433 καὶ
1642 5399 1951 5454 προσκυνη-

369 5457 485 5517 τός·
519 5458 674 5527 μένει
708 5461 816 5534 γὰρ
853 5463 883 5516 ὁ
925 5465 1112 5532 αὐτὸς,
1147 5467 1196 5520 εί
1242 5468 1334 5521 καὶ
1373 5470 1600 5538 γέγονεν
1640 5471 1948 5544 ἄνθρωπος.

371 5547 518 5620 Πρὸς
547 5551 644 5622 τὴν
686 5554 943 5610 ὑπόνοιαν
986 5553 1078 5612 οὖν
1120 5561 1221 5624 τῆς
1265 5563 1528 5629 γυναικὸς
1564 5561 1720 5621 εἶπεν
1763 5567 1944 5621 τοῦτο’

367 5637 480 5692 τῶν
507 5641 619 5714 γὰρ
643 5649 1133 5720 προσκυνουμένων
1162 5653 1310 5706 ἐστὶν
1339 5653 1417 5718 ὡς
1443 5653 1596 5720 Θεός.

435 5813 484 5848 ⁸⁸
511 5815 646 5874 Luc.
681 5837 760 5885 l!l,
801 5821 886 5878 16.
971 5825 1012 5855 ’⁷
1045 5824 1199 5882 Juan.
1238 5844 1330 5892 vn,
1363 5830 1452 5887 38.

2070 3289 2214 3343 hunc
2238 3299 2476 3344 montem
2507 3291 2820 3352 adduxisse,-
2847 3291 2988 3358 qnod
3016 3290 3368 3347 Samaritana
3401 3293 3502 3348 ista
3548 3294 3652 3348 Do-

2069 3380 2215 3433 mino
2273 3378 2602 3448 insinuavit;
2643 3391 2707 3436 ut
2769 3383 3088 3452 prepbetam
3143 3399 3273 3437 vero
3324 3396 3495 3454 rogat,
3559 3387 3648 3441 ubi

2070 3479 2324 3541 Oporteat
2351 3471 2606 3528 adorare.

2128 3581 2246 3640 Non
2291 3583 2434 3653 quod
2496 3585 2566 3640 ibi
2623 3586 2798 3640 solum
2833 3585 2974 3642 Dens
3001 3599 3168 3654 esset,
3195 3590 3289 3643 sed
3343 3601 3489 3642 uten
3532 3590 3649 3647 loco

2065 3690 2256 3731 omnes
2287 3679 2622 3748 congregati,
2649 3688 2880 3734 statutas
2908 3681 3113 3748 pariter
3163 3681 3510 3747 festivitates,
3558 3684 3648 3737 le-
3739 3717 3742 3721 -

2063 3767 2358 3838 gitimaqne
2405 3771 2670 3825 sacrificia
2710 3773 3066 3827 celebrarent.

2130 3880 2329 3938 Horam
2365 3896 2548 3938 autem
2575 3887 2863 3942 adventum
2891 3903 3047 3941 suum
3080 3896 3256 3955 vocat,
3297 3887 3642 3958 quandoqui-

2065 3976 2184 4028 dem
2221 3975 2384 4043 Deus,
2421 3989 2542 4032 eum
2588 3979 2658 4032 sit
2683 3979 2926 4048 spiritus,
2958 3979 3073 4034 loco
3112 3981 3337 4035 minime
3363 3982 3650 4036 cont-luda-

2070 4078 2175 4121 tnr.
2230 4068 2629 4123 Convenienter
2650 4081 2831 4123 autem
2867 4087 2896 4124 e
2923 4070 3039 4124 loco
3065 4071 3294 4139 quisque
3319 4084 3417 4125 suo
3431 4073 3640 4126 adorat.

2125 4160 2294 4219 Vens.
2322 4162 2413 4217 22.
2447 4181 2466 4215 ι
2504 4161 2610 4218 Vos
2652 4164 2892 4219 adoratis
2933 4166 3076 4234 quod
3100 4164 3355 4220 nescitis:
3389 4180 3486 4219 nos
3509 4167 3645 4219 ado-

2071 4272 2253 4311 ranms
2285 4259 2424 4326 quod
2453 4257 2680 4322 scimus,
2711 4258 2838 4326 quia
2878 4256 3024 4312 salus
3047 4271 3114 4310 ex
3139 4248 3341 4311 Iuda-is
3380 4266 3485 4312 est.
3520 4275 3541 4309 ι

2123 4467 2338 4530 Tribuit
2367 4486 2550 4531 autem
2595 4475 2896 4544 plusculum
2928 4476 3100 4532 cultui
3147 4475 3482 4533 Judaornm.
3543 4476 3645 4532 Sa‘

261 4630 276 4636 ὁ
369 4549 708 4639 ξαμαρεῖται
756 4549 854 4625 μὲν
896 4556 1006 4628 γὰρ
1053 4557 1129 4620 ὡς
1172 4559 1230 4610 ὲν
1261 4559 1418 4630 ἁπλῷ
1454 4578 1510 4614 τε
1558 4564 1654 4616 καὶ
1697 4565 1956 4636 ἀζητήτῳ

2066 4567 2315 4623 maritani
2353 4568 2620 4638 siquidem
2651 4569 2880 4639 sitnplici
2914 4569 3074 4639 plane
3136 4581 3302 4638 atque
3358 4572 3642 4626 incondita-

2061 4660 2274 4713 ratione
2301 4659 2466 4714 Deum
2500 4661 2824 4728 adorabant,
2889 4660 3065 4717 Judaei
3092 4677 3221 4719 vero
3266 4678 3363 4733 per
3385 4663 3558 4732 legem
3587 4673 3644 4717 et

2057 4753 2354 4820 prophetas
2406 4753 2518 4806 veri
2553 4753 2667 4818 Dei.
2698 4768 2794 4824 pro
2837 4755 3142 4824 capacitate
3176 4771 3300 4821 sua,
3331 4757 3642 4826 cognitione

2057 4855 2338 4912 percepta,
2362 4843 2727 4900 Samaritanis
2774 4856 2936 4903 erant
2965 4847 3446 4918 intelligentiores.
3494 4848 3644 4925 Rur-I

2056 4945 2174 4986 sum
2205 4941 2385 4987 autem
2428 4934 2806 5004 semetipsum,
2843 4945 2900 4988 nt
2927 4937 3116 5003 homo,
3146 4938 3291 4992 inter
3322 4941 3641 4994 adoratm'cs

2055 5022 2313 5090 collocat,
2342 5038 2466 5077 cum
2501 5039 2606 5076 una
2632 5040 2753 5078 enm
2790 5026 2898 5079 Deo
2919 5041 2983 5081 ac
3013 5025 3200 5090 Patre,
3227 5037 3284 5080 et
3310 5042 3339 5080 a
3380 5027 3536 5083 nobis
3585 5039 3643 5082 et

2055 5129 2084 5166 a
2115 5115 2321 5170 sanctis
2353 5114 2560 5185 angelis
2590 5117 2872 5172 adoretur.
2942 5117 3170 5184 Quando
3203 5118 3350 5172 enim
3379 5119 3636 5174 servilem

2054 5205 2284 5259 formam
2317 5207 2632 5277 assumpsit,
2667 5208 3002 5263 conveniens
3040 5224 3260 5279 quoque
3289 5224 3450 5264 servo
3481 5211 3642 5264 mini-

2055 5299 2281 5351 steriutn
2310 5299 2512 5369 explet,
2551 5314 2890 5370 nequaquam
2925 5302 3181 5356 desinens
3213 5315 3333 5356 esse
3377 5301 3538 5364 Deus,
3575 5318 3640 5356 ac

2057 5390 2339 5456 Dominus,
2379 5403 2544 5462 atque
2595 5394 2886 5448 adoratus:
2962 5393 3104 5447 idem
3143 5408 3376 5462 namque
3424 5408 3633 5462 perma-

2059 5490 2170 5544 net,
2208 5485 2420 5537 tametsi
2489 5484 2661 5540 factns
2711 5485 2782 5539 sit
2839 5485 3022 5539 homo.
3092 5482 3280 5554 Itaque
3335 5487 3640 5542 secundum

2061 5574 2306 5630 mtdieris
2333 5577 2644 5646 opinionem
2683 5579 2796 5634 hazc
2829 5577 3008 5647 dixit;
3066 5592 3190 5633 nam
3222 5592 3349 5634 vere
3380 5579 3641 5634 adoratur

2057 5673 2112 5719 ut
2137 5663 2298 5722 Deus.
