4072 6402
452 332 585 397 1423

1582 328 1921 391 ΑΜΜΟΝΙΙ
1961 322 2498 386 ALEXANDBINI

3600 319 3747 384 1424

520 448 653 513 Quia
693 442 947 497 nimirutn
972 454 1035 495 ex
1067 439 1202 512 ipsis
1231 453 1454 495 carnem
1492 438 1586 494 Dei
1617 436 1793 492 Filius
1825 450 2037 490 assum-

2210 433 2311 486 Διά
2337 433 2397 486 τὸ
2421 431 2481 497 ἐξ
2507 428 2688 485 αὐτῶν
2714 429 3106 501 σεσαρκῶσθαι
3125 440 3167 469 ιιι
3194 430 3286 484 τὸν
3312 430 3466 488 Υἱόν·
3500 433 3536 507 ἢ
3566 436 3650 490 ὅτι
3678 434 3745 500 ἐξ

451 542 579 612 psit,
634 538 718 593 vel
738 535 866 605 quia
919 534 1061 602 apud
1098 533 1242 602 ipsos
1272 545 1400 587 vera
1451 529 1547 585 Dei
1579 529 1742 584 unius
1791 526 2036 596 cognitio

449 648 518 688 ex
548 630 666 699 lege
686 637 741 684 et
790 626 1070 697 prophetis
1090 624 1235 695 cepit
1263 623 1554 693 originem.

521 743 687 799 Vsus.
709 741 803 796 25.
851 758 871 793 ι
913 740 1019 794 Sed
1056 739 1209 793 venit
1242 738 1401 803 hora,
1440 748 1494 791 et
1525 751 1671 792 nunc
1690 744 1797 801 est,
1820 738 2037 808 quando

448 839 565 896 veri
594 838 910 893 adoratores
940 834 1247 889 adorabunt
1281 831 1501 886 Putrem
1532 831 1587 886 in
1621 830 1822 900 Spiritu
1847 839 1901 886 et
1940 844 2035 883 ve-

449 930 635 986 ritate.
683 925 821 983 Nam
854 937 907 980 et
941 924 1104 981 Pater
1161 923 1295 978 tales
1352 921 1569 991 quzcrit,
1630 923 1724 992 qui
1803 920 2036 975 adorent

519 1131 647 1188 Veri
681 1114 999 1187 adoratores
1041 1128 1189 1185 omni
1249 1128 1369 1182 loco
1399 1110 1666 1197 spiritalia
1715 1125 1826 1181 Deo
1859 1127 2036 1181 sacri-

450 1223 574 1279 llcia
602 1221 862 1288 offerunt,
902 1221 1154 1276 virtutem
1199 1220 1451 1273 videlicet
1490 1233 1554 1271 ac
1596 1219 1878 1288 pietatem.
1919 1216 2033 1271 Lex

451 1317 638 1387 itaque
673 1313 955 1385 Evangelii
991 1328 1152 1369 causa
1201 1314 1419 1367 condita
1477 1312 1599 1377 fuit,
1626 1322 1790 1382 atque
1824 1312 2034 1367 umbrte

451 1407 785 1480 dispensatio
816 1415 1040 1477 propter
1066 1404 1303 1461 futuram
1323 1418 1581 1459 concessa
1609 1414 1694 1459 est
1726 1404 2034 1459 veritatem.

520 1580 684 1638 Vens.
721 1582 813 1637 24.
858 1601 876 1635 ι
908 1580 1144 1652 Spiritus
1179 1589 1262 1635 est
1304 1581 1447 1637 Deus
1488 1597 1506 1638 :
1556 1588 1611 1635 et
1666 1595 1762 1638 eos
1798 1580 1891 1651 qui
1940 1580 2037 1636 ad-

451 1684 611 1731 orant
631 1690 778 1742 eum,
809 1674 861 1728 itt
884 1673 1078 1742 spiritu
1112 1683 1167 1728 et
1190 1672 1422 1728 veritate
1450 1681 1667 1743 oportet
1693 1675 1943 1728 adorare.
1978 1694 1999 1727 s

523 1781 752 1856 Quando
782 1788 917 1843 dixit
961 1787 1132 1842 Deum
1187 1799 1311 1842 esse
1348 1785 1640 1855 spiritum,
1700 1785 1836 1840 nihil
1884 1785 2032 1842 aliud
2066 1802 2109 1858 Β

453 1881 744 1953 signiﬁcat,
773 1893 936 1951 quam
1000 1879 1245 1949 corporis
1297 1887 1598 1947 expertem.
1650 1875 1788 1932 Cum
1845 1877 2033 1945 itaque

455 1988 564 2028 non
591 1972 662 2028 sit
712 1986 934 2043 corpus,
964 1970 1168 2027 cultum
1202 1984 1419 2040 quoque
1454 1970 1624 2037 ipsius
1652 1969 2035 2039 incorporeum

453 2078 577 2121 esse
606 2064 781 2128 decet,
805 2070 1101 2133 ‘eaquequa
1120 2062 1367 2132 corporis
1395 2070 1649 2131 expertes
1675 2075 1864 2116 sumus
1887 2071 2041 2131 parte

454 2156 714 2212 colendus
735 2162 841 2220 est,
874 2155 977 2210 hoc
1005 2165 1109 2221 est,
1143 2156 1346 2219 anima,
1371 2168 1468 2223 per
1499 2153 1703 2209 mentis
1722 2153 2035 2223 puritatem.

455 2248 589 2302 Nam
635 2262 757 2303 cum
794 2246 1126 2301 Samaritaui
1183 2255 1236 2301 et
1263 2244 1458 2311 Judaei,
1488 2255 1798 2316 contempta
1831 2247 2037 2311 anima,

458 2340 711 2411 corporis
738 2339 1025 2394 mttnditiei
1061 2338 1352 2408 plurimum
1384 2337 1689 2402 studerent,
1734 2339 1865 2394 illud
1908 2353 2041 2394 con-

458 2436 609 2489 tinuo
635 2439 962 2503 purgantes;
988 2430 1193 2485 idcirco
1215 2432 1312 2496 ait,
1350 2444 1458 2485 non
1484 2429 1760 2486 ablutione
1780 2444 1874 2485 seu
1895 2430 2039 2485 cultu

454 2527 731 2597 corporis,
792 2524 888 2580 sed
942 2523 1263 2594 incorporea
1324 2524 1499 2579 nostri
1558 2532 1742 2593 parte,
1776 2524 1911 2579 ’hoc
1959 2531 2043 2578 est

454 2626 659 2683 mente,
686 2616 879 2681 Deum,
907 2626 1092 2685 utpote
1125 2617 1506 2685 incorporeum
1527 2653 1544 2680 ,
1575 2613 1863 2670 colendum
1900 2629 2040 2670 esse.

458 2709 827 2777 Quamobrem
857 2724 965 2763 non
997 2723 1192 2777 pecora
1211 2747 1226 2772 ,
1264 2723 1369 2761 non
1399 2706 1599 2765 vitulos
1620 2747 1635 2773 ,
1668 2707 1845 2762 sed-te
1873 2717 2041 2762 totum

456 2801 570 2858 Deo
599 2799 796 2857 offeras
844 2800 1173 2856 sacriﬁcium
1209 2818 1223 2855 :
1254 2803 1353 2854 Itoc
1374 2801 1519 2853 enim
1544 2810 1629 2855 est
1665 2801 2042 2855 holocaustum

457 2903 515 2952 et
563 2894 676 2951 Deo
727 2892 962 2950 hostiam
1019 2892 1236 2947 oll'erre.
1293 2890 1425 2946 Nam
1483 2895 1663 2963 priora
1722 2894 1822 2949 ista
1876 2894 2043 2962 tigttra

456 2996 635 3054 erant,
696 2986 905 3042 scilicet
938 2984 1316 3050 circumcisio,
1368 2985 1706 3052 holocausta,
1756 2986 1975 3040 incensa
2028 3004 2042 3041 :

2146 525 2369 581 ἐκείνων
2409 525 2612 596 ἤρξατο
2654 522 2853 578 εἰδέναι
2897 522 2988 577 τὸν
3021 521 3118 576 ’ἑνα
3145 521 3279 576 Θεὸν
3318 525 3384 578 ἐκ
3419 526 3517 581 τοῦ
3565 528 3743 599 νόμου

2147 616 2241 669 καὶ
2286 614 2395 668 τῶν
2430 614 2752 687 προφητῶν.

2225 754 2243 785 r
2268 732 2410 786 Ἀλλ’
2438 731 2658 803 ἔρχεται
2680 731 2823 803 ὥρα,
2842 731 2937 784 καὶ
2966 729 3063 784 νῦν
3092 732 3263 794 ἐστιν,
3293 732 3384 785 ὅτε
3409 731 3461 785 oi
3493 730 3746 802 ἀληθινοὶ

2146 823 2524 899 προσκυνηταὶ
2566 823 3013 895 προσκυνήσουσι
3039 822 3119 894 τῷ
3155 822 3333 894 Πατρὶ
3371 823 3431 879 tv
3460 822 3744 895 πνεύματι

2145 918 2240 972 καὶ
2264 914 2516 987 ἀληθείᾳ.
2561 915 2673 968 Καὶ
2708 913 2818 985 γὰρ
2853 912 2884 966 δ
2916 913 3112 982 Πατὴρ
3154 912 3313 984 ζητεῖ
3337 913 3466 978 τοὺς
3492 930 3746 985 προσκυ-

2144 1008 2369 1071 νοῦντας
2394 1009 2580 1063 αὐτόν.
2622 1025 2642 1060 ι

2221 1118 2288 1176 Οί
2318 1120 2542 1192 ἀληθεῖς
2565 1118 2947 1192 προσκυνηταὶ
2961 1119 3023 1174 tv
3045 1119 3211 1174 ’παντὶ⁵
3226 1119 3378 1191 τόπῳ
3400 1122 3746 1191 προσάγουσι

2146 1214 2224 1287 τῷ
2257 1213 2378 1282 Θεῷ
2407 1215 2506 1278 τάς
2532 1212 2914 1285 πνευματικὰς
2948 1213 3163 1279 θυσίας,
3196 1214 3225 1268 δ
3258 1215 3410 1267 ἔστιν
3436 1214 3609 1286 ἀρετὴ
3639 1214 3742 1269 καὶ

2145 1308 2452 1363 θεοσέϐεια.
2496 1307 2710 1362 Οὐκοῦν
2749 1306 2844 1361 καὶ
2882 1307 2913 1359 δ
2964 1305 3130 1377 νόμος
3172 1305 3265 1360 διὰ
3303 1304 3368 1359 τὸ
3410 1305 3745 1374 Εὐαγγὲλιον

2144 1400 2357 1471 γέγονε,
2388 1401 2484 1454 καὶ
2527 1402 2560 1471 ἡ
2604 1398 3018 1469 ωγκατάὸασις
3043 1399 3146 1469 τῆς
3183 1399 3343 1461 σκιᾶς
3382 1397 3741 1469 συνεχωρήθη

2142 1489 2234 1545 διὰ
2252 1488 2351 1560 τὴν
2384 1488 2687 1559 μέλλουσαν
2713 1489 2999 1558 ἀλήθειαν.

2220 1600 2240 1633 ι
2263 1580 2489 1653 Πνεῦμα
2512 1582 2541 1634 ὁ
2566 1579 2721 1644 Θεὸς,
2752 1580 2847 1632 καὶ
2871 1575 2998 1641 τοὺς
3022 1575 3463 1648 προσκυνοῦντας
3488 1575 3745 1643 αὐτὸν,ὲν

2146 1674 2419 1745 πνεύματι
2448 1672 2545 1727 καὶ
2570 1671 2803 1743 ἀληθείᾳ
2828 1671 2910 1724 δεῖ
2934 1673 3286 1745 προσκυνεῖν.
3326 1689 3345 1723 ι

2210 1789 2383 1841 Ὅταν
2417 1781 2862 1855 εῖπεν,Πνεῦμα
2886 1786 2919 1839 d
2952 1785 3121 1850 Θεὸς,
3155 1782 3309 1837 οὐδὲν
3337 1782 3471 1837 ἀλλο
3498 1783 3672 1854 δηλοῖ,
3704 1783 3741 1851 ἢ

2138 1883 2200 1937 τὸ
2230 1879 2528 1951 ἀσώματον
2569 1888 2618 1934 ο.
2650 1880 2715 1933 Et
2756 1878 2940 1934 τοίνυν
2976 1878 3078 1932 οὐκ
3112 1877 3231 1931 ἐστι
3263 1876 3428 1948 σῶμα
3450 1918 3467 1944 ,
3514 1876 3613 1930 καὶ
3641 1875 3747 1947 τὴν

2137 1977 2398 2051 λατρείαν
2434 1975 2603 2031 αὑτοῦ
2632 1974 2898 2046 τοιαύτην
2925 1971 3068 2028 εῖναι
3097 1974 3202 2040 δεῖ,
3229 1973 3324 2028 καὶ
3355 1973 3448 2027 διά
3481 1972 3576 2026 τοῦ
3608 1974 3746 2043 ημῖν

2140 2069 2439 2141 ἀσωμάτου
2473 2066 2925 2139 προσφέρεσθαι,
2968 2065 3222 2120 τουτέστι
3254 2064 3346 2119 διά
3376 2064 3478 2136 τῆς
3525 2064 3746 2135 ψυχῆς,

2140 2162 2230 2217 διά
2287 2163 2389 2233 τῆς
2445 2158 2541 2213 τοῦ
2592 2157 2688 2212 νοῦ
2736 2157 3137 2228 καθαρότητος.
3201 2155 3425 2225 Ἐπειδὴ
3486 2154 3617 2224 γάρ,
3649 2156 3754 2206 καὶ

2142 2255 2365 2319 ἐκεῖνοι,
2392 2253 2488 2311 καὶ
2529 2251 2796 2318 Ἰουδαῖοι,
2825 2253 2925 2322 τῆς
2962 2250 3067 2321 μὲν
3099 2247 3281 2320 ψυχῆς
3310 2248 3570 2318 ἠμέλουν,
3621 2247 3755 2301 πολ-

2142 2346 2241 2419 λὴν
2292 2345 2350 2400 δὲ
2400 2344 2531 2415 περὶ
2585 2343 2647 2397 τὸ
2689 2342 2851 2413 σῶμα
2907 2339 3147 2411 σπουδὴν
3191 2337 3498 2401 ἐποιοῦντο,
3546 2336 3754 2392 καθαί-

2144 2455 2334 2513 ροντες
2357 2436 2490 2491 αὐτὸ
2518 2432 2901 2497 παντοδαπῶς*
2930 2431 3093 2485 τοῦτό
3123 2447 3312 2502 φησιν,
3350 2430 3435 2484 δτι
3460 2427 3523 2482 οὐ
3552 2429 3622 2498 τῇ
3647 2424 3750 2479 τοῦ

2146 2530 2404 2602 σώματος
2450 2528 2828 2599 καθαρότητι,
2862 2524 3000 2581 ἀλλά
3029 2523 3113 2594 τῷ
3158 2524 3218 2577 tv
3251 2523 3388 2594 ἡμῖν
3425 2521 3711 2591 ἀσωμάτῳ
3733 2560 3751 2584 ,

2144 2622 2394 2677 τουτέστι
2432 2620 2546 2692 νῷ,
2582 2621 2612 2675 δ
2657 2617 2955 2689 ἀσώματος
3000 2614 3393 2687 θεραπεύεται.
3439 2613 3533 2684 Μὴ
3567 2613 3756 2667 τοίνυν

2148 2714 2401 2786 πρόὸατα
2425 2712 2606 2778 θύετε,
2630 2711 2724 2766 καὶ
2751 2711 3010 2782 μόσχους,
3034 2708 3154 2763 ἀλλ’
3179 2708 3300 2762 ὅλον
3325 2706 3524 2762 σαυτὸν
3549 2704 3757 2769 άνάθες

2146 2806 2225 2876 τῷ
2269 2804 2409 2876 Θεῷ,
2440 2804 2537 2859 καὶ
2567 2801 2966 2856 δλοκαύτωσονο
3001 2800 3163 2854 τοῦτο
3188 2799 3301 2870 γάρ
3330 2800 3448 2851 ἐστι
3471 2797 3752 2869 παραστῆ-

2151 2916 2243 2953 σαι
2282 2897 2497 2952 θυσίαν.
2530 2893 2713 2960 Τύπος
2740 2894 2851 2966 γὰρ
2887 2894 2960 2948 τά
2986 2893 3252 2967 πρότερα,
3284 2894 3318 2964 ἡ
3348 2890 3638 2961 περιτομὴ,
3670 2888 3744 2941 τά

2150 2989 2608 3061 ὁλοκαυτώματα,
2654 2987 2724 3041 τά
2775 2986 3134 3058 θυμιάματα’
3184 2984 3306 3039 νυνὶ
3358 2984 3419 3038 δὲ
3468 2982 3568 3037 οὐκ
3624 2980 3750 3034 ἔστι

460 3093 605 3135 nunc
666 3089 846 3134 autem
898 3093 1004 3132 non
1043 3093 1193 3139 caro,
1243 3079 1338 3131 sed
1380 3092 1559 3147 prava:
1592 3078 2044 3134 t-it-ctttttcidendte

2157 3084 2357 3154 σάρκα,
2388 3081 2528 3136 ἀλλὰ
2560 3078 2836 3151 πονηροὺς
2880 3078 3243 3149 περικόπτειν
3273 3074 3565 3145 λογισμοὺς
3584 3111 3601 3137 ,
3647 3072 3752 3125 καὶ

459 3180 588 3229 sunt
611 3172 997 3242 cogitationes.
1033 3181 1088 3225 et
1125 3170 1491 3241 nosmetipsos
1520 3171 1865 3242 cruciﬁgere,
1886 3181 2044 3241 atque

2157 3152 2431 3246 σταυροῦν
2467 3172 2682 3236 ἑαυτὸν,
2731 3173 2829 3226 καὶ
2859 3171 2959 3235 τὰς
2998 3169 3229 3238 ἀλόγους
3264 3169 3508 3240 ἀναιρεῖν
3548 3163 3751 3219 ἐπιθυ-

461 3264 808 3322 irrationales
830 3263 1048 3318 auferre
1070 3263 1396 3331 cupiditates
1435 3272 1669 3333 oportet.

534 3376 773 3449 Spiritus
814 3386 1048 3431 vocatur
1104 3374 1269 3440 Deus,
1308 3389 1414 3429 non
1469 3376 1623 3443 quasi
1677 3383 1893 3438 ventus,
1952 3374 2047 3430 sed

465 3483 721 3541 tauquam
783 3469 1100 3538 incorporea
1145 3478 1200 3523 et
1240 3468 1448 3522 vivillca
1480 3468 1802 3522 substantia.
1854 3469 2053 3535 Quem~

465 3561 755 3617 admodum
814 3560 959 3615 enim
1024 3575 1205 3616 aerem
1241 3561 1533 3629 spirantes,
1579 3560 1649 3616 ita
1697 3560 1808 3615 Deo
1835 3574 2052 3631 quoque

467 3655 632 3709 vitam
662 3652 1070 3723 suppeditante,
1103 3653 1358 3706 vivimus.

553 3743 817 3815 Spiritum
867 3751 1027 3798 vocat
1065 3744 1391 3799 rationalem
1432 3743 1673 3799 hominis
1723 3744 2050 3815 portionem,

468 3851 589 3909 qua:
616 3834 902 3891 aﬂectioue
936 3849 1002 3891 ac
1033 3835 1304 3891 desiderio
1340 3850 1526 3891 coram
1591 3837 1703 3891 Deo
1734 3837 2052 3902 constituta,

469 3927 665 3993 adorat
709 3939 855 3990 eum,
915 3923 1088 3979 instar
1120 3924 1457 3994 angelorum,
1493 3937 1598 3977 non
1649 3921 1805 3976 locali
1858 3923 2052 3976 adora-

470 4020 638 4083 tione,
670 4017 764 4072 sed
789 4016 844 4070 in
873 4014 1064 4087 spiritu
1099 4022 1154 4068 et
1192 4015 1440 4069 veritate.

534 4108 703 4165 Vens.
736 4106 828 4162 25.
879 4125 898 4159 ι
936 4106 1079 4161 Dicit
1104 4107 1152 4159 ei
1189 4105 1424 4161 mulier:
1456 4103 1586 4160 Scio
1643 4104 1770 4174 quia
1828 4103 2055 4159 Messias

469 4202 618 4257 venit
668 4199 797 4275 (qui
854 4199 1056 4255 dicitur
1097 4197 1416 4269 Christus).
1466 4196 1601 4252 Cum
1660 4211 1791 4266 ergo
1847 4195 2058 4252 venerit

472 4295 580 4360 ille,
622 4294 778 4349 nobis
812 4290 1158 4347 attnuutiahit
1186 4292 1392 4344 omnia.
1429 4308 1449 4342 ι

530 4385 637 4442 Sed
665 4384 805 4440 unde
831 4381 1162 4438 Satttaritaui
1198 4382 1485 4434 adventum
1522 4380 1725 4433 Christi
1774 4391 2057 4448 exspecta-

2157 3269 2311 3339 μίας,
2351 3266 2449 3322 καὶ
2483 3265 2917 3335 κατασφάττειν.

2227 3379 2455 3451 Πνεῦμα
2488 3377 2736 3433 καλεῖται
2768 3378 2797 3431 ὁ
2828 3375 2988 3439 Θεὸς,
3021 3375 3120 3446 οὐχ
3150 3374 3225 3438 ὡς
3270 3373 3496 3446 ἄνεμος,
3530 3370 3650 3425 ἀλλ’
3678 3370 3763 3434 ὡς

2158 3472 2451 3544 ἀσώματος
2480 3471 2577 3525 καὶ
2606 3470 2870 3535 ζωοποιὸς
2902 3468 3082 3523 οὐσία,
3117 3469 3331 3538 ’Ὠσπερ
3366 3465 3478 3536 γάρ
3503 3463 3765 3517 εἶσπνεό-

2162 3581 2318 3636 μενοι
2347 3563 2438 3618 τὸν
2468 3562 2610 3634 ἀέρα
2641 3560 2849 3632 ζῶμεν,
2892 3558 3036 3613 οῦτω
3076 3560 3174 3613 καὶ
3217 3558 3311 3613 τοῦ
3343 3556 3484 3611 Θεοῦ
3516 3554 3762 3619 διδόντος

2156 3658 2220 3711 τὸ
2253 3653 2592 3729 παρεκτικὸν
2623 3655 2724 3723 τῆς
2755 3653 2925 3723 ζωῆς,
2951 3652 3158 3723 ζῶμεν.

2232 3747 2459 3818 Πνεῦμα
2486 3746 2637 3815 λέγει
2663 3744 2722 3798 τὸ
2752 3744 2945 3816 νοητὸν
2990 3743 3084 3797 τοῦ
3114 3740 3431 3812 ἀνθρώπου,
3461 3741 3601 3813 ὅπερ
3628 3741 3762 3813 σχέ-

2163 3857 2247 3894 σει
2296 3841 2393 3894 καὶ
2426 3836 2669 3892 διαθέσει
2696 3834 2929 3890 ἐνώπιον
2959 3835 3056 3890 τοῦ
3087 3833 3225 3888 Θεοῦ
3259 3834 3546 3905 γινόμενον
3586 3851 3765 3906 προσ-

2164 3931 2323 3983 κυνεῖ
2371 3927 2464 3983 τὸν
2511 3927 2669 3993 Θεὸν,
2699 3925 2777 3989 ὡς
2821 3926 2917 3980 καὶ
2952 3926 3002 3979 οῖ
3047 3923 3330 3994 ἀγγελλοι,
3361 3924 3461 3995 τῆς
3510 3924 3571 3977 tv
3604 3924 3763 3995 τόπῳ

2164 4020 2595 4091 προσκυνήσεως
2621 4017 2724 4071 οὐκ
2750 4014 2941 4087 οὔσης,
2977 4017 3035 4070 tv
3069 4015 3344 4086 πνεύματι
3374 4014 3473 4069 καὶ
3500 4013 3759 4086 ἀληθεία.

2240 4126 2260 4161 ι
2297 4109 2465 4179 Λέγει
2510 4106 2662 4178 αὐτῷ
2691 4108 2725 4178 ή
2758 4107 2920 4177 γυνή·
2953 4100 3084 4160 Οἶδα
3134 4107 3217 4160 ὅτι
3249 4105 3498 4172 Μεσσίας
3527 4106 3759 4178 ἔρχεται

2165 4202 2235 4274 (ὁ
2267 4201 2563 4272 λεγόμενος
2595 4199 2894 4272 Χριστός).
2928 4200 3100 4255 Ὀταν
3130 4198 3262 4273 ἔλθῃ
3307 4198 3554 4265 ἐκεῖνος,
3584 4201 3783 4269 ἁναγκ

2164 4295 2316 4364 γελεῖ
2343 4297 2479 4365 ἡμῖν
2518 4296 2718 4348 πάντα.
2757 4312 2778 4347 s

2240 4386 2413 4440 Πόθεν
2440 4385 2497 4439 δὲ
2530 4388 2905 4459 Σαμαρείταις
2942 4386 3004 4440 τὸ
3036 4385 3346 4457 προσδοκᾷν
3372 4385 3473 4457 τὴν
3502 4384 3597 4439 τοῦ
3621 4387 3759 4455 Χρι-

471 4480 621 4543 Itant,
667 4491 791 4532 cum
840 4475 1014 4531 solum
1077 4471 1295 4542 Moysen
1356 4470 1700 4538 reciperent?
1786 4470 1865 4524 Ex
1923 4473 2044 4539 ipsis

2167 4477 2292 4530 στοῦ
2317 4476 2643 4548 παρουσίαν,
2669 4477 2761 4530 τὸν
2786 4475 3029 4531 Μωῦσέα
3047 4474 3368 4546 δεξαμένοις
3395 4475 3591 4545 μόνον;
3630 4475 3758 4528 Ἀπ’

471 4568 640 4640 Moysi
667 4567 907 4637 scriptis.
974 4564 1186 4621 Etenim
1222 4564 1272 4616 in
1301 4561 1568 4632 principio
1610 4560 1804 4615 Filium
1847 4566 2051 4617 revela-

473 4662 569 4716 vit.
632 4660 763 4714 Illud
796 4660 968 4722 enim,
1018 4655 1307 4709 Faciamus
1360 4653 1623 4706 hominem
1656 4652 1725 4708 ad
1768 4655 2051 4727 imaginem

472 4761 521 4806 st
550 4751 948 4806 similitudinem
983 4757 1219 4801 nostram
1244 4747 1321 4811 ⁸⁸,
1355 4748 1422 4799 atl
1455 4746 1646 4801 Fllllllll
1691 4748 1895 4803 dictum
1947 4760 2052 4805 est.

472 4841 542 4897 Et
577 4840 809 4897 Abrahae
836 4840 889 4893 in
919 4837 1269 4893 tabernaculo
1306 4837 1475 4892 Filius
1504 4838 1762 4908 loquitur.
1796 4839 1863 4895 Et
1887 4838 2058 4895 Iacob

475 4934 540 4989 de
560 4947 628 4989 eo
652 4930 1058 5002 propltetizans,
1095 4928 1272 4985 dixit:
1308 4928 1430 4984 Non
1459 4931 1666 5001 deﬁciet
1691 4946 1785 4987 res:
1805 4933 1871 4986 de
1886 4931 2052 4999 Iuda,

476 5038 639 5093 neque
660 5022 770 5076 dua:
796 5021 862 5075 de
890 5018 1086 5089 femore
1117 5021 1232 5090 ejus
1258 5023 1304 5057 ¹⁸
1329 5061 1344 5075 .
1376 5023 1517 5090 Quin
1554 5030 1617 5079 ct'
1658 5025 1888 5094 ipsemet
1937 5024 2011 5077 ait
2038 5040 2051 5076 :

479 5112 805 5183 PrOphetam
843 5111 992 5166 nobis
1014 5114 1292 5168 suscitabit
1320 5113 1580 5170 Dominus
1612 5112 1751 5170 Deus
1778 5115 1843 5169 de
1868 5114 2057 5184 fratri-

480 5210 575 5264 bus
606 5209 803 5263 nostris
831 5224 851 5263 :
873 5209 1011 5263 sicut
1032 5223 1114 5263 me
1141 5209 1315 5279 ipsum
1338 5209 1566 5264 audietis
1600 5208 1647 5242 ²⁰
1666 5248 1679 5263 .
1721 5207 1789 5262 Et
1815 5222 1937 5278 quae
1984 5207 2050 5262 de

553 5386 598 5420 “
635 5384 776 5452 Gen,
812 5396 854 5449 ι,
878 5384 971 5442 26.
1046 5386 1090 5419 ⁸⁹
1116 5384 1251 5440 Gen.
1287 5401 1435 5453 thx,
1467 5386 1555 5442 10.

553 5555 593 5619 τη
617 5548 707 5619 αι’.
732 5546 1101 5619 εσαρκῷσθαι.

2159 4567 2341 4621 αὐτῶν
2356 4569 2465 4622 τῶν
2477 4568 3138 4641 Μωῦσέωςγραμμάτων.
3152 4568 3266 4622 Καὶ
3287 4566 3356 4635 γὰ
3364 4584 3395 4640 ρ
3417 4568 3512 4621 καὶ
3527 4568 3584 4622 ἐν
3609 4566 3756 4640 ἀρχῇ

2152 4660 2244 4713 τὸν
2270 4659 2399 4714 Υίὸν
2429 4660 2769 4731 ἀπεκάλυψε.
2805 4661 2879 4714 Τὸ
2900 4660 3032 4733 γὰρ,
3060 4659 3417 4730 Ποιήσωμεν
3438 4659 3761 4729 ἄνθρωπον

2155 4753 2284 4806 κατ’
2308 4754 2516 4807 εἰκόνα
2542 4754 2637 4808 καί
2668 4755 2956 4823 ὁμοίωσιν
2974 4753 3294 4823 ἡμετέραν,
3331 4737 3470 4824 πρὸς
3500 4752 3592 4806 τὸν
3620 4751 3758 4805 Υίὸν

2156 4843 2398 4914 εἴρηται.
2444 4843 2536 4914 Τῷ
2597 4844 2853 4915 Ἀϐραὰμ
2901 4845 2959 4897 tv
3009 4846 3077 4916 τῇ
3119 4846 3294 4914 σκηνῇ
3349 4837 3507 4907 οῦτός
3539 4844 3693 4897 ἐστιν
3730 4846 3759 4897 ὁ

2161 4933 2569 5006 διαλεγόμενος.
2617 4935 2731 4990 Καὶ
2779 4936 2809 4989 ό
2877 4933 3074 4989 Ἰακὼϐ
3121 4935 3255 5006 περὶ
3282 4932 3481 4987 ἑαυτοῦ
3534 4948 3758 5004 προφη-

2162 5024 2337 5078 τεύων
2363 5025 2569 5095 ἐλεγενο
2594 5028 2716 5081 Οὐκ
2744 5025 3017 5096 ἐκλείψει
3037 5025 3239 5095 ἅρχων
3257 5024 3328 5090 ἐξ
3360 5024 3578 5090 Ἰούδα,
3612 5023 3759 5078 οὐδὲ

2164 5117 2501 5188 ἡγούμενος
2537 5119 2606 5173 ἐκ
2652 5117 2772 5172 τῶν
2813 5117 3025 5189 μηρῶν
3070 5116 3284 5171 αὑτοῦ.
3333 5117 3443 5170 Καὶ
3494 5114 3659 5180 αὐτὸς
3697 5114 3757 5168 δέ.

2158 5223 2312 5278 φησι·
2338 5208 2665 5279 Προφήτην
2685 5208 2833 5279 ἡμῖν
2853 5207 3191 5277 ἀναστήσει
3215 5209 3433 5278 Κύριος
3449 5209 3482 5263 ὁ
3501 5205 3665 5273 Θεὸς,
3687 5205 3759 5259 ἐκ

1662 5386 1710 5418 ὀ
1741 5384 1900 5441 Deut.
1928 5399 2082 5443 xvttt.
2118 5385 2206 5441 l5.

1179 5556 1208 5584 ιι
1244 5545 1450 5617 Εἰπὼν,
1486 5563 1507 5611 ι
1549 5543 1834 5617 πνεῦμα.νὸ
1866 5543 2041 5617 Θεὸς,Δ
2058 5562 2093 5617 ιΔ
2109 5544 2172 5597 τὸ
2204 5544 2499 5617 ἀσώματον
2543 5544 2710 5614 λέγει.
2742 5546 2811 5617 Et
2860 5545 3041 5599 τοίνυν
3095 5544 3198 5617 οὐκ
3226 5543 3343 5617 ἔστι
3376 5543 3559 5617 σῶμα,
3599 5540 3763 5617 φηρὶ,

482 5616 580 5691 καὶ
619 5610 1197 5691 τὴνλλατρείανᾲαὺτοῦ
1244 5610 1504 5691 τοιαύτην
1542 5610 1703 5691 εἶναι⁷
1730 5614 1832 5680 δεῖ,
1857 5615 1965 5691 οιαὶ
2020 5610 2539 5691 διὰλτοῦμὲνζήμίν-
2559 5610 2854 5691 ἀσωμάτου
2902 5614 3337 5691 πρρσφέρεσθαι,
3365 5610 3618 5691 τρυτέστι
3669 5610 3762 5664 διά

482 5688 582 5759 τῆς
609 5680 807 5759 ψυχῆς,
834 5680 1061 5759 διάίτῆς
1098 5686 1192 5739 τοῦ
1222 5684 1314 5739 νοῦ
1345 5680 1721 5759 καθαρότητος
1749 5701 1762 5713 ·
1790 5685 1951 5738 τοῦτο
1973 5685 2083 5755 γὰρ
2114 5685 2294 5756 δηλοῖ,
2331 5680 2424 5739 ὅτι
2446 5704 2465 5737 ι
2495 5686 2634 5749 Τοὺς
2683 5680 3137 5757 ’προσκυνοῦντας
3202 5685 3367 5740 αὑτὸν
3391 5685 3450 5738 tv
3479 5680 3769 5749 πνεύματι

484 5754 581 5812 καὶ
610 5754 840 5829 ἀληθείᾳ
864 5756 947 5811 δεῖ
973 5754 1322 5826 προσκυνεῖν.
1361 5778 1379 5807 ι
1421 5754 1653 5827 [Crattnj
