4072 6410
327 407 463 470 1425

1356 390 1836 466 FRAGMENTA
1874 401 1957 462 IN
1999 400 2059 462 s.
2100 399 2471 462 JOANNEM.

3432 346 3439 365 ι
3469 390 3602 455 nos

325 520 444 575 τῶν
494 517 779 590 ἀδελφῶν
815 518 988 591 ἡμῶν
1021 519 1102 587 ὡς
1140 517 1279 589 ἐμὲ,
1325 519 1513 574 αὐτοῦ
1542 517 1904 574 ἀκούσεσθε.

2031 524 2288 585 serpente,
2321 522 2379 569 et
2404 512 2552 590 virga
2582 508 2775 581 Moysi,
2800 516 2855 564 et
2889 510 2957 565 de
2984 513 3140 573 Isaae
3162 515 3219 563 et
3238 518 3377 562 ove:
3436 514 3600 570 atque

325 617 435 669 Καὶ
468 614 537 669 τὰ
576 613 722 670 κατὰ
753 613 847 668 τὸν
878 614 1024 685 ὄφιν,
1063 613 1158 668 καὶ
1184 613 1252 667 τά
1281 611 1426 666 κατά
1448 612 1550 683 τὴν
1582 611 1785 685 ῥάϐδον
1812 610 1911 681 τὴν

323 706 626 776 Μωῦσέως,
659 706 752 761 καὶ
778 705 847 760 τά
868 705 1011 760 κατά
1033 705 1123 759 τὸν
1165 702 1376 772 Ἰσαὰκ,
1407 706 1505 759 καὶ
1526 705 1588 758 τὸ
1611 702 1907 777 πρόϐατον,

324 799 418 852 καὶ
458 798 632 853 πολλὰ
674 798 860 870 ἔτερα,
906 797 1034 869 ἐξῆν
1080 796 1431 869 βουλομένοις
1476 795 1749 864 ἐκλέγειν,
1810 793 1911 862 τὴν

323 892 630 961 παρουσίαν
654 892 818 946 αὐτοῦ
852 891 1326 963 ἀνακηρύττοντα.
1369 889 1512 943 Ἀλλ’
1536 889 1637 942 οὐκ
1661 887 1771 942 ἀπὸ
1799 884 1912 940 τού-

323 1000 432 1037 των
461 983 624 1053 ἐνῆγε
652 983 753 1055 τὴν
777 985 1036 1052 γυναῖκα,
1068 983 1185 1037 ἀλλ’
1214 982 1323 1037 ἀπὸ
1349 981 1443 1034 τοῦ
1471 980 1663 1043 ὓδατος
1693 977 1913 1049 καὶτῆς

324 1075 703 1147 προαιρέσεως
739 1076 910 1149 αὐτὴν
951 1077 1286 1153 ἐπισπᾶται,
1317 1075 1413 1128 καὶ
1458 1073 1548 1127 διά
1577 1072 1785 1127 τούτων
1833 1072 1912 1137 εἰς

327 1167 554 1237 μνήμην
599 1166 725 1236 ἄγει
771 1164 868 1220 τοῦ
898 1163 1171 1238 Χριστοῦ,
1207 1164 1302 1220 καὶ
1342 1163 1680 1219 ἐκκαλύπτει
1725 1161 1913 1217 λοιπὸν

325 1259 537 1314 ἑαυτόν.
602 1259 738 1313 Ἀπὸ
781 1259 1051 1323 συνέσεως
1100 1259 1158 1313 δὲ
1200 1258 1361 1312 τοῦτο
1409 1253 1583 1312 εἶπενυ
1633 1255 1754 1310 οὐδὲ
1803 1256 1913 1327 γὰρ

324 1349 439 1419 1εῖδει
475 1349 567 1402 τὸν
599 1349 858 1421 Χριστὸν,
890 1350 1221 1421 Σαμαρεῖτις
1250 1344 1410 1404 οὖσα.

401 1460 419 1493 ι
449 1441 613 1511 Λέγει
645 1441 783 1513 αὐτῇ
814 1442 844 1493 6
891 1440 1293 1512 Ἰησοῦς-Ἐγώ
1324 1441 1464 1512 εἰμι,
1499 1441 1530 1494 ό
1552 1438 1731 1522 λαλῶν
1763 1456 1864 1494 σοι.
1888 1457 1908 1488 ι

394 1617 574 1687 Ὅπερ
610 1616 712 1669 οὐκ
745 1609 909 1669 εἶπεν
936 1614 1212 1678 Ἰουδαίοις
1242 1613 1489 1684 ἐρωτῶσι
1533 1612 1673 1683 μετά
1721 1611 1877 1664 δόλου
1897 1651 1912 1675 ,

325 1709 483 1763 τοῦτο
509 1704 665 1762 εἴπεν
705 1711 770 1779 τῇ
803 1707 1026 1775 γυναικὶ
1074 1707 1426 1778 ἁπλουστέρα
1458 1705 1617 1778 οὔσῃ·
1669 1706 1765 1758 καὶ
1790 1703 1916 1758 οὔτε

325 1800 434 1854 ἀπὸ
456 1801 737 1865 Μωῦσὲως
758 1797 915 1856 εἶπεν
940 1817 992 1854 τι
1014 1801 1174 1870 αὐτῇ,
1208 1797 1473 1853 συνιστῶν
1493 1798 1562 1851 τά
1589 1814 1655 1851 πε
1666 1797 1719 1867 ρὶ
1748 1797 1914 1850 αὑτοῦ

325 1894 544 1966 ἀπείρῳ
584 1862 731 1969 otian—
767 1896 1015 1969 Γραφῆς,
1063 1862 1179 1950 ἀλλ’
1227 1897 1292 1949 ἐκ
1327 1894 1496 1967 μόνης
1542 1893 1643 1967 τῆς
1667 1862 1918 1964 δυνειδή·
1947 1862 1989 1923 Β

326 2001 465 2050 σεως
493 1986 667 2057 αὐτῆς
693 1988 1018 2060 μετέπεισεν
1047 1987 1242 2059 αύτήν.

406 2078 545 2131 ιΚαὶ
565 2079 662 2133 ἐπὶ
688 2079 864 2151 τούτῳ
886 2075 1052 2151 ἦλθον
1076 2081 1125 2134 oi
1155 2079 1396 2150 μαθηταὶ
1418 2076 1604 2133 αὐτοῦ·
1629 2077 1726 2132 καὶ
1755 2075 1917 2131 ἐθαύ-

213 2256 221 2265 ὶ
331 2187 510 2241 μασαν
542 2172 624 2226 ὅτι
661 2173 800 2243 μετά
828 2173 1086 2242 γυναικὸς
1126 2174 1327 2228 ἐλάλει.
1357 2191 1375 2225 ι

399 2262 525 2316 Ὅτι
562 2265 680 2335 μετ’
705 2264 1006 2336 ἀλλοφύλου
1031 2264 1237 2329 ἐλάλει,
1262 2265 1322 2318 τὸ
1345 2264 1549 2334 ἄτυφον
1573 2262 1747 2317 αὐτοῦ
1764 2261 1920 2316 ἐθαύ-

330 2355 524 2425 μαζον,
557 2356 654 2409 καὶ
692 2358 774 2410 ὅτι
801 2358 1037 2428 πενιχρᾷ
1061 2356 1420 2429 Σαμαρείτιδι
1451 2355 1631 2410 ἐλάλει
1652 2342 1670 2385 η’
1697 2355 1919 2427 ᾔδεισαν

327 2446 458 2515 γάρ,
483 2447 564 2500 ὅτι
591 2446 772 2501 πάντα
798 2450 945 2501 ποιεῖ
971 2447 1110 2519 μετά
1144 2446 1481 2518 κεκριμένης
1514 2445 1787 2508 συνέσεως
1828 2443 1920 2495 καὶ

330 2538 641 2607 εὐλαϐείας,
673 2539 709 2594 δι
740 2539 933 2593 ἐποίει.
1418 2525 1423 2531 ’

400 2648 420 2682 ι
445 2627 650 2695 Δεῦτε,
687 2630 829 2685 ἴδετε
881 2630 1193 2703 ἄνθρωπον,
1229 2630 1288 2693 ὃς
1332 2624 1454 2684 εἷπὲ
1481 2648 1577 2700 μοι
1619 2628 1797 2684 πάντα
1822 2630 1922 2684 ὅσα

329 2720 585 2793 ἐποίησα.
617 2723 766 2793 Μήτι
795 2716 950 2786 οὗτός
978 2724 1128 2776 ἐστιν
1156 2723 1184 2775 6
1207 2723 1481 2793 Χριστός;
1520 2740 1540 2774 ι

398 2897 522 2951 Τῶν
565 2897 707 2966 ἄγαν
761 2899 909 2953 ἐστὶν
954 2898 1199 2965 ἀτόπων,
1252 2900 1313 2953 τὸ
1347 2898 1423 2971 μὴ
1463 2897 1816 2971 δημοσιεύειν
1855 2897 1922 2951 τά

331 2990 662 3061 κοινωφελῆ.
706 2988 854 3061 Αὕτη
912 2990 969 3044 δέ
1004 2992 1106 3045 οὐκ
1156 2991 1479 3060 ἀπεφήνατο
1530 2991 1752 3060 σαφῶς,
1797 2989 1921 3045 οὔτε

330 3084 612 3155 ἐσίγησεν’
644 3083 898 3138 ἐϐούλετο
925 3085 1055 3156 γὰρ,
1087 3084 1187 3138 οὐκ
1228 3085 1293 3138 ἐκ
1319 3085 1416 3154 τῆς
1447 3084 1657 3149 οἰκείας
1703 3085 1921 3153 ἀποφά-

334 3190 472 3237 σεως
505 3172 750 3243 εἰσάγειν
795 3174 980 3239 αὐτὸν,
1016 3173 1152 3227 ἀλλά
1197 3173 1294 3228 καὶ
1338 3173 1539 3238 αὐτοὺς
1589 3174 1692 3244 τῆς
1735 3174 1920 3245 ψήφου
1951 3203 2008 3260 ρ,

329 3262 538 3333 ταύτης
566 3264 887 3331 εἰσαγαγεῖν
915 3261 1233 3327 κοινωνοὺς,
1264 3261 1292 3314 ὃ
1315 3262 1411 3314 καὶ
1446 3260 1649 3331 μᾶλλον
1678 3261 1923 3331 εὐπαράο

330 3356 522 3410 δεκτον
552 3355 728 3408 ἐποίει
757 3354 850 3409 τὸν
878 3353 1057 3423 λόγον.
1089 3354 1199 3407 Καὶ
1229 3353 1331 3407 οὐκ
1363 3348 1540 3419 εἶπεν,
1583 3351 1786 3418 Δεῦτε,
1838 3350 1933 3408 πιέ

342 3443 593 3512 στεύετε,
625 3445 801 3512 ἀλλὰ,
834 3446 1038 3511 Δεῦτε,
1084 3444 1261 3500 ἴδετε·
1303 3445 1332 3498 ὃ
1365 3444 1566 3516 μᾶλλον
1596 3445 1929 3516 κουφότερον

332 3534 423 3609 ἦν,
455 3538 551 3593 καὶ
584 3538 786 3609 μᾶλλον
812 3538 1011 3602 αὐτοὺς
1044 3538 1346 3606 ἐφείλκετο.
1384 3539 1541 3610 ’ᾘδει
1572 3538 1682 3608 γὰρ
1713 3538 1923 3607 σαφῶς,

335 3629 419 3681 ὅτι
466 3629 801 3699 γευσάμενοι
846 3628 1031 3699 μόνον,
1061 3627 1129 3680 τὰ
1169 3629 1309 3682 αύτά
1342 3629 1619 3681 πείσονται
1654 3628 1797 3700 ἆπερ
1833 3627 1929 3681 καὶ

336 3717 501 3790 αὐτή.

413 3830 433 3863 ι
482 3811 649 3880 Λέγει
692 3811 875 3876 αὐτοῖς
915 3815 943 3866 6
999 3811 1241 3883 Ἰησοῦς·
1294 3811 1455 3883 Ἐμὸν
1510 3811 1707 3883 βρῶμά
1752 3812 1929 3878 ἐστιν,

337 3903 598 3957 ἶνανποιῶ
616 3903 678 3957 τὸ
704 3903 918 3976 θέλημα
936 3910 1030 3960 τοῦ
1062 3904 1378 3976 πέμψαντός
1409 3922 1497 3975 με,
1531 3906 1625 3958 καὶ
1657 3902 1930 3960 τελειώσω

340 3995 509 4049 αὐτοῦ
531 3994 594 4048 τὸ
623 3995 807 4067 ἔργον.
844 4015 867 4050 ι

423 4085 511 4150 Ὠς
543 4085 898 4152 διδασκάλους
947 4089 1047 4158 τῆς
1095 4087 1460 4159 οἰκουμένης,
1513 4087 1756 4143 διδάσκει
1804 4089 1929 4150 τοὺς

344 4174 617 4245 μαθητὰς,
645 4178 917 4249 προτιμᾷν
943 4178 1043 4250 τῆς
1067 4176 1326 4253 βρώσεως
1341 4178 1401 4232 τὸ
1415 4177 1627 4251 θέλημα
1648 4178 1739 4232 τοῦ
1763 4178 1924 4232 Θεοῦ.

341 4265 542 4338 [Cum
576 4267 728 4341 1.91).]
766 4269 854 4334 Ὠς
884 4271 1146 4341 ἐπιθυμεῖ
1191 4288 1276 4335 τις
1304 4269 1512 4342 τροφῆς
1535 4311 1551 4338 ,
1599 4269 1743 4324 οὕτω
1773 4268 1935 4339 κάγὼ

337 4360 438 4428 τῆς
474 4359 754 4430 σωτηρίας
784 4359 893 4414 τῶν
924 4359 1251 4433 ἀνθρώπων.

416 4467 435 4501 ι
472 4450 585 4504 Καὶ
619 4450 648 4502 6
693 4450 957 4523 θερίζων,
994 4452 1188 4523 μισθὸν
1232 4453 1525 4524 λαμϐάνει,
1559 4453 1656 4507 καὶ
1705 4453 1930 4522 συνάγει

340 4541 554 4611 καρπὸν
592 4543 677 4606 είς
721 4543 867 4615 ζωὴν
899 4545 1138 4601 αίώνιον·
1184 4547 1273 4600 ἵνα
1308 4548 1402 4602 καὶ
1432 4549 1460 4602 6
1513 4546 1757 4618 σπείρων
1788 4544 1925 4618 ὁμοῦ

2034 4551 2329 4612 congregat
2378 4541 2614 4598 fructum
2660 4542 2714 4598 in
2743 4541 2917 4615 .vitam
2961 4550 3219 4599 aeternam
3269 4556 3285 4596 :

341 4632 512 4705 χαίρῃ
542 4632 639 4689 καὶ
665 4635 694 4687 6
722 4633 973 4707 θερίζων.
1009 4655 1028 4688 ι

423 4720 486 4776 '0
531 4722 904 4792 πνευματικὸς
934 4723 1194 4795 θερισμὸς
1237 4726 1294 4790 ὃς
1332 4738 1359 4777 Ρ
1389 4730 1538 4783 ἔστιν
1583 4731 1617 4801 ἡ
1666 4729 1926 4800 θεοσεϐὴς

343 4814 597 4886 ἐργασία,
632 4815 734 4884 τὴν
768 4814 866 4886 μὲν
886 4815 1167 4883 ἀπόθεσιν,
1201 4819 1296 4871 κοιλ¹
1324 4820 1416 4872 τὸν
1436 4820 1929 4893 ἀποθησαυρισμὸν

343 4908 401 4960 ἐν
430 4907 685 4980 οὐρανοῖς
718 4907 855 4979 ἔχει’
887 4909 947 4964 ὲν
969 4909 1026 4963 δὲ
1046 4909 1126 4982 τῷ
1161 4911 1410 4982 μέλλοντι
1441 4913 1600 4967 αἰῶνι
1628 4915 1928 4969 ἀπόλαυσιν

343 4995 727 5069 ἀτελεύτητονο
756 4990 916 5060 οὗτος
947 4999 1060 5071 γάρ
1087 5002 1236 5055 ἐστιν
1267 5002 1297 5054 ὁ
1332 5003 1529 5074 καιρὸς
1560 5002 1661 5075 τῆς
1690 5004 1930 5058 ἀνταπο-

342 5086 567 5152 δόσεως.

420 5200 439 5232 ι
486 5180 630 5250 Ἐγὼ
656 5182 956 5240 ἀπέστειλα
991 5187 1135 5258 ὑμᾶς
1163 5186 1424 5259 θερίζειν,
1460 5188 1488 5242 ὃ
1525 5189 1624 5260 οὐχ
1653 5189 1814 5261 ὑμεῖς
1841 5208 1934 5245 κε-

346 5270 671 5325 κοπιάκατεο
718 5274 870 5330 ἄλλοι
914 5279 1323 5344 κεκοπιάκασι,
1371 5278 1469 5334 καὶ
1501 5279 1664 5350 ὑμεῖς
1717 5280 1800 5343 εἰς
1839 5280 1932 5334 τὸν

346 5363 516 5418 κόπον
550 5366 732 5422 αὐτῶν
763 5369 1178 5442 εἰσεληλύθατε.
1216 5391 1236 5426 ι

432 5455 491 5510 '0
526 5458 772 5530 σπείρων
812 5462 964 5516 ἐστὶν
1009 5465 1039 5516 6
1091 5464 1329 5536 Χριστὸς
1371 5465 1441 5519 τὰ
1475 5465 1799 5538 σωτηριὼδη
1841 5464 1922 5519 66-

348 5565 537 5619 γματα
579 5551 669 5606 διὰ
695 5553 992 5624 προφητῶν
1014 5571 1027 5587 ⁸
1059 5555 1311 5627 θερισταὶ
1341 5557 1400 5611 δὲ
1435 5559 1483 5611 οἱ
1522 5556 1833 5611 ἀπόστολοι.
1868 5555 1932 5609 Οἱ

350 5641 631 5713 προφῆται
662 5644 794 5715 γοῦν
827 5645 960 5701 ὡσεὶ
994 5647 1320 5721 σπείραντες
1352 5648 1519 5704 πολὺν
1549 5647 1709 5720 ἔσχον
1740 5647 1929 5713 κόπον,

425 5831 448 5869 ι’
471 5824 564 5881 Cr.
590 5825 641 5878 ὃ.

2012 607 2119 663 alia
2149 607 2316 662 multa
2368 604 2532 661 liceat
2564 601 2826 660 studiosis
2882 599 3163 671 colligere,
3219 611 3349 669 quas
3390 593 3597 651 Christi

2013 701 2303 755 adventum
2330 705 2621 753 testantur.
2672 693 2781 750 Sed
2812 693 2957 750 nulla
3002 692 3233 753 istarum
3262 704 3448 746 rerum
3474 703 3597 744 mu-

2012 792 2201 847 lierem
2233 790 2469 856 induxit,
2519 788 2616 845 sed
2661 801 2816 858 aquae
2886 785 3152 841 duntaxat
3208 783 3602 855 pollicitatione

2013 893 2175 954 atque
2204 864 2556 954 praedictione
2576 894 2696 936 eam
2721 877 2911 943 allicit,
2941 885 2995 934 et
3028 892 3125 947 per
3165 876 3366 954 hasein
3393 875 3599 932 Christi

2015 953 2348 1031 mentionem
2376 972 2617 1038 adducit,
2647 978 2705 1027 et
2746 984 2806 1026 se
2832 969 2971 1041 jam,
2991 969 3083 1040 qui
3113 970 3206 1035 sit,
3262 953 3599 1023 manifestat.

2016 1068 2062 1122 A
2093 1066 2432 1133 conscientia
2466 1065 2655 1136 utique
2703 1064 2808 1120 hoc
2854 1062 3027 1119 dixit:
3088 1077 3199 1119 non
3238 1060 3388 1118 enim
3442 1058 3603 1118 Chri-

2014 1171 2157 1215 stum
2191 1166 2436 1224 noverat,
2473 1158 2618 1229 quod
2644 1164 2793 1213 esset
2828 1154 3195 1212 Samaritana.

2086 1424 2251 1480 Vens.
2272 1423 2367 1491 26,
2405 1441 2424 1477 ι
2449 1423 2591 1480 Dicit
2637 1424 2689 1480 ei
2734 1422 2935 1482 Jesus:
3003 1424 3117 1496 Ego
3139 1437 3258 1481 sum
3289 1421 3385 1495 qui
3409 1422 3604 1493 loquor

2018 1529 2219 1573 tecum.
2252 1535 2281 1583 ι,

2076 1612 2228 1679 Quod
2269 1626 2375 1666 non
2407 1608 2547 1665 dixit
2598 1606 2804 1665 Iudaeis
2832 1607 2957 1664 dolo
3015 1606 3503 1678 interrogantibus,
3551 1605 3605 1660 id

2021 1704 2230 1758 mulieri
2278 1701 2515 1772 simplici
2577 1699 2895 1756 revelavit:
2953 1706 3008 1777 et
3065 1713 3247 1767 neque
3303 1700 3372 1754 de
3419 1697 3607 1767 Moyse

2019 1796 2311 1866 quidquam
2340 1793 2416 1848 illi
2442 1790 2744 1863 proposuit,
2804 1790 2992 1847 sciens
3025 1804 3148 1845 eam
3185 1789 3435 1860 ignaram
3481 1800 3607 1842 esse

2021 1889 2449 1959 Scripturarum,
2479 1884 2583 1943 sed.
2618 1897 2686 1940 ex
2739 1882 2808 1939 iis
2862 1891 3070 1939 tantum
3100 1892 3223 1952 qua:
3258 1884 3487 1936 noverat
3530 1875 3605 1932 illi

2019 1979 2309 2052 persuasit.
2426 2038 2435 2046 _

2078 2071 2245 2129 Vens.
2275 2072 2371 2139 27.
2409 2091 2429 2125 ι
2459 2070 2527 2126 Ει
2557 2069 2816 2126 continuo
2849 2068 3120 2122 venerunt
3143 2063 3390 2134 discipuli
3442 2060 3561 2132 eius
3588 2080 3603 2116 :

2020 2174 2077 2219 et
2112 2164 2453 2221 mirabantur
2479 2162 2607 2233 quia
2632 2177 2755 2217 cum
2784 2156 3386 2226 muliereloquebatur.
3421 2173 3442 2208 ι

2083 2257 2237 2330 Quod
2285 2272 2411 2312 cum
2454 2255 2795 2326 alienigena,
2829 2266 3009 2321 eaque.
3050 2247 3381 2321 paupere-ala
3416 2247 3607 2302 Sama-

2023 2350 2196 2403 ritana
2251 2347 2590 2418 loqueretur,
2651 2345 3064 2401 admirabantur
3120 2359 3136 2397 :
3195 2355 3395 2396 norant
3456 2339 3604 2395 enim

2020 2454 2166 2506 cum,
2200 2439 2460 2509 quidquid
2508 2440 2725 2507 agebat,
2773 2437 2983 2492 occulta
3010 2433 3246 2506 quadam
3291 2432 3605 2505 cognitione

2023 2541 2186 2597 atque
2217 2532 2419 2602 pietate
2445 2533 2725 2601 peragere.

2073 2624 2237 2679 Vens.
2274 2622 2366 2678 29.
2409 2640 2429 2674 ι
2466 2622 2680 2690 Venite,
2710 2630 2765 2676 et
2801 2622 2985 2678 videte
3022 2619 3295 2676 hominem
3325 2615 3423 2687 qui
3468 2613 3611 2670 dixit

2025 2716 2159 2773 mihi
2228 2716 2412 2778 omnia
2479 2727 2823 2786 qumcunquo
2865 2715 2989 2771 feci.
3042 2710 3299 2783 Nunquid
3353 2709 3470 2778 ipse
3526 2716 3612 2762 est

2023 2807 2309 2863 Christus?
2345 2826 2368 2861 ι

2100 2897 2269 2952 Plane
2304 2896 2668 2953 absurdorum
2721 2905 2827 2964 est,
2862 2911 2927 2953 ea
2986 2911 3108 2967 quae
3165 2911 3196 2952 e
3227 2912 3286 2952 re
3330 2897 3612 2954 communi

2026 2998 2155 3045 sunt
2190 2988 2415 3044 minime
2462 2989 2735 3059 evulgare.
2801 2987 2929 3043 Haec
2982 2997 3168 3043 autem
3235 3002 3409 3059 neque
3465 2987 3613 3044 clare

2028 3080 2315 3153 atiirmavit
2364 3079 2642 3136 Christum
2685 3093 2828 3146 esse,
2853 3093 3028 3149 neque
3069 3080 3287 3136 reticuit
3334 3095 3351 3134 :
3386 3078 3614 3135 uolebat

2028 3172 2174 3226 enim
2207 3170 2428 3241 propria
2456 3169 2631 3240 ipsum
2659 3168 2989 3224 auctoritate
3013 3168 3291 3234 inducere,
3317 3169 3408 3224 sed
3437 3177 3492 3222 et
3517 3181 3612 3223 eos

2030 3263 2082 3316 in
2112 3263 2358 3319 eamdem
2398 3276 2585 3317 secum
2635 3261 2967 3316 sententiam
3012 3260 3395 3316 communibus
3418 3256 3614 3314 suifra—

2027 3355 2130 3424 giis
2159 3353 2240 3408 ire
2263 3354 2536 3423 cupiebat,
2574 3367 2681 3422 quo
2705 3364 3013 3409 sermonem
3034 3366 3191 3407 suum
3222 3351 3429 3408 faceret
3452 3351 3614 3422 longe

2030 3444 2473 3515 probabiliorem.
2529 3442 2600 3499 Et
2632 3459 2742 3500 non
2768 3443 2929 3512 dixit,
2959 3442 3174 3510 Venite,
3203 3447 3414 3500 credite
3443 3460 3460 3512 ;
3493 3443 3612 3509 sed,

2039 3536 2245 3602 Venite,
2276 3536 2463 3601 videte,
2493 3536 2636 3605 quod
2662 3544 2720 3591 et
2770 3534 2984 3591 facilius
3014 3543 3157 3604 erat,
3189 3550 3395 3607 eosque
3442 3534 3615 3603 magis

2030 3626 2324 3683 alliciebat.
2385 3626 2605 3683 Sciebat
2628 3625 2872 3698 profecto
2922 3641 3040 3693 eos,
3065 3628 3110 3683 si
3160 3629 3424 3683 duntaxat
3449 3628 3617 3698 degu—

2030 3730 2294 3786 stassent,
2327 3719 2517 3775 eadem
2567 3720 2636 3775 de
2663 3734 2751 3786 eo,
2792 3734 2914 3789 qua!
2946 3729 3002 3774 et
3026 3719 3171 3788 ipsa,
3198 3732 3480 3774 sensuros.

2085 3814 2252 3869 Vens.
2289 3813 2390 3867 54.
2437 3830 2457 3876 ς
2492 3812 2642 3869 Dicit
2671 3811 2976 3869 eisJesus:
3027 3811 3178 3867 Meus
3227 3812 3382 3867 cibus
3418 3821 3524 3874 est,
3554 3816 3635 3865 ut'

2039 3903 2236 3959 faciam
2268 3902 2605 3959 voluntatem
2635 3900 2752 3974 ejus
2799 3902 2893 3974 qui
2925 3901 3081 3958 misit
3106 3917 3212 3969 mc,
3247 3911 3304 3956 ut
3333 3900 3614 3972 perﬁciam

2068 4011 2171 4067 pus
2203 3994 2345 4066 ejus.
2375 4013 2396 4048 ι
2750 4034 2755 4042 .

2096 4085 2378 4157 Tanquam
2424 4084 2575 4142 orbis
2617 4092 3000 4156 praeceptores,
3053 4082 3349 4155 discipulos
3395 4081 3613 4146 erudit,

2032 4177 2171 4233 cibis
2201 4177 2442 4232 divinam
2473 4183 2806 4247 anteponere
2848 4175 3206 4231 voluntatem.
3254 4173 3617 4242 Quemadmo-

2032 4271 2158 4321 dum
2186 4267 2366 4322 cibum
2394 4266 2670 4323 desiderat
2716 4265 2936 4337 aliquis,
2967 4265 3047 4323 sic
3081 4264 3308 4323 salutem
3332 4263 3617 4320 hominum

2032 4358 2302 4415 desidero.

2024 4507 2049 4524 ,
2105 4449 2273 4507 Vens.
2308 4449 2400 4506 56.
2441 4469 2461 4504 ι
2493 4449 2559 4506 Ει
2605 4450 2715 4522 qui.
2750 4449 2930 4518 metit,
2965 4448 3271 4506 mercedem
3308 4448 3536 4520 accipit,
3563 4457 3621 4506 et

3336 4549 3396 4595 ut
3445 4549 3500 4596 et
3527 4541 3621 4612 qui

2037 4634 2273 4687 seminat
2309 4632 2470 4690 simul
2501 4634 2765 4704 gaudeat,
2789 4642 2845 4690 et
2875 4633 2964 4705 qui
2994 4633 3169 4711 metit.
3200 4650 3224 4686 ›

2109 4722 2385 4796 spiritalis
2423 4729 2641 4796 messis,
2670 4741 2791 4798 quae
2822 4737 2950 4781 sunt
2980 4741 3142 4796 opera
3178 4725 3284 4796 pia,
3317 4725 3622 4796 depositum

2035 4817 2253 4886 quidem
2307 4831 2373 4872 ac
2420 4817 2738 4874 thesaurum
2775 4818 2832 4873 in
2874 4817 3030 4883 cmlis
3080 4817 3306 4885 habent,
3356 4817 3410 4872 in
3440 4817 3623 4874 futuro

2037 4918 2218 4964 autem
2246 4908 2473 4975 saeculo,
2494 4923 2563 4965 eo
2598 4907 2955 4980 perfruuntur
2977 4909 3314 4985 sempiterno
3338 4927 3353 4965 :
3381 4922 3619 4981 praesens

2038 5000 2182 5056 enim
2211 5008 2425 5070 tempus
2454 5013 2565 5054 non
2594 5008 2679 5055 est
2717 4996 3126 5053 retributionis.

2102 5180 2271 5237 Vens.
2299 5180 2391 5238 38.
2436 5194 2458 5230 ι
2489 5177 2604 5246 Ego
2638 5175 2761 5231 misi
2813 5188 2912 5230 vos
2943 5183 3149 5240 metere
3187 5172 3331 5243 quod
3384 5186 3480 5229 vos
3509 5186 3619 5228 non

2034 5273 2366 5331 laborastis:
2418 5272 2509 5327 alii
2565 5270 2976 5340 laboraverunt,
3032 5280 3096 5328 et
3137 5284 3236 5327 vos
3289 5270 3345 5325 in
3404 5268 3623 5326 labores

2032 5382 2227 5423 eorum
2262 5365 2553 5421 iutroiStis.
2585 5382 2606 5418 ι

2116 5459 2279 5514 Sator
2309 5458 2562 5515 Christus
2602 5464 2711 5525 est,
2747 5457 2837 5528 qui
2873 5472 2970 5526 per
3022 5457 3314 5531 prophetas
3361 5454 3623 5512 salutaria

2042 5552 2294 5621 dogmata
2327 5550 2644 5617 seminavit,
2694 5564 2965 5607 messores
3004 5563 3134 5605 vero
3181 5547 3434 5620 apostoli.
3486 5546 3625 5604 Pro-

2043 5644 2223 5717 pheta:
2270 5643 2453 5715 itaque
2502 5650 2763 5714 tanquam
2801 5642 3163 5700 seminatores
3206 5639 3497 5711 plurimum
3544 5637 3626 5695 ιι-
