4072 6476
425 355 568 428 141⁸1
1542 350 1879 416 AMMONII
1914 347 2033 408 AL]

2072 346 2216 407 XAN
2225 344 2446 407 DRINI
3535 329 3680 401 1428

423 475 708 536 horarum,
738 479 797 526 ut
821 470 913 540 qui
942 467 1172 540 primum
1201 467 1416 537 pietatis
1449 467 1656 524 semina
1687 466 1994 522 mortalium
2025 512 2031 525 ι

2097 463 2174 528 ὡς
2202 461 2414 534 πρῶτοι
2441 459 2511 514 τὰ
2539 459 2640 527 τῆς
2677 451 2962 518 εὐσεϐείας
2992 449 3291 522 σπέρματα
3319 448 3380 504 ἐν
3414 451 3534 512 ταῖς
3561 449 3680 504 τῶν

426 567 625 622 animis
659 563 975 619 inseverint.
1030 561 1316 631 Discipulis
1360 543 1505 615 enim
1555 576 1664 615 non
1717 568 1997 628 tantopere

2098 553 2403 624 ἀνθρώπων
2431 552 2628 623 ψυχαῖς
2659 545 3113 616 καταϐαλόμενοι.
3153 543 3217 597 Ol
3265 540 3380 613 γὰρ
3432 541 3680 613 μαθηταὶ

427 667 547 715 erat
595 655 968 719 laborandum,
1022 670 1142 710 cum
1195 669 1292 724 per
1336 652 1648 722 Scripturas
1689 651 1998 707 hominibus

2097 645 2158 698 οὐ
2187 643 2442 697 τοσοῦτον
2491 641 2651 711 ἔσχον
2691 638 2966 709 κάματον,
2996 633 3107 690 ἀπὸ
3133 631 3245 687 τῶν
3272 631 3509 704 Γραφῶν
3552 632 3679 685 πεί-

428 751 838 818 persuaderent.

2098 737 2282 800 θοντες
2306 735 2433 798 τοὺς
2458 729 2780 804 ἀνθρώπους
2813 727 3005 802 ταύτῃ.

497 839 579 894 Μο
607 839 1007 909 quodammodo
1051 855 1233 895 semen
1269 839 1588 903 exsistente,
1633 850 1729 905 per
1759 835 2000 905 prophe-

2180 828 2268 892 Ὠς
2318 825 2454 898 ἐμοῦ
2482 826 2634 888 ὄντος
2679 822 2774 876 τοῦ
2824 821 3028 892 σπόρου
3053 858 3070 884 ,
3120 817 3216 872 καὶ
3253 815 3343 871 διὰ
3385 813 3684 909 προφητῶν

429 939 513 983 tas
545 902 748 984 dic-tum
780 937 865 984 est
893 945 908 982 :
959 927 1111 984 Mitto
1144 943 1238 982 vos
1267 935 1492 982 metere.
1539 902 1792 996 Discipuli
1849 902 2001 979 nam-

2099 916 2367 988 ἐλαλήθη,
2405 913 2618 985 Πέμπω
2647 913 2792 983 ὑμᾶς
2835 909 3070 981 θερίσαι.
3103 909 3168 961 Οἱ
3216 906 3327 977 γὰρ
3354 915 3384 956 τι
3422 902 3686 996 μαθηταὶ

427 1034 533 1088 que
560 1019 788 1088 gentiles
817 1035 846 1073 a
884 1029 1118 1084 terreno,
1165 1026 1220 1072 et
1264 1017 1480 1072 Judzeos
1525 1034 1553 1070 a
1607 994 1813 1072 carnali
1867 1015 2003 1087 legis

2099 1009 2193 1062 καὶ
2221 1009 2347 1070 τοὺς
2376 1005 2646 1076 Ἕλληνας
2678 1003 2787 1057 τῶν
2818 1002 3044 1071 γηΐνων,
3093 998 3188 1052 καὶ
3217 998 3346 1060 τοὺς
3390 994 3685 1057 Ἰουδαίους

429 1105 575 1162 cultu
603 1107 935 1174 rescindunt,
963 1116 1018 1161 et
1047 1109 1098 1161 in
1140 1121 1322 1162 aream
1353 1105 1670 1170 recondunt,
1700 1104 1749 1159 id
1780 1114 1865 1161 est
1894 1083 2001 1161 Ec-

2099 1098 2208 1151 τῶν
2233 1095 2512 1168 σαρκικῶν
2537 1095 2631 1148 τοῦ
2648 1094 2812 1165 νόμου
2835 1089 3103 1162 λατρειῶν
3131 1087 3552 1158 ἀποτέμνουσιν,
3587 1083 3687 1138 καὶ

434 1198 676 1263 clesiam,
710 1199 800 1253 ubi
828 1199 978 1269 spica
1021 1197 1250 1253 contrita
1283 1197 1342 1253 lit
1383 1198 1539 1268 panis
1565 1197 1658 1269 qui
1708 1196 1894 1254 ﬁdeles
1924 1197 2003 1252 vi-

2101 1192 2181 1254 εἰς
2207 1191 2305 1260 τὴν
2339 1189 2454 1242 ἅλω
2491 1187 2877 1251 ἀποτίθενται,
2908 1185 2936 1238 ὅ
2965 1185 3116 1237 ἐστιν
3167 1181 3268 1252 τὴν
3331 1177 3683 1249 Ἐκκλησίαν,

434 1288 635 1344 \‘illcet.
710 1326 716 1330 -
2105 1283 2237 1340 ’5που
2262 1284 2290 1335 ὁ
2321 1281 2524 1352 στάχυς
2555 1279 2875 1353 τριϐόμενος
2899 1277 3112 1348 γίνεται
3153 1275 3298 1339 σῖτος
3333 1273 3363 1326 ὁ
3396 1270 3682 1338 ζωοποιῶν

2102 1376 2230 1438 τοὺς
2258 1375 2505 1436 πιστοῦς.

505 1465 669 1521 Vens.
696 1467 787 1522 ιο.
843 1483 864 1520 ι
891 1467 1030 1523 Cum
1061 1468 1333 1524 venissent
1369 1481 1501 1539 ergo
1533 1467 1597 1522 ad
1632 1467 1778 1522 illum
1812 1466 2006 1522 Sama-

2178 1485 2201 1520 ι
2246 1467 2336 1530 Ὠς
2362 1461 2455 1520 οὖν
2481 1460 2645 1536 ἦλθον
2676 1462 2816 1534 πρὸς
2850 1461 3012 1515 αὐτὸν
3047 1461 3098 1514 οἱ
3133 1457 3500 1529 Σαμαρεῖται,
3538 1455 3687 1526 ἠρώ-

435 1559 618 1623 ritani,
661 1569 985 1631 rogaverunt
1018 1575 1142 1616 eum
1173 1572 1232 1616 ut
1275 1560 1347 1615 ibi
1397 1569 1662 1627 maneret,
1714 1569 1768 1615 et
1809 1558 2007 1614 mansit

2106 1577 2212 1614 των
2243 1559 2407 1615 αὐτὸν
2439 1560 2621 1631 μεῖναι
2654 1556 2786 1628 παρ’
2823 1556 3032 1621 αὐτοῖς,
3065 1551 3162 1606 καὶ
3195 1552 3412 1622 ἔμεινεν
3449 1548 3567 1602 ἐκεῖ
3593 1545 3690 1600 δύο

435 1649 510 1704 ibi
549 1649 685 1706 duos
718 1651 852 1706 dies.
882 1668 902 1703 ι

791 1665 852 1706 :I.
882 1668 902 1703 ι
2108 1651 2342 1724 ἡμέρας.
2380 1669 2399 1702 ι

505 1739 837 1795 Samaritani
871 1750 1062 1810 rogant
1086 1740 1363 1796 Christum
1391 1741 1612 1810 utapud
1642 1753 1736 1795 eos
1767 1749 2003 1805 maneat,

2182 1748 2517 1818 Σαμαρεῖται
2548 1744 2763 1798 αἰτοῦσι
2789 1742 2880 1796 τδν
2910 1739 3148 1812 Χριστὸν
3181 1739 3363 1810 μεῖναι
3410 1734 3549 1806 πρὸς
3586 1732 3690 1786 αὖ·

436 1844 560 1884 cum
595 1841 780 1885 essent
821 1831 1177 1900 alienigenae:
1229 1831 1441 1900 cognati
1477 1845 1603 1886 vero
1652 1828 1768 1898 ejus
1815 1827 2044 1886 secun-i

2111 1841 2257 1901 τοὺς,
2300 1837 2499 1901 οἵτινές
2524 1846 2547 1876 ι’
2603 1836 2742 1889 είσιν
2787 1833 3131 1900 ἀλλογενεῖς,
3173 1828 3268 1882 καὶ
3309 1829 3360 1881 οἱ
3409 1823 3691 1894 συγγενεῖς

438 1925 564 1979 dum
597 1938 839 1988 carnem,
869 1923 1062 1988 Judaei,
1097 1924 1270 1992 ipsum
1319 1923 1779 1993 persequebantur
1802 1963 1818 1989 ,
1869 1939 2004 1994 quo-

2113 1929 2279 1985 αὐτοῦ
2310 1930 2369 1983 τδ
2409 1927 2552 1996 κατά
2586 1927 2788 1998 σάρκα,
2830 1923 3097 1986 Ἰουδαῖοι,
3129 1920 3355 1974 ἐδίωκον
3391 1915 3575 1979 αὑτὸν,
3606 1913 3691 1967 ὅτι

441 2015 585 2068 niam
616 2016 818 2069 inimici
845 2015 1074 2070 hominis
1097 2016 1372 2070 domestici
1413 2016 1528 2087 ejus
1551 2017 1618 2070 ".

2112 2021 2311 2092 ἐχθροί
2339 2021 2444 2075 τοῦ
2480 2020 2794 2088 ἀνθρώπου
2823 2019 2877 2070 οἱ
2919 2012 3170 2069 οἰκιακοὶ
3201 2009 3408 2066 αὑτοῦ.

517 2106 678 2164 Vsus.
712 2108 804 2162 45.
870 2124 890 2158 ι
915 2105 1044 2162 Post
1077 2107 1211 2162 duos
1243 2117 1423 2163 autem
1453 2108 1568 2163 dies
1596 2107 1731 2163 exiit
1779 2107 1926 2172 inde,
1959 2115 2017 2162 et

2191 2133 2210 2166 ι
2250 2113 2406 2168 Μετά
2446 2112 2504 2165 δέ
2544 2113 2643 2175 τὰς
2673 2110 2768 2164 δύο
2808 2109 3025 2180 ἡμέρας
3058 2102 3284 2176 ἐξῆλθεν
3331 2099 3567 2164 ἐκεῖθεν,
3595 2096 3692 2152 καὶ⁵

443 2200 579 2256 abiit
609 2199 664 2254 in
687 2198 986 2255 Galilaeam.
1020 2217 1040 2253 ι

2115 2204 2361 2276 ἀπῆλθεν
2383 2207 2464 2269 είς
2489 2202 2586 2274 τήν
2624 2200 2938 2256 Γαλιλαίαν.
2973 2215 2991 2249 ι

511 2291 627 2346 Non
666 2301 919 2362 tanquam
975 2291 1199 2348 honoris
1248 2293 1441 2348 avidus
1498 2293 1774 2359 discessit,
1826 2293 1919 2349 sed
1959 2301 2020 2348 ut

2188 2299 2299 2368 Οὐχ
2333 2297 2407 2361 ὡς
2437 2297 2604 2366 τιμῆς
2634 2290 3084 2362 ἀντιποιούμενος
3113 2285 3360 2357 ἐξῆλθεν,
3409 2280 3546 2337 ἀλλά
3582 2279 3693 2333 τῶν

441 2380 653 2435 civibus
682 2390 950 2448 parceret.
988 2381 1216 2448 Quando
1239 2383 1383 2436 enim
1418 2382 1672 2438 videbant
1713 2396 1856 2448 eum,
1894 2397 2017 2437 suc—

2117 2387 2354 2443 πολιτῶν
2386 2388 2725 2457 φειδόμενος.
2777 2385 2906 2437 Ὀτε
2953 2383 3063 2454 γὰρ
3111 2378 3298 2450 ἐώρων
3341 2375 3526 2440 αὐτὸν,
3569 2372 3693 2425 ἐθυ-

441 2473 738 2527 censebant
767 2472 867 2538 illi,
892 2473 1058 2542 quod,
1091 2488 1213 2528 cum
1243 2473 1426 2529 divino
1452 2484 1600 2530 esset
1641 2476 1845 2529 honore
1875 2489 2014 2542 pras-

2121 2482 2341 2552 μοῦντο,
2366 2481 2447 2533 ὅτι
2471 2490 2494 2518 ³
2531 2480 2588 2531 ἐν
2618 2479 2751 2549 τιμῇ
2773 2476 2849 2530 ὢν
2880 2477 2946 2547 τῇ
2978 2473 3123 2544 θείᾳ,
3148 2468 3461 2542 ἐσαρκὼθη,
3485 2466 3581 2520 καὶ
3601 2465 3694 2517 τὸν

443 2563 608 2628 ditus,
635 2563 1032 2628 incarnaretur,
1050 2573 1105 2618 et
1128 2565 1695 2636 ignominiosissimam
1727 2579 1822 2632 pro
1845 2566 2018 2619 salute

2119 2571 2447 2643 ἀτιμότατον
2496 2569 2707 2641 ὑπέστη
2758 2568 3010 2633 θάνατον,
3059 2564 3150 2619 διά
3184 2563 3282 2634 τὴν
3322 2558 3482 2632 ήμῶν
3518 2575 3696 2628 σωτη-

445 2663 631 2709 nostra
669 2665 900 2710 mortem
928 2663 1235 2724 Oppeteret.
2122 2666 2267 2737 ρίαν,

517 2745 680 2800 Vsus.
716 2745 806 2799 44.
869 2764 887 2796 ι
921 2745 1037 2814 Ipse
1069 2746 1213 2800 enim
1240 2743 1400 2800 Jesus
1442 2745 1804 2800 testimonium
1836 2745 2021 2816 perhi-

2198 2776 2217 2810 ι
2255 2757 2431 2818 Αὐτὸς
2467 2753 2576 2824 γὰρ
2609 2753 2640 2805 ὁ
2695 2749 2904 2822 Ἰησοῦς
2933 2749 3338 2822 ἐμαρτύρησεν,
3372 2748 3454 2801 ὅτι
3485 2741 3698 2816 προφή-

445 2836 582 2900 buit,
629 2837 753 2905 quia
811 2837 1074 2906 propheta
1134 2837 1186 2892 in
1243 2851 1342 2891 sua
1389 2837 1560 2907 patria
1605 2838 1864 2893 honorem
1913 2852 2019 2893 non

1733 2852 1864 2892 πεῐῦ
1913 2852 2019 2893 11οη
2122 2867 2219 2920 της
2243 2849 2300 2902 ἐν
2323 2851 2391 2920 τῇ
2427 2847 2534 2918 ἰδίᾳ
2570 2844 2790 2917 πατρίδι
2823 2841 2990 2915 τιμὴν
3019 2841 3122 2896 οὐκ
3151 2839 3284 2910 ἔχει.
3323 2857 3341 2891 ι

446 2927 628 2988 habet.
661 2946 681 2981 ι
1783 2920 1793 2930 ’

515 3019 614 3076 Hic
653 3033 825 3078 scmct
861 3023 975 3094 ipse
1009 3023 1329 3094 prophetam
1363 3022 1618 3094 appellat,
1661 3024 1751 3094 qui
1784 3040 1811 3078 a
1844 3023 2024 3094 Moyse

2197 3025 2324 3080 Ὧδε
2351 3025 2542 3079 ἑαυτὸν
2573 3025 2729 3078 καλεῖ
2767 3025 2782 3060 ι
2816 3022 2906 3076 τὸν
2937 3020 3252 3094 προφήτην,
3276 3018 3369 3072 τὸν
3399 3017 3500 3071 ὑπὸ
3526 3015 3690 3070 Maii).

448 3111 625 3168 fuerat
652 3116 995 3185 praedicatus,
1037 3127 1092 3170 et
1123 3130 1220 3184 per
1262 3116 1719 3184 dispensationem
1753 3115 2056 3192 prophetze

2073 3161 2094 3181 π
2131 3124 2266 3186 σέως
2296 3117 2870 3192 προανακηρυχθέντα,
2900 3114 2961 3179 ὃς
2988 3115 3082 3168 καὶ
3112 3111 3401 3186 προφήτης
3426 3111 3681 3176 οἰκονομι-

449 3219 647 3262 nomen
694 3216 997 3275 acccperat,
1049 3221 1171 3261 cum
1209 3206 1438 3276 ipsemet
1465 3216 1610 3262 esset
1644 3207 1879 3276 Spiritus
1913 3207 2023 3260 lar—
2053 3199 2057 3208 “

2089 3201 2096 3219 ’
2129 3215 2241 3277 κῶς
2270 3212 2496 3284 ἐκλήθη,
2528 3210 2689 3274 αὐτὸς
2711 3208 2785 3262 ὢν
2814 3210 2842 3262 ὁ
2864 3207 2960 3261 τοῦ
2997 3204 3315 3276 Πνεύματος
3344 3200 3594 3275 χορηγὸς,
3619 3199 3697 3262 ὡς

449 3297 612 3366 gitor,
655 3307 712 3350 ut
741 3299 902 3359 Deus,
933 3311 1030 3367 per
1059 3312 1216 3365 quem
1244 3297 1519 3365 prophetae
1541 3299 2025 3367 prophetaverunt.

1601 3299 2025 3367 θβιιειθνειίηηο
2129 3308 2284 3371 Θεὸς,
2313 3305 2381 3358 δι’
2415 3297 2475 3358 οὗ
2505 3302 2779 3372 προφῆται
2811 3298 3209 3372 ἐπροφήτευον.

521 3385 688 3442 Vens.
718 3386 809 3442 48.
851 3387 1028 3441 «Dixit
1057 3403 1185 3456 ergo
1215 3386 1374 3442 Jesus
1401 3389 1466 3442 ad
1501 3403 1622 3443 eum
1672 3406 1686 3442 :
1722 3387 1835 3443 Nisi
1874 3390 2029 3459 signa

2208 3417 2226 3450 ι
2259 3394 2424 3451 Εἶπεν
2454 3396 2548 3450 οὖν
2574 3397 2603 3449 δ
2638 3392 2846 3464 Ἰησοῦς
2873 3391 3008 3462 πρὸς
3035 3387 3216 3442 αὐτόν·
3259 3386 3386 3442 Ἐὰν
3407 3385 3482 3456 μὴ
3506 3383 3710 3454 σημεῖα

451 3487 510 3535 et
535 3480 780 3548 prodigia
810 3479 1081 3544 videritis,
1112 3495 1217 3535 non
1245 3481 1486 3536 creditis.
1521 3500 1541 3534 ι

2133 3490 2227 3544 καὶ
2254 3490 2457 3560 τέρατα
2491 3488 2659 3557 ῐδητε,
2689 3487 2748 3538 οὐ
2789 3484 2864 3555 μή
2897 3480 3251 3550 πιστεύσητε.

521 3569 836 3638 Prodigium
867 3581 949 3624 est
992 3571 1131 3640 quod
1162 3585 1326 3640 supra
1358 3579 1604 3624 naturam
1649 3570 1730 3637 ﬁt,
1759 3570 1919 3641 quale
1947 3582 2035 3627 est

2206 3581 2387 3651 Τέρας
2418 3578 2538 3631 ἐστὶ
2565 3577 2628 3630 τὸ
2657 3575 2808 3647 παρᾶ
2840 3574 3025 3644 φύσιν,
3056 3565 3168 3625 οἷον
3194 3571 3256 3624 τὸ
3279 3567 3484 3632 ἀνοῖξαι
3513 3564 3713 3634 ὀφθαλ-

458 3675 727 3720 cmcorum
781 3661 967 3716 oculos
1021 3663 1257 3730 aperire,
1315 3677 1380 3716 ac
1439 3671 1681 3717 mortuos
1743 3664 2032 3718 suscitare.

2137 3673 2272 3742 μοῦς
2294 3669 2530 3739 τυφλῶν,
2553 3669 2650 3722 καὶ
2678 3668 2887 3737 ἐγεῖραι
2917 3663 3132 3734 νεκρόν.
3161 3662 3392 3731 Σημεϊον
3420 3659 3499 3722 δὲ,
3521 3655 3583 3709 τὸ
3610 3655 3715 3707 οὐκ

460 3751 686 3822 Signum
719 3767 848 3807 vero
873 3762 977 3819 est,
1009 3754 1151 3822 quod
1183 3768 1287 3808 non
1324 3754 1545 3810 omnino
1575 3761 1782 3810 natura:
1835 3756 2035 3810 limites

1978 3771 2035 3810 05
2136 3763 2240 3826 ἔξω
2264 3761 2366 3832 τῆς
2398 3760 2636 3830 φύσεως,
2670 3754 2781 3812 οἷόν
2813 3759 2962 3810 ἐστιν
2999 3753 3256 3808 ίᾶσασθαι
3284 3751 3586 3823 ἄρρωστον.

459 3843 693 3907 excedit,
727 3852 786 3897 ut
817 3843 1094 3898 inﬁrmum
1123 3859 1338 3900 curare.

531 3932 702 3999 Vens.
732 3934 824 3990 55.
877 3953 896 3987 ι
928 3935 1192 4006 Cognovit
1239 3950 1369 4007 ergo
1415 3947 1588 4006 pater,
1623 3939 1750 4008 quia
1786 3938 1871 3993 illa
1901 3939 2034 3994 hora

2215 3957 2234 3991 ι
2275 3938 2458 4006 Ἔγνω
2488 3931 2580 3989 οὖν
2607 3936 2636 3988 ὁ
2669 3931 2872 4002 πατὴρ,
2901 3931 2982 3984 ὅτι
3013 3930 3070 3982 ἐν
3100 3925 3286 3996 ἐκείνῃ
3312 3924 3378 3994 τῇ
3408 3920 3549 3991 ὥρᾳ,
3589 3917 3648 3970 ἐν

459 4037 599 4090 erat,
635 4027 687 4081 in
715 4041 818 4096 qua
849 4026 1059 4081 dixitei
1089 4025 1286 4083 Jesus:
1343 4027 1513 4083 Filius
1570 4038 1695 4086 tuus
1747 4029 1881 4085 vivit
1932 4049 1946 4087 :
1985 4041 2040 4087 et

2139 4027 2298 4086 εἶπεν
2328 4029 2478 4100 αὑτῷ
2509 4030 2540 4083 ὁ
2579 4026 2821 4097 Ἰησοῦς,
2845 4026 2928 4078 ὅτι
2957 4023 3015 4076 Ὀ
3041 4019 3169 4084 Υἱός
3205 4033 3300 4071 σου
3341 4015 3431 4086 ζῇ·
3471 4012 3564 4066 καὶ
3592 4008 3718 4062 ἐπί-

463 4119 695 4175 credidit
724 4118 858 4190 ipse,
891 4128 944 4173 et
974 4122 1167 4177 domus
1205 4122 1324 4191 ejus
1356 4131 1488 4179 tota.
1521 4141 1540 4174 ι

2145 4141 2369 4180 στευσεν
2400 4121 2582 4186 αὐτὸς,
2611 4120 2705 4174 καὶ
2733 4120 2766 4190 ή
2797 4119 2947 4172 οἰκία
2976 4111 3142 4170 αὐτοῦ
3173 4111 3291 4181 ὅλη.

536 4211 779 4265 Primum
857 4212 1070 4280 quidem
1118 4212 1396 4278 credebat,
1461 4213 1554 4269 sed
1625 4224 1812 4283 postea
1862 4217 2039 4285 reipsa

2211 4215 2436 4287 Πρῶτον
2486 4213 2584 4285 μὲν
2635 4211 2979 4272 ἐπίστευσεν,
3035 4203 3259 4274 ὕστερον
3309 4199 3368 4252 δὲ
3421 4197 3515 4250 καὶ
3570 4193 3722 4287 ἔργῳ

464 4301 666 4361 factum
709 4304 997 4373 comperit,
1043 4305 1188 4372 quod
1242 4302 1483 4358 futurum
1532 4305 1856 4360 crediderat.
1913 4305 2042 4360 Plu-

2141 4285 2375 4381 ἤκουσεν
2409 4317 2460 4371 ιι,
2491 4306 2574 4359 ὅτι
2599 4303 2821 4373 γέγονεν
2851 4299 2879 4352 δ
2914 4297 3233 4352 ἐπίστευσεν
3265 4289 3504 4344 ἔσεσθαι.
3539 4285 3725 4381 Πολλά

464 4394 604 4450 rima
634 4409 869 4466 namque
900 4394 1034 4450 ﬁdes
1063 4394 1224 4460 valet,
1279 4409 1404 4449 cum
1453 4394 1763 4452 eﬂectorem
1817 4411 1882 4452 ac
1908 4411 2041 4452 con-

2143 4378 2252 4472 γάρ
2281 4399 2454 4471 ίσχύει
2477 4397 2683 4463 πίστις,
2715 4393 2937 4466 ἐνεργὸν
2957 4391 3054 4445 καὶ
3085 4383 3376 4455 τελειωτὴν
3408 4383 3606 4453 ἔχουσα
3627 4378 3723 4431 τὸν

468 4497 857 4548 summatorem
890 4487 972 4543 sui
1001 4485 1199 4542 habeat
1224 4483 1414 4538 Deum.
2073 4505 2118 4561 ι)
2144 4493 2297 4548 Θεόν.

1121 4592 1278 4650 CAP.
1316 4593 1383 4648 ν.

2759 4593 3011 4650 ΚΕΦΔΛ.
3053 4591 3127 4645 E'.

538 4709 705 4765 Vsus.
734 4710 792 4764 2.
834 4708 930 4764 Est
975 4715 1152 4761 autem
1198 4703 1595 4778 Hierosolymis
1622 4705 1910 4766 Probatica
1961 4714 2044 4783 pi-

2228 4734 2246 4767 ι
2283 4715 2440 4767 Ἔστι
2467 4712 2522 4765 δέ
2544 4712 2602 4765 ἐν
2629 4712 2742 4774 τοῖς
2781 4704 3181 4777 Ἱεροσολύμοις
3207 4701 3302 4754 ἐπὶ
3327 4701 3392 4770 τῇ
3415 4695 3722 4768 προϐατικῇ

470 4800 642 4866 scina,
670 4814 790 4870 quae
812 4797 1224 4868 cognominatur
1248 4793 1512 4855 Hebraice
1542 4797 1851 4868 Bethsaida,
1881 4804 2036 4874 quin-

2151 4803 2544 4874 κολυμϐήθρᾳ,
2600 4802 2634 4871 ή
2679 4797 3045 4869 ἐπιλεγομένη
3109 4789 3388 4864 Ἐϐραῖστὶ
3437 4783 3678 4858 Βηθεσδά
3706 4825 3721 4847 ,

469 4903 574 4957 que
605 4889 842 4958 porticus
868 4888 1091 4942 habens.
1122 4903 1144 4940 ι

2152 4894 2314 4952 πέντε
2349 4891 2507 4956 στοὰς
2537 4889 2754 4962 ἔχουσα.
2792 4905 2810 4942 ι

535 4978 826 5035 Probatica
851 4977 993 5032 dicta
1018 4985 1123 5044 est,
1152 4992 1218 5034 eo
1244 4979 1386 5053 quod
1416 4979 1485 5036 ibi
1513 4996 1713 5055 pecora
1754 4983 1808 5043 in
1853 4985 2046 5043 festum

2218 4983 2538 5058 Προϐατική
2583 4981 2833 5036 ἐκαλεῖτο
2854 5019 2869 5046 ,
2906 4979 2991 5031 ὃτι
3043 4975 3161 5028 ἐκεῖ
3193 4971 3457 5058 συνήγετο
3490 4963 3560 5024 τὰ
3590 4963 3715 5058 πρός

475 5072 618 5127 diem
651 5069 949 5126 occidenda
981 5052 1462 5144 congregarentur,
1506 5052 1804 5146 eorumque
1851 5078 2048 5135 ibidem

2148 5052 2288 5132 ϐατά
2315 5077 2383 5131 τὰ
2417 5052 2684 5148 μέλλοντα
2715 5068 3021 5140 σφάζεσθαι
3048 5067 3130 5130 είς
3149 5064 3250 5135 τὴν
3288 5057 3504 5132 ἐορτὴν,
3537 5057 3632 5109 καὶ
3654 5052 3728 5112 τὰ

475 5165 690 5219 Viscera
719 5162 1050 5220 eluerentur.

2147 5168 2358 5238 ἔγκατα
2389 5165 2574 5221 αὐτῶν
2596 5162 2891 5217 ἐπλύνοντο
2921 5160 3056 5214 ἐκεῖ.

543 5253 707 5308 Vens.
757 5253 814 5309 4.
875 5273 896 5308 ι
925 5254 1160 5326 Angelus
1207 5267 1386 5314 autem
1437 5257 1650 5316 Domini
1691 5260 2053 5317 descendebat

2192 5236 2244 5315 ir
2303 5257 2570 5328 Ἀγγελος
2619 5254 2728 5328 γάρ
2773 5251 2915 5307 κατὰ
2961 5249 3153 5321 καιρὸν
3197 5243 3517 5301 κατέϐαινεν
3551 5236 3614 5291 ἐν
3656 5237 3727 5306 τῇ

483 5343 776 5400 secundum
800 5353 1011 5416 tempus
1034 5348 1087 5403 in
1110 5349 1396 5419 piscinam,
1419 5361 1473 5407 et
1497 5351 1813 5414 movebatur
1838 5365 2000 5426 aqua.
2027 5371 2046 5406 ι

1694 5359 1813 5407 atur
1838 5365 2000 5426 aqua.
2027 5371 2046 5406 ι
2149 5349 2529 5422 κολυμϐήθρᾳ,
2566 5348 2661 5404 καί⁵
2688 5346 2960 5419 ἐτάρασσε
2984 5342 3045 5398 τὸ
3072 5340 3238 5412 ὕδωρ.
3281 5355 3302 5390 ι

549 5521 597 5556 ³⁸
629 5521 819 5581 Matth.
851 5539 908 5592 ι,
943 5525 1034 5581 56.

553 5690 592 5752 ιι-
607 5680 704 5752 Cr.
735 5681 852 5752 sine
879 5681 1009 5752 γάρ.
1032 5749 1052 5752 Α
1090 5689 1112 5717 ι·
1135 5679 1230 5752 (ἓνΣ
1266 5679 1348 5731 ὅτι
1375 5676 1542 5741 τινές.
1620 5687 1642 5715 ι
1679 5680 1771 5738 Cr.
1801 5683 1881 5748 ὃς,
1961 5693 1978 5722 ι
2009 5678 2110 5741 ὅδε
2137 5701 2161 5739 κ

2137 5684 2292 5740 καλεῖ
2325 5682 2442 5740 des.
2483 5685 2548 5752 _in
2591 5683 2711 5740 cod.
2746 5680 2807 5736 Β.
2911 5691 2939 5720 ιι
2964 5679 3055 5736 Cr.
3081 5674 3193 5748 Πρὺ
3223 5671 3352 5744 μιᾶς
3383 5665 3729 5737 ἕπίστευσενι

488 5749 547 5810 δν
573 5749 630 5805 δέ
659 5753 722 5823 τῇ
753 5745 1006 5822 ἑξῆξκὰὶ
1029 5749 1176 5820 ἔργῳ
1205 5748 1457 5825 ήκορσεν.
1841 5745 1852 5748 ⁷
2483 5745 2493 5755 '
