4072 6438
413 263 538 326 1431

481 381 706 438 Joannis
729 378 1099 436 testimonium
1132 377 1277 432 omni
1309 376 1616 446 suSpicione
1645 387 1797 432 vacat
1828 394 1840 430 :
1879 392 1984 431 non
2018 378 2058 432 Α

411 471 552 528 enim
591 471 704 540 ipse
733 484 794 526 se
821 471 886 524 ad
921 469 1046 524 illud
1077 467 1469 537 perhibendum
1506 467 1752 536 ingessit.

482 561 647 617 Vens.
676 561 765 615 35.
825 578 846 614 ι
877 559 966 614 Ille
999 566 1118 614 erat
1149 558 1369 613 lucerna
1401 557 1616 622 ardens,
1671 568 1728 613 et
1757 558 1941 614 lucens
1969 574 1984 612 :

408 671 507 709 vos
548 663 728 709 autem
783 651 1030 707 voluistis
1084 650 1152 706 ad
1203 649 1389 705 horam
1443 649 1720 704 exsultare
1767 650 1820 703 in
1867 649 1988 702 luce

411 746 548 814 ejus.
585 764 605 798 ι

475 837 720 891 Lucerna
749 845 834 892 est
857 836 1095 891 Joannes
1121 834 1174 890 in
1200 835 1390 890 ordine
1413 835 1476 888 ad
1499 833 1738 903 politiam
1761 833 1985 900 Christi,

409 929 500 995 qui
550 928 629 980 sol
677 936 778 983 est.
816 927 1052 981 Lucebat
1094 927 1311 998 quidem
1340 925 1599 992 Joannes,
1631 927 1725 982 sed
1759 942 1869 996 prae
1902 927 1982 979 ni-

411 1019 520 1072 mio
553 1019 747 1072 solaris
781 1018 994 1087 jubaris
1028 1017 1233 1086 fulgore
1281 1014 1384 1070 fuit
1416 1016 1753 1072 obfuscatus.
1803 1016 1895 1070 Sic
1932 1016 1985 1070 in

410 1109 822 1176 regeneratione
861 1108 941 1161 sol
973 1107 1188 1176 quidem
1217 1117 1273 1162 et
1300 1107 1422 1162 luna
1456 1107 1759 1178 fulgebunt,
1798 1122 1984 1161 verum

409 1201 544 1253 adeo
591 1208 902 1254 sanctorum
936 1199 1071 1252 lucis
1101 1199 1269 1268 gloria
1307 1200 1732 1268 superabnntur.
1786 1208 1842 1252 ut
1886 1206 1986 1255 nec

408 1292 632 1344 omnino
663 1290 842 1344 lucere
871 1289 1174 1344 videantur.
1215 1287 1477 1343 Joannem
1506 1300 1684 1344 autem
1713 1289 1984 1344 lucernam

410 1380 727 1443 nominavit,
763 1388 819 1433 ut
864 1379 954 1450 qui
991 1393 1096 1434 non
1145 1393 1176 1433 a
1222 1393 1303 1443 se,
1351 1379 1445 1434 sed
1476 1394 1506 1431 a
1537 1378 1771 1447 Spiritus
1816 1379 1986 1448 gratia

409 1470 584 1524 lucem
623 1469 842 1534 habeat,
870 1470 1122 1542 quodque
1172 1475 1368 1523 exorto
1413 1467 1546 1533 sole,
1583 1467 1884 1538 superﬂuus
1918 1468 1987 1522 sit

408 1561 644 1616 lucerna:
674 1575 824 1616 usus.

479 1745 644 1800 Vens.
675 1746 768 1800 36.
822 1763 842 1796 ι
869 1741 1043 1813 Opera
1076 1743 1222 1799 enim
1251 1756 1373 1813 quae
1406 1741 1554 1796 dedit
1584 1739 1713 1793 mihi
1747 1738 1923 1792 Pater.
1959 1755 1978 1789 ›

480 1838 659 1892 Patris
688 1836 1108 1906 bcneplacitum,
1129 1850 1193 1892 ac
1214 1847 1562 1898 consensum,
1581 1831 1777 1884 donum
1805 1839 1980 1884 vocat.

408 1931 504 1985 Vel
543 1933 645 1985 hoc
675 1931 825 1994 dicit,
859 1938 1077 2000 propter
1109 1929 1334 1998 ﬁguram
1368 1922 1744 1979 humanitatis.

483 2022 644 2077 Vens.
674 2023 762 2076 58.
807 2039 825 2072 ι
856 2021 924 2074 Ει
951 2021 1174 2074 verbum
1207 2017 1324 2085 ejus
1354 2030 1461 2069 non
1498 2013 1711 2068 habetis
1746 2011 1800 2066 in
1830 2011 1984 2066 vobis

407 2130 680 2170 mancus:
741 2113 865 2183 quia
925 2125 1086 2182 quem
1144 2109 1296 2164 misit
1353 2106 1464 2171 ille,
1524 2105 1651 2160 huic
1717 2117 1815 2160 vos
1877 2119 1980 2157 non

405 2205 648 2261 creditis.
680 2223 699 2256 ι
995 2219 998 2222 ·

478 2298 662 2368 Neque
690 2296 990 2367 prephetis,
1020 2292 1216 2363 inquit,
1242 2305 1344 2347 nec
1369 2289 1485 2344 voci
1512 2303 1745 2357 superne
1767 2287 1976 2351 delatae.

405 2404 581 2458 neque
633 2386 1014 2442 miraculorum
1064 2383 1356 2454 patrationi
1416 2381 1573 2434 [idem
1634 2379 1977 2434 adhibuistis.

406 2479 765 2547 Simplicioris
805 2487 989 2532 autem
1021 2475 1224 2529 mentis
1260 2473 1352 2537 sil,
1399 2472 1581 2527 dicere
1608 2470 1868 2540 quosdam
1901 2471 1979 2524 vi-

403 2571 550 2625 disse
599 2569 786 2623 Deum.
824 2567 891 2622 Hi
921 2574 1048 2621 sunt
1081 2565 1175 2635 qui
1210 2579 1382 2633 neque
1422 2563 1657 2632 speciem
1690 2561 1868 2616 Patris
1901 2562 1979 2615 vi-

403 2665 620 2727 derunt,
641 2673 814 2730 neque
844 2673 1030 2713 vocem
1053 2659 1168 2728 ejus
1191 2656 1538 2718 audiverunt,
1565 2667 1739 2722 neque
1759 2651 1978 2707 Christo

401 2755 633 2811 credunt
659 2753 748 2824 qui
775 2760 858 2808 est
885 2748 1120 2806 Verbum
1148 2749 1347 2814 Patris,
1374 2763 1438 2802 ac
1460 2762 1583 2800 vera
1608 2745 1723 2815 ejus
1753 2745 1976 2817 elligies.

474 2933 636 2988 Vens.
659 2931 751 2990 40.
789 2950 808 2984 ι
837 2931 905 2986 Ει
937 2945 1043 2985 non
1077 2928 1238 2982 vultis
1269 2927 1454 2981 venire
1484 2929 1551 2981 ad
1583 2941 1687 2990 me,
1722 2936 1781 2980 ut
1811 2927 1973 2980 vitam

400 3024 663 3080 habeatis.
696 3042 716 3076 ›

470 3111 708 3167 Tametsi
739 3111 956 3167 Judmos
987 3111 1228 3166 doctrina
1273 3125 1368 3166 sua
1399 3109 1651 3166 Christus
1685 3125 1975 3180 persuasos

397 3205 547 3270 velit,
580 3204 931 3258 nihilominus
963 3205 1182 3257 minime
1212 3205 1359 3273 cogit
1402 3204 1727 3258 libertatem.

473 3293 636 3349 Vens.
667 3295 760 3348 45.
819 3312 838 3346 ι
869 3295 984 3364 Ego
1031 3295 1150 3348 veni
1201 3295 1254 3349 in
1290 3297 1507 3350 nomine
1552 3293 1732 3348 Patris
1763 3295 1889 3360 mei,
1922 3303 1973 3348 et

401 3402 508 3440 nou
555 3386 801 3453 accipitis
833 3400 918 3439 me
946 3401 960 3439 :
1013 3387 1056 3440 si
1089 3385 1224 3440 alius
1258 3386 1465 3440 venerit
1504 3386 1554 3440 in
1605 3386 1823 3439 nomine
1852 3400 1974 3450 suo,

399 3481 548 3534 illum
580 3477 877 3546 accipietis.
911 3495 930 3529 ι

469 3572 582 3626 Etsi
618 3572 897 3641 prmsciret
929 3571 994 3626 iis
1025 3587 1127 3626 non
1159 3585 1478 3640 persuasum
1510 3569 1598 3634 iri,
1631 3580 1865 3624 attamen
1917 3578 1973 3622 ut

397 3664 540 3718 Deus
568 3674 752 3732 partes
803 3676 930 3716 suas
963 3664 1096 3733 agit,
1149 3663 1476 3730 increpando
1529 3673 1583 3715 et
1636 3661 1968 3716 instruendo.

394 3754 763 3810 Antichristus
808 3752 1034 3824 gloriam
1081 3753 1205 3805 vita:
1254 3766 1365 3821 pra:
1392 3766 1450 3806 se
1477 3751 1600 3817 l‘ert,
1634 3753 1836 3806 idcirco
1871 3753 1968 3823 ipsi

395 3850 641 3907 creditis.

467 3944 638 4000 Vens.
670 3943 764 3998 45.
821 3962 840 3996 ι
871 3943 970 3999 Est
996 3941 1085 4012 qui
1113 3948 1334 3996 accusat
1365 3955 1463 3995 vos
1502 3939 1736 4012 Moyses,
1774 3939 1824 3991 in
1866 3951 1973 4008 quo

393 4053 491 4092 vos
528 4039 780 4106 speratis.
808 4052 830 4088 ι

467 4130 825 4200 Conscriptus
861 4128 973 4198 jam
1007 4144 1035 4184 a
1059 4128 1240 4202 Moyse
1263 4138 1453 4185 contra
1483 4142 1578 4182 vos
1623 4124 1834 4180 libellos
1877 4138 1970 4178 ac-

395 4223 712 4290 cusationis,
741 4223 856 4292 qui,
897 4224 1041 4294 quod
1094 4224 1232 4293 apud
1266 4236 1360 4276 vos
1405 4221 1562 4274 tidem
1593 4233 1698 4272 non
1746 4218 1969 4271 invene-

392 4313 485 4381 rit,
520 4329 614 4371 vos
640 4315 935 4371 accusabit.

1034 4449 1186 4505 CAP.
1235 4448 1321 4503 Vl.

469 4585 628 4640 Vens.
680 4586 767 4641 10.
827 4604 848 4638 ι
878 4585 1023 4640 Dixit
1062 4597 1193 4651 ergo
1239 4581 1398 4636 Jesus
1444 4599 1456 4633 :
1503 4578 1686 4631 Facite
1725 4577 1970 4631 homines

393 4679 760 4736 discumbere.
812 4677 943 4732 Erat
994 4683 1174 4730 autem
1226 4672 1408 4726 fenum
1451 4669 1679 4723 multum
1725 4669 1776 4721 in
1829 4668 1967 4722 loco.

396 4770 803 4824 Discubuerunt
872 4782 1004 4836 ergo
1068 4765 1174 4818 viri
1228 4775 1456 4818 numero
1523 4759 1677 4830 quasi
1732 4761 1972 4830 quinun

396 4863 581 4915 millia.
615 4879 634 4912 ι

467 4952 624 5008 Solos
673 4951 822 5005 viros
875 4951 1175 5014 computat,
1216 4948 1371 5014 juxta
1424 4943 1558 5016 legis
1617 4945 1969 5002 consuetudi-

396 5061 540 5109 nem,
581 5044 673 5113 qui
709 5039 960 5096 videlicet
1000 5038 1135 5092 nihil
1187 5039 1398 5109 puerile
1426 5040 1513 5095 vel
1560 5041 1826 5096 muliebre
1877 5041 1970 5093 ha-

398 5135 584 5198 beant,
615 5132 713 5201 sed
742 5129 1026 5200 prudentia
1061 5131 1300 5200 vigeant,
1325 5146 1464 5200 quos
1509 5133 1678 5186 nutrit
1705 5147 1846 5201 pane
1875 5145 1971 5183 cor

396 5225 779 5285 conlirmante,
810 5234 874 5275 ac
899 5221 1262 5279 delectatione
1291 5222 1650 5279 refocillaute.

480 5396 643 5453 Vens.
683 5398 770 5453 ΙΙ.
818 5417 838 5451 ι
873 5397 1096 5468 Accepit
1141 5415 1268 5472 ergo
1299 5399 1457 5456 Jesus
1492 5415 1659 5469 panes
1689 5419 1702 5455 :
1739 5411 1813 5465 et,
1847 5416 1968 5456 cum

399 5491 606 5558 gratius
629 5489 850 5562 egisset,
883 5492 1160 5548 distribuit
1187 5493 1678 5550 discumbentibus.
1718 5510 1736 5543 ι

481 5663 686 5724 Idcirco
717 5683 891 5727 autem
924 5671 1130 5740 gratias
1165 5671 1297 5740 agit,
1340 5685 1407 5725 nc
1437 5671 1544 5726 Deo
1577 5672 1850 5727 adversari
1889 5675 1966 5726 vi-

1545 256 1882 317 AMMONII
1925 256 2452 317 ALEXANDRINI

2173 375 2506 439 Ἀνύποπτός
2537 373 2688 428 ἐστὶν
2735 374 2766 443 ἠ
2807 369 3085 443 μαρτυρία
3141 365 3427 422 Ἰωάννου·
3456 365 3518 420 ού
3563 368 3678 438 γὰρ

2090 472 2420 541 αὐτόκλητος
2455 467 2802 539 προσέδραμε
2830 467 2899 536 τῇ
2935 460 3232 534 μαρτυρίᾳ.

2167 583 2184 616 ι
2237 563 2474 625 Ἐκεῖνος
2505 557 2574 631 ἦν
2607 561 2636 614 6
2676 560 2870 629 λύχνος
2900 559 2929 610 ὁ
2964 556 3276 624 καιόμενος,
3308 551 3406 606 καὶ
3443 553 3673 621 φαίνων’

2089 658 2248 726 ὑμεῖς
2281 657 2339 709 δέ
2367 653 2669 725 ἠθελήσατε
2699 647 3128 720 ἀγαλλιασθῆναι
3156 646 3296 717 πρὸς
3321 644 3470 717 ὥραν
3502 646 3563 698 ἐν
3593 644 3676 713 τῷ

2089 748 2228 817 φωτὶ
2257 745 2444 800 αὑτοῦ.
2485 764 2504 796 ι

2158 840 2366 909 Λύχνος
2395 839 2543 892 ἐστὶν
2582 838 2836 907 Ἰωάννης
2865 835 3001 904 πρὶς
3031 835 3129 905 τὴν
3159 831 3256 886 τοῦ
3289 829 3531 900 Χριστοῇ
3571 845 3672 882 πο,

2087 928 2313 994 λιτείαν,
2346 929 2403 992 ὃς
2429 929 2576 981 ἐστιν
2609 929 2779 998 ἥλιος.
2810 926 3021 980 Φαίνων
3051 926 3149 996 μὲν
3186 926 3215 977 6
3253 922 3531 992 Ἰωάννης,
3567 937 3676 976 κα-
3715 917 3718 920 ’

2087 1021 2422 1090 λυπτόμενος
2451 1021 2508 1074 δέ
2536 1024 2602 1092 τῇ
2635 1019 2909 1092 ὑπερδολῇ
2938 1019 3042 1089 τῆς
3067 1018 3227 1088 δόξης
3251 1015 3346 1069 τοῦ
3373 1014 3552 1083 φωτὸς
3575 1013 3674 1067 τοῦ

2089 1112 2336 1183 ἡλιακοῦ.
2375 1113 2564 1178 Οὕτως
2597 1114 2706 1184 γάρ
2735 1115 2764 1168 ὁ
2809 1111 2961 1174 ἥλιος
2999 1111 3094 1164 καὶ
3121 1109 3341 1178 σελήνη,
3376 1108 3435 1160 ἐν
3461 1108 3528 1176 τῇ
3560 1122 3673 1159 πα·-

2087 1204 2402 1276 λιγγενεσίᾳ
2426 1206 2652 1276 φανοῦσι
2683 1205 2802 1274 μὲν,
2838 1203 2943 1256 ὑπὸ
2967 1203 3024 1255 δέ
3053 1202 3152 1269 τῆς
3174 1200 3334 1270 δόξης
3365 1198 3457 1252 τοῦ
3494 1199 3672 1266 φωτὸς

2088 1298 2194 1350 τῶν
2239 1297 2414 1364 ἁγίων
2462 1296 2716 1348 τοσοῦτον
2767 1291 3313 1365 κατακρατούμενοι,
3369 1290 3446 1352 ὡς
3489 1289 3675 1345 δοκεῖν

2091 1392 2228 1461 μήτε
2271 1390 2408 1452 ὅλως
2439 1389 2697 1460 λάμπειν.
2733 1387 2940 1458 Λύχνον
2971 1387 3027 1440 δὲ
3068 1382 3220 1437 εἶπεν
3254 1383 3342 1436 τὸν
3393 1383 3666 1449 Ἰωάννην,

2087 1484 2163 1546 ὡς
2192 1483 2292 1536 οὐκ
2335 1483 2548 1536 οἴκοθεν
2589 1481 2779 1551 ἔχοντα
2818 1480 2879 1533 τὺ
2929 1479 3082 1549 φῶς,
3116 1476 3232 1530 ἀλλ’
3268 1475 3376 1528 ἀπὸ
3422 1473 3524 1544 τῆς
3571 1472 3665 1525 τοῦ

2089 1575 2406 1646 Πνεύματος
2451 1575 2713 1645 χάριτος,
2770 1571 2865 1626 καλ⁵
2909 1571 2992 1625 ὅτι
3038 1569 3195 1640 ἡλίου
3245 1566 3662 1626 ἀνατείλαντος,

2015 1688 2058 1744 η
2089 1667 2318 1738 περιττὴ
2347 1669 2379 1736 ὴ
2414 1666 2509 1720 τοῦ
2534 1665 2731 1737 λύχνου
2761 1663 2941 1736 χρεία.

2162 1777 2180 1810 ι
2221 1759 2303 1810 Τὰ
2335 1758 2443 1828 γὰρ
2474 1757 2611 1827 ἔργα
2642 1755 2678 1810 ἀ
2705 1755 2871 1808 ἔδωκὲ
2902 1771 2992 1824 μοι
3023 1755 3051 1807 6
3077 1752 3293 1822 Πατήρ.
3336 1768 3354 1800 ι

2157 1850 2268 1920 Τὴν
2312 1850 2404 1902 τοῦ
2447 1847 2661 1919 Πατρὸς
2701 1846 2971 1908 εὐδοκίαν,
3001 1845 3094 1898 καὶ
3126 1844 3364 1908 σύνεσιν,
3403 1845 3551 1898 δόσιν
3577 1847 3663 1900 λέ-

2085 1958 2192 2008 γει.
2229 1942 2297 1994 Ἢ
2319 1940 2478 1993 τοῦτο
2507 1956 2660 2008 φησι,
2687 1937 2777 1991 διὰ
2801 1938 2862 1989 τὸ
2885 1939 2984 2007 τῆς
3009 1936 3429 2006 ἀνθρωπότητος
3456 1939 3662 2007 σχῆμα.

2162 2053 2181 2086 ι
2222 2034 2335 2087 Καὶ
2358 2033 2450 2086 τὸν
2477 2033 2634 2100 λόγον
2663 2030 2830 2084 αὑτοῦ
2857 2031 2956 2082 οὐκ
2982 2030 3132 2099 ἔχετε
3166 2029 3397 2098 μένοντα
3434 2030 3491 2082 ἐν
3513 2030 3662 2099 ὑμῖν·

2083 2129 2165 2182 ὅτι
2216 2129 2275 2180 ὃν
2332 2127 2652 2182 ἀπέστειλεν
2706 2126 2946 2188 ἐκεῖνος,
3009 2122 3184 2193 τούτῳ
3234 2123 3393 2194 ὑμεῖς
3456 2123 3516 2176 οὐ
3571 2141 3661 2176 πι-

2086 2218 2326 2274 στεύετε.
2365 2235 2384 2270 ι

2155 2307 2294 2360 Οὔτε
2337 2308 2450 2370 τοῖς
2483 2305 2809 2376 προφήταις,
2843 2301 3028 2372 φησὶν,
3059 2302 3183 2355 οὔτε
3213 2304 3278 2371 τῇ
3311 2299 3517 2355 ἄνωθεν
3547 2301 3663 2354 ἐνε-

2083 2397 2272 2468 χθείσῃ
2301 2399 2472 2467 φωνῇ,
2497 2395 2622 2449 οὔτε
2651 2397 2716 2465 τῇ
2745 2393 2855 2447 τῶν
2878 2391 3222 2464 πραγμάτων
3245 2391 3663 2463 θαυματουργία

2085 2487 2461 2542 ἐπιστεύσατε.
2503 2485 2905 2557 Ἀπλουστέρας
2946 2484 3058 2554 γάρ
3086 2485 3202 2537 ἐστι
3231 2482 3460 2554 γνώμης
3485 2483 3546 2536 τὺ
3575 2483 3662 2536 λέ-

2083 2598 2222 2649 γειν,
2251 2581 2334 2633 ὃτι.
2367 2579 2513 2640 τινὲς
2545 2577 2824 2647 ἑωράκασι
2851 2576 3005 2630 Θεόν.
3051 2567 3212 2628 Οὗτοί
3243 2576 3401 2636 εἰσιν,
3442 2576 3490 2626 ol
3523 2575 3661 2644 μήτε

2085 2669 2221 2735 εἶδος
2273 2670 2367 2724 τοῦ
2414 2669 2624 2737 Πατρδς
2676 2669 3018 2739 ἑωρακότες,
3072 2668 3208 2738 μήτε
3257 2666 3442 2735 φωνῆς
3494 2665 3662 2719 αὐτοῦ

2084 2764 2404 2833 ἀκηκοότες,
2451 2763 2498 2814 οἱ
2531 2761 2606 2832 μή
2637 2761 3028 2822 πιστεύσαντες
3049 2759 3129 2830 τῷ
3163 2759 3408 2830 Χριστῷ.
3445 2759 3503 2822 ὃς
3535 2761 3656 2812 ἐστι.

2085 2855 2255 2922 Λόγος
2284 2853 2379 2908 τοῦ
2414 2851 2644 2922 Πατρὸς,
2678 2852 2770 2904 καὶ
2802 2852 2862 2905 τὸ
2897 2851 3094 2921 ἀληθὲς
3117 2849 3283 2904 αὑτοῦ
3316 2846 3473 2912 εἶδος.

2162 2965 2180 2997 ι
2217 2946 2329 2999 Καὶ
2357 2946 2416 2999 ού
2445 2945 2626 2998 θέλετε
2653 2943 2826 2996 ἐλθεῖν
2850 2943 2986 3014 πρός
3015 2960 3105 3013 με,
3135 2942 3225 2997 ἵνα
3254 2941 3400 3013 ζωὴν
3429 2941 3598 3012 ἔχετε.
3630 2959 3649 2990 ι

2149 3117 2211 3168 Εἰ
2241 3115 2336 3170 καὶ
2367 3115 2562 3170 θέλειὸ
2591 3115 2828 3186 Χριστὸς
2853 3115 3144 3186 πεισθῆναι
3174 3116 3239 3184 τῇ
3276 3111 3438 3166 αὐτοῦ
3460 3111 3637 3180 διδαχῇ

2076 3209 2202 3270 τους
2249 3207 2554 3269 Ἰουδαίους,
2587 3208 2702 3262 ἀλλ’
2731 3209 2791 3260 οὐ
2819 3208 3063 3276 βιάζεται
3093 3207 3154 3258 τδ
3183 3205 3542 3270 αὐτεξούσιον.

2157 3315 2177 3349 ι
2201 3299 2343 3366 Ἐγὼ
2397 3299 2631 3368 ἐλήλυθα
2663 3300 2722 3352 ἐν
2767 3299 2844 3368 τῷ
2891 3299 3113 3368 ὀνόματι
3147 3297 3241 3349 τοῦ
3283 3295 3494 3365 Πατρός
3521 3311 3653 3364 μου,

2076 3394 2169 3445 καὶ
2201 3393 2262 3445 οὐ
2288 3392 2595 3462 λαμϐάνετέ
2628 3410 2715 3462 με’
2761 3395 2856 3446 ἐὰν
2888 3393 3045 3456 ἄλλος
3078 3391 3207 3465 ἕλοῃ
3242 3393 3298 3444 ἐν
3326 3391 3403 3460 τῷ
3431 3389 3657 3459 ὀνόματι

2079 3485 2154 3555 τῷ
2185 3485 2321 3554 ἰδίῳ,
2355 3486 2560 3538 ἐκεῖνον
2589 3484 2848 3554 λήψεσθε.
2882 3504 2900 3537 ι

2149 3579 2208 3631 Ei
2250 3578 2343 3631 καὶ
2381 3573 2522 3631 οἶδεν
2571 3579 2652 3630 ὅτι
2696 3579 2759 3630 οὐ
2807 3577 3112 3637 πείθονται,
3149 3575 3263 3627 ἀλλ’
3309 3574 3384 3636 ὡς
3413 3572 3546 3634 Θεὸς
3593 3571 3660 3623 τὸ

2074 3667 2267 3721 ἐαυτοῦ
2309 3669 2454 3720 ποιεῖ
2495 3667 2732 3738 ἐλέγχων
2783 3667 2878 3720 καὶ
2919 3665 3202 3718 νουθετῶν.
3253 3659 3450 3736 [Οιιλὶι.
3485 3659 3660 3733 Αυιι.]

2083 3753 2144 3812 Ὀ
2176 3757 2540 3829 Ἀντίχριστος
2598 3757 2696 3828 τὴν
2728 3757 2821 3810 τοῦ
2871 3756 2984 3826 βίου
3035 3756 3193 3820 δόξαν
3239 3753 3659 3823 ἐπαγγέλλεται,

2075 3850 2170 3904 καὶ
2223 3851 2310 3903 διὰ
2354 3849 2512 3902 τοῦτο
2543 3851 2736 3920 ἐκείνῳ
2768 3849 3072 3902 πιστεύετε.

2151 3963 2168 3995 ι
2200 3945 2389 3996 Ἔστιν
2415 3946 2441 3998 6
2471 3944 2792 4015 κατηγορῶν
2810 3943 2983 4013 ὑμῶν,
3016 3942 3276 4014 Μωῦσῆς,
3304 3942 3383 4004 εἰς
3411 3939 3469 3994 ὃν
3496 3938 3663 4009 ὑμεῖς

2072 4034 2364 4103 ἠλπίκατε.
2401 4053 2418 4084 ι

2150 4127 2472 4196 Ἔγγραφος
2504 4125 2680 4179 κεῖται
2714 4124 2837 4178 καθ’
2872 4124 3026 4196 ὑμῶν
3052 4123 3358 4195 κατηγορία
3393 4122 3460 4175 τὰ
3489 4121 3664 4174 Maii)-

2076 4215 2277 4282 σαῖκά,
2324 4215 2382 4280 ὃς
2413 4215 2488 4280 ὡς
2531 4216 2929 4286 ἀπιστούμενος
2976 4215 3034 4281 ἐξ
3069 4215 3244 4286 ὑμῶν,
3287 4215 3661 4284 κατηγορήσει

2075 4327 2104 4361 υ
2113 4326 2248 4378 μων.

2693 4441 2943 4495 ΚΕΦΑΛ.
2977 4443 3068 4496 σν.

2155 4595 2174 4628 ι
2219 4573 2350 4629 Εἶπε
2381 4575 2438 4627 δὲ
2487 4576 2516 4627 6
2561 4573 2768 4644 Ἰησοῦς
2798 4589 2812 4604 ·
2866 4573 3138 4644 Ποιήσατε
3171 4576 3297 4639 τοὺς
3331 4576 3658 4647 ἀνθρώπους

2077 4669 2393 4721 ἀναπεσεῖν.
2429 4662 2538 4720 Ἧν
2578 4667 2634 4720 δὲ
2675 4667 2867 4736 χόρτος
2913 4666 3083 4730 πολὺς
3116 4668 3175 4721 ἐν
3200 4667 3277 4737 τῷ
3303 4669 3471 4740 τόπῳ.
3526 4670 3660 4724 Ἀν-

2075 4761 2270 4812 έπεσον
2309 4754 2402 4812 οὗν
2432 4760 2481 4811 oi
2515 4759 2706 4830 ἄνδρες
2729 4761 2821 4812 τὸν
2845 4759 3078 4830 ἀριθμὸν
3121 4760 3253 4813 ὡσεὶ
3301 4763 3660 4834 πεντακισχί-

2074 4849 2197 4903 λιοι.
2241 4867 2258 4900 ι

2145 4938 2358 5002 Μόνους
2389 4939 2515 5002 τοὺς
2551 4937 2753 5009 ἄνδρας
2781 4937 3028 5008 ἀριθμεῖ,
3063 4937 3204 4990 κατά
3229 4937 3329 5008 τὴν
3358 4936 3452 4991 τοῦ
3482 4937 3658 5010 νόμου

2077 5030 2391 5100 συνήθειαν,
2425 5031 2556 5093 τοὺς
2602 5029 2769 5099 μηδὲν
2792 5029 3061 5099 νηπιῶδες
3087 5029 3365 5099 ἔχονταςῆ
3393 5028 3652 5098 θηλυκὸν,

2073 5122 2209 5176 ἀλλὰ
2236 5121 2486 5176 νεανικοῦ
2541 5126 2912 5192 φρονήματος,
2949 5121 3041 5184 οὒς
3085 5123 3180 5174 καὶ
3199 5122 3392 5193 τρέφει
3431 5122 3519 5175 διὰ
3553 5121 3652 5176 τοῦ

2073 5213 2418 5283 στηρίζοντος
2435 5213 2663 5282 καρδίαν
2685 5213 2877 5283 ἄρτου,
2903 5211 2994 5266 καὶ
3011 5209 3126 5282 [δι’]
3150 5210 3488 5282 ἐπιτέρψεως
3513 5211 3653 5263 άνα-

2073 5310 2274 5378 παῆναι
2304 5311 2465 5362 ποιεῖ.

2151 5421 2168 5452 ι
2213 5401 2417 5454 Ἐλαϐε
2447 5401 2505 5454 δὲ
2550 5401 2677 5460 τοὺς
2724 5401 2923 5469 ἄρτους
2950 5403 2978 5453 6
3035 5399 3265 5470 Ἰησοῦς,
3297 5399 3394 5453 καὶ
3424 5398 3652 5469 εὐχαρι-

2077 5493 2282 5563 στήσας
2313 5493 2538 5547 διέδωκε
2594 5492 2753 5564 [τοῐς
2789 5492 3080 5564 μαθηταῖς,
3125 5493 3174 5545 οἱ
3208 5487 3496 5562 μαθηταὶ]
3533 5492 3652 5552 τοῖς

2074 5586 2476 5654 ἀνακειμένοις.
2525 5606 2542 5638 ι

2145 5676 2241 5730 Διά
2275 5676 2432 5731 τοῦτο
2483 5677 2538 5730 δὲ
2598 5677 2939 5747 εὐχαριστεῖ,
2976 5678 3059 5730 ἵνα
3100 5677 3173 5747 μὴ
3220 5675 3344 5746 δόξῃ
3401 5669 3647 5733 ἀντίθεος
