4072 6404
278 331 410 401 1433

1278 308 1289 319 ”
1339 310 1805 375 FRAGMENTA
1846 309 1930 368 IN
1971 308 2037 368 S.
2076 304 2454 369 JOANNEM.

3428 290 3567 358 1434

274 445 434 512 εἶναι,
454 441 550 497 καὶ¹
566 441 658 496 ἵνα
680 437 867 508 διδάξῃ
887 435 1037 507 ἡμᾶς
1070 432 1128 485 ὲν
1156 429 1235 503 τῷ
1254 428 1458 484 ἐσθίειν
1479 425 1852 498 εὐχαριστεῖν.
1885 500 1892 512 1

2006 432 2179 487 eatur,
2232 431 2441 486 nosque
2492 414 2686 468 doceat
2741 409 2895 466 cibos
2948 403 3308 462 benediceudi
3368 405 3561 461 ritum.

455 537 552 592 καὶ
601 534 678 598 ὡς
714 496 1388 604 ἄνθρωπος-εὐχαριστεῖ,
1439 496 1719 589 ἴνα-λάθῃ
1752 500 1892 581 ἕως⁴

2006 511 2168 591 'erum
2214 519 2273 565 ut
2303 511 2464 563 homo
2497 504 2798 568 heuedicit,
2837 516 2945 571 quo
2990 501 3044 555 in
3080 496 3352 568 passionis
3397 512 3569 567 usque

2308 600 2320 611 ι
2400 598 2412 611 ο
2578 596 2591 611 I
2656 594 2669 606 ο
2723 609 2733 611 μ
2778 608 2840 611 ,η
2861 591 2959 611 ---12
2990 589 3183 611 1-.-..-ι

274 631 370 686 τοῦ
401 629 610 691 πάθους
636 624 729 679 τὸν
752 623 990 695 ἄρχοντα
1016 617 1109 676 τοῦ
1138 618 1235 675 νῦν
1267 617 1485 681 αἰῶνος.

354 743 373 776 ι
418 720 734 792 Συνήγαγον
768 711 884 782 οὖν,
921 713 1018 769 καὶ
1056 710 1326 783 ἐγέμισαν
1355 707 1570 775 δώδεκα
1608 702 1867 769 κοφίνους

280 814 641 888 κλασμάτων,
691 811 756 864 ἐκ
790 807 903 863 τῶν
957 805 1122 861 πέντε
1168 803 1351 875 ἄρτων
1382 799 1492 853 τῶν
1522 795 1806 870 κριθίνων,
1834 790 1871 846 ἃ

281 908 640 982 ἐπερίσσευσε
674 905 787 967 τοῖς
824 898 1182 973 βεϐρωκόσιν.
1215 915 1234 949 ι

352 1073 559 1146 Τρέφει
609 1070 739 1134 τοὺς
779 1067 1008 1131 πιστοὺς
1063 1065 1092 1118 6
1148 1060 1385 1136 Χριστὸς
1421 1056 1511 1113 διὰ⁵
1539 1056 1650 1111 τῶν
1710 1053 1873 1107 πέντε

284 1144 466 1237 ἄρτων
509 1163 620 1218 τῶν
650 1160 938 1236 κριθίνων,
980 1159 1122 1229 ὅπερ
1155 1152 1418 1222 νοεῖταιὴ
1453 1146 1745 1220 παχυτέρα
1773 1144 1876 1216 τῆς

288 1236 666 1327 Πεντατεύχου
710 1250 1066 1308 διδασκαλίαο
1109 1248 1207 1303 καὶ
1257 1244 1346 1300 διά
1373 1242 1483 1298 τῶν
1511 1240 1605 1294 δύο
1651 1236 1873 1310 ἰχθύων,

288 1355 426 1424 ὅπερ
471 1350 622 1405 ἐστὶν
656 1349 690 1419 ἡ
747 1343 935 1410 ἁπαλὴ
984 1340 1176 1414 διδαχὴ
1224 1337 1321 1393 τοῦ
1374 1329 1741 1405 εύαγγελικοῦ
1784 1329 1879 1384 καὶ

287 1439 654 1500 ἀποστολικοῦ
695 1437 1079 1511 κηρύγματος.

363 1556 383 1589 ι
421 1537 486 1590 Οἰ
546 1529 643 1588 οὖν
690 1531 971 1601 ἄνθρωποι
1021 1527 1223 1590 ἰδόντες
1250 1524 1280 1579 6
1310 1523 1537 1596 ἐποίησε
1592 1521 1820 1592 σημεῖον
1851 1517 1880 1571 6

299 1626 530 1698 Ἰησοῦς,
565 1625 755 1694 ελεγον
779 1639 794 1653 ·
826 1622 952 1675 Ὅτι
973 1615 1129 1683 οὗτός
1164 1620 1314 1672 ἐστιν
1353 1608 1574 1688 άληθῶς
1607 1616 1636 1669 6
1662 1612 1879 1686 προφή-

287 1735 385 1785 της
410 1718 439 1768 6
480 1716 778 1787 ἐρχόμενος
808 1712 887 1776 εἰς
920 1709 1014 1764 τὸν
1041 1710 1270 1780 κόσμον.
1304 1725 1323 1759 ι

359 1808 615 1862 Διδάσκει
636 1806 727 1860 διὰ
754 1803 851 1859 τοῦ
888 1801 1119 1874 σημείου
1178 1798 1403 1873 θαρρεῖν
1447 1794 1620 1866 αύτῷ,
1675 1792 1770 1846 καὶ
1808 1791 1883 1864 μὴ

287 1900 522 1971 ἀθυμεῖν
551 1901 608 1953 ἐν
637 1894 994 1968 στενοχωρίᾳ,
1029 1895 1148 1965 ἦτοι
1176 1891 1252 1963 μὴ
1275 1890 1478 1961 δειλιᾷν
1504 1888 1641 1960 πρὸς
1668 1885 1881 1957 φιλόξει-

288 1991 434 2056 νίαν,
469 1989 610 2044 ἀλλὰ
633 1988 770 2060 πρὸς
804 1988 915 2041 πᾶν
952 1985 1156 2055 ἀγαθὸν
1187 1983 1486 2054 εύτόλμους
1512 1975 1678 2034 εἶναι.

375 2190 395 2224 ι
438 2166 779 2241 Ἐργάζεσθε
824 2166 901 2239 μὴ
952 2166 1055 2237 τὴν
1102 2163 1308 2236 βρῶσιν
1339 2163 1440 2235 τὴν
1476 2158 1881 2231 ἀπολλυμένην,

290 2266 429 2321 ἀλλὰ
463 2263 563 2335 τὴν
596 2261 803 2333 βρῶσιν
828 2260 930 2332 τὴν
968 2260 1241 2330 μένουσαν
1266 2257 1347 2320 εἰς
1381 2254 1526 2326 ζωὴν
1550 2253 1791 2318 αἰώνιον,
1817 2251 1886 2322 ἢν

291 2361 319 2413 6
335 2359 463 2421 Υἱὸς
482 2354 576 2410 τοῦ
602 2353 893 2426 ἀνθρώπου
920 2351 1051 2422 ύμῖν
1077 2348 1263 2404 δώσει.
1285 2346 1489 2403 Τοῦτον
1511 2345 1621 2418 γάρ
1641 2347 1670 2399 6
1694 2343 1888 2415 Πατὴρ

291 2449 627 2520 ἐσφράγισεν
646 2449 674 2501 6
702 2446 858 2511 Θεός.
898 2463 919 2498 ι

364 2542 479 2612 Τὴν
504 2539 704 2612 νοητὴν
743 2533 1002 2611 [τροφὴν]
1043 2535 1140 2589 καὶ
1189 2532 1422 2604 λογικὴν
1452 2532 1551 2586 καὶ
1579 2545 1889 2599 πνευματι-

292 2635 419 2705 κήν.
443 2631 595 2703 Αὕτη
611 2632 719 2706 γὰρ
733 2629 1103 2701 συμϐάλλεται
1119 2628 1198 2692 εἰς
1216 2626 1277 2680 τὸ
1289 2624 1593 2680 ἀπολαῦσαι
1616 2624 1763 2695 ἡμᾶς
1783 2620 1892 2676 τῶν

297 2723 604 2794 μελλόντων
624 2720 942 2793 ἀγαθῶν,ἢν
969 2721 1005 2791 ἠ
1028 2720 1109 2782 εἰς
1136 2716 1375 2789 Χριστὸν
1399 2715 1581 2778 πίστις
1620 2709 1891 2783 προξενεῖ.

369 2814 484 2885 Τὴν
530 2813 805 2884 μυστικὴν
856 2810 1164 2883 μετάληψιν
1219 2809 1367 2876 λέγει
1404 2807 1506 2878 τὴν
1556 2803 1895 2874 άγιάζουσαν

296 2909 479 2980 ψυχὴν
527 2908 623 2960 καὶ
660 2904 843 2976 σῶμα,
902 2901 1316 2969 συναναπλέξας
1359 2899 1441 2971 τῷ
1493 2897 1793 2969 θεοπρεπεῖ
1834 2893 1897 2948 τὸ

296 2999 664 3073 ἀνθρώπινον.
719 2994 948 3069 [Cum]

370 3069 448 3147 ὀύ
502 3089 706 3146 κωλύει
762 3089 832 3150 ,τὸ
875 3085 1372 3161 ἑργόιζεσθαι,ἀλλά
1398 3083 1460 3138 τὸ
1493 3069 1765 3156 μεριμνᾷν
1802 3079 1901 3159 καί.

298 3181 609 3253 φροντίζειν
635 3181 737 3252 τῆς
755 3177 948 3250 αὔριον
980 3178 1068 3232 ἵνα
1091 3179 1192 3248 τὴν
1217 3176 1540 3248 προαίρεσιν
1566 3171 1899 3243 άνασειράσῃ

297 3275 406 3327 τῷν
427 3271 747 3343 Μανιχαίων
768 3269 974 3341 τῶνμὴ
994 3268 1231 3339 ὲγχείρῳ
1268 3264 1569 3338 χρωμένων
1592 3263 1718 3317 τινί.

378 3367 600 3422 Τοῦτον
626 3375 659 3408 ν
715 3363 1110 3434 ἐσφράγισεν·
1169 3362 1199 3416 ὃ
1259 3356 1430 3426 ἑστῖν,
1483 3357 1706 3429 έχρισεν
1756 3353 1900 3425 ἁγίῳ

302 3459 584 3528 Πνεύματι
673 3456 776 3528 τὴν
841 3455 1025 3526 σάρκα
1072 3452 1167 3508 τοῦ
1229 3452 1440 3525 Κυρίου
1506 3450 1605 3522 τὴν
1680 3449 1897 3520 ἀνθρω-

301 3553 489 3623 πίνην,
547 3551 610 3604 οὐ
668 3548 769 3621 τὴν
829 3549 1065 3619 θεότητα
1101 3563 1115 3577 ·
1170 3546 1356 3601 πάντα
1420 3544 1533 3615 γὰρ
1578 3543 1769 3615 σχεδὸν
1828 3541 1899 3595 τὰ

303 3645 407 3715 τῆς
435 3643 755 3714 οἰκονομίας
786 3643 1030 3713 ὀνόματα
1055 3639 1187 3710 περί
1218 3639 1318 3710 τὴν
1347 3638 1529 3710 σάρκα
1563 3637 1819 3690 λέλεκται
1844 3648 1893 3689 ι.

305 3741 379 3792 Ἦ
404 3747 437 3789 γ
472 3736 636 3790 τοῦτο
672 3731 848 3801 εἶπεν,
882 3744 905 3771 ι
932 3735 1020 3788 ὃτι
1080 3732 1445 3804 μεμόρφωται
1473 3730 1723 3801 φυσικῶς
1760 3719 1925 3801 πρὸς

304 3832 397 3886 τὸν
418 3831 662 3902 Πατέρα.
691 3830 851 3882 Ἤτοι
879 3824 1287 3897 Ἐσφράγισεν
1308 3836 1359 3893 α,
1376 3824 1544 3878 ταυτδ
1559 3823 1638 3895 τῷ
1658 3823 1899 3895 ἔχρισεν,

305 3923 340 3992 ἢ
368 3919 725 3983 ὲῦεϐαίωσεν,
760 3918 882 3989 ἦτοι
906 3915 1325 3988 ἀναντιῤῥὴτως
1375 3912 1711 3984 ὲξεκάλυψεν
1733 3915 1763 3968 6
1783 3914 1902 3968 Πα-

307 4013 415 4085 τὴρ
444 4012 537 4065 τὸν
591 4010 721 4065 Υἰδν
755 4007 845 4063 διὰ
899 4011 998 4080 τῆς
1038 4008 1174 4072 ἰδίας
1231 4005 1556 4079 μαρτυρίας
1601 4009 1901 4077 ἐκμαγεῖον

306 4105 418 4175 γάρ
446 4104 597 4167 ἐστιν
621 4102 650 4154 6
678 4099 808 4163 Υἱὸς
828 4099 923 4151 καὶ
956 4098 1193 4171 σφραγὶς
1212 4098 1313 4169 τῆς
1332 4095 1428 4151 τοῦ
1457 4096 1671 4170 Πατρός
1688 4098 1900 4165 οὐσίας,

306 4192 587 4268 ὁρώμενος
615 4190 1086 4262 ἀπαραλλάκτως,
1114 4189 1189 4253 ὡς
1216 4191 1246 4243 6
1280 4188 1497 4259 Πατήρ.
1748 4180 1750 4183 ’

380 4306 401 4340 ι
456 4285 762 4357 ’Δπεκρίθη
796 4287 825 4338 6
890 4285 1124 4356 Ἰησοῦς,
1162 4284 1258 4338 καὶ
1297 4280 1451 4337 εἶπεν
1483 4284 1691 4349 αὐτοῖς·
1722 4285 1898 4340 Τοῦτό

307 4383 427 4437 ἐστι
455 4378 519 4432 τὸ
545 4380 709 4449 ἔργον
734 4374 831 4431 τοῦ
877 4374 1038 4443 Θεοῦ,
1086 4376 1174 4430 ἵνα
1213 4375 1552 4448 πιστεύσητε
1588 4378 1673 4442 είς
1699 4377 1761 4430 ὃν
1793 4377 1902 4430 ἀπ-

309 4472 552 4528 έστειλεν
585 4472 813 4535 ἐκεῖνος.
854 4489 873 4522 ι

383 4564 449 4617 Εἰ
492 4562 588 4617 καὶ
623 4561 739 4632 ᾔδει
799 4562 1049 4626 ἐκείνους
1107 4561 1280 4632 μηδὲν
1333 4559 1901 4634 ὠφεληθησομένους,

1972 589 2207 673 tempus,
2242 598 2541 672 principem
2578 594 2742 663 hujus
2773 591 2959 648 smeuli
2990 589 3209 648 lateret.

2048 698 2215 757 Vens.
2273 696 2363 750 ἰό.
2409 713 2428 745 ‹
2459 691 2813 762 Collegerunt
2863 702 3037 756 ergo,
3095 695 3150 741 et
3208 683 3573 754 impleverunt

1971 791 2261 848 duodecim
2291 788 2559 859 cophinos
2589 784 3051 853 fragmentorum,
3088 792 3153 833 ex
3187 778 3435 846 quinque
3465 788 3561 843 pa-

1973 887 2134 942 nibus
2177 883 2525 947 hordeaceis,
2562 893 2683 948 qua:
2729 872 3121 945 superfuerunt
3150 869 3240 924 his
3276 868 3369 938 qui
3412 882 3572 921 man-

1974 979 2335 1034 ducaverant.
2369 992 2389 1027 ι

2044 1065 2299 1121 Christus
2344 1061 2442 1116 alit
2488 1060 2675 1116 ﬁdeles
2723 1071 2855 1113 suos
2891 1054 3136 1124 quinque
3179 1049 3415 1122 panibus
3446 1047 3578 1102 hor-

1975 1158 2214 1223 deaceis,
2255 1155 2457 1225 quibus
2508 1151 2751 1207 crassior
2799 1148 2891 1203 illa
2924 1143 3285 1203 Pentateuchi
3324 1141 3577 1197 doctrina

1976 1250 2356 1321 signiﬁcatur;
2404 1255 2459 1302 et
2500 1244 2715 1301 duobus
2768 1242 3051 1311 piscibus,
3102 1236 3155 1293 id
3205 1244 3292 1292 est
3339 1233 3575 1304 simplici

1977 1338 2308 1411 evangelicae
2334 1335 2762 1409 apostolicaeque
2799 1328 3207 1403 praedicationis
3245 1326 3578 1383 eruditione.

3471 1456 3482 1479 I

2049 1516 2220 1571 Vens.
2251 1513 2340 1569 14.
2382 1531 2401 1565 ι
2433 1511 2514 1567 illi
2550 1525 2682 1582 ergo
2707 1506 2959 1563 homines
2990 1519 3111 1560 cum
3142 1501 3409 1557 vidissent
3436 1496 3582 1567 quod

1980 1608 2142 1665 Jcsus
2174 1606 2382 1663 fecerat
2429 1604 2670 1676 signum,
2706 1598 2966 1655 dicebant
3000 1616 3014 1651 :
3044 1595 3181 1661 Quia
3226 1594 3317 1647 hic
3346 1598 3431 1646 est
3453 1600 3584 1644 vere

1985 1700 2249 1771 propheta
2280 1697 2371 1767 qui
2409 1704 2676 1752 venturus
2704 1701 2792 1748 est
2822 1692 2878 1746 in
2912 1689 3200 1744 mundmn.
3234 1703 3254 1736 ι

2059 1794 2228 1848 Docet
2252 1790 2357 1847 hoc
2386 1789 2542 1860 signo
2575 1829 2592 1857 ,
2625 1787 2675 1843 ei
2712 1781 3095 1841 conﬁdendum
3125 1793 3270 1842 esse,
3315 1783 3370 1829 et
3400 1775 3455 1829 in
3489 1787 3585 1826 an-

1988 1886 2185 1958 gustiis
2227 1885 2470 1939 animum
2516 1880 2745 1937 minime
2772 1873 3250 1947 despondendum,
3308 1881 3488 1936 neque
3521 1865 3589 1919 de

1914 1963 1957 2018 Β
1991 1957 2231 2048 bosnitio
2257 1975 2422 2031 nimis
2455 1973 2703 2038 anxium,
2732 1970 2829 2026 sed
2860 1968 2928 2023 ad
2951 1978 3113 2021 omne
3143 1963 3345 2017 bonum
3373 1957 3590 2028 expedi-

1988 2081 2098 2129 tum
2128 2084 2252 2126 esse
2278 2078 2556 2139 oportere.

2056 2164 2221 2219 Vens.
2249 2138 2343 2217 277.
2388 2179 2408 2211 σ
2437 2155 2757 2230 Operamini
2789 2170 2896 2209 non
2942 2153 3127 2208 cibum
3158 2150 3251 2222 qui
3286 2147 3451 2219 perit,
3491 2138 3589 2195 sed

1988 2257 2082 2327 qui
2140 2264 2425 2326 permanet
2508 2253 2562 2307 in
2623 2251 2792 2304 vitam
2848 2256 3149 2310 aeternam,
3192 2256 3353 2312 quem
3418 2236 3592 2291 Filius

1991 2325 2232 2405 hominis
2287 2345 2438 2402 dabit
2487 2343 2669 2400 vobis.
2719 2340 2879 2396 lltmc
2937 2337 3086 2394 enim
3145 2336 3308 2391 Pater
3355 2325 3595 2400 signavit

1993 2441 2158 2497 Deus.
2201 2457 2221 2491 ι

2065 2529 2487 2588 Intellectualem
2544 2536 2601 2582 et
2649 2524 2990 2597 Spiritualem
3045 2523 3230 2578 cibum
3267 2517 3420 2573 dicit.
3467 2513 3596 2578 Haec

1994 2625 2140 2682 enim
2188 2636 2286 2677 nos
2324 2620 2571 2691 perducit
2617 2617 2686 2671 ad
2721 2617 2988 2672 bonorum
3023 2614 3331 2669 futurorum
3371 2606 3596 2662 fruitio-

1998 2730 2145 2771 nem.
2178 2713 2332 2768 lianc
2362 2711 2570 2782 profert
2602 2709 2735 2764 ﬁdes
2769 2708 2823 2761 in
2848 2706 3151 2762 Christum.

2072 2806 2357 2877 Mysticam
2406 2801 2883 2874 participationem
2917 2797 3050 2854 dicit
3093 2809 3212 2865 quae
3249 2792 3491 2847 animam
3541 2795 3598 2843 et

1998 2913 2201 2970 corpus
2230 2895 2564 2960 sanctiﬁcat,
2601 2894 2857 2969 humana,
2878 2888 3077 2946 divinis
3107 2894 3463 2942 conneclcns.

2072 3078 2194 3135 Non
2223 3084 2371 3133 vetat
2401 3075 2671 3139 laborem,
2706 3071 2803 3128 sed
2833 3070 3057 3125 nimiam
3090 3063 3511 3121 sollicitudinem
3543 3067 3600 3113 et

2003 3171 2073 3226 de
2110 3168 2357 3224 crastino
2406 3181 2620 3232 curam,
2654 3173 2724 3217 ut.
2748 3162 3177 3217 Manichzcorum
3228 3153 3444 3211 refellat
3476 3150 3600 3220 opi-

1946 3308 1970 3329 .,
2007 3263 2246 3323 nionem,
2280 3258 2432 3314 nullo
2454 3258 2677 3327 penitus
2703 3252 2942 3308 manuali
2973 3266 3140 3321 opere
3171 3246 3462 3303 utentium.

2081 3351 2242 3406 Hunc
2272 3349 2520 3420 signavit,
2552 3348 2605 3402 id
2646 3354 2733 3401 est
2762 3345 3059 3399 humanam
3106 3338 3316 3394 Domini
3352 3349 3600 3400 carnem,

2007 3457 2115 3498 non
2159 3454 2291 3495 vero
2325 3437 2673 3494 divinitatem
2725 3434 2932 3503 Spiritu
2984 3438 3174 3486 sancto
3222 3427 3425 3482 unxit:
3470 3439 3598 3480 nam

2007 3534 2191 3593 omnia
2227 3532 2343 3589 fere
2392 3526 2824 3601 dispensationis
2869 3524 3089 3579 nomina
3137 3521 3207 3577 de
3247 3532 3413 3575 carne
3456 3517 3603 3573 dicta

2004 3636 2156 3683 sunt.
2182 3624 2283 3681 Vel
2318 3626 2422 3680 hoc
2454 3623 2612 3687 dixit,
2654 3619 2797 3691 quod
2830 3629 3022 3672 natura
3056 3630 3153 3670 sua
3182 3614 3332 3668 Patri
3379 3610 3604 3666 confor-

2006 3721 2115 3775 mis
2134 3719 2227 3774 sit.
2260 3716 2359 3772 Vel
2406 3715 2573 3771 etiam
2619 3711 2848 3783 signavit
2891 3709 3032 3764 idem
3083 3707 3176 3770 sit,
3225 3702 3367 3773 quod
3423 3702 3603 3766 unxit,

2009 3810 2095 3866 vel
2149 3807 2518 3872 conﬁrmavit,
2574 3805 2682 3871 vel,
2737 3799 3098 3871 irrefragabili
3139 3812 3239 3853 suo
3291 3795 3605 3851 testimonio

2008 3902 2169 3959 Pater
2199 3899 2399 3956 Filium
2446 3896 2822 3954 manifestavit
2852 3913 2866 3949 :
2899 3892 3072 3947 Filius
3103 3890 3246 3946 enim
3283 3896 3369 3943 est
3401 3884 3605 3955 effigies

2010 4005 2176 4066 atque
2225 3991 2567 4064 signaculum
2621 3987 2946 4044 substantia:
2994 3983 3217 4048 Patris,
3272 3979 3473 4044 omnis,
3508 3970 3603 4030 ἰιιί

2012 4088 2197 4153 Pater,
2230 4100 2429 4156 expers
2455 4082 2796 4138 mutationis.

2086 4286 2253 4342 Vens.
2290 4285 2383 4341 29.
2433 4303 2453 4337 ι
2486 4281 2789 4353 Respondit
2818 4279 2999 4345 Iesus,
3051 4285 3100 4332 et
3155 4275 3292 4330 dixit
3339 4274 3418 4328 eis
3454 4269 3609 4327 :lloc

2009 4391 2091 4437 est
2119 4394 2259 4450 opus
2288 4378 2409 4447 Dei,
2438 4386 2497 4434 ut
2527 4375 2767 4434 credatis
2804 4375 2856 4428 in
2896 4387 3018 4427 cum
3053 4384 3217 4441 quem
3248 4367 3394 4421 misit
3433 4366 3539 4419 illc.
3582 4385 3601 4417 ι

1936 4473 1991 4533 Β

2083 4558 2409 4630 Quanquam
2443 4557 2579 4613 nihil
2620 4557 2727 4612 illis
2759 4554 3105 4631 profuturum
3142 4549 3445 4621 prmscircl,
3484 4559 3611 4616 pro—

311 4655 451 4711 ἀλλά
479 4655 568 4709 διὰ
592 4654 654 4709 τδ
676 4653 992 4724 κοινοφελὲς
1020 4654 1124 4724 τῆς
1146 4654 1371 4725 διδαχῆς
1396 4654 1754 4726 ἀπεκρίνατο.
1790 4653 1892 4724 Οὐχ

2012 4663 2132 4724 pter
2189 4667 2535 4709 communem
2586 4660 2769 4726 tamen
2820 4647 3082 4703 doctrinae
3124 4643 3458 4703 utilitatem,
3523 4652 3612 4692 re-

312 4752 342 4803 6
374 4749 497 4811 ταῖς
547 4748 730 4810 σκιαῖς
784 4722 1088 4800 δουλεύωνή
1117 4744 1214 4799 τοῦ
1268 4722 1461 4817 νόμου,
1522 4722 1673 4799 ποιεῖ
1702 4746 1767 4799 τὸ
1805 4722 1892 4798 τοί

2013 4722 2251 4815 spondit.
2286 4743 2402 4798 Non
2445 4742 2538 4815 qui
2576 4722 2787 4796 umbris
2817 4738 3085 4810 legalibus
3133 4735 3329 4798 servit,
3375 4730 3483 4788 Dei
3517 4744 3614 4785 vo-

312 4840 453 4896 Θεοῧ
486 4839 722 4911 θέλημα,
759 4838 877 4892 ἀλλ’
908 4839 938 4891 6
969 4838 1052 4900 εἰς
1078 4837 1174 4890 τὸν
1204 4837 1445 4907 Χριστὸν
1489 4836 1791 4890 πιστεύων.

2013 4839 2278 4891 luntatem
2318 4834 2474 4903 facit,
2501 4835 2596 4889 sed
2625 4833 2717 4903 qui
2746 4833 2798 4886 in
2829 4831 3106 4887 Christum
3138 4826 3335 4884 credit.

391 4953 410 4986 ι
443 4929 613 4987 Εἶπεν
637 4926 732 4986 οὖν
766 4931 952 4994 αὐτοῖς
975 4930 1004 4982 6
1047 4928 1288 5000 ἰησοῦςσ
1348 4927 1546 4999 Ἀμὴν,
1588 4927 1738 4997 ἀμὴν
1762 4924 1892 4995 λέγει

2085 4931 2247 4986 \‘sns.
2279 4929 2371 4984 '52.
2429 4947 2448 4980 ι
2483 4928 2628 4982 Dixit
2661 4938 2793 4996 ergo
2842 4922 2925 4979 eis
2962 4920 3122 4977 Jesus
3157 4937 3171 4974 :
3205 4918 3402 4981 Amen,
3453 4926 3612 4967 amen

316 5029 448 5099 ὑμῖν
478 5044 494 5060 ⁸
534 5028 612 5082 Οὐ
637 5026 887 5096 Μωῦσῆς
916 5024 1154 5078 δέδωκεν
1191 5024 1320 5094 ὑμῖν
1369 5022 1463 5077 τὸν
1512 5022 1681 5094 ἄρτον
1724 5022 1791 5074 ἐκ
1814 5019 1892 5075 τοί

2011 5024 2132 5079 dico
2155 5023 2312 5080 vobis
2345 5039 2361 5077 :
2390 5020 2509 5076 Non
2531 5020 2744 5092 Moyses
2769 5016 2920 5071 dedit
2946 5014 3100 5070 vobis
3128 5025 3323 5082 panem
3352 5007 3420 5063 de
3443 5004 3610 5070 ctelo,

315 5098 584 5191 ούρανοῦ,
618 5118 736 5172 ἀλλ’
768 5120 797 5172 ὁ
833 5117 1029 5188 Πατήρ
1066 5133 1169 5187 μου
1202 5114 1421 5169 δίδωσιν
1455 5113 1586 5185 ύμῖν
1618 5112 1712 5166 τὸν
1744 5112 1892 5184 ἄρτοι

2009 5116 2104 5170 sed
2128 5114 2292 5169 Pater
2330 5127 2485 5168 meus
2514 5111 2611 5166 dat
2636 5108 2794 5165 vobis
2841 5118 3041 5177 panem
3066 5104 3148 5175 .de
3175 5098 3316 5156 cmlo
3341 5109 3553 5152 verum.
3584 5111 3607 5146 ι

317 5213 383 5265 ὲκ
414 5210 510 5264 τοῦ
539 5208 772 5281 οὐρανοῦ
808 5208 902 5263 τὸν
934 5206 1214 5279 ἀληθινόν.
1250 5225 1270 5259 ι
3148 5207 3152 5211 ‘

393 5301 508 5371 Οὐχ
539 5270 868 5370 ὡς’ψεύδους
925 5270 1096 5370 οὔσης
1146 5296 1250 5368 τῆς
1291 5294 1390 5349 τοῦ
1450 5293 1631 5366 μάννα
1675 5292 1892 5364 τροφῆς

2086 5292 2203 5347 Non
2256 5294 2412 5360 quasi
2451 5288 2678 5344 ﬁctilius
2721 5295 2869 5343 esset
2911 5295 3127 5338 manna:
3178 5277 3370 5365 cibus,
3408 5270 3615 5329 idcirco

321 5356 619 5458 eiusfinis;
649 5356 941 5462 .dptor'éx
986 5356 1096 5447 20.1.}!
1131 5356 1397 5459 οὐρανοῦ
1447 5356 1554 5443 τὸν
1589 5356 1886 5456 diu-(mor

2014 5384 2171 5449 dixit,
2206 5380 2412 5436 Panem
2441 5381 2505 5435 de
2548 5380 2678 5435 caelo
2722 5392 2934 5443 verum;
2983 5374 3078 5430 sed
3114 5370 3241 5441 quia
3277 5356 3409 5421 illud
3441 5362 3611 5427 ﬁgura

319 5484 439 5538 ἀλλ’
476 5483 561 5539 ὃτι
592 5459 771 5537 ἐκεῖνο
798 5482 970 5546 τύπος
1000 5477 1091 5554 ἦν,
1132 5482 1233 5536 οὐκ
1279 5479 1471 5551 αὐτὸή
1527 5477 1784 5551 ἀλήθεια.
1849 5478 1892 5532 Ἐ

2017 5485 2158 5544 erat,
2190 5476 2298 5531 hoc
2330 5474 2557 5531 veritas.
2590 5473 2845 5530 Christus
2885 5466 3153 5541 siquidem
3189 5473 3389 5517 manna
3416 5463 3523 5522 εει,
3554 5459 3613 5506 ιιι

395 5695 422 5723 ν
447 5684 539 5742 Cr.
565 5685 659 5741 τὸν
690 5686 874 5757 ἄρτον.
993 5699 1017 5727 ι
1051 5688 1142 5744 Cr.
1175 5687 1455 5757 εἴληπται.
1540 5694 1564 5734 γ
1637 5684 1729 5742 Cr.
1771 5684 1889 5738 sine

2093 5691 2113 5719 ²
2150 5682 2244 5738 Cr.
2290 5681 2416 5737 add.
2450 5680 2507 5749 ᾗ.
2585 5691 2612 5720 α
2645 5677 2736 5735 Cr.
2811 5675 3018 5747 ἔχρισε·
3068 5659 3609 5736 κατασφραγίζονται

760 5703 874 5761 ίτον.
993 5699 1017 5727 ι
1051 5688 1142 5744 Cr.
1175 5687 1455 5760 εἴληπται.
1540 5694 1564 5734 γ
1637 5684 1729 5742 Cr.
1771 5684 1889 5738 sine
1918 5684 1971 5755 ἦ.

320 5756 432 5830 γὰρ
459 5758 508 5810 οἰ
544 5756 844 5828 χριόμεελοι.
