4072 6458
397 389 535 454 H39

1530 389 1871 451 ΑΜΜΟΝΙῙ
1909 388 2437 448 ALEXANDRINI

3519 378 3669 442 1440

401 504 788 571 necessarium,
811 511 867 560 et
911 501 1073 560 aliter
1119 504 1291 559 vitam
1338 503 1587 559 obtinere
1636 519 1742 558 non
1793 518 1973 574 posse,

2098 502 2254 566 ἱλλως
2294 500 2436 572 ἔχειν
2477 498 2644 571 ζωὴν,
2692 495 2877 568 φησιν,
2920 513 2940 548 ι
2987 493 3115 548 Ἐάν
3159 492 3235 565 μή
3280 505 3362 552 τις
3424 509 3525 561 μου
3555 491 3664 562 τὴν

397 597 526 654 dicit
553 615 568 651 :
602 595 727 651 Nisi
750 597 1200 651 manducaveritis
1230 611 1442 650 carnem
1473 612 1667 661 meam,
1695 606 1800 649 etc.

473 685 591 741 Non
614 687 911 757 participes
936 695 1097 742 erunt
1119 688 1244 741 vita:
1270 695 1489 741 aeternae
1518 686 1609 755 qui
1639 701 1736 757 per
1764 694 1972 757 myste-

400 778 603 832 riorum
638 777 1111 848 participationem
1151 777 1360 843 Jesum,
1403 792 1592 832 veram
1643 791 1709 832 ex
1741 777 1978 832 essentia

400 869 589 931 vitam,
632 884 737 923 non
788 880 1135 938 receperunt.
1189 869 1369 936 Quare
1408 872 1612 926 etenim
1658 887 1874 942 semper
1913 874 1979 927 ad

402 961 860 1014 resurrectionem
900 961 1079 1015 redit?
1103 960 1175 1017 Ut
1211 963 1460 1016 ostendat
1494 964 1805 1019 credentem
1840 965 1894 1019 in
1923 978 1982 1018 se

401 1065 506 1104 non
538 1050 593 1103 in
628 1059 894 1106 eternum
922 1054 1271 1109 moriturum.
1309 1055 1416 1111 Sed
1452 1072 1673 1112 carnem
1706 1073 1859 1113 suam
1884 1073 1977 1110 vc-

402 1156 520 1195 rum
538 1141 720 1197 cibum
743 1152 919 1211 vocat,
953 1154 1007 1201 et
1035 1147 1352 1217 sanguinem
1381 1162 1569 1203 verum
1604 1158 1810 1220 potum,
1839 1149 1979 1219 quod

401 1234 580 1290 salvas
608 1235 817 1290 faciunt
848 1236 1061 1293 animas
1093 1239 1457 1295 credentium.

473 1411 612 1468 Cum
659 1422 839 1469 autem
871 1415 923 1470 id
952 1415 1070 1472 lleri
1105 1432 1267 1487 posse
1306 1426 1609 1488 negarent,
1659 1432 1765 1473 non
1807 1419 1982 1474 solum

405 1520 510 1558 non
550 1504 664 1559 ﬁeri
701 1520 805 1559 non
840 1520 1033 1575 posse,
1067 1509 1197 1577 quin
1225 1519 1279 1560 et
1318 1523 1580 1578 perquam
1615 1510 1983 1564 necessarium

405 1596 662 1649 ostendit.
700 1595 834 1650 Vitae
875 1598 1143 1666 siquidem
1170 1606 1390 1653 aeternae
1419 1598 1586 1654 futuri
1617 1609 1744 1655 sunt
1792 1615 1984 1655 exsor-

410 1695 513 1751 tes,
544 1688 634 1755 qni
665 1686 716 1742 in
753 1702 909 1741 sacra
939 1690 1322 1744 communione
1347 1689 1556 1755 Jesum,
1583 1699 1767 1761 utpote
1792 1700 1983 1745 natura

408 1793 505 1831 sna
537 1777 703 1833 vitam
730 1779 1109 1844 exsistcntem,
1143 1795 1248 1833 non
1273 1781 1638 1850 susceperint.

480 1868 646 1923 Vsus.
684 1868 773 1923 56.
828 1888 847 1920 ι
875 1868 1016 1923 Coro
1050 1871 1191 1923 enim
1237 1886 1356 1925 mea
1403 1886 1528 1925 vere
1577 1879 1663 1925 est
1706 1872 1902 1928 cibus:
1934 1881 1989 1927 et
2017 1852 2060 1907 Β

409 1958 632 2027 sanguis
663 1971 837 2021 meus,
865 1972 994 2012 vere
1018 1966 1102 2012 est
1128 1967 1307 2026 polus.
1337 1977 1356 2009 ι

484 2050 610 2105 Haec
662 2049 823 2114 dixit,
872 2050 1187 2113 ostendens,
1231 2066 1337 2104 non
1384 2053 1520 2107 meri
1580 2053 1817 2109 hominis
1868 2070 1991 2111 esse

409 2154 656 2204 carnem,
682 2141 775 2195 sed
808 2140 1095 2209 ipsittsmet
1119 2138 1265 2206 Filii,
1300 2149 1410 2196 tota
1450 2142 1739 2199 divinitate
1761 2146 1991 2202 sanctis-

409 2232 563 2285 sima)
597 2231 885 2286 Trinitatis
913 2232 1147 2301 plenam.

477 2319 643 2377 Vsus.
694 2322 784 2377 57.
842 2341 861 2374 ι
894 2322 995 2388 Qui
1045 2323 1341 2379 manducat
1398 2340 1572 2380 meam
1623 2341 1887 2394 carnem,
1934 2339 1991 2383 et

411 2412 546 2466 bibit
587 2428 765 2469 meum
814 2414 1161 2486 sanguinem,
1209 2416 1263 2471 in
1316 2432 1405 2472 me
1450 2426 1657 2484 manet,
1703 2428 1760 2473 et
1791 2435 1891 2491 ego
1936 2422 1988 2475 in

410 2503 524 2557 illo.
559 2522 579 2555 ι

482 2596 948 2661 Quemadmodum
978 2600 1087 2654 cibi
1109 2600 1398 2657 sensibiles
1419 2603 1575 2659 nobis
1599 2605 1992 2675 contemperati

410 2703 612 2756 corpus
639 2697 974 2755 sustentant,
1017 2691 1097 2746 sic
1136 2700 1193 2745 et
1232 2694 1459 2764 mystica
1488 2695 1798 2749 communio
1842 2706 1996 2750 natu-

411 2779 582 2831 ralem
633 2779 1041 2848 quodammodo
1073 2784 1366 2851 quamdam
1402 2785 1840 2855 conjunctionem
1883 2787 1996 2842 elli-

410 2872 515 2932 cit,
544 2869 824 2925 Christum
860 2888 982 2927 cum
1012 2873 1154 2929 ﬁdeli
1187 2877 1615 2933 commiscendo.

487 2959 646 3016 Vsus.
675 2963 766 3020 58.
811 2982 831 3016 t
867 2965 1021 3019 Sicut
1060 2967 1210 3021 misit
1254 2983 1339 3023 me
1371 2971 1557 3024 vivens
1601 2970 1782 3035 Pater,
1815 2979 1871 3026 et
1897 2986 1997 3041 ego

417 3054 539 3106 vivo
573 3065 798 3123 prepter
829 3054 1069 3123 Patrem,
1096 3066 1152 3113 et
1185 3059 1279 3128 qui
1321 3063 1615 3115 manducat
1644 3076 1751 3126 tne,
1795 3070 1850 3115 et
1883 3063 1997 3131 ipse

414 3144 559 3197 vivet
588 3156 807 3214 propter
839 3161 943 3200 me.
975 3166 996 3200 ι

488 3232 656 3292 Filius
706 3248 902 3293 natura
949 3241 1060 3294 vita
1100 3250 1205 3305 est,
1254 3241 1385 3297 nulli
1421 3243 1579 3297 alteri
1622 3243 1786 3299 vitam
1836 3259 1992 3301 acce-

420 3337 563 3395 ptam
592 3328 809 3395 ferens;
845 3332 952 3386 hoc
998 3332 1143 3386 enim
1191 3333 1392 3388 animal
1434 3335 1760 3405 appellatur.
1807 3336 1994 3408 Neque

419 3419 585 3482 igitur
618 3437 812 3499 nomen
858 3423 1112 3480 animalis
1142 3424 1211 3482 de
1246 3427 1378 3494 Deo,
1420 3443 1597 3499 neque
1643 3446 1841 3487 nomen
1872 3432 1995 3487 vita:

419 3508 486 3561 tle
514 3519 760 3563 creatura
794 3517 1197 3580 pronuntiatur.

490 3596 653 3652 Vens.
687 3600 776 3655 59.
823 3620 843 3653 ι
877 3602 976 3657 Hic
1003 3614 1088 3659 est
1117 3606 1271 3674 panis
1299 3609 1391 3678 qui
1418 3609 1483 3663 de
1517 3610 1656 3665 caelo
1692 3610 1993 3669 descendit.

421 3687 538 3742 Non
579 3691 720 3744 sicut
750 3696 1216 3751 manducaverunt
1247 3709 1431 3767 patres
1477 3703 1640 3757 vestri
1678 3718 1896 3770 manna,
1941 3715 1998 3761 et

426 3781 623 3833 mortui
666 3792 810 3837 sunt.
854 3783 956 3851 Qui
999 3789 1289 3845 manducat
1333 3791 1479 3846 hunc
1506 3806 1724 3863 panem,
1751 3796 1898 3851 vivet
1944 3796 1996 3852 in

420 3886 521 3929 a'lu
531 3892 703 3934 l'llllm.
739 3898 759 3931 ι

494 3969 597 4034 Qui
636 3970 808 4026 credit
840 3972 1013 4042 ipsum
1040 3975 1106 4029 de
1138 3976 1276 4032 εαξιο
1305 3993 1498 4048 panem
1529 3979 1793 4049 praebere,
1825 3985 2001 4039 credit

426 4076 640 4129 quoque
672 4063 845 4131 ipsum
874 4066 1042 4121 vitam
1073 4068 1206 4123 dare
1236 4073 1647 4141 sempiternam.
1680 4074 1781 4140 Qui
1817 4077 2001 4148 itaque

429 4168 625 4207 manna
678 4158 1063 4224 comederunt,
1123 4176 1465 4232 nequaquam
1513 4167 1579 4221 de
1621 4167 1761 4223 cmlo
1806 4184 1999 4237 panem

426 4249 823 4303 manducartmt
869 4253 1011 4306 unde
1041 4261 1093 4306 et
1121 4257 1321 4309 mortui
1353 4266 1501 4312 sunt.

497 4334 661 4393 Vsus.
693 4340 784 4394 61.
824 4360 844 4394 ι
876 4341 1023 4397 Multi
1080 4360 1213 4416 ergo
1257 4348 1541 4402 audientes
1597 4364 1666 4403 ex
1719 4349 2001 4420 discipulis

425 4427 568 4496 ejus,
602 4429 852 4486 dixerunt
887 4449 901 4487 :
944 4434 1119 4490 Durus
1147 4444 1230 4491 est
1257 4434 1345 4490 hic
1377 4450 1590 4506 sermo,
1636 4448 1693 4494 et
1737 4441 1859 4509 quis
1907 4457 2006 4511 po-

430 4529 535 4575 test
564 4536 688 4576 eum
717 4525 908 4579 audire
935 4525 959 4579 τ
988 4544 1008 4577 ι

498 4612 613 4668 Non
642 4614 1000 4689 intelligentes
1023 4630 1146 4687 quae
1174 4616 1516 4683 dicebantur,
1554 4633 1624 4672 ne
1673 4619 1891 4688 quidem
1924 4622 2000 4678 in-

429 4714 706 4774 terrogare
748 4722 811 4762 ac
842 4709 1049 4764 discere
1088 4707 1393 4763 voluerunt.
1449 4705 1574 4765 Haec
1595 4709 1849 4767 diwbant
1875 4714 1999 4785 quia

430 4796 653 4850 vm-bum
679 4796 889 4852 Domini
922 4797 1159 4851 humano
1196 4810 1348 4853 more
1371 4796 1761 4868 intelligebant.

505 4886 668 4942 Vsus.
712 4890 805 4944 63.
869 4906 887 4939 t
920 4887 977 4941 Si
1023 4904 1153 4957 ergo
1215 4888 1459 4946 videritis
1511 4891 1706 4948 Filium
1768 4895 2002 4952 hominis

430 4980 837 5048 ascendentem,
870 4981 959 5033 ubi
994 4990 1114 5035 erat
1147 4982 1342 5053 prius?
1382 5002 1400 5036 ι

500 5070 641 5127 Deus
670 5074 1007 5140 incarnatus,
1037 5073 1207 5144 ipsius
1244 5066 1328 5131 est
1360 5076 1530 5133 Filius
1563 5079 1816 5134 hominis.
1875 5078 1993 5135 Non

431 5173 612 5216 autem
663 5163 837 5230 ipsum
894 5176 1091 5233 corpus
1138 5178 1360 5223 vocatur
1394 5170 1561 5226 Filius
1602 5172 1860 5236 hominis,
1922 5171 1998 5225 uti

433 5254 573 5307 tnalc
602 5253 801 5309 docens
830 5253 1115 5314 Marcellus
1167 5274 1460 5318 asseverat.
1514 5264 1700 5318 Semel
1753 5264 1887 5332 ipse,
1918 5262 2006 5316 itt-

372 5426 375 5431 γ
432 5343 571 5410 quit,
605 5358 637 5396 e
667 5341 804 5398 caelo
836 5346 1179 5405 descendisse
1206 5350 1382 5418 docet,
1416 5352 1672 5420 quoniam
1699 5351 1840 5406 Deus
1865 5358 2005 5414 erat,

432 5437 566 5490 ctin
600 5450 766 5492 carne
792 5442 1136 5511 cernebatur,
1187 5453 1237 5498 et
1289 5445 1414 5515 quia
1448 5458 1579 5499 caro
1619 5443 1736 5511 ejus
1790 5443 2003 5498 viviﬁca

435 5524 856 5587 demonstratur.
1941 5520 1956 5531 ’

510 5616 670 5673 Vens.
700 5620 791 5678 64.
842 5640 862 5677 ι
894 5623 1127 5696 Spiritus
1163 5637 1244 5681 est
1288 5626 1379 5697 qui
1409 5624 1686 5681 viviﬁcat:
1735 5640 1865 5681 caro
1900 5641 2005 5681 non

516 5769 541 5817 τ
572 5773 667 5835 Cr.
696 5778 1161 5851 πεπληρωμένης.
1243 5784 1268 5822 ⁸
1292 5781 1379 5836 Cr.
1414 5781 1670 5851 Χριστός.
1750 5781 1773 5819 ¹ι
1811 5780 1902 5837 Cr.
1933 5781 2054 5836 add.
2087 5783 2163 5835 τὸ.

2080 595 2259 667 σάρκα
2308 594 2482 667 φάγῃ,
2520 611 2539 645 ι
2600 591 2696 645 καὶ
2746 588 2815 644 τά
2872 586 3019 658 ἑξῆς.
3076 580 3304 657 [Cum]
3373 582 3663 652 ’Λμέτοχοι

2078 689 2297 743 ἔσεσθαι
2329 688 2429 758 τῆς
2459 684 2679 741 αἰωνίου
2711 681 2859 752 ζωῆς
2879 681 2929 734 οἱ
2952 680 3026 751 μὴ
3055 678 3144 732 διὰ
3172 677 3273 748 τῆς
3299 675 3666 747 μεταλήψεως

2080 781 2186 834 τῶν
2224 776 2506 851 μυστικῶν
2533 771 2968 846 παραδεξάμενοι
3006 768 3099 822 τὸν
3143 766 3374 838 Ἰησοῦν,
3403 764 3496 819 τὸν
3527 765 3665 819 ὅντα

2079 873 2224 946 ζωὴν
2276 872 2422 927 κατὰ
2471 870 2654 940 φύσιν.
2703 866 2803 919 Διὰ
2826 866 2877 919 τί
2907 864 2966 919 δὲ
3002 862 3240 933 συνεχῶς
3303 859 3529 932 στρέφει
3558 858 3671 928 τὴν

2079 967 2402 1031 ἁνάστασινς
2433 962 2555 1017 Ἵνα
2589 959 2738 1031 δείξῃ
2766 958 2898 1012 ὅτιὸ
2934 956 3013 1019 είς
3053 954 3218 1007 αὐτὸν
3252 952 3523 1005 πιστεύων
3558 950 3666 1004 οὐκ

2079 1055 2432 1111 ἀποθανεῖται
2461 1053 2542 1116 εἰς
2571 1050 2724 1114 τέλος
2743 1065 2757 1080 ·
2788 1047 2964 1117 ἀληθῆ
2994 1045 3052 1099 δὲ
3098 1042 3303 1116 βρῶσιν
3336 1040 3435 1114 τὴν
3464 1039 3673 1095 ἑαυτοῦ

2083 1151 2265 1222 σάρκα
2304 1145 2503 1213 καλεῖ,
2545 1144 2641 1199 καὶ
2682 1143 2745 1196 τὸ
2775 1139 2915 1213 αἷμα
2948 1138 3113 1194 αὐτοῦ
3149 1136 3328 1208 ἁληθῆ
3365 1136 3545 1202 πόσιν,
3572 1134 3666 1190 διὰ

2082 1244 2143 1297 τὸ
2171 1242 2366 1307 σώζειν
2388 1238 2488 1303 τὰς
2511 1236 2690 1309 ψυχὰς
2712 1235 2822 1290 τῶν
2851 1233 3033 1287 πίστει
3075 1228 3419 1302 μετεχόντων
3457 1227 3663 1283 αὐτῶν.

2084 1333 2313 1411 [σλιπ]

2165 1422 2388 1493 Ἐπειδὴ
2410 1420 2466 1475 δὲ
2499 1420 2685 1488 ἔλεγον
2710 1417 2792 1471 δτι
2821 1415 3083 1473 ἀδύνατον
3101 1411 3261 1467 τοῦτό
3294 1412 3433 1474 ἐστι,
3455 1409 3671 1464 δείκνυ-

2086 1536 2171 1573 σιν
2202 1519 2286 1571 ὅτι
2331 1516 2392 1569 οὐ
2422 1514 2581 1585 μόνον
2612 1512 2898 1576 ἀδύνατον,
2926 1507 3065 1562 άλλᾶ
3114 1505 3212 1561 καὶ¹
3255 1504 3464 1575 σφόδρα
3492 1503 3669 1569 ἀναγ-

2086 1613 2261 1665 καῖον.
2313 1605 2601 1677 Ἀμέτοχοι
2651 1605 2762 1675 γὰρ
2814 1602 3029 1655 ἔσονται
3068 1599 3167 1670 τῆς
3220 1596 3443 1652 αἰωνίου
3492 1594 3665 1664 ζωῆς

2085 1708 2133 1757 οί
2177 1702 2251 1774 μὴ
2283 1701 2372 1755 διὰ
2409 1699 2510 1770 τῆς
2547 1696 2925 1771 μεταλήψεως,
2968 1693 3079 1748 τῶν
3126 1689 3408 1764 μυστικῶν
3432 1688 3673 1760 παραδε-

2088 1796 2310 1864 ξάμενοι
2344 1792 2436 1846 τὸν
2474 1788 2704 1862 Ἰησοῦν,
2735 1788 2826 1842 τὸν
2855 1787 2985 1841 ὄντα
3013 1784 3160 1856 ζωὴν
3185 1783 3329 1839 κατά
3355 1781 3539 1852 φύσιν.

2165 1904 2183 1936 ι
2232 1885 2297 1938 Ἦ
2324 1883 2436 1953 γὰρ
2488 1882 2627 1951 σάρξ
2658 1897 2760 1952 μου
2792 1876 3011 1948 ἀληθῶς
3053 1877 3170 1929 ἐστι
3208 1873 3434 1947 βρῶσις,
3472 1874 3568 1928 καὶ
3606 1872 3672 1926 τὸ

2086 1972 2229 2045 αἷμά
2260 1993 2386 2044 μου,
2414 1973 2628 2045 άληθῶς
2660 1975 2779 2026 ἐστι
2811 1971 2991 2033 πόσις.
3031 1987 3051 2021 ι

2159 2066 2343 2119 Ταῦτα
2372 2064 2542 2131 λέγει,
2592 2063 2807 2125 δεικνὺς
2837 2061 2919 2113 ὅτι
2948 2058 3049 2112 οὐκ
3077 2053 3145 2127 ἦν
3177 2054 3338 2124 ψιλοῦ
3376 2052 3679 2124 ἀνθρώπου

2088 2158 2123 2227 ἡ
2151 2153 2309 2226 σὰρξ,
2353 2153 2490 2206 ἀλλὰ
2524 2151 2618 2205 τοῦ
2666 2149 2824 2216 Υἱοῦ,
2871 2142 3324 2217 πεπληρωμένηπ
3362 2145 3542 2214 πάσης
3570 2143 3673 2213 τῆς

2090 2249 2347 2318 θεότητος
2375 2245 2476 2315 τῆς
2499 2242 2754 2315 Τριάδος.

2166 2359 2186 2392 ι
2235 2340 2294 2392 'O
2326 2336 2557 2408 τρώγων
2593 2351 2694 2405 μου
2736 2331 2837 2404 τὴν
2866 2330 3068 2401 σάρκα,
3100 2329 3197 2382 καὶ
3242 2328 3417 2383 πίνων
3473 2344 3575 2397 μου
3606 2326 3673 2378 τὸ

2092 2427 2264 2505 αἷμα,
2290 2432 2347 2485 ὲν
2376 2428 2500 2502 ἐμοὶ
2527 2427 2703 2501 μένει,
2727 2424 2884 2495 κάγὼ
2913 2425 2971 2477 ὲν
3003 2421 3173 2493 αὐτῷ.
3197 2444 3219 2479 ι

2165 2611 2379 2678 Ὥσπερ
2403 2607 2460 2660 αἱ
2491 2600 2751 2674 αἰσθηταὶ
2782 2601 2986 2671 τροφαὶ
3035 2598 3167 2668 ήμῐν
3222 2588 3675 2663 ἀνακιρνὼμεναι

2097 2700 2389 2756 συνιστῶσι
2417 2697 2479 2751 τὸ
2509 2695 2691 2766 σῶμα,
2717 2690 2861 2745 οὕτω
2885 2692 2983 2744 καὶ
3010 2689 3043 2759 ή
3082 2684 3323 2759 μυστικὴ
3347 2682 3677 2755 μετάληψις,

2095 2795 2287 2865 ὥσπερ
2314 2789 2437 2844 τινὰ
2490 2784 2729 2857 φυσικὴν
2765 2782 3081 2851 συνάφειαν,
3122 2779 3285 2843 ποιεῖ,
3312 2777 3406 2830 τὸν
3438 2773 3678 2846 Χριστὸν

2101 2884 2239 2957 μετὰ
2270 2882 2365 2936 τοῦ
2395 2879 2588 2935 πιστοῦ
2622 2874 2998 2945 ἀνακιρνῶσα.

2174 2996 2193 3027 t
2236 2972 2435 3037 Καθὼς
2472 2966 2766 3026 ἀπέστειλὲ
2802 2982 2872 3037 με
2912 2967 2941 3019 ὁ
2979 2963 3090 3029 ζῶν
3143 2960 3358 3032 Πατὴρ,
3398 2957 3551 3027 κάγὼ
3591 2958 3675 3021 ζῶ

2098 3070 2186 3123 διΞι
2218 3069 2310 3121 τὸν
2335 3065 2579 3135 Πατέρα,
2620 3061 2714 3114 καὶ
2741 3061 2770 3113 ὁ
2794 3056 3026 3130 τρώγων
3057 3071 3147 3127 με,
3168 3054 3420 3115 κακεῖνος
3448 3051 3665 3121 ζήσεται

2021 3185 2065 3242 c
2097 3162 2164 3215 δι’
2202 3158 2321 3229 ἐμέ.
2358 3177 2377 3210 ι

2168 3250 2333 3303 ⁴ιιύτιει
2378 3247 2490 3317 ζωή
2522 3248 2671 3300 ἐστιν
2704 3246 2732 3299 ὀ
2772 3243 2900 3306 Υἱὸς
2918 3243 2966 3309 ε,
3012 3239 3073 3294 οὐ
3109 3236 3239 3309 παρ’
3277 3235 3467 3307 ἐτέρου
3487 3230 3670 3286 λαϐὼν

2099 3340 2160 3392 τὸ
2188 3339 2287 3409 ζῇν
2314 3353 2329 3367 ο
2368 3334 2525 3389 τοῦτο
2558 3334 2666 3405 γὰρ
2695 3331 2835 3399 ζῶον
2874 3330 3145 3385 καλεῖται.
3191 3326 3332 3381 Οὔτε
3361 3324 3455 3383 οῦν
3500 3323 3561 3377 τὸ
3580 3322 3685 3374 τοῦ

2101 3420 2241 3494 ζὼὃυ
2281 3428 2454 3499 ὄνομα
2479 3427 2734 3480 τάττεται
2765 3424 2859 3479 ἐπὶ
2887 3422 3048 3490 Θεοῦ,
3077 3420 3202 3474 οὔτε
3224 3420 3249 3460 ιι
3278 3418 3377 3489 τῆς
3413 3416 3558 3487 ζωῆς
3583 3416 3682 3466 ἐπὶ

2101 3521 2201 3590 τῆς
2237 3521 2495 3583 κτίσεως.

2177 3631 2196 3665 t
2234 3606 2400 3675 Οὗτός
2431 3614 2581 3665 ἐστιν
2605 3613 2634 3665 ὁ
2664 3610 2850 3681 ἄρτος,
2879 3610 2907 3662 ὁ
2929 3610 2992 3662 ἐκ
3025 3605 3121 3660 τοῦ
3150 3601 3383 3677 οὐρανοῦ
3410 3600 3691 3665 καταϐάς.

2103 3709 2178 3761 Οὐ
2213 3706 2395 3770 καθὼς
2434 3704 2636 3775 ἔφαγον
2664 3705 2714 3758 οἱ
2768 3703 3008 3774 πατέρες
3047 3699 3203 3770 ὑμῶν
3247 3699 3309 3753 τὸ
3359 3697 3557 3768 μάννα,
3588 3695 3691 3749 καὶ

2104 3801 2394 3855 ἀπέθανον.
2442 3798 2500 3852 ’0
2546 3796 2775 3869 τρώγων
2811 3792 3002 3847 τοῦτον
3035 3792 3127 3846 τὸν
3168 3790 3356 3861 ἄρτον,
3412 3789 3570 3859 ζήσει
3600 3787 3693 3850 εἰς

2103 3895 2195 3947 τὸν
2227 3891 2421 3946 αἰῶνα.
2454 3909 2473 3943 ι
3512 3890 3521 3897 ·

2188 3983 2246 4035 ὐ
2281 3980 2551 4035 πιστεύων
2578 3980 2660 4033 ὅτι
2710 3976 2771 4043 ἐξ
2801 3974 3034 4047 οὐρανοῦ
3071 3974 3273 4028 δίδοται
3303 3974 3332 4026 ὁ
3376 3972 3561 4043 ἄρτος,
3594 3986 3691 4021 πι-

2108 4075 2291 4129 στεύει
2321 4075 2402 4127 ὄτι
2431 4074 2525 4126 καὶ⁸
2570 4072 2714 4142 ζωὴν
2770 4070 2991 4123 αἰώνιον
3022 4067 3262 4120 δίδωσιν.
3294 4063 3505 4119 Οὐκοῦν
3544 4062 3597 4116 οἱ
3626 4061 3701 4115 τὸ

2110 4169 2287 4239 μάννα
2321 4164 2613 4234 φαγόντες,
2648 4164 2752 4216 οὐκ
2782 4161 2989 4231 ἔφαγον
3023 4160 3113 4213 τὸν
3147 4159 3208 4226 se
3237 4156 3468 4229 οὐρανοῦ
3494 4155 3699 4226 ἄρτον,

2108 4258 2170 4323 ἐξ
2195 4251 2270 4310 ὧν
2297 4256 2593 4310 ἀπέθανον.

2185 4365 2206 4400 ι
2246 4345 2436 4399 Πολλοὶ
2480 4342 2575 4398 οὖν
2604 4341 2937 4404 ἀκούσαντες
2983 4342 3049 4393 ὲκ
3075 4338 3181 4393 τῶν
3223 4335 3484 4408 μασητῶν
3516 4332 3701 4416 αιξτοῦ

2112 4435 2263 4494 εἴτην
2284 4456 2298 4471 ε
2331 4437 2575 4509 Σκληρός
2602 4424 2747 4489 ἐστιν
2770 4428 2926 4498 οὗτος
2951 4434 2979 4486 ὁ
3007 4432 3186 4501 λόγος,
3220 4429 3303 4495 τίς
3330 4427 3555 4483 δύναται
3583 4426 3692 4482 αὑ-

2038 4537 2082 4592 D
2113 4532 2204 4585 τοῦ
2236 4531 2490 4594 ἁκούεινς
2535 4548 2553 4579 ι

2179 4625 2271 4693 Μὴ
2298 4621 2543 4685 νοοῦντες
2567 4620 2636 4673 τὰ
2663 4618 2955 4690 λεγόμενα,
2993 4615 3119 4669 οῦτε
3146 4613 3421 4687 ἐρωτῆσαι
3451 4612 3547 4665 καὶ
3576 4628 3693 4680 μαο

2111 4716 2224 4770 Θεϊν
2252 4714 2545 4784 ὴνὲγχοντο
2577 4713 2618 4763 ἱ.
2649 4711 2849 4783 [Clum
2885 4707 3037 4781 sum]
3068 4706 3241 4761 Τοῦτο
3289 4701 3464 4769 εἷπον,
3501 4702 3707 4773 ἐπειδὴ·

2109 4806 2575 4876 ἁνΘρωπινότερον
2602 4804 2800 4874 ἢκουον
2834 4801 2925 4855 τὸν
2954 4800 3048 4855 τοῦ
3076 4798 3282 4869 Κυρίου
3316 4797 3496 4865 λόγον.

2186 4916 2206 4949 ι
2259 4895 2382 4949 ἘΞιν
2419 4890 2511 4949 οὖν
2532 4894 2775 4965 Θεωρῆτε
2797 4893 2889 4946 τὸν
2926 4890 3055 4944 Υἰὸν
3091 4888 3186 4943 τοῦ
3222 4886 3513 4959 ἀνθρώπου
3546 4886 3690 4939 ἀνα·

2106 4988 2359 5043 ϐαίνοντα
2389 4988 2525 5040 ὅπου
2556 4982 2625 5057 ἦν
2657 4986 2717 5038 τδ
2746 4984 3037 5055 πρότερον.
3078 5001 3097 5033 ι

2190 5075 2252 5130 '0
2286 5074 2587 5147 σαρκωθεὶς
2630 5072 2785 5139 Θεὸς,
2827 5072 2991 5135 αὑτός
3039 5072 3190 5123 ἐστιν
3216 5070 3245 5123 ὁ
3277 5067 3407 5130 Υιὸς
3452 5063 3547 5118 τοῦ
3591 5063 3693 5117 ἀνρ
3750 5067 3761 5075 ’

2113 5166 2357 5239 Ορὼπου.
2405 5166 2478 5220 Οὐ
2518 5164 2624 5237 μὴν
2675 5163 2811 5218 αὐτὸ
2846 5162 2909 5216 τὸ
2944 5161 3106 5231 σῶμα
3147 5157 3398 5223 καλεῖται
3446 5155 3561 5218 υἱὸς
3598 5154 3679 5207 ἀνι

2114 5257 2356 5331 θρώπου,
2404 5258 2481 5322 ὡς
2518 5255 2706 5319 κακῶς
2753 5253 3100 5325 δογματίζων
3151 5247 3473 5322 Μάρκελλός
3514 5261 3655 5316 φησι
3680 5258 3696 5277 ι

2113 5350 2290 5419 λέγων
2349 5349 2540 5404 ἑαυτὸν
2568 5347 2628 5413 ἐξ
2670 5346 2905 5419 οὐρανοῦ
2934 5342 3377 5412 καταϐεϐηκέναι
3400 5378 3416 5403 ,
3442 5336 3697 5392 διδάσκει

2114 5442 2196 5496 ὅτι
2227 5440 2361 5505 Θεὸς
2402 5435 2493 5511 ἦν,
2537 5439 2633 5494 καὶ
2679 5440 2738 5492 ὲν
2773 5437 2940 5508 σαρκὶ
2967 5436 3190 5507 ὁρᾶται,
3243 5433 3339 5487 καὶ
3373 5431 3454 5485 ὅτι
3485 5432 3517 5494 ἡ
3554 5428 3709 5495 επὶ-[ξ

2114 5531 2282 5588 αὐτοῦ
2312 5530 2581 5597 ζωοποιδς
2615 5532 2811 5602 ὁρᾶται

2190 5644 2209 5677 ι
2242 5625 2316 5677 Τὸ
2335 5621 2561 5694 Πνεῦμά
2576 5623 2694 5675 ἐστι
2721 5621 2783 5674 τὸ
2808 5619 3107 5686 ζωοποιοῦν
3156 5620 3190 5688 ἡ
3216 5615 3350 5687 σὰρξ
3365 5613 3463 5666 οὐκ
3490 5609 3699 5680 ὠφελεί

2261 5784 2271 5821 ί
2317 5779 2406 5834 Cr.
2444 5778 2738 5849 ἠνείχοντο.
