4072 6406
375 308 506 375 1441

1442 316 1912 378 FRAGMENTA
1944 316 2027 377 ΙΝ
2065 317 2124 378 S.
2166 316 2543 380 JOANNEM.

3509 306 3648 390 141.2

368 423 543 476 οὖδίν.
590 420 671 475 Τὰ
713 420 932 493 ῥήματα
972 419 1006 474 ἃ
1052 419 1164 490 ἐγὼ
1188 419 1337 474 λαλῶ
1385 421 1535 492 ὑμῖν,
1567 422 1786 495 πνεῦμά
1819 425 1953 489 ἐστι,

2063 425 2284 493 prodest
2330 425 2652 497 quidquam.
2707 424 2883 482 Verba
2938 442 3060 498 qua:
3108 443 3211 501 ego
3264 427 3479 489 locatus
3516 449 3643 487 sum

371 516 464 568 καὶ
496 514 609 586 ζωή
644 515 811 569 ἐστιν.
849 532 870 565 ι

442 605 669 677 Πνεῦμά
710 623 875 676 φησιν
905 647 920 673 ,
943 606 1081 677 ξάντὶ
1118 605 1245 674 τοῦ,
1276 607 1623 679 πνευματικά
1651 609 1820 676 ἐστιν,
1856 608 1957 662 οὐκ

369 698 563 768 ἔχοντα
597 697 834 770 φυσικὴν
875 697 1217 766 ἀκολουθίαν,
1263 698 1381 752 ἀλλ’
1414 699 1521 767 ἔξω
1568 700 1687 754 ἐστὶ
1715 703 1814 774 τῆς
1845 719 1959 755 τοι·

369 790 542 860 αότης
591 791 858 863 ἀνάγκης.
900 789 1128 863 Πνεῦμα
1156 786 1261 845 ὧδε
1294 791 1451 845 καλεῖ
1482 794 1586 862 τὴν
1627 794 1808 866 σάρκα
1856 812 1958 849 πε-

369 880 741 954 πληρωμένην
781 884 882 954 τῆς
939 882 1210 948 ζωοποιοῦ
1267 885 1590 956 Πνεῦματος
1649 887 1950 959 ἐνεργείας.

368 975 538 1029 Μένει
575 976 686 1045 γὰρ
713 975 748 1045 ἡ
779 974 916 1047 σὰρξ
950 974 1105 1046 σάρξ.

444 1086 464 1118 ι
523 1066 825 1139 Ἀπεκρίθη
873 1067 1061 1131 αὐτοῖς
1106 1068 1135 1120 6
1191 1066 1439 1141 Ἰησοῦς⁹
1491 1069 1605 1122 Οὐκ
1650 1070 1762 1138 ἐγὼ
1813 1070 1957 1142 ὑμᾶς

365 1161 492 1223 τοὺς
525 1158 734 1213 δώδεκα
764 1159 1121 1231 ἐξελεξάμην,
1161 1161 1257 1214 καὶ
1301 1160 1361 1225 ἐξ
1395 1160 1552 1232 ὑμῶν
1596 1155 1678 1226 εἷς
1713 1162 1959 1229 διάϐολός

367 1253 516 1305 ἐστιν
537 1267 553 1316 ς
592 1270 611 1302 ι

437 1340 611 1406 Εἰδὼς
652 1342 713 1396 τὸ
751 1343 1009 1415 ἐσόμενον
1044 1344 1073 1396 6
1126 1344 1361 1415 Ἰησοῦς,
1414 1344 1491 1410 ὡς
1524 1344 1680 1415 Θεὸς,
1726 1350 1873 1401 ποιεῖ
1896 1347 1960 1401 τὸ

367 1433 597 1503 ἀγαθὸν,
630 1435 724 1489 καὶ
771 1434 1029 1507 δωρεῖται
1056 1433 1127 1489 τὰ
1151 1434 1483 1506 άξιάγαστα.
1515 1436 1664 1508 Πλὴν
1696 1438 1800 1493 οὐκ
1827 1439 1959 1493 ἀνα-

366 1525 559 1595 τρέπει
587 1524 746 1595 ὴμῶν
787 1525 850 1578 τὸ
896 1524 1245 1593 αὐτεξούσιον
1266 1544 1281 1559 ’
1311 1525 1475 1591 αὐτὸς
1519 1525 1628 1599 γὰρ
1666 1527 1726 1583 τὸ
1758 1527 1956 1583 ἑαυτοῦ

368 1618 543 1680 ποιεῖ,
600 1617 659 1669 ἐν
713 1617 848 1689 ἡμῖν
898 1617 956 1671 δέ
987 1619 1104 1672 ἐστι
1147 1617 1212 1672 τὸ
1260 1618 1523 1689 φυλάξαι.
1567 1620 1732 1674 Ὅθεν
1758 1622 1820 1675 οὐ
1863 1622 1958 1677 τὸν

362 1703 504 1759 Θεὸν
555 1706 639 1761 δεῖ
681 1708 962 1762 αἰτιᾶσθαι
1018 1709 1106 1778 ἐφ’
1147 1704 1230 1774 οἷς
1278 1709 1582 1781 εὐεργετεῖ,
1638 1711 1776 1766 ἀλλὰ
1825 1714 1956 1778 τοὺς

2063 514 2238 582 vobis,
2270 517 2495 586 spiritus
2521 527 2575 572 et
2606 518 2715 571 vita
2744 529 2891 573 sunt.
2925 539 2944 571 ι

2133 605 2374 676 Spiritus
2424 617 2572 674 sunt,
2619 607 2817 679 inquit,
2859 609 2911 662 id
2959 617 3045 664 est
3073 608 3362 680 spiritalia,
3410 626 3515 667 non
3550 611 3649 667 ha-

2061 697 2243 752 bentia
2286 699 2591 753 naturalem
2642 701 3112 769 consequentiam,
3160 702 3259 756 sed
3312 702 3647 772 ejuscemodi

2077 788 2386 844 necessitati
2445 789 2669 844 minime
2718 791 2982 860 subjecta.
3042 790 3301 861 Spiritum
3356 791 3448 853 hic
3489 804 3650 847 vocat

2061 894 2284 935 carnem
2316 881 2527 937 vivifica
2566 881 2800 952 Spiritus
2829 882 3146 940 chicacitate
3176 883 3462 954 repletam.
3507 883 3649 942 Caro

2058 973 2204 1027 enim
2239 987 2368 1028 caro
2399 982 2698 1042 permanet.

2130 1065 2296 1121 Vens.
2336 1065 2423 1120 Ἠ.
2462 1084 2481 1117 ι
2512 1066 2811 1136 Respondit
2839 1067 2918 1122 eis
2945 1066 3144 1123 Jesus:
3192 1065 3385 1125 Nonne
3414 1082 3517 1139 ego
3550 1082 3650 1123 vos

2059 1157 2345 1213 duodecim
2376 1158 2511 1230 elegi
2538 1176 2552 1213 :
2599 1168 2654 1215 et
2681 1174 2745 1213 ex
2775 1160 2928 1214 vobis
2960 1175 3098 1214 unus
3128 1158 3374 1231 diabolus
3394 1159 3531 1221 est?
3559 1177 3579 1210 ι

2127 1333 2264 1394 Cum
2293 1331 2452 1391 Jesus
2478 1333 2661 1391 futura
2695 1344 2991 1406 promosset
3037 1344 3097 1391 ut
3141 1335 3307 1401 Deus,
3351 1333 3646 1400 benefacil,

2061 1434 2116 1481 et
2147 1428 2409 1497 stnpemla
2439 1427 2602 1482 etiam
2629 1428 2893 1499 elargitur
2922 1429 3082 1483 bona.
3110 1426 3311 1493 Verum
3336 1427 3647 1483 libertatem

2062 1515 2217 1571 nobis
2265 1516 2683 1586 haudquaquam
2734 1519 2944 1586 eripit:
2997 1519 3115 1588 ipse
3168 1517 3439 1587 siquidem
3498 1517 3647 1586 quod

2063 1622 2221 1663 suum
2255 1620 2340 1664 εει
2373 1608 2526 1671 facit,
2560 1618 2805 1664 nostrum
2852 1618 3034 1664 autem
3069 1619 3154 1669 est
3180 1609 3310 1663 data
3342 1608 3644 1664 custodire.

2063 1697 2181 1754 Non
2227 1699 2413 1771 itaque
2442 1701 2587 1756 Deus
2618 1703 2762 1769 quod
2794 1700 3099 1755 benefaciat
3153 1701 3515 1765 accusandus,
3550 1700 3648 1755 sed

354 1796 547 1867 ἐκοντλ⁸
577 1798 951 1863 ἀπολέσαντας
974 1800 1042 1854 τά
1067 1802 1408 1872 χαρίσματα,
1444 1796 1557 1866 οἷος
1588 1798 1657 1874 ἦν
1684 1805 1712 1858 6
1755 1804 1950 1877 Ἀδὰμ,

2063 1793 2155 1863 qui
2205 1804 2397 1864 sponte
2443 1794 2625 1850 oblata
2678 1796 2818 1849 dona
2874 1793 3247 1863 perdiderunt,
3296 1791 3472 1861 qualis
3528 1803 3648 1846 erat

366 1889 401 1958 ἡ
429 1887 562 1954 Εὕα,
614 1893 642 1943 ό
691 1891 912 1954 Ἰούδας,
971 1893 1065 1946 καὶ
1110 1891 1227 1947 ὅσοι
1280 1894 1710 1966 τοιουτότροποι.
1747 1895 1814 1950 Ei
1861 1899 1958 1953 καὶ

363 1977 509 2046 ἐγὼ,
559 1982 748 2050 φησὶν,
795 1983 940 2053 ὑμᾶς
985 1982 1346 2056 ἐξελεξάμην,
1384 1986 1503 2040 ἀλλ’
1538 1988 1864 2058 αὐθαίρετον
1897 1993 1957 2044 ἐν

363 2068 676 2141 ἀνθρώποις
712 2073 782 2126 τὰ
815 2075 916 2143 τῆς
961 2074 1167 2145 ἀρετῆς
1200 2077 1297 2130 καὶ
1345 2079 1566 2142 κακίας.
1601 2080 1864 2138 Διάϐολον
1896 2082 1954 2137 δὲ

363 2161 522 2215 καλεῖ
546 2161 640 2216 τὸν
666 2163 1010 2235 κολλώμενον
1030 2165 1111 2237 τῷ
1130 2166 1385 2239 διαϐόλῳ,
1407 2170 1504 2224 καὶ
1533 2169 1784 2242 ἑξομοεού
1794 2191 1955 2245 μενον

364 2251 549 2322 αὐτῷ,
581 2254 676 2307 καὶ
714 2254 782 2308 τὰ
822 2255 1031 2327 ἀρεστὰ
1060 2256 1213 2328 αὐτῷ
1256 2257 1538 2314 ποιοῦντα.
1585 2261 1674 2326 Ὠς
1710 2263 1952 2316 ἀποθαυ-

366 2343 557 2415 μάζων
590 2345 749 2429 τοῦτο
785 2341 940 2403 εἶπεν
984 2351 1012 2402 6
1054 2347 1497 2423 Εὑαγγελιστὴς,
1529 2352 1611 2406 ὅτι
1635 2354 1893 2408 τοσοῦτον
1927 2357 1956 2409 6

362 2438 613 2504 διάϐολος
658 2440 918 2511 πολεμεῖ,
971 2440 1050 2505 ὡς
1092 2441 1394 2514 δυνηθῆναι
1439 2444 1539 2499 ἕνα
1586 2444 1696 2498 τῶν
1747 2445 1956 2500 δώδεκα

362 2532 691 2603 ἀφαρπάσαι
710 2570 726 2597 ,
758 2532 868 2587 τῶν
912 2532 1265 2606 ἐγειράντωει
1274 2536 1506 2606 νεκροὺς
1525 2577 1541 2602 ,
1573 2538 1669 2590 καὶ
1694 2535 1956 2608 δαίμονας

362 2623 701 2690 διωξάντων,
736 2626 834 2680 καὶ
864 2626 966 2698 τῆς
1002 2626 1272 2692 ζωοποιοῦ
1325 2628 1420 2682 καὶ⁴
1447 2623 1839 2702 πνευματικῆς
1858 2631 1954 2685 τοῦ

365 2715 574 2786 Κυρίου
603 2715 956 2781 διδασκαλίας
981 2716 1436 2772 ἀπολαυσάντων.

968 2896 1224 2953 ΚΕΦΑΔ.
1276 2898 1352 2952 Z'.

439 3026 459 3060 ι
497 3009 573 3062 Οὐ
609 3009 719 3080 γὰρ
765 3009 960 3081 ἢθελεν
990 3010 1050 3066 ἐν
1083 3013 1151 3083 τῇ
1191 3011 1425 3085 Ἰουδαία
1457 3017 1820 3085 περιπατεῖν
1866 3018 1949 3073 ὅτι

362 3101 590 3174 ἐζήτουν
620 3102 785 3156 αὐτὸν
820 3104 871 3157 οἱ
910 3104 1157 3158 Ἰουδαῖοι
1186 3106 1532 3161 ἀποκτεῖναι.
1576 3128 1595 3161 ι

430 3195 686 3250 Δείκνυσι
714 3196 783 3250 τὰ
807 3196 906 3266 τῆς
932 3195 1379 3268 ἀνθρωπότητος,
1405 3198 1627 3268 φεύγων
1649 3200 1778 3264 τοὺς
1812 3202 1947 3255 Ἰου-

360 3287 580 3354 δαίους,
622 3286 721 3342 καὶ
768 3286 985 3358 ἐλέγχει
1030 3287 1343 3360 Μαρκίωνα
1390 3290 1488 3344 καὶ
1529 3290 1770 3358 Παῦλον,
1821 3294 1949 3357 τοὺς

363 3379 679 3451 εἰρηκότας.
712 3379 794 3433 ὅτι
827 3381 889 3435 οὐ
939 3377 1133 3449 γέγονε
1162 3378 1261 3435 τοῦ
1310 3378 1449 3435 Θεοῦ
1483 3380 1612 3446 Υἱὸς
1660 3381 1950 3456 ἄνθρωπος

364 3469 486 3524 κατ’
512 3469 796 3540 ἀλήθειαν.
1433 3490 1443 3499 ·

438 3578 458 3612 ι
498 3557 671 3614 Εἶπον
702 3557 798 3615 οὖν
826 3561 964 3633 πρὸς
982 3561 1148 3618 αὐτὸν
1178 3562 1228 3616 οῖ
1253 3562 1480 3634 ἀδελφοὶ
1524 3564 1694 3620 αὐτοῦ
1713 3581 1728 3599 °
1762 3566 1950 3622 Μετά-

363 3651 490 3724 ϐηθι
521 3650 798 3718 ἐντεῦθεν,
832 3653 930 3707 καὶ
956 3654 1138 3723 ὕπαγε
1167 3655 1251 3718 είς
1274 3656 1378 3727 τὴν
1425 3658 1712 3726 Ἰουδαίαν,
1747 3661 1833 3714 ἴνα
1857 3660 1955 3713 καὶ

362 3742 412 3793 οἱ
445 3738 685 3810 μαθηταί
714 3756 808 3793 σου
834 3739 1161 3812 θεωρήσωσι
1181 3741 1250 3796 τὰ
1269 3741 1408 3815 ἔργα
1432 3761 1527 3798 σου
1550 3745 1587 3799 ἃ
1611 3749 1807 3812 ποιεῖς.
1843 3766 1862 3800 ι

445 3831 701 3886 Ἐδόκουν
740 3832 934 3903 ψέγειν
976 3834 1054 3897 ὡς
1100 3833 1299 3899 δειλὸν,
1329 3837 1426 3889 καὶ
1465 3839 1651 3910 κρυφῆ
1688 3841 1952 3895 ποιοῦντα

363 3923 434 3978 τὰ
465 3924 703 3995 σημεῖα,
745 3927 839 3980 καὶ
867 3927 947 3989 ὡς
982 3924 1262 3995 φιλόδοξον
1312 3925 1536 3982 θέλοντα
1572 3931 1632 3984 ἐν
1665 3934 1951 4005 παρρησίᾳ

364 4033 523 4070 ειναι.

440 4132 457 4159 ε
497 4108 571 4161 Οὐ
602 4107 827 4163 δύναται
851 4109 880 4162 6
900 4108 1112 4182 κόσμος
1138 4112 1320 4182 μισεῖν
1357 4110 1522 4183 ὑμᾶς,
1557 4114 1658 4184 ἐμὲ
1679 4113 1736 4168 δὲ
1765 4118 1949 4185 μισεῖο

360 4199 442 4252 ὅτι
496 4197 607 4268 ἐγὼ
641 4200 907 4273 μαρτυρῶ
953 4203 1085 4275 περὶ
1132 4203 1336 4268 αὐτοῦ,
1375 4205 1457 4258 ὅτι
1498 4205 1569 4259 τὰ
1601 4205 1740 4277 ἔργα
1784 4208 1953 4263 αὑτοῦ

360 4294 576 4365 πονηρά
606 4294 775 4348 ἐστιν.
820 4313 841 4346 ι

431 4387 656 4456 Κόσμον
678 4386 829 4456 λέγει
847 4389 973 4453 τοὺς
997 4387 1296 4459 μισοῦντας
1318 4389 1389 4443 τὰ
1413 4392 1472 4443 ἐν
1493 4391 1708 4465 κόσμῳ.
1734 4392 1954 4464 Πέμπει

2058 1888 2254 1952 Adam,
2312 1887 2445 1952 Eva,
2497 1886 2688 1953 Judas,
2744 1897 2800 1943 et
2845 1888 2938 1958 qui
2989 1887 3056 1941 iis
3090 1886 3335 1941 moribus
3382 1900 3492 1941 non
3520 1893 3650 1940 sunt

2059 1979 2356 2035 absimiles.
2410 1978 2523 2035 Etsi
2566 1995 2690 2049 ego,
2723 1980 2918 2048 inquit,
2957 1994 3053 2033 vos
3080 1979 3356 2049 elegerim,
3383 1976 3651 2032 nihilomi-

2062 2087 2163 2127 nus
2202 2081 2284 2127 est
2316 2072 2632 2127 hominibus
2661 2071 2909 2134 libertas,
2956 2072 3041 2125 vel
3084 2071 3343 2125 virtutem
3373 2069 3459 2124 vel
3490 2069 3648 2123 mali-

2063 2162 2192 2218 tiam
2227 2162 2610 2232 amplectendi.
2648 2163 2926 2217 Diabolum
2976 2174 3154 2217 aulem
3188 2171 3367 2227 vocat,
3395 2176 3517 2217 eum
3555 2163 3647 2230 qui

2060 2250 2279 2307 diabolo
2310 2252 2575 2319 adhaeret,
2631 2252 2816 2321 illique
2845 2252 3040 2306 similis
3075 2259 3179 2318 est,
3209 2260 3265 2307 et
3296 2266 3416 2320 quae
3447 2252 3495 2305 ei
3529 2251 3649 2320 pla-

2059 2342 2165 2397 cita
2196 2351 2327 2397 sunt
2363 2343 2519 2398 facit.
2561 2343 2907 2414 Evangelista
2940 2346 3042 2398 hoc
3088 2345 3243 2413 quasi
3292 2343 3649 2398 admirabun-

2059 2435 2160 2489 dus
2192 2434 2352 2501 dixit,
2410 2435 2553 2504 quod
2599 2435 2857 2490 nimirum
2913 2434 3162 2490 diabolus
3214 2443 3424 2489 tantum
3477 2449 3651 2503 oppu-

2059 2518 2276 2596 gnaudo
2306 2526 2521 2583 efﬁcere
2553 2529 2803 2594 valuerit,
2838 2538 2895 2580 ut
2926 2543 2993 2581 ex
3034 2528 3142 2581 illis
3165 2527 3448 2582 duodecim
3481 2542 3650 2582 unum

2058 2617 2520 2687 ubstraxerit;ex
2555 2619 2684 2681 illis,
2719 2619 2965 2687 inquam,
3014 2618 3107 2687 qui
3150 2627 3394 2672 mortuos
3417 2620 3646 2674 suscita-

2059 2708 2209 2772 bant,
2261 2708 2536 2764 daemones
2593 2708 3004 2778 propulsabant,
3059 2715 3115 2762 et
3173 2707 3391 2762 viviflca
3431 2708 3651 2776 spirita-

2058 2799 2201 2868 lique
2252 2799 2463 2855 Domini
2499 2800 2745 2855 doctrina
2774 2798 3121 2855 fruebantur.

2697 2908 2855 2968 CAP.
2895 2911 3010 2967 VII.

2128 3027 2292 3082 Vsus.
2319 3027 2372 3082 ι.
2429 3044 2450 3079 ι
2480 3024 2598 3083 Non
2630 3025 2775 3081 enim
2822 3025 3040 3081 volebat
3075 3025 3126 3080 in
3160 3024 3406 3082 Iudaeam
3453 3028 3649 3083 ambu-

1980 3137 2022 3194 ε
2057 3119 2214 3175 lare:
2249 3120 2375 3190 quia
2408 3119 2730 3190 quaerebant
2758 3131 2880 3171 eum
2914 3114 3083 3171 Judaei
3118 3118 3447 3175 interficere.
3486 3137 3506 3171 ι

2133 3211 2423 3282 S—pccimen
2453 3212 2544 3266 dat
2572 3210 2928 3265 humanitatis
2959 3224 3092 3273 sum,
3128 3209 3381 3279 fugiendo
3412 3209 3646 3274 .lndauis,

2061 3314 2114 3357 et
2142 3301 2390 3358 confutet
2420 3300 2755 3357 Mareionem
2791 3315 2855 3354 ac
2887 3299 3132 3367 Paulum,
3170 3301 3261 3371 qui
3294 3301 3389 3356 Dei
3422 3299 3645 3370 Filium,

2063 3405 2257 3448 verum.
2277 3391 2555 3447 hominem
2583 3388 2785 3443 factum
2816 3397 3034 3459 negant.

2126 3564 2294 3622 Vens.
2332 3567 2388 3623 5.
2446 3584 2466 3619 ι
2492 3563 2757 3622 Dixerunt
2785 3573 2966 3619 autem
3002 3564 3069 3619 ad
3101 3578 3223 3619 eum
3257 3564 3458 3624 fratres
3486 3567 3643 3636 ejus:

2057 3659 2254 3716 Transi
2289 3660 2437 3729 hinc,
2485 3669 2540 3715 et
2583 3660 2722 3716 vade
2779 3658 2831 3713 in
2884 3655 3152 3722 Judaeum,
3188 3666 3252 3713 ut
3304 3668 3360 3714 et
3395 3660 3646 3730 discipuli

2058 3752 2133 3807 tui
2165 3752 2381 3807 videant
2404 3767 2569 3822 opera
2598 3760 2688 3807 tua
2720 3764 2841 3821 qua:
2872 3749 3028 3804 facis.
3061 3769 3081 3802 ο

2129 3839 2470 3897 Videbantur
2519 3842 2695 3912 ipsum
2733 3850 2993 3908 tanquam
3028 3838 3276 3893 timidum
3303 3855 3551 3912 arguere,
3592 3851 3650 3898 ut

2061 3933 2152 4004 qui
2200 3934 2354 4004 signa
2407 3948 2504 3988 sua
2539 3931 2877 3996 occultaret;
2925 3939 2979 3984 et
3030 3942 3089 3985 ut
3141 3933 3328 4002 gloria:
3365 3936 3645 4003 cupidum,

2060 4024 2150 4096 qui
2178 4038 2240 4079 se
2271 4024 2542 4094 propalari
2577 4023 2757 4079 vellet.

2132 4112 2299 4170 Vens.
2326 4114 2382 4169 7.
2435 4131 2455 4165 ι
2482 4112 2601 4169 Non
2662 4122 2841 4183 potest
2885 4113 3119 4169 mundus
3157 4112 3339 4168 odisse
3369 4127 3505 4168 vos:
3559 4130 3647 4169 me

2057 4215 2237 4262 autem
2272 4206 2384 4262 odit
2412 4221 2428 4261 :
2452 4206 2580 4277 quia
2611 4220 2712 4277 ego
2736 4205 3109 4261 testimonium
3135 4203 3396 4274 perbibeo
3428 4205 3497 4259 de
3525 4205 3643 4272 illo,

2056 4300 2202 4371 quod
2236 4313 2404 4370 opera
2434 4297 2552 4367 eius
2584 4299 2725 4352 mala
2759 4308 2906 4354 sunt.
2942 4316 2962 4350 ι

2138 4389 2395 4445 Mundum
2419 4389 2553 4443 dicit
2575 4403 2672 4443 eos
2701 4388 2792 4459 qui
2824 4388 3016 4443 odiunt
3039 4400 3159 4456 qua:
3183 4385 3235 4440 in
3261 4384 3468 4441 mundo
3496 4397 3645 4442 sunt.

358 4478 418 4532 δὲ
469 4478 599 4540 τοὺς
649 4477 918 4548 ἀδελφοὺς
966 4482 1048 4545 είς
1074 4479 1175 4550 τὴν
1197 4481 1393 4553 ἑορτὴν
1433 4483 1613 4553 λέγων
1639 4499 1653 4516 ⁶
1697 4503 1716 4536 ι
1756 4484 1950 4556 Ὑμεῖς

2063 4486 2221 4541 Mittit
2250 4486 2446 4541 fratres
2477 4484 2544 4537 ad
2571 4484 2711 4538 diem
2738 4481 2934 4537 festmn
2956 4523 2973 4549 ,
2998 4481 3183 4536 dicens
3212 4498 3226 4535 :
3260 4497 3280 4532 ι
3312 4478 3423 4535 Vos
3456 4496 3647 4534 ascen-

360 4570 600 4642 ἀνάϐητε
650 4570 731 4635 είς
769 4571 871 4643 τὴν
913 4571 1106 4645 ἑορτὴν
1149 4572 1378 4644 ταύτην,
1412 4592 1431 4626 ι
1479 4576 1697 4642 δεικνὺς
1729 4578 1813 4632 ὅτι
1850 4581 1952 4633 οὐκ

357 4662 664 4732 ἀναγκάζει
690 4662 788 4716 σὺν
813 4662 962 4733 αὐτῷ
990 4665 1171 4734 μένειν
1196 4664 1272 4735 μὴ
1304 4664 1686 4738 βουλομένους.
1722 4666 1948 4742 [ωιλαμ]

434 4777 455 4810 ι
506 4755 699 4833 Ὑμεῖς
752 4755 995 4827 ἀνάϐητε
1052 4757 1150 4820 είς,
1183 4756 1285 4829 τὴν
1331 4758 1529 4830 ἑορτὴν
1576 4761 1806 4833 ταύτην,
1838 4761 1951 4831 ἐγὼ

356 4851 512 4906 οὔπω
545 4848 825 4905 ἀναϐαίνω
851 4850 931 4915 είς
964 4848 1065 4921 τὴν
1097 4849 1291 4921 ἑορτὴν
1317 4850 1549 4922 ταύτην·
1581 4854 1664 4908 ὅτι
1695 4856 1724 4908 ὁ
1754 4856 1950 4927 καιρὸς

356 4945 384 4999 6
412 4939 544 5012 ἐμὸς
575 4938 733 4994 οῦπω
758 4939 1145 5011 πεπλήρωται.
1182 4957 1201 4990 ι

438 5035 653 5106 Ὑμεῖς,
685 5032 872 5105 φησὶν,
901 5034 1335 5103 ἀπερισκέπτως
1365 5034 1572 5089 ποιεῖτε
1605 5034 1634 5089 δ
1665 5035 1946 5107 βούλεσθε.

372 5125 517 5196 Ἐγὼ
545 5126 603 5180 δὲ
640 5124 728 5193 οὒ,
753 5125 842 5180 διὰ
870 5126 932 5179 τὸ
961 5127 1269 5196 οἰκονομεῖν
1298 5126 1510 5182 ἕκαστα
1539 5128 1677 5200 πρὸς
1715 5129 1779 5183 τὸ
1808 5147 1950 5201 συμ-

362 5219 546 5289 φέρον.
576 5217 744 5271 Μένω
767 5216 830 5271 τὸ
858 5215 1050 5281 πάθος,
1080 5215 1171 5271 ἵνα
1196 5216 1459 5282 ἀναστὰς,
1482 5214 1619 5270 πᾶσι
1643 5218 1949 5290 κατάδηλον

359 5309 572 5382 ποιήσω
601 5311 700 5380 τὴν
729 5310 970 5382 ἐμαυτοῦ
998 5308 1251 5380 δύναμιν.

436 5419 455 5453 ι
510 5401 602 5464 Ὧς
648 5401 705 5455 δὲ
760 5400 1037 5473 ἀνέϐησαν
1074 5402 1125 5453 οἱ
1170 5400 1392 5471 ἀδελφοὶ
1440 5400 1645 5470 αὐτοῦ,
1693 5403 1814 5457 τότε
1850 5403 1944 5457 καὶ

360 5495 523 5559 αὐτὸς
551 5494 721 5566 ἀνέϐη
748 5496 829 5559 είς
856 5493 957 5566 τὴν
985 5495 1199 5568 ἑορτὴν,
1232 5496 1293 5549 οὐ
1327 5495 1599 5568 φανερῶς,
1632 5494 1748 5550 ἀλλ’
1780 5495 1856 5560 ὡς
1886 5500 1943 5550 ἐν

361 5603 611 5657 κρυπτῳ.
644 5603 665 5637 ι

2059 4579 2171 4633 dite
2201 4577 2267 4631 ad
2297 4577 2439 4631 diem
2480 4574 2681 4630 festum
2707 4573 2875 4641 hunc,
2906 4591 2927 4625 ι
2967 4571 3263 4628 ostendens
3279 4586 3341 4627 se
3374 4568 3645 4626 neminem

2059 4672 2197 4727 velle
2244 4685 2442 4742 cogere
2475 4679 2534 4723 ut
2555 4684 2680 4725 cum
2716 4669 2834 4739 ipso
2867 4674 3110 4721 maneat.

2114 4760 2282 4817 Vens.
2318 4762 2374 4818 8.
2432 4780 2450 4812 ι
2479 4758 2593 4816 Vos
2627 4760 2904 4814 ascendite
2938 4757 3005 4814 ad
3054 4758 3196 4813 diem
3247 4753 3441 4813 festum
3478 4755 3645 4822 hunc,

2057 4871 2157 4927 ego
2205 4863 2386 4909 autem
2429 4867 2536 4909 non
2587 4853 2824 4906 ascendo
2876 4850 2942 4904 ad
2994 4850 3138 4904 diem
3187 4847 3386 4903 festum
3432 4847 3645 4904 istum:

2058 4952 2184 5020 quia
2208 4962 2386 5003 meum
2412 4954 2624 5015 tempus
2650 4947 2889 5001 nondum
2918 4940 3199 5011 impletum
3231 4949 3334 4996 est.
3369 4957 3390 4993 ι

2114 5039 2246 5106 Vos,
2300 5038 2497 5115 inquit,
2549 5036 2841 5091 temerarie
2897 5033 3059 5105 agitis
3088 5031 3232 5104 quod
3287 5029 3473 5086 vultis.
3526 5030 3645 5085 Non

2052 5131 2132 5187 sic
2160 5144 2284 5201 ego,
2333 5143 2402 5185 eo
2443 5128 2587 5198 quod
2634 5126 2842 5196 singula
2884 5139 3075 5194 geram
3109 5121 3335 5177 utiliter.
3372 5119 3647 5191 Exspecto

2053 5224 2389 5295 passionem,
2441 5229 2503 5275 ut
2543 5232 2833 5288 resurgens
2861 5215 3116 5273 omnibus
3158 5214 3415 5269 virtutem
3465 5231 3641 5269 meam

2055 5325 2235 5371 natam
2266 5314 2487 5373 faciam.

2115 5404 2286 5460 Vens.
2324 5404 2413 5460 10.
2456 5423 2477 5457 ι
2509 5403 2584 5460 Ut
2624 5410 2806 5458 autem
2855 5397 3225 5456 ascenderunt
3270 5395 3472 5452 fratres
3501 5396 3640 5467 ejus,

2055 5506 2184 5552 lianc
2216 5507 2273 5552 et
2316 5498 2431 5567 ipse
2475 5483 2724 5553 ascendit
2772 5493 2840 5549 ad
2872 5491 3017 5548 diem
3066 5490 3288 5560 festum,
3333 5502 3441 5546 non
3470 5491 3644 5545 mani-

2053 5588 2212 5655 festo,
2250 5588 2345 5645 sed
2375 5590 2534 5660 quasi
2566 5588 2620 5643 in
2650 5586 2885 5645 occulto.
2920 5604 2943 5640 ι

428 5740 506 5813 (8)
537 5742 658 5801 [huc
696 5748 821 5803 cod.
866 5746 1017 5804 Bodl.
1061 5745 1349 5818 Chrysost.
1396 5744 1521 5813 dat;
1550 5742 1636 5801 Cf.
1688 5742 1971 5816 Chrysost.
2013 5742 2150 5817 Opp.
2176 5744 2315 5813 Vill,
2349 5744 2478 5803 272.
