4072 6438
459 341 595 410 1443

1594 347 1930 410 ΛΜΜΟΝΙΙ
1971 347 2504 416 ALEXANDRINI

3585 359 3731 432 1m

524 451 642 509 Non
669 461 788 508 erat
829 466 1042 524 equum
1087 465 1147 509 ut
1184 453 1284 510 sub
1317 453 1529 510 initimn
1572 455 1891 512 festivitatis
1939 473 2028 512 as-

2201 462 2315 514 υῦκ
2341 457 2409 532 ἦν
2437 465 2553 516 ἴσον
2586 465 2644 516 ἐν
2676 465 2821 536 ἀρχῇ
2867 469 2968 538 τῆς
2998 469 3198 541 ἑορτῆς
3226 468 3531 545 ἀναϐῆναιὶ
3570 478 3730 542 (sov-

453 544 731 609 cenderet,
753 541 954 597 Judais
973 541 1090 610 ejus
1117 543 1244 599 odio
1276 546 1651 601 aestuantibus.
1679 545 1873 601 Postea
1909 563 2039 602 vero

455 633 562 686 flne
589 630 701 700 jam
727 631 1220 701 appropinquante,
1264 649 1604 704 nequaquam
1648 645 1836 690 contra
1873 652 2034 704 quam

454 722 687 786 dixerat,
718 721 868 776 fecit.
893 719 1010 776 Non
1039 723 1184 777 enim
1212 724 1407 780 festum
1431 727 1804 780 celebraturus
1833 743 2030 781 ascen-

453 812 553 876 dit,
597 814 692 867 sed
741 813 810 866 iis
855 815 1163 869 consultum
1194 815 1400 870 voluit:
1449 828 1784 887 quapropter
1825 819 2038 874 occulte

453 903 625 967 venit,
672 918 778 958 non
827 919 948 958 cum
1002 921 1066 960 ea
1119 921 1226 975 qua
1273 905 1452 962 festivi
1503 911 1918 965 concionatores
1961 913 2036 967 uti

453 994 629 1050 solent
650 994 945 1051 hilaritate.
971 995 1027 1050 ln
1049 1000 1275 1068 antiqua
1301 1015 1428 1054 vero
1452 1000 1569 1071 lege
1591 1000 1761 1073 Moysi
1792 1003 2036 1074 loquens,

457 1086 733 1154 pollicitus
773 1097 890 1141 erat
923 1103 982 1142 se
1005 1104 1126 1144 cum
1151 1091 1230 1144 eis
1255 1104 1617 1160 egressurum.

514 1176 678 1231 Vsus.
714 1176 802 1231 l6.
856 1195 875 1228 ι
909 1177 1205 1247 Respondit
1249 1182 1328 1234 eis
1359 1178 1540 1245 Jesus,
1575 1192 1631 1237 et
1682 1182 1820 1236 dixit
1852 1199 1867 1236 :
1923 1181 2035 1237 Mea

451 1267 697 1322 doctrina
732 1283 836 1321 non
866 1279 950 1323 est
980 1285 1119 1336 mea,
1147 1270 1241 1326 sed
1267 1271 1385 1339 ejus
1417 1275 1507 1342 qui
1542 1275 1689 1328 misit
1715 1291 1820 1329 nte.
1856 1294 1875 1326 ι

519 1357 748 1425 Propter
789 1374 1056 1413 summam
1103 1363 1466 1432 aequalitatem
1519 1381 1673 1418 suam
1731 1366 2035 1421 doctrinam

453 1449 634 1503 Patris
661 1450 812 1513 dicit,
865 1452 945 1505 vel
993 1453 1117 1521 quia
1150 1455 1266 1524 ipse
1295 1463 1378 1508 est
1408 1454 1586 1510 Patris
1619 1458 1906 1525 sapientia,
1944 1473 2038 1526 per

450 1552 612 1606 quam
646 1539 828 1593 omnia
865 1538 1024 1594 Pater
1049 1543 1340 1607 enuntiat;
1394 1543 1475 1597 vel
1505 1548 1645 1613 quod
1693 1560 1790 1615 per
1819 1547 2035 1600 modum

451 1630 893 1697 dispensationis,
946 1640 1202 1701 tanquam
1239 1634 1420 1698 homo,
1453 1633 1599 1688 Patri
1632 1650 1845 1690 omnem
1882 1651 2034 1689 suam

453 1719 631 1774 defert
657 1721 1041 1786 eruditionem,
1076 1735 1294 1792 propter
1320 1723 1630 1780 Iudaeorum
1686 1728 2038 1782 incredulita-

2140 566 2250 602 των
2293 551 2404 604 τῶν
2476 553 2766 610 Ἰουδαίων.
2830 557 2940 610 Καὶ
2999 560 3140 628 μετά
3188 560 3366 616 ταῦτα
3417 564 3732 638 μελλούσης

2139 641 2384 708 λύεσθαι,
2422 646 2522 697 οὐκ
2562 647 2780 701 ἐναντία
2827 653 3132 722 πεποίηκεν
3169 641 3245 706 ὧν
3283 648 3460 708 εἶπεν.
3501 656 3576 709 Οὐ
3617 654 3731 727 γὰρ

2139 735 2307 805 ἀνέϐη
2351 738 2645 808 ἑορτάσων,
2673 740 2807 794 ἀλλά
2831 758 2894 794 συ
2904 741 3254 813 μϐουλεῦσων
3271 761 3285 775 ·
3309 744 3392 799 διὸ
3419 745 3516 800 καὶ
3545 746 3732 818 λάθρα

2140 825 2306 895 ἀνέϐη
2325 866 2340 888 ,
2371 827 2432 879 οὐ
2468 829 2605 896 μετά
2642 829 2961 901 ἱλαρότητος
3055 834 3355 906 κέχρηνται
3397 839 3447 892 οι
3476 856 3731 909 πανηγυο

2143 917 2402 989 ρίζοντες.
2442 922 2550 973 Καὶ
2596 924 2653 973 ἐν
2694 927 2758 994 τῇ
2812 925 3025 997 "aitth
3071 926 3130 981 δὲ
3163 927 3356 997 εἰπὼν,
3389 930 3466 1002 τῷ
3498 933 3733 986 Mutiliae!

2140 1009 2410 1079 ὑπέσχετο
2450 1013 2954 1083 συνεκπορεύεσθαι
2983 1017 3169 1082 αὐτοῖς
3192 1019 3241 1072 ιι.

2191 1200 2240 1244 tt
2295 1189 2595 1261 Ἀπεκρίθη
2632 1192 2816 1256 αὐτοῖς
2843 1192 2871 1245 δ
2902 1192 3133 1264 Ἰησοῦς,
3165 1194 3259 1248 καὶ
3287 1191 3472 1248 εἶπεν·
3521 1195 3584 1248 Ἦ
3612 1189 3725 1267 ἐμὴ

2137 1280 2326 1352 διδαχὴ
2353 1283 2456 1335 οὐκ
2486 1281 2634 1335 ἐστιν
2664 1284 2795 1355 ἐμὴ,
2826 1285 2963 1339 ἀλλά
2991 1286 3086 1339 τοῦ
3116 1287 3431 1358 πέμψαντός
3460 1305 3550 1358 με.
3592 1308 3612 1340 ι

2207 1373 2308 1425 Διά
2345 1375 2444 1444 τὴν
2491 1374 2668 1446 ἄκραν
2713 1375 3055 1446 ἐξομοίωσιν,
3102 1380 3201 1450 τὴν
3247 1379 3444 1432 ἐαυτοῦ
3499 1378 3726 1450 διδαχὴν

2137 1461 2234 1514 τοῦ
2285 1465 2500 1533 Πατρδς
2541 1465 2711 1534 λέγει,
2744 1468 2776 1538 ἢ
2803 1470 2884 1521 ὅτι
2915 1469 3077 1534 αὐτός
3109 1471 3259 1524 ἐστιν
3312 1473 3346 1542 ὴ
3375 1470 3469 1524 τοῦ
3510 1473 3727 1541 [ἰατρὸς

2141 1553 2321 1622 σοφία,
2363 1554 2431 1607 δι’
2482 1551 2549 1627 ἦς
2594 1559 2774 1611 πάντα
2801 1559 2955 1612 λαλεῖ
2985 1563 3012 1613 ὁ
3049 1561 3270 1632 Πατήρο
3305 1562 3337 1632 ἢ
3371 1561 3469 1615 κα)⁸
3510 1563 3586 1627 ὡς
3627 1563 3726 1617 ἀνά

2140 1647 2356 1720 θρωπος
2401 1651 2760 1721 οἰκονομικῶς
2812 1653 3102 1724 ἀνατίθησι
3158 1654 3238 1724 τῷ
3285 1655 3464 1727 Πατρὶ
3493 1653 3592 1726 τὴν
3636 1655 3728 1708 διο

2139 1739 2456 1804 δασκαλίαν,
2484 1743 2573 1794 διὰ
2595 1743 2654 1795 τὸ
2684 1744 2912 1796 ἄπιστον
2933 1745 3042 1798 τῶν
3084 1746 3380 1802 Ἰουῗαίων.
3427 1748 3730 1800 Ἀπεστάλιι

452 1819 580 1861 tem.
630 1808 854 1862 Missum
911 1823 1042 1864 vero
1096 1824 1155 1864 se
1211 1811 1366 1876 dicit,
1423 1823 1645 1881 propter
1706 1823 2032 1883 assumptum

2142 1832 2231 1885 θαι
2266 1833 2321 1887 δὲ
2357 1835 2518 1887 αὑτὸν
2548 1834 2695 1901 λέγει
2726 1836 2814 1888 διὰ
2857 1836 2956 1907 τὴν
3002 1837 3213 1908 σάρκα,
3246 1837 3280 1909 ἢ
3331 1839 3409 1903 ὡς
3456 1838 3629 1908 Λόγον
3654 1840 3727 1893 ἐκ

451 1910 694 1960 carnem,
747 1897 828 1950 vel
857 1897 982 1966 quia
1033 1907 1287 1968 tanquam
1323 1902 1544 1954 verbum
1578 1917 1643 1958 ex
1691 1914 1893 1968 mente,
1943 1915 2036 1956 ant

449 1989 604 2056 quasi
640 1988 898 2057 splendor
929 2005 958 2042 a
997 1990 1110 2044 sole
1145 1993 1505 2058 promanavit.

521 2078 686 2133 Vsus.
722 2079 807 2133 18.
865 2098 883 2130 ι
917 2081 1016 2146 Qui
1067 2095 1096 2134 a
1145 2083 1441 2152 semetipso
1491 2083 1751 2153 loquitur,
1807 2086 2032 2154 gloriam

448 2170 724 2238 propriam
758 2171 970 2239 qumrit.
998 2187 1018 2220 ι

524 2258 600 2314 De
627 2261 805 2329 seipse
831 2275 927 2330 per
952 2260 1439 2330 dispensationem,
1469 2270 1695 2332 propter
1721 2262 2032 2318 Judaorum

447 2352 515 2407 ad
583 2353 840 2406 scandala
897 2353 1324 2422 proclivitatem,
1380 2355 1569 2423 reique
1638 2354 2031 2420 dillicultalem,

449 2454 656 2509 tacens,
693 2445 872 2499 Patris
920 2445 1004 2499 sui
1057 2446 1282 2516 gloriam
1317 2448 1624 2512 annuntiat,
1661 2447 1820 2502 istum
1874 2449 2036 2520 syllo-

447 2535 680 2606 gismum
713 2533 940 2599 faciens,
973 2551 1079 2604 quo
1114 2550 1174 2589 se
1200 2534 1385 2604 gloria:
1429 2551 1770 2608 nequaquam
1824 2541 2036 2595 inhiare

450 2625 840 2695 intelligerent.

523 2717 809 2773 Vsas.23.
868 2736 887 2770 ι
924 2718 980 2772 Si
1020 2720 1486 2774 circumcisionem
1543 2723 1736 2791 accipit
1772 2726 1932 2778 homo
1979 2724 2034 2780 in

448 2808 706 2873 Sabhato,
763 2819 821 2862 ut
875 2827 982 2864 non
1036 2811 1280 2865 solvatur
1330 2814 1416 2866 lex
1469 2812 1678 2885 Moysi:
1760 2815 1890 2869 mihi
1955 2816 2038 2869 in-

447 2899 745 2970 dignamini
793 2902 920 2970 quia
977 2910 1147 2956 totum
1208 2904 1479 2959 hominem
1539 2905 1746 2959 salvum
1808 2906 1910 2962 feci
1973 2910 2024 2962 iu

453 2992 735 3046 Subbato?
769 3011 789 3044 ι

530 3084 710 3150 Quare
751 3085 1195 3142 conturbamini?
1249 3087 1453 3143 Sanum
1511 3087 1689 3146 facere
1736 3091 2034 3158 infirmum,

2137 1923 2252 1989 νοῦ,
2276 1924 2309 1995 ἢ
2336 1925 2411 1988 ὡς
2437 1925 2497 1988 ἐξ
2516 1925 2681 1994 ἡλίου
2713 1925 3078 1995 ἀπαύγασμα.

2214 2120 2234 2153 t
2289 2102 2348 2155 Ὀ
2399 2102 2491 2170 ἀφ’
2545 2102 2742 2156 ἐαυτοῦ
2801 2101 2997 2167 λαλῶν,
3057 2103 3158 2174 τὴν
3215 2103 3374 2169 δόξαν
3421 2105 3521 2176 τὴν
3579 2105 3722 2160 ἰδίαν

2139 2195 2310 2264 ζητεῖ.
2349 2211 2367 2244 ι

2207 2285 2281 2337 Τὸ
2326 2284 2449 2337 καθ’
2499 2283 2690 2338 ἐαυτὸν
2735 2283 2803 2337 δι’
2855 2285 3170 2356 οἰκονομίαν
3225 2286 3467 2350 σιωπῶν,
3524 2284 3612 2339 διά
3659 2280 3724 2338 τὸ

2138 2375 2593 2428 εὐσκανδάλιστον
2623 2375 2733 2426 τῶν
2781 2375 3074 2439 Ἰουδαίων,
3111 2377 3206 2430 καὶ
3236 2377 3297 2430 τὸ
3323 2377 3720 2447 ἀνεπίληπτον,

2138 2467 2238 2538 τὴν
2279 2465 2373 2518 τοῦ
2418 2466 2628 2536 [lett-pb;
2662 2467 2973 2534 διαγγέλλει
3018 2467 3194 2532 δόξαν,
3236 2469 3426 2522 τοῦτον
3457 2468 3549 2520 τὸν
3594 2468 3725 2520 συλ-

2137 2555 2396 2627 λογισμὸν
2426 2557 2634 2624 πλέκει,
2665 2559 2751 2610 ἵνα
2778 2557 2986 2626 γνῶσιν
3016 2559 3097 2612 ὅτι
3129 2559 3189 2611 οὐ
3222 2557 3380 2626 δόξης
3414 2558 3648 2627 ἐφίεται.

2214 2755 2234 2788 ε
2275 2736 2338 2789 Ei
2369 2735 2674 2806 περιτομὴν
2712 2733 2982 2805 λαμϐάνει
3019 2734 3308 2804 ἄνθρωπος
3340 2734 3398 2786 ἐν
3431 2731 3721 2802 Σαόὗάτῳ,

2138 2826 2228 2879 ἴνα
2261 2827 2334 2897 μὴ
2360 2825 2493 2896 λυθῇ
2524 2829 2550 2879 ὁ
2583 2827 2743 2896 νόμος
2772 2826 3053 2886 Μωῦσέως
3073 2843 3085 2854 ·
3115 2825 3240 2894 ἐμοὶ
3273 2825 3468 2895 χολᾶτε
3493 2825 3577 2877 ὅτι
3599 2825 3724 2878 ὅλον

2141 2915 2429 2988 ἄνθρωπον
2462 2917 2592 2984 ὑγιῆ
2631 2915 2872 2983 ἐποίησα
2905 2917 2961 2968 ἐν
2991 2915 3290 2985 Σαϐϐάτῳς
3323 2933 3344 2966 ι
3389 2991 3392 2994 Ι

2210 3089 2274 3142 Τί
2308 3088 2676 3160 ταράττεσθε;
2705 3087 2767 3140 οὐ
2806 3089 2913 3156 γάρ
2942 3086 3003 3140 τὸ
3035 3087 3257 3156 ὑγιάσαι
3285 3087 3377 3140 τὸν
3405 3084 3704 3157 παράλυτον

448 3190 553 3230 non
584 3177 747 3230 solvit
778 3177 1098 3242 Sahbatum,
1134 3179 1232 3234 sed
1257 3196 1363 3234 non
1390 3197 1608 3237 sanare.
1648 3182 1806 3248 Cum,
1840 3184 2032 3253 inquit,

2144 3181 2320 3236 ἐποίει
2349 3180 2504 3235 λύσιν
2528 3178 2622 3232 τοῦ
2663 3178 2969 3243 Σασϐἀτου,
2999 3177 3138 3230 ἀλλά
3166 3177 3228 3230 τὸ
3259 3176 3336 3248 μὴ
3359 3173 3707 3246 θεραπεῦσαι.

448 3268 614 3322 homo
642 3267 855 3337 signum
896 3284 1006 3338 quo
1048 3270 1236 3324 dolore
1263 3271 1497 3326 alllcitur
1525 3274 1746 3341 accipit,
1782 3291 1942 3331 nemo
1974 3278 2040 3330 de

447 3359 744 3415 violatione
789 3360 924 3429 legis
969 3360 1301 3430 indignatur.
1358 3361 1465 3417 Sed
1516 3380 1641 3417 cum
1683 3375 1828 3418 totus
1878 3367 2038 3422 homo

446 3463 614 3505 sanus
642 3448 866 3504 elfectus
897 3457 1004 3515 est,
1055 3464 1199 3519 aegre
1241 3450 1396 3506 fertis
1423 3455 1488 3507 de
1519 3452 1717 3508 violata
1755 3454 1871 3525 lege
1907 3471 2039 3511 con-

449 3548 770 3610 querentes.

514 3632 646 3686 Cnm
681 3633 939 3688 Dominus
966 3643 1111 3689 esset
1143 3634 1314 3704 ipsius
1351 3634 1553 3706 Moysis
1587 3651 1651 3691 ac
1706 3635 1860 3706 legis,
1911 3652 2039 3708 pro.

446 3734 566 3793 pter
595 3724 1020 3780 imbecillitatem
1048 3723 1355 3782 Judacorum
1375 3743 1472 3783 suo
1499 3729 1895 3798 quodannnodo
1913 3731 2035 3799 jure

446 3818 672 3883 cedens,
705 3831 736 3870 a
769 3816 954 3888 Moyse
981 3818 1154 3886 legem
1185 3822 1450 3874 nominat.
1480 3822 1686 3874 Audire
1717 3824 1862 3876 enim
1889 3825 2036 3876 nullo

447 3911 609 3966 modo
634 3911 962 3979 potuissent,
1016 3913 1188 3980 ipsum
1213 3926 1333 3966 esse
1363 3923 1556 3966 natura
1617 3913 1807 3980 Deum,
1859 3929 2034 3984 neque

447 4001 686 4073 mysterii
720 4001 1142 4071 profunditatem
1172 4003 1468 4071 cepissent.

519 4097 575 4149 Si
610 4095 730 4149 illos
763 4095 854 4164 qui
895 4096 947 4148 in
989 4094 1230 4150 Sahbato
1260 4096 1674 4164 circumcidunt,
1725 4097 1810 4152 vel
1863 4099 2033 4153 sacri-

448 4185 634 4248 ficant,
690 4183 774 4239 vel
839 4184 1034 4238 bellum
1067 4194 1281 4255 gerunt,
1337 4187 1558 4240 minime
1613 4189 2031 4256 reprehenditis,

447 4292 624 4346 neque
672 4293 758 4331 me
813 4277 1068 4332 debetis:
1127 4293 1248 4330 nam
1287 4278 1418 4331 illud
1455 4277 1660 4348 alioqui
1699 4279 1834 4332 nihil
1885 4280 2030 4333 aliud

444 4373 549 4426 erit
587 4385 749 4439 quam
785 4372 1029 4440 acceptio
1062 4385 1432 4440 personarum.

515 4460 682 4516 Vsus.
716 4461 806 4516 25.
851 4479 870 4512 ι
907 4461 1162 4515 Dicebant
1201 4474 1330 4528 ergo
1356 4457 1574 4526 quidam
1611 4473 1680 4512 ex
1718 4457 2033 4530 llierosoly-

445 4552 591 4608 mis:
628 4551 817 4608 Nonne
853 4553 940 4606 hic
973 4560 1058 4606 est
1090 4564 1250 4618 quem
1309 4559 1564 4618 quterunt
1617 4550 1973 4604 interficere?
2003 4569 2018 4603 ι

524 4643 622 4697 llis
670 4645 935 4698 mendacii
987 4651 1289 4710 arguuntur
1341 4637 1513 4692 Judaei
1573 4641 1818 4695 volentes
1863 4641 2018 4697 cmi.

446 4744 591 4790 slum
628 4734 941 4788 interficere
985 4743 1038 4783 et
1069 4744 1294 4782 manere
1323 4729 1588 4795 nolentes,
1629 4735 1753 4786 dmn
1781 4733 2028 4788 Clll'lSlllS

446 4843 611 4880 verax
641 4824 969 4879 ostenditur.
989 4819 1125 4873 Cum
1153 4830 1334 4875 autem
1367 4822 1452 4875 his
1475 4825 1660 4878 verbis
1699 4843 1718 4876 ι
1748 4823 1892 4880 hunc
1923 4832 2027 4880 sci-

445 4935 567 4972 mus
595 4917 738 4970 unde
769 4914 842 4968 sit
881 4930 901 4963 »
952 4911 1081 4964 illud
1127 4909 1298 4964 solum
1345 4913 1573 4969 innuere
1617 4916 1802 4970 volunt
1849 4929 1901 4970 et
1934 4933 2025 4971 os-

447 5011 670 5065 tendere
729 5019 922 5072 nempe
980 5003 1256 5056 Christum
1303 5007 1369 5058 de
1413 5015 1557 5059 terra
1611 5023 1727 5062 esse
1775 5020 1829 5062 et
1890 5009 2026 5062 fabri

446 5099 638 5162 lilium,
688 5094 894 5148 idcirco
933 5094 1052 5148 illos
1101 5093 1154 5146 itt
1187 5095 1384 5148 οωιιιηι
1433 5097 1546 5166 egit
1598 5098 1784 5151 dicens
1832 5117 1845 5151 :
1894 5116 1913 5148 ε
1965 5098 2030 5152 Et

448 5206 534 5242 me
569 5186 722 5240 scitis
751 5184 895 5238 unde
938 5185 1080 5250 sim;
1119 5194 1173 5239 et
1219 5201 1248 5239 a
1282 5187 1489 5255 meipso
1538 5204 1640 5242 non
1673 5190 1821 5253 veni,
1866 5212 1884 5240 ι
1920 5199 2028 5244 etc.

447 5277 508 5333 Id
545 5289 630 5331 est
663 5293 767 5330 non
817 5291 935 5331 smn
975 5277 1124 5341 hinc,
1160 5278 1252 5331 sed
1298 5283 1440 5332 unde
1488 5289 1542 5332 ct
1592 5281 1683 5348 qui
1730 5281 1876 5333 misit
1925 5297 2030 5348 me,

443 5379 501 5426 et
542 5385 639 5424 vos
679 5369 830 5422 scitis
865 5384 951 5424 me
1009 5384 1039 5422 a
1094 5369 1257 5424 Patre
1310 5372 1567 5436 missum,
1635 5373 1882 5440 quamvis
1935 5374 2034 5428 hoc

444 5463 623 5532 palam
679 5464 859 5517 dicere
913 5477 1022 5518 non
1071 5464 1257 5516 vultis.

2143 3275 2295 3338 Ὅτε,
2333 3272 2489 3342 φησι,
2517 3273 2744 3342 σημεῖον
2771 3269 3044 3340 λαμϐάνει
3079 3269 3367 3338 ἄνθρωπος
3392 3265 3580 3336 ὀδύνην
3611 3265 3720 3333 ἐμι-

2141 3364 2350 3427 ποιοῦν,
2392 3363 2565 3425 οὐδεὶς
2594 3362 2894 3430 ἀγανακτεῖ
2914 3361 3177 3431 λυομένου
3203 3357 3298 3411 τοῦ
3323 3359 3509 3428 νόμοιν
3535 3350 3638 3408 ὦδε
3663 3357 3722 3407 δὲ

2137 3457 2260 3509 ὅλου
2297 3453 2585 3526 ἀνθρώπου
2619 3452 2995 3522 ὑγιασθέντος.
3020 3450 3403 3522 δυσχεραίνετε
3432 3449 3508 3513 t'o;
3540 3465 3724 3516 παρα-

2137 3547 2333 3618 νομίας
2363 3546 2684 3617 γενομένης.
2716 3543 2947 3618 [Cum]

2211 3639 2416 3710 Κύριος
2444 3639 2519 3691 ὢν
2551 3639 2831 3701 Μωῡσέως
2865 3639 2960 3690 καὶ
2990 3635 3086 3690 τοῦ
3125 3635 3316 3706 νόμου,
3347 3634 3436 3688 διὰ
3459 3633 3523 3688 τὸ
3554 3631 3725 3686 ἀσθε-

2135 3733 2222 3795 νὲς
2264 3732 2375 3784 τῶν
2417 3731 2706 3796 Ἰουδαίων,
2757 3731 2922 3783 οἱονεὶ
2969 3729 3326 3799 ἀπαλλοτριοῖ
3376 3727 3571 3780 ἑαυτὸν
3620 3723 3723 3777 τοῦ

2135 3824 2325 3893 νόμου,
2379 3822 2658 3884 Μωῦσέως
2703 3819 2866 3872 αὐτὸν
2923 3817 3127 3871 καλῶν.
3181 3817 3255 3870 Οὐ
3307 3815 3416 3884 γὰρ
3453 3812 3725 3882 ἠδύναντο

2135 3915 2369 3966 ἀκοῦσαι
2409 3914 2494 3966 ὅτι
2527 3913 2688 3982 φύσει
2735 3912 2868 3975 θεὸς
2897 3907 2987 3982 ἦν,
3020 3909 3145 3963 οὕτε
3189 3907 3251 3962 τὸ
3284 3906 3417 3960 Salii:
3446 3907 3546 3974 τῆς
3574 3903 3726 3958 οἱκο-

2135 4006 2326 4076 νομίας
2361 4009 2680 4076 μυστήριον.

2208 4097 2271 4148 El.
2296 4098 2407 4158 τοῖς
2433 4097 2489 4146 ἐν
2521 4095 2780 4164 Σαϐὔάτῳ
2813 4093 3256 4162 περιτέμνουσιν,
3285 4091 3323 4162 ἢ
3343 4088 3720 4153 θυσιάζουσιν,

2134 4189 2168 4259 ἢ
2195 4188 2614 4259 πολεμοῦσιν,οὐ
2640 4187 2945 4257 μέμφεσθε,
2972 4187 3110 4258 μήτε
3138 4183 3295 4255 ἐμοί·
3326 4181 3491 4236 τοῦτο
3511 4178 3722 4251 δηλαδὴ

2133 4281 2288 4333 οὐδὲν
2323 4281 2507 4351 ἕτερον
2535 4281 2687 4331 ἐστιν
2717 4277 2750 4347 ἢ
2784 4276 3237 4350 προσωποληψία.

2212 4481 2230 4512 r
2277 4458 2503 4526 Ἔλεγον
2532 4453 2626 4512 οὖν
2658 4473 2800 4520 τινες
2831 4458 2895 4510 ἐκ
2924 4454 3033 4510 τῶν
3075 4449 3560 4526 Ἱεροσολυμιτῶν*
3600 4449 3725 4521 Οὐχ

2134 4548 2289 4615 οὗτός
2325 4550 2560 4604 ἐστιν-ὃν
2593 4547 2848 4618 ζητοῦσιν
2878 4547 3233 4611 ἀποκτεῖναι;
3272 4562 3292 4596 ο

2221 4640 2539 4709 Ἐλέγχουσι
2583 4637 2796 4700 τούτοις
2845 4636 3100 4698 θέλοντας
3147 4631 3309 4687 αὐτὸν
3362 4633 3719 4697 ἀποκτεῖναι,

2135 4735 2229 4786 καὶ
2284 4731 2654 4802 ἀρνουμένους
2703 4729 2908 4800 μένειν,
2950 4725 3320 4797 ψευδομένους
3368 4723 3454 4787 δὲ,
3507 4723 3598 4777 τὸν
3657 4725 3719 4778 δὲ

2135 4824 2369 4896 Χριστὸν
2418 4821 2752 4894 ἀληθεύοντα
2801 4819 2932 4890 περὶ
2975 4818 3190 4872 τούτου.
3229 4817 3342 4870 Καὶ
3390 4815 3578 4885 ἐπειδὴ
3630 4817 3718 4876 τὸ.

2141 4937 2157 4968 t
2198 4913 2434 4986 Οἴδαμεν
2452 4914 2640 4968 τοῦτον
2658 4913 2820 4966 πόθεν
2850 4912 2990 4974 ἐστὶ,
3021 4928 3041 4962 a
3069 4909 3136 4963 δι’
3157 4908 3314 4962 οὐδὲν
3332 4908 3520 4979 ἕτερον
3543 4906 3718 4973 λέγει,

2135 5009 2250 5061 ἀλλ’
2295 5008 2331 5078 ἢ
2375 5009 2458 5061 ὃτι
2499 5008 2562 5060 ἐκ
2595 5007 2693 5076 τῆς
2725 5006 2827 5077 γῆς
2873 5005 3023 5067 ἐστι,
3047 5002 3217 5067 δεῖξαι
3246 5000 3495 5062 θέλοντες
3516 4998 3609 5050 καὶ
3633 4999 3718 5049 ὅτι

2135 5100 2228 5154 τοῦ
2255 5100 2507 5163 τέκτονος
2539 5101 2672 5166 υἱὸς,
2691 5098 2779 5152 διὰ
2805 5097 2964 5151 τοῦτο
2991 5096 3151 5158 αὐτὸς
3175 5095 3382 5164 ἀνῆγεν
3409 5092 3607 5154 αὐτοὺς
3636 5092 3720 5152 ei;

2133 5191 2225 5243 τὸν
2249 5191 2503 5261 οὐρανὸν,
2533 5190 2729 5258 λέγων,
2750 5209 2768 5240 t
2800 5189 2911 5242 Καὶ
2938 5189 2960 5240 ἐ
2971 5186 3038 5256 μέ
3062 5185 3242 5238 οἴδατε
3274 5182 3438 5237 πόθεν
3463 5181 3599 5251 εἰμὶ,
3621 5182 3722 5233 καὶ

2136 5283 2232 5335 ἀπ’
2256 5281 2494 5351 ἐμαυτοῦ
2523 5283 2622 5334 οὐκ
2649 5278 2905 5350 ἐλήλυθα,
2937 5297 2955 5330 ι
2987 5279 3081 5329 καὶ
3103 5274 3170 5328 τὰ
3197 5273 3348 5345 ἑξῆς·
3377 5271 3517 5326 τοῦτ’
3545 5270 3721 5333 ἐστιν,

2135 5374 2249 5427 Οὐκ
2292 5373 2545 5426 ἐντεῦθέν
2589 5373 2725 5443 εἰμι,
2762 5371 2879 5425 ἀλλ’
2925 5369 3046 5425 ὅθεν
3074 5369 3102 5420 ὀ
3135 5366 3358 5436 πέμψας
3392 5381 3481 5434 με,
3508 5363 3603 5414 καὶ
3635 5363 3725 5413 ὅτι

2134 5467 2336 5532 οἴδατε,
2363 5469 2445 5520 ὅτι
2490 5466 2642 5537 παρά
2669 5465 2764 5518 τοῦ
2812 5462 3023 5534 Πατρδς
3053 5459 3390 5530 ἀπεστάλην,
3425 5458 3473 5510 εί
3519 5454 3614 5508 καὶ
3641 5455 3726 5524 μὴ

2135 5555 2295 5608 τοῦτο
2323 5554 2718 5609 ἐκκαλύπτετε.
2748 5551 2972 5626 [ϐίαι]

512 5679 530 5735 l
569 5680 660 5736 Cr.
691 5681 1000 5751 ἀναμεῖναι.
1065 5675 1105 5759 ,ι
1133 5675 1226 5759 (ΞΓ.
1259 5676 1430 5759 sitting
1459 5677 1538 5750 τῷ
1568 5680 1810 5752 Μωῦσεῖ,
1858 5703 1875 5738 ‹
1911 5685 1986 5740 Οὐ
2061 5688 2502 5759 συναναϐήτομαι
2540 5687 2688 5757 ὑμῖν,
2727 5705 2742 5739 t
2778 5685 2930 5758 imre;
2947 5700 3006 5737 0v
3035 5679 3446 5752 παρακαλοῦντι
3487 5675 3727 5730 Minoas!

446 5753 711 5822 ὑπέσχετο
740 5747 1241 5820 συνεκπορεύεσθαι
1270 5748 1479 5811 αὐτοῖς.
