4072 6402
367 333 512 402 Μ-ἱῦ

1422 335 1879 398 FRAGMENTA
1938 335 2018 395 IN
2065 337 2124 396 S.
2165 337 2541 398 JOANNEM.

3492 337 3629 403 1446

441 472 464 505 ι
511 447 677 505 Ἀλλά
718 449 909 506 τοῦτον
959 449 1180 519 οἴδαμεν
1227 450 1391 503 πόθεν
1439 450 1618 503 ἐστίν’
1667 450 1781 503 όδέ
1816 450 1949 519 Χρι-

2128 446 2291 505 Vens.
2323 450 2417 506 27.
2471 467 2490 502 ι
2520 446 2626 504 Sed
2653 445 2798 503 hunc
2827 447 3034 503 scimus
3060 410 3205 504 unde
3231 447 3340 504 sit:
3375 447 3630 508 Christus

372 545 495 609 στδς
522 545 650 598 ὅταν
678 543 930 614 ἔρχηται,
959 542 1134 606 οὐδεὶς
1165 543 1423 610 γινώσκει
1452 541 1618 596 πόθεν
1641 542 1806 596 ἐστιν.
1849 559 1869 592 ι

437 636 634 699 Καλῶς
675 635 921 704 λέγεται,
963 634 1046 687 ὅτι
1076 635 1204 688 ὃταν
1242 635 1372 707 ἔλθῃ
1403 637 1431 688 6
1465 633 1728 705 Χριστὸς,
1772 631 1948 695 οὐδεὶς

291 790 300 808 ⁸
373 724 626 793 γινώσκει
671 723 840 776 πόθεν
890 722 1076 775 ἐστίν·
1127 725 1156 776 6
1199 722 1308 793 γὰρ
1340 722 1594 794 ἀληθινὸς
1626 722 1759 784 Θεὸς
1797 721 1856 787 ἐξ
1884 712 1946 773 οὗ

286 824 296 841 ‘
373 815 484 884 εἰμι
513 812 778 883 ἠγνόηται
808 812 958 881 ὑμῖν,
981 811 1078 865 καὶ
1105 812 1254 866 οὐδὲν
1285 812 1514 876 ἀπεικὸς
1541 813 1590 864 εἰ
1607 811 1855 879 ἀγνοεῖτὲ
1879 825 1946 880 με

293 900 297 904 ’
366 904 446 954 ὅτι
473 899 584 970 ἐγώ
613 901 730 971 εἰμι
763 901 791 953 6
835 900 1073 971 Χριστὸς
1094 942 1107 966 ,
1145 902 1245 954 οὐκ
1271 901 1474 964 εἰδότες
1507 902 1600 953 τὶν
1630 900 1690 966 ἐξ
1718 894 1779 953 οὗ
1808 901 1943 968 εἰμι.

369 989 594 1063 [Cum]

441 1102 461 1135 ι
513 1081 655 1151 Ἐγὼ
701 1080 760 1135 δὲ
807 1077 926 1136 οἶδα
970 1080 1130 1135 αὐτόν
1149 1123 1164 1136 .
1206 1099 1226 1133 ι

435 1174 747 1240 Τουτέστιν,
765 1173 917 1242 Ἐμοὶ
953 1169 1100 1244 μόνῳ
1121 1171 1312 1237 θεατός
1342 1171 1513 1239 ἐστιν,
1547 1172 1778 1246 ἐπείπερ
1815 1171 1947 1238 Θεός

365 1267 483 1335 ειμι
517 1264 658 1319 κατὰ
686 1262 868 1334 φύσιν,
900 1264 994 1317 καὶ
1021 1264 1082 1316 ού
1112 1264 1211 1333 τῆς
1250 1262 1478 1335 κτιστῆς
1523 1260 1758 1332 φύσεως,
1813 1265 1949 1318 οἵτι-

367 1371 455 1416 νες
484 1353 715 1416 ἐννοίαις
745 1352 905 1424 μόνον
946 1352 1091 1405 κατὰ
1115 1352 1176 1404 τὸ
1207 1351 1430 1406 δυνατὸν
1479 1349 1811 1419 γινώσκουσι
1857 1353 1949 1405 τὸν

369 1445 608 1516 Πατέρα.
648 1445 708 1498 'O
739 1444 796 1498 δὲ
827 1443 959 1497 Υἱον
993 1443 1156 1497 αὐτοῦ
1194 1444 1316 1497 ὅλον
1355 1445 1413 1496 ἐν
1443 1443 1619 1513 ἑαυτῷ
1645 1442 1841 1516 θεωρεῖ
1857 1443 1948 1497 τὸν

371 1538 739 1608 γεννήσαντα,
785 1536 880 1589 καὶ
911 1535 1008 1606 τὴν
1033 1536 1126 1589 τοῦ
1152 1536 1400 1600 τέκτονος
1432 1536 1622 1589 οὐσίαν
1659 1537 1716 1590 ἐν
1765 1539 1834 1608 τῇ
1872 1539 1953 1590 οξ-

373 1629 498 1698 κεέᾳ
535 1628 694 1698 φύσει
759 1628 1071 1699 ζωγραφεῖ,
1119 1628 1214 1680 καὶ
1247 1627 1422 1691 οὕτως
1459 1627 1598 1680 οἶδεν
1653 1627 1837 1694 αὑτὸν,
1873 1628 1949 1693 ὡς

367 1718 465 1771 οὐκ
506 1717 654 1773 ἔστιν
685 1721 877 1773 εἰπεῖν.
923 1717 1299 1789 Ἀνέκφραστα
1322 1719 1430 1791 γάρ
1457 1719 1527 1771 τὰ
1553 1720 1683 1790 περὶ
1715 1718 1873 1774 Θεοῦ.

449 1913 468 1946 ι
523 1895 782 1967 Ἐζήτουν
807 1891 900 1950 οὖν
924 1895 1085 1950 αὑτὸν
1112 1895 1328 1962 πιάσαι,
1359 1894 1456 1948 καὶ
1481 1894 1657 1958 οὐδεὶς
1683 1895 1949 1950 ἐπέϐαλεν

369 1987 455 2038 ἐπ’
501 1985 664 2039 αὐτὸν
715 1985 814 2056 τὴν
866 1986 1060 2056 χεῖρα,
1124 1985 1209 2038 ὅτι
1257 1983 1412 2038 οὔπω
1460 1983 1713 2056 ἐληλύθει
1759 1987 1793 2056 ὴ
1831 1984 1950 2058 ὥρα

368 2077 557 2132 αὐτοῦ.
603 2095 624 2126 ι

437 2170 536 2223 Διά
567 2169 756 2223 τούτου
789 2168 1158 2240 μανθάνομεν,
1189 2170 1273 2223 ὅτι
1304 2167 1446 2223 ἑκὼν
1475 2167 1698 2232 ἔπαθεν,
1725 2169 1820 2222 καὶ
1849 2169 1951 2222 οὐκ

365 2264 433 2316 ἐκ
473 2261 786 2328 πλεονεξίας
830 2262 1134 2332 Ἰουδαῖκῆς
1178 2259 1528 2331 συλληφθείς.
1565 2261 1739 2330 Ὥραν
1767 2259 1824 2314 δέ
1862 2260 1952 2313 λέ-

370 2370 456 2420 γει
489 2354 588 2424 τὴν
611 2352 872 2424 εὔκαιρον
899 2353 1009 2408 τῶν
1032 2354 1377 2424 πραγμάτων
1402 2352 1652 2410 ἔκϐασιν.

442 2465 462 2497 ι
507 2446 787 2499 Ἤκουσαν
827 2447 877 2498 οἱ
925 2446 1214 2516 Φαρισαῖοι
1259 2444 1355 2498 τοῦ
1376 2445 1557 2517 δδχλου
1589 2444 1954 2514 γογγύζοντος

370 2542 500 2612 περὶ
549 2541 712 2594 αὑτοῦ
741 2542 943 2594 ταῦτα·
983 2539 1079 2594 καὶ
1100 2539 1433 2594 ἀπέστειλαν
1465 2540 1514 2592 οῖ
1541 2540 1826 2610 Φαρισαῖοι
1858 2539 1954 2592 καὶ

367 2634 417 2685 οἱ
475 2632 778 2704 Ἀρχιερεῖς
805 2631 1108 2702 ὑπηρέτας,
1140 2630 1229 2684 ῖνα
1259 2630 1530 2684 πιάσωσιν
1556 2629 1740 2685 αὐτόν.
1789 2649 1808 2682 ι

436 2724 517 2774 Δι’
572 2717 647 2776 ὧν
692 2722 1015 2791 ἐγόγγυζον,
1080 2721 1366 2790 φαίνονται
1418 2721 1815 2793 ἀποδεχόμενοι
1861 2719 1953 2774 τὸν

371 2811 629 2881 Χριστὸν,
670 2813 764 2867 καὶ
795 2811 1040 2877 θέλοντες
1083 2812 1194 2868 ἀπὸ
1223 2812 1336 2866 τῶν
1362 2813 1689 2883 ἡγουμένων
1723 2811 1954 2882 ἀποσχε-

371 2917 484 2956 σαι.
539 2903 719 2974 Ὅπερ
775 2904 1160 2976 αἰσθανόμενοι
1205 2906 1258 2958 et
1314 2905 1642 2976 ἡγούμενοι,
1699 2903 1952 2975 ἔπεμψαν

371 2992 734 3048 συλλαϐέσθαι
778 2995 961 3059 αὐτὸν,
990 2994 1079 3048 διὰ
1119 2995 1280 3050 τοῦτο
1321 2996 1504 3066 μόνον,
1525 2995 1608 3049 ὅτι
1632 2995 1953 3048 ἐπιστεύετο

369 3081 507 3138 εἶναι
533 3087 562 3138 ὁ
582 3085 870 3156 Χριστόςῑ.

2052 551 2232 595 autem
2263 555 2385 595 cum
2415 539 2649 605 venerit,
2685 553 2844 594 nemo
2873 539 2976 595 scit
3009 540 3153 595 unde
3181 540 3272 596 sit.
3311 558 3331 593 ›

2130 630 2274 686 Bene
2322 631 2547 696 dicitur,
2597 643 2721 684 cum
2775 633 2986 686 venerit
3031 631 3302 698 Christus,
3357 633 3627 687 neminem

2049 723 2190 777 scire
2238 725 2381 778 unde
2427 723 2519 789 sit,
2551 738 2673 777 cum
2709 723 2909 777 etenim
2957 739 3144 778 verum
3194 724 3362 780 Deum
3407 742 3475 781 ex
3521 742 3628 796 quo

2049 828 2168 869 sum
2199 813 2448 878 nescitis,
2486 813 2627 868 nihil
2671 815 2870 869 mirum
2907 816 3051 884 quod
3079 816 3343 885 ignoratis
3391 833 3477 874 me
3507 831 3628 874 esse

2048 905 2347 973 Christum,
2383 907 2691 962 nescientes
2722 905 2874 961 illum
2910 921 2979 962 ex
3005 921 3115 978 quo
3141 923 3285 964 sum.

2129 1085 2294 1139 Vens.
2328 1084 2418 1140 29.
2454 1105 2473 1138 ι
2503 1085 2616 1156 Ego
2650 1093 2828 1141 autem
2859 1086 2972 1142 scio
3003 1101 3148 1142 eum.
3183 1106 3201 1139 ι

2129 1176 2186 1232 ld
2236 1177 2518 1232 estzMihi
2590 1178 2687 1234 soli
2741 1187 3055 1249 perspectus
3106 1188 3211 1246 est,
3259 1193 3378 1234 cum
3436 1187 3627 1233 natura

2050 1283 2169 1323 mea
2203 1269 2343 1325 Deus
2366 1270 2492 1334 sim,
2520 1277 2574 1325 et
2603 1285 2710 1326 non
2740 1279 2950 1325 natura;
2998 1279 3220 1336 creatae,
3280 1271 3366 1324 cui
3397 1282 3626 1334 tantum,

2050 1367 2312 1427 (piantum
2362 1359 2652 1430 cogitando
2699 1359 2845 1425 licet,
2904 1360 3118 1414 Patrem
3170 1373 3330 1413 nosse
3385 1356 3469 1412 fas
3515 1370 3622 1413 est.

2051 1447 2221 1504 Filius
2257 1455 2386 1505 v‘ero
2435 1459 2602 1504 totum
2634 1451 2686 1504 in
2721 1450 3010 1518 semetipso
3034 1449 3440 1518 contemplatur,
3460 1450 3630 1505 Geni-

2053 1550 2248 1608 torem,
2295 1541 2414 1609 ejus
2460 1541 2698 1610 denique
2749 1541 3106 1596 substantiam
3157 1541 3374 1610 prOpria
3403 1556 3497 1595 sua
3530 1556 3626 1594 na-

2051 1644 2172 1686 tura
2231 1633 2297 1686 ad
2351 1632 2530 1686 vivum
2562 1630 2839 1701 exprimit,
2883 1638 3045 1699 atque
3093 1645 3180 1696 eo,
3209 1646 3318 1700 quo
3364 1631 3625 1701 explicari

2054 1740 2158 1778 non
2221 1733 2418 1794 potest,
2461 1724 2620 1779 modo
2648 1725 2823 1794 ipsum
2856 1725 3022 1778 novit.
3076 1723 3206 1789 Quae
3233 1725 3378 1779 enim
3418 1725 3624 1793 divina,

1983 1825 2022 1878 Β
2052 1816 2214 1870 etiam
2253 1815 2548 1872 inelfabilia
2583 1824 2732 1870 sunt.
2825 1840 2839 1852 -

2115 1905 2278 1960 Vens.
2307 1905 2396 1960 50.
2466 1922 2485 1956 ε
2515 1905 2839 1972 Quaerebam
2862 1919 2990 1974 ergo
3016 1918 3137 1960 eum
3167 1905 3576 1975 apprehendere
3604 1924 3618 1960 :

2049 2005 2104 2049 et
2133 2011 2287 2050 nemo
2320 1996 2464 2051 misit
2497 1997 2548 2050 in
2580 1997 2727 2050 illum
2761 2011 2976 2064 manus,
3029 1997 3156 2068 quia
3192 1997 3428 2052 nondum
3460 2013 3624 2052 vene-

2051 2098 2135 2142 rat
2169 2089 2300 2143 hora
2327 2089 2463 2158 ejus.
2494 2107 2514 2140 ι

2122 2175 2263 2231 llinc
2289 2178 2551 2234 discimus
2609 2178 2885 2233 Christum
2927 2188 3121 2249 sponte
3170 2194 3410 2249 passum,
3451 2189 3506 2234 et
3533 2177 3630 2232 Ju-

2052 2268 2291 2323 dazorum
2323 2268 2526 2325 viribus
2557 2270 2779 2325 minime
2813 2281 3146 2341 superatum.
3196 2271 3392 2326 Horam
3422 2280 3624 2336 autem,

2051 2368 2207 2412 vocat
2231 2368 2589 2428 opportunam
2621 2376 2799 2415 rerum
2837 2363 3264 2417 exsecutionem.

2120 2450 2285 2505 Vens.
2316 2451 2406 2505 52.
2444 2470 2463 2504 ι
2492 2451 2791 2506 Audierunt
2823 2449 3079 2506 Pharisaei
3112 2451 3323 2504 turbam
3386 2464 3620 2502 murum-

2055 2551 2263 2597 rantem
2293 2543 2360 2596 de
2388 2543 2478 2596 illo
2514 2544 2665 2598 hare:
2711 2553 2768 2597 et
2798 2543 3064 2597 miserunt
3097 2541 3372 2612 principes
3403 2550 3456 2594 et
3487 2542 3624 2608 pha-

2056 2635 2196 2689 risaai
2229 2634 2525 2698 ministros,
2564 2644 2621 2688 ut
2651 2633 3125 2703 apprehendereut
3148 2647 3294 2687 cum.
3332 2649 3350 2682 ι

2133 2724 2266 2791 Quia
2310 2723 2752 2787 murmurabant,
2815 2723 3138 2776 videbantur
3183 2721 3455 2774 Christum
3510 2734 3630 2773 sus-

2053 2815 2280 2883 cepturi,
2310 2824 2361 2869 et
2389 2815 2662 2884 principes
2683 2827 2814 2868 suos
2835 2813 3081 2868 deserere
3103 2810 3260 2865 velle.
3290 2808 3403 2865 Hoc
3433 2812 3617 2878 itaque

2052 2906 2323 2976 principes
2352 2905 2731 2974 intelligentes,
2761 2905 3025 2958 miserunt
3070 2902 3162 2974 qui
3194 2917 3316 2956 eum
3350 2911 3626 2971 caperent,

2052 2998 2136 3053 vel
2167 2998 2368 3054 idcirco
2399 2998 2596 3063 solum,
2627 2998 2770 3068 quod
2795 2993 3046 3051 Christus
3099 2993 3430 3049 crederetur.

443 3197 462 3228 ι
510 3179 598 3230 Ἑν
625 3180 682 3232 δὲ
709 3182 774 3250 τῇ
817 3180 1021 3252 ἐσχάτῃ
1058 3179 1249 3250 ἡμέρᾳ
1287 3181 1354 3250 τῇ
1386 3177 1602 3249 μεγάλῃ
1627 3177 1725 3248 τῆς
1757 3177 1947 3248 ἑορτῆς

2121 3174 2292 3229 Vens.
2319 3175 2408 3228 57.
2449 3191 2471 3225 ι
2500 3173 2558 3227 1η
2587 3171 2885 3228 novissimo
2912 3178 3089 3225 autem
3132 3169 3220 3224 die
3249 3183 3443 3238 magno
3475 3167 3628 3221 festi-

371 3273 612 3340 εἱστήκει
641 3274 670 3324 6
730 3273 965 3343 Ἰησοῦς,
1022 3273 1119 3325 καὶ
1169 3271 1406 3342 ἐκραξε,
1448 3271 1656 3339 λέγων·
1700 3268 1826 3323 Ἐάν
1865 3287 1951 3334 τις

369 3363 516 3433 διψᾷ,
543 3363 788 3434 ἐρχέσθω
818 3365 954 3434 πρός
981 3380 1072 3434 με,
1111 3364 1208 3417 καὶ
1230 3365 1456 3418 πινέτω.
1491 3381 1513 3416 ι

441 3456 572 3506 Ὀτε
614 3455 816 3517 πάντες
860 3455 1210 3527 συνέτρεχον,
1257 3455 1352 3509 καὶ
1389 3456 1618 3528 ἔμελλον
1645 3460 1952 3532 ἀναχωρεῖν

368 3545 573 3610 οἶκαδε,
601 3545 722 3598 τότε
752 3545 1018 3610 διδάσκει,
1045 3546 1134 3599 ἵνα
1165 3546 1368 3618 σχῶσιν
1395 3549 1607 3617 ἐφόδιον
1632 3551 1759 3615 τοὺς
1784 3549 1950 3604 αὑτοῦ

369 3635 582 3704 λόγους.
624 3635 842 3706 Ἐπειδὴ
876 3636 934 3688 δὲ
976 3631 1004 3688 ό
1031 3636 1194 3706 νόμος
1223 3637 1430 3708 κλητὴν
1481 3640 1642 3708 ἁγίαν
1675 3642 1831 3696 καλεῖ
1853 3643 1952 3713 τὴν

371 3726 605 3796 ἑϐδόμην
649 3725 761 3779 ἐθει
800 3726 1050 3797 παλαιῷ,
1083 3729 1178 3781 καὶ
1207 3728 1619 3804 Εὐαγγελιστὴς
1654 3733 1953 3804 ἀκολουθή-

373 3835 493 3882 σας,
527 3819 776 3889 μεγάλην
805 3818 977 3889 αὐτὴν
1008 3814 1184 3874 εἶπεν.

447 3926 465 3957 ι
509 3907 681 3961 Τοῦτο
717 3908 776 3962 δὲ
803 3905 926 3961 εἷπε
967 3909 1098 3979 περὶ
1121 3908 1217 3962 τοῦ
1260 3909 1597 3979 πνεύματος,
1624 3907 1686 3966 οὗ
1726 3913 1950 3985 ἔμελλον

374 3999 670 4070 λαμϐάνειν
713 4001 764 4053 οἱ
796 3999 1146 4064 πιστεύοντες
1193 4001 1276 4064 εἰς
1319 4001 1507 4057 αὐτόν.
1554 4003 1724 4058 Οὔπω
1746 4006 1854 4077 γὰρ
1882 4001 1951 4076 ἦν

377 4091 598 4161 Πνεῦμα
627 4090 803 4160 ἅγιον,
835 4093 917 4146 ὅτι
953 4094 981 4146 6
1027 4091 1236 4164 Ἰησοῦς
1260 4093 1475 4147 οὐδέπω
1507 4095 1786 4168 ἐδοξάσθη.
1821 4115 1841 4148 ι

444 4185 560 4236 Οὺκ
593 4185 686 4237 ἐπὶ
726 4185 825 4256 τὴν
858 4184 1159 4239 ὑπόστασιν
1198 4184 1463 4258 ἀναφέρει
1495 4186 1587 4241 τὸν
1621 4187 1798 4256 λόγον,
1836 4188 1949 4242 ἀλλ’

371 4277 463 4329 ἐπὶ
492 4276 592 4349 τὴν
629 4277 722 4332 τοῦ
757 4278 1077 4349 Πνεύματος
1103 4279 1408 4352 ἐνέργειαν,
1430 4282 1554 4353 ἣτις
1593 4281 1785 4351 γέγονε
1813 4284 1953 4356 μετὰ

369 4372 470 4437 τὴν
503 4367 596 4420 τοῦ
622 4369 862 4438 Χριστοῦ
903 4370 1203 4424 ἀνάστασιν
1224 4387 1239 4402 ο
1283 4371 1350 4424 δι’
1374 4367 1449 4426 ὧν
1486 4373 1562 4436 ὡς
1590 4369 1672 4437 εἷς
1706 4372 1766 4439 ἐξ
1793 4375 1950 4446 ἡμῶν

2052 3266 2238 3322 vitatis
2271 3263 2650 3329 stabatJesus,
2693 3272 2747 3318 et
2775 3261 3065 3327 clamabat,
3111 3258 3298 3316 dicens
3335 3277 3348 3314 :
3400 3257 3458 3313 Si
3510 3259 3631 3328 quis

2057 3357 2194 3421 sitit,
2227 3354 2414 3410 veniat
2445 3353 2512 3408 ad
2543 3368 2652 3418 me,
2692 3363 2747 3407 et
2776 3351 2946 3408 bibat.
2979 3369 3000 3403 ι

2124 3445 2230 3504 Ubi
2271 3459 2463 3503 omnes
2514 3452 2911 3509 convenerant,
2963 3449 3019 3498 et
3060 3441 3282 3497 domum
3337 3437 3632 3495 discessuri

2053 3546 2233 3603 erant,
2282 3545 2410 3592 tunc
2439 3539 2654 3592 demum
2687 3536 2866 3602 docet,
2896 3544 2954 3589 ut
2984 3548 3084 3604 pro
3114 3532 3313 3588 viatico
3361 3531 3481 3600 ejus
3508 3545 3627 3585 ser-

2052 3645 2244 3688 mones
2292 3630 2622 3701 acciperent.
2673 3627 2808 3683 Cum
2843 3635 3022 3681 autem
3050 3623 3136 3679 lex
3169 3623 3311 3678 diem
3341 3623 3631 3692 septimum

2051 3731 2296 3780 sanctum
2327 3729 2575 3777 vocatum
2603 3719 2774 3783 dicat,
2807 3731 3012 3772 morem
3059 3714 3340 3784 antiquum
3389 3713 3631 3767 imitatus

2051 3815 2400 3887 evangelista,
2433 3813 2574 3868 diem
2603 3811 2765 3867 istum
2793 3823 3045 3879 magnum
3073 3813 3250 3860 vocat.

2123 3908 2290 3964 Vens.
2319 3907 2410 3962 59.
2443 3921 2464 3957 ι
2488 3903 2601 3958 Hoc
2630 3911 2810 3956 autent
2841 3900 2978 3954 dixit
3003 3899 3070 3953 de
3101 3893 3496 3966 Spiritu'quem
3539 3908 3632 3948 ac—

2057 3999 2268 4069 cepturi
2299 4005 2456 4052 erant
2485 3995 2774 4051 credentes
2802 3992 2855 4046 in
2888 4005 3036 4046 eum.
3058 3987 3310 4043 Nondum
3342 3985 3487 4040 enim
3511 3993 3633 4039 erat

2054 4092 2291 4162 Spiritus
2340 4089 2540 4152 datus,
2609 4084 2734 4154 quia
2787 4080 2947 4138 Jesus
2994 4081 3246 4136 nondum
3283 4085 3404 4133 erat
3462 4075 3632 4146 glori-

2052 4186 2262 4240 licatus.
2295 4198 2315 4233 ι

2119 4275 2238 4332 Non
2267 4273 2334 4328 ad
2363 4267 2674 4342 hypostasin
2705 4278 3006 4322 sermonem
3037 4261 3228 4328 refert,
3271 4262 3364 4317 sed
3389 4260 3456 4315 ad
3505 4259 3629 4328 Spi-

2053 4369 2191 4424 ritus
2225 4364 2622 4435 operationem,
2647 4373 2767 4428 qua:
2793 4365 2915 4427 post
2939 4353 3141 4410 Christi
3176 4351 3625 4408 resurrectionem

375 4459 538 4522 λύσας
567 4460 635 4512 τὰ
659 4459 832 4530 δεσμά
873 4461 969 4514 τοῦ
1003 4462 1237 4516 θανάτου
1256 4504 1270 4528 ,
1301 4464 1502 4535 ἀνέστη
1521 4505 1537 4528 ,
1573 4467 1665 4518 καὶ
1689 4465 1949 4537 ἐδοξάσθη

2053 4459 2176 4523 fuit,
2208 4455 2428 4530 quando
2484 4462 2741 4520 tanquam
2783 4462 2924 4502 unus
2963 4461 3029 4501 ex
3052 4444 3249 4513 ;nobis,
3290 4444 3478 4497 mortis
3511 4443 3630 4495 vin-

2130 4551 2143 4556 -
2229 4551 2261 4556 --
2365 4547 2379 4556 .
2747 4555 2778 4556 νγ
2803 4540 2839 4556 ι-
2900 4546 2943 4556 Δ.
2982 4535 3304 4556 LI-_:n‘-.---
3336 4543 3410 4556 --ι
3466 4532 3592 4556 I‘I-..:

373 4551 633 4622 Χριστὸς,
675 4553 769 4605 καὶ
808 4555 841 4622 ἡ
884 4555 1035 4607 πᾶσα
1087 4532 1600 4628 ἀνθρωπότηςξώς
1636 4560 1697 4614 ἐν
1727 4532 1948 4633 ἀπαρχῇ

2057 4551 2181 4606 cula
2210 4547 2517 4604 dissolvens
2543 4540 2865 4606 resurrexit,
2894 4546 2950 4593 et
2975 4535 3306 4607 gloriﬁcatus
3331 4543 3414 4589 est
3466 4532 3628 4587 Chri-

374 4641 614 4712 Χριστῷ.
648 4642 757 4694 Καὶ
780 4643 910 4696 ὃταν
937 4643 1239 4714 ἐνεφύσησε
1263 4647 1376 4710 τοῖς
1407 4647 1680 4720 μαθηταῖς
1705 4649 1766 4702 τὸ
1796 4650 1952 4719 ἅγιον

377 4733 622 4806 Πνεῦμα,
654 4733 834 4799 ἔδοξεν
859 4735 1036 4806 ἀρχὴν
1055 4738 1090 4806 ἡ
1114 4738 1276 4808 χάρις
1298 4736 1627 4809 λαμϐάνειν.

448 4927 470 4962 ι
507 4910 692 4964 Ἀλλοι
715 4909 900 4981 ἔλεγον
919 4927 933 4941 ’
965 4907 1134 4976 Οὗτός
1167 4913 1364 4966 ἐστινὸ
1387 4916 1429 4967 Χ
1439 4917 1643 4986 ριστός.
1675 4887 1858 4972 Ἀλεῖοι
1898 4918 1956 4971 δὲ

2055 4655 2198 4707 stus,
2235 4651 2289 4696 et
2313 4642 2366 4694 in
2397 4639 2514 4708 ipso
2557 4647 2816 4704 tanquam
2861 4633 2913 4686 in
2945 4629 3203 4701 primitiis
3251 4626 3500 4681 universa
3530 4625 3630 4679 ho-
3704 4641 3706 4644 ·

2055 4733 2258 4788 minum
2282 4739 2501 4785 natura.
2526 4725 2592 4782 Et
2613 4724 2831 4796 quando
2852 4719 3136 4792 inspiravit
3160 4716 3439 4786 discipulis
3457 4714 3630 4785 Spirir

2053 4831 2166 4877 tum
2194 4831 2463 4883 sanctum,
2483 4818 2598 4872 visa
2617 4825 2700 4872 est
2733 4814 2908 4886 gratia
2931 4813 3052 4882 ejus
3073 4809 3354 4864 exordium
3397 4807 3627 4876 cepisse.

2123 4911 2291 4971 Vens.
2323 4913 2415 4967 41.
2454 4909 2586 4965 «Alii
2621 4908 2916 4964 dicebant:
2941 4903 3042 4958 Hic
3067 4911 3151 4957 est
3185 4899 3459 4954 Christus.
3495 4896 3631 4962 Qui-

373 4999 591 5071 ελεγον·
647 5002 756 5078 Μὴ⁵
779 5003 891 5073 γὰρ
933 5004 997 5055 ἐκ
1038 5003 1140 5073 τῆς
1193 5004 1483 5069 Γαλιλαίας
1522 5009 1551 5059 ό
1593 5009 1827 5078 Χριστὸς
1863 5009 1949 5081 ἕρ-

2052 5006 2172 5061 dam
2213 5012 2395 5058 autem
2452 4999 2746 5056 dicebant:
2797 4993 3049 5064 Nunquid
3105 5007 3136 5046 a
3193 4989 3413 5046 Galilaea
3465 4986 3615 5042 venit

372 5109 558 5163 χεται;
599 5113 617 5146 ι

442 5186 708 5258 Διάφορος
729 5183 797 5259 ἦν
821 5189 854 5259 ὴ
879 5186 1097 5259 γνώμη,
1131 5188 1208 5253 ὡς
1229 5190 1288 5243 ἐν
1313 5189 1508 5260 πλήθει
1536 5193 1949 5264 τεταραγμένῳ.

372 5274 508 5328 Οὐδὲ
551 5275 661 5346 γὰρ
699 5277 944 5347 ἀκριϐῶς
978 5281 1268 5349 προσεῖχον
1296 5281 1405 5344 τοῖς
1432 5281 1750 5352 λεγομένοις
1771 5323 1784 5346 ,
1822 5283 1942 5337 οὐδὲ

370 5364 464 5417 τοῦ
492 5366 683 5436 μαθεῖν
707 5367 888 5423 ἕνεκα.
922 5371 1024 5422 Διά
1043 5371 1107 5441 δὴ
1129 5371 1290 5425 τοῦτο
1316 5373 1411 5427 καὶ
1432 5374 1584 5428 οὐδὲν
1604 5374 1784 5439 αὐτοῖς
1811 5375 1944 5429 ἀπο-

371 5458 637 5530 κρίνεται.

445 5568 467 5602 ι
508 5551 643 5622 Οὐχὶ
670 5554 705 5624 ἡ
731 5553 921 5626 Γραφὴ
965 5551 1154 5610 εἶπεν·
1205 5555 1330 5611 Ὀτι
1376 5559 1442 5612 ἐκ
1483 5559 1578 5613 τοῦ
1625 5559 1940 5629 σπέρματος

464 5729 603 5786 ¹Οι⁶.
637 5728 702 5782 ad
726 5727 760 5781 Ι.
797 5727 884 5779 ἵνα
918 5727 1077 5781 αὐτὸν
1107 5727 1360 5782 ἀνέλωσι.

2049 5095 2343 5152 Christus?
2377 5112 2396 5146 ι

2121 5188 2347 5242 Diversa
2368 5193 2486 5241 erat
2510 5181 2804 5245 sententia,
2845 5187 3038 5248 utpote
3063 5175 3119 5230 in
3145 5173 3460 5245 perturbata
3493 5171 3632 5225 mul-

2059 5279 2308 5334 titudine.
2351 5276 2537 5346 Neque
2567 5275 2709 5332 enim
2761 5270 3045 5342 diligenter
3099 5265 3284 5322 verbis
3309 5264 3428 5335 ejus
3455 5271 3630 5318 atten-

2052 5373 2271 5438 dehant,
2293 5385 2468 5440 neque
2496 5379 2554 5425 ut
2575 5368 2869 5424 discerent.
2896 5365 3183 5433 Propterea
3205 5363 3371 5418 etiam
3401 5355 3633 5411 nihileis

2050 5463 2301 5519 Christus
2341 5460 2641 5530 rcspondit.

2126 5557 2288 5612 Vens.
2316 5553 2409 5610 42.
2450 5571 2469 5606 ι
2501 5551 2695 5608 Nonne
2724 5549 3007 5618 Scriptura
3047 5545 3222 5603 dicit:
3273 5540 3410 5609 Quia
3441 5553 3510 5594 ex
3541 5550 3631 5594 se-
