4072 6458
424 379 562 446 1447

1568 371 1908 436 AMMONII
1948 367 2484 431 ALEXANDRINI

3554 361 3701 430 1448

418 498 568 553 tuine
595 496 764 552 David
794 504 851 553 et
879 452 948 552 de
968 492 1248 551 Bethleem
1307 489 1552 558 castello,
1609 490 1705 546 ubi
1732 498 1851 545 erat
1903 489 2007 543 Da-

2126 486 2281 541 Δασὶδ
2301 487 2399 540 καὶ
2427 483 2538 539 άπδ
2562 481 2814 555 Βηθλεὲμ
2842 484 2944 554 τῆς
2965 480 3181 553 κώμης,
3205 480 3342 535 ὅπου
3368 476 3436 552 ἦν
3457 482 3647 549 Δαὸὶδ,
3672 484 3701 532 ὁ

419 587 530 655 vid,
560 587 710 642 venit
734 584 1035 640 Christus?
1064 601 1083 637 ι

489 678 706 747 Optime
735 678 953 747 quidem
981 677 1258 741 dixerunt,
1295 689 1362 731 ex
1405 673 1621 731 semine
1650 669 1817 727 David
1846 676 1901 725 et
1928 682 1994 723 ex

417 766 694 823 Bethleem
706 766 989 821 Christum
1008 766 1466 836 pmditummw
1484 771 1705 835 propter
1715 759 1856 815 Nata
1864 770 1939 813 ret
1950 760 2005 821 h,

419 856 510 913 ubi
527 854 1008 923 educatusfuerat,
1030 854 1381 921 fallebantur,
1410 854 1623 909 tametsi
1649 852 1704 907 in
1731 849 2004 907 Bethleem

418 964 485 1004 ex
513 949 723 1019 virgine
749 949 817 1005 de
844 949 1015 1019 stirpe
1040 947 1206 1003 David
1234 956 1401 1003 natus
1428 954 1602 1002 esset.

1044 1137 1198 1195 CAI’.
1237 1135 1373 1192 VIII.

494 1252 663 1310 Vens.
694 1254 785 1309 12.
822 1269 844 1305 ι
890 1252 1089 1307 lterum
1139 1266 1267 1323 ergo
1303 1251 1515 1307 locutus
1560 1259 1646 1306 est
1678 1248 1870 1313 Iesus,
1923 1247 2003 1301 di-

422 1360 553 1400 cens
591 1363 604 1399 :
639 1344 751 1416 Ego
792 1359 912 1399 sum
944 1344 1037 1398 lux
1076 1344 1260 1398 mundi
1295 1361 1309 1399 :
1340 1344 1430 1412 qui
1458 1344 1707 1411 sequitur
1738 1358 1822 1396 me
1842 1350 1873 1404 .'
1904 1358 2006 1395 non

424 1434 665 1489 ambulat
698 1434 752 1487 in
790 1433 1058 1498 tenebris,
1091 1433 1186 1489 sed
1212 1433 1431 1488 habebit
1454 1432 1632 1488 lumen
1665 1432 1811 1486 vitae.
1843 1450 1860 1483 ι

494 1608 747 1665 Ostendit
774 1622 833 1662 se
862 1623 986 1663 eum
1019 1621 1166 1670 esse,
1204 1608 1269 1663 de
1300 1622 1406 1677 quo
1439 1606 1756 1677 praedictum
1789 1606 1964 1659 fuerat
1993 1623 2005 1659 :

424 1699 563 1756 Ecce
594 1701 746 1771 posui
772 1708 821 1754 te
849 1700 905 1753 in
938 1700 1106 1753 lucem
1137 1701 1369 1769 gentium
1395 1700 1463 1764 ³³,
1499 1713 1668 1767 seque
1701 1713 1807 1751 non
1842 1714 2006 1750 unum

2108 575 2347 647 Χριστὸς
2374 576 2596 648 ἔρχεται
2612 593 2629 643 ;
2652 593 2686 627 ι»
2820 622 2825 631 .

2178 668 2382 731 Καλῶς
2435 666 2535 739 μὲν
2573 666 2783 736 ελεγον,
2824 667 2909 721 ὅτι
2954 666 3040 720 δεῖ
3065 665 3129 718 ὲκ
3171 664 3488 737 σπέρματος
3527 663 3701 718 Δασὶδ

2104 761 2202 812 καὶ
2226 760 2335 813 ἀπὸ
2362 759 2614 831 Βηθλεὲμ
2639 759 2900 831 ἔρχεσθαι
2937 757 3030 812 τὸν
3066 756 3339 829 Χριστόν*
3382 755 3704 811 ἐπλανῶντο)

2104 851 2166 906 δὲ
2191 851 2280 905 διὰ
2304 853 2407 923 τὴν
2426 851 2704 923 Ναζαρὲτ,
2728 845 2842 922 ὲν
2864 846 2933 917 ἦν
2960 847 3470 919 ἀνατεθραμμένος,
3492 846 3704 919 καίπερ

2106 942 2461 1013 γεννηθέντος
2484 942 2651 996 αὑτοῦ
2681 944 2739 996 ὲν
2778 941 3051 1013 Βηθλεὲμ,
3079 941 3144 994 ὲκ
3175 940 3275 1011 τῆς
3308 939 3577 1011 παρθένου
3598 938 3705 1010 τῆς

2109 1038 2175 1088 ὲκ
2200 1034 2388 1088 Δαϐίδ.

2715 1145 2974 1201 ΚΕΦΑΛ.
3004 1146 3088 1199 H'.

2187 1281 2206 1314 ι
2238 1261 2408 1315 Πάλιν
2429 1259 2523 1314 οῦν
2547 1261 2577 1314 ό
2604 1258 2813 1331 Ἰησοῦς
2842 1259 3030 1322 αὑτοῖς
3048 1256 3304 1328 ὲλάλησε,
3324 1256 3519 1325 λέγων·
3558 1253 3707 1323 Ἑτὼ

2108 1355 2224 1424 εἰμι
2256 1354 2318 1405 τὸ
2348 1351 2463 1422 φῶς
2495 1350 2590 1404 τοῦ
2623 1352 2829 1422 κόσμου
2851 1367 2864 1381 ·
2914 1350 2944 1403 ό
2981 1347 3292 1402 ἀκολουθῶν
3324 1347 3481 1418 ἐμοὶ,
3529 1347 3594 1401 οὑ
3623 1345 3706 1417 μὴ

2115 1447 2467 1517 περιπατήσῃ
2517 1445 2576 1496 ὲν
2614 1446 2682 1514 τῇ
2735 1442 2959 1513 σκοτίᾳ,
3008 1440 3125 1494 ἀλλ’
3175 1437 3290 1503 έξει
3332 1438 3396 1491 τὸ
3440 1436 3557 1507 φῶς
3599 1437 3708 1506 τῆς

2116 1554 2278 1595 ιωης.
2316 1556 2335 1589 ι
3648 1554 3651 1555 ⁷

2116 1592 2117 1595 η
2144 1557 2190 1592 ω
2237 1556 2278 1591 ο.
2316 1556 2335 1589 ι
3648 1554 3651 1555 ν

2112 1564 2138 1601 Β
2183 1542 2258 1698 (3;
2276 1628 2559 1681 Δείκνυσιν
2583 1628 2666 1681 ὅτι
2683 1626 2846 1689 αὑτός
2863 1626 2981 1679 ἐστι
3002 1625 3131 1697 περὶ
3153 1615 3217 1678 οὗ
3247 1620 3706 1696 προανεφωνήθη.

2124 1718 2282 1774 Ἰδοὺ
2306 1718 2541 1773 τέθεικά
2568 1735 2645 1773 σε
2671 1720 2760 1782 εἰς
2801 1717 2928 1786 φῶς
2955 1716 3149 1770 ἐθνῶν
3173 1754 3190 1780 ,
3218 1715 3313 1768 καὶ
3353 1714 3455 1783 οὐχ
3487 1708 3567 1775 εἷς
3593 1711 3709 1765 τῶν

422 1806 491 1845 ex
540 1790 861 1860 prephctis,
904 1790 1003 1844 sed
1050 1790 1289 1859 ipsorum
1320 1787 1611 1843 Dominum
1645 1802 1786 1843 esse.
1825 1787 2008 1857 Neque

2126 1811 2412 1883 προφητῶν
2430 1850 2446 1875 ,
2476 1811 2613 1865 ἀλλὰ
2644 1811 2945 1879 Δεσπότης.
2980 1807 3207 1863 Ἑαυτὸν
3230 1803 3352 1862 εἷπε
3385 1807 3446 1860 τὸ
3466 1806 3583 1876 φῶς
3603 1820 3616 1833 ·
3641 1805 3709 1857 οὑ

423 1881 567 1936 dixit
612 1880 715 1935 :ln
767 1895 853 1936 me
884 1889 974 1936 est
1021 1880 1112 1935 lux
1157 1873 1381 1945 mundi,
1427 1879 1556 1944 sed,
1596 1877 1709 1949 Ego
1748 1894 1863 1933 sum
1917 1888 2011 1932 lux

424 1976 644 2042 mundi;
676 1991 745 2031 ne
790 1976 912 2046 quis
944 1975 1198 2031 videlicet
1266 1974 1544 2030 Christum
1591 1974 1647 2028 in
1687 1972 1823 2027 duos
1873 1972 2010 2027 ﬁlios

427 2068 655 2125 dividat.
697 2066 850 2124 Unus
898 2066 1168 2137 siquidem
1228 2065 1484 2121 Christus
1529 2073 1637 2119 tam
1684 2074 1811 2119 ante
1846 2078 2007 2133 quam

426 2169 549 2231 post
594 2176 814 2216 carnem
862 2168 1233 2228 assumptum,
1269 2171 1517 2227 unusque
1552 2168 1715 2210 verus
1759 2158 1823 2209 ac
1863 2153 2011 2209 solus

424 2269 489 2310 ex
522 2254 630 2309 Deo
652 2252 813 2308 Patre
838 2252 1027 2309 Filius.
1061 2251 1293 2321 Quando
1314 2249 1480 2305 etiam
1507 2247 1682 2302 factus
1710 2254 1797 2300 est
1820 2244 2007 2310 homo,

425 2361 768 2418 nequaquam
820 2345 1067 2401 mutilata
1116 2344 1216 2399 I'uit
1267 2341 1503 2398 hominis
1553 2347 1744 2393 natura
1788 2356 1801 2391 :
1841 2336 2012 2406 ipsius

425 2441 570 2496 enim
603 2439 881 2510 proprium
911 2451 1113 2508 corpus
1137 2444 1242 2501 est,
1271 2432 1659 2501 Christumque
1683 2438 1803 2501 post
1830 2426 2012 2481 incar-

426 2537 706 2593 nationem
737 2535 981 2590 dividere
1013 2534 1068 2589 in
1098 2533 1234 2588 duos
1261 2529 1454 2593 Filios,
1488 2519 1573 2583 vel
1605 2510 1740 2581 duas
1765 2532 2011 2591 naturas,

426 2644 580 2699 aeque
612 2628 838 2698 impium
874 2634 956 2681 est
985 2634 1149 2695 atque
1180 2621 1585 2692 blasphemum.

504 2718 666 2774 Vens.
702 2719 784 2774 η.
815 2737 835 2771 t
865 2717 1002 2785 Quia
1031 2718 1145 2772 scio
1166 2715 1309 2770 unde
1333 2713 1478 2777 veni,
1504 2722 1559 2767 et
1580 2726 1688 2782 quo
1712 2709 1884 2766 vado:
1918 2724 2013 2764 vos

428 2822 609 2868 autem
643 2812 868 2867 nescitis
898 2809 1043 2865 unde
1074 2809 1256 2874 venio,
1289 2816 1385 2861 aut
1410 2820 1519 2877 quo
1555 2805 1714 2860 vado.
1748 2821 1769 2855 ι

499 2903 557 2958 Si
592 2902 882 2958 scivissent
920 2901 1093 2973 ipsum
1128 2914 1252 2955 esse
1282 2897 1479 2953 Filium
1534 2895 1662 2960 Dei,
1709 2903 1765 2949 et
1807 2908 1838 2949 e
1874 2891 2013 2947 coelo

427 2993 814 3060 descendisse,
868 2989 1289 3062 haudquaquam
1335 3002 1470 3044 sane
1517 2994 1744 3059 propter
1780 2999 2011 3054 corpus,

428 3085 574 3153 quod
605 3084 925 3151 cernebant,
952 3080 1305 3138 scandalizati
1334 3078 1585 3135 fuissent.
1620 3077 1786 3144 Deus,
1817 3076 2010 3145 inquit.

2120 1905 2248 1975 μὴν,
2270 1905 2354 1957 ὅτι
2389 1904 2481 1957 Ἑν
2508 1903 2634 1972 ἐμοι
2678 1903 2798 1956 ἔστι
2829 1901 2892 1955 τὸ
2916 1900 3053 1970 φῶςο
3084 1901 3179 1953 ἳνα
3216 1899 3292 1970 μή
3318 1915 3405 1961 τις
3433 1899 3516 1961 εἰς
3539 1896 3712 1950 δυάδα

2116 1995 2248 2050 υἱῶν
2288 1995 2524 2067 διατέμῃ
2564 1995 2657 2049 τὸν
2681 1995 2781 2049 ἕνα
2821 1994 3081 2065 Χριστόν.
3112 1985 3208 2054 Εἷς
3236 1991 3346 2065 γάρ
3364 1991 3550 2045 ἑστινό
3571 1988 3713 2058 Χρι-

2119 2087 2282 2150 στὸς,
2319 2086 2414 2140 καὶ
2447 2086 2555 2156 πρὸ
2603 2086 2839 2156 σαρκὸς,
2879 2085 2977 2138 καὶ
3026 2083 3169 2153 μετὰ
3217 2081 3441 2153 σαρκὸς,
3486 2080 3582 2134 καὶ
3624 2072 3712 2142 εἷς

2118 2175 2214 2231 καὶ
2256 2175 2418 2245 μόνος
2457 2177 2582 2230 κατ’
2629 2175 2891 2245 ἀλήθειαν
2936 2176 3070 2238 Υἱὸς
3101 2176 3131 2229 ό
3172 2177 3238 2228 ἐκ
3281 2172 3421 2227 Θεοῦ
3468 2172 3709 2243 Πατρός.

2118 2268 2227 2322 Καὶ
2269 2268 2359 2323 ὅτε
2388 2268 2616 2336 γέγονεν
2648 2265 2938 2338 ἄνθρωπος
2957 2306 2973 2331 ,
3009 2266 3112 2321 οὐκ
3134 2269 3194 2320 έν
3231 2266 3390 2338 μέρει
3415 2263 3713 2335 τιθεμένης

2117 2358 2217 2426 τῆς
2258 2355 2547 2426 ἀνθρώπου
2580 2355 2832 2424 φύσεως·
2874 2353 3041 2410 αὑτοῦ
3090 2355 3200 2427 γὰρ
3230 2355 3363 2409 ῐόιον
3403 2354 3465 2408 τὸ
3510 2355 3709 2424 σῶμα,

2119 2447 2217 2501 καὶ
2252 2447 2314 2501 τὸ
2343 2447 2656 2518 διατέμνειν
2692 2449 2787 2503 τὸν
2828 2448 3067 2522 Χριστὸν
3118 2447 3259 2519 μετὰ
3300 2447 3401 2519 τὴν
3432 2447 3714 2518 σάρκωσιν

2120 2540 2201 2606 εἰς
2229 2539 2324 2595 δύο
2353 2540 2596 2612 Υὶοὺς,ἢ
2625 2540 2721 2596 δύο
2749 2540 2968 2611 φύσεις,
2997 2540 3199 2596 ταυτὸν
3221 2541 3340 2594 ἔστι
3366 2539 3714 2610 βλάσφημον.

2197 2737 2216 2771 ι
2256 2719 2381 2773 Ὀτι
2411 2715 2526 2773 οἶδα
2558 2718 2724 2773 πόθεν
2767 2717 2968 2790 ἦλθον,
3004 2718 3103 2773 καὶ
3148 2717 3255 2773 ποῦ
3285 2717 3521 2787 ὑπάγω·
3553 2716 3717 2787 ὑμεῖς

2120 2811 2178 2865 δὲ
2203 2809 2305 2864 οὑκ
2325 2811 2504 2864 οἴδατε
2535 2810 2702 2865 πόθεν
2730 2809 2987 2881 ἔρχομαι,
3017 2809 3116 2864 καὶ
3150 2808 3258 2862 ποῦ
3288 2806 3508 2875 ὑπάγω.
3543 2824 3565 2858 ι

2190 2901 2253 2956 Εἰ
2286 2901 2509 2973 ᾔδεισαν
2539 2902 2622 2955 ὅτι
2649 2901 2786 2956 Θεοῦ
2810 2902 2960 2954 ἐστιν
2980 2909 3022 2938 ω
3053 2899 3203 2964 Υἱὸς,
3232 2901 3330 2954 καὶ
3352 2897 3448 2953 ἀπ’
3475 2895 3710 2968 οὐρανοῦ

2121 2990 2401 3045 κατελθὼν
2423 3031 2440 3059 ,
2469 2991 2569 3045 οὑκ
2609 2990 2676 3045 ἂν
2721 2990 2811 3045 διὰ
2840 2991 2902 3044 τὸ
2936 2989 3274 3060 βλεπόμενον
3311 2988 3474 3058 σῶμα
3507 2990 3707 3041 ἐσκανο

2121 3082 2420 3148 δαλὶζοντο.
2449 3082 2583 3146 Θεός
2601 3084 2740 3153 εἰμι,
2768 3084 2926 3153 φησὶ,
2962 3082 3057 3136 καὶ
3082 3080 3399 3146 ἀξιόπιστος
3416 3076 3643 3149 ἐμαυτοῦ
3672 3086 3697 3113 ι

428 3191 569 3241 sum,
596 3184 651 3230 et
675 3174 899 3230 idoneus
923 3172 1027 3228 mei
1059 3173 1231 3243 ipsius
1259 3172 1432 3228 testis.
1462 3169 1571 3227 Vos
1592 3176 1777 3224 autem
1808 3167 2012 3221 idcirco

2126 3177 2327 3247 μάρτυς
2347 3184 2397 3230 ο.
2434 3175 2624 3246 Ὑμεῖς
2646 3174 2704 3228 δὲ
2725 3175 2816 3228 διὰ
2835 3173 2997 3228 τοῦτό
3018 3190 3086 3244 με
3109 3182 3138 3225 P
3161 3173 3264 3227 οὑκ
3289 3172 3486 3235 οἴδατε,
3510 3168 3706 3238 ἐπειδὴ

427 3279 517 3320 me
560 3279 670 3319 non
709 3263 1076 3334 coguovistis,
1125 3260 1252 3330 quia
1298 3258 1431 3314 nihil
1469 3267 1833 3330 praeterquam
1882 3257 2023 3324 quod

428 3367 657 3428 apparet
707 3354 1010 3423 intelligere
1051 3353 1235 3407 vultis.
1274 3350 1396 3406 Non
1440 3350 1576 3406 dixit
1618 3358 1844 3412 autem,
1880 3347 2022 3414 Quia

430 3449 575 3504 Deus
616 3461 737 3503 sum
763 3485 779 3513 ,
824 3446 916 3502 sed
948 3445 1086 3499 unde
1126 3445 1311 3508 venio,
1347 3442 1572 3498 humilia
1606 3440 2022 3497 sublimioribus

432 3539 693 3593 miscens.

504 3629 672 3685 Vens.
698 3628 786 3685 l5.
818 3646 837 3680 ι
873 3627 984 3684 Vos
1019 3627 1317 3684 secundum
1343 3638 1565 3683 carnem
1592 3622 1851 3695 iudicatis
1878 3642 1893 3680 :
1923 3639 2023 3694 ego

434 3738 540 3776 non
564 3720 755 3791 judico
784 3734 1136 3790 quemquam.
1184 3736 1203 3772 ι

506 3812 720 3882 Corpus
760 3828 937 3867 meum
973 3811 1119 3881 quod
1156 3821 1380 3881 apparet
1430 3809 1742 3874 intuentes,
1777 3807 1914 3863 falso
1956 3807 2023 3863 de

434 3918 522 3960 me
546 3904 830 3973 iudicatis.
872 3902 988 3975 Ego
1022 3920 1126 3958 non
1147 3903 1336 3973 judico
1362 3918 1697 3974 quamquam.
1731 3898 1847 3955 Non
1875 3903 2019 3955 enim

434 3999 502 4054 ad
529 3998 631 4053 hoc
654 3998 799 4065 veni,
833 4013 954 4053 cum
983 3998 1219 4052 nondum
1252 3997 1324 4052 sit
1349 3994 1793 4065 tempusjudicii.
1833 3995 1890 4049 Si
1924 4008 2017 4047 au-

410 4100 545 4177 ‘tem
565 4086 812 4177 j-udicare
836 4088 1150 4151 voluissem,
1175 4102 1274 4142 vos
1291 4086 1404 4157 jam
1429 4086 1622 4142 essetis
1647 4083 2019 4139 condemnati.

2126 3269 2279 3323 οὐδὲν
2310 3268 2496 3323 θέλετε
2523 3268 2619 3321 τοῦ
2652 3268 2728 3338 μὴ
2767 3268 3098 3339 φαινομένου
3132 3269 3296 3322 νοεῖν.
3340 3266 3455 3319 Οὑκ
3485 3259 3611 3317 εἷπε
3629 3261 3713 3323 δὲ,

2125 3359 2208 3412 ὅτι
2232 3358 2365 3422 Θεός
2386 3359 2523 3428 εἰμι,
2552 3358 2713 3426 ἀλλὰ,
2733 3359 2926 3415 Πόθεν
2940 3359 3213 3429 ἔρχομαι,
3247 3354 3484 3412 ταπεινὰ
3516 3353 3721 3424 μιγνὺς

2124 3452 2238 3514 τοῖς
2272 3448 2500 3520 ὑψηλοῖς
2529 3459 2582 3504 (ι.

2200 3649 2221 3684 t
2266 3631 2459 3702 Ὑμεῖς
2496 3629 2638 3685 κατὰ
2664 3630 2765 3703 τὴν
2794 3632 2973 3702 σάρκα
3013 3629 3265 3702 κρίνετεο
3310 3623 3423 3693 έγὼ
3456 3622 3519 3676 οὑ
3550 3619 3729 3694 κρίνω

2123 3724 2342 3777 οὐδένα.
2376 3741 2397 3775 ι
2830 3733 2845 3743 ’

2193 3815 2339 3887 Πρὸς
2366 3816 2427 3867 τὸ
2457 3812 2786 3884 φαινόμενον
2819 3812 2984 3883 σῶμά
3013 3829 3118 3882 μου
3149 3808 3485 3880 ἀφορῶντες,
3511 3804 3730 3873 seual-

2125 3907 2304 3977 μένως
2348 3905 2418 3960 τὰ
2460 3907 2580 3960 κατ’
2611 3905 2747 3975 ἐμοῦ
2775 3914 2798 3943 ι
2840 3904 3079 3977 κρίνετε.
3129 3902 3278 3973 Ἐγὼ
3311 3904 3383 3957 οὐ
3409 3900 3597 3969 κρίνω
3621 3899 3731 3953 οὐ-

2122 3996 2291 4051 δένα.
2336 3998 2411 4051 Οὑ
2456 3998 2687 4069 γὰρηὲπὶ
2715 3997 2926 4060 τούτοις
2971 3991 3162 4067 ἦλθον,
3199 3992 3433 4062 ἐπείπερ
3469 3991 3573 4043 οὐκ
3607 3989 3734 4042 ἔστι

2122 4087 2312 4160 καιρὸς
2352 4089 2608 4160 κρίσεως.
2652 4087 2717 4141 Ei
2762 4088 2873 4160 γὰρ
2914 4087 3110 4159 ἦθελον
3142 4088 3355 4158 κρῖναι,
3401 4082 3561 4153 ὑμεῖς
3599 4079 3715 4133 τῶν

436 4180 553 4236 Non
579 4164 712 4235 ἰιἐηί
765 4194 911 4235 nunc
955 4180 1025 4235 ad
1071 4178 1417 4255 iudicandum
1454 4178 1752 4243 mundum,
1809 4179 1903 4231 sed
1952 4179 2019 4230 ad

438 4272 777 4328 salvandum.
1791 4326 1796 4330 .

512 4363 676 4419 Vens.
710 4363 798 4417 l6.
838 4380 858 4415 ι
890 4360 1160 4418 Iudicium
1196 4374 1375 4416 meum
1410 4372 1596 4413 verum
1628 4366 1747 4421 est,
1779 4357 1901 4426 quin
1934 4371 2023 4409 so-

444 4458 527 4511 lus
556 4471 661 4510 non
693 4469 835 4511 sum.
881 4472 902 4508 ι

2129 4462 2266 4533 εἰμί.
2302 4480 2322 4513 ι

518 4548 829 4603 Secundum
865 4546 1177 4615 opinionem
1215 4541 1525 4595 auditorum
1564 4536 1826 4606 loquitur.
1869 4533 1948 4588 Ac
1981 4534 2012 4587 s'

2184 4523 2196 4533 ‘
2222 4553 2363 4624 Πρὸς
2408 4551 2505 4623 τὴν
2546 4552 2805 4605 ὑπόνοιαν
2843 4549 2953 4603 τῶν
2997 4547 3305 4603 ἀκουόντων
3354 4544 3521 4612 λέγει.
3560 4541 3741 4593 Τουτ-

448 4639 595 4692 dicat
621 4652 635 4690 :
664 4636 938 4692 Iudicium
964 4650 1141 4691 meum
1201 4631 1379 4687 Patris
1406 4637 1513 4683 est.
1540 4626 1729 4696 Neque
1754 4641 1856 4695 ego
1886 4625 2008 4680 alite

2148 4642 2325 4696 ἐστιν·
2363 4643 2428 4695 'II
2457 4642 2564 4714 ὲμῆ
2597 4643 2801 4710 κρίσις,
2834 4641 2929 4694 τοῦ
2965 4640 3181 4711 Πατρός
3215 4638 3353 4690 ἔστι·
3383 4636 3479 4690 καὶ
3505 4634 3606 4688 οὑκ
3636 4633 3739 4687 ἄ).-

444 4727 635 4795 judico
666 4743 827 4799 quam
859 4727 1046 4792 Pater,
1074 4736 1253 4792 neque
1283 4719 1446 4774 Pater
1478 4718 1639 4773 aliter
1662 4732 1820 4787 quam
1851 4714 2012 4772 Filius

2147 4735 2254 4797 λως
2292 4732 2403 4801 ἐγὼ
2433 4738 2589 4804 παρὰ
2622 4735 2713 4789 τὸν
2747 4735 2969 4805 Πατέρα
3002 4732 3194 4804 κρίνω,
3223 4732 3257 4802 ἢ
3290 4732 3319 4783 ό
3364 4728 3554 4799 Πατὴρ
3583 4726 3742 4797 παρὰ

452 4820 569 4877 Non
606 4822 761 4891 quasi
811 4817 1095 4875 imbecillis
1144 4816 1217 4871 sit
1264 4814 1331 4869 ad
1377 4811 1728 4880 iudicandum
1788 4811 1841 4867 id
1877 4810 2008 4866 dicit

2146 4824 2238 4887 τὸν
2267 4823 2416 4876 Υἰόν.
2449 4825 2562 4894 Οὑχ
2599 4824 2674 4888 ὠς
2709 4824 2953 4878 ἀσθενῶν
2983 4823 3114 4895 περὶ
3149 4822 3212 4875 τὸ
3246 4822 3432 4892 κρῖναι
3460 4815 3619 4871 τοῦτο
3660 4812 3743 4868 εἶ·-

454 4916 550 4970 sed
587 4913 733 4985 quod
776 4910 941 4965 Pater
974 4923 1080 4962 una
1121 4920 1244 4962 cum
1293 4902 1430 4961 Filio
1468 4904 1812 4976 judicaturus
1850 4904 1923 4959 sit
1949 4919 2012 4960 eo

2150 4930 2271 4979 πεν,
2308 4912 2425 4967 ἀλλ’
2470 4914 2555 4966 ὅτι
2595 4914 2694 4967 σὺν
2727 4913 2805 4983 τῷ
2839 4912 2954 4983 Tit?)
2983 4915 3014 4966 ό
3044 4912 3237 4981 Πατὴρ
3277 4908 3466 4982 μέλλει
3498 4908 3683 4978 κρῖναι
3716 4915 3740 4944 ³

455 5006 545 5077 qui
577 5020 686 5062 non
720 4999 1074 5059 crediderunt
1104 4998 1168 5054 in.
1191 5014 1313 5054 eum
1345 4999 1437 5069 qui
1471 5013 1501 5053 a
1526 5012 1586 5054 se
1616 4997 1815 5052 missus
1837 5006 1942 5052 est.

2154 5006 2281 5068 τοὺς
2309 5005 2676 5070 ἀπιστοῦντας
2704 5004 2784 5075 τῷ
2810 5005 3208 5075 ἁπεσταλμένῳ
3236 5002 3297 5067 ἐξ
3322 4999 3512 5055 αὑτοῦ.

537 5097 707 5153 Vens.
760 5094 843 5148 l9.
892 5109 912 5144 ι
951 5092 1215 5147 Dicebant
1267 5106 1399 5162 ergo
1442 5090 1492 5146 ei
1540 5103 1558 5143 :
1609 5089 1712 5145 Ubi
1763 5100 1849 5145 est
1892 5089 2012 5143 l‘att

2240 5117 2257 5150 ι
2313 5099 2538 5167 Ἔλεγον
2586 5094 2679 5151 οὖν
2723 5098 2903 5169 αὐτῷ’
2958 5097 3068 5151 Ποῦ
3104 5098 3253 5149 ἐστιν
3296 5097 3326 5148 ό
3368 5092 3563 5162 Πατήρ
3615 5104 3743 5156 σονς

459 5189 631 5245 tuus?
674 5184 978 5253 Respondit
1029 5182 1189 5241 Iesus
1235 5199 1251 5238 :
1286 5184 1477 5255 Neque
1515 5196 1603 5238 me
1636 5181 1787 5237 scitis
1811 5217 1829 5245 ,
1875 5195 2012 5250 nequ

2169 5188 2469 5259 ’Δπεκρῐοη
2506 5190 2535 5241 ό
2577 5189 2820 5260 Ἰησοῦςο
2868 5189 3007 5244 Οὑτε
3058 5189 3160 5261 ἐμὲ
3205 5189 3420 5250 οῐδατι,
3470 5183 3597 5238 οὔτε
3646 5182 3747 5235 τὸν

458 5281 678 5336 Patrem
726 5291 908 5331 meum
943 5292 957 5329 :
996 5277 1044 5333 si
1079 5293 1167 5334 me
1198 5276 1439 5342 sciretis,
1472 5274 1702 5331 forsitan
1751 5283 1806 5329 et
1838 5271 2012 5328 Patre:

2158 5279 2377 5347 Πατέρα
2434 5295 2570 5350 μῆν’
2614 5281 2664 5333 εἰ
2707 5281 2807 5352 ἐμὲ
2858 5281 3072 5353 ᾔδειτε,
3110 5280 3209 5334 καὶ
3251 5278 3345 5333 τὸν
3376 5274 3601 5345 Πατέρα
3638 5276 3748 5343 μου

460 5387 639 5427 meum
676 5368 912 5425 sciretis.
950 5388 970 5422 ι

2160 5359 2338 5439 ᾔδειτε
2381 5370 2470 5424 ἄν.
2510 5391 2529 5423 ι

2121 4182 2668 4251 καταδεδικασμένων
2699 4180 2849 4235 ἐστέ.
2875 4181 2991 4239 Οὐκ
3016 4176 3182 4253 ἦλθον
3213 4178 3307 4233 νῦν
3332 4180 3411 4240 εἰς
3441 4176 3504 4229 τὸ
3531 4176 3731 4245 κρῖναι

2120 4274 2212 4328 τὸν
2237 4274 2466 4345 κόσμον,
2491 4273 2607 4327 ἀλλ’
2634 4275 2714 4339 εἰς
2737 4273 2799 4326 τὸ
2825 4273 3018 4327 σῶσαι.

2197 4388 2216 4421 ι
2279 4368 2345 4423 Ἢ
2383 4367 2633 4443 κρίσιςὴ
2673 4366 2783 4439 cpt;
2825 4367 3035 4437 ἀληθής
3074 4366 3252 4428 ἐστιν,
3302 4363 3386 4417 ὅτι
3422 4360 3586 4430 μόνος
3632 4357 3741 4411 οὑκ

527 5486 573 5517 υ
607 5485 711 5539 Isa.
749 5499 898 5549 χιιι,
931 5483 986 5539 9.

533 5612 574 5636 ⁸
601 5603 694 5660 Cr.
729 5600 822 5685 ἦν)
902 5603 1048 5685 “~C_t'.
1080 5602 1374 5685 Fanﬂ-p'.m
1597 5599 1920 5685 μαρτυρῶν.
1949 5671 1962 5685 ι
2002 5611 2012 5651 1

2126 5619 2152 5657 '.
2188 5601 2339 5685 MV.~
2388 5615 2415 5654 ει
2446 5604 2536 5685 Cr:
2567 5602 2827 5685 εἷπε
2860 5608 3098 5685 δὲιθεός
3148 5611 3288 5685 εἰμι,
3316 5604 3481 5685 gnat,
3515 5619 3535 5654 ι
3570 5592 3750 5685 Πόθεν
3806 5566 3807 5569 Ἴ

464 5672 698 5750 ἔρχομαι
728 5670 825 5729 καὶ
853 5675 956 5729 ποῦ
987 5670 1207 5743 (mdia).
1245 5692 1263 5725 ι
1287 5670 1685 5726 Ἒθελοκὰκουν
1714 5670 1843 5740 γὰρ,
1873 5671 1972 5724 καὶ
2008 5670 2438 5743 προσεποιοῦντο
2471 5676 2548 5747 μὴ
2581 5678 2803 5732 εἰδέναι.
2888 5670 3028 5735 rCr.
3063 5670 3183 5750 ἐμέ.
3206 5670 3219 5679 ’
3267 5670 3368 5733 5C.
3394 5670 3735 5743 ωτακρίναι

538 5791 616 5867 (9)
656 5793 781 5851 Ilaec
809 5804 1003 5852 catena
1028 5792 1272 5850 Crameri
1310 5797 1599 5853 Ammonio
1626 5796 1840 5853 tribuit.

3620 6355 3653 6357 μ
3662 6356 3669 6357 κ
3732 6350 3764 6358 ,η
3800 6350 3846 6358 4..-
3882 6349 3914 6356 -ι
