4072 6400
326 359 462 423 1449

1377 355 1837 416 FRAGMENTA
1890 353 1964 413 ΙΝ
2011 356 2069 413 S.
2110 353 2482 414 JOANNEM.

3455 362 3589 429 1450

396 475 499 527 Τὸν
557 472 756 546 Ἰωσὴφ
794 471 1029 542 οίόμενοι
1064 469 1228 522 αὑτοῦ
1271 464 1410 522 εἶναι
1474 470 1683 540 πατέρα
1708 509 1722 533 ,
1758 467 1909 522 τοῦτο

2088 466 2382 537 Josephum
2429 477 2679 537 putantes
2728 483 2849 526 esse
2897 481 3105 542 patrem
3157 474 3272 545 ejus
3301 518 3315 542 ,
3354 476 3404 530 id
3441 479 3590 533 dixe—

327 563 479 620 εἷπον
499 580 512 595 ⁶
543 566 576 637 ἦ
611 563 960 628 ὀνειδίζουσιν
980 561 1128 632 αὐτῷ
1157 563 1230 623 ὡς
1258 563 1321 614 ἐκ
1348 562 1606 632 πορνείας
1637 559 1903 630 τεχθέντι,

327 659 422 712 καὶ
454 657 552 710 οὐκ
587 656 752 708 εἰδότι
781 655 873 707 τὸν
915 654 1046 706 ἴδιον
1077 652 1310 720 πατέρα.
1357 652 1420 704 Ei
1457 650 1764 719 ἄνθρωπον,
1801 667 1907 718 φη-

329 749 412 802 σὶν
434 748 478 810 ί,
509 745 842 799 ὑποπτεύετε
875 739 1015 797 εἶναι
1043 743 1132 797 τὸν
1161 741 1380 812 Πατέρα
1413 759 1535 812 μου,
1568 741 1764 794 οὐκοῦν
1787 740 1908 794 οὐδὲ

327 839 428 909 ἐμὲ
457 837 658 892 οἴδατε.
703 837 843 891 Ἀλλ’
873 835 1105 905 ἐπείπερ
1129 836 1180 887 οί
1211 835 1534 905 φιλομαθεῖς
1565 834 1652 887 διὰ
1680 833 1780 902 τῆς
1810 831 1905 886 τοῦ

328 929 458 983 Υἱοῦ
491 928 746 997 γνώσεως
783 927 963 982 νοοῦσι
991 927 1082 980 τὸν
1113 927 1332 997 Πατέρα
1357 965 1372 990 ,
1418 930 1447 980 6
1481 926 1671 996 Πατὴρ
1707 926 1763 977 ἐν
1794 925 1908 995 Υίῷ

329 1021 402 1084 ώς
433 1021 602 1074 εἰκόνι
636 1020 742 1092 ίδίᾳ
762 1019 1226 1090 χαρακτηρίζεται
1258 1030 1307 1072 ιι.
1337 1017 1546 1072 Οὐκοῦν
1579 1017 1692 1080 ἴσος
1722 1019 1750 1070 6
1777 1016 1906 1080 Υἱὸς

329 1113 404 1183 τῷ
433 1114 628 1183 Πατρὶ,
657 1113 859 1181 λέγων·
897 1115 978 1166 ὅτι
1032 1113 1325 1183 Ἀγνοεῒτε
1356 1114 1465 1166 τὸν
1502 1110 1733 1178 Πατέρα
1764 1129 1904 1178 μου,

329 1205 430 1258 καὶ
450 1205 572 1272 ἐμέ·
598 1204 856 1268 διδάσκει,
889 1206 970 1257 ὅτι
1002 1203 1124 1256 οὔτε
1151 1202 1244 1257 τοῦ
1286 1201 1485 1273 Ἰωσὴφ
1510 1197 1578 1272 ἦν
1605 1195 1666 1254 οῦ
1689 1201 1904 1271 ᾔδεσαν,

329 1296 451 1350 οὔτε
472 1296 562 1350 τὸν
580 1297 709 1366 περὶ
733 1297 832 1366 τῆς
857 1295 1187 1367 σαρκώσεως
1212 1296 1377 1350 αὐτοῦ
1401 1297 1700 1366 ἠπίσταντο
1726 1293 1902 1361 λόγον.

407 1491 427 1524 ‹
481 1472 666 1526 Ταῦτα
699 1472 768 1526 τὰ
817 1472 1041 1542 ῥήματα
1075 1470 1339 1541 ἐλάλησεν
1393 1471 1423 1522 6
1481 1469 1688 1542 Ἰησοῦς
1732 1471 1790 1523 ἐν
1827 1469 1908 1540 τῷ

328 1561 747 1633 γαζοφυλακίῳ,
783 1563 1053 1617 διδάσκων
1090 1565 1147 1619 ἐν
1188 1563 1266 1632 τῷ
1302 1561 1452 1632 ἱερῷ.
1495 1581 1514 1612 ι

414 1655 502 1707 Ἐν
519 1654 595 1724 τῷ
621 1653 753 1724 ἱερῷ
783 1653 1062 1708 ἐδίδασκεν
1083 1652 1157 1716 ὡς
1180 1652 1520 1716 διδάσκαλος,
1548 1651 1685 1722 ὅπερ
1706 1649 1906 1714 αὐτοὺς

334 1744 469 1799 πολὺ
498 1745 708 1809 ἔδακνε,
741 1746 836 1798 καὶ
875 1744 1048 1807 οὐδεὶς
1076 1743 1299 1797 ἐπίασεν
1333 1742 1516 1808 αὑτὸν,
1553 1744 1633 1796 ὅτι
1662 1739 1814 1795 οὔπω
1837 1738 1904 1813 ἦν

331 1833 541 1903 καιρὸς,
569 1834 690 1888 καθ’
712 1833 771 1886 ὃν
796 1832 956 1904 ἤθελε
983 1831 1198 1888 παθεῖν.

410 1940 429 1973 ι
486 1924 661 1976 Ὅπου
697 1923 810 1991 ἐγὼ
843 1923 1058 1991 ὑπάγω,
1106 1923 1265 1994 ὑμεῖς
1294 1924 1355 1977 οὐ
1388 1922 1618 1976 δύνασθε
1649 1922 1840 1977 ἐλθεῖν.
1885 1942 1904 1975 ι

407 2101 552 2166 Ἕξω
573 2102 679 2156 τῶν
699 2107 798 2175 τῆς
821 2104 1106 2175 βασιλείας
1129 2105 1352 2174 ἀγαθῶν
1373 2106 1459 2159 δια
1467 2109 1698 2177 μενεῖτε,
1724 2109 1908 2178 φησὶν,

329 2193 390 2245 οὐ
437 2193 723 2264 δυνάμενοι
765 2199 847 2259 εἰς
900 2197 1164 2268 οὐρανοὺς
1206 2197 1508 2268 ἀναϐῆναι,
1541 2199 1777 2270 ἐπείπερ
1819 2200 1912 2252 τὸν

331 2284 535 2338 ἄνωθεν
562 2285 782 2343 ἐλθόντα
802 2289 864 2341 οὐ
891 2288 1310 2360 προσεδέξασθε.

407 2417 426 2449 ι
483 2398 675 2469 Ὑμεῖς
709 2401 772 2453 ἐκ
809 2400 902 2453 τοῦ
946 2402 1151 2471 κόσμου
1200 2402 1394 2456 τούτου
1447 2403 1602 2470 ἐστὲ,
1648 2401 1759 2471 ἐγὼ
1810 2403 1911 2456 οὐκ

331 2488 446 2558 εἰμὶ
483 2491 547 2542 ἐκ
571 2489 666 2542 τοῦ
695 2491 899 2561 κόσμου
928 2491 1141 2546 τούτου.
1181 2512 1200 2544 ›

401 2581 622 2650 Κόσμον
657 2575 758 2634 ὧδε
788 2583 884 2646 τὰς
911 2583 1179 2653 σαρκικάς
1214 2585 1423 2648 ἐννοίας
1445 2586 1598 2656 φησί.
1635 2585 1823 2654 Λέγων
1851 2585 1911 2640 δὲ

330 2669 494 2720 αὑτὸν
553 2670 628 2740 μὴ
677 2665 816 2724 εἶναι
851 2673 916 2725 ἐκ
967 2671 1062 2726 τοῦ
1103 2674 1343 2743 κόσμου,
1397 2675 1458 2726 οὐ
1514 2673 1574 2727 16
1620 2675 1693 2747 μὴ
1732 2675 1910 2746 σάρκα

331 2761 680 2830 ἀνειληφέναι
710 2763 856 2816 ἐστὶν
876 2804 889 2828 ,
919 2763 1055 2816 ἀλλὰ
1081 2764 1141 2816 τὸ
1171 2765 1360 2836 πόρρω
1390 2761 1532 2818 εἷναι
1562 2770 1658 2837 τῆς
1686 2767 1911 2821 ἐκείνων

332 2855 622 2925 πονηρίας.
648 2856 754 2909 Καὶ
783 2856 892 2926 γὰρ
915 2856 1010 2909 καὶ
1034 2857 1160 2918 τοὺς
1191 2857 1440 2927 μαθητὰς
1468 2858 1638 2912 εἰπὼν
1667 2859 1742 2930 μὴ
1773 2855 1910 2914 εἶναι

331 2945 396 2997 ἐκ
431 2944 526 2997 τοῦ
572 2947 778 3015 κόσμου
821 2947 914 3018 (ὡς
947 2947 1041 3000 καὶ
1067 2948 1277 3013 Παῦλός
1306 2966 1498 3018 φησιν’
1535 2953 1654 3005 Οὐκ
1679 2952 1820 3005 ἐστὲ
1844 2953 1912 3006 ἐν

329 3038 507 3105 σαρκὶ
524 3037 568 3108 ),
593 3039 691 3090 οὐκ
718 3039 1046 3108 ἀσωμάτους
1069 3036 1208 3095 εἷναί
1232 3059 1416 3113 φησιν,
1439 3043 1573 3096 ἀλλὰ
1598 3044 1912 3114 φιλοσοφίαν

329 3129 514 3192 αὐτοῖς
541 3131 825 3200 μαρτυρεῖ.
1937 3155 1980 3212 c

405 3260 424 3291 ι
462 3241 631 3295 Ὅταν
676 3241 930 3314 ὑψώσητε
975 3244 1067 3296 τὸν
1109 3244 1237 3299 Υίὸν
1270 3246 1366 3300 τοῦ
1411 3249 1701 3321 ἀνθρώπου
1726 3293 1742 3319 ,
1787 3253 1908 3306 τότε

331 3331 604 3400 γνώσεσθε
626 3373 639 3394 ,
669 3333 752 3386 ὅτι
781 3334 892 3402 ἐγώ
926 3336 1065 3405 είμι.
1109 3354 1127 3389 ι

415 3423 550 3476 Ἀπὸ
570 3422 680 3476 τῶν
710 3425 955 3494 σημείων
978 3427 1086 3480 τῶν
1106 3429 1406 3498 γεγονότων
1431 3433 1488 3485 ἐν
1511 3433 1588 3504 τῷ
1614 3434 1791 3506 καιρῴ
1814 3435 1907 3490 τοῦ

333 3512 574 3576 πάθους,
605 3514 878 3581 ἔγνωσαν,
919 3516 1000 3569 ὅτι
1033 3518 1193 3582 αὐτὸς
1239 3516 1308 3591 ἦν
1339 3522 1367 3573 6
1408 3523 1661 3594 Χριστός.
1716 3527 1905 3593 Ὅταν,

336 3601 507 3671 φησὶ,
561 3603 786 3687 ἀνέλητε
828 3621 928 3673 με,
982 3607 1078 3660 καὶ
1114 3608 1302 3679 δόξητε
1335 3613 1739 3681 άπαλλάξεσθαί
1783 3635 1907 3687 μου,

332 3693 453 3745 τότε
484 3685 756 3762 γνώσεσθε
781 3696 862 3748 ὅτι
888 3698 1016 3761 Υίὸς
1043 3699 1181 3752 Θεοῦ
1210 3703 1350 3771 εἰμι,
1377 3703 1486 3758 ἀπὸ
1507 3704 1616 3760 τῶν
1641 3685 1905 3778 σημείων,

331 3784 440 3837 ἀπὸ
463 3785 561 3854 τῆς
591 3786 965 3856 ἀναστάσεως,
1001 3791 1109 3843 ἀπὸ
1137 3792 1235 3862 τῆς
1261 3794 1515 3862 ἁλώσεως
1544 3800 1718 3869 ὑμῶν.

405 3918 424 3949 ι
471 3900 582 3953 Καὶ
621 3901 914 3970 ὁ.πέμψας
955 3920 1043 3973 με,
1081 3905 1202 3974 μετ’
1228 3907 1363 3978 ἐμοῦ
1394 3910 1562 3977 ἐστιν,
1596 3913 1695 3966 οὐκ
1728 3916 1907 3986 ἀφῆκέ

332 4006 399 4059 με
432 3989 591 4058 μόνον
619 3993 647 4045 6
693 3992 882 4064 Πατὴρ
906 4032 920 4059 ,
953 3996 1036 4048 ὅτι
1068 3995 1179 4065 ἐγὼ
1224 3997 1292 4051 τά
1336 4001 1546 4071 ἀρεστὰ
1578 4005 1726 4075 αὺτῷ
1767 4008 1906 4061 ποιῶ

327 4079 584 4134 πάντοτε.
629 4100 647 4132 ι

394 4171 494 4224 Διὰ
522 4172 580 4223 16
609 4173 839 4238 άσθενές
872 4175 982 4229 τῶν
1017 4179 1305 4250 ἀκροατῶν
1339 4181 1482 4238 οὕτω
1517 4185 1701 4256 λαλεῖ,
1744 4209 1902 4246 τουτ-

323 4265 492 4330 έστιν,
530 4265 643 4318 Οὐκ
671 4266 788 4336 είμὶ
833 4269 1076 4334 ἐναντίος
1111 4272 1188 4344 τῷ
1241 4275 1438 4348 Πατρὶ,
1470 4277 1560 4330 διά
1594 4281 1654 4332 16
1683 4282 1784 4351 τῆς
1816 4287 1904 4338 οὐ.

324 4353 445 4416 σίας
474 4355 912 4446 ἀπαράλλακτον,
933 4362 1120 4434 ἐπειδὴ
1147 4364 1433 4433 ὀμοούσιός
1455 4370 1572 4438 είμι
1597 4369 1674 4441 τῷ
1703 4373 1900 4446 Πατρὶ,

2015 573 2169 624 runt;
2213 560 2292 612 νει
2329 562 2713 615 contumeliam
2764 563 2837 616 illi
2891 565 3173 633 ingerunt,
3221 577 3477 639 tanquam
3522 585 3588 623 ex

2013 650 2370 706 fornicatione
2409 652 2593 718 edito,
2645 662 2697 709 et
2726 655 3000 724 proprium
3041 666 3251 725 patrem
3295 659 3588 728 ignoranti.

2012 743 2164 808 Quod
2225 743 2270 798 si
2331 744 2640 810 hominem,
2701 746 2907 816 inquit,
2963 749 3310 818 suspicamini
3369 750 3586 806 Patrem

2011 848 2190 888 meum
2216 871 2232 898 ,
2261 848 2435 904 neque
2483 852 2569 891 me
2601 837 2849 892 novistis.
2900 838 3097 892 Verum
3131 856 3250 894 cum
3301 842 3589 911 diligentes

2011 939 2076 979 ex
2106 926 2414 993 cognitione
2445 926 2570 981 Filii
2601 927 2819 983 Patrem
2853 930 3174 1000 intelligant,
3210 932 3372 987 Pater
3409 935 3460 986 in
3495 933 3592 987 Fi-

2011 1016 2084 1072 lio
2122 1027 2375 1086 tanquam
2421 1020 2642 1089 propria
2678 1021 2915 1093 imagine
2953 1023 3297 1092 exprimitur.
3338 1024 3588 1094 Eqnalis

2011 1106 2178 1176 igitur
2211 1106 2358 1162 Patri
2409 1108 2602 1175 Filius,
2650 1125 2773 1166 cum
2828 1113 2959 1172 dicit
3008 1128 3024 1168 ι
3085 1112 3316 1169 Nescitis
3373 1115 3588 1171 Patrem

2011 1214 2204 1265 meum,
2237 1216 2399 1268 neque
2425 1218 2525 1268 me,
2557 1204 2715 1258 docet
2763 1219 2822 1259 se
2857 1220 2962 1260 non
2993 1220 3113 1260 esse
3141 1205 3357 1277 Josephi
3392 1208 3586 1273 ﬁlium,

2010 1305 2210 1360 eosque
2258 1293 2645 1350 incarnationis
2696 1298 2960 1354 rationem
2996 1300 3285 1370 ignorare,
3331 1317 3431 1357 nec
3469 1318 3590 1358 cre-

2010 1382 2157 1437 dere.

2080 1472 2246 1529 Vens.
2294 1475 2384 1530 20.
2448 1496 2467 1529 ι
2523 1477 2648 1533 ﬂare
2695 1481 2860 1535 verba
2909 1483 3122 1540 locutus
3178 1495 3261 1542 est
3315 1485 3474 1544 Jesus
3531 1490 3585 1543 in

2009 1567 2417 1637 gazophylacio,
2451 1569 2652 1625 docens
2685 1573 2737 1625 in
2771 1574 2985 1643 templo.
3027 1594 3048 1628 ι

2080 1654 2138 1710 In
2163 1659 2362 1728 templo
2389 1660 2614 1716 docebat
2645 1665 2800 1732 quasi
2831 1667 3108 1734 magister,
3143 1668 3287 1738 quod
3317 1669 3390 1724 illi
3421 1685 3591 1741 aeger-

2012 1746 2149 1802 rime
2205 1747 2473 1806 ferebant.
2522 1750 2590 1806 Et
2643 1769 2801 1810 nemo
2858 1758 3214 1826 apprehendit
3264 1775 3411 1829 eum,
3459 1763 3587 1832 quia

1938 1819 1981 1874 Β
2011 1839 2248 1894 nondum
2284 1843 2475 1897 aderat
2502 1851 2712 1914 tempus
2745 1861 2853 1916 quo
2880 1819 2993 1918 pati
3024 1851 3300 1921 cupiebat.

2082 1929 2248 1986 Vens.
2279 1932 2370 1986 21.
2403 1951 2423 1984 ι
2469 1934 2588 2001 Quo
2617 1951 2716 2006 ego
2752 1939 2922 2006 vado,
2948 1955 3047 1996 vos
3092 1957 3198 1996 non
3234 1946 3461 2013 potestis
3492 1963 3586 2004 ve-

2011 2035 2146 2074 ﬂll'e.
2181 2041 2199 2072 ι

2082 2113 2272 2183 Regni,
2300 2114 2498 2184 inquit,
2523 2117 2680 2173 bonis
2703 2119 3122 2190 frustrabimini,
3147 2129 3344 2184 coelum
3376 2131 3585 2202 ingredi

2012 2218 2119 2257 non
2149 2205 2428 2274 valentes,
2462 2209 2586 2278 quia
2622 2225 2854 2279 superne
2899 2217 3200 2273 venientem
3240 2236 3346 2275 non
3401 2238 3587 2279 susce-

2012 2295 2188 2364 pistis.

2084 2401 2244 2457 Vens.
2277 2405 2366 2461 ‘25.
2418 2426 2436 2458 ‹
2475 2407 2582 2463 Vos
2616 2410 2683 2466 de
2721 2416 2918 2471 mundo
2963 2417 3065 2472 hoc
3114 2423 3276 2488 estis,
3332 2437 3432 2493 ego
3481 2441 3586 2481 non

2013 2507 2132 2547 sum
2165 2495 2230 2549 de
2261 2495 2360 2550 hoc
2387 2500 2605 2555 mundo.
2641 2521 2661 2554 ι

2086 2583 2340 2641 liundum
2390 2589 2478 2644 hic
2527 2594 2774 2650 carnales
2820 2608 2977 2654 vocat
3023 2603 3398 2671 cotgitationes.
3453 2607 3588 2663 Cum

2013 2689 2145 2731 vero
2173 2676 2305 2731 dicit
2347 2694 2406 2734 se
2456 2696 2561 2736 non
2589 2697 2709 2739 esse
2739 2687 2805 2741 de
2843 2688 2946 2744 hoc
2978 2693 3198 2761 mundo,
3237 2711 3344 2752 non
3379 2713 3436 2753 se
3468 2714 3592 2754 car-

2015 2783 2137 2823 nem
2171 2779 2329 2840 negat
2361 2777 2747 2843 assumpsisse,
2777 2781 2870 2834 sed
2898 2783 2963 2836 ab
2995 2799 3185 2840 eorum
3227 2789 3430 2844 malitia
3463 2806 3590 2861 pro-

2014 2860 2100 2915 cul
2137 2861 2325 2918 abesse
2363 2865 2454 2919 ait.
2509 2864 2722 2922 Etenim
2761 2885 2882 2927 cum
2918 2882 2973 2929 et
3015 2876 3309 2949 discipulos
3343 2860 3472 2938 suos
3507 2886 3589 2940 di-

2013 2960 2098 3006 cat
2128 2968 2232 3007 non
2275 2969 2396 3008 esse
2438 2970 2506 3010 ex
2553 2959 2654 3013 hoc
2689 2963 2911 3028 mundo,
2964 2967 3039 3020 uti
3071 2978 3124 3022 et
3163 2967 3363 3029 Paulus
3398 2991 3412 3029 :
3471 2974 3590 3030 Non

2013 3043 2136 3095 estis
2172 3044 2225 3097 in
2260 3060 2414 3099 carne
2441 3048 2508 3112 “,
2549 3063 2652 3102 non
2697 3055 2937 3122 corporis
2967 3069 3218 3128 expertes
3248 3065 3462 3129 asserit,
3493 3069 3586 3122 sed

2015 3131 2292 3199 sapientia:
2326 3135 2596 3192 studiosos
2628 3139 2776 3194 dicit.

2084 3241 2247 3298 Vens.
2279 3245 2368 3301 ΞΒ.
2411 3266 2430 3298 ι
2480 3248 2612 3304 Cum
2662 3255 3029 3311 exaltaveritis
3075 3257 3269 3318 Filium
3318 3264 3588 3337 hominis,

2015 3341 2142 3390 tunc
2171 3339 2530 3406 cognoscetis,
2559 3343 2684 3410 quia
2715 3360 2814 3415 ego
2848 3362 2990 3402 sum.
3033 3368 3053 3402 ι

2081 3424 2128 3477 Α
2155 3426 2323 3496 signis
2349 3445 2468 3498 quae
2488 3430 2687 3488 ﬁebant
2712 3443 2952 3506 tempore
2976 3443 3266 3514 passionis,
3301 3463 3592 3520 cognosce-

2010 3516 2144 3572 bant
2189 3519 2364 3588 ipsum
2406 3537 2526 3579 esse
2574 3525 2874 3583 Christum.
2913 3530 3139 3598 Quando
3174 3553 3281 3604 me,
3328 3516 3524 3612 inquit,
3560 3561 3591 3601 e

2011 3609 2191 3665 medio
2223 3613 2571 3682 sustuleritis,
2602 3626 2659 3672 et
2688 3633 2716 3672 a
2741 3635 2826 3675 me
2852 3620 3066 3678 liberati
3091 3609 3428 3698 videbimini,
3460 3609 3590 3691 tunc

2010 3705 2346 3772 cognoscetis
2412 3709 2536 3776 quia
2596 3701 2714 3764 sum
2760 3711 2930 3769 Filius
2969 3715 3061 3770 Dei
3106 3735 3118 3770 :
3152 3733 3182 3773 a
3221 3721 3390 3792 signis
3423 3726 3590 3782 nimi-

2012 3809 2153 3861 rum,
2187 3811 2214 3849 a
2249 3801 2668 3867 resurrectione,
2696 3812 2749 3857 et
2777 3819 2805 3858 a
2833 3807 3144 3877 captivitate
3171 3823 3372 3867 vestra.

2081 3905 2246 3963 Vsus.
2275 3907 2364 3964 29.
2395 3929 2413 3963 ι
2447 3911 2514 3966 Ει
2543 3915 2632 3982 qui
2667 3916 2814 3971 misit
2847 3933 2932 3974 me
2955 3956 2971 3985 ,
2999 3934 3211 3976 mecum
3242 3933 3347 3992 est,
3384 3936 3439 3981 et
3479 3944 3584 3983 non

2009 3997 2228 4067 reliquit
2276 4016 2362 4055 me
2403 4003 2576 4058 solum
2615 4023 2627 4059 :
2660 4009 2785 4076 quia
2831 4024 2929 4080 ego
2973 4026 3093 4082 qua:
3143 4014 3340 4084 placita
3376 4031 3500 4076 sunt
3532 4024 3582 4077 ci

2007 4087 2150 4142 facio
2173 4104 2406 4160 semper.
2446 4113 2468 4146 ι

2077 4179 2305 4249 Propter
2334 4184 2754 4244 imbecillitatem
2787 4192 3097 4249 auditorum
3129 4197 3207 4253 sic
3229 4197 3486 4268 loquitur,
3520 4219 3583 4259 ac

2006 4274 2052 4327 si
2079 4273 2225 4328 dicat
2257 4292 2274 4331 :
2301 4273 2418 4330 Non
2446 4293 2565 4333 sum
2591 4284 2898 4339 contrarius
2925 4285 3092 4353 Patri,
3120 4289 3190 4343 ob
3216 4292 3580 4349 substantiam

2007 4365 2379 4434 indiscretam,
2411 4371 2847 4442 quandoquidem
2872 4377 2973 4429 sim
3002 4377 3241 4445 ejusdem
3275 4396 3395 4435 cum
3421 4382 3584 4442 Patre

321 4439 474 4491 οὐδὲν
505 4443 664 4505 ποιῶ,
704 4437 778 4497 ὧν
811 4446 871 4498 οὐ
904 4451 1101 4503 ποιεῖό
1146 4453 1353 4525 Πατήρ.
1401 4437 1668 4523 Κάκεῖνος
1707 4437 1902 4533 γὰρ-ἐν

2009 4458 2295 4525 essentne;
2335 4437 2467 4514 nihil
2503 4437 2666 4530 facio,
2699 4466 2842 4533 quod
2885 4482 2990 4520 non
3027 4437 3192 4525 iaciat
3232 4471 3412 4528 Pater.
3463 4474 3583 4545 lpse

321 4531 586 4602 Σαϐϐάτῳ
608 4533 921 4604 ἐργάζεται,
950 4539 1024 4604 ώς
1048 4542 1181 4610 ἐγώ·
1206 4547 1300 4598 καὶ
1324 4546 1360 4600 ὃ.
1385 4548 1569 4618 λαλεῖ,
1601 4551 1765 4609 λαλῶ.
1786 4531 1907 4610 ῨΚαὶ

2008 4546 2150 4600 enim
2184 4563 2289 4602 non
2330 4564 2486 4605 secus
2529 4560 2691 4622 atque
2717 4569 2817 4624 ego
2848 4556 2902 4610 in
2937 4557 3176 4615 Sabbato
3207 4574 3493 4631 operatur;
3526 4579 3582 4621 et

320 4621 408 4676 διὰ
438 4623 491 4676 τί
527 4642 594 4694 με
633 4626 708 4689 ὡς
752 4629 998 4684 ἀντίθεον
1030 4634 1379 4705 διαϐάλλετε;
1419 4641 1536 4696 Ἵνα
1567 4644 1642 4716 μὴ
1688 4646 1778 4700 διὰ
1809 4649 1905 4702 τοῦ

321 4716 516 4781 εἰπεῖν,
559 4715 620 4768 '0
648 4716 894 4786 πέμψας
916 4739 1016 4789 με,
1048 4726 1346 4783 ἐλάττωσιν
1381 4715 1697 4804 ἐννοήσωσι,
1730 4738 1904 4808 λέγει,

321 4805 458 4858 Μετ’
475 4805 622 4875 ἐμοῦ
648 4808 858 4880 ἐστιν-⁸ι
875 4813 1163 4886 ἀμφότερα
1187 4817 1382 4886 λέγων,
1411 4821 1500 4876 διὰ
1524 4825 1623 4894 τὴν
1649 4805 1900 4899 θεότητα,

322 4897 415 4948 καὶ
443 4898 540 4968 τὴν
569 4899 884 4973 οἰκονομίαν
919 4904 1018 4976 τῆς
1051 4906 1403 4977 σαρκώσεως.

394 5085 413 5118 ι
461 5068 584 5123 Ἐὰν
613 5073 770 5143 ὑμεῖς
803 5078 1023 5150 μείνητε
1051 5081 1108 5135 ἐν
1129 5082 1207 5152 τῷ
1236 5084 1377 5157 λόγῳ
1402 5086 1480 5157 τῷ
1506 5089 1645 5159 ἐμῷ.
1675 5091 1891 5163 ἀληθῶς

322 5157 563 5250 μαθηταί
601 5169 701 5232 μού
733 5167 856 5220 ἐστε
877 5185 890 5198 ·
928 5171 1023 5223 καὶ
1054 5173 1332 5240 γνώσεσθε
1361 5176 1462 5248 τὴν
1490 5157 1776 5250 ἀλήθειαν,
1803 5184 1898 5236 καὶ

320 5246 354 5313 ὴ
384 5249 604 5317 ἀλήθεια
631 5254 985 5329 ἐλευθερώσει
1018 5262 1183 5332 ὑμᾶς.
1224 5283 1243 5318 ι

393 5337 460 5388 Ai
489 5336 668 5396 θυσίαι
703 5349 797 5400 καὶ
831 5350 881 5402 oi
927 5351 1214 5422 ραντισμοὶ
1263 5357 1520 5413 οὐδέποτε
1565 5361 1895 5434 ἠλευθέρουν

322 5427 620 5500 ἁμαρτίας,
646 5433 768 5488 οἱδὶ
793 5442 892 5509 τὴν
920 5445 978 5495 ἐν
1004 5445 1272 5516 πνεύματι
1301 5449 1556 5523 λατρείαν
1583 5427 1893 5510 ἐπιτελοῦν-

387 5604 434 5636 ’τ’
461 5603 621 5662 Rom.
646 5623 761 5677 vni,
789 5611 840 5667 9.

395 5761 411 5796 ί
445 5759 536 5816 Cr.
571 5762 687 5817 sine
723 5766 906 5837 φησίν.
983 5782 1008 5809 ιι
1039 5771 1128 5827 Cr.
1163 5777 1331 5832 είκόνι
1361 5780 1938 5857 διαχαρακτηρίζεται.

565 5861 836 5924 ΡΑτιιοι.
881 5869 996 5929 Gn.
1046 5872 1334 5936 LXXXV.

2004 4651 2124 4706 quae
2155 4639 2268 4709 ipse
2313 4639 2582 4710 loquitur,
2633 4645 2823 4715 loquor
2859 4657 2914 4704 et
2955 4665 3079 4720 ego.
3119 4652 3257 4719 Quid
3287 4655 3453 4726 igitur
3494 4675 3580 4714 me

2004 4737 2260 4798 tanquam
2287 4732 2379 4786 Dei
2403 4734 2771 4792 adversarium
2798 4741 3120 4797 traducitis?
3144 4744 3220 4800 Ne
3267 4748 3392 4817 quia
3426 4750 3580 4806 dixe-

1999 4832 2108 4885 rat,
2144 4822 2249 4888 Qui
2282 4825 2423 4879 misit
2446 4842 2548 4893 me,
2575 4829 2885 4888 inferiorem
2913 4837 3235 4906 cogitarent,
3260 4842 3354 4904 ait,
3378 4858 3579 4896 mecum

1998 4922 2075 4966 est
2093 4931 2112 4979 ;
2133 4925 2422 4984 utrumque
2449 4933 2572 4972 cum
2600 4933 2819 4991 propter
2837 4925 3198 4995 divinitatem,
3228 4941 3337 4984 tum
3357 4945 3582 5002 pr0pter

2009 5005 2401 5063 incarnationis
2429 5010 2887 5080 dispensationem
2923 5018 3132 5075 dicens.

2073 5096 2238 5152 Vens.
2269 5099 2357 5165 31,
2382 5100 2470 5156 52.
2501 5120 2518 5153 ι
2542 5102 2596 5156 Si
2626 5119 2721 5160 vos
2745 5109 3055 5164 manseritis
3081 5110 3134 5162 in
3160 5125 3408 5167 sermone
3434 5129 3575 5182 meo,

1998 5204 2127 5245 vere
2156 5190 2404 5258 discipuli
2437 5194 2540 5248 mei
2577 5195 2730 5251 eritis
2758 5213 2774 5250 :
2808 5205 2862 5251 et
2891 5200 3232 5268 cognoscetis
3262 5201 3569 5268 veritatem,

1998 5286 2052 5331 et
2078 5277 2279 5331 veritas
2308 5277 2561 5335 liberabit
2590 5296 2704 5338 vos.
2745 5302 2765 5335 ι

2071 5367 2350 5424 Sacriﬁcia
2399 5379 2456 5426 et
2498 5371 2842 5433 lustrationes
2871 5393 3143 5448 nunquam
3181 5395 3210 5435 a
3247 5390 3466 5449 peccato
3506 5383 3574 5436 li-

1997 5460 2284 5524 berarunt;
2314 5461 2407 5532 qui
2454 5479 2586 5521 vero
2621 5467 2823 5524 cultum
2849 5469 3105 5526 exhibent
3133 5472 3450 5543 spiritalem,
3477 5490 3573 5546 per

3172 5898 3245 5957 46
