4072 6382
473 326 604 391 Ivi-31

1608 316 1942 377 AMMO‘NII
1987 314 2510 375 ALEXANDRINI

3615 313 3764 375 Ηΐὲ

479 439 636 490 tidem
668 435 720 488 in
748 431 1025 487 Christum
1055 428 1374 492 liberantur,
1405 424 1516 495 jam
1555 442 1662 481 non
1699 426 1935 496 amplius
1969 427 2052 480 in-

2166 442 2266 488 τες,
2308 424 2396 476 διὰ
2444 424 2543 492 τῆς
2593 422 2673 485 εἰς
2722 419 2960 490 Χριστὸν
3015 421 3252 484 πίστεως
3314 421 3758 494 ἐλευθεροῦνται,

476 539 559 582 ter
587 541 792 588 servos,
821 525 914 578 sed
941 524 1078 576 inter
1103 521 1242 574 lilios
1273 521 1590 589 camputati.

552 622 712 674 νεεδ.
749 619 838 673 54.
876 635 894 668 ι
933 617 1069 682 Quia
1102 615 1301 680 omnis,
1335 613 1425 682 qui
1459 612 1586 666 facit
1616 619 1916 680 peccatum,
1942 624 2053 664 ser-

475 730 574 766 vus
606 723 685 765 est
725 710 952 781 peccati.
998 729 1016 762 ι

548 804 837 868 Quodlibet
868 803 1012 857 enim
1046 811 1324 871 peccatum
1349 840 1364 866 ,
1392 799 1625 854 animam
1662 794 2056 865 quodammodo
2126 848 2132 855 ,

476 899 740 963 captivam
791 895 1017 960 faciens,
1055 895 1111 948 in
1141 894 1459 947 servitutem
1493 890 1686 959 redigit
1719 886 2054 957 passionum.

553 987 716 1042 Vens.
755 987 843 1040 55.
884 1004 902 1037 ι
942 985 1144 1040 Servus
1182 995 1363 1039 autem
1416 1000 1523 1039 non
1575 990 1759 1036 manet
1795 980 1846 1032 in
1897 979 2057 1031 domo

480 1076 530 1128 in
563 1089 823 1129 aeternum
853 1093 866 1129 :
893 1075 1060 1128 Filius
1090 1083 1268 1127 autem
1305 1083 1486 1126 manet
1518 1074 1572 1125 in
1608 1081 1888 1125 aeternum.
1927 1085 1945 1118 ι

546 1165 651 1230 Qui
692 1181 795 1219 non
835 1175 1016 1218 manet
1063 1165 1115 1216 in
1146 1177 1409 1217 aeternum
1437 1203 1452 1228 ,
1493 1177 1593 1216 nec
1627 1176 1838 1230 setnper
1867 1160 2056 1214 eodem

481 1260 641 1309 modo
690 1271 749 1310 se
796 1256 988 1322 habet,
1030 1271 1221 1310 servus
1272 1263 1354 1309 est
1393 1264 1618 1316 natura,
1673 1268 1846 1322 neque
1887 1262 2059 1305 senet

481 1349 613 1413 ipse,
645 1361 816 1415 neque
850 1347 1013 1400 alium
1041 1346 1275 1400 liberare
1301 1347 1462 1398 valet.
1499 1344 1690 1399 Omnia
1718 1345 1860 1398 enim
1895 1344 2059 1397 Crea-

483 1443 612 1490 toris
653 1440 899 1492 servituti
947 1439 1163 1493 subdita
1202 1449 1347 1492 sunt.
1384 1437 1553 1491 Filius
1601 1445 1780 1490 autem
1825 1451 1946 1490 cum
1991 1436 2062 1488 sit

482 1540 677 1583 natura
711 1531 868 1594 Deus,
909 1532 1207 1600 eodemque
1242 1530 1401 1586 modo
1435 1545 1494 1585 se
1533 1530 1761 1592 habeat,
1792 1539 1974 1582 manet
2005 1528 2058 1580 in

480 1635 765 1678 aeternum.
894 1645 932 1688 (.

554 1713 716 1766 Vens.
749 1713 839 1767 56.
872 1731 890 1765 ι
926 1712 980 1766 Si
1003 1727 1131 1784 ergo
1162 1727 1254 1766 vos
1278 1712 1443 1767 Filius
1472 1709 1812 1774 liberaverit,
1841 1721 1966 1763 vere
1993 1706 2060 1761 li-

482 1805 594 1857 beri
627 1806 798 1858 eritis.
833 1823 852 1856 ι

557 1897 655 1951 llic
703 1899 909 1964 peccati
959 1897 1395 1952 emundationem
1452 1893 1648 1957 innuit,
1708 1906 1870 1960 quam
1917 1890 2061 1944 solus

484 2001 704 2059 prmstat
735 1989 896 2054 Deus,
935 2006 1054 2059 quae
1095 2005 1220 2043 vera
1257 1990 1482 2042 libertas
1519 1996 1596 2040 est
1619 2026 1632 2048 ,
1681 1995 1736 2038 et
1773 1999 1876 2038 non
1917 1984 2019 2036 alia
2046 2021 2061 2046 ,

484 2098 602 2150 quae
647 2083 864 2136 nomine
903 2083 1169 2135 duntaxat
1217 2091 1371 2135 tenus
1417 2079 1724 2134 libertatem
1761 2079 2060 2132 continent.

560 2260 718 2314 Vitas.
769 2259 858 2316 58.
896 2277 915 2312 ι
964 2259 1073 2329 ligo
1104 2258 1244 2328 quod
1288 2256 1397 2312 vidi
1445 2255 1583 2326 apud
1626 2253 1841 2309 Patrem
1886 2267 2062 2306 meum

485 2348 676 2412 loquor
722 2364 734 2399 :
766 2355 820 2399 et
851 2361 944 2400 vos
987 2363 1106 2416 qua:
1145 2346 1356 2400 vidistis
1389 2345 1528 2414 apud
1561 2353 1767 2412 patrem
1801 2351 2062 2408 vestrum,

487 2438 680 2488 inritis.
724 2455 742 2488 ι

559 2530 1022 2595 ρίιοιηιιιίηιυιιιιιη
1078 2543 1177 2599 ego
1227 2544 1330 2582 non
1389 2537 1579 2581 natura
1618 2527 1830 2590 solum,
1877 2541 2063 2578 verum

486 2620 644 2674 etim:
674 2620 974 2674 verissimis
1016 2620 1148 2673 meis
1178 2620 1518 2673 sermonibus
1555 2617 1766 2671 l’atrem
1803 2617 2019 2672 declare
2048 2633 2061 2668 :

485 2715 562 2764 sic
588 2722 641 2764 et
669 2727 762 2764 vos
790 2711 919 2782 ipsis
954 2711 1149 2765 vestris
1177 2711 1432 2780 operibus
1466 2719 1670 2778 patrem
1710 2719 1948 2763 vestrum
1981 2722 2069 2760 re-

489 2804 662 2858 fertis.
718 2802 953 2858 Locutus
993 2812 1094 2867 est,
1143 2802 1353 2872 inquit,
1406 2802 1558 2857 vobis
1591 2800 1751 2854 Pater
1782 2816 1931 2853 meus
1975 2816 2068 2870 per

490 2898 783 2966 prophetas
822 2914 836 2950 :
867 2897 1121 2966 suscipite
1158 2896 1324 2965 igitur
1351 2910 1472 2949 eum
1511 2893 1602 2964 qui
1640 2894 1927 2962 praedictus
1956 2899 2066 2958 est;

489 3001 543 3042 et
570 3007 689 3059 qua:
721 2989 1029 3051 audivistis,
1055 3004 1219 3060 Opere
1248 2987 1511 3059 perﬁcite.

566 3082 724 3137 Vsus.
758 3081 848 3136 40.
891 3099 909 3132 ι
948 3081 1103 3134 Nunc
1129 3090 1311 3133 autem
1347 3081 1588 3148 quzeritis
1623 3094 1707 3134 me
1739 3078 2063 3140 interﬁcere,

492 3176 789 3238 hominem,
831 3174 922 3242 qui
960 3173 1245 3227 veritatem
1292 3172 1446 3226 vobis
1474 3171 1688 3225 locutus
1737 3187 1878 3236 sum,
1906 3187 2065 3241 quam

488 3264 666 3317 audivi
703 3279 731 3316 a
759 3263 888 3317 Deo.
935 3281 952 3314 ι

563 3354 787 3421 Qualem
825 3363 1004 3407 autem
1035 3353 1103 3406 iis
1137 3352 1348 3405 dixerat
1374 3350 1701 3406 veritatem?
1731 3351 1870 3421 quod
1913 3351 2070 3406 nimi-

489 3463 607 3500 rum
654 3445 880 3515 a'qualis
929 3454 1072 3499 esset
1117 3443 1286 3499 Patri.
1318 3444 1521 3498 Idcirco
1572 3443 1712 3498 enim
1761 3447 2071 3512 quarrebant

491 3544 662 3608 ipsum
700 3537 1007 3591 interﬁcere
1038 3534 1231 3590 Jnd:ei.

561 3631 726 3685 Vens.
753 3630 841 3685 42.
882 3647 899 3680 ι
951 3629 1094 3683 Dixit
1126 3643 1255 3697 ergo
1295 3628 1373 3681 eis
1413 3625 1610 3681 Jesus:
1651 3624 1708 3680 Si
1742 3625 1882 3679 Deus
1912 3625 2070 3678 Pater

489 3735 668 3777 vester
706 3731 871 3787 esset,
909 3722 1203 3790 diligeretis
1240 3721 1426 3788 utique
1481 3733 1564 3772 me
1610 3733 1624 3772 :
1659 3733 1758 3786 ego
1803 3719 1946 3770 enim
2001 3731 2064 3768 ex

491 3815 600 3869 Deo
628 3815 891 3885 processi,
923 3823 976 3868 et
1016 3814 1136 3867 veni
1175 3826 1188 3866 :
1223 3825 1400 3881 neque
1424 3809 1566 3864 enim
1599 3825 1627 3863 a
1681 3809 1886 3879 meipso
1921 3808 2063 3873 veni,

488 3910 580 3961 sed
609 3909 699 3961 ille
727 3922 811 3960 me
840 3905 1006 3958 misit.
1047 3922 1067 3955 ι

561 4000 616 4051 Si
657 4014 743 4052 me
775 3997 1106 4065 diligerctis,
1145 3997 1246 4050 hoc
1280 3995 1491 4065 signum
1525 3995 1664 4046 foret
1713 4007 1808 4047 vos
1848 4008 1911 4046 ex
1961 3991 2067 4046 Deo

488 4107 648 4155 esse;
681 4090 944 4143 ebaritate
992 4089 1260 4155 siquidem
1294 4087 1346 4140 in
1393 4085 1509 4154 ejus
1559 4086 1697 4140 ﬁlios
1723 4087 2062 4154 adoptantur.

487 4183 768 4247 Quomodo
799 4195 928 4249 ergo
955 4195 1049 4235 vos
1081 4181 1224 4234 inter
1261 4180 1353 4233 Dei
1405 4179 1546 4232 ﬁlios
1583 4179 1861 4248 aggregari
1895 4178 2068 4245 possi-

491 4279 578 4338 tis,
612 4289 732 4326 cmn
773 4288 877 4326 non
916 4271 1156 4339 diligatis
1193 4285 1317 4323 eum
1371 4270 1462 4338 qui
1500 4271 1552 4323 in
1595 4270 1866 4336 propriam
1913 4283 2063 4319 suam

487 4369 716 4422 formam
752 4366 946 4434 redigit
977 4366 1265 4418 credentes
1299 4362 1352 4415 in
1386 4361 1558 4426 illum,
1588 4361 1842 4429 quoniam
1875 4369 2064 4412 natura

2161 516 2361 587 μηκέτι
2393 517 2449 569 ὲν
2475 513 2837 578 δούλοις,άλλ’
2859 515 2918 566 ἐν
2949 515 3085 576 υίοῖς
3115 515 3602 584 καταιαττόμενοι.

2235 627 2253 659 ι
2286 607 2412 661 ’Ότι
2439 609 2546 671 πᾶς
2572 610 2600 661 6
2627 609 2800 660 ποιῶν
2830 605 2930 677 τὴν
2956 603 3264 677 άμαρτίαν,
3287 603 3475 669 δοῦλός
3499 608 3614 659 ἐστι
3651 607 3758 675 τῆς

2158 700 2456 771 ἁμαρτίας.
2497 719 2516 752 ι

2241 791 2478 861 Ἐκάστη
2510 789 2618 860 γὰρ
2641 789 2887 861 ἁμαρτία
2914 789 3264 861 αἰχμάλωτον
3291 789 3483 860 ὥσπερ
3511 789 3762 843 λαϐοῦσα

2157 883 2358 954 ψυχὴν,
2389 882 2583 952 δούλην
2617 882 2788 952 αὑτὴν
2822 881 2915 935 τοῦ
2953 883 3161 944 πάθους
3202 885 3367 936 ποιεῖ.

2235 993 2252 1025 ι
2313 976 2368 1027 '0
2398 974 2454 1026 δὲ
2485 973 2668 1037 δοῦλος
2695 975 2758 1028 οὑ
2791 975 2939 1045 μένει
2961 976 3018 1027 ὲν
3045 976 3113 1046 τῇ
3142 975 3294 1046 οἰκίᾳ
3324 977 3406 1039 εἰς
3431 973 3523 1027 τὸν
3552 973 3755 1038 αἰῶνα,

2157 1064 2185 1115 6
2211 1062 2337 1124 Υἱὸς
2371 1063 2520 1132 μένει
2553 1065 2630 1125 εἰς
2667 1063 2759 1115 τὸν
2787 1063 2979 1116 αἰῶνα.
3016 1079 3034 1115 ι

2241 1159 2297 1212 '0
2335 1158 2410 1228 μὴ
2464 1151 2642 1227 μένων
2675 1160 2754 1221 εἰς
2803 1157 2895 1211 τὸν
2927 1157 3119 1224 αἰῶνα,
3163 1158 3260 1212 καὶ
3304 1158 3570 1222 ὡσαύτως
3609 1159 3762 1229 ἔχων

2159 1251 2244 1303 ἀεὶ
2275 1250 2459 1312 δοῦλός
2481 1252 2597 1302 ἐστι
2624 1252 2690 1321 τῇ
2722 1249 2905 1317 φύσει,
2931 1251 3026 1304 καὶ
3061 1249 3190 1303 οὕτε
3222 1250 3415 1304 ἑαυτὸν
3445 1249 3568 1302 οὔτε
3593 1251 3764 1304 ἄλλον

2161 1339 2540 1409 ὲλευθερῶσαι’
2560 1341 2806 1394 δύναται.
2842 1341 3027 1394 Πάντα
3053 1340 3164 1410 γὰρ
3195 1341 3360 1394 δοῦλα
3385 1341 3478 1394 τοῦ
3511 1342 3762 1394 Κτίσαν-

2158 1449 2269 1494 τος.
2304 1432 2472 1485 Μένει
2496 1432 2551 1484 δὲ
2587 1434 2667 1496 εἰς
2704 1432 2796 1485 τὸν
2835 1432 3006 1486 αἰῶνα
3047 1432 3313 1497 ὡσαύτως
3356 1432 3498 1504 ἔχων
3527 1436 3555 1486 6
3585 1433 3758 1497 Υἱὸς,

2161 1522 2234 1584 ὡς
2260 1522 2419 1590 φύσει
2441 1522 2596 1586 Θεός.

2237 1712 2255 1746 ι
2313 1693 2438 1748 Ἐὰν
2469 1691 2561 1750 οὖν
2601 1697 2630 1751 6
2663 1697 2790 1762 Υίὸς
2822 1697 2966 1769 ὑμᾶς
2997 1696 3360 1771 ἐλευθερώσῃ,
3393 1697 3562 1762 ὅντως
3596 1699 3759 1752 ἐλεύ-

2091 1784 2131 1837 ῐι
2164 1785 2311 1859 θεροι
2337 1787 2542 1842 ἔσεσθε.
2584 1806 2604 1840 ι

2233 1875 2361 1933 Ὧδε
2389 1880 2493 1950 τὴν
2536 1880 2812 1952 κάθαρσιν
2855 1881 2957 1951 τῆς
2991 1881 3269 1952 ἁμαρτίας
3312 1881 3644 1945 αἰνίττεται,
3687 1884 3759 1952 ἣν

2166 1973 2325 2042 μόνος
2354 1972 2486 2035 Θεὸς
2506 1973 2740 2036 δίδωσιν,
2760 1975 2880 2044 ἥτις
2910 1975 3060 2029 ἐστὶν
3091 1958 3298 2046 ἀληθὴς
3321 1974 3630 2044 ἐλευθερία,
3662 1979 3756 2028 οῦ.

2163 2064 2321 2134 δεμία
2354 2065 2523 2136 άλλη,
2562 2067 2766 2129 αἵτινες
2809 2067 2972 2137 μέχρι
3027 2067 3192 2138 μόνης
3238 2068 3616 2137 προσηγορίας
3655 2069 3759 2138 τὴν

2165 2161 2476 2233 ἐλευθερίαν
2507 2163 2632 2234 ἔχου
2642 2179 2713 2217 σι.

2243 2273 2261 2305 ι
2309 2255 2450 2324 Ἐγὼ
2478 2255 2507 2308 6
2536 2255 2762 2327 ἑώρακα
2791 2256 2944 2327 παρᾶ
2979 2255 3056 2327 τῷ
3094 2257 3267 2328 Πατρί
3305 2274 3430 2327 μου,
3460 2257 3628 2310 λαλῶ·
3662 2256 3758 2310 καὶ

2167 2347 2325 2414 ὑμεῖς
2370 2342 2465 2400 οὖν
2502 2347 2530 2400 ὃ
2580 2349 2862 2420 ἑωράκατε
2905 2350 3060 2419 παρὰ
3097 2349 3176 2420 τῷ
3216 2352 3386 2421 πατρὶ
3416 2351 3592 2420 ὑμῶν.
3631 2367 3758 2403 ποι-

2167 2455 2297 2491 ειτε.
2340 2457 2358 2490 1

2241 2531 2453 2600 Ὥσπερ
2487 2529 2596 2598 ἐγὼ
2635 2531 2696 2582 οὑ
2739 2531 2900 2600 μόνον
2939 2531 3046 2584 ἀπὸ
3090 2533 3191 2603 τῆς
3235 2533 3446 2597 οὑσία·,
3481 2533 3618 2588 ἀλλὰ
3664 2536 3761 2587 καὶ

2175 2619 2283 2673 ἀπὸ
2304 2622 2412 2672 τῶν
2439 2621 2653 2690 ἀληθῶν
2681 2639 2778 2690 μου
2807 2623 2981 2691 λόγων
3002 2625 3360 2693 ἐμφαίνωτδν
3381 2626 3602 2696 Πατέρα
3630 2644 3759 2696 μου·

2169 2710 2312 2763 οὑτω
2367 2713 2460 2764 καὶ
2507 2713 2665 2781 ὑμεῖς
2704 2713 2812 2765 ἀπὸ
2853 2714 2962 2767 τῶν
3003 2715 3348 2784 πραγμάτων
3381 2717 3491 2768 τῶν
3545 2718 3760 2769 ἑαυτῶν

2168 2801 2443 2855 δεικνύετε
2486 2800 2717 2872 πατέρα.
2747 2803 3060 2872 Λελόιληκεν
3097 2805 3253 2875 ὑμῖν,
3291 2809 3480 2876 φησὶν,
3513 2809 3540 2860 6
3567 2808 3760 2879 Πατὴρ

2169 2891 2256 2946 διὰ
2306 2893 2412 2946 τῶν
2475 2894 2813 2964 προφητῶν·
2867 2895 3091 2958 δέξασθε
3148 2893 3241 2948 οὖν
3285 2897 3376 2950 τὸν
3426 2915 3755 2967 προαναφω-

2171 2987 2422 3060 νηθέντα,
2450 2991 2544 3042 καὶ
2568 2991 2828 3059 ποιήσατε
2862 2991 2952 3041 καὶ
2980 2990 3137 3059 ὑμεῖς
3167 2988 3202 3043 ἃ
3231 2990 3520 3058 ἠκούσατε.

2248 3099 2265 3130 ι
2299 3079 2412 3132 Νῦν
2437 3080 2496 3133 δὲ
2527 3080 2740 3149 ζητεῖτέ
2771 3097 2836 3150 με
2866 3082 3210 3146 ἀποκτεῖναι,
3243 3081 3519 3152 ἄνθρωπον
3542 3081 3599 3145 ὃς
3636 3083 3739 3150 τὴν

2170 3172 2428 3244 ἀλήθειαν
2449 3173 2576 3243 ὑμῖν
2603 3172 2899 3242 λελάληκα,
2932 3173 2997 3245 ἣν
3019 3174 3227 3243 ἥκουσα
3253 3175 3406 3244 παρὰ
3425 3174 3510 3226 τοῦ
3533 3173 3687 3227 Θεοῦ.
3718 3195 3739 3226 ι

2252 3350 2536 3421 Ἀλήθειαν
2568 3351 2625 3405 δὲ
2661 3351 2821 3406 ποίαν
2863 3353 3051 3421 ἔλεγεν
3080 3353 3301 3418 αὑτοῖς;
3335 3356 3457 3407 Ὅτι
3493 3355 3603 3418 ἶσος
3635 3356 3755 3424 εἰμὶ

2171 3444 2247 3512 τῷ
2279 3445 2476 3514 Πατρί·
2509 3443 2597 3496 διὰ
2626 3444 2734 3515 γὰρ
2764 3445 2920 3498 τοῦτο
2952 3445 3180 3518 ἐζήτουν
3208 3446 3372 3501 αὑτὸν
3413 3449 3463 3501 oi
3505 3447 3757 3500 Ἰουδαῖοι

2169 3535 2507 3590 ἀποκτεῖναι.
2840 3588 2844 3593 .

2244 3643 2261 3675 ι
2299 3621 2465 3677 Εἶπεν
2497 3625 2679 3690 αὑτοῖς
2707 3628 2735 3679 6
2778 3625 2984 3696 Ἰησοῦς
3006 3644 3021 3659 ’
3057 3629 3119 3681 Εἰ
3149 3630 3177 3681 6
3209 3629 3342 3692 Θεὸς
3378 3631 3571 3702 Πατὴρ
3601 3633 3762 3702 ὑμῶν

2167 3709 2256 3784 ἦν,
2287 3716 2540 3783 ἠγαπᾶτε
2571 3715 2636 3768 ἆν
2666 3717 2768 3786 ὲμέ
2791 3734 2802 3746 ’
2836 3717 2948 3786 ἐγὼ
2979 3719 3088 3790 γὰρ
3123 3723 3185 3772 ἐκ
3219 3720 3314 3773 τοῦ
3349 3723 3485 3775 Θεοῦ
3511 3725 3759 3794 ἐξῆλθον,

2169 3806 2264 3858 καὶ
2290 3807 2427 3876 ἥκω·
2454 3807 2574 3860 οὑδὲ
2601 3809 2710 3880 γὰρ
2731 3809 2825 3861 ἀπ’
2850 3810 3090 3881 ἐμαυτοῦ
3115 3811 3370 3880 ἐλήλυθα,
3402 3813 3518 3866 ἀλλ’
3545 3817 3763 3880 ἐκεῖνός

2171 3915 2239 3968 με
2265 3897 2575 3952 ἀπέστειλε.
2619 3917 2637 3950 ι

2241 3989 2302 4042 Ei
2341 3991 2592 4059 ἠγαπᾶτέ
2641 4008 2709 4062 με
2736 4030 2751 4056 ,
2786 3990 2946 4046 τοῦτο
2993 3994 3219 4063 σημεῖον
3257 3990 3326 4067 ἦν
3370 3996 3453 4048 ὅτι
3500 3997 3566 4049 ἐκ
3617 3997 3761 4051 Θεοῦ

2167 4079 2284 4155 ἧτεο
2314 4085 2347 4154 ἡ
2379 4083 2489 4154 γὰρ
2522 4085 2710 4154 ἀγάπη
2749 4087 2829 4146 εἰς
2861 4085 3133 4140 υἱοθεσίαν
3167 4089 3309 4156 ἄγει.
3343 4088 3468 4152 Πῶς
3499 4091 3656 4160 ὑμεῖς
3695 4093 3762 4144 ἐν

2169 4179 2304 4241 υἰοῖς
2348 4177 2483 4230 Θεοῦ
2518 4177 2748 4231 δύνασθε
2783 4179 3171 4250 ἀριθμεῖσθαι,
3222 4182 3325 4235 οὑκ
3371 4185 3704 4251 ἀγαπῶντες
3737 4195 3760 4221 τ

2167 4269 2260 4320 τὸν
2303 4267 2747 4338 μεταπλάττοντα
2786 4272 2865 4333 εἰς
2898 4269 3038 4323 ἰδίαν
3074 4273 3318 4343 μορφὴν,
3351 4272 3442 4325 τὸν
3479 4275 3556 4336 εἰς
3590 4274 3761 4326 αὑτὸν

2169 4361 2535 4426 πιστεύοντα,
2587 4364 2668 4414 ὅτι
2709 4362 2842 4426 Θεός
2878 4363 2996 4416 ἐστι
3037 4363 3220 4432 φύσει,
3273 4365 3367 4417 καὶ
3410 4365 3539 4428 Υίὸς
3576 4365 3754 4432 Θεοῦ;

489 4464 630 4516 Deus
655 4471 757 4524 est,
791 4475 854 4514 ac
888 4458 1056 4513 Filius
1084 4455 1199 4508 Dei.
1235 4452 1428 4506 Verum
1458 4453 1558 4518 illi,
1591 4452 1681 4519 qui
1715 4461 1859 4504 recte
1889 4464 1951 4503 ac
1980 4452 2065 4519 pie

2174 4453 2321 4522 Πλὴν
2359 4453 2557 4506 ἐκεῖνοι
2589 4455 2937 4524 ἀνεγκλήτως
2965 4455 3191 4510 καλοῦσι
3220 4456 3440 4529 Πατέρα
3471 4457 3559 4510 τὸν
3593 4457 3756 4522 Θεὸν,

486 4556 651 4608 vitam
677 4553 987 4614 inStitnunt,
1022 4546 1289 4614 inculpate
1319 4543 1484 4596 Deum
1519 4543 1730 4596 Patrem
1774 4555 1983 4595 vocant.

558 4645 688 4699 Illud
725 4655 926 4705 autem,
950 4639 1104 4694 Exivi
1141 4634 1462 4689 inell‘abilem
1499 4645 1552 4688 et
1587 4635 1832 4704 principii
1871 4652 2066 4706 exper-

488 4747 592 4790 tem
641 4735 908 4805 signiﬁcat
945 4727 1348 4798 generationem
1385 4741 1398 4777 :
1456 4723 1580 4778 Veni
1613 4740 1739 4779 vero
1782 4728 1900 4798 ejus
1942 4743 2064 4783 cum

485 4845 650 4882 carne
690 4829 741 4880 in
773 4830 917 4878 hunc
944 4820 1202 4874 tnundntn
1233 4819 1537 4886 ingressum
1576 4818 1836 4874 insinuat.

563 4920 726 4972 Vnus.
760 4917 850 4969 44.
904 4931 922 4963 ι
967 4913 1070 4964 Vos
1102 4927 1163 4965 ex
1201 4923 1352 4980 patre
1381 4912 1593 4966 diahelo
1621 4912 1750 4965 estis
1781 4931 1794 4966 :
1831 4922 1882 4966 et
1927 4913 2068 4966 desi-

487 5012 635 5063 deria
681 5008 847 5075 patris
883 5004 1046 5057 vestri
1080 5004 1241 5057 Vultis
1276 5002 1474 5058 facere.
1513 5003 1604 5058 Ille
1646 5004 1917 5057 homicida
1949 5013 2069 5058 erat

487 5103 557 5156 ab
601 5100 788 5162 initio,
824 5105 878 5150 et
930 5096 981 5149 in
1013 5097 1240 5150 veritate
1295 5111 1400 5150 non
1442 5096 1592 5151 stetit
1635 5113 1648 5150 :
1683 5096 1805 5164 quia
1847 5111 1951 5149 non
1986 5106 2069 5149 est

488 5193 690 5245 veritas
721 5190 879 5242 ineo.
908 5188 1041 5244 Cum
1071 5189 1313 5257 loquitur
1346 5189 1713 5250 mendacium,
1744 5202 1806 5240 ex
1836 5188 2068 5258 prepriis

487 5279 745 5348 loquitur,
775 5279 897 5348 quia
930 5282 1157 5334 mendax
1189 5290 1292 5345 est,
1328 5291 1380 5334 et
1413 5290 1567 5348 pater
1597 5279 1735 5348 eius.
1777 5297 1796 5329 ι

557 5455 672 5510 llcc
696 5470 800 5510 non
825 5470 890 5510 eo
917 5457 1074 5523 dixit,
1100 5459 1242 5527 quod
1273 5457 1522 5512 diabolus
1550 5460 1761 5513 essendi
1788 5460 1868 5514 eis
1897 5474 2058 5514 causa

487 5545 580 5610 sit,
611 5545 704 5600 sed
738 5547 1155 5616 depravatinnis,
1193 5563 1313 5617 qua:
1344 5562 1407 5601 ex
1443 5549 1683 5603 moribus
1705 5551 1953 5617 exsistit,
1987 5549 2060 5604 uti

486 5647 674 5687 sensus
716 5636 1008 5700 orationis,
1043 5637 1168 5690 licet
1200 5635 1461 5702 breviter,
1501 5636 1772 5693 insinuat.
1801 5641 1880 5695 Ac
1907 5642 1952 5696 si
1983 5644 2062 5695 di-

556 5759 576 5784 "
611 5749 699 5803 Cr.
727 5753 826 5804 οὑκ
859 5749 1183 5819 ἀγαπῶντες
1221 5749 1358 5820 ερὲς

2170 4547 2216 4597 oi
2242 4544 2478 4607 εὐσεϐῶς
2509 4547 2935 4617 πολιτευόμενοι.

2235 4637 2309 4689 Τὸ
2355 4635 2434 4702 δὲ,
2477 4637 2805 4706 Ἐξῆλθεν,
2857 4639 2956 4710 τὴν
3006 4641 3070 4694 ἐκ
3117 4641 3329 4714 Πατρὸς
3379 4641 3616 4715 ἄρρητον
3659 4646 3759 4697 καὶ

2166 4729 2402 4799 ἄναρχον
2435 4732 2690 4802 σημαίνει
2716 4733 2992 4802 γέννησιν·
3023 4735 3084 4787 τὸ
3113 4734 3169 4787 δὲ
3197 4735 3353 4790 Ἥκω
3375 4736 3475 4808 τὴν
3509 4739 3566 4789 ὲν
3619 4737 3758 4806 τῷδε

2167 4822 2244 4892 τῷ
2274 4822 2463 4892 κόσμῳ
2492 4824 2727 4895 πάροδον
2753 4825 2891 4896 μετὰ
2923 4827 3145 4898 σαρκός.

2245 4933 2263 4964 ι
2314 4914 2501 4984 Ὑμεῖς
2531 4919 2595 4969 ἐκ
2635 4917 2728 4968 τοῦ
2776 4919 2981 4988 πατρὸς
3025 4917 3272 4972 διαϐόλου
3309 4919 3466 4973 ἐστί’
3514 4922 3606 4973 καὶ
3654 4923 3759 4984 τὰς

2165 5004 2463 5076 ἐπιθυμίας
2503 5008 2598 5062 τοῦ
2631 5011 2834 5082 πατρὸς
2877 5011 3031 5081 ὑμῶν
3059 5012 3241 5065 θέλετε
3281 5015 3475 5067 ποιεῖν.
3518 5013 3758 5078 Ἐκεῖνος

2167 5098 2614 5169 ἀνθρωποκτόνος
2643 5097 2711 5173 ἦν
2746 5102 2840 5155 ἀπ’
2869 5105 3063 5175 ἀρχῆς,
3089 5107 3183 5157 καὶ
3208 5106 3265 5158 ὲν
3297 5107 3363 5176 τῇ
3397 5105 3626 5175 ἀληθείᾳ
3652 5107 3760 5176 οὑχ

2165 5189 2414 5261 ἔστηκενο
2449 5192 2529 5246 ὅτι
2557 5194 2656 5247 οὑκ
2685 5194 2830 5247 ἔστιν
2859 5196 3089 5266 ἀλήθεια
3125 5198 3183 5249 ὲν
3212 5197 3380 5269 αὐτῷ.
3414 5199 3584 5250 Ὅταν
3617 5198 3757 5264 λαλῇ

2165 5282 2226 5334 τὸ
2249 5283 2464 5352 ψεῦδος,
2502 5287 2566 5339 ὲκ
2597 5286 2704 5341 τῶν
2736 5287 2882 5340 ἰδίων
2905 5288 3076 5354 λαλεῖ,
3103 5287 3186 5342 ὅτι
3216 5289 3462 5361 ψεύστης
3489 5291 3629 5351 ἐστὶ,
3656 5288 3761 5339 καὶ

2166 5372 2195 5424 6
2225 5375 2407 5447 πατὴρ
2436 5377 2625 5432 αὑτοῦ.
2662 5397 2682 5431 ι

2241 5463 2411 5517 Τοῦτο
2440 5465 2615 5529 εἶπεν,
2647 5467 2746 5538 οὑχ
2784 5467 2865 5521 ὅτι
2895 5467 2990 5521 τοῦ
3026 5463 3168 5522 εἷναι
3202 5467 3400 5532 αὑτοὺς
3435 5470 3463 5521 6
3501 5468 3759 5533 διάῦολος

2169 5554 2360 5618 αἴτιος.
2397 5556 2534 5611 ἀλλὰ
2573 5558 2664 5610 τοῦ
2703 5561 2977 5630 πονηροὺς
3001 5560 3310 5629 γεγονέναι,
3350 5561 3486 5630 ὅπερ
3528 5561 3595 5614 ἐκ
3623 5563 3758 5630 τρό-

2171 5662 2287 5700 πων
2314 5648 2554 5716 γίνεται,
2583 5650 2658 5714 ὡς
2690 5653 2747 5704 ὲν
2779 5653 3032 5722 συντόμῳ
3058 5655 3086 5704 6
3112 5650 3238 5716 νοῦς
3273 5650 3366 5705 τοῦ
3401 5651 3563 5722 λόγου
3591 5652 3764 5708 τοῦτο
