4072 6396
410 352 548 418 1153

1462 345 1925 405 FRAGMENTA
1960 344 2038 403 IN
2083 345 2142 403 S.
2183 341 2558 403 JOANNEM.

3510 333 3646 399 1454

408 460 684 532 σημαίνει.
714 458 776 511 Ei
805 456 898 510 καὶ
922 455 1131 524 ἀσαφές
1165 455 1305 514 ἐστι,
1334 452 1779 524 πρεπωδέστερον
1808 453 1836 505 ὁ
1857 451 1974 504 διά-

2078 459 2188 513 cat,
2218 449 2467 502 diabolus
2488 488 2503 510 ,
2529 446 2621 516 qui
2647 445 2915 501 homicida
2943 453 3027 500 est
3055 460 3118 501 ac
3156 446 3382 500 mendax
3403 484 3418 509 ,
3448 460 3646 501 conve-

407 553 559 614 ϐολος
590 548 908 618 ὀνομάζοιτο
937 544 1091 616 ὑμῶν
1122 543 1305 615 πατὴρ
1333 545 1363 596 ὁ
1397 541 1842 611 ἀνθρωποκτόνος
1880 540 1975 592 καὶ

407 643 669 713 ψεύστης.
700 640 873 702 Αὐτὸς
904 637 1121 703 πρῶτος
1151 636 1305 689 ἐτεκε
1339 635 1400 687 τὸ
1428 633 1645 703 ψεῦδος,
1666 633 1829 704 ἔτερα
1859 630 1977 684 ἀνθ’

406 733 607 804 ἐτέρων
640 728 810 783 εἰπὼν
841 718 977 799 πρὸς
1005 727 1105 797 τὴν
1129 726 1297 779 Εὕαν.
1330 723 1557 797 [Cum]

478 827 698 896 Πατέρα
733 825 844 877 τῶν
882 823 1151 895 Ἰουδαίων
1178 820 1336 874 καλεῖ
1361 820 1451 873 τὸν
1479 819 1638 883 Κάῖν,
1670 816 1729 881 ὃς
1766 816 1979 886 πρῶτος

408 916 707 986 ἀνθρώπων
757 914 986 983 φθόνου,
1043 914 1138 965 καὶ
1188 912 1370 981 φόνου,
1429 911 1525 964 καὶ
1576 908 1838 979 ψεύδους,
1884 906 1979 958 καὶ

407 1010 622 1076 ἀπάτης
645 1005 889 1076 ἀρχηγὸς
911 1005 1101 1072 γέγονε
1131 1002 1271 1072 μετὰ
1297 1002 1391 1054 τὸν
1417 1003 1684 1064 Σατανᾶν,
1708 993 1881 1067 οῦπερ
1913 996 1978 1050 ἂν

404 1099 631 1162 δικαίως
656 1095 994 1168 ὀνομάζοιτο.
1032 1091 1128 1158 Οἷς
1157 1097 1335 1164 ὅμοιοι
1380 1092 1650 1154 Ἰουδαῖοι,
1681 1091 1775 1143 καὶ
1816 1091 1923 1150 πᾶς
1949 1088 1979 1139 ὀ

407 1191 629 1253 τούτους
691 1189 1047 1260 μιμούμενος.
1108 1185 1317 1241 Οὐκοῦν
1359 1185 1509 1238 οὐδὲν
1566 1181 1790 1244 ἀπεικὸς
1834 1180 1979 1248 κάμὲ

410 1283 536 1334 Υἱὸν
558 1276 696 1333 εἶναι
716 1277 811 1331 τοῦ
837 1276 1074 1347 ἀληθοῦς
1098 1274 1258 1337 Θεοῦ,
1291 1274 1382 1326 τὸν
1403 1273 1471 1325 τὰ
1492 1272 1664 1340 ἀληθῆ
1691 1269 1977 1333 λαλοῦντα,

409 1373 502 1425 καὶ¹
538 1372 683 1440 ὑμᾶς
718 1370 797 1422 δεῖ
829 1367 1107 1421 πιστεύειν
1145 1368 1269 1435 ἐμοὶ
1295 1365 1373 1434 τῷ
1404 1363 1473 1415 τὰ
1503 1361 1676 1431 ἀληθῆ
1709 1357 1976 1412 λαλοῦντι.

407 1461 578 1522 Αὐτὸς
610 1461 668 1513 δὲ
707 1460 798 1513 διὰ
842 1462 944 1529 τῆς
989 1457 1273 1529 παρακοῆς
1314 1455 1602 1508 ἀπέκτεινε
1644 1451 1734 1505 τὸν
1788 1449 1974 1519 ’Δδὰμ,

410 1554 504 1606 καὶ
537 1553 605 1605 δι’
642 1551 806 1604 αὑτοῦ
838 1552 964 1613 τοὺς
992 1549 1214 1611 λοιποὺς
1244 1546 1589 1617 ἀνθρώπους.

482 1662 502 1694 ι
544 1643 641 1705 Τίς
681 1642 740 1706 ἐξ
764 1641 917 1710 ὑμῶν
948 1640 1158 1707 ἐλέγξει
1207 1655 1272 1709 με
1308 1637 1437 1709 περὶ
1468 1634 1776 1706 ἁμαρτίας;
1818 1632 1883 1686 El
1922 1631 1978 1685 δὲ

407 1733 664 1801 ἀλήθειαν
693 1732 858 1800 λέγω,
894 1731 982 1785 διὰ
1004 1730 1056 1783 τί
1088 1731 1247 1800 ὑμεῖς
1275 1729 1336 1781 οὒ
1363 1726 1652 1780 πιστεύετέ
1682 1741 1772 1794 μοι
1800 1741 1814 1789 ;
1850 1740 1872 1775 ι

2086 538 2324 591 nicntius
2366 547 2544 591 vester
2574 546 2727 606 pater
2758 537 3074 615 appelletur.
3106 536 3222 602 Ipse
3255 538 3461 606 primus
3495 537 3648 591 falla-

2084 629 2220 682 ciam
2248 628 2468 696 genuit,
2496 627 2597 680 alia
2628 641 2727 696 pro
2754 626 2875 681 aliis
2901 625 3025 681 Erae
3051 628 3261 681 dicens.

2149 825 2358 881 Patrem
2388 826 2695 883 Judaeorum
2728 838 2885 885 vocat
2917 830 3142 885 Cainum
3169 833 3300 909 ,_qui
3341 843 3459 904 post
3492 835 3648 891 Sata-

2081 934 2205 972 nam
2242 918 2427 989 (cujus
2460 920 2651 974 merito
2694 921 2836 977 illius
2865 922 3207 986 nominetur)
3239 925 3443 993 primus
3470 927 3647 983 homi-

2079 1024 2243 1074 num,
2277 1009 2418 1074 odii,
2464 1010 2628 1065 caadis
2680 1019 2842 1080 atque
2893 1012 3158 1067 mendacii
3211 1023 3265 1068 et
3318 1015 3649 1085 deceptionis

2081 1106 2270 1152 auctor
2302 1099 2525 1152 exstitit.
2559 1099 2763 1166 Quibus
2785 1114 2892 1153 non
2916 1101 3193 1157 absimiles
3211 1100 3405 1171 Judaei,
3426 1114 3481 1158 et
3501 1108 3651 1175 quis—

2078 1191 2203 1258 quis
2246 1191 2390 1260 ipsos
2427 1192 2683 1245 imitatur.
2718 1190 2898 1258 Quare
2931 1208 3148 1263 quoque
3195 1210 3325 1250 vero
3359 1211 3465 1250 non
3510 1198 3652 1251 absi-

2083 1281 2211 1334 mile
2255 1291 2375 1343 est,
2407 1296 2492 1335 me
2519 1295 2642 1336 esse
2680 1282 2792 1336 veri
2836 1283 2929 1338 Dei
2963 1283 3157 1338 Filium
3193 1286 3285 1354 qui
3320 1300 3448 1340 vera
3475 1287 3649 1350 dicat,

2084 1360 2343 1438 vobisque
2367 1371 2494 1424 mibi
2517 1387 2642 1427 vera
2670 1374 2870 1427 dicenti
2902 1373 3034 1429 ﬁdes
3060 1374 3362 1431 adhibenda
3391 1387 3493 1431 est.
3528 1378 3653 1433 Dia-

2082 1459 2243 1516 bolus
2265 1474 2393 1513 vero
2434 1474 2528 1528 per
2569 1463 2985 1517 inobedientiam
3025 1464 3224 1519 occidit
3263 1464 3565 1531 Adamum,
3598 1476 3653 1521 et

2082 1564 2181 1621 per
2207 1548 2354 1602 illum
2386 1559 2613 1603 caeteros
2642 1550 2908 1605 homines.

2156 1640 2323 1695 Vens.
2358 1640 2446 1696 ιδ.
2482 1659 2501 1692 ι
2539 1640 2670 1709 Quis
2697 1657 2761 1696 ex
2788 1644 2943 1700 vobis
2971 1653 3162 1717 arguet
3183 1660 3269 1703 me
3297 1647 3366 1704 de
3392 1654 3653 1720 peccato‘:

2086 1731 2142 1786 Si
2173 1734 2455 1787 veritatem
2486 1733 2607 1787 dico
2634 1732 2812 1797 vobis,
2838 1749 3007 1802 quare
3038 1750 3146 1790 non
3176 1738 3398 1792 creditis
3422 1736 3592 1790 mihi?
3627 1753 3648 1789 ι

479 1799 648 1877 Τοῦτο
679 1799 854 1888 εἶπεν,
874 1823 960 1876 ἵνα
988 1825 1051 1875 ἐκ
1077 1799 1178 1891 τῆς
1212 1819 1306 1872 τοῦ
1326 1819 1439 1887 βίου
1459 1816 1830 1887 καθαρότητος
1855 1813 1974 1867 δυσ-

2155 1820 2269 1877 Ηοο
2299 1824 2470 1889 dixit,
2508 1833 2568 1878 ut
2596 1824 2719 1878 vitae
2744 1799 3193 1881 surevinnocentia
3225 1841 3289 1882 ac
3322 1828 3559 1896 puritate
3592 1829 3656 1881 il-

406 1917 607 1985 ωπήσῃ
660 1914 890 1977 αὐτοὺς,
932 1912 1248 1980 ἀποφαίνων
1280 1913 1362 1964 ὅτι
1401 1909 1532 1973 Θεὸς
1574 1907 1651 1960 ὢν
1691 1906 1978 1975 ἄτρεπτος,

410 2009 727 2076 περιπεσεῖν
748 2008 817 2077 τῇ
846 2004 1095 2075 ἁμαρτίᾳ
1115 2003 1177 2056 οὐ
1209 2003 1451 2056 δύναται.
1474 2001 1633 2053 Πᾶσα
1655 1998 1765 2068 γὰρ
1796 1998 1980 2065 ἁμαρο

408 2096 520 2158 τία,
559 2098 624 2148 ἐκ
662 2095 1023 2169 παρατροπῆς
1059 2093 1152 2147 τοῦ
1198 2092 1500 2162 βελτίονος,
1546 2089 1638 2142 ἐπὶ
1678 2087 1739 2140 τὸ
1777 2087 1980 2157 φαῦλον

412 2186 750 2254 μεταϐαίνει.

484 2296 505 2328 ι
550 2277 607 2329 ’Θ
638 2276 716 2329 ὢν
740 2278 804 2331 ἐκ
824 2274 920 2329 τοῦ
943 2272 1102 2339 Θεοῦ,
1133 2273 1202 2328 τὰ
1234 2275 1300 2345 ρή
1311 2290 1458 2342 ματα
1482 2271 1576 2325 τοῦ
1612 2269 1748 2325 Θεοῦ
1769 2267 1976 2323 ἀκούει.

408 2369 510 2420 Διὰ
539 2369 697 2421 τοῦτο
728 2368 887 2437 ὑμεῖς
931 2366 1033 2419 οὐκ
1069 2364 1298 2418 ἀκούετε
1318 2405 1331 2427 ,
1363 2365 1446 2417 ὅτι
1475 2364 1541 2416 ἐκ
1580 2362 1673 2415 τοῦ
1704 2360 1841 2414 Θεοῦ
1880 2360 1981 2412 οὐκ

409 2460 556 2513 ἐστέ.
598 2478 615 2511 ι

479 2551 619 2612 Τοὺς
647 2549 869 2612 πιστοὺς
897 2547 956 2600 δὲ
983 2562 1009 2589 ι
1037 2548 1102 2600 ἐκ
1134 2545 1228 2600 τοῦ
1260 2543 1394 2598 Θεοῦ
1433 2544 1603 2611 λέγει,
1634 2543 1693 2594 ού
1735 2542 1854 2595 κατ’
1891 2541 1981 2594 οὐ-

410 2644 553 2706 σίαν,
586 2644 722 2697 ἀλλὰ
751 2643 894 2697 κατὰ
920 2642 982 2695 τὸ
1004 2642 1062 2707 ἐξ
1083 2641 1248 2694 αὐτοῦ
1268 2640 1360 2692 τὸν
1383 2639 1552 2692 τύπον
1575 2639 1672 2707 τῆς
1699 2633 1982 2699 εὐσεϐείας

408 2736 614 2798 λαϐεῖν,
637 2736 731 2787 καὶ
749 2734 1101 2802 οἱκειωθῆναι
1125 2730 1294 2800 αὐτῷ,
1317 2730 1377 2793 ἐξ
1399 2729 1620 2800 ἀρετῆς,
1641 2730 1733 2782 καὶ
1753 2726 1979 2796 ἐννόμου

409 2825 708 2886 πολιτείας.
743 2824 816 2875 Τὸ
847 2823 905 2876 δέ
926 2864 940 2889 ,
971 2823 1215 2886 Ἀκούει,
1245 2822 1394 2890 λέγει
1443 2820 1503 2874 ού
1547 2821 1659 2879 τοῖς
1704 2816 1979 2887 αἰσθητοῖς

408 2913 566 2976 ὤτοις
590 2921 640 2977 1,
664 2912 800 2966 ἀλλὰ
825 2914 946 2976 ταῖς
972 2913 1072 2981 τῆς
1101 2911 1282 2981 ψυχῆς
1312 2909 1768 2979 συγκαταθέσεσι.

477 3089 730 3142 Δείκνυσι
764 3088 820 3141 δὲ
846 3098 867 3125 ι
896 3089 979 3141 ὅτι
1007 3087 1067 3140 οὐ
1088 3100 1111 3127 ι
1140 3085 1229 3139 διὰ
1257 3083 1414 3139 τοῦτο
1444 3086 1543 3139 οὐκ
1573 3085 1855 3138 ἐπίστευον
1880 3084 1977 3138 αύ-

403 3182 504 3251 τῷ,
549 3181 632 3234 ὅτι
664 3180 739 3243 ὠς
782 3179 1016 3249 ἀντιθέῳ
1046 3179 1357 3248 προσεῖχον,
1384 3175 1498 3229 ἀλλ’
1530 3177 1558 3217 ι)
1588 3177 1783 3230 ὃτικαὶ
1819 3176 1975 3229 ἀλλό-

405 3288 546 3343 τριοι
574 3267 714 3343 ἦσαν
737 3270 831 3324 τοῦ
857 3269 1016 3323 Θεοῦ.

480 3382 498 3414 ι
561 3361 964 3431 Ἀπεκρίθησαν
993 3353 1087 3414 οὗν
1124 3359 1172 3413 οἱ
1215 3358 1481 3422 Ἰουδαῖοι,
1532 3358 1625 3411 καὶ
1661 3351 1847 3439 εἵπονο
1902 3357 1977 3409 Ού

405 3453 585 3515 καλῶς
624 3451 858 3520 λέγομεν
902 3452 1098 3521 ἡμεῖς,
1132 3451 1215 3503 ὅτι
1260 3448 1608 3519 Σαμαρείτης
1655 3443 1706 3501 εἷ
1748 3448 1835 3511 σὺ,
1885 3447 1978 3499 καὶ

403 3543 678 3611 δαιμόνιον
700 3542 791 3612 ἔχε
799 3559 846 3604 ις
863 3558 878 3607 ;
920 3562 938 3591 ι

474 3634 825 3704 Δαιμονῶντα
856 3630 1079 3685 καλοῦσι
1107 3630 1197 3684 τὸν
1223 3630 1471 3700 δαίμοσιν
1501 3631 1879 3693 ἐπιτάττοντα,
1915 3629 1977 3681 ἐκ

405 3726 606 3798 μανίας
636 3724 898 3793 ἀμέτρου.
928 3722 1053 3775 Ὅτι
1075 3723 1171 3775 καὶ
1194 3722 1539 3791 Σαμαρείτην
1573 3720 1735 3773 αὐτὸν
1769 3719 1972 3787 ἔλεγον,

403 3818 499 3870 καὶ
553 3818 613 3868 ὲν
651 3816 767 3878 τοῖς
805 3814 981 3866 ὀπίσω
1024 3813 1125 3865 οὐκ
1175 3811 1420 3882 ἐμνήσθη
1480 3813 1509 3864 ὁ
1559 3811 1972 3881 εὐαγγελιστής.

401 3905 753 3978 Σαμαρείτην
780 3904 837 3958 δὲ
863 3905 1092 3958 ἐκάλουν
1111 3902 1203 3957 τὸν
1229 3902 1455 3972 Κύριον,
1479 3902 1555 3965 ὡς
1579 3902 1975 3971 ἁδιαφοροῦντα

404 4000 533 4069 περὶ
562 3998 659 4061 τὰς
685 3997 915 4068 νομικὰς
945 3996 1188 4062 ἐντολὰς,
1223 3997 1319 4049 καὶ
1352 3994 1547 4048 λύοντα
1575 3994 1637 4048 τὸ
1671 3995 1972 4050 Σάδδατον·

399 4093 451 4143 οἱ
473 4089 582 4160 γὰρ
613 4090 953 4159 Σαμαρεῖται
986 4088 1087 4141 οὐκ
1114 4086 1357 4157 ἀκριϐῶς
1400 4086 1769 4150 ’ἰουδαΐζουσα

474 4285 493 4318 ι
546 4265 844 4337 ’Δπεκρίθη
906 4264 1147 4335 ἰησοῦςο
1200 4265 1341 4334 Ἐγὼ
1387 4265 1662 4335 δαιμόνιον
1703 4266 1803 4318 οὐκ
1841 4265 1970 4336 ἔχω,

395 4356 534 4410 ἀλλὰ
579 4357 725 4427 τιμῶ
766 4358 856 4410 τὸν
900 4357 1122 4428 Πατέρα
1171 4374 1295 4427 μου,
1335 4357 1432 4411 καὶ
1479 4358 1636 4427 ὑμεῖς
1680 4358 1973 4428 ἀτιμάζετὲ

400 4467 489 4520 με.
534 4468 554 4501 ι

469 4540 639 4593 Ὅταν
662 4539 974 4610 ὑϐρίζηται,
1000 4540 1190 4612 πράως
1213 4541 1388 4612 φέρει,
1412 4540 1681 4595 διδάσκων
1703 4542 1849 4612 ἡμᾶς
1876 4542 1975 4605 τὰς

398 4634 478 4696 εἷς
514 4631 711 4693 αὐτοὺς
741 4632 925 4702 ῦϐρεις
975 4635 1245 4703 παρορᾷν.
1290 4632 1458 4687 Ἔνθα
1489 4633 1547 4686 δὲ
1574 4633 1761 4701 ἔλεγον
1794 4634 1973 4687 αὐτῶν

401 4722 624 4792 Πατέρα
653 4721 743 4775 τὸν
784 4721 937 4784 Θεὸν⁹
964 4723 1209 4793 σφοδρῶς
1238 4725 1418 4778 αὐτῶν
1451 4725 1813 4792 καθάπτεται,
1843 4742 1972 4779 παι-

392 4812 565 4867 δεύων
596 4813 742 4883 ἡμᾶς
774 4812 842 4867 τὰ
870 4814 950 4875 είς
983 4813 1114 4866 Θεὸν
1145 4815 1402 4869 ἐκδικεῖν.
1811 4818 1819 4827 ’

469 4923 488 4956 ι
531 4903 672 4973 Ἐγὼ
704 4904 762 4956 δὲ
791 4905 851 4957 οὐ
883 4902 1033 4975 ζητῶ
1068 4904 1168 4975 τὴν
1198 4905 1357 4969 δόξαν
1393 4922 1517 4975 μου.
1553 4924 1571 4957 ι

462 5073 527 5124 Et
547 5075 656 5145 γὰρ
681 5076 779 5146 τῆς
806 5075 964 5146 δόξης
992 5075 1246 5148 ἐφιέμην,
1285 5079 1384 5133 οὐκ
1416 5077 1501 5144 ἂν,
1530 5080 1589 5131 ὲν
1618 5084 1799 5152 μορφῇ
1826 5082 1960 5136 Θεοῦ

391 5162 672 5234 ὑπάρχων,
707 5167 1009 5238 ἐλάμϐανον
1029 5170 1217 5223 δούλου
1262 5170 1497 5242 μορφὴν,
1525 5174 1619 5226 καὶ
1643 5175 1963 5231 ὲταπείνουν

394 5254 631 5318 ἐμαυτὸν
654 5257 741 5310 διὰ
772 5260 872 5329 τὴν
897 5260 1051 5330 ὑμῶν
1086 5262 1379 5331 σωτηρίαν.
1421 5264 1558 5316 Ἀλλ’
1581 5266 1690 5320 οὐδ’
1720 5267 1787 5321 ἂν
1820 5286 1961 5339 παρ-

398 5339 509 5394 ίδον
538 5344 637 5404 τὰς
668 5349 750 5412 εἰς
774 5350 876 5419 ἐμὲ
909 5349 1113 5421 ῦσρεις,
1140 5352 1279 5406 ἀλλὰ
1312 5353 1468 5419 δίκας
1506 5360 1819 5428 παραυτίκα
1851 5364 1963 5414 εῖσο

397 5435 783 5523 επραττόμην·
818 5441 935 5493 νυνὶ
950 5442 1008 5495 δὲ
1048 5442 1129 5512 τῷ
1148 5443 1269 5514 Θεῷ
1296 5447 1391 5500 καὶ
1415 5450 1592 5519 lla.th
1618 5452 1963 5523 ἁμαρτάνετε

393 5520 494 5591 τῆς
540 5523 812 5594 ἁμαρτίας
855 5529 934 5590 είς
970 5530 1132 5583 αὐτὸν
1163 5534 1580 5609 ἀναϐαινούσης.
1633 5520 1800 5595 Θύδέν
1849 5544 1957 5614 γὰρ

469 5663 622 5743 f_C_r.
651 5664 866 5743 εἴβει-δέ.
938 5673 1081 5743 ¥_(Zr.
1105 5672 1441 5743 αίσθητικοῖς
1471 5679 1625 5732 ὠσίν.

399 5732 514 5787 ἀλλ’
546 5736 630 5788 ὃτι
660 5734 935 5807 ἀλλότριοι
969 5734 1109 5809 ἦσαν
1135 5742 1231 5795 τοῦ
1257 5732 1419 5800 Θεοῦ.

2082 1911 2163 1966 los
2188 1912 2563 1980 confunderet,
2590 1927 3033 1971 commonstrans
3081 1931 3162 1982 se,
3182 1919 3323 1986 quod
3346 1916 3489 1975 Deus
3511 1928 3656 1974 esset

2082 2004 2462 2070 immutabilis,
2490 2006 2541 2059 in
2577 2014 2857 2076 peccatum
2888 2006 2994 2062 labi
3030 2024 3137 2064 non
3173 2024 3350 2077 posse.
3374 2011 3548 2067 Omne
3579 2012 3655 2065 si-

2081 2094 2298 2164 quidem
2330 2105 2611 2165 peccatum
2633 2098 2828 2153 accidit
2851 2113 2920 2154 ex
2945 2101 3301 2156 conversione
3331 2102 3569 2158 melioris
3598 2102 3650 2155 in

2081 2184 2254 2255 pejus.

2155 2275 2319 2334 Vsus.
2357 2279 2446 2335 47.
2483 2299 2502 2333 ι
2548 2279 2650 2348 Qui
2693 2297 2758 2337 ex
2803 2282 2914 2339 Deo
2956 2294 3061 2349 est,
3110 2286 3274 2341 verba
3328 2285 3423 2341 Dei
3472 2288 3647 2343 audit.

2082 2364 2375 2435 Propterea
2409 2384 2503 2424 vos
2533 2387 2638 2425 non
2674 2373 2895 2439 auditis,
2919 2377 3045 2444 quia
3074 2390 3140 2431 ex
3172 2376 3283 2432 Deo
3308 2392 3411 2432 non
3436 2379 3587 2435 estis.
3627 2398 3647 2431 ι

2152 2544 2363 2602 Fideles
2407 2557 2588 2604 autem
2625 2564 2689 2604 ex
2732 2550 2841 2605 Deo
2880 2566 3000 2608 esse
3041 2552 3136 2619 ait,
3195 2536 3303 2609 non
3352 2556 3650 2610 secundum

2081 2638 2475 2704 substantiam,
2508 2642 2603 2696 sed
2647 2644 2792 2711 quod
2836 2644 2904 2697 ab
2938 2645 3059 2711 ipso
3097 2659 3341 2699 normam
3386 2647 3655 2714 accipiant

2080 2730 2314 2798 pietatis,
2346 2730 2567 2801 ejusque
2590 2732 2794 2803 praprii
2820 2734 2950 2801 sint,
2974 2750 3095 2790 cum
3124 2737 3344 2806 propter
3372 2736 3649 2801 virtutem,

2082 2830 2192 2895 tum
2226 2831 2443 2889 propter
2485 2834 2729 2878 sanctam
2772 2826 2984 2879 vivendi
3029 2827 3315 2884 rationem.
3359 2827 3523 2883 Audit
3556 2844 3659 2883 au-t

2084 2919 2222 2975 tem,
2275 2912 2482 2983 inquit,
2521 2929 2624 2970 non
2657 2916 2882 2973 auribus
2911 2918 3185 2974 sensitivis
3220 2923 3315 2975 sed
3348 2922 3512 2977 animi
3564 2938 3649 2977 as-

2080 3018 2261 3058 SCIISU.

2156 3096 2402 3150 Ostendit
2434 3107 2638 3164 autem,
2679 3101 2799 3156 illos
2831 3117 2938 3157 non
2966 3112 3248 3172 propterea
3278 3105 3328 3161 ei
3357 3105 3512 3161 Iidem
3542 3122 3648 3161 non

2084 3187 2430 3254 adhibuisse,
2470 3188 2612 3255 quod
2663 3188 2758 3244 Dei
2820 3192 3191 3247 adversarium
3235 3194 3647 3262 existimarent,

2081 3277 2175 3329 sed
2213 3276 2430 3343 ipsimet
2455 3291 2485 3329 a
2519 3276 2627 3331 Deo
2656 3278 2819 3332 alieni
2841 3280 3190 3336 exsisterent.

2154 3366 2318 3421 Vsus.
2359 3367 2448 3422 48.
2491 3388 2510 3420 ι
2551 3369 2964 3440 Responderunt
3002 3388 3129 3442 ergo
3169 3371 3373 3439 Jndmi,
3415 3386 3468 3431 et
3499 3378 3651 3432 dixe—

2078 3468 2204 3512 runt
2235 3460 2282 3513 ci
2311 3478 2324 3512 :
2352 3459 2539 3515 Nonne
2567 3461 2703 3515 bene
2732 3462 2960 3519 dicimus
2984 3480 3099 3531 nos,
3124 3467 3245 3535 quia
3276 3467 3650 3526 Samaritanus

2078 3564 2135 3602 es
2165 3560 2241 3611 tu,
2273 3561 2326 3601 et
2360 3552 2678 3605 daemonium
2714 3553 2925 3609 babes?
2954 3572 2975 3608 ι

2149 3638 2266 3693 Pra:
2293 3641 2455 3693 nimia
2476 3643 2691 3697 vesania
2720 3644 3042 3699 dmmonium
3064 3645 3262 3703 habere
3286 3648 3471 3704 dicunt
3494 3664 3645 3715 cum,

2078 3731 2168 3800 qui
2202 3730 2538 3787 daemonibus
2583 3734 2902 3804 imperabat.
2953 3736 3104 3803 Quod
3139 3748 3194 3793 et
3241 3739 3640 3796 Samaritanum

2078 3834 2199 3872 cum
2228 3820 2636 3889 appellaverint,
2666 3832 2851 3892 postea
2876 3838 2981 3879 non
3010 3827 3254 3882 meminit
3291 3830 3641 3899 evangelista.

2080 3911 2365 3966 Dominum
2401 3921 2581 3967 autem
2616 3916 2883 3970 vocabant
2916 3915 3317 3973 Samaritanum
3338 3961 3356 3986 ,
3383 3923 3522 3990 quod
3565 3922 3643 3977 le-

2075 4002 2214 4072 galia
2255 4002 2506 4056 mandata
2538 4018 2642 4058 non
2673 4006 3008 4073 observaret,
3045 4025 3108 4064 ac
3144 4010 3437 4066 Sabbatum
3469 4014 3646 4070 solve-

2076 4103 2161 4149 ret
2194 4113 2208 4150 :
2247 4094 2572 4152 Samaritani
2606 4114 2837 4169 namque
2872 4116 2975 4155 non
3011 4105 3233 4160 omnino
3272 4117 3523 4162 accurate
3555 4107 3647 4178 ju-

2073 4183 2382 4241 daizabant.

2149 4274 2312 4329 Vsus.
2352 4276 2441 4330 49.
2492 4294 2512 4329 ι
2562 4276 2858 4348 Respondit
2899 4280 3056 4337 Jesus
3103 4303 3117 4338 :
3161 4285 3270 4353 Ego
3320 4286 3647 4343 daemonium

2075 4383 2183 4421 non
2214 4368 2388 4423 habeo
2422 4385 2436 4422 :
2487 4371 2581 4426 sed
2614 4372 2913 4429 honoriﬁco
2952 4374 3164 4430 Patrem
3214 4392 3413 4446 meum,
3445 4389 3499 4434 et
3548 4396 3641 4437 vos

2003 4456 2047 4513 Β
2077 4456 2442 4515 inbonorastis
2472 4475 2578 4517 me.
2614 4479 2635 4513 ι

2142 4547 2373 4613 Quando
2414 4553 2755 4609 contumeliis
2789 4553 3050 4622 afﬁcitur,
3091 4572 3246 4627 aequo
3285 4559 3466 4615 animo
3509 4560 3641 4628 fert,

2071 4641 2272 4696 docens
2302 4658 2399 4698 nos
2437 4645 2790 4702 contumelias
2827 4649 2981 4704 nobis
3020 4650 3282 4721 irrogatas
3333 4654 3634 4723 despicere.

2071 4729 2173 4786 Ubi
2197 4748 2325 4787 vero
2368 4734 2857 4794 dixeruntPatrem
2886 4756 3045 4796 suum
3074 4756 3194 4798 esse
3219 4743 3417 4812 Deum;
3439 4746 3640 4801 acriter

2070 4822 2187 4876 illos
2215 4824 2550 4895 increpabat,
2577 4827 2671 4882 Dei
2704 4830 2927 4900 injurias
2956 4848 3055 4889 nos
3087 4833 3360 4889 vindicare
3389 4850 3635 4890 monens.

2142 4910 2304 4967 Vens.
2367 4915 2455 4969 50.
2516 4935 2535 4968 ι
2593 4918 2705 4988 Ego
2757 4931 2936 4976 autem
2997 4938 3107 4977 non
3163 4938 3345 4993 quaero
3407 4927 3633 4995 gloriam

2066 5016 2263 5055 meam.
2310 5023 2329 5054 ι

2137 5093 2194 5146 Si
2240 5096 2382 5150 enim
2429 5097 2610 5168 gloriae
2642 5100 2930 5157 inhiassem
2952 5141 2968 5168 ,
3014 5118 3385 5174 nequaquam,
3417 5120 3537 5161 cum
3576 5108 3629 5161 in

2067 5182 2159 5239 Dei
2189 5184 2361 5241 forma
2393 5201 2563 5256 eram,
2611 5193 2752 5245 servi
2781 5192 3010 5246 formam
3052 5197 3484 5264 assumpsissem,
3528 5210 3628 5253 nec

2066 5290 2154 5330 me
2182 5287 2401 5344 propter
2433 5279 2659 5334 salutem
2687 5291 2921 5336 vestram
2956 5284 3341 5341 humiliassem.
3369 5286 3508 5353 Quin
3536 5303 3630 5343 ne-

2066 5380 2171 5434 que
2195 5368 2357 5422 etiam
2395 5366 2748 5427 contumelias
2780 5374 2911 5427 mihi
2953 5374 3219 5443 irrogatas
3261 5380 3623 5447 contempsis-

2067 5469 2217 5520 sem,
2266 5457 2361 5511 sed
2398 5457 2683 5515 confestim
2734 5477 2921 5517 earum
2969 5464 3260 5520 vindictam
3300 5467 3621 5527 intulissem.

2064 5544 2221 5602 Modo
2251 5562 2378 5603 vero
2418 5550 2471 5604 in
2505 5551 2669 5605 Deum
2697 5568 2762 5607 ac
2791 5554 3004 5612 Patrem
3035 5559 3290 5627 peccatis,
3319 5572 3542 5629 peccato
3572 5563 3624 5615 in

1705 5692 1726 5718 ι
1763 5681 1853 5737 Cr.
1876 5684 1974 5737 sint

2077 5723 2090 5737 .
2165 5696 2191 5725 ι
2226 5685 2315 5741 Cr.
2343 5687 2459 5742 sine
2490 5688 2572 5742 οὐ.
2650 5690 2677 5729 δ
2706 5691 2797 5745 Cr.
2823 5693 3010 5758 δτι’ὡς
3040 5695 3273 5768 ἀντιθέῳ
3310 5701 3618 5771 προσεῖχον,
