4072 6396
446 319 502 382 Η
515 323 583 384 55

1578 319 1917 380 AMMONII
1959 317 2490 376 ALEXANDRINI

3573 315 3720 380 145-6

447 437 621 504 ipsum
659 435 1010 490 redundante.
1057 433 1201 487 Nihil
1236 433 1402 498 enim,
1439 433 1576 486 inter
1608 433 1821 487 Patrem
1857 441 1909 486 et
1941 430 1999 484 Fi

2132 430 2267 493 ὅλως
2300 431 2361 482 τὸ
2394 427 2726 498 μεσολαϐοῦν
2760 428 2977 499 Πατέρα
3014 427 3110 483 καὶ
3158 427 3250 482 τὸν
3289 427 3441 498 Υἱδν,
3471 429 3593 484 ὅσον
3635 433 3718 494 είς

438 528 571 580 lium
621 527 762 596 quod
802 527 1022 588 mediet,
1056 525 1366 590 intercedit,
1403 540 1523 579 cum
1559 525 1787 595 quilibet
1827 541 2018 580 eorum

442 621 508 670 sit
548 619 790 685 ejusdem
824 617 1164 670 substantiae.

513 709 676 764 Vens.
707 709 795 762 5t.
831 727 848 759 ι
889 709 1082 769 Amen,
1115 723 1268 761 amen
1301 708 1420 760 dico
1452 708 1602 762 vobis
1635 726 1647 761 :
1682 707 1724 762 si
1755 709 1878 777 quis
1907 723 2022 762 ser-

442 817 650 852 monem
700 816 876 854 meum
922 800 1254 865 servaverit,
1297 814 1521 853 mortem
1569 816 1674 852 non
1721 801 1922 856 videbit
1966 803 2020 854 in

438 904 719 945 :I-ternum.
759 911 778 943 ο
983 949 994 962 ι

520 983 634 1038 Non
685 984 934 1052 corporis
994 993 1222 1038 mortem
1284 983 1419 1037 dicit
1465 999 1586 1054 qua:
1636 985 1891 1039 omnibus
1935 995 2021 1042 est

437 1078 768 1142 communis,
801 1078 893 1132 sed
925 1078 1046 1146 quia
1078 1087 1137 1129 ut
1166 1076 1304 1131 Deus
1338 1092 1444 1132 non
1483 1087 1710 1132 mortem
1742 1079 2022 1134 existima-

437 1173 526 1225 bat
572 1187 734 1241 quam
791 1181 850 1224 ut
891 1171 1032 1225 Deus
1089 1170 1248 1224 facile
1301 1181 1513 1241 poterat
1563 1173 1864 1228 destruere.
1924 1173 2021 1229 Hic

439 1279 669 1321 mortem
714 1274 872 1320 vocat
926 1278 1142 1330 pmnam
1189 1273 1472 1319 retentam.
1525 1266 1731 1320 Etenim
1785 1269 1889 1321 vita
1938 1277 2021 1322 est

439 1360 627 1411 l'i-uitio
665 1359 782 1413 sine
821 1359 1078 1414 termino.
1116 1356 1298 1410 Vitam
1332 1368 1488 1412 vocat
1524 1369 1813 1414 venturum
1852 1375 2022 1415 saecu-

439 1451 542 1501 lum
581 1451 723 1519 quod
771 1453 987 1523 proprie
1028 1454 1231 1508 dicitur
1263 1453 1394 1515 vita,
1436 1467 1545 1505 non
1578 1451 1788 1506 habens
1834 1451 2018 1505 termi-

437 1559 586 1607 num,
629 1544 717 1596 ubi
765 1560 925 1599 nemo
969 1546 1204 1614 amplius
1240 1544 1471 1597 moritur
1504 1554 1625 1613 post
1663 1543 2020 1597 resurrectio-

439 1652 558 1687 nem
591 1651 685 1704 per
713 1635 992 1690 Christum
1032 1635 1288 1690 omnibus
1318 1635 1524 1701 datam,
1553 1635 1643 1689 ubi
1673 1635 1875 1689 animal
1916 1635 2016 1688 etsi

436 1728 719 1794 moriatur,
752 1728 859 1782 Deo
881 1744 984 1782 non
1017 1729 1267 1784 moritur.

511 1901 671 1954 Vens.
704 1900 792 1955 52.
835 1920 852 1950 ι
893 1899 1156 1954 Dixerunt
1181 1913 1312 1970 ergo
1333 1900 1502 1955 Judaei
1533 1919 1544 1952 :
1580 1899 1732 1954 Nunc
1764 1899 2020 1968 cognovi-

435 2007 558 2045 mus
589 1993 713 2060 quia
756 1992 1083 2047 dzemonium
1125 1992 1312 2048 habes.
1351 2012 1370 2044 ι

507 2083 562 2136 Si
600 2093 726 2137 tunc
763 2082 980 2138 demum
1023 2085 1418 2153 cognoverint,
1472 2092 1629 2139 antea
1680 2083 2013 2140 nesciebant.

431 2175 713 2240 Quomodo
765 2191 892 2245 ergo
935 2175 1188 2229 dicebant
1230 2191 1356 2231 eum
1395 2176 1720 2230 daemonium
1773 2176 2014 2234 habere.

430 2281 590 2334 quem
622 2267 864 2321 nondum
893 2267 1820 2336 cognoscebant?Quemadmodum
1853 2265 2017 2337 igitur

431 2357 694 2423 putabant
729 2355 873 2424 ipsi,
920 2356 1153 2410 mendax
1191 2356 1378 2425 utique
1405 2355 1518 2425 jam
1572 2355 1778 2422 pridem
1830 2355 2016 2424 impri-

431 2450 534 2503 mis
568 2458 687 2502 erat
744 2449 940 2518 impius
991 2449 1081 2504 ille
1122 2447 1434 2502 Judmorum
1491 2447 1739 2517 populus,
1797 2449 2010 2502 tametsi

432 2540 754 2595 necessariis
797 2540 1019 2594 omnino
1060 2539 1362 2594 rationibus
1408 2539 1709 2603 convictus,
1766 2548 1823 2592 ut
1868 2543 2012 2608 quod

430 2633 663 2686 Satanas
700 2632 956 2685 Satanam
1003 2647 1110 2686 non
1153 2631 1354 2701 ejiciat.
1405 2629 1539 2684 Nam
1573 2645 1736 2686 omne
1788 2646 2009 2700 regnum

428 2725 558 2778 inse
579 2723 813 2778 divisum
847 2723 1141 2789 desolatur,
1178 2723 1253 2777 ait
1284 2723 1535 2779 Christus
1567 2724 1634 2776 ".
1672 2741 1692 2774 ι
1736 2724 2009 2777 Abraham

431 2824 684 2868 mortuus
711 2824 830 2880 est,
885 2825 935 2868 et
984 2816 1282 2884 prophetae,
1324 2834 1342 2868 ι
1389 2815 1489 2870 hoc
1513 2824 1616 2880 est,
1651 2815 1749 2880 Qui
1789 2815 2009 2869 verbum

429 2907 520 2961 Dei
560 2908 883 2962 audiverunt
930 2908 1127 2961 mortui
1177 2916 1342 2974 sunt,
1383 2917 1439 2963 et
1471 2909 1563 2978 qni
1603 2909 1825 2962 verbum
1859 2919 2008 2962 tuum

424 3000 721 3062 audierint,
753 3016 860 3054 non
893 3001 1240 3054 morientur?

496 3093 666 3148 Vens.
707 3094 795 3148 55.
846 3111 864 3144 ι
904 3092 966 3147 Et
995 3109 1099 3148 non
1131 3093 1464 3165 cognovistis
1492 3106 1651 3150 eum:
1683 3110 1782 3165 ego
1822 3103 2004 3150 autem

425 3186 547 3239 novi
581 3201 727 3239 eum.
764 3203 781 3234 ι

497 3275 658 3331 Solus
707 3290 945 3345 namque
995 3275 1166 3330 Filius
1210 3276 1426 3332 Patrem
1457 3279 1778 3333 naturaliter
1799 3291 1851 3332 et
1887 3293 2010 3348 pro-

424 3369 538 3436 prie
585 3368 770 3432 novit;
822 3367 906 3422 vel
962 3367 1143 3437 potius
1183 3369 1296 3437 ipsa
1354 3372 1704 3441 semetipsam
1744 3369 2007 3424 Trinitas.

425 3459 617 3513 Dicere
644 3467 861 3521 autem,
902 3456 1040 3510 Novi
1078 3474 1227 3523 eum,
1265 3460 1410 3514 nulla
1436 3461 1740 3529 jactantia;
1779 3460 1871 3514 scd
1914 3460 2008 3512 di-

421 3566 547 3606 cere
579 3567 637 3604 se
672 3569 776 3606 non
827 3570 990 3610 nosse
1016 3595 1030 3618 ,
1083 3555 1424 3608 mendacium
1461 3561 1626 3608 esset.
1668 3551 1779 3606 Vos
1829 3562 2006 3606 autem

423 3643 748 3710 mentimini,
778 3643 1020 3699 dicentes
1046 3659 1142 3699 vos
1175 3659 1298 3698 eum
1341 3657 1522 3699 nosse.

499 3735 593 3790 llis
638 3736 840 3798 verbis,
887 3734 993 3790 Sed
1038 3752 1132 3804 ego
1169 3736 1278 3789 scio
1310 3751 1449 3802 eum,
1494 3743 1543 3788 et
1569 3750 1860 3789 sermonem
1893 3735 2007 3804 ejus

420 3841 591 3889 servo,
628 3825 994 3880 ostenduntur
1023 3824 1193 3879 λιιιίωὶ
1219 3826 1432 3879 nescire
1462 3825 1626 3880 Deum
1651 3838 1703 3881 et
1730 3842 2008 3882 sermones

417 3917 536 3986 ejus
582 3932 689 3971 non
717 3931 962 3980 servare,
1003 3918 1130 3986 quia
1180 3917 1532 3986 prmdicatum
1577 3927 1633 3973 et
1677 3919 1902 3974 missum
1936 3922 2005 3976 ab

418 4012 534 4078 ipso
565 4024 668 4064 non
701 4019 1039 4080 receperunt.

487 4187 653 4242 Vens.
691 4189 778 4242 57.
815 4204 834 4237 ι
875 4185 1144 4241 Dixerunt
1175 4199 1304 4256 ergo
1331 4185 1502 4242 ,ἰυᾶωί
1527 4185 1593 4241 ad
1619 4201 1741 4241 eum
1777 4203 1790 4241 :
1829 4185 2002 4253 Quin-

415 4284 669 4354 quaginta
725 4298 896 4338 annos
945 4286 1183 4341 nondum
1245 4281 1456 4349 habes,
1497 4289 1552 4334 et
1589 4279 1864 4333 Abraham
1915 4281 2001 4332 vi-

415 4377 578 4430 disti?
616 4395 635 4429 ι

490 4468 694 4523 lnsulsa
721 4483 943 4538 prorsus
970 4467 1278 4523 Iudaeorum
1311 4463 1490 4517 oratio
1515 4470 1619 4516 est.
1651 4462 1902 4517 Christus
1923 4465 1997 4516 si-

420 4561 636 4629 quidem
686 4563 752 4616 de
798 4576 893 4616 sua
932 4557 1298 4628 perpetuitate
1335 4554 1681 4623 loquebatur,
1715 4554 1816 4622 ipsi
1864 4570 1993 4608 vero

419 4665 672 4725 tanquam
709 4656 821 4726 jam
871 4655 1105 4724 primum
1160 4646 1438 4714 incipienti
1474 4647 1892 4714 respondebant.
1923 4650 1999 4702 Ac

421 4751 677 4803 Dominus
729 4747 991 4816 quidem,
1044 4738 1354 4801 Abraham,
1418 4737 1615 4807 inquit,
1678 4739 1806 4792 vidit
1858 4741 1995 4794 diem

415 4857 583 4892 meum
619 4855 638 4892 :
671 4837 746 4892 illi
778 4849 909 4891 vero
948 4838 1140 4887 contra
1177 4827 1548 4898 intelligebant
1589 4830 1764 4900 ipsum
1796 4833 1995 4887 vidisse

413 4931 801 4983 Abrahamum.

503 5023 670 5075 \‘sns.
702 5017 790 5072 58.
833 5036 850 5068 ι
893 5012 1036 5068 Dixit
1069 5013 1148 5068 eis
1183 5012 1340 5068 Jesus
1381 5030 1394 5067 :
1444 5015 1612 5070 Amen
1635 5056 1648 5081 ,
1681 5032 1836 5072 amen
1868 5015 1988 5072 dico

411 5116 585 5178 vobis,
620 5122 909 5178 antequam
945 5111 1217 5168 Abraham
1255 5112 1426 5182 ﬂeret,
1465 5127 1564 5180 ego
1592 5126 1732 5165 sum.
1771 5129 1789 5159 ο

481 5232 527 5263 ’⁸
561 5229 750 5282 Matth.
781 5245 876 5294 Mt,
910 5230 998 5284 95.

511 5356 534 5384 ο
571 5345 662 5400 Cr.
702 5331 1040 5413 γνωστικῶς.
1118 5344 1142 5383 α
1181 5342 1272 5398 Cr.
1295 5341 1434 5396 sine.
1457 5339 1536 5392 δέ.
1620 5347 1642 5375 ε
1667 5336 1758 5392 Cr.
1785 5335 1915 5407 γάρ.

477 5465 590 5537 (10)
624 5464 750 5520 Πιοο
789 5465 909 5521 cod.
943 5461 1102 5537 Bodl.
1137 5455 1424 5537 Ammon’i‘o
1460 5451 1669 5532 tribuit,
1700 5450 1981 5537 ischolium

405 5523 534 5590 vero
565 5523 708 5606 quod
745 5535 1000 5603 praecedit
1037 5533 1088 5586 in
1126 5523 1597 5606 catena‘Cra‘r-neri
1629 5523 1730 5606 sub
1767 5523 1984 5606 nomine

408 5589 708 5662 Αωιιιόὴίῐ
731 5589 824 5664 dat
865 5606 1274 5674 Chrysostomo.
1305 5596 1388 5652 Cf.
1423 5595 1617 5664 Chrys.
1653 5590 1792 5661 Opp.
1847 5589 1980 5657 Vlll,

401 5679 586 5823 υυῗὶι)
622 5750 820 5806 Eadem
859 5746 974 5802 vide
1007 5704 1147 5814 apud
1174 5738 1452 5809 Chrysost.
1485 5727 1620 5799 V’lll,
1654 5731 1781 5788 302.

2125 524 2315 586 οὐσίας
2342 523 2650 592 ταυτότητα
2681 522 2915 575 ἑκάστου
2948 522 3311 594 ὑπάρχοντος.

2202 727 2219 763 ι
2267 707 2461 777 Ἀμὴν,
2495 706 2643 776 ἀμὴν
2687 704 2832 774 λέγω
2867 705 2999 773 ὑμῖν
3020 721 3032 734 ·
3062 705 3158 758 ἐάν
3191 722 3275 768 τις
3304 704 3398 758 τὸν
3428 703 3586 775 λόγον
3625 705 3718 759 τὸν

2122 804 2147 854 ὲ
2157 801 2255 873 μδν
2267 803 2505 873 τηρήσῃ,
2520 801 2752 856 θάνατον
2773 801 2832 853 οὐ
2859 800 2934 871 μὴ
2952 799 3213 872 θεωρήσῃ
3234 801 3315 862 είς
3358 798 3450 853 τδν
3474 799 3669 852 αἰῶνα.
3691 818 3712 850 ι

2194 975 2304 1046 (10)
2338 975 2412 1027 Οὐ
2440 975 2530 1028 τὸν
2566 974 2825 1045 σαρκικδν
2869 975 3040 1043 λέγει,
3074 975 3135 1027 ὃν
3166 973 3510 1045 ὑπομένομεν
3540 975 3718 1029 ἃπαν-

2120 1083 2230 1129 τες,
2259 1066 2373 1120 ἀλλ’
2403 1066 2483 1118 ὅτι
2527 1065 2600 1128 ὡς
2641 1066 2771 1128 Θεδς
2807 1065 2908 1118 οῦκ
2942 1063 3215 1133 ἐλογίζετο
3247 1065 3338 1117 τὸν
3367 1064 3615 1128 θάνατον,
3654 1065 3716 1116 δν

2120 1157 2194 1219 ὡς
2233 1157 2365 1220 Θεὸς
2418 1158 2654 1220 εὐκόλως
2682 1157 2913 1226 ἠδύνατο
2950 1156 3288 1226 ἀνατρέψαιο
3325 1155 3554 1210 θάνατον
3603 1157 3718 1226 γὰρ

2121 1242 2219 1302 ὦδε
2245 1250 2502 1319 ὀνομάζει
2543 1251 2603 1302 τὸ
2635 1249 2703 1302 δι’
2733 1249 2926 1312 αἰῶνος
2964 1247 3311 1312 κολάζεσθαι.
3339 1249 3449 1302 Καὶ
3478 1248 3586 1318 γὰρ
3619 1249 3715 1302 καὶ

2121 1341 2231 1411 ζωή
2261 1343 2404 1392 ἐστιν
2451 1343 2484 1408 ή
2529 1341 2954 1402 ἀκατάπαυστος
2995 1339 3320 1402 ἀπόλαυσις.
3350 1339 3532 1392 Λίῶνα
3562 1339 3714 1407 λέγει

2119 1429 2208 1480 τὸν
2241 1427 2531 1498 μέλλοντα,
2563 1429 2620 1491 6;
2664 1429 2870 1500 κυρίως
2900 1429 3143 1482 καλεῖται
3182 1429 3336 1494 αἰὼν,
3389 1432 3416 1482 6
3463 1429 3538 1500 μὴ
3571 1429 3713 1500 ἔχων

2121 1522 2311 1591 πέρας,
2345 1522 2478 1573 ὅπου
2502 1521 2684 1573 οὐκέτι
2715 1521 2888 1584 οὐδεὶς
2912 1522 3247 1592 ἀποθνήσκει
3280 1523 3419 1590 μετὰ
3446 1524 3545 1592 τὴν
3574 1523 3713 1576 ἀνά-

2120 1626 2312 1662 στασιν
2370 1611 2470 1681 τὴν
2524 1610 2610 1663 διὰ
2657 1610 2894 1681 Χριστοῦ
2933 1611 3273 1682 δωρηθείσαν
3321 1614 3523 1676 πᾶσιν,
3573 1613 3712 1665 ὅπου

2118 1719 2181 1772 γε
2211 1702 2273 1755 τὸ
2309 1703 2764 1772 ζωοποιούμενον,
2799 1702 2903 1756 κᾶν
2931 1703 3204 1774 ἀποθάνῃ,
3238 1704 3339 1756 οὐκ
3376 1703 3716 1776 ἀποθνήσκει

2048 1801 2090 1855 Β
2120 1797 2197 1868 τῷ
2221 1795 2358 1865 Θεῷ.
2395 1794 2615 1866 [ϐαμμ]

2198 1909 2216 1941 r
2262 1884 2427 1942 Εἶπον
2457 1889 2551 1942 οὖν
2593 1887 2742 1960 αὐτῷ
2781 1890 2831 1942 οἱ
2880 1887 3154 1942 Ἰουδαῖοι·
3212 1887 3328 1943 Νῦν
3377 1888 3708 1959 ἐγνώκαμεν

2117 1983 2199 2034 ὅτι
2233 1981 2509 2051 δαιμόνιον
2544 1983 2712 2051 ἔχεις.
2741 2001 2760 2033 ι

2188 2075 2251 2128 Εἰ
2278 2073 2458 2127 τοίνυν
2491 2075 2820 2142 ἐγνώκασιν,
2850 2073 2950 2126 οὐκ
2975 2073 3196 2145 ᾔδεισαν
3223 2074 3412 2128 πάλαι.
3455 2075 3580 2135 Πῶς
3604 2074 3703 2129 οὖν

2117 2167 2301 2236 ἔλεγον
2333 2167 2635 2238 δαιμονιᾷν,
2670 2166 2761 2220 τὸν
2803 2165 2956 2219 οὔπω
2988 2166 3463 2236 κατεγνωσμένονς
3495 2166 3709 2238 Ὠσπερ

2115 2260 2207 2316 οὖν
2255 2262 2516 2336 ᾠήθησαν
2564 2264 2719 2316 αὐτοὶ
2748 2303 2762 2327 ,
2817 2261 3063 2332 ψεύστης
3106 2257 3199 2316 οὖν
3261 2261 3372 2333 ἄρα
3406 2262 3498 2316 καὶ
3537 2263 3707 2316 πάλαι

2115 2357 2382 2428 πρότερον
2421 2351 2490 2426 ἦν
2518 2357 2546 2409 6
2573 2355 2846 2424 δυσσεδης
2881 2355 2989 2408 τῶν
3036 2355 3304 2409 Ἰουδαίων
3340 2355 3487 2419 λαὸς,
3524 2357 3705 2409 καίτοι

2113 2450 2200 2503 διὰ
2241 2449 2516 2520 λογισμῶν
2563 2447 3004 2520 πληροφορηθεὶς
3033 2449 3370 2516 ἀναγκαίων,
3403 2449 3479 2512 ὼς
3507 2449 3606 2502 οῦκ
3641 2448 3707 2502 ἂν

2112 2543 2140 2593 6
2171 2544 2416 2605 Σατανᾶς
2455 2541 2676 2595 ἐκϐάλοι
2725 2541 2818 2594 τὸν
2875 2542 3142 2595 Σατανᾶν.
3183 2543 3342 2594 Πᾶσα
3389 2542 3497 2612 γὰρ
3549 2541 3708 2611 βασι-

2113 2633 2232 2686 λεία
2265 2633 2588 2705 μερισθεῖσα
2645 2632 2767 2686 καθ⁹
2818 2631 3042 2702 ἑαυτὴν,
3097 2632 3438 2704 ἐρημοῦται,
3472 2633 3640 2702 φησιν
3678 2635 3706 2685 6

2112 2727 2431 2804 Xpta-td;._t
2487 2727 2736 2797 Ἁϐραάμ
2771 2725 3042 2788 ἀπέθανε,
3073 2725 3169 2778 καὶ
3213 2728 3262 2779 οἱ
3312 2727 3589 2796 προφῆται
3624 2766 3638 2789 ,
3682 2745 3702 2777 ι

2111 2820 2424 2885 τουτέστιν,
2485 2821 2549 2873 0t
2584 2819 2676 2872 τὸν
2737 2819 2895 2886 λόγον
2934 2817 3266 2881 ἀκούσαντες
3302 2817 3396 2870 τοῦ
3425 2817 3563 2871 Θεοῦ
3599 2820 3707 2872 άπ-

2112 2914 2322 2980 έθανον,
2347 2913 2441 2967 καὶ
2471 2913 2522 2966 ot
2559 2912 2650 2966 τὸν
2684 2911 2775 2965 σὺν
2805 2911 2962 2979 λόγον
3006 2910 3340 2974 ἀκούσαντες
3365 2911 3467 2964 οὐκ
3490 2909 3700 2964 ἀποθαο

2111 3005 2331 3059 νοῦνται
2360 3004 2509 3074 (Η);

2191 3115 2210 3149 ι
2249 3096 2358 3150 Καὶ
2383 3097 2484 3149 οῦκ
2516 3095 2796 3164 ἐγνώκατε
2823 3094 3017 3148 αὐτόν’
3061 3093 3173 3162 ἐγὼ
3203 3094 3259 3147 δέ
3285 3089 3403 3148 οἶδα
3438 3093 3618 3148 αὐτόν.
3655 3111 3673 3144 ι

2184 3275 2358 3338 Μόνος
2389 3274 2496 3344 γάρ
2526 3275 2553 3326 6
2579 3272 2709 3336 Υίδς
2735 3268 2842 3325 οἶδε
2870 3269 3119 3341 φυσικῶς
3146 3269 3243 3325 καὶ
3272 3268 3528 3338 γνωστῶς
3552 3277 3573 3306 ε
3601 3267 3696 3320 τδν

2113 3368 2354 3439 Πατέρα,
2392 3366 2591 3437 μᾶλλον
2625 3365 2684 3418 δέ
2715 3367 2747 3436 ἡ
2789 3365 2961 3436 Τριὰς
2995 3365 3220 3434 ἑαυτήν.
3256 3363 3406 3416 Τὸδέ
3430 3361 3456 3401 ἀ
3491 3362 3691 3425 εἰπεῖν,

2116 3455 2260 3512 οῖδα
2285 3458 2493 3518 αὑτὸνο
2542 3458 2643 3510 οὐκ
2693 3457 2807 3509 ἔστι
2847 3456 3093 3525 κόμπος·
3141 3453 3276 3509 ἀλλὰ
3322 3453 3382 3507 τδ
3413 3453 3587 3505 είπεῖν
3622 3451 3702 3522 μὴ

2110 3550 2328 3610 εἰδέναι,
2358 3548 2573 3618 ψεῦδος.
2615 3547 2803 3618 Ὑμεῖς
2835 3547 2892 3600 δέ
2923 3558 2945 3585 ο
2981 3545 3237 3614 λέγοντες
3265 3543 3429 3598 αὑτὸν
3459 3543 3696 3607 εἰδέναι,

2109 3641 2398 3711 ψεύδεσθε.

2181 3735 2255 3788 Τὸ
2317 3735 2374 3788 δὲ
2435 3734 2647 3796 εἰπεῖν,
2717 3731 2871 3786 Ἀλλ’
2931 3727 3065 3786 οἴδα
3129 3729 3350 3796 αὐτὸν,
3418 3729 3519 3783 καὶ
3588 3727 3701 3781 τὸν

2107 3829 2294 3896 λόγον
2319 3825 2505 3878 αὑτοῦ
2532 3822 2724 3892 τηρῶ,
2775 3824 3014 3876 δείκνυσι
3077 3824 3202 3886 τοῦς
3253 3823 3542 3884 Ἰουδαίους
3631 3821 3698 3874 τὸ

2111 3920 2248 3988 μήτε
2306 3916 2508 3970 είδέναι
2557 3914 2651 3968 τὸν
2697 3916 2854 3980 Θεὸν,
2899 3915 3040 3986 μήτε
3091 3913 3200 3984 μὴν
3245 3911 3533 3982 ἀνέχεσθαι
3583 3911 3699 3963 τῶν

2109 4013 2238 4083 παρ’
2278 4009 2446 4064 αὑτοῦ
2482 4010 2679 4078 λόγων,
2716 4007 2805 4061 διὰ
2829 4008 2890 4060 τὸ
2924 4008 2998 4077 μὴ
3030 4006 3281 4077 δέχεσθαι
3312 4005 3402 4059 τὸν
3432 4005 3500 4058 δι’
3522 4004 3696 4058 αὐτοῦ

2107 4103 2528 4176 κεκηρυγμένον
2565 4101 2697 4173 (l2).
2745 4098 2972 4172 [Cium]

2185 4216 2202 4246 ι
2251 4191 2422 4248 Εἶπον
2455 4190 2550 4247 οῦν
2582 4195 2632 4245 ot
2666 4192 2910 4244 Ἰουδαῖοι
2943 4187 3079 4254 πρὸς
3106 4188 3271 4242 αὐτόν
3291 4205 3304 4220 ·
3343 4188 3695 4260 Πεντήκοντα

2106 4291 2201 4358 ἔτη
2231 4286 2384 4340 οῦπω
2410 4285 2577 4356 ἔχεις,
2608 4284 2701 4337 καὶ
2742 4282 2992 4352 Ἀϐραάμ
3022 4280 3307 4353 ἐώρακαςς
3343 4298 3364 4330 ›

2189 4464 2440 4534 Ἀνόητος
2462 4464 2490 4515 6
2520 4461 2627 4515 τῶν
2666 4459 2936 4514 Ἰουδαίων
2963 4459 3142 4527 λόγος.
3190 4457 3250 4512 '0
3287 4458 3388 4528 μὲν
3416 4457 3525 4528 γὰρ
3556 4459 3692 4528 περὶ

2100 4560 2200 4628 τῆς
2235 4558 2372 4620 ἰδίας
2429 4556 2618 4619 αὐτοῖς
2658 4553 2962 4624 άῖδιότητος
3000 4553 3213 4617 ἐλάλει,
3260 4553 3308 4604 οί
3345 4551 3403 4604 δὲ
3437 4551 3510 4614 ὡς
3554 4549 3690 4620 ἄρτι

2097 4649 2393 4721 ἀρξαμένῳ
2430 4643 2570 4700 εἶναι
2603 4647 2849 4700 ἐλάλουν.
2885 4645 2997 4699 Καὶ
3037 4647 3065 4698 6
3109 4645 3213 4714 μέν
3253 4643 3460 4712 Κύριος
3500 4637 3687 4702 εἶπεν,

2096 4745 2178 4796 ὅτι
2243 4738 2502 4808 Ἀϐραὰμ
2549 4739 2681 4791 Mer
2726 4737 2843 4805 τὴν
2889 4735 3122 4806 ἡμέραν
3162 4735 3278 4802 τὴν
3311 4734 3498 4804 ἐμήνο
3539 4734 3587 4786 oi
3628 4733 3688 4786 δὲ

2097 4835 2339 4889 ἐναντίον
2378 4833 2630 4902 ἐνόησαν,
2659 4831 2740 4884 ὅτι
2772 4829 2937 4892 αὐτὸς
2975 4829 3051 4882 ἴδε
3082 4827 3174 4880 τὸν
3215 4825 3491 4898 Ἁϐραάμ.

2179 5035 2197 5067 ι
2241 5012 2409 5068 Εἶπεν
2457 5012 2642 5072 αὐτοῖς
2693 5011 2721 5062 6
2780 5006 3024 5077 Ἰησοῦς·
3091 5003 3283 5075 Ἀμὴν,
3334 5001 3482 5072 ἀμὴν
3539 4999 3692 5068 λέγω

2099 5111 2249 5181 ὑμῖν,
2284 5109 2414 5179 πρὶν
2460 5100 2715 5174 Ἀϐραὰμ
2745 5099 3004 5168 γενέσθαι
3031 5096 3142 5167 ἐγώ
3169 5098 3308 5166 ειμι.
3351 5114 3371 5147 ι

2179 5448 2292 5524 (12)
2319 5447 2621 5524 δεΙι-οιίιιιιιΔ
2648 5447 2700 5500 in
2736 5440 3063 5524 yersiculum
3090 5432 3346 5524 5673qu

2093 5497 2698 5584 οτὲὶιῖέτί’έι“ι”ιῖιίὀὶῆίτίὲ
2723 5511 2996 5568 Ammonii
3027 5497 3357 5584 inscribitur.
3375 5497 3682 5584 Corderius

2093 5569 2690 5657 ἷῖᾷῖἆίέύέοὲιόιὶίόέί
2711 5585 2884 5654 reipsa
2917 5578 3186 5650 reperitur
3218 5571 3358 5643 apud
3384 5569 3675 5639 Chrysost.

2093 5667 2229 5734 vui,
2262 5660 2366 5716 σοι
2394 5660 2427 5712 l.
2465 5661 2524 5716 ε.
