4072 6404
348 424 480 489 1.157
562 382 583 399 ’

1405 409 1867 474 FRAGMENTA
1908 409 1986 468 ΙΝ
2025 409 2085 468 S.
2129 408 2501 468 JOANNEM.

3479 401 3625 464 1458-

429 537 554 591 Ἐπὶ
575 534 669 589 τοῦ
710 529 962 606 Ἀϐραὰμ
987 530 1152 602 ἔθηκε
1190 531 1249 584 τὸ
1276 528 1573 601 γενέσθαι,
1601 528 1684 581 ὅτι
1715 529 1743 580 ὁ
1770 540 1929 593 γεγο-

2105 526 2177 578 De
2209 523 2484 577 Abraham
2523 520 2658 576 dicit
2686 521 2825 589 ﬁeri,
2859 520 2984 589 quia
3036 528 3192 574 natus
3222 529 3270 575 et
3320 520 3612 575 dissolutus

348 628 453 692 νὼς
483 626 577 681 καὶ
610 625 927 698 φθείρεται,
962 623 1056 678 ἐπὶ
1079 623 1136 677 δὲ
1162 620 1326 676 αὑτοῦ
1355 620 1415 674 τδ
1447 618 1586 689 εἰμί,
1618 619 1695 681 ὡς
1745 616 1919 679 ἀΐδιος

349 721 445 774 καὶ
476 718 745 791 κρείττων
772 717 1003 789 φθορᾶς.
1032 713 1258 788 [Citam]

953 829 1207 883 ΚΕΦΑΛ.
1249 828 1327 885 Θ’.

428 964 446 997 ι
487 946 598 999 Καὶ
633 944 927 1016 ἠρώτησαν
955 943 1118 998 αὐτὸν
1143 945 1193 997 οἱ
1237 942 1479 1014 μαθηταὶ
1510 943 1675 999 αὐτοῦ
1698 985 1712 1005 ,
1747 942 1934 1011 λέγονα

353 1055 444 1102 τες
465 1054 479 1068 ·
532 1038 745 1100 Ῥαϐϐὶ,
773 1038 858 1100 τίς
890 1038 1167 1109 ἥμαρτεν,
1203 1030 1362 1099 οὗτος
1390 1036 1423 1108 ἢ
1452 1038 1502 1089 οί
1536 1037 1715 1104 γονεῖς
1744 1033 1932 1101 αὑτοῦ,

355 1130 442 1184 ἵνα
468 1129 669 1199 τυφλὸς
702 1131 979 1201 γεννηθῇς
1010 1148 1030 1182 ι

440 1221 786 1293 Ἐσφαλμένη
822 1222 972 1276 ἐστὶν
1003 1223 1035 1292 ὴ
1067 1220 1338 1292 ἐρώτησις
1378 1218 1517 1290 αὕτη
1540 1259 1555 1283 ,
1592 1219 1717 1274 οὔτε
1756 1220 1939 1291 ἀμαρ-

356 1313 509 1367 τάνει
538 1330 624 1377 τις
655 1314 763 1385 πρὸ
786 1313 881 1367 τοῦ
911 1312 1267 1385 γεννηθῆναι,
1299 1314 1327 1365 ὁ
1357 1311 1490 1383 μηδὲ
1512 1312 1649 1375 ὅλως
1682 1309 1776 1376 ῶν,
1813 1308 1939 1365 οὔτε

358 1403 518 1467 ἄλλος
557 1405 700 1477 ὑπὲρ
729 1404 894 1458 ἄλλου
928 1407 1277 1475 τιμωρεῖται.

437 1515 457 1549 ο
489 1497 659 1551 Ὅταν
688 1499 747 1550 ὲν
780 1496 859 1568 τῷ
885 1497 1076 1567 κόσμῳ
1102 1489 1167 1560 ὦ,
1202 1494 1319 1564 φῶς
1361 1495 1478 1566 είμι
1509 1492 1604 1547 τοῦ
1633 1491 1866 1565 κόσμου.
1916 1511 1936 1545 ι

434 1674 555 1737 Φῶς
578 1673 634 1727 δὲ
672 1673 866 1728 ἑαυτὸν
903 1668 1076 1740 εἶπεν,
1105 1672 1180 1738 ὡς
1206 1672 1457 1742 φωτίζων
1484 1671 1584 1735 τὰς
1606 1670 1714 1724 τῶν
1737 1672 1944 1725 πιστῶν

2029 623 2132 678 est;
2166 614 2232 667 de
2274 612 2565 681 semetipso
2591 610 2721 666 dicit
2746 626 2883 676 sum,
2916 609 3113 680 quippe
3142 610 3232 679 qui
3270 608 3409 667 Deus
3452 620 3613 671 teter;-

2033 720 2133 761 nus
2164 714 2216 759 et
2247 704 2611 774 corruptionis
2640 716 2858 771 expers.

2712 816 2864 872 CAP.
2893 815 2985 873 1X.

2111 932 2272 989 Vens.
2300 933 2356 990 2.
2388 953 2407 986 ι
2449 934 2518 989 Ει
2548 934 3021 1001 interrogaverunt
3041 945 3163 986 eum
3187 930 3435 1000 discipuli
3459 927 3618 999 eius:

2038 1025 2232 1092 Rabbi,
2262 1027 2384 1095 quis
2415 1026 2682 1095 peccavit,
2717 1023 2807 1080 hic
2835 1031 2928 1078 aut
2956 1031 3211 1094 parentes
3238 1021 3355 1091 ejus
3381 1060 3397 1086 ,
3422 1028 3485 1075 ut
3512 1034 3620 1075 ca:-

2038 1133 2136 1173 cus
2166 1114 2519 1170 nasceretur?
2547 1133 2566 1165 ι

2113 1208 2351 1262 Erronea
2382 1216 2466 1262 est
2493 1205 2848 1275 interrogatio
2888 1204 2991 1259 ista
3017 1241 3033 1266 ,
3075 1217 3197 1257 cum
3229 1214 3389 1256 nemo
3432 1207 3624 1271 peccet

2038 1310 2326 1370 antequam
2355 1306 2519 1353 natus
2546 1297 2637 1362 sit,
2667 1312 2788 1353 cum
2823 1305 2952 1350 tunc
2980 1296 3206 1351 omnino
3232 1311 3337 1351 non
3369 1293 3620 1358 exsistat,
3696 1364 3700 1369 _

2041 1406 2222 1460 nequo
2261 1391 2403 1446 alius
2432 1403 2531 1460 pro
2561 1389 2668 1443 alio
2697 1387 2974 1458 puniatur.

2108 1482 2276 1538 Vens.
2331 1482 2386 1538 5.
2425 1500 2445 1533 ι
2501 1479 2751 1549 Quandiu
2802 1494 2921 1534 sum
2959 1480 3011 1533 in
3061 1478 3307 1546 mundo,
3344 1478 3437 1533 lux
3493 1493 3616 1534 sum

2042 1575 2252 1629 mundi.
2293 1594 2313 1628 ι

2114 1664 2315 1721 Lucem
2347 1680 2478 1722 vero
2509 1668 2862 1735 semetipsum
2896 1664 3205 1737 appellavit,
3231 1678 3296 1719 eo
3322 1663 3463 1733 quod
3497 1662 3628 1717 ηιΙο-

361 1766 563 1837 ψυχὰς,
602 1766 697 1821 καὶ
723 1767 807 1820 ὅτι
839 1766 1067 1837 ἔμελλεν
1105 1764 1318 1830 ἀνοῖξαι
1351 1764 1476 1827 τοὺς
1501 1762 1813 1834 ὀφθαλμοὺς
1851 1762 1942 1815 τοῦ

2066 1758 2176 1811 ium
2232 1758 2443 1813 animas
2480 1758 2780 1825 illuminet,
2829 1768 2882 1813 et
2930 1759 3052 1827 quia
3107 1755 3234 1811 caeci
3279 1754 3391 1809 nati
3440 1756 3627 1811 oculos

366 1863 431 1913 ὲκ
459 1860 690 1929 γενετῆς
714 1858 937 1930 τυφλοῦ.

442 1968 463 2002 ι
505 1951 692 2005 Ταῦτα
717 1950 888 2005 εἰπὼν
917 1950 1122 2004 ἐπτυσε
1159 1949 1357 2021 χαμαὶ,
1395 1949 1491 2003 καὶ
1521 1946 1746 2018 ἐποίησε
1773 1945 1946 2016 πηλὸν

367 2042 434 2094 ὲκ
462 2041 557 2095 τοῦ
582 2040 923 2112 πτύσματος,
951 2041 1046 2095 καὶ
1077 2042 1338 2113 ὲπέχρισε
1371 2039 1463 2094 τὸν
1498 2038 1672 2110 πηλὸν
1694 2037 1789 2090 ἐπὶ
1821 2036 1951 2100 τοὺς

366 2129 682 2201 ὀφθαλμοὺς
720 2129 816 2184 τοῦ
848 2130 1073 2199 τυφλοῦ.
1116 2147 1134 2182 ι

446 2240 467 2273 ι
499 2222 745 2275 Ἐπτυσε
775 2221 831 2276 δὲ
858 2222 1035 2293 χαμαὶ
1055 2220 1148 2273 καὶ
1164 2219 1387 2291 ἐποίησε
1408 2217 1579 2288 πηλὸν
1607 2217 1671 2270 ὲκ
1691 2215 1786 2269 τοῦ
1817 2214 1952 2269 πτύ-

371 2327 600 2380 σματος,
622 2311 715 2366 καὶ
744 2310 1004 2382 ἐπέχρισε
1034 2308 1126 2365 τὸν
1163 2309 1332 2379 πηλὸν
1364 2308 1456 2360 ἐπὶ
1484 2308 1610 2370 τοὺς
1636 2303 1955 2375 ὀφθαλμοὺς

371 2400 466 2455 τοῦ
497 2401 703 2472 τυφλοῦ
728 2441 743 2466 ,
776 2421 795 2455 ι
826 2401 995 2466 δεῖξαι
1033 2400 1357 2470 βουλόμενος
1399 2397 1487 2451 διὰ
1513 2396 1606 2451 τοῦ
1637 2394 1810 2466 πηλοῦ
1828 2433 1843 2459 ,
1872 2396 1955 2449 ὅτι

371 2491 536 2555 αὑτός
572 2495 721 2546 ἐστιν
750 2493 780 2545 ὁ
819 2493 913 2546 καὶ
942 2492 1033 2546 τὸν
1073 2491 1246 2562 ’Δδάμ
1275 2490 1383 2544 ἀπὸ
1414 2487 1588 2560 πηλοῦ
1619 2488 1856 2550 πλάσας.
1882 2486 1958 2540 Τὸ

374 2582 475 2651 μὲν
497 2581 605 2653 γὰρ
627 2582 825 2645 εἰπεῖν,
845 2583 927 2637 ὅτι
955 2583 1098 2651 Ἐγώ
1123 2583 1237 2653 είμι
1260 2583 1288 2635 ό
1316 2578 1475 2634 τοῦτο
1504 2581 1756 2651 ποιήσας,
1779 2578 1954 2651 πρόσ-

373 2686 533 2735 αντες
584 2673 758 2726 ἐδόκει
802 2669 943 2728 εἶναι
985 2676 1099 2737 τοῖς
1134 2671 1414 2727 ἀκούουσι.
1439 2672 1538 2726 Διά
1560 2672 1616 2725 δὲ
1655 2671 1749 2724 τοῦ
1780 2670 1944 2743 ἔργου

373 2762 721 2832 δεικνύμενος
753 2765 941 2827 τοῦτο.
989 2766 1090 2817 οὐκ
1123 2763 1205 2816 ἔτι
1242 2752 1797 2834 λοιπὺν“προσίστατο
1820 2779 1835 2792 ο
1868 2762 1960 2817 διὰ

372 2853 534 2907 τοῦτο
566 2855 665 2926 ούχ
694 2856 905 2919 ἁπλῶς,
940 2856 1055 2910 ἀλλ’
1080 2856 1274 2925 ἐκείνῳ
1308 2854 1389 2925 τῷ
1421 2853 1609 2925 τρόπῳ
1639 2854 1710 2908 τὰ
1733 2854 1960 2926 ὄμματα

373 2942 833 3017 ἐδημιούργησεν,
870 2948 971 3001 οὐκ
998 2948 1200 3001 ἔπλασε
1227 2948 1283 3001 δὲ
1317 2947 1499 3019 μόνον,
1540 2948 1663 3013 οὐδὲ
1700 2946 1959 3016 ἀνέῳξεν,

376 3034 512 3090 ἀλλά
546 3036 642 3091 καὶ
674 3040 736 3091 τὸ
787 3040 921 3109 όρᾷν
954 3040 1247 3111 ἐχαρίσατο
1271 3057 1286 3071 ·
1327 3042 1465 3110 ὅπερ
1499 3040 1805 3110 τεκμήριόν
1844 3042 1961 3095 ἐστι

377 3129 475 3181 τοῦ
516 3128 614 3183 καὶ⁵
662 3129 763 3201 τὴν
816 3130 995 3201 ψυχὴν
1050 3130 1217 3185 αὐτὸν
1270 3132 1592 3201 ἐμφυσῆσαι
1644 3130 1725 3202 τῷ
1764 3131 1959 3202 Ἀδάμ.

2047 1856 2332 1917 aperturas
2369 1857 2533 1905 esset.

2127 1937 2288 1995 Vens.
2319 1939 2373 1995 6.
2414 1959 2434 1993 ι
2476 1939 2599 1995 Haec
2626 1955 2747 1996 cum
2784 1942 3031 2005 dixisset,
3066 1938 3283 2008 exspuit
3323 1938 3376 1992 in
3404 1945 3628 2000 terram,

2052 2040 2105 2086 et
2135 2029 2265 2085 fecit
2302 2030 2474 2085 lutum
2511 2043 2579 2086 ex
2605 2040 2799 2102 sputo,
2830 2040 2887 2087 et
2916 2031 3092 2086 liuivit
3118 2028 3286 2084 lutum
3313 2043 3479 2098 super-
3505 2043 3634 2082 oeu-

2053 2123 2133 2178 los
2154 2121 2289 2190 ejus.
2310 2141 2330 2175 ι

2132 2234 2149 2268 ι
2179 2214 2407 2285 Exspuit
2451 2216 2503 2271 in
2546 2224 2771 2282 terram,
2804 2224 2860 2273 et
2904 2215 3033 2272 fecit
3056 2216 3228 2271 lutum
3259 2230 3323 2269 ex
3360 2221 3541 2280 sputo,
3580 2220 3636 2265 et

2057 2307 2235 2362 linivit
2270 2300 2445 2362 lntuni
2472 2323 2636 2378 super
2668 2309 2857 2365 oculos
2883 2310 3024 2379 ejus,
3078 2327 3098 2360 ι
3123 2308 3411 2364 ostendere
3451 2305 3639 2358 volens

2055 2415 2153 2470 per
2179 2399 2350 2453 lutum
2398 2400 2575 2470 ipsum
2610 2416 2734 2456 esse
2763 2402 2853 2469 qui
2887 2401 3159 2456 Adamnm
3200 2416 3231 2454 e
3261 2398 3374 2453 luto
3400 2396 3639 2467 plasma:

2057 2495 2155 2549 vit.
2187 2494 2426 2548 Dicendo
2458 2495 2604 2549 enim
2628 2534 2642 2559 ,
2671 2495 2781 2564 Ego
2820 2510 2938 2550 sum
2972 2494 3064 2564 qui
3112 2495 3214 2549 hoc
3259 2491 3384 2555 feci,
3427 2488 3642 2546 dilﬁcile

2059 2586 2227 2641 videri
2282 2594 2500 2655 poterat
2547 2587 2919 2642 audientibus.
2970 2586 3078 2641 Sed
3124 2600 3247 2641 cum
3296 2584 3430 2638 illud
3478 2595 3644 2651 opere

2059 2678 2483 2743 demonstraret,
2520 2678 2634 2749 jam
2687 2693 2792 2733 non
2831 2686 2951 2734 erat
3006 2676 3419 2732 contradicendi
3467 2673 3641 2730 locus.

2060 2770 2269 2827 Idcirco
2295 2785 2399 2825 non
2435 2770 2781 2840 simpliciter,
2820 2771 2915 2826 sed
2959 2769 3049 2825 illo
3084 2769 3244 2824 modo
3279 2767 3464 2822 oculos
3492 2781 3647 2821 crea—

2063 2864 2159 2927 vit,
2192 2880 2295 2919 non
2349 2863 2521 2919 solum
2553 2862 2805 2917 formavit
2836 2874 2889 2918 et
2920 2863 3171 2932 aperuit,
3204 2862 3298 2916 sed
3339 2871 3398 2913 ut
3432 2859 3649 2918 videant

2062 2967 2146 3011 est
2179 2956 2406 3025 largitus
2439 2956 2622 3027 :quod
2657 2954 3028 3010 testimonium
3062 2964 3146 3010 est
3176 2954 3371 3008 anima:
3398 2952 3447 3005 in
3475 2951 3645 3009 Adam

2064 3050 2132 3102 ab
2167 3049 2283 3117 ipso
2315 3048 2616 3118 inspirataz.
2650 3046 2742 3102 llla
2788 3047 2932 3101 enim
2980 3046 3161 3099 anima
3212 3060 3316 3105 non
3361 3053 3644 3112 operante,

2064 3143 2252 3199 oculus
2298 3142 2545 3213 quamvis
2586 3148 2733 3198 esset
2778 3141 3100 3208 instructus,
3142 3152 3248 3198 non
3296 3137 3520 3195 vidisset
3552 3152 3649 3189 uu-

389 3220 639 3293 Ἐκείνης
674 3221 778 3290 μὲν
826 3223 936 3292 γὰρ
979 3221 1054 3293 μὴ
1107 3222 1443 3293 ἐνεργούσης
1469 3262 1483 3284 ,
1513 3221 1826 3293 ὀφθαλμὸς,
1857 3223 1965 3277 κάν
1992 3233 2032 3287 C
2067 3251 2251 3306 quam,

376 3313 792 3385 ἁπηρτισμένος
822 3309 879 3387 ᾖ,
909 3315 1012 3368 οὐκ
1039 3313 1106 3368 ἂν
1137 3314 1236 3368 ίδοι
1268 3314 1399 3368 ποτέ
1430 3313 1563 3385 (15).
1591 3313 1819 3388 [Clum]

451 3441 472 3475 σ
518 3424 744 3491 Ἔλεγον
781 3421 876 3479 οὖν
923 3428 989 3479 ἐκ
1026 3427 1135 3480 τῶν
1170 3426 1486 3498 Φαρισαίων
1525 3427 1703 3491 τινές·
1744 3422 1913 3493 Οὗτος
1938 3428 1968 3482 ὁ

379 3511 669 3583 ἄνθρωπος
697 3514 801 3567 οὐκ
836 3513 956 3568 ἔστι
990 3517 1141 3588 παρὰ
1168 3515 1263 3569 τοῦ
1294 3516 1453 3584 Θεοῦ,
1484 3516 1566 3571 ὅτι
1598 3517 1660 3570 τὸ
1681 3517 1966 3573 Σάϐϐατον

383 3602 448 3655 οὐ
480 3605 660 3675 τηρεῖ.
700 3622 721 3657 ι

467 3693 556 3760 Ἐξ
580 3683 758 3767 ἄκρας
788 3695 1111 3768 ἀκριϐείας⁸
1129 3697 1190 3752 τὸ
1222 3697 1502 3753 Σάϐϐατον
1530 3698 1846 3770 προετίμων
1869 3697 1969 3768 τῆς

384 3781 535 3848 θείας
549 3783 716 3838 αὐτοῦ
739 3784 1047 3857 δυνάμεως,
1066 3787 1160 3840 καὶ
1182 3786 1634 3858 βλασφημοῦντες
1654 3788 1870 3858 ἔλεγον,
1885 3789 1968 3842 ὅτι

387 3877 510 3931 Οὐκ
524 3876 700 3932 ἐστιν
716 3872 895 3946 οὗτος
910 3879 1069 3948 παρὰ
1082 3878 1254 3946 Θεοῦ,
1268 3878 1357 3933 ὅτι
1374 3878 1680 3935 Σάϐϐατον
1692 3882 1764 3936 οὐ
1781 3880 1966 3948 τηρεῖ.

454 3989 690 4061 Χριστὸς
749 3991 849 4061 μὲν
898 3991 959 4044 ἑν
1010 3990 1278 4061 Σαϐϐάτῳ
1330 3992 1412 4045 ἑνὶ
1463 3991 1716 4063 δακτύλῳ
1762 3992 1965 4064 χρίσας

384 4081 476 4134 τὸν
517 4082 689 4152 πηλὸν
741 4082 1061 4152 ἐγκαλεῖται
1084 4122 1100 4148 ,
1134 4084 1294 4137 αὐτοὶ
1321 4083 1378 4137 δὲ
1411 4084 1508 4155 ὅλῃ
1536 4084 1685 4154 χειρὶ
1717 4083 1971 4148 λούοντες

385 4172 456 4227 τά
486 4173 606 4239 ζῶα
645 4176 739 4229 καὶ
775 4174 1086 4244 ἀπάγοντες
1138 4176 1277 4248 πρὸς
1323 4175 1616 4247 ποτισμὸν,
1665 4176 1763 4230 καὶ
1788 4175 1857 4229 τὰ
1889 4176 1971 4239 είς

387 4267 582 4339 βόθρον
611 4268 927 4338 ἐμπεσόντα
960 4269 1213 4341 πρόϐατα
1240 4269 1619 4335 ἀνασπῶντες,
1649 4269 1710 4322 οὐ
1741 4267 1969 4323 διαϐάλ-

384 4358 590 4413 λονται.
635 4357 861 4431 [ειμι]

464 4469 483 4503 ι
516 4450 710 4521 Ἡμεῖς
731 4452 961 4525 οἴδαμεν
982 4453 1066 4508 ὅτι
1088 4452 1424 4526 ὀᾶνθρωπος
1458 4447 1614 4518 οὗτος
1644 4450 1971 4524 ἁμαρτωλός

386 4541 558 4596 ἐστιν.
593 4559 612 4592 ι

463 4631 734 4703 Ἀφρονες
781 4633 831 4686 οἱ
891 4633 1133 4689 Ἰουδαῖοι
1182 4636 1277 4691 τδν
1326 4636 1424 4709 μὲν
1465 4636 1602 4691 Θεὸν
1643 4636 1969 4704 δοξάζεσθαι

390 4722 894 4795 παρακελευόμενοι
919 4723 1006 4778 διὰ
1041 4724 1103 4777 τὸ
1139 4725 1356 4797 θαῦμα,
1388 4727 1480 4781 τδν
1506 4728 1565 4782 δὲ
1617 4728 1677 4782 τὸ
1709 4728 1804 4783 τοῦ
1829 4728 1968 4782 Θεοῦ

389 4813 551 4885 ἔργον
591 4814 897 4884 ποιήσαντα
924 4816 1379 4887 κατακρίναντες.

465 4923 485 4956 ‹
526 4904 765 4976 Οίδαμεν
800 4904 857 4959 δὲ
893 4906 979 4959 ὅτι
1011 4906 1354 4977 ἁμαρτωλῶν
1383 4910 1412 4960 ὁ
1438 4908 1572 4972 Θεὸς
1600 4909 1702 4962 οὐκ
1738 4907 1926 4963 ἀκούει
1952 4927 1965 4940 ⁸

392 4995 507 5047 ἀλλ’
538 4995 635 5050 ἐάν
656 5014 742 5061 τις
779 4996 1040 5068 θεοσεϐὴς
1060 4993 1118 5072 ᾖ.
1145 4998 1240 5051 καὶ
1266 5000 1331 5051 τὸ
1366 4997 1582 5069 θέλημα
1608 4997 1776 5053 αὐτοῦ
1810 5003 1964 5073 ποιῇ,

392 5085 583 5139 τούτου
612 5087 823 5141 ἀκούει.
863 5106 882 5139 ι

464 5179 540 5231 Οὐ
570 5178 680 5251 γάρ
725 5183 751 5221 8
794 5179 1269 5252 προσωπολήπτης
1316 5182 1345 5234 ό
1383 5181 1518 5247 Θεός
1540 5198 1554 5214 ·
1607 5180 1681 5254 μὴ
1710 5181 1967 5251 γένοιτοί

395 5265 507 5320 ἀλλ’
538 5267 616 5333 ὡς
648 5270 856 5335 δίκαιος
882 5271 977 5326 καὶ
1003 5271 1230 5325 δικαίων
1262 5271 1518 5345 ἐραστὴς,
1549 5272 1638 5327 διὰ
1662 5274 1771 5326 τῶν
1797 5275 1972 5341 ἁγίων

394 5359 608 5431 ἐνεργεῖ
631 5360 702 5415 τὰ
725 5362 1003 5433 παράδοξα
1020 5404 1036 5430 ,
1067 5364 1129 5417 οὐ
1161 5362 1267 5435 μὴν
1295 5363 1383 5418 διὰ
1408 5363 1517 5417 τῶν
1538 5363 1886 5436 ἁμαρτωλῶν
1910 5367 1965 5423 ιι.

483 5555 506 5598 ¹
535 5557 629 5615 Cr.
660 5559 937 5627 ἀσεϐείας.
1010 5563 1034 5603 ⁸
1066 5560 1158 5618 Cr.
1185 5563 1283 5634 οὐχ
1314 5563 1411 5627 ὡς.

2140 3428 2302 3483 νεεδ.
2337 3427 2425 3483 16.
2459 3446 2478 3479 ‹
2516 3426 2779 3482 Dicebant
2806 3440 2935 3497 ergo
2959 3439 3021 3479 ex
3050 3421 3344 3478 Pharismis
3373 3420 3593 3492 quidem
3622 3439 3636 3476 :

2069 3519 2185 3574 Non
2216 3529 2304 3575 est
2331 3520 2420 3575 hic
2448 3522 2610 3576 homo
2637 3533 2666 3573 a
2698 3518 2831 3584 Deo,
2864 3516 2957 3587 qui
2992 3515 3293 3572 Sabbatum
3321 3528 3429 3569 non
3464 3523 3651 3569 custo-

2069 3612 2168 3667 dit.
2200 3630 2222 3663 ι

2142 3702 2218 3757 Ex
2254 3703 2423 3758 nimia
2450 3702 2670 3758 Sabbati
2688 3699 3072 3756 observatione
3108 3699 3281 3770 ipsum
3318 3697 3515 3752 divina:
3543 3699 3654 3750 vir-

2073 3792 2177 3846 tuti
2220 3792 2618 3862 pra-l'erebant,
2644 3800 2701 3846 et
2727 3790 3167 3859 hlasphemantes
3198 3787 3451 3841 dicebant
3480 3803 3495 3842 :
3531 3783 3653 3838 Non

2070 3891 2144 3936 est
2172 3880 2255 3935 hic
2283 3898 2317 3936 a
2346 3880 2474 3946 Deo,
2505 3881 2597 3952 qui
2622 3879 2915 3935 Sabbatum
2945 3894 3049 3932 non
3077 3877 3333 3932 custodit.

2142 3993 2395 4048 Christus
2425 3993 2570 4047 enim
2596 3992 2735 4060 quod
2774 3991 2826 4044 in
2875 3988 3115 4044 Sabbato
3144 3988 3314 4042 lutum
3347 4003 3454 4042 uno
3488 3986 3658 4058 digito

2073 4087 2257 4142 liniret
2290 4087 2555 4155 arguitur,
2589 4085 2689 4153 ipsi
2723 4090 2905 4137 autem
2939 4095 3060 4134 cum
3102 4079 3357 4134 animalia
3392 4080 3575 4134 lavant
3604 4090 3658 4132 et

2073 4180 2280 4236 ducunt
2323 4178 2389 4231 ad
2422 4187 2630 4247 potum,
2681 4189 2736 4231 et
2769 4175 2820 4228 iu
2863 4173 3073 4228 foveam
3124 4174 3382 4230 cadentes
3424 4173 3669 4232 educunt

2072 4285 2223 4337 oves,
2255 4269 2462 4325 nullum
2491 4279 2671 4325 tamen
2696 4267 2901 4323 crimen
2929 4268 3233 4324 incurrunt.

2150 4448 2309 4503 Vsus.
2345 4450 2435 4506 24.
2474 4468 2494 4503 ‹
2524 4450 2635 4507 Nos
2669 4450 2873 4506 scimus
2903 4442 3029 4523 iunia
3077 4449 3165 4503 hic
3190 4448 3373 4503 homo
3401 4452 3670 4516 peccator:

2004 4572 2047 4627 υ
2078 4548 2180 4594 est.
2219 4559 2237 4591 ι

2149 4631 2325 4686 Insani
2362 4632 2435 4685 illi
2466 4632 2635 4688 Judaei
2677 4632 2849 4690 Deum
2899 4633 3116 4703 quidem
3159 4628 3417 4686 honorari
3463 4628 3658 4699 jubent

2076 4738 2170 4791 per
2203 4724 2549 4788 miraculum,
2573 4740 2695 4779 eum
2729 4740 2859 4783 vero
2888 4724 2980 4795 qui
3006 4723 3100 4779 Dei
3130 4736 3269 4792 opus
3289 4720 3501 4792 perlicit
3523 4734 3657 4775 cou-

2074 4816 2429 4871 demnabant.

2152 4906 2323 4968 Vens.
2357 4907 2447 4967 5L
2484 4925 2502 4958 ι
2537 4906 2753 4963 Scimus
2792 4915 2973 4960 autem
3000 4905 3123 4975 quia
3165 4913 3478 4976 peccatores
3514 4899 3658 4954 Deus

2072 5016 2175 5052 non
2208 5000 2393 5055 audit:
2427 4999 2520 5052 sed
2548 4998 2594 5052 si
2622 4998 2744 5067 quis
2774 4995 2868 5052 Dei
2904 4997 3083 5051 cultor
3109 5003 3211 5053 est.
3234 5006 3290 5050 et
3320 4991 3656 5048 voluntatem

2076 5093 2195 5165 ejus
2229 5090 2376 5155 facit,
2407 5089 2549 5144 hunc
2578 5088 2817 5143 exaudit.
2852 5107 2872 5141 ι

2151 5181 2267 5237 Non
2294 5183 2438 5237 enim
2465 5196 2816 5250 personarum
2845 5187 3100 5249 acceptor
3131 5178 3270 5233 Deus
3295 5191 3312 5243 ;
3338 5172 3482 5237 absit
3508 5172 3527 5233 ι,
3563 5173 3661 5229 sed

2081 5285 2336 5344 tamquam
2362 5273 2543 5345 justus
2569 5288 2633 5328 ac
2654 5271 2921 5341 iustorum
2946 5280 3159 5333 amator
3190 5285 3289 5339 per
3307 5274 3530 5327 sanctos
3556 5264 3657 5319 tni-

2082 5365 2269 5421 rabilia
2294 5373 2569 5434 operatur,
2598 5379 2703 5420 non
2734 5373 2916 5425 autem
2954 5375 3050 5434 per
3078 5369 3419 5431 peccatores.

1492 5565 1519 5605 ιι
1551 5564 1641 5620 Cr.
1680 5563 2128 5637 ἁμαρτανόντων.

469 5738 583 5813 (13)
624 5736 1035 5813 lloc_scholium_
1083 5741 1226 5809 quod
1265 5752 1453 5813 catena
1487 5742 1733 5802 Cramcri
1786 5743 1976 5802 tribuit
2012 5746 2322 5813 Ammonio,
2368 5744 2503 5802 Cod.
2552 5741 2707 5801 Bodl.
2784 5756 2909 5798 vero
2956 5742 3047 5798 dat
3079 5739 3496 5812 Chrysostomo,
3541 5752 3654 5793 non

400 5809 712 5866 invenimus
745 5809 798 5865 in
830 5808 964 5881 Opp.
998 5808 1193 5881 Chrys.
1223 5811 1294 5867 cf.
1333 5828 1450 5878 VIII,
1488 5814 1554 5866 l2
