4072 6392
441 364 578 430 1459

1574 362 1911 422 ΑΜΜΟΝΙΙ
1953 359 2482 422 ALEXANDIUNI

3577 355 3721 419 1160

514 477 676 531 Docet
726 472 1035 529 credentem
1077 475 1130 527 in
1162 473 1347 529 Jesum
1374 468 1577 543 ips'um,
1605 489 1709 527 non
1754 483 1813 527 ut
1844 475 1896 528 in
1923 473 2012 528 bo-

2201 471 2457 526 Διδάσκει
2480 469 2563 522 ὅτι
2587 468 2615 521 6
2644 467 2918 522 πιστεύων
2945 469 3026 532 εἰς
3050 468 3216 523 αὑτὸν
3237 470 3332 523 τὸν
3356 470 3588 542 Ἰησοῦν,
3612 473 3717 542 οὑχ

443 570 645 625 minem
678 582 709 623 e
752 568 909 622 nobis
939 568 1187 630 credere,
1220 566 1315 621 sed
1353 554 1411 620 ut
1454 566 1508 620 in
1544 566 1711 620 Deum
1745 567 2022 621 hominem

442 663 670 717 factum.
714 658 807 716 Sic
841 661 1141 732 perfectum
1194 669 1278 715 est
1307 660 1373 716 de
1417 658 1642 717 Christo
1679 660 2021 734 mysterium.

514 865 677 923 Vsus.
705 868 795 923 59.
838 884 857 918 ι
897 865 964 920 Et
1006 866 1142 922 dixit
1181 867 1338 923 Jesus
1390 886 1403 924 :
1446 865 1505 921 In
1535 866 1801 938 judicium
1836 881 1937 939 ego
1968 868 2021 921 in

438 959 581 1015 hunc
611 961 867 1013 mundum
896 958 1039 1016 veni.
1077 976 1098 1011 ι

511 1074 577 1129 In
597 1075 873 1145 judicium
899 1076 1014 1129 veni
1038 1074 1129 1129 :id
1151 1086 1254 1140 est,
1280 1075 1346 1130 ad
1380 1074 1638 1143 majorem
1661 1074 2020 1146 punitionem.

437 1169 577 1223 Nam
626 1169 715 1237 qui
769 1170 942 1237 ipsum
992 1168 1431 1222 condemnabam
1468 1177 1728 1239 tanquam
1767 1179 2022 1238 peccato-

441 1276 578 1326 rem,
613 1260 689 1315 illi
732 1261 833 1330 ipsi
873 1269 1268 1331 ulpcccatores
1301 1260 1539 1316 damnati
1564 1268 1713 1316 sunt.

1084 1396 1239 1454 CAP.
1286 1398 1354 1454 Χ.

511 1532 673 1589 Vsus.
708 1534 760 1589 1.
805 1553 823 1587 ι
854 1535 1048 1602 Amen,
1080 1551 1238 1591 amen
1278 1537 1401 1593 dico
1435 1538 1589 1593 vobis
1620 1556 1632 1592 :
1670 1539 1763 1608 qui
1794 1554 1903 1594 non
1934 1540 2021 1593 iu-

441 1634 547 1681 lrat
571 1642 664 1695 per
689 1627 888 1683 ostium
908 1628 960 1682 in
992 1629 1134 1684 ovile
1153 1633 1359 1697 ovium,
1377 1632 1473 1687 sed
1499 1631 1740 1688 ascendit
1773 1632 2009 1686 aliunde.

437 1718 527 1773 ille
554 1718 641 1773 l'ur
672 1728 777 1788 est,
805 1730 863 1776 et
891 1719 1051 1779 latro.
1091 1739 1113 1774 ι

510 1928 622 1983 Fur
645 1939 731 1985 est
759 1931 851 2000 qui
886 1931 1147 1988 honorem
1177 1949 1282 1988 non
1321 1933 1422 2003 ipsi
1462 1934 1648 1991 datum
1681 1936 1731 1990 vi
1766 1936 2019 2007 subripit,

437 2038 599 2093 quem
639 2038 800 2080 nemo
831 2034 1012 2095 potest
1056 2026 1307 2098 accipere
1336 2042 1442 2084 non
1490 2032 1722 2086 credens
1769 2030 1822 2085 in
1858 2030 2021 2086 Chri-

436 2126 605 2171 stum.

505 2232 617 2288 Fur
672 2241 758 2289 est
809 2233 899 2303 qui
940 2250 1046 2289 non
1094 2236 1264 2292 utitur
1310 2236 1550 2309 legitima
1606 2239 2017 2311 Scripturarum

436 2327 706 2395 doctrina,
731 2329 826 2384 sed
850 2329 1009 2383 aliam
1040 2331 1352 2400 quampiam
1384 2333 1717 2405 illegitimam
1752 2335 2020 2406 spuriam-

435 2434 542 2487 que
588 2420 955 2488 amplectitur.
999 2421 1207 2479 Idcirco
1245 2423 1418 2491 dicit,
1468 2426 1687 2480 aliunde
1742 2428 1877 2480 venit
1911 2466 1927 2492 ,
1959 2435 2020 2480 ut

436 2509 662 2565 Scribas
683 2521 853 2577 notet,
876 2511 969 2581 qui
992 2512 1256 2568 docebant
1285 2514 1680 2586 praceptiones
1704 2514 2016 2581 hominum,

433 2612 488 2657 et
522 2603 694 2673 ipsam
721 2603 892 2677 legem
920 2605 1217 2663 violabant.
1334 2642 1346 2666 ι

505 2800 667 2856 Vens.
709 2803 761 2859 3.
812 2822 831 2856 ι
876 2803 1013 2861 Huic
1038 2805 1296 2862 ostiarius
1322 2807 1497 2877 aperit
1521 2846 1538 2871 ,
1572 2817 1629 2864 et
1657 2823 1790 2865 oves
1824 2825 2013 2866 vocem

434 2894 553 2964 ejus
582 2893 831 2960 audiunt,
865 2908 921 2953 et
945 2898 1194 2968 proprias
1227 2912 1359 2955 oves
1388 2907 1548 2955 vocat
1576 2903 1923 2968 nominatim,
1964 2911 2018 2959 et

432 2987 614 3041 educit
641 3001 757 3042 eas.
788 3005 809 3040 ι

503 3097 735 3164 Quando
761 3099 947 3157 ﬁdeles
975 3115 1004 3155 a
1034 3103 1220 3173 probis
1246 3103 1565 3161 doctoribus
1593 3104 1834 3161 divinam
1874 3106 2009 3163 bau-

435 3191 585 3246 riunt
615 3193 1005 3260 eruditionem,
1036 3197 1190 3265 quasi
1225 3196 1407 3252 cibum
1446 3198 1737 3267 quemdam
1770 3200 2012 3269 capiunt.

433 3282 535 3349 Qui
574 3298 705 3338 vero
732 3284 1009 3339 Christum
1050 3285 1407 3356 impostorem
1456 3297 1681 3358 vocant,
1722 3289 1791 3345 ab
1827 3293 2011 3346 ovium

429 3390 595 3445 grege
629 3384 983 3445 segregantur
1016 3386 1069 3434 et
1102 3387 1380 3435 arcenttIr.

502 3487 667 3548 Vens.
685 3489 739 3545 ι.
768 3507 788 3541 ι
820 3490 885 3545 Ει
909 3506 1030 3547 cum
1056 3494 1305 3565 proprias
1327 3510 1456 3553 oves
1481 3496 1746 3564 emiserit,
1776 3508 1902 3556 ante
1920 3514 2016 3556 eas

428 3581 581 3635 vadit
625 3594 641 3634 :
679 3589 734 3636 et
762 3595 894 3639 oves
924 3583 1073 3640 illum
1104 3597 1429 3657 sequuntur,
1458 3588 1585 3659 quia
1619 3589 1799 3646 sciunt
1825 3606 2013 3648 vocem

430 3688 565 3745 eius.
607 3694 628 3728 ι

499 3785 633 3842 Cum
688 3790 872 3844 czeteri
925 3800 1176 3861 pastores
1218 3801 1341 3862 post
1389 3807 1520 3850 oves
1568 3807 1699 3849 suas
1733 3793 2014 3852 ambulare

429 3880 660 3945 soleant,
696 3882 948 3940 Christus
975 3894 1100 3940 ante
1120 3900 1253 3942 oves
1290 3901 1417 3944 suas
1444 3887 1614 3952 vadit,
1644 3896 1705 3943 ut
1732 3888 2010 3955 ostendat,

426 3988 487 4029 se
525 3975 778 4035 omnibus
802 3979 872 4034 ad
904 3979 1188 4036 veritatem
1227 3980 1485 4038 ducatum
1514 3988 1799 4052 praestare.

498 4173 666 4231 Vnus.
701 4175 755 4234 6.
794 4195 814 4230 ι
871 4176 987 4233 Hoc
1019 4181 1368 4251 proverbium
1399 4182 1539 4238 dixit
1587 4182 1672 4239 eis
1709 4180 1892 4239 Jesus.
1930 4182 2013 4240 llli

425 4276 603 4321 autem
644 4283 749 4322 non
782 4281 1155 4339 cognoverunt
1186 4273 1313 4342 quid
1346 4273 1663 4342 loqueretur
1695 4274 1797 4329 eis.
1843 4292 1865 4326 ι

495 4358 658 4424 Deus,
686 4374 809 4414 cum
843 4362 962 4417 illos
996 4363 1162 4417 sciret
1196 4377 1302 4417 non
1338 4362 1639 4434 intelligere
1668 4377 2004 4427 sermonem,

422 4448 673 4501 eumdem
710 4448 816 4503 illis
850 4450 921 4504 ab
958 4448 1186 4505 exordio
1234 4447 1490 4519 explicat,
1524 4458 1585 4503 ut
1610 4448 1700 4502 vel
1742 4449 1822 4503 sic
1846 4462 1913 4503 ex
1945 4462 2010 4503 eo

421 4536 659 4592 fructum
690 4538 909 4594 faciant.

492 4648 659 4706 Vens.
693 4649 744 4705 7.
792 4670 812 4704 ι
848 4651 997 4707 Dixit
1030 4663 1162 4721 ergo
1197 4650 1279 4705 eis
1321 4649 1541 4714 iterum,
1570 4649 1728 4709 Jesus
1764 4653 2003 4721 :Amen,

421 4754 577 4795 amen
602 4739 729 4797 dico
754 4743 929 4807 vobis,
959 4740 1088 4809 quia
1114 4753 1217 4810 ego
1244 4755 1364 4795 sum
1400 4741 1598 4798 ostium
1626 4744 1831 4801 ovium.
1870 4764 1892 4800 ι

499 4942 712 4999 Ostium
741 4938 1105 5001 est'Cbristus
1126 4985 1141 5010 ,
1173 4954 1231 5000 ut
1258 4947 1348 5015 qui
1391 4962 1520 5003 oves
1553 4948 1815 5016 includat,
1859 4949 2007 5006 fures

428 5046 609 5093 autem
643 5044 828 5089 arceat
860 5042 916 5090 et
939 5046 1130 5106 arguat
1172 5055 1187 5092 :
1225 5037 1307 5092 vel
1340 5039 1483 5109 quod
1513 5055 1612 5110 per
1639 5041 1809 5095 solum
1847 5043 2005 5096 tidem

424 5133 478 5184 in
514 5129 689 5197 ipsum
718 5128 782 5180 ad
804 5124 1023 5183 Patrem
1071 5128 1460 5201 ingrediamur,
1493 5132 1670 5187 eidem
1713 5131 2007 5186 reddantur

422 5219 718 5276 familiares
745 5236 761 5275 :
794 5220 876 5275 vel
903 5220 1046 5291 quod
1080 5236 1175 5291 per
1210 5222 1385 5293 ipsum
1416 5223 1702 5277 veniamus
1731 5223 1798 5278 ad
1829 5238 2001 5293 popu-

421 5307 532 5363 lum
568 5306 890 5365 initiandum
922 5328 935 5365 :
964 5310 1045 5365 vel
1080 5314 1224 5382 quod
1249 5314 1444 5385 dignos
1465 5314 1683 5384 quidem
1714 5316 1767 5369 in
1790 5329 2001 5368 sacram

422 5400 603 5454 aulam
654 5400 1016 5471 intromittat,
1080 5404 1317 5475 indignis
1371 5415 1551 5461 autem
1616 5407 1819 5462 aditum
1867 5421 2004 5477 prae-

418 5494 621 5554 cludat.

496 5610 657 5667 Vens.
692 5613 746 5669 9.
785 5634 805 5667 ι
846 5615 958 5684 Ego
1006 5630 1125 5671 sum
1158 5613 1379 5671 ostium.
1410 5611 1516 5670 Per
1557 5628 1647 5671 me
1676 5616 1720 5670 si
1767 5613 1888 5684 quis
1921 5613 2002 5669 in-

498 5791 512 5818 ¹
549 5787 638 5844 Cr.
666 5788 927 5860 σημαίνῃ.

2129 571 2206 632 ὡς
2233 571 2312 632 εἰς
2342 567 2629 638 ἄνθρωπον
2663 565 2760 621 ἕνα
2786 566 2895 620 τῶν
2922 565 3048 621 καθ’
3089 567 3240 637 ἡμᾶς
3271 568 3523 622 πιστεύει
3545 611 3559 630 ,
3597 568 3720 621 ἀλλ’

2127 660 2202 724 ὡς
2239 661 2319 722 είς
2351 658 2486 712 Θεὸν
2515 657 3041 731 ὲνανθρωπήσαντα.
3078 658 3297 730 Πλῆρες
3340 660 3448 733 γὰρ
3476 660 3624 715 οὕτω
3655 663 3719 716 τὸ

2129 746 2224 801 ἐπὶ
2250 745 2471 818 Χριστῷ
2504 748 2824 820 μυστήριον.
2858 746 3085 821 [Cum]

2204 880 2223 913 ι
2274 859 2384 914 Καὶ
2428 854 2582 914 εἶπεν
2618 862 2647 915 6
2689 858 2897 932 Ἰησοῦς
2922 878 2937 892 ⁸
2979 863 3074 926 Είς
3118 865 3296 935 κρῖμα
3348 861 3461 933 ἐγὼ
3505 864 3586 928 είς
3625 865 3721 918 τὸν

2125 952 2333 1022 κόσμον
2360 952 2552 1008 τοῦτον
2575 949 2758 1025 ἦλθον.
2800 973 2821 1008 ι

2195 1072 2299 1137 Εἰς
2328 1069 2503 1139 κρῖμα
2523 1065 2744 1140 ἦλθον·
2787 1072 2910 1126 ἀντὶ
2936 1040 3033 1125 τοῦ
3055 1114 3070 1136 ,
3097 1074 3179 1135 είς
3214 1070 3440 1142 μείζονα
3463 1072 3712 1126 κόλασιν.

2125 1161 2189 1212 Oi
2226 1160 2335 1230 γάρ
2359 1161 2831 1227 καταδικάσαντες
2866 1164 3031 1218 αὐτὸν
3055 1163 3131 1227 ὡς
3170 1164 3520 1236 ἁμαρτωλὸν,
3559 1165 3719 1219 αὐτοί

2125 1250 2263 1303 εἰσιν
2287 1250 2362 1316 ὡς
2387 1251 2707 1324 ἁμαρτωλοὶ
2729 1254 3182 1327 κατακριθέντες.

2741 1393 2996 1447 ΚΕΦΑΛ.
3040 1391 3100 1447 1’.

2204 1550 2223 1581 ι
2274 1528 2469 1601 Ἀμην,
2499 1531 2650 1603 ἀμὴν
2677 1531 2821 1599 λέγω
2845 1532 2977 1601 ὑμῖν
2998 1549 3012 1563 ·
3046 1533 3075 1586 6
3104 1531 3181 1603 μὴ
3211 1532 3598 1603 εἰσερχόμενος
3620 1532 3715 1587 διὰ

2121 1625 2221 1694 τῆς
2248 1621 2419 1694 θύρας
2449 1624 2530 1686 είς
2569 1623 2668 1694 τὴν
2710 1623 2881 1694 αὐλὴν
2907 1623 3014 1677 τῶν
3046 1622 3363 1694 προϐάτων,
3398 1622 3537 1677 ἀλλὰ
3576 1625 3714 1677 ἀνα·

2052 1702 2095 1757 Β
2124 1715 2325 1769 ϐαίνων
2376 1715 2675 1787 ἀλλαχόθεν
2700 1756 2716 1783 ,
2749 1717 2962 1782 ἐκεῖνος
3009 1715 3253 1787 κλέπτης
3297 1715 3417 1768 ἐστὶ
3459 1715 3554 1769 καὶ
3611 1713 3708 1789 λῃ-

2126 1807 2282 1877 στής.
2321 1824 2340 1858 ι

2193 1920 2452 1993 Κλέπτης
2480 1922 2631 1975 ἐστὶν
2651 1923 2680 1976 6
2706 1922 2772 1975 ἐκ
2799 1920 2920 1990 βίας
2949 1920 3048 1993 τὴν
3075 1920 3152 1993 μὴ
3175 1920 3429 1976 δοθεῖσαν
3457 1920 3611 1993 αὑτῷ
3638 1938 3718 1975 τι-

2126 2015 2236 2087 μὴν
2270 2014 2634 2087 ύφαρπάζων,
2675 2015 2743 2087 ἠν
2769 2015 2834 2069 οὐ
2864 2014 3091 2069 δύναται
3120 2013 3309 2069 λαϐεῖν
3328 2054 3344 2081 ,
3377 2017 3426 2070 εί
3456 2016 3532 2087 μὴ
3558 2017 3589 2069 6
3630 2018 3715 2079 είς

2121 2106 2357 2178 Χριστὸν
2388 2107 2679 2161 πιστεύων.
2715 2106 2941 2180 [Cum]

2192 2220 2453 2292 κλέπτης
2511 2219 2661 2273 ἐστὶν
2700 2222 2729 2274 6
2779 2219 2855 2291 μὴ
2901 2222 2966 2293 τῇ
3018 2221 3391 2294 νενομισμένῃ
3442 2220 3550 2276 ἀπὸ
3599 2220 3714 2275 τῶν

2121 2312 2356 2385 Γραφῶν
2400 2311 2686 2384 χρώμενος
2714 2311 3035 2385 διδασκαλίᾳ
3060 2353 3075 2379 ,
3121 2314 3259 2368 ἀλλὰ
3298 2315 3367 2367 δι’
3404 2314 3600 2386 ἐτέρας
3634 2315 3712 2385 μὴ

2120 2402 2519 2474 νενομισμένης
2535 2402 2851 2475 ἐρχόμενος.
2868 2403 2958 2456 Διδ
2976 2405 3072 2458 καὶ
3093 2398 3214 2458 εἷπε
3235 2404 3316 2471 τὸ,
3339 2405 3710 2474 ἀλλαχόθεν,

2120 2493 2210 2549 ἵνα
2231 2495 2327 2548 καὶ
2353 2495 2477 2558 τοὺς
2496 2494 2852 2565 Γραμματεῖς
2881 2496 3106 2567 σημάνῃ
3138 2497 3183 2560 ί,
3203 2499 3332 2561 τοὺς
3355 2496 3715 2562 διδάσκοντας

2119 2588 2188 2643 τὰ
2234 2587 2550 2658 ἐντάλματα
2584 2586 2697 2642 τῶν
2731 2588 3078 2661 ἀνθρώπων,
3118 2589 3216 2643 καὶ
3261 2587 3715 2661 παραϐαίνοντας

2119 2677 2210 2733 τὸν
2235 2678 2419 2749 νόμον.

2196 2814 2217 2848 ι
2255 2794 2445 2866 Τούτῳ
2470 2795 2499 2849 6
2525 2795 2776 2867 θυρωρὸς
2803 2795 3015 2865 ἀνοίγει
3037 2835 3053 2862 ,
3094 2796 3190 2850 καὶ
3212 2798 3281 2851 τὰ
3314 2797 3572 2870 πρόϐατα
3609 2799 3713 2868 τῆς

2120 2887 2309 2959 φωνῆς
2356 2887 2522 2942 αὑτοῦ
2565 2889 2791 2953 ἀκούει,
2835 2889 2932 2943 καὶ
2975 2890 3044 2945 τά
3101 2889 3210 2943 ἴδια
3261 2889 3514 2961 πρόϐατα
3556 2891 3714 2945 καλεί

2120 2983 2243 3037 κατ’
2273 2981 2445 3053 ὖνομα
2466 3022 2482 3050 ,
2506 2981 2604 3036 καὶ
2641 2981 2831 3051 ἐξάγει
2858 2981 3021 3037 αὑτά.
3054 2999 3074 3033 ι

2192 3094 2364 3150 Ὅταν
2402 3096 2712 3151 ἀκούσωσιν
2747 3096 2798 3150 oi
2836 3095 3021 3150 πιστοὶ
3042 3137 3057 3163 ,
3089 3096 3246 3169 παρὰ
3288 3095 3400 3151 τῶν
3425 3095 3589 3167 ὀρθῶν
3607 3095 3694 3148 δι-

2117 3181 2439 3248 δασκάλων,
2478 3182 2548 3236 τά
2587 3182 2709 3237 θεῖα
2751 3182 3000 3254 δόγματα
3059 3184 3171 3239 τῶν
3200 3184 3460 3261 Γραφῶν,
3509 3183 3700 3254 ὥσπερ

2117 3275 2241 3330 τινὰ
2277 3274 2488 3347 τροφὴν
2517 3275 2787 3346 δέχονται.
2837 3277 2996 3330 Ὅσοι
3029 3276 3086 3331 δὲ
3112 3277 3317 3333 πλάνον
3347 3276 3574 3332 καλοῦσι
3611 3277 3709 3333 τδν

2119 3366 2377 3439 Χριστὸν,
2409 3366 2512 3438 τῆς
2537 3367 2647 3421 τῶν
2682 3367 2973 3439 προϐάτων
3011 3368 3377 3442 ἐκϐέϐληνται
3403 3368 3639 3435 τάξεως.

2195 3499 2215 3534 ι
2251 3480 2363 3535 Καὶ
2393 3480 2523 3535 ὅταν
2546 3481 2616 3536 τὰ
2659 3481 2767 3536 ι’δια
2810 3481 3065 3554 πρόϐατα
3100 3481 3311 3555 ἐκϐάλῃ
3336 3520 3352 3544 ,
3391 3482 3714 3554 ἔμπροσθεν

2117 3569 2299 3627 αὐτῶν
2330 3571 2661 3643 πορεύεται,
2690 3573 2786 3626 καὶ
2806 3575 2875 3629 τὰ
2915 3572 3169 3643 πρόϐατα
3212 3571 3362 3644 αὐτῷ
3395 3572 3712 3640 ἀκολουθεῖ,

2117 3664 2202 3719 ὅτι
2230 3664 2404 3719 οἴδασι
2427 3665 2527 3736 τὴν
2560 3665 2748 3738 φωνὴν
2785 3664 2975 3720 αὐτοῦ.
3007 3685 3027 3719 ι

2184 3779 2346 3845 Ἐθος
2371 3780 2606 3852 ἐχόντων
2629 3779 2738 3835 τῶν
2766 3780 3041 3851 ποιμένων
3068 3780 3246 3835 όπίσω
3274 3779 3383 3835 τῶν
3406 3779 3712 3848 προϐάτων

2118 3876 2464 3943 περιπατεῖν,
2497 3872 2807 3945 εμπροσθεν
2827 3873 2938 3927 τῶν
2969 3874 3259 3945 προϐάτων
3282 3867 3438 3937 οὗτος
3464 3888 3714 3943 περιπα-

2115 3967 2202 4021 τεῖ
2227 4005 2244 4032 ,
2281 3966 2498 4032 δεικνὺς
2526 4008 2542 4036 ,
2581 3968 2665 4022 ὃτι
2705 3966 2869 4032 αὐτὸς
2919 3966 3109 4037 ὁδηγεί
3151 3965 3363 4031 πάντας
3409 3965 3550 4037 πρὸς
3604 3964 3715 4037 τὴν

2117 4058 2405 4132 ἀλήθειαν.
3115 4078 3119 4083 α

2194 4190 2214 4224 ι
2258 4173 2481 4244 Ταύτην
2520 4172 2623 4244 τὴν
2662 4150 2970 4244 παροιμίαν
3002 4165 3158 4224 εἶπεν
3184 4168 3372 4232 αὐτοῖς
3399 4169 3428 4223 6
3471 4166 3711 4237 Ἰησοῦς.

2128 4265 2359 4320 Ἐκεῖνοι
2386 4265 2431 4319 δ’
2463 4266 2564 4319 οὐκ
2588 4264 2837 4333 ἔγνωσαν
2863 4264 2987 4319 τίνα
3017 4259 3085 4336 ἦν
3110 4263 3149 4318 ἃ.
3175 4262 3359 4317 ἐλάλει
3399 4260 3605 4322 αὐτοῖς.
3656 4277 3676 4310 a

2197 4360 2257 4415 '0
2285 4360 2420 4424 Θεὸς
2450 4360 2613 4429 γνοὺς
2645 4360 2723 4431 μὴ
2758 4360 3061 4431 νοήσαντας
3093 4357 3294 4420 αὐτοὺς
3313 4397 3327 4418 .
3360 4353 3569 4409 ἄνωθεν
3601 4354 3712 4405 αὐ-

2118 4455 2231 4518 τοῖς
2273 4452 2562 4525 σαφηνίζει
2608 4453 2702 4507 τὸν
2741 4452 2936 4523 λόγον,
2971 4451 3060 4505 ἵνα
3113 4451 3226 4506 κᾶν
3271 4447 3451 4512 οὕτως
3475 4444 3710 4518 ὡφεληο

2119 4544 2305 4599 θῶσιν.

2194 4678 2212 4711 ι
2270 4652 2439 4712 Εἶπεν
2485 4652 2579 4710 οὖν
2640 4654 2806 4709 πάλιν
2855 4653 3042 4717 αὐτοῖς
3092 4653 3122 4705 6
3184 4648 3396 4722 Ἰησοῦς
3422 4664 3436 4680 ⁸
3503 4645 3711 4719 Ἀμὴν,

2118 4751 2265 4823 ἀμὴν
2309 4749 2455 4819 λέγω
2488 4749 2639 4820 ὑμῖν,
2685 4748 2768 4801 ὅτι
2812 4744 2923 4816 ἐγώ
2953 4747 3069 4816 είμι
3107 4744 3141 4815 ὴ
3172 4742 3315 4814 θύρα
3352 4740 3462 4796 τῶν
3494 4739 3713 4811 προϐά-

2116 4860 2249 4899 των.
2288 4860 2307 4894 ι

2187 4955 2341 5026 Θύρα
2368 4953 2516 5007 ἐστὶν
2544 4953 2572 5005 6
2599 4950 2855 5025 Χριστὸς,
2893 4950 2969 5014 ὡς
2995 4948 3303 5004 ἀποκλείων
3327 4946 3398 5001 τὰ
3428 4943 3709 5017 πρόϐατα,

2112 5047 2242 5109 τοὺς
2283 5045 2338 5098 δὲ
2374 5045 2617 5108 κλέπτας
2659 5043 2942 5113 ἀπείργων
2976 5041 3073 5095 καὶ
3110 5040 3386 5111 ἐλέγχωνο
3442 5038 3565 5109 ἢτοι
3617 5038 3711 5090 ὅτι

2112 5136 2201 5190 διὰ
2234 5133 2401 5205 μόνης
2437 5133 2538 5203 τῆς
2569 5133 2648 5196 είς
2691 5131 2857 5184 αὐτὸν
2886 5129 3123 5193 πίστεως
3156 5126 3525 5199 εἰσερχόμεθα
3560 5124 3709 5192 πρὸς

2110 5230 2202 5283 τὸν
2233 5225 2451 5297 Πατέρα
2471 5266 2487 5292 ,
2521 5224 2616 5279 καὶ
2648 5221 3006 5292 οἰκειούμεθα
3035 5220 3218 5294 αὐτῷ·
3257 5220 3292 5292 ἢ
3318 5220 3401 5273 ὅτι
3430 5218 3501 5272 δι’
3524 5216 3707 5270 αὐτοῦ

2110 5319 2384 5393 ἐρχόμεθα
2419 5321 2500 5383 είς
2538 5317 2601 5371 τὸ
2643 5315 2918 5391 κατάρξαι
2962 5304 3108 5371 λαῶν
3131 5331 3145 5343 ·
3185 5314 3219 5386 ἦ
3249 5315 3334 5368 ὅτι
3358 5312 3484 5375 τοὺς
3513 5308 3708 5374 ἀξίους

2110 5409 2411 5479 εἰσδέχεται
2443 5410 2524 5472 είς
2556 5408 2652 5479 τὴν
2674 5407 2827 5479 ἱερὰν
2848 5406 3041 5479 αὐλὴν,
3065 5408 3179 5470 τοῖς
3206 5406 3266 5459 δὲ
3292 5401 3532 5467 ἀναξίοις
3566 5400 3711 5454 ἀπο-

2106 5497 2283 5556 κλείει
2312 5497 2411 5571 τὴν
2440 5499 2671 5555 εἴσοδον.

2185 5634 2205 5668 ι
2256 5614 2399 5684 Ἐγώ
2432 5616 2550 5687 εἰμι
2595 5612 2821 5687 ήθύρα.
2867 5613 2946 5668 Δι’
2994 5612 3131 5685 ἐμοῦ
3179 5611 3279 5666 ἐάν
3324 5625 3409 5673 τις
3438 5604 3703 5682 εἰσέλθῃ,
