4072 6414
395 352 523 417 iiﬁl

1432 353 1898 413 FRAGMENTA
1946 353 2029 413 IN
2066 353 2124 412 S.
2165 353 2539 415 JOANNEM.

3527 352 3675 419 1162‘

392 467 732 537 σωθήσεταιο
766 465 861 520 καὶ
894 461 1265 518 εἰσελεύσεται
1288 502 1301 528 ,
1337 467 1432 516 καὶ
1463 461 1809 527 ἐξελεύσεται
1831 502 1847 529 ,
1881 459 1963 515 ml

2081 459 2311 526 troierit,
2340 461 2639 516 salvabitur
2665 475 2680 514 :
2710 468 2765 516 et
2793 460 3151 530 ingredietur,
3181 471 3234 516 et
3250 462 3582 533 egredietur,
3607 476 3662 519 et

389 557 560 628 νομὴν
588 557 834 627 εὑρήσει.
869 573 889 607 ι
983 610 991 616 ,

461 651 523 702 Οἱ
555 647 775 712 πιστοὶ,
808 648 885 710 ὡς
934 646 1022 700 διὰ
1054 644 1226 717 θύρας
1255 686 1268 710 ,
1316 646 1407 700 διὰ
1445 641 1687 717 Χριστοῦ
1739 644 1820 708 εἰς
1871 642 1973 714 τὴν

387 740 605 794 αἰώνιον
640 739 783 812 ζωὴν
807 740 1301 813 παραπέμπονται.

456 831 617 903 Νομή
647 833 761 884 ἐστι
798 831 869 884 τὰ
903 833 1020 884 θεῖα
1049 829 1381 901 διδάγματα,
1416 821 1491 885 ὧν
1523 828 1896 890 ἀπολαύουσιν
1923 830 1973 881 οι

388 923 592 977 πιστοί.
630 922 782 996 Θύρα
814 923 965 977 ἐστὶν
994 923 1022 976 6
1062 921 1157 976 τοῦ
1193 921 1329 976 Θεοῦ
1376 922 1550 989 Λόγος
1573 964 1587 986 ,
1623 920 1864 989 εἰσάγων
1894 919 1976 983 εἰς

385 1013 744 1082 θεογνωσίαν,
780 1015 877 1068 καὶ
904 1014 955 1067 oi
1001 1012 1069 1068 δι’
1125 1013 1296 1068 αὐτοῦ
1327 1012 1665 1076 εἰσελθόντες
1686 1051 1700 1076 ,
1737 1009 1844 1077 ἔξω
1877 1009 1971 1064 τοῦ

385 1104 593 1174 κόσμου
620 1105 884 1171 γίνονται.

463 1213 481 1245 ι
527 1194 587 1248 '0
613 1195 886 1264 μισθωτὸς
911 1194 990 1261 δὲ,
1025 1195 1119 1248 καὶ
1149 1194 1251 1248 οὐκ
1278 1192 1354 1246 ὢν
1383 1192 1612 1265 ποιμὴν,
1646 1184 1708 1247 οὗ
1731 1191 1831 1245 ούκ
1865 1190 1974 1244 εἰσὶ

384 1287 453 1340 τά
485 1287 740 1360 πρόϐατα
784 1286 912 1354 fata,
951 1288 1152 1359 Θεωρεῖ
1184 1286 1274 1339 τὸν
1323 1284 1487 1339 λύκον
1516 1284 1832 1355 ἐρχόμενον,
1874 1283 1972 1336 καὶ

384 1381 579 1450 ἀφίησι
610 1378 679 1433 τὰ
702 1379 974 1450 πρόϐατα,
1009 1380 1103 1434 καὶ
1137 1378 1372 1450 φεύγει·
1407 1378 1503 1431 καὶ
1543 1379 1571 1430 6
1594 1375 1757 1440 λύκος
1783 1376 1970 1447 ἀρπά-

384 1469 466 1535 Cat
492 1469 633 1523 αὐτὰ
654 1509 668 1534 ,
697 1470 790 1523 καὶ
824 1467 1110 1541 σκορπίζει
1138 1471 1207 1523 τὰ
1245 1468 1517 1539 πρόϐατα.
1561 1485 1582 1521 ι

450 1585 740 1639 Μισθωτὸν
769 1583 1079 1653 ἀμελοῦντα.
1100 1563 1211 1637 etii-ti
1240 1583 1552 1655 προϐάτων,
1590 1582 1824 1635 ἕκαστον
1857 1580 1967 1634 τῶν

387 1678 664 1748 ἀρχόντων
701 1675 795 1729 τοῦ
823 1675 955 1729 λαοῦ
989 1672 1287 1745 ὀνομάζει,
1333 1673 1524 1746 ἐπειδὴ
1559 1672 1714 1727 οὐδὲν
1748 1673 1968 1726 ἐποίουν

384 1771 464 1831 εἰς
477 1769 742 1837 ὠφέλειαν
762 1769 870 1821 τῶν
898 1766 1067 1832 λαῶν,
1092 1766 1207 1820 ἀλλ’
1235 1765 1310 1830 ὡς
1334 1766 1605 1839 ἀλλότριοι
1635 1766 1963 1836 ἀπέσχηντο.
2001 1801 2044 1857 Β

383 1862 458 1915 Οὐ
506 1862 616 1931 γὰρ
646 1858 786 1933 ἦσαν
835 1860 1018 1916 αὐτῶν
1053 1860 1162 1914 ἴδια
1188 1898 1203 1923 ,
1250 1859 1331 1912 διὸ
1368 1859 1490 1912 οὐδὲ
1535 1858 1762 1929 ἤχθοντο
1809 1860 1867 1912 ὲν
1899 1862 1964 1930 τῇ

383 1954 631 2026 ἀπωλείᾳ
659 1953 863 2008 αὐτῶν.
896 1951 1072 2006 Τοῦτο
1108 1952 1160 2004 οἱ
1190 1950 1454 2023 μισθωτοὶ
1486 1948 1753 2016 ποιοῦσιν,
1804 1951 1970 2015 αὐτὸς

377 2043 434 2096 δὲ
481 2044 792 2098 τούναντίον
820 2060 834 2074 ·
865 2044 954 2097 ὅτε
1001 2041 1113 2113 γὰρ
1161 2039 1494 2112 συνελήφθη,
1529 2037 1715 2095 εἶπεν·
1751 2042 1969 2110 "Agere

378 2136 631 2201 τούτους
660 2135 937 2204 ὑπάγειν.
970 2135 1127 2187 Ἔστι
1155 2134 1253 2188 καὶ
1280 2127 1383 2187 ὧδε
1416 2133 1610 2203 νοῆσαι
1647 2133 1740 2187 τὸν
1776 2135 1968 2205 νοητὸν

378 2225 541 2279 λύκον
591 2224 683 2279 τὸν
729 2226 976 2280 διάϐολον
1002 2242 1015 2257 ο
1058 2226 1153 2279 καὶ
1201 2224 1309 2297 γὰρ
1357 2224 1482 2278 οὔτε
1516 2225 1726 2280 ἐκεῖνον
1781 2226 1969 2281 εἴασεν

382 2316 674 2371 ἐπελθόντα
704 2318 951 2389 ἁρπάσαι
1000 2318 1068 2371 τὰ
1113 2318 1386 2387 πρόϐατα.
1445 2317 1535 2386 Ἐξ
1566 2311 1641 2372 ὧν
1681 2318 1740 2371 δὲ
1783 2319 1965 2391 τίθησι

378 2410 472 2481 τὴν
514 2410 712 2464 ἑαυτοῦ
752 2411 931 2483 ψυχὴν
979 2411 1067 2464 ἵνα
1099 2409 1353 2475 σωθῶσι,
1397 2414 1716 2482 συνίστησιν
1770 2412 1966 2465 ἑαυτὸν

374 2501 504 2554 ὄντα
537 2503 773 2574 ποιμένα
801 2502 986 2569 καλὸν,
1016 2502 1110 2557 καὶ
1129 2504 1190 2557 ού
1219 2501 1421 2557 πλάνον
1439 2521 1454 2535 ·
1480 2504 1822 2578 προσήνεγκε
1856 2504 1966 2577 γὰρ

376 2596 575 2649 ἑαυτὸν
607 2597 749 2669 ὑπὲρ
783 2597 1042 2652 ἁπάντων
1067 2596 1287 2668 λύτρον.

453 2795 471 2825 ι
515 2772 716 2836 Καθὼς
750 2774 1014 2841 γινώσκει
1050 2789 1121 2840 με
1164 2775 1193 2826 6
1250 2774 1440 2845 Πατὴρ
1467 2812 1482 2838 ,
1516 2772 1674 2842 κάγὼ
1706 2773 1962 2844 γινώσκω

374 2865 466 2918 τὸν
503 2864 755 2935 Πατέρα·
795 2866 890 2917 καὶ
924 2864 1022 2934 τὴν
1065 2863 1247 2935 ψυχήν
1281 2881 1382 2935 μου
1436 2865 1631 2939 τίθημι
1666 2866 1807 2938 ὑπὲρ
1851 2866 1961 2919 τῶν

375 2955 684 3026 προϐάτων.
728 2973 747 3006 ι

444 3045 630 3099 Εἰπὼν
664 3047 726 3099 τὸ
754 3047 982 3116 τίθημι,
1022 3045 1224 3113 ἔδειξεν
1265 3049 1355 3102 ὅτι
1386 3046 1528 3101 ἑκὼν
1553 3045 1724 3102 ἔπαθε
1749 3066 1763 3081 ο
1793 3049 1854 3103 τὸ
1879 3048 1955 3116 δὲ,

2081 565 2278 620 pascua
2311 553 2569 607 inveniet.
2611 572 2629 604 ι

2149 642 2360 697 Fideles
2396 659 2493 713 per
2527 643 2802 698 Christum
2827 684 2841 710 ,
2879 655 3136 717 tanquam
3189 660 3285 716 per
3322 649 3520 703 ostium
3550 688 3566 714 ,
3608 648 3671 704 in

2078 736 2241 790 vitam
2269 746 2527 790 aeternam
2564 738 3027 792 intromittuntur.

2150 827 2355 883 Pascua
2388 838 2514 882 sunt
2559 829 2756 883 divinae
2807 829 3161 897 eruditioues,
3212 832 3409 901 quibus
3465 832 3653 888 ﬁdeles

2077 918 2448 988 perfruuntur.
2489 919 2699 975 Ostium
2727 931 2808 977 est
2843 920 2936 976 Dei
2984 920 3217 976 Verbum
3245 923 3388 992 quod
3420 925 3487 979 ad
3515 925 3656 980 divi-

2076 1025 2201 1063 nam
2222 1010 2401 1065 evehit
2423 1013 2815 1082 cognitionem,
2836 1013 3037 1084 quique
3062 1028 3157 1084 per
3182 1013 3313 1070 illud
3341 1016 3656 1085 ingrediun-

2079 1111 2187 1165 tur,
2215 1101 2461 1156 extranei
2500 1103 2699 1156 mundo
2735 1103 2892 1158 ﬂuut.
3040 1172 3049 1179 ρ

2148 1193 2311 1248 Vsus.
2346 1195 2430 1249 12.
2472 1212 2491 1246 ι
2536 1195 2908 1251 Mercenarius
2937 1205 3152 1261 autem,
3192 1205 3249 1253 et
3279 1199 3370 1268 qui
3424 1214 3530 1254 non
3565 1208 3644 1254 est

2073 1298 2276 1355 pastor,
2309 1286 2465 1357 cujus
2507 1303 2610 1340 non
2655 1297 2782 1342 sunt
2810 1304 2942 1345 oves
2976 1292 3210 1360 propriae
3233 1329 3249 1354 ,
3286 1290 3432 1344 videt
3464 1290 3646 1360 lupum

2073 1380 2399 1446 venientem,
2435 1388 2486 1434 et
2521 1381 2742 1435 dimittit
2776 1396 2905 1436 oves
2928 1420 2944 1447 ,
2982 1392 3037 1437 et
3067 1379 3204 1454 fugit
3242 1398 3256 1436 :
3285 1393 3340 1438 et
3371 1383 3530 1453 lupus
3566 1398 3653 1437 ra-

2072 1471 2173 1540 pit,
2198 1483 2251 1525 et
2279 1471 2545 1541 diSpcrgit
2571 1487 2720 1530 oves.
2760 1491 2780 1525 ι

2141 1582 2539 1638 Merceuarium
2566 1600 2696 1639 oves
2728 1584 3086 1654 negligentem
3109 1624 3123 1650 ,
3161 1598 3319 1641 vocat
3345 1587 3644 1657 quemlibet

2071 1675 2252 1745 populi
2277 1676 2599 1745 principem,
2621 1678 2764 1746 quod
2792 1678 2924 1732 nihil
2946 1695 3010 1732 ex
3039 1679 3215 1747 populi
3254 1679 3487 1734 utilitate
3514 1697 3640 1750 ges-

2073 1769 2290 1831 sissent,
2316 1769 2409 1821 sed
2435 1778 2689 1836 tanquam
2718 1770 2878 1825 alieni
2914 1773 3290 1827 recessissent.
3331 1771 3466 1837 Quia
3493 1775 3640 1828 enim

2075 1875 2177 1911 non
2197 1870 2355 1912 erant
2378 1859 2589 1914 illorum
2619 1863 2854 1930 propria,
2881 1877 3053 1932 neque
3074 1879 3261 1918 eorum
3287 1865 3641 1933 perditionem

2072 1969 2398 2023 magnopere
2436 1954 2708 2010 dolebant.
2744 1955 2846 2008 ilic
2868 1956 3224 2011 mercenariis
3258 1972 3388 2011 usus
3423 1965 3527 2023 est,
3557 1957 3636 2010 illi

2072 2054 2254 2098 autem
2291 2045 2514 2099 omnino
2549 2045 2861 2100 contrarius
2901 2063 2915 2099 :
2966 2047 3181 2114 quando
3212 2046 3357 2100 enim
3395 2061 3643 2115 compre-

2072 2137 2432 2202 hendehatur,
2465 2137 2667 2199 aiebat,
2694 2135 2868 2191 Sinite
2886 2138 2980 2191 Iros
3002 2138 3150 2190 abire
3172 2138 3239 2192 ".
3262 2136 3445 2193 Liceat
3474 2148 3530 2193 et
3553 2139 3642 2193 hic:

2070 2229 2372 2301 intelligere
2401 2229 2697 2298 spiritalem
2732 2229 2938 2298 lupum,
2970 2229 3241 2284 diabolum
3271 2247 3286 2285 :
3320 2231 3517 2285 etenim
3550 2247 3649 2288 nec

2070 2321 2214 2376 hunc
2254 2320 2583 2376 insilientem
2612 2336 2743 2376 oves
2770 2335 2959 2390 rapere
2999 2322 3268 2389 permisit.
3303 2322 3375 2376 Ex
3416 2337 3523 2391 quo
3546 2340 3647 2376 au-

2071 2423 2178 2467 tem
2210 2412 2445 2467 animam
2475 2427 2627 2467 suam
2656 2425 2752 2481 pro
2775 2410 2956 2464 ovium
2993 2411 3167 2465 salute
3197 2411 3467 2479 exposuit,
3492 2426 3646 2466 com-

2070 2505 2314 2571 probavit
2331 2519 2389 2558 se
2410 2518 2537 2558 vere
2563 2502 2761 2556 bonum
2792 2512 3065 2570 pastorem
3090 2511 3259 2556 etnon
3281 2504 3634 2572 impostorem

2068 2610 2211 2648 esse.
2258 2591 2507 2647 Tradidit
2556 2592 2699 2646 enim
2749 2590 3098 2661 semetipsum
3136 2606 3232 2658 pro
3269 2593 3642 2663 redemptione

2068 2684 2333 2739 omnium.

2141 2774 2305 2832 Vsus.
2332 2774 2418 2831 15.
2454 2793 2473 2827 ι
2511 2772 2665 2831 Sicut
2692 2774 2840 2830 novit
2872 2788 2958 2828 me
2987 2770 3170 2836 Pater,
3202 2781 3255 2826 et
3276 2787 3375 2843 ego
3408 2788 3646 2842 agnosco

2068 2866 2282 2921 Patrem
2348 2883 2364 2919 :
2424 2873 2480 2920 et
2548 2866 2784 2919 animam
2850 2876 3025 2917 meam
3085 2878 3228 2934 pono
3287 2878 3384 2933 pro
3450 2864 3649 2919 ovibus

2068 2973 2220 3013 mets.
2260 2975 2281 3011 ι

2135 3049 2268 3105 Cum
2302 3049 2436 3104 dixit
2468 3063 2605 3118 pono
2633 3090 2648 3115 ,
2700 3047 2939 3102 ostendit
2969 3061 3028 3100 se
3062 3050 3258 3114 sponte
3302 3059 3365 3100 ac
3395 3055 3643 3115 prompte

371 3140 467 3195 δεῖ
490 3140 759 3211 ἀγαγεῖν,
787 3141 888 3194 οὐκ
916 3139 1066 3195 ἔστιν
1098 3142 1367 3213 ἀνάγκης,
1404 3141 1544 3198 ἀλλὰ
1564 3141 1659 3197 τοῦ
1686 3144 1951 3216 ἐσομένου

2065 3139 2191 3212 pati.
2217 3137 2351 3193 Illud
2372 3149 2549 3194 autem
2571 3179 2586 3203 ,
2612 3146 2811 3207 oportet
2849 3154 2929 3190 me
2956 3137 3244 3198 adducere.
3274 3153 3379 3191 non
3407 3138 3646 3193 necessi-

368 3233 691 3303 δηλωτικόν.

449 3362 468 3395 ι
523 3343 634 3397 Καὶ
668 3342 804 3397 ἄλλα
853 3340 1104 3414 πρόϐατα
1134 3340 1275 3413 έχων
1347 3341 1384 3397 ἃ
1431 3342 1533 3397 οὐκ
1567 3341 1715 3398 ἔστιν
1749 3344 1815 3399 ὲκ
1860 3345 1962 3417 τῆς

372 3422 548 3504 αὐλῆς
571 3434 801 3505 ταύτης.
841 3453 859 3486 ι

441 3523 614 3578 Τοῦτο
642 3521 762 3579 εἷπε
793 3525 883 3579 διά
911 3527 1041 3590 τοὺς
1069 3525 1514 3598 ἀπιστήσαντας·
1551 3526 1613 3580 οὐ
1636 3526 1747 3597 γάρ
1779 3526 1957 3582 πάντα

369 3617 439 3669 τὰ
469 3617 721 3687 πρόϐατα
763 3618 1002 3689 ἤκουσαν
1033 3616 1200 3673 αὑτοῦ
1227 3658 1243 3683 ,
1276 3618 1415 3673 ἀλλά
1443 3618 1514 3673 τά
1543 3619 1861 3689 γνωσθέντα
1896 3620 1954 3688 ἐξ

369 3710 557 3777 αὑτοῦ,
589 3712 686 3765 καὶ
712 3712 911 3780 γνόντα
946 3712 1131 3767 αὐτόν.
1166 3712 1378 3776 Πάντες
1420 3711 1522 3784 μέν
1550 3714 1659 3767 εἱσι
1682 3712 1953 3785 πρόϐατα,

370 3804 510 3874 πλὴν
549 3804 637 3857 διὰ
676 3804 737 3857 τὸ
778 3804 876 3874 τῆς
905 3804 1134 3877 γνώμης
1174 3805 1434 3876 διάφορον
1474 3804 1623 3875 λέγει
1648 3847 1663 3872 ,
1694 3806 1771 3877 μὴ
1812 3803 1956 3861 εἶναι

368 3895 511 3947 αὖτά
536 3897 600 3948 ἐκ
621 3895 718 3967 τῆς
744 3895 913 3966 αὐλῆς
937 3895 1175 3967 ταύτης,
1214 3898 1242 3950 ὃ
1285 3897 1405 3949 ἐστι
1434 3895 1530 3950 τοῦ
1573 3897 1806 3967 κόσμου.
1840 3898 1956 3950 Καὶ

366 3987 661 4052 δείκνυσιν,
700 3989 785 4041 ὅτι
821 3986 931 4041 τῶν
969 3988 1284 4060 Φαρισαίων
1317 3989 1757 4061 ἐκϐαλλομένων,
1790 3990 1954 4056 αὐτὸς

368 4077 594 4148 ἔμελλεν
623 4074 699 4142 ὡς
743 4077 877 4143 Θεὸς
912 4078 1074 4150 ἄρξαι
1104 4079 1213 4143 τῶν
1244 4079 1441 4144 ἐθνῶν,
1472 4082 1568 4136 καὶ
1598 4083 1681 4145 εἰς
1719 4081 1956 4150 θεογνω-

367 4171 489 4223 σεαν
522 4170 730 4236 πάντας
759 4172 1010 4241 ἀγαγεῖν,
1059 4172 1351 4237 Ἰουδαίους
1385 4190 1445 4227 τε
1483 4176 1578 4228 καὶ
1608 4174 1901 4247 Ἕλληνας,
1926 4177 1954 4229 6

364 4261 469 4315 ὑπὸ
498 4262 780 4327 Μωῦσέως
808 4263 903 4317 καὶ
928 4264 1037 4318 τῶν
1075 4265 1373 4337 προφητῶν
1405 4265 1951 4339 προανακηρυχθεὶς,

360 4353 522 4407 τοῦτο
557 4353 771 4424 μέλλων
781 4354 994 4411 Ίτοιεῖν.

440 4463 459 4495 ι
498 4446 598 4535 dia
628 4446 788 4499 τοῦτο
814 4449 843 4500 6
884 4448 1076 4520 Πατήρ
1113 4466 1181 4521 με
1213 4450 1438 4521 ἀγαπᾷ⁹
1481 4451 1565 4505 ὅτι
1595 4450 1708 4517 ἐγὼ
1750 4451 1946 4524 τίθημι

2127 4454 2294 4509 Vsus.
2329 4451 2417 4506 i7.
2462 4468 2482 4502 ‹
2526 4446 2819 4517 PrOpterea
2867 4458 2956 4497 me
2994 4441 3170 4509 diligit
3226 4438 3391 4494 Pater
3435 4455 3450 4492 :

2043 4564 2144 4620 ego
2170 4561 2309 4618 pono
2347 4541 2583 4597 animam
2611 4554 2805 4600 meam,
2836 4544 2894 4591 nt
2923 4537 3117 4591 itermn
3149 4548 3363 4589 sumam
3395 4546 3539 4585 eam.
3574 4552 3593 4584 ι

362 4534 462 4604 τὴν
496 4534 674 4607 ψυχήν
708 4554 833 4607 μου,
866 4537 952 4592 ἵνα
983 4540 1149 4594 πάλιν
1176 4540 1329 4594 λάϐω
1362 4543 1557 4614 αὑτήν.
1595 4562 1614 4595 ι

432 4646 624 4719 Νομὴν
651 4648 798 4718 λέγει
833 4649 932 4722 τὴν
973 4653 1294 4722 ἀσφάλειαν,
1345 4654 1376 4708 ὃ
1420 4656 1648 4724 γέγονεν
1697 4657 1793 4711 ἐπὶ
1835 4657 1944 4711 τῶν

2066 3231 2191 3287 tatis
2219 3241 2324 3297 est,
2355 3230 2449 3286 sed
2483 3229 2613 3300 quid
2654 3229 2894 3283 futurum
2922 3228 2995 3282 sit
3028 3228 3405 3300 signiﬁcantis.

2138 3346 2300 3401 Vsus.
2327 3342 2413 3399 16.
2445 3361 2464 3395 ι
2492 3341 2559 3398 Ει
2580 3341 2714 3397 alias
2743 3354 2873 3396 oves
2901 3340 3094 3408 habeo,
3127 3356 3249 3411 qua:
3279 3355 3387 3397 non
3422 3349 3547 3397 sunt
3570 3354 3640 3397 ex

2063 3438 2164 3494 huc
2202 3437 2351 3492 ovili.
2392 3453 2410 3486 ι

2135 3530 2249 3585 Hoc
2280 3527 2411 3584 dicit
2439 3535 2656 3597 propter
2689 3523 2954 3579 inﬁdeles.
2988 3521 3104 3578 Non
3128 3523 3272 3577 enim
3295 3537 3484 3576 omnes
3509 3537 3640 3577 oves

2062 3623 2238 3694 ipsum
2302 3620 2647 3684 audiverunt,
2699 3617 2793 3673 sed
2850 3615 3025 3670 solum
3078 3615 3194 3669 istae
3242 3630 3362 3685 quae
3404 3617 3474 3669 ab
3524 3615 3641 3683 ipso

2061 3715 2317 3785 cognitae,
2349 3713 2528 3783 ipsum
2560 3709 2801 3764 vicissim
2826 3708 3246 3778 cognoscebant.
3280 3705 3483 3762 Oumes
3519 3705 3639 3776 qui-

2060 3811 2182 3865 dem
2221 3821 2353 3862 oves
2385 3813 2530 3868 sunt,
2562 3803 2656 3857 sed
2685 3812 2903 3875 propter
2928 3799 3323 3855 sententiarum
3351 3796 3639 3851 diversita-

2061 3912 2167 3956 tem
2206 3901 2281 3955 ait
2319 3914 2411 3955 eas
2451 3912 2517 3953 ex
2556 3897 2659 3951 hoc
2700 3898 2850 3960 ovili,
2883 3894 3090 3951 scilicet
3120 3891 3308 3946 n'mndi
3347 3906 3451 3944 non
3491 3904 3636 3944 esse.

2057 3995 2122 4050 Et
2162 3992 2420 4056 ostendit,
2450 3999 2505 4045 ut
2530 3989 2715 4059 ejectis
2746 3988 3035 4043 Pharisteis
3074 3986 3188 4054 ipse
3213 3994 3466 4053 tanquam
3496 3983 3639 4038 Deus

2056 4099 2244 4158 gentes
2279 4094 2522 4140 recturus
2549 4083 2664 4146 sit,
2694 4096 2994 4150 omnesque
3030 4078 3100 4133 ad
3136 4077 3229 4132 Dei
3268 4075 3646 4145 cognitionem

2057 4182 2412 4245 adducturus,
2448 4188 2556 4231 tam
2593 4175 2808 4230 Judteos
2837 4189 2997 4243 quam
3027 4171 3260 4244 gentiles
3283 4209 3298 4234 ,
3331 4177 3517 4238 utpote
3541 4169 3644 4238 qui

2055 4289 2084 4328 a
2118 4274 2300 4344 Moyse
2340 4285 2404 4326 ac
2438 4268 2714 4340 prophetis
2745 4269 2846 4322 hoc
2869 4266 3113 4321 facturus
3142 4262 3493 4335 praedicetur.

3508 4438 3634 4507 quia

2117 4663 2332 4719 Sortem
2388 4656 2520 4711 dicit
2587 4650 3001 4715 fortitudinem;
3041 4647 3187 4717 quod
3244 4647 3296 4701 in
3354 4645 3628 4714 Apostnlis

359 4740 693 4805 ἀποστόλων,
732 4741 931 4807 οἵτινες
958 4743 1036 4808 ὡς
1080 4744 1263 4815 κύριοι
1291 4747 1391 4816 τῆς
1440 4750 1773 4822 οἰκουμένης
1823 4752 1943 4804 εισ-

2065 4750 2340 4821 :venitqui
2381 4746 2536 4818 quasi
2581 4745 2732 4800 orbis
2768 4741 3007 4797 universi
3057 4740 3287 4801 domini.
3344 4737 3619 4806 ingredie-

355 4833 525 4902 ῄεσαν
557 4832 652 4885 καὶ
701 4831 948 4904 ἐξῄεσαν,
977 4836 1071 4891 καὶ
1093 4837 1269 4901 οἰδεὶς
1308 4839 1503 4905 αὐτοὺς
1541 4841 1759 4913 ἴσχυσεν
1788 4842 1953 4896 ὲκϐα-

2067 4854 2246 4901 untur
2279 4852 2334 4898 et
2366 4839 2801 4912 egrediebantur,
2838 4846 2893 4892 et
2943 4849 3103 4891 nemo
3137 4832 3474 4893 eosvalebat
3514 4830 3624 4884 itu-

355 4922 484 4976 λεῖν.
522 4920 745 4996 [Cum]

428 5032 651 5121 ῌάντων
680 5038 999 5109 σφαγέντων
1028 5041 1127 5095 καὶ
1153 5042 1508 5113 ἀπολομένων
1549 5044 1715 5119 ἦλθεν
1741 5050 1770 5103 6
1796 5049 1935 5121 Χρι-

356 5119 478 5183 στὸς
514 5122 683 5178 σῶσαι
714 5128 808 5180 καὶ
837 5126 984 5199 ζωὴν
1009 5128 1214 5186 δοῦναι.
1249 5132 1475 5208 [Cum]

430 5253 448 5285 ι
486 5235 702 5308 Ταύτην
745 5238 844 5312 τὴν
877 5242 1099 5316 ἐντολὴν
1143 5243 1338 5300 ἔλαϐον
1386 5247 1541 5320 παρά
1574 5246 1669 5302 τοῦ
1722 5252 1935 5322 Πατρός

399 5342 478 5379 ω).
518 5346 538 5379 ι

399 5342 478 5379 ου.
518 5346 538 5379 ι

355 5341 396 5396 μ
433 5419 498 5472 Ἦ
532 5421 722 5493 ἐντολὴ
751 5423 904 5495 δηλοῖ
937 5427 1038 5497 τὴν
1084 5428 1342 5500 ὁμόνοιαν
1368 5431 1468 5504 τὴν
1514 5433 1652 5504 πρὸς
1683 5433 1775 5486 τὸν
1810 5437 1928 5489 Πα-

348 5509 518 5578 τέρα.
555 5513 602 5564 ei
642 5515 738 5567 καὶ
771 5517 1044 5582 ταπεινῶς
1087 5520 1262 5577 λαλεῖ.
1321 5524 1387 5579 Ἢ
1420 5524 1479 5579 δὲ
1515 5526 1705 5590 ἐντολή
1754 5527 1926 5592 ἐστιν,

347 5599 643 5654 ἀποθανεῖν
670 5602 813 5674 ὑπὲρ
840 5606 936 5659 τοῦ
968 5608 1197 5679 κόσμου.

437 5777 483 5810 ¹⁶
504 5776 677 5853 Ιοιη..
702 5795 858 5849 xvnt,
884 5779 935 5837 8.

2044 4936 2255 5009 pedire.

2116 5046 2381 5104 Omnibus
2405 5041 2703 5099 interiectis
2733 5049 2789 5096 et
2814 5039 3041 5111 perditis
3078 5037 3228 5093 venit
3269 5034 3519 5091 Christus
3563 5046 3622 5089 ut

2042 5142 2271 5197 salutem
2309 5136 2582 5205 vitamque
2611 5133 2927 5203 largiretur.

2106 5251 2273 5311 Vens.
2305 5249 2393 5306 18.
2428 5267 2448 5302 ι
2479 5246 2594 5304 Hoc
2618 5246 2933 5302 mandatum
2959 5242 3141 5315 accepi
3165 5258 3193 5296 a
3223 5239 3387 5296 Patre
3407 5252 3549 5293 meo.
3586 5253 3606 5287 ι

2104 5428 2412 5484 Mandatum
2453 5426 2724 5498 significat
2757 5423 2874 5492 ejus
2925 5439 3048 5479 cum
3100 5421 3259 5477 Patre
3296 5416 3615 5477 consensio-

2031 5538 2190 5587 nem,
2224 5520 2440 5575 tametsi
2488 5517 2745 5573 humilius
2779 5515 3055 5584 loquatur.
3099 5512 3413 5568 Mandatum
3484 5521 3627 5566 vero

2032 5613 2161 5668 illud
2190 5622 2271 5667 est
2329 5622 2386 5665 ut
2424 5625 2522 5676 pro
2558 5608 2760 5663 mundo
2798 5609 3089 5660 moriatur.
