4072 6434
468 275 601 339 1463

1592 287 1927 351 AMMONII
1967 292 2496 359 ALEXANDRINI

3580 305 3725 373 ιιει

538 388 697 442 Vsus.
732 385 819 441 20.
864 406 884 439 ι
921 386 1183 443 Dicebant
1219 396 1400 445 autem
1433 390 1584 446 multi
1616 407 1682 447 ex
1708 394 1839 464 ipsis
1872 411 1887 449 :
1922 397 2035 453 Da:-

2215 422 2234 454 r
2278 404 2503 475 Ἔλεγον
2523 406 2579 461 δὲ
2604 407 2788 464 πολλοὶ⁵
2811 409 2871 476 ἐξ
2898 410 3078 465 αὐτῶν
3104 429 3116 441 ·
3142 413 3429 483 Δαιμόνιον
3453 414 3588 486 ἔχει,
3621 416 3729 470 καὶ

464 479 707 533 monium
740 478 900 533 habet
947 489 1001 533 et
1034 478 1237 533 insanit
1266 497 1281 534 :
1313 480 1442 550 quid
1469 496 1592 537 eum
1621 486 1822 540 auditis
1843 488 1868 540 ἲ
1906 508 1925 539 ι

532 570 666 625 Cum
694 570 812 639 plus
852 585 1013 641 quam
1053 572 1289 628 hominis
1324 582 1507 628 essent
1532 589 1653 645 quae
1682 575 2029 647 dicebantur,

463 663 730 717 vocabant
760 663 932 730 ipsum
975 662 1389 719 dmmoniacum.
1414 663 1520 720 Per
1549 665 1651 720 hoc
1681 675 1861 723 autem
1893 672 2037 739 quod

464 752 687 807 audiens
720 753 823 807 ista
854 753 1114 809 Dominus
1144 755 1394 821 tacebat,
1426 770 1526 811 nos
1562 766 1776 813 nostras
1797 759 2037 816 modeste

463 856 527 898 ae
560 843 754 898 leniter
788 843 931 899 ferre
970 844 1198 915 injurias
1225 846 1425 900 docuit.

535 932 699 989 Vens.
740 935 830 989 24.
864 954 884 987 ι
923 934 981 990 Si
1008 946 1060 990 tu
1091 951 1152 991 es
1183 935 1455 1002 Christus,
1483 937 1570 993 die
1595 938 1751 993 nobis
1780 939 1976 1009 palam.
2013 960 2033 993 ι

530 1028 645 1083 Etsi
683 1044 789 1083 non
842 1028 1075 1084 dilucide
1111 1044 1170 1084 se
1222 1028 1499 1085 Christum
1554 1043 1673 1084 esse
1706 1030 1936 1093 dixerit,
1981 1046 2039 1092 se

464 1132 643 1176 tamen
677 1120 875 1185 lucem,
917 1131 1223 1191 pastorem,
1262 1134 1327 1176 ac
1363 1123 1505 1175 viam
1536 1136 1759 1187 vocans,
1804 1121 1932 1176 illud
1961 1123 2042 1191 ip-

460 1229 580 1268 smn
603 1213 940 1283 signiﬁcabat
967 1212 1108 1284 (illis
1139 1213 1408 1282 siquidem
1450 1213 1758 1269 nominibus
1795 1213 2040 1283 Scriptu~

463 1320 521 1357 ra
544 1303 819 1359 Christum
839 1303 1112 1374 appellare
1130 1303 1310 1374 solet).
1327 1302 1628 1359 Clariorem
1652 1305 1815 1370 enim,
1839 1305 2035 1373 inquit,

459 1411 688 1464 operum
716 1411 879 1466 qnam
906 1396 1196 1451 verborum
1231 1408 1418 1450 vocem
1450 1410 1823 1463 saepenumero
1856 1396 2036 1464 emisi,

459 1499 516 1543 et
560 1505 666 1544 non
701 1489 1050 1555 credidistis,
1098 1489 1224 1558 quia
1261 1504 1366 1543 non
1396 1490 1519 1542 estis
1550 1505 1615 1542 ea:
1654 1491 1836 1543 ovibus
1885 1491 2036 1543 meis.

461 1582 576 1653 Ego
612 1581 880 1651 siquidem
914 1596 980 1636 ex
1008 1591 1162 1650 parte
1194 1595 1312 1636 mea
1345 1620 1360 1646 ,
1386 1580 1568 1634 omnia
1598 1595 1722 1650 quae
1757 1589 2037 1650 pastorem

462 1672 685 1739 decent,
714 1672 947 1743 explevi.
985 1672 1045 1728 Si
1089 1681 1269 1727 autem
1310 1687 1399 1728 me
1432 1688 1539 1727 non
1579 1674 1901 1742 sequamini,
1929 1688 2037 1727 non

460 1765 586 1821 ideo
612 1741 811 1820 accidit
841 1764 982 1834 quod
1016 1774 1203 1834 pastor
1230 1779 1336 1820 non
1359 1764 1484 1832 sim,
1515 1763 1610 1819 sed
1639 1763 1785 1832 quod
1812 1778 1907 1819 vos
1929 1779 2037 1819 non
2068 1741 2111 1796 Β

460 1859 582 1914 sitis
614 1871 765 1914 oves.

534 1964 700 2022 Vns.
727 1965 821 2021 29.
858 1982 878 2019 ι
920 1966 1084 2022 Pater
1134 1981 1285 2021 meus
1310 1967 1451 2036 quod
1483 1965 1635 2021 dedit
1665 1967 1795 2021 mihi
1816 2006 1830 2031 ,
1861 1966 2039 2037 majus

460 2058 715 2114 erunibus
734 2069 817 2113 est
845 2075 861 2113 :
888 2065 944 2113 et
969 2072 1129 2113 nemo
1150 2065 1329 2128 potest
1353 2072 1543 2128 rapere
1573 2059 1640 2113 de
1669 2073 1833 2113 manu
1860 2058 2037 2114 Patris

463 2152 591 2206 mei.
629 2169 650 2204 ι

521 2240 748 2313 Signum
779 2241 959 2297 ovium
991 2241 1194 2297 domini
1252 2240 1522 2307 docilitas,
1579 2241 1882 2297 alienarum
1953 2242 2039 2298 in-

460 2334 790 2390 ohedientia.
820 2333 953 2389 Cum
978 2333 1143 2389 solus
1182 2347 1248 2387 ex
1287 2332 1393 2388 illis
1431 2334 1523 2403 qui
1559 2333 1699 2388 Filio
1747 2334 1857 2389 dati
1913 2343 2041 2391 sunt

458 2427 633 2485 Judas
662 2428 717 2483 in
751 2427 949 2483 malmn
998 2426 1217 2495 cecidit,
1261 2426 1612 2482 manifestum
1671 2435 1758 2483 est
1786 2426 2037 2484 homines

464 2537 569 2577 non
598 2528 789 2576 natura
824 2528 883 2575 et
932 2519 1169 2576 essentia
1230 2518 1400 2573 malos
1441 2532 1585 2584 esse,
1638 2520 1733 2574 sed
1762 2517 2038 2574 voluntate

461 2612 719 2683 perverti.

533 2727 697 2786 Vens.
731 2727 819 2783 30.
857 2746 875 2779 ι
917 2728 1025 2799 Ego
1046 2735 1102 2783 et
1130 2726 1289 2782 Pater
1316 2742 1481 2781 unum
1512 2739 1719 2781 sumus.
1757 2743 1776 2778 ι

532 2820 604 2877 Ut
632 2821 945 2877 ostenderet
1005 2818 1222 2875 Patrem
1259 2834 1323 2874 ac
1346 2816 1542 2873 Filium
1574 2833 1680 2873 non
1713 2818 1839 2887 quid
1870 2833 2033 2872 unum

460 2928 585 2967 esse
625 2912 921 2966 secundum
972 2908 1284 2980 hypostasin
1314 2950 1331 2975 ,
1362 2908 1567 2964 idcirco
1609 2907 1745 2962 dixit
1778 2924 1793 2962 :
1830 2907 1941 2978 Ego
1986 2916 2038 2963 et

466 3005 645 3061 Pater.
679 3002 924 3058 Essentia
943 3001 1212 3071 siquidem
1234 3009 1287 3055 et
1306 3001 1505 3056 virtute
1525 3015 1690 3054 unum
1709 3009 1856 3066 sunt,
1872 3016 2034 3071 quam

2143 497 2425 567 μαίνεταιο
2457 499 2511 553 τί
2541 501 2708 555 αὐτοῦ
2733 501 3002 569 ἀκούετε;
3040 523 3059 556 ι

2222 590 2441 663 Ἐπειδὴ
2470 591 2611 665 ὑπὲρ
2639 593 2926 667 ἄνθρωπον
2949 592 3018 666 ἦν
3033 597 3102 651 τὰ
3122 597 3452 669 λαλούμενα,
3486 599 3731 654 ἐκάλουν

2139 680 2303 734 αὑτὸν
2330 680 2714 753 δαιμονιῶντα.
2761 688 2841 740 Δι’
2893 670 2969 741 ὧν
2993 688 3049 742 δὲ
3078 689 3252 745 ταῦτα
3289 691 3507 747 ἀκούων
3550 695 3579 748 ὁ
3608 692 3738 747 Κύ-

2143 783 2257 838 ριος
2287 769 2480 838 ἐσίγα,
2527 771 2767 840 ἐδίδαξεν
2791 775 2941 847 ἡμᾶς
2979 778 3171 850 πράως
3202 779 3391 852 φέρειν
3452 780 3554 846 τὰς
3596 780 3737 835 καθ’

2140 858 2350 912 ἑαυτῶν
2375 859 2581 932 ὕϐρεις.
3218 904 3221 905 ν
3330 888 3337 895 ·

2219 969 2238 1001 ι
2280 952 2342 1003 Εί
2375 953 2439 1006 σὺ
2468 947 2519 1007 εἷ
2547 956 2576 1008 ό
2599 956 2857 1029 Χριστὸς,
2891 959 3014 1015 είπὲ
3041 960 3175 1031 ἡμῖν
3206 960 3511 1033 παρρησίᾳ.
3552 980 3572 1014 ι

2212 1043 2275 1095 El
2313 1045 2409 1096 καὶ
2448 1044 2523 1116 μὴ
2558 1042 2710 1101 εἶπεν
2744 1048 2979 1103 ἑαυτδνὶ
3029 1050 3240 1114 λευκῶς
3282 1052 3541 1123 Χριστὸν,
3588 1052 3728 1107 ἀλλ’

2142 1135 2313 1190 είπὼν
2366 1138 2559 1193 ἑαυτὸν
2599 1138 2716 1209 φῶς
2736 1180 2752 1205 ,
2784 1142 3019 1212 ποιμένα
3045 1184 3060 1209 ,
3090 1143 3231 1208 δδδν,
3260 1144 3504 1214 ὲσήμανε
3531 1143 3723 1198 τοῦτο.

2141 1227 2394 1297 (Τούτοις
2430 1231 2539 1302 γὰρ
2581 1229 2772 1284 εἴωθεν
2804 1234 2838 1304 η
2878 1233 3074 1306 Γραφὴ
3119 1237 3233 1298 τοῖς
3262 1234 3493 1306 ὀνόμασι
3528 1236 3726 1289 καλεῖν

2139 1321 2231 1375 τὸν
2262 1322 2518 1393 Χριστόν.
2543 1322 2563 1389 )
2590 1323 2701 1394 Τῆς
2734 1323 2845 1394 γάρ
2868 1323 2960 1377 διὰ
2980 1324 3089 1378 τῶν
3114 1324 3397 1397 ῥημάτων,
3427 1329 3585 1397 φησὶ,
3621 1345 3725 1380 σα·

2142 1416 2414 1485 φεστέραν
2460 1414 2653 1484 ἀφῆκα
2696 1414 2960 1479 πολλάκις
3005 1416 3188 1488 φωνὴν
3234 1415 3324 1470 διὰ
3357 1415 3466 1470 τῶν
3510 1416 3722 1489 ἔργων,

2141 1505 2238 1558 καὶ
2255 1505 2357 1558 οὐκ
2381 1503 2742 1558 ἐπιστεύσατε
2760 1546 2775 1570 ,
2803 1505 2899 1567 ὅτι
2919 1506 3033 1560 οὐκ
3065 1503 3207 1559 ἐστὲ
3232 1505 3300 1559 ἐκ
3330 1504 3451 1559 τῶν
3490 1504 3726 1574 πρόϐἀ-

2140 1613 2258 1650 των
2293 1595 2414 1650 τῶν
2460 1595 2638 1667 ἐμῶν.
2696 1596 2838 1667 Ἐγὼ
2882 1598 2982 1669 μὲν
3020 1598 3131 1669 γὰρ
3174 1596 3244 1651 τὰ
3292 1596 3421 1669 παρ’
3471 1596 3728 1668 ἐμαυτοῦ

2142 1690 2321 1743 πάντα
2349 1688 2665 1761 ὲπλήρωσα,
2704 1689 2741 1743 ἃ
2769 1689 2860 1743 τὸν
2902 1689 3138 1760 ποιμένα
3171 1689 3398 1759 ποιῆσαι
3429 1688 3618 1759 ἐχρῆν.
3656 1688 3725 1741 Εἰ

2141 1780 2199 1834 δὲ
2230 1780 2306 1849 μὴ
2337 1779 2682 1835 ἀκολουθεῖτέ
2717 1797 2829 1846 μοι,
2853 1780 2954 1834 οὐκ
2986 1779 3174 1851 ἐπειδὴ
3199 1780 3301 1833 οὐκ
3332 1779 3453 1850 sip).
3486 1778 3723 1850 ποιμὴν,

2139 1872 2254 1927 ἀλλ’
2280 1871 2467 1944 ἐπειδὴ
2491 1872 2647 1943 ὑμεῖς
2670 1872 2770 1925 οὐκ
2802 1872 2927 1924 ἐστὲ
2952 1870 3223 1943 πρόϐατα.

2214 2003 2233 2036 ι
2282 1984 2341 2038 '0
2378 1985 2573 2056 Πατήρ
2609 2001 2711 2053 μου
2738 2023 2753 2048 ,
2781 1982 2840 2046 ὃς
2866 1982 3068 2036 δέδωκὲ
3101 2000 3192 2052 μοι
3215 2021 3231 2046 ,
3268 1978 3470 2052 μείζων
3499 1980 3726 2035 πάντων

2139 2076 2279 2141 ἐστὶ,
2308 2077 2404 2131 καὶ
2429 2077 2604 2140 οὐδεὶς
2629 2075 2856 2130 δύναται
2887 2073 3153 2144 ἁρπάζειν
3189 2075 3255 2127 ὲκ
3280 2072 3379 2144 τῆς
3403 2072 3589 2143 χειρὸς
3619 2069 3725 2124 τοῦ

2139 2168 2356 2241 Πατρός
2388 2186 2511 2240 μου.
2545 2187 2563 2220 ι

2225 2257 2528 2323 Ἀπόδειξις
2555 2257 2666 2311 τῶν
2691 2257 2784 2312 τοῦ
2813 2258 3005 2330 κυρίου
3034 2257 3327 2330 προϐάτων
3353 2258 3415 2311 τδ
3458 2257 3719 2327 εὺὴκοον,

2138 2349 2247 2405 τῶν
2282 2350 2341 2404 δὲ
2374 2349 2671 2419 ἀλλοτρίων
2710 2348 2771 2402 τὸ
2813 2349 3059 2413 ἀπειθές.
3119 2347 3343 2421 Ἐπειδὴ
3382 2348 3478 2404 καὶ
3518 2347 3728 2411 Ἰούδας

2139 2435 2221 2504 είς
2255 2436 2322 2511 ἦν
2354 2438 2463 2493 τῶν
2498 2440 2762 2493 δοθέντων
2798 2440 2877 2510 τῷ
2908 2438 3022 2510 Υίῷ
3057 2440 3357 2511 μετέπεσεν
3382 2441 3463 2503 είς
3488 2439 3723 2503 κακίαν,

2137 2532 2446 2586 δείκνυνται
2473 2533 2522 2585 οί
2547 2530 2824 2602 ἄνθρωποι
2846 2531 2906 2584 ού
2936 2531 3099 2596 φύσει
3138 2532 3234 2585 καὶ
3269 2531 3391 2586 κατ’
3415 2532 3606 2588 οὐσίαν
3629 2531 3728 2585 δν-

2138 2641 2231 2688 τες
2261 2623 2447 2691 κακοὶ,
2483 2622 2599 2676 ἀλλ’
2632 2622 2895 2687 ἑκουσίως
2925 2624 3273 2695 τρεπόμενοι.
3311 2621 3540 2697 [ειη]

2217 2759 2235 2791 ι
2292 2737 2435 2808 Ἐγὼ
2458 2737 2556 2793 καὶ
2580 2737 2610 2789 6
2644 2737 2838 2809 Πατὴρ
2873 2737 2933 2791 ἓν
2965 2738 3155 2807 ἔσμεν.
3191 2756 3208 2791 ι

2208 2829 2498 2901 Σημαίνων
2529 2829 2610 2882 ὅτι
2636 2827 2736 2880 οὐκ
2766 2826 2882 2881 ἐστι
2905 2827 3029 2881 καθ’
3060 2827 3360 2884 ὑπόστασιν
3387 2829 3444 2884 ἓν
3474 2830 3503 2883 6
3528 2829 3723 2898 Πατὴρ

2139 2919 2236 2972 καὶ
2264 2921 2291 2973 ό
2322 2919 2451 2982 Υίδς
2480 2958 2494 2983 ,
2531 2913 2653 2971 εἶπε
2682 2918 2764 2981 τὸ,
2808 2915 2950 2986 Ἐγὼ
2993 2918 3093 2971 καί
3124 2922 3157 2972 ό
3189 2919 3411 2989 Πατήρ.
3461 2921 3557 2973 Ἐν
3606 2919 3719 2990 γάρ

2139 3010 2247 3062 εἰσι
2272 3011 2338 3080 τῇ
2378 3025 2438 3061 τε
2476 3007 2632 3078 οὐσίᾳ
2652 3046 2666 3070 ,
2701 3006 2797 3060 καὶ
2820 3008 2888 3077 τῇ
2915 3006 3145 3077 δυνάμει
3166 3049 3180 3074 ,
3210 3009 3279 3082 ἣν
3308 3012 3403 3064 καὶ
3427 3012 3575 3081 χεῖρα
3606 3026 3704 3062 κα-

460 3108 515 3150 υι
547 3111 768 3150 manum
802 3101 1001 3161 vocat,
1031 3093 1193 3149 modo
1219 3092 1438 3163 quidem
1484 3107 1637 3147 suam
1660 3132 1676 3158 ,
1703 3091 1863 3148 modo
1904 3106 2035 3148 vero

2145 3103 2239 3167 λεῖ,
2268 3101 2396 3155 ποτὲ
2432 3101 2531 3173 μὲν
2562 3097 2780 3164 ἑαυτοῦ,
2814 3097 2946 3151 ποτὲ
2973 3098 3031 3152 δὲ
3060 3098 3155 3153 τοῦ
3182 3100 3412 3171 Πατρός.

459 3188 699 3336 Ρῦξιέεῗε.
717 3280 807 3336 52.
833 3300 851 3331 ι
876 3278 1173 3350 Respondit
1201 3278 1280 3333 eis
1303 3276 1495 3333 Jesus:
1525 3276 1687 3332 Multa
1710 3279 1849 3335 bona
1873 3293 2037 3349 opera

459 3372 674 3429 ostendi
708 3370 864 3425 vobis
893 3383 958 3423 ex
1004 3369 1169 3423 Patre
1213 3382 1336 3423 meo
1363 3407 1378 3435 ,
1412 3377 1637 3439 propter
1671 3371 1817 3440 quod
1851 3384 2036 3425 eorum

461 3478 602 3539 opus
633 3477 719 3517 me
744 3460 1039 3531 lapidatis?
1071 3477 1092 3511 ι

532 3573 652 3630 Non
685 3573 815 3641 mei,
869 3571 1084 3640 inquit,
1115 3569 1283 3626 solius
1329 3585 1492 3641 opera
1539 3580 1697 3639 sunt,
1747 3572 1840 3627 sed
1876 3572 2040 3628 totins

462 3665 798 3723 Divinitatis.
828 3660 991 3719 Pater
1024 3662 1169 3716 enim
1199 3676 1294 3731 per
1314 3661 1511 3717 Filium
1534 3661 1586 3717 in
1620 3661 1823 3733 Spiritu
1848 3672 2039 3719 sancto

462 3769 661 3816 cuncta
704 3756 853 3811 facit.
904 3754 1069 3810 Docet
1103 3765 1282 3810 autem
1343 3768 1441 3811 nos
1481 3754 1799 3810 modestiam
1826 3793 1843 3820 ,
1877 3762 1934 3809 et
1971 3767 2041 3809 ne

462 3849 813 3914 extollamur,
846 3861 969 3901 cum
1008 3847 1282 3916 quidpiam
1318 3859 1349 3901 a
1384 3845 1493 3902 Deo
1516 3844 1835 3916 accipimus.

533 3940 702 3997 Vens.
724 3940 814 3996 33.
845 3957 863 3992 ι
900 3938 977 3994 De
1001 3940 1143 3996 bono
1171 3953 1333 4009 opere
1367 3953 1473 3994 non
1506 3937 1809 4010 lapidamu‘s
1842 3945 1915 4001 te,
1946 3937 2041 3994 sed

463 4038 529 4090 de
560 4033 895 4104 blasphemia
927 4049 942 4087 :
975 4042 1031 4090 et
1060 4032 1186 4103 quia
1217 4038 1273 4087 tu
1312 4032 1476 4087 homo
1502 4046 1625 4087 cum
1658 4031 1770 4099 sis,
1804 4029 1940 4088 facis
1986 4036 2043 4086 te

464 4129 639 4197 ipsum
658 4124 851 4181 Deum.
882 4142 905 4176 ι

530 4220 667 4277 Cum
713 4225 891 4272 autem
945 4217 1255 4288 ignorarent
1296 4215 1493 4270 Filium
1543 4229 1648 4270 non
1685 4214 1741 4269 in
1776 4213 1920 4270 nuda
1961 4213 2043 4269 di-

462 4310 692 4365 vinitate
739 4314 1052 4369 venturum,
1081 4305 1177 4361 sed
1209 4318 1279 4358 ex
1306 4305 1515 4359 semine
1547 4303 1711 4358 David
1745 4303 2041 4358 inearnan—

462 4403 616 4468 dum,
648 4411 841 4456 veram
875 4396 1273 4453 confessionem
1296 4433 1313 4461 ,
1361 4393 1752 4464 blasphemiam
1806 4392 2045 4462 appella-

500 4504 614 4553 am.

462 4497 497 4551 Ι)
537 4584 700 4641 Vens.
736 4584 806 4641 56
861 4603 882 4637 ι
909 4583 1081 4651 Quem
1107 4579 1272 4635 Pater
1313 4574 1695 4638 sanctiﬁcavit,
1721 4583 1778 4629 et
1805 4572 1957 4630 misit
1985 4575 2039 4630 in

463 4678 746 4742 mundum,
778 4690 875 4733 vos
895 4674 1076 4729 dicitis
1108 4670 1288 4737 :Quia
1316 4667 1665 4737 blasphemas
1698 4683 1713 4720 :
1749 4666 1874 4737 quia
1905 4666 2040 4733 dixi,

464 4766 637 4823 Filius
677 4766 770 4822 Dei
803 4763 969 4822 sum?
1003 4780 1024 4815 ι

538 4878 709 4934 Filius
744 4886 924 4932 autem
959 4873 1157 4931 dicitur
1203 4870 1615 4941 sanetilleatus,
1666 4873 1791 4943 quia
1841 4872 2045 4928 missus

464 4979 585 5027 erat
613 4979 674 5025 ut
706 4984 806 5039 pro
834 4965 1019 5022 mundi
1055 4964 1229 5021 salute
1267 4964 1625 5021 occideretur.
1657 4963 1860 5021 Sancta
1889 4965 2036 5021 enim

467 5066 838 5124 nominantur,
869 5073 988 5128 qua:
1013 5059 1122 5114 Deo
1152 5059 1203 5114 in
1231 5057 1556 5113 sacriﬁcium
1580 5067 1862 5127 segregata
1892 5068 2041 5112 sunt.

539 5153 706 5209 Vens.
738 5151 828 5205 38.
863 5168 882 5202 ι
924 5148 980 5205 Si
1008 5156 1187 5205 autem
1216 5150 1355 5205 l'acio
1383 5167 1396 5203 :
1423 5158 1478 5204 et
1509 5148 1554 5203 si
1584 5149 1715 5203 mihi
1748 5164 1855 5203 non
1880 5149 2045 5205 vultis

468 5244 718 5306 credere,
755 5240 1011 5310 operibus
1034 5241 1264 5307 credite,
1297 5252 1355 5297 ut
1381 5240 1747 5312 cognoscatis,
1768 5250 1822 5295 et
1850 5240 2044 5296 creda-

470 5334 540 5389 tis
571 5331 700 5401 quia
739 5329 899 5385 Pater
926 5330 977 5384 in
1014 5345 1101 5384 me
1126 5341 1229 5400 est,
1268 5341 1323 5386 et
1347 5345 1445 5401 ego
1475 5331 1528 5384 in
1562 5330 1744 5385 Patre.
1791 5348 1811 5383 ι

538 5421 675 5477 Cum
698 5421 991 5478 essentiam
1024 5423 1196 5490 ipsam
1235 5422 1425 5477 videre
1455 5435 1561 5476 non
1596 5422 1778 5489 liceat,
1814 5421 1883 5477 ab
1917 5420 2047 5492 ipsis

467 5515 728 5584 operibus
748 5514 967 5571 virtutis
981 5512 1372 5571 immutabilem
1390 5513 1755 5585 aequalitatem
1778 5514 2039 5583 ostendit,

539 5695 554 5751 ἱ
590 5696 681 5755 Cr.
708 5695 899 5754 αὐτόν.

2213 3298 2233 3332 ι
2291 3277 2590 3349 ’Δπεκρὶθη
2619 3276 2802 3337 αὐτοῖς
2832 3275 2862 3327 6
2910 3275 3119 3347 Ἰησοῦς
3143 3293 3159 3308 ·
3191 3277 3373 3334 Πολλὰ
3399 3277 3539 3332 καλὰ
3577 3276 3722 3349 ἔργα

2145 3370 2323 3438 ἔδειξα
2355 3371 2484 3440 ὑμῖν
2512 3372 2576 3422 ὲκ
2603 3367 2697 3420 τοῦ
2729 3362 2944 3435 Πατρός
2969 3383 3094 3437 μου,
3120 3368 3209 3423 διὰ
3239 3372 3390 3423 ποῐον
3416 3368 3596 3423 αὐτῶν
3627 3368 3728 3439 ἐρ-

2146 3480 2242 3533 γον
2266 3461 2516 3527 λιθάζετὲ
2547 3478 2645 3532 με;
2679 3479 2698 3512 ι

2217 3571 2332 3625 Οὐκ
2370 3569 2503 3643 ἐμοῦ
2527 3611 2542 3637 ,
2574 3573 2709 3643 φησὶ
2735 3615 2751 3641 ,
2787 3574 2954 3646 μόνου
2982 3570 3092 3625 είσὶ
3134 3570 3207 3622 τὰ
3233 3568 3373 3640 ἔργα
3394 3607 3410 3632 ,
3439 3566 3579 3622 ἀλλὰ
3620 3566 3731 3637 τῆς

2148 3665 2329 3735 πάσης
2353 3664 2641 3735 Θεότητος.
2670 3665 2730 3719 '0
2751 3667 2860 3738 γὰρ
2889 3662 3080 3735 Πατὴρ
3100 3662 3169 3716 δι’
3192 3660 3324 3716 Υἱοῦ
3351 3660 3410 3713 ἐν
3442 3659 3735 3729 Πνεύματι

2146 3758 2288 3829 ἁγίῳ
2316 3757 2496 3811 πάντα
2531 3760 2695 3813 ποιεῖ.
2734 3757 2989 3811 Διδάσκει
3017 3755 3073 3809 δὲ
3100 3755 3251 3827 ἡμᾶς
3284 3752 3729 3825 μετριοφρονείν,

2148 3848 2243 3903 καὶ
2277 3848 2352 3919 μὴ
2389 3846 2841 3913 ἀλαζονεύεσθαι,
2872 3847 2966 3901 ἐὰν
2994 3845 3251 3916 λάϐωμέν
3289 3861 3341 3899 τι
3375 3844 3533 3914 παρὰ
3558 3841 3733 3899 Θεοῦ.

2229 3959 2248 3993 ι
2285 3938 2422 4011 Περὶ
2445 3938 2613 3992 καλοῦ
2646 3939 2811 4010 ἔργου
2848 3939 2910 3992 οὒ
2949 3935 3245 4008 λιθάζομέν
3277 3953 3371 4001 σε,
3415 3932 3555 3989 ἀλλὰ
3596 3934 3740 4003 περὶ

2126 4024 2127 4027 “
2151 4032 2520 4106 βλασφημίας·
2545 4031 2642 4085 καὶ
2662 4031 2745 4085 ὅτι
2776 4030 2839 4084 σὺ
2864 4029 3151 4101 ἄνθρωπος
3175 4027 3273 4093 ὣν,
3302 4028 3478 4089 ποιεῖς
3502 4025 3743 4079 σεαυτὸν

2292 4166 2305 4179 ο
2344 4142 2362 4174 ’
2573 4168 2583 4176 ο

2292 4166 2305 4179 .
2344 4142 2362 4174 ι
2573 4168 2583 4176 .

2148 4125 2578 4289 Θεέἔγνοοῐῖντες
2609 4213 2665 4267 δὲ
2688 4214 2768 4267 ὅτι
2806 4213 2866 4267 οὐ
2894 4213 3076 4284 γυμνῇ
3110 4212 3177 4282 τῇ
3205 4210 3419 4280 θεότητι
3450 4205 3682 4278 ἔμελλεν
3710 4207 3743 4259 ὁ

2148 4311 2278 4374 Υἱὸς
2312 4308 2623 4380 ἐπιδημεῖν,
2677 4303 2817 4358 ἀλλὰ
2878 4302 3253 4391 σαρκούμενος
3300 4302 3365 4353 ὲκ
3412 4299 3742 4369 σπέρματος

2148 4403 2330 4471 Δαϐὶδ,
2357 4400 2710 4473 βλασφημίαν
2740 4397 2949 4467 ἔλεγον,
2980 4396 3079 4466 τὴν
3105 4392 3273 4466 ὀρθὴν
3303 4391 3623 4464 ὁμολογίαν,

2217 4598 2236 4630 ι
2272 4578 2370 4630 Ὃν
2395 4577 2423 4630 6
2453 4576 2647 4647 Πατὴρ
2677 4575 2897 4646 ὴγίασε,
2924 4573 3019 4627 καὶ
3047 4572 3369 4628 ἀπέστειλεν
3400 4574 3475 4634 είς
3511 4572 3605 4625 τὸν
3640 4572 3745 4627 κό-

2141 4683 2301 4737 σμον,
2345 4665 2505 4734 ὑμεῖς
2551 4664 2775 4732 λέγετε·
2824 4664 2951 4716 Ὅτι
2994 4663 3373 4735 βλασφημεῖς·
3422 4662 3503 4715 ὅτι
3551 4658 3743 4729 εἷπον,

2142 4756 2271 4817 Υἱὸς
2300 4754 2396 4808 τοῦ
2427 4752 2566 4807 Θεοῦ
2590 4755 2743 4825 είμι;
2782 4771 2804 4806 ι

2229 4868 2541 4937 Ἀγιασθεὶς
2580 4868 2638 4922 δὲ
2680 4867 2901 4936 λέγεται
2947 4869 2975 4920 ό
3019 4867 3186 4934 Υίδς,
3225 4866 3418 4937 ἐπειδὴ
3470 4864 3742 4937 ἐπέμφθη

2156 4962 2431 5031 σφαγῆναι
2456 4959 2598 5029 ὕπερ
2621 4959 2719 5027 τῆς
2745 4956 2840 5010 τοῦ
2865 4956 3071 5026 κόσμου
3104 4957 3403 5028 σωτηρίας.
3428 4958 3593 5023 Ἅγια
3625 4957 3746 5027 γάρ

2152 5054 2269 5105 ἐστι
2297 5052 2367 5105 τὰ
2394 5048 2772 5121 ἀφοριζόμενα
2798 5048 2877 5119 τῷ
2907 5048 3028 5119 Θεῷ
3063 5051 3145 5112 είς
3177 5048 3391 5103 θυσίαν.

2229 5161 2248 5193 ι
2288 5144 2349 5196 Εἰ
2376 5143 2434 5197 δὲ
2469 5142 2610 5197 ποιῶ
2628 5160 2641 5172 ·
2668 5141 2771 5195 κᾶν
2797 5142 2924 5211 ἐμοὶ
2964 5140 3041 5212 μὴ
3064 5140 3373 5203 πιστεύετε,
3402 5141 3518 5203 τοῖς
3547 5139 3747 5211 ἔργοις

2153 5236 2505 5301 πιστεύσατε,
2536 5234 2624 5287 ἵνα
2652 5232 2827 5302 γνῶτε
2857 5234 2955 5289 καὶ
2976 5231 3331 5304 πιστεύσητε,
3354 5232 3436 5285 ὅτι
3461 5233 3518 5284 ὲν
3543 5231 3673 5300 ἐμοὶ
3714 5234 3748 5284 ὁ

2155 5325 2365 5396 Πατὴρ,
2400 5323 2558 5392 κάγὼ
2591 5324 2648 5376 ὲν
2676 5321 2847 5393 αὐτῷ.
2886 5341 2906 5375 ι

2235 5418 2455 5487 Ἐπειδὴ
2488 5418 2587 5489 τὴν
2624 5416 2812 5469 οὐσίαν
2853 5416 2983 5469 ἰδεῖν
3014 5415 3320 5486 ἀμήχανον,
3352 5412 3461 5467 ἀπὸ
3494 5412 3600 5483 τῆς
3626 5412 3748 5466 τῶν

2150 5510 2328 5582 ἔργων
2361 5509 2601 5581 ἰσότητος
2626 5508 2687 5586 to
2709 5507 2920 5576 ἀπαρά)
2932 5507 3127 5565 λακτον
3155 5507 3255 5570 τῆς
3282 5504 3566 5579 δυνάμεως
3596 5522 3750 5576 παρα
