4072 6408
301 313 437 386 1465

1338 323 1802 386 FRAGMENTA
1837 326 1921 387 IN
1960 328 2018 388 S.
2055 329 2430 398 JOANNEM.

3410 341 3545 408 1466

300 433 423 504 ίστη
435 449 483 486 σι
501 473 519 500 ,
540 431 607 485 δι’
636 423 711 484 ὧν
739 428 890 499 λέγει
934 428 994 495 ἐξ
1019 430 1215 485 ἑαυτοῦ
1248 432 1618 501 γινώσκεσθαι
1646 434 1738 488 τὸν
1763 436 1875 489 Πα-

1989 455 2098 495 eum
2128 456 2348 513 propter
2374 461 2438 501 ea
2466 461 2534 540 ex
2578 448 2692 518 ipso
2741 448 2960 506 Patrem
3007 461 3063 507 et
3089 466 3154 507 ex
3185 451 3347 508 Patre
3371 454 3545 525 ipsum

297 525 458 596 τέρα,
489 524 587 577 καὶ
616 524 682 576 ὲκ
713 520 806 575 τοῦ
842 521 1058 593 Πατρὺς
1090 522 1305 578 ἑαυτόν.

382 614 525 685 Ἐγὼ
551 616 611 668 ὲν
637 612 715 684 τῷ
743 613 920 685 Πατρί
949 615 1086 684 εἰμι,
1112 614 1207 668 καὶ
1234 616 1261 667 6
1282 612 1475 685 Πατὴρ
1498 615 1555 668 ὲν
1576 614 1700 684 ἐμοὶ
1730 612 1868 668 θεω-

303 711 499 779 ρεῖται,
530 705 674 761 κατά
700 706 762 760 τὺ
790 706 986 760 ταυτὸν
1014 706 1112 778 τῆς
1144 705 1364 776 φύσεως
1398 708 1493 761 καὶ
1527 707 1626 777 τῆς
1653 708 1866 772 οὐσίας.

299 797 394 864 Εἷς
422 799 532 870 γάρ
554 800 584 854 6
607 799 706 871 τῆς
730 797 945 869 φύσεως
971 798 1116 869 ὄρος,
1135 797 1239 852 κᾶν
1266 801 1322 852 ὲν
1344 797 1673 863 ἰδιαζούσαις
1698 799 1871 871 ὑπάρ-

300 893 417 960 ξεσι
455 892 684 964 νοοῦμεν
716 892 814 963 τὴν
843 891 1004 961 ἁγίαν
1044 889 1274 961 Τριάδα.
1318 890 1378 944 Ὀ
1414 891 1522 961 γὰρ
1561 891 1749 962 Πατὴρ
1771 892 1871 944 οὐκ

298 985 450 1039 ἐστιν
486 985 633 1051 Υἱὸς,
663 983 697 1055 ἢ
726 982 970 1053 Πνεῦμα,
995 981 1120 1035 οὔτε
1160 981 1267 1052 μὴν
1292 981 1351 1034 τὸ
1377 981 1669 1045 ἀνάπαλιν,
1698 984 1746 1033 εἰ
1774 981 1874 1034 καὶ

299 1079 402 1131 οὐκ
427 1076 565 1130 εἰσὶν
589 1077 649 1129 ὲν
673 1074 949 1129 διαστάσει
977 1072 1068 1126 διὰ
1094 1072 1193 1143 τὴν
1216 1072 1353 1144 πρὸς
1383 1072 1648 1143 ἀλλήλους
1679 1088 1874 1125 κοινω-

300 1169 423 1224 νίαν
448 1186 508 1222 τε
538 1168 632 1222 καὶ⁵
669 1169 908 1237 ἰσότητα.
937 1164 1002 1220 Εἰ
1032 1164 1143 1237 γὰρ
1174 1164 1268 1219 καὶ
1291 1166 1378 1235 ἐφ’
1397 1166 1431 1235 ἡ
1443 1164 1559 1234 μῶν
1593 1165 1627 1234 ἡ
1650 1167 1746 1216 τοῦ
1782 1180 1875 1216 τε-

301 1261 491 1323 κόντος
513 1259 671 1313 οὐσία
692 1258 1039 1329 γινώσκεται,
1071 1258 1166 1309 καὶ
1182 1259 1240 1310 ὲν
1260 1255 1338 1325 τῷ
1359 1255 1605 1327 τεχθέντι
1626 1257 1654 1309 6
1668 1254 1873 1325 πατὴρ,

302 1354 446 1407 κατά
495 1352 586 1406 τὸν
632 1353 732 1423 τῆς
775 1350 965 1413 οὐσίας
1015 1348 1175 1419 λόγον
1198 1364 1215 1380 ο
1251 1347 1403 1402 ,ἀλλά
1433 1347 1512 1418 τῷ
1547 1345 1876 1417 κεχωρίσθαι

303 1447 451 1517 ἡμᾶς
477 1446 589 1509 τοῖς
612 1443 878 1515 σώμασιν,
907 1441 1090 1496 οὐκέτι
1128 1441 1186 1495 ἓν
1211 1442 1380 1511 ἐσμεν
1400 1442 1447 1495 οἱ
1475 1440 1678 1499 πολλοί,

382 1642 403 1677 ‹
439 1623 549 1678 Καὶ
582 1623 795 1695 ἀπῆλθε
829 1622 992 1677 πάλιν
1026 1624 1202 1695 πέραν
1235 1621 1329 1676 τοῦ
1378 1622 1669 1692 Ἰορδάνου.
1710 1641 1730 1677 ι

387 1713 477 1781 Ἐξ
514 1710 589 1770 ὧν
639 1715 877 1779 εὐκόλως
925 1714 1123 1774 αὐτοὺς
1153 1713 1475 1783 διαφεύγει,
1507 1716 1602 1768 καὶ
1636 1715 1880 1769 ἀκόντων

306 1804 486 1860 αὐτῶν
506 1845 522 1870 ,
550 1805 848 1869 δείκνυται,
890 1806 973 1858 ὅτι
1015 1805 1116 1859 οὐκ
1143 1805 1209 1859 ἂν
1241 1806 1386 1859 ἑάλω
1418 1808 1467 1860 εί
1495 1806 1569 1878 μὴ
1605 1805 1769 1862 ἑκών.

383 1935 401 1968 ι
441 1916 552 1969 Καὶ
583 1916 771 1970 πολλοὶ
796 1912 962 1987 ἦλθον
998 1915 1134 1988 πρὸς
1161 1917 1345 1979 αὐτὸν,
1373 1918 1467 1971 καὶ
1497 1918 1683 1988 ἔλεγον
1701 1934 1715 1950 ·
1754 1918 1880 1974 Ὅτι

317 2010 575 2078 Ἰωάννης
613 2010 712 2079 μὲν
743 2012 969 2080 σημεῖον
1000 2010 1256 2081 ἐποίησεν
1283 2010 1458 2066 οὐδέν.
1503 2031 1522 2064 ι

381 2106 497 2159 Ἰνα
530 2105 820 2176 ἀναμνήσῃ
847 2105 974 2168 τοὺς
1001 2104 1193 2175 ὄχλους
1210 2146 1225 2170 ,
1259 2099 1334 2160 ὧν
1360 2102 1479 2160 εἷπε
1505 2107 1631 2178 περὶ
1654 2106 1819 2161 αὐτοῦ
1851 2108 1882 2161 6

320 2196 593 2264 Ἰωάννης,
625 2191 787 2267 ἦλθεν
817 2197 951 2250 ἐκεῖ.
990 2198 1053 2249 Οἱ
1083 2196 1141 2249 δὲ
1176 2198 1515 2268 περάσαντες
1558 2199 1656 2253 τὸν
1689 2217 1882 2269 μυστι-

312 2290 406 2343 κὸν
448 2289 740 2360 Ἰορδάνην,
786 2288 1218 2358 ἀποκομίζονται
1266 2290 1401 2361 πρὸς
1442 2291 1595 2358 Θεὸν,
1631 2290 1708 2354 ὡς
1737 2291 1831 2344 καὶ
1856 2294 1884 2346 6

312 2380 543 2451 Χριστὸς
585 2380 831 2452 περάσας
872 2379 963 2433 τὸν
1022 2379 1296 2451 Ἰορδάνην
1324 2377 1488 2453 ἦλθεν
1519 2384 1599 2446 είς
1636 2382 1732 2455 τὴν
1773 2383 1884 2438 τῶν

311 2470 481 2527 ἐθνῶν
523 2470 871 2542 Ἐκκλησίαν,
911 2468 1005 2524 καὶ
1030 2468 1248 2540 ἔμεινεν
1275 2474 1407 2527 ἐκεῖ.

875 2607 1130 2664 ΚΕΦΑΛ.
1166 2609 1273 2664 ΙΑ¹.

387 2762 407 2797 ι
457 2739 727 2808 Ἀκούσας
752 2745 810 2799 δὲ
839 2747 868 2798 ὁ
904 2746 1114 2816 Ἰησοῦς
1143 2743 1297 2799 εἶπεν
1321 2760 1335 2776 ·
1368 2742 1519 2814 Αὕτη
1558 2745 1591 2814 ἠ
1630 2743 1885 2799 ἀσθένεια

310 2835 412 2888 οὐκ
438 2834 554 2888 ἔστι
577 2836 710 2906 1:96;
729 2837 980 2902 θάνατον,
1008 2837 1123 2891 ἀλλ’
1146 2836 1288 2907 ὑπὲρ
1314 2837 1414 2905 τῆς
1428 2835 1588 2906 δόξης
1607 2835 1702 2890 τοῦ
1725 2836 1884 2903 Θεοῦ,

311 2926 397 2980 ῐνα
426 2925 658 2996 δοξασθῇ
684 2928 713 2980 ὁ
743 2928 871 2991 Υἱὸς
900 2928 996 2982 τοῦ
1025 2926 1161 2981 Θεοῦ
1183 2927 1252 2980 δι’
1276 2926 1468 2995 αὐτῆς.
1509 2945 1528 2977 ι

383 3019 499 3072 Οὐκ
547 3017 663 3072 ἔστι
709 3020 846 3090 πρὸς
892 3019 1146 3084 θάνατον,
1191 3018 1439 3073 τουτέστι
1472 3018 1609 3089 πρὸς
1635 3017 1884 3089 διηνεκῆ,

1973 537 2227 604 cognosci
2259 537 2409 592 dicit.

2045 630 2157 701 Ego
2189 631 2243 686 in
2271 631 2433 687 Patre
2479 645 2600 687 sum
2627 671 2643 698 ,
2693 641 2749 688 et
2781 632 2942 687 Pater
2983 635 3037 688 in
3072 650 3157 690 me
3187 636 3545 704 conspicitur,

1977 722 2272 777 secundum
2315 730 2524 779 naturae
2571 733 2735 792 atque
2795 725 3126 780 substantia
3177 725 3546 783 idcntitatem.

1980 813 2095 871 Una
2125 815 2392 883 siquidem
2433 826 2518 874 est
2549 828 2760 874 natum
2794 817 3063 881 deﬁnitio,
3093 818 3311 874 tametsi
3342 820 3394 874 in
3426 835 3551 889 pro-

1977 905 2111 975 priis
2134 905 2500 963 subsistentiis
2555 909 2956 964 sanctissimam
2988 906 3312 963 Trinitatem
3348 925 3552 979 cogno-

1979 1010 2216 1052 scamus.
2252 997 2411 1053 Pater
2443 999 2588 1054 enim
2619 1015 2727 1054 non
2758 1009 2843 1054 cst
2863 998 3032 1054 Filius
3056 1000 3140 1054 vel
3167 999 3398 1069 Spiritus
3429 1016 3554 1054 san-

1981 1101 2124 1154 ctus,
2157 1105 2331 1160 neque
2360 1105 2392 1147 e
2426 1091 2664 1156 diverso,
2698 1092 2826 1147 licet
2848 1098 3032 1145 mutua
3061 1093 3443 1147 communione
3472 1100 3555 1146 at-

1980 1195 2084 1250 que
2113 1181 2421 1250 aequalitate
2449 1196 2552 1235 non
2576 1180 2852 1236 diﬂ‘erant.
2881 1181 3096 1236 Etenim
3125 1183 3375 1250 quamvis
3391 1181 3554 1236 etiam

1981 1273 2036 1328 in
2067 1274 2221 1330 nobis
2245 1273 2506 1343 genitoris
2528 1274 2830 1329 substantia
2853 1282 3240 1344 cognoscatur,
3265 1282 3319 1327 et
3344 1272 3402 1326 in
3426 1280 3557 1325 nato

1983 1375 2170 1436 pater,
2209 1365 2503 1420 secundum
2535 1364 2852 1420 substantia:
2904 1364 3170 1418 rationem
3216 1381 3232 1419 :
3284 1363 3379 1419 sed
3432 1377 3556 1417 cum

1981 1455 2304 1526 corporibus
2333 1455 2753 1527 distinguantur,
2806 1470 3149 1526 nequaquam
3178 1453 3289 1523 jam
3320 1453 3558 1524 amplius

1985 1547 2113 1616 quid
2142 1562 2305 1600 unum
2334 1561 2524 1601 sumus
2557 1545 2733 1601 multi.

2057 1635 2222 1691 Vens.
2250 1636 2340 1691 40.
2375 1653 2395 1688 ι
2430 1636 2495 1690 Ει
2519 1636 2652 1689 abiit
2679 1636 2873 1690 iterum
2898 1646 3047 1691 trans
3077 1636 3392 1692 Jordanem.
3428 1654 3449 1688 ι

2058 1727 2264 1782 Exinde
2295 1733 2499 1790 autem,
2529 1727 2672 1795 quod
2705 1724 2864 1780 facile
2893 1725 3016 1779 illos
3061 1725 3280 1792 emigiat
3308 1723 3391 1779 vel
3426 1720 3561 1777 invi-

1909 1797 1952 1854 Β
1985 1828 2089 1884 tos,
2118 1819 2312 1890 arguit,
2334 1832 2455 1873 eum
2482 1817 2693 1872 nonnisi
2723 1816 3001 1872 voluntate
3039 1831 3135 1871 sua
3161 1823 3379 1885 captqu
3410 1828 3557 1875 esse.

2057 1932 2220 1988 Vens.
2242 1933 2334 1987 41.
2369 1950 2389 1984 ι
2426 1931 2492 1985 Et
2532 1929 2686 1985 multi
2725 1938 2990 1986 venerunt
3015 1931 3081 1985 ad
3120 1942 3285 1993 eum;
3320 1938 3373 1984 et
3416 1930 3568 1986 dice-

1981 2024 2113 2080 bant
2146 2040 2159 2076 :
2194 2024 2329 2092 Quia
2355 2022 2590 2079 Joannes
2615 2022 2832 2093 quidem
2866 2022 3077 2089 signum
3113 2019 3244 2076 fecit
3273 2020 3500 2075 nullum.
3540 2038 3561 2074 ι

2055 2115 2128 2170 Ut
2179 2118 2367 2171 turbas
2416 2129 2603 2172 eorum
2635 2129 2755 2184 quae
2793 2113 2859 2169 de
2890 2114 3008 2182 ipso
3051 2111 3293 2167 Joannes
3331 2113 3566 2181 dixerat,

1984 2216 2396 2274 commoneret,
2428 2221 2495 2263 eo
2542 2206 2830 2262 concessit.
2870 2204 2974 2271 Qui
3029 2214 3208 2259 autem
3271 2205 3566 2276 mysticum

1983 2299 2274 2356 Jordanem
2308 2308 2628 2365 transeunt,
2661 2298 2728 2352 ad
2770 2297 2937 2351 Deum
2974 2295 3276 2360 accedunt;
3304 2294 3569 2364 quemad-

1986 2392 2200 2446 modum
2219 2400 2274 2445 et
2294 2389 2540 2445 Christus
2559 2388 2846 2450 Iordanem
2880 2387 3147 2441 transiens
3169 2385 3320 2440 venit
3345 2384 3412 2438 ad
3442 2398 3568 2454 geu-

1990 2484 2120 2538 tium
2148 2482 2471 2547 Ecclesiam,
2497 2481 2683 2551 ibique
2703 2480 3030 2550 permansit.

2622 2614 2776 2672 CAP.
2804 2614 2897 2669 XI.

2059 2753 2224 2808 Vens.
2253 2751 2308 2807 4.
2347 2770 2366 2805 ι
2389 2749 2635 2806 Audiens
2664 2758 2843 2804 autem
2871 2745 3054 2814 Jesus,
3088 2745 3226 2801 dixit
3252 2744 3332 2802 eis
3373 2743 3573 2798 :lnﬂr-

1987 2846 2151 2901 mitas
2186 2845 2299 2900 haec
2326 2859 2431 2899 non
2459 2852 2542 2897 est
2582 2843 2647 2896 ad
2681 2852 2945 2905 mortem,
2975 2841 3071 2896 sed
3111 2855 3210 2909 pro
3233 2838 3407 2909 gloria
3452 2836 3572 2901 Dei,

1989 2944 2046 2991 ut
2076 2936 2409 3005 gloriﬁcetur
2431 2931 2604 2988 Filius
2628 2932 2720 2987 Dei
2749 2947 2847 3002 per
2873 2946 3020 2986 eam.
3055 2949 3074 2983 ι

2043 3025 2161 3080 Non
2191 3033 2270 3079 es!
2301 3023 2367 3078 ad
2396 3031 2646 3088 mortem,
2677 3020 2883 3077 scilicet
2902 3021 2967 3073 ad
2986 3028 3212 3075 mortem
3232 3026 3572 3089 perpetuam,

308 3113 426 3169 ἀλλ’
466 3115 547 3176 εἰς
588 3115 758 3184 μόνας
807 3115 1082 3186 τέσσαρας
1123 3115 1387 3185 ἡμέρας,
1436 3114 1624 3183 ἐπειδὴ
1682 3114 1885 3184 ἀνέστη

1990 3118 2084 3174 sed
2112 3132 2210 3186 per
2236 3124 2471 3186 quatuor
2504 3113 2620 3168 dies
2669 3118 2873 3166 tantum
2896 3153 2911 3178 ,
2960 3126 3080 3166 cum
3120 3125 3224 3164 non
3261 3107 3469 3161 diutius
3517 3106 3571 3158 in

313 3208 431 3279 μετ’
447 3207 509 3261 οὐ
531 3207 691 3262 πολύ.
715 3207 864 3279 1196;
883 3207 945 3261 τὸ
963 3208 1137 3278 πέρας
1156 3208 1396 3278 ὁρῶντες
1418 3205 1512 3259 τοῦ
1535 3207 1883 3277 πράγματος,

309 3300 543 3370 λέγομεν
595 3299 669 3371 μὴ
704 3296 1014 3371 εἶναιπρὸς
1056 3299 1284 3354 θάνατον
1326 3298 1424 3369 τὴν
1453 3296 1759 3351 ἀσθένειαν.
1812 3298 1889 3351 Οὐ

310 3392 586 3463 τοσαύτης
614 3388 685 3462 ἦν
711 3392 873 3462 δόξης
897 3391 994 3446 καὶ
1024 3391 1307 3461 θαύματος
1330 3389 1392 3441 τὸ
1414 3390 1627 3458 ἐγεῖραι
1653 3388 1748 3441 τὸν
1776 3388 1892 3442 Λά-

316 3485 483 3554 ζαρον
518 3484 583 3535 ὲκ
613 3482 715 3548 τῆς
762 3482 919 3536 νόσου
942 3520 958 3546 ,
996 3482 1120 3537 ὅσον
1159 3481 1223 3535 τὸ
1269 3479 1576 3550 ἀναστῆσαι
1613 3478 1779 3533 αὐτὸν
1827 3481 1895 3534 ὲκ

315 3573 547 3646 νεκρῶν.
577 3571 805 3645 [ϐαλλι]

395 3685 414 3718 ι
453 3666 573 3719 Ἵνα
609 3664 871 3737 δοξασθῇ,
910 3664 1095 3736 φησὶν,
1128 3664 1158 3717 6
1197 3663 1324 3728 Υἱὸς
1358 3664 1454 3718 τοῦ
1493 3662 1782 3737 ἀνθρώπου
1827 3663 1895 3718 δι’

317 3756 508 3827 αὐτῆς.
548 3773 569 3807 ι

390 3849 466 3903 Οὐ
493 3847 604 3919 γάρ
629 3844 904 3916 τοσαύτης
931 3839 1001 3917 ῆν
1027 3843 1186 3915 δόξης
1220 3845 1315 3899 καὶ
1341 3842 1641 3912 θαύματος,
1662 3847 1723 3900 τὸ
1749 3848 1897 3915 ἐγεῖ-

322 3957 411 4011 ραι
449 3940 539 3992 τὸν
575 3937 826 4008 Λάζαρον
866 3938 931 3991 ὲκ
967 3936 1068 4008 τῆς
1122 3936 1308 4005 νόσου,
1338 3936 1463 3989 ὅσον
1502 3935 1563 3989 τὸ
1596 3936 1898 4009 ἀναστῆσαι

321 4031 481 4091 αὐτὸν
515 4032 579 4084 ὲκ
606 4028 836 4101 νεκρῶν.

396 4161 416 4194 ι
465 4141 554 4206 Ὣς
589 4136 685 4196 οὖν
723 4141 956 4213 ἤκουσεν
981 4141 1064 4195 ὅτι
1106 4138 1348 4209 ἀσθενεῖ,
1390 4139 1514 4196 τότε
1546 4141 1648 4214 μὲν
1681 4141 1900 4213 ἔμεινεν

318 4235 378 4290 ὲν
404 4227 449 4303 ᾧ
471 4229 540 4305 ἦν
559 4233 711 4304 τόπῳ
738 4231 832 4286 δύο
857 4232 1098 4305 ἡμέρας.
1132 4251 1153 4284 ι
1258 4276 1265 4281 _

387 4326 490 4380 Διά
522 4325 685 4379 τοῦτο
719 4324 777 4378 δὲ
817 4324 1035 4394 ἔμεινεν
1079 4326 1198 4379 ἐκεῖ
1232 4324 1327 4379 δύο
1373 4325 1589 4398 ἡμέρας
1625 4326 1715 4381 ῐνα
1759 4327 1897 4380 ἀπο-

319 4418 456 4489 θάνῃ
488 4417 585 4471 καὶ
609 4418 780 4487 ταφῇ,
815 4416 912 4470 καὶ
942 4416 1015 4488 μὴ
1043 4415 1271 4471 εἴπωσιν
1295 4419 1344 4470 οἱ
1383 4416 1647 4483 Ἰουδαῖοι,
1678 4419 1762 4472 ὅτι
1798 4435 1900 4473 κα-

325 4473 567 4580 ρωθέντα
592 4473 1072 4577 αύτδζάνέστῆσε.
1100 4508 1203 4562 Διά
1236 4508 1394 4563 τοῦτο
1418 4509 1476 4563 δὲ
1505 4473 1766 4581 προὶίέγει
1784 4513 1901 4574 τοῖς
1932 4473 1976 4529 D

326 4599 631 4672 μαθηταῖς,
674 4600 937 4668 Ἄγωμεν
977 4602 1065 4666 εις
1110 4600 1228 4670 τὴν
1288 4602 1592 4659 Ἰουδαίαν
1613 4644 1629 4670 ,
1687 4604 1776 4658 ἵνα
1827 4604 1902 4675 μὴ

320 4693 519 4762 ἀθρόον
551 4690 881 4754 ἀπελθόντος
923 4691 1090 4745 αὐτοῦ
1136 4695 1254 4746 ἐκεῖ
1280 4695 1650 4766 ταραχθῶσιν,
1668 4696 1904 4749 Ἐκεῖνοι

319 4786 376 4840 δὲ
411 4782 569 4839 οὖπω
617 4784 773 4847 δντες
822 4783 1254 4855 ἀπηρτισμένοι,
1303 4786 1400 4839 καὶ
1454 4787 1772 4857 νομίζοντες
1815 4787 1903 4839 ὅτι

322 4876 471 4931 άκων
522 4876 782 4946 ἔπασχεν,
820 4869 1006 4928 εἶπον
1051 4875 1185 4929 Νῦν
1230 4873 1480 4944 ἐζήτουν
1512 4891 1587 4930 σε
1616 4876 1899 4943 λιθάσαι,

324 4968 423 5021 καὶ
451 4967 638 5023 πάλιν
667 4966 921 5037 ὑπάγεις
947 4966 1109 5031 ἐςιεῗ;

399 5103 419 5136 ι
465 5084 761 5158 Ἀπεκρίθη
791 5087 822 5140 6
868 5083 1079 5157 Ἰησοῦς
1102 5102 1115 5116 ·
1153 5084 1289 5156 Οὐχὶ
1330 5084 1541 5141 δώδεκά
1586 5087 1726 5139 εἰσιν
1756 5076 1893 5155 ὧραι

323 5176 426 5247 τῆς
450 5178 665 5249 ἡμέρας
697 5196 713 5247 ;
752 5197 772 5231 ι

399 5266 474 5320 T6
507 5268 587 5333 δὲ,
622 5268 873 5336 ζητοῦσι
923 5283 1001 5324 σε
1055 5267 1323 5336 λιθάσαι,
1377 5268 1473 5323 καὶ
1518 5268 1588 5323 τά
1619 5267 1785 5337 ἑξῆς,
1826 5268 1901 5331 ὡς

330 5361 495 5431 μήπω
520 5358 670 5424 ὄντες
714 5361 1152 5433 ἀπηρτισμένοι,
1188 5362 1285 5416 καὶ⁵
1330 5361 1647 5429 νομίζοντες
1685 5362 1768 5413 ὅτι
1808 5360 1903 5415 καὶ

324 5452 474 5506 ἄκων
507 5451 768 5523 ἔπασχεν,
829 5451 983 5509 εἷπον
1043 5453 1236 5508 τοῦτο’
1271 5473 1289 5505 ι
1323 5453 1462 5523 Οὐχὶ
1498 5451 1709 5506 δώδεκα
1758 5444 1900 5521 ὧραί

326 5546 432 5597 εἱσι
458 5560 474 5609 ;
523 5562 544 5596 ι
580 5543 675 5597 κατ⁹
698 5543 767 5598 τά
789 5542 934 5615 ἑξῆς.
972 5544 1200 5619 [Cant]

397 5635 611 5707 Ὠσπερ
641 5636 871 5702 ἀστατος
909 5641 941 5709 ἡ
986 5642 1169 5712 ἡμέρα
1200 5639 1309 5695 ἀπὸ
1336 5639 1486 5710 ὥρας
1510 5641 1591 5702 εἰς
1620 5638 1770 5708 ὥραν
1805 5654 1900 5707 με·

325 5726 685 5795 ταῦαίνουσα,
717 5728 859 5783 οὕτω
902 5732 995 5785 καὶ
1041 5733 1074 5804 ἡ
1120 5731 1228 5788 τῶν
1279 5728 1583 5800 ἀνθρώπων
1616 5727 1845 5799 γνώμη,
1878 5728 1905 5781 ὃ

1989 3219 2163 3266 morte
2190 3209 2440 3264 detentus
2472 3215 2575 3261 est.
2593 3203 2780 3258 Finem
2802 3203 3142 3257 intendenles
3163 3199 3394 3255 dicimus
3420 3196 3576 3250 infir-

1992 3301 2239 3356 mitatem
2276 3314 2380 3354 non
2411 3311 2533 3353 esse
2584 3296 2651 3349 ad
2681 3301 2933 3349 mortem.
2980 3291 3099 3347 Non
3127 3300 3236 3345 tam
3280 3289 3574 3359 gloriosum

1993 3401 2047 3449 et
2078 3390 2324 3447 mirabile
2351 3398 2468 3444 erat
2521 3386 2788 3442 Lazarum
2821 3401 2850 3439 a
2875 3383 3063 3439 morbo
3115 3396 3309 3438 sanare
3353 3394 3513 3450 quam
3546 3392 3579 3434 ο

1994 3481 2223 3538 mortuis
2253 3480 2540 3536 suscitare.

2071 3678 2092 3712 ι
2159 3657 2230 3715 Ut
2280 3655 2636 3727 gloriﬁcatur,
2707 3650 2904 3722 inquit,
2963 3648 3135 3705 Filius
3186 3647 3427 3704 hominis
3482 3660 3581 3717 per

1996 3766 2138 3808 eam.
2180 3770 2201 3804 ι

2067 3844 2189 3900 Non
2220 3844 2367 3898 enim
2410 3848 2573 3896 tantae
2603 3838 2792 3909 gloriae
2819 3835 2906 3891 vel
2951 3832 3199 3889 miraculi
3240 3845 3376 3902 opus
3417 3839 3575 3894 erat,

1999 3937 2262 3993 Lazarum
2285 3951 2315 3990 a
2346 3936 2538 3991 morbo
2571 3934 2823 3995 liberare,
2853 3942 3017 4005 quam
3058 3941 3089 3981 a
3125 3924 3356 3981 mortuis
3400 3922 3575 3994 ipsum

1999 4031 2199 4087 suscita
2209 4044 2287 4084 re.

2072 4135 2298 4193 Vsas.6.
2326 4154 2345 4189 ι
2381 4134 2454 4191 Ut
2470 4148 2600 4205 ergo
2629 4130 2837 4188 audivit
2867 4130 2991 4193 quia
3024 4123 3422 4197 inﬁrmabatur,
3450 4129 3580 4176 tunc

2001 4229 2217 4301 quidem
2244 4227 2446 4282 mansit
2484 4226 2536 4280 in
2569 4224 2759 4279 eodem
2788 4222 2913 4277 loco
2949 4218 3163 4275 duobus
3197 4215 3403 4271 diebus.
3447 4232 3467 4265 ι

2071 4320 2278 4376 Idcirco
2306 4327 2486 4373 autem
2522 4315 2720 4371 mansit
2748 4314 2821 4370 ibi
2884 4313 3095 4368 duobus
3131 4310 3356 4372 diebus,
3390 4315 3447 4360 ut
3481 4320 3578 4360 ex-

2004 4415 2258 4486 spiraret,
2294 4426 2359 4465 ac
2402 4408 2747 4479 sepeliretur,
2798 4419 2865 4461 ne
2909 4403 3079 4458 Judaei
3129 4402 3403 4466 dicerent,
3434 4398 3578 4468 quod

2003 4521 2193 4565 somno
2218 4511 2496 4576 gravatum
2541 4500 2853 4556 excitasset.
2884 4488 3174 4564 Propteréa
3211 4507 3340 4547 vero
3366 4489 3566 4559 praedi-

2005 4599 2079 4653 cit
2119 4594 2423 4665 discipulis,
2468 4590 2672 4646 Eamus
2723 4590 2776 4642 in
2812 4585 3060 4641 Judcam
3083 4626 3098 4651 ,
3137 4599 3203 4638 ne
3235 4584 3352 4652 ipso
3381 4595 3446 4633 eo
3479 4580 3582 4634 ile—

2003 4703 2124 4743 rum
2171 4684 2457 4741 confestim
2500 4683 2733 4737 abeunte
2783 4680 3151 4733 turbarentur.
3208 4674 3312 4744 Ipsi
3364 4681 3578 4735 autem,

2003 4789 2192 4848 utpote
2236 4779 2416 4833 adhuc
2448 4772 2753 4842 imperfecti
2785 4811 2801 4837 ,
2833 4781 2888 4825 et
2918 4769 3305 4825 existimantes
3335 4780 3458 4818 eum
3496 4764 3582 4816 iu-

2001 4871 2171 4926 vitum
2204 4870 2346 4940 pati,
2377 4869 2563 4923 dicunt
2592 4883 2607 4921 :
2636 4862 2793 4917 Nunc
2823 4863 3131 4934 qmerebaut
3168 4870 3214 4914 te
3240 4857 3498 4928 lapidare,
3529 4862 3580 4909 et

1994 4963 2193 5018 iterum
2214 4962 2371 5017 vades
2402 4959 2526 5013 illuc
2541 4957 2568 5012 ἵ

2079 5076 2240 5132 Vens.
2275 5076 2328 5132 9.
2385 5093 2403 5126 ι
2454 5072 2755 5143 Respondit
2791 5069 2949 5126 Jesus
2998 5084 3013 5120 :
3061 5065 3255 5122 Nonne
3295 5061 3579 5118 duodecim

2005 5180 2133 5226 sunt
2155 5170 2300 5223 horae
2331 5165 2473 5222 diei?
2505 5183 2526 5218 ι

2058 5262 2171 5318 Hoc
2200 5275 2349 5326 vero,
2376 5265 2617 5330 quarunt
2650 5265 2699 5309 te
2725 5250 2984 5322 lapidare,
3014 5259 3144 5314 etc.,
3173 5246 3423 5303 dicebant
3448 5244 3577 5314 quia

2007 5355 2185 5410 adhuc
2220 5350 2393 5423 ignari
2441 5356 2636 5414 erant,
2668 5346 2928 5415 putabant
2959 5343 3103 5397 enim
3163 5340 3325 5395 etiam
3354 5336 3578 5392 invitum

2006 5459 2317 5518 passurum.
2344 5441 2636 5512 Propterea
2656 5438 2824 5494 dixit:
2858 5453 2878 5487 ί
2903 5434 3093 5490 Nonne
3123 5428 3404 5487 duodecim
3432 5427 3581 5483 horae

2006 5547 2131 5593 sunt
2160 5534 2299 5589 diei?
2321 5553 2339 5585 ι
2384 5543 2489 5588 etc.

2060 5625 2524 5695 Quemadmodum
2556 5620 2824 5676 instabilis
2866 5627 2949 5672 est
2982 5615 3096 5671 dies
3121 5615 3188 5670 ab
3214 5616 3347 5669 hora
3380 5607 3448 5662 ad
3484 5607 3585 5661 lio-

2012 5735 2124 5774 ram
2184 5717 2482 5782 transiens,
2517 5714 2594 5770 sic
2637 5726 2831 5769 sensus
2886 5709 3190 5774 hominum,
3246 5701 3454 5761 scilicet
3484 5695 3585 5780 Juj
