  <div class='ocr_page' id='page_1' title='image "/cluster/home/n/w/nwhite01/storage/ocr_20150623/85/coo.31924054869866/742.png"; bbox 0 0 4072 6418; ppageno 0'>
   <div class='ocr_carea' id='block_1_1' title="bbox 293 335 432 400">
    <p class='ocr_par' dir='ltr' id='par_1_1' title="bbox 293 335 432 400">
     <span class='ocr_line' id='line_1_1' title="bbox 293 335 432 400; baseline 0.007 -1"><span class='ocrx_word' id='word_1_1' title='bbox 293 335 432 400; x_wconf 66' lang='lat'><strong>1-189</strong></span> 
     </span>
    </p>
   </div>
   <div class='ocr_carea' id='block_1_2' title="bbox 1342 347 2436 418">
    <p class='ocr_par' dir='ltr' id='par_1_2' title="bbox 1342 347 2436 418">
     <span class='ocr_line' id='line_1_2' title="bbox 1342 347 2436 418; baseline 0.013 -14"><span class='ocrx_word' id='word_1_2' title='bbox 1342 347 1801 409; x_wconf 83' lang='lat' dir='ltr'><strong>FRAGMENTA</strong></span> <span class='ocrx_word' id='word_1_3' title='bbox 1840 351 1923 411; x_wconf 90' lang='grc' dir='ltr'><strong>ΙΝ</strong></span> <span class='ocrx_word' id='word_1_4' title='bbox 1963 354 2024 414; x_wconf 91' lang='lat' dir='ltr'><strong>S.</strong></span> <span class='ocrx_word' id='word_1_5' title='bbox 2062 353 2436 418; x_wconf 73' lang='lat' dir='ltr'><strong>JOANNEM.</strong></span> 
     </span>
    </p>
   </div>
   <div class='ocr_carea' id='block_1_3' title="bbox 3411 365 3544 431">
    <p class='ocr_par' dir='ltr' id='par_1_3' title="bbox 3411 365 3544 431">
     <span class='ocr_line' id='line_1_3' title="bbox 3411 365 3544 431; baseline 0.023 -3"><span class='ocrx_word' id='word_1_6' title='bbox 3411 365 3544 431; x_wconf 65' lang='lat' dir='ltr'><strong>H70</strong></span> 
     </span>
    </p>
   </div>
   <div class='ocr_carea' id='block_1_4' title="bbox 284 447 1852 542">
    <p class='ocr_par' dir='ltr' id='par_1_4' title="bbox 284 447 1852 527">
     <span class='ocr_line' id='line_1_4' title="bbox 284 447 1852 527; baseline 0.008 -27"><span class='ocrx_word' id='word_1_7' title='bbox 284 447 425 518; x_wconf 79' lang='grc' dir='ltr'>ὑπὲρ</span> <span class='ocrx_word' id='word_1_8' title='bbox 467 448 693 513; x_wconf 74' lang='grc' dir='ltr'>ἑαυτοὺς</span> <span class='ocrx_word' id='word_1_9' title='bbox 737 449 1174 522; x_wconf 84' lang='grc' dir='ltr'>εῦχαριστῶμεν.</span> <span class='ocrx_word' id='word_1_10' title='bbox 1224 452 1396 508; x_wconf 87' lang='grc' dir='ltr'>Τοῦτο</span> <span class='ocrx_word' id='word_1_11' title='bbox 1442 457 1535 509; x_wconf 72' lang='grc' dir='ltr'>ἐπὶ</span> <span class='ocrx_word' id='word_1_12' title='bbox 1574 458 1744 527; x_wconf 82' lang='grc' dir='ltr'>φίλων</span> <span class='ocrx_word' id='word_1_13' title='bbox 1776 460 1852 513; x_wconf 82' lang='grc' dir='ltr'><strong>λέ-</strong></span> 
     </span>
    </p>
   </div>
   <div class='ocr_carea' id='block_1_5' title="bbox 1953 447 3542 542">
    <p class='ocr_par' dir='ltr' id='par_1_5' title="bbox 1971 466 3542 542">
     <span class='ocr_line' id='line_1_5' title="bbox 1971 466 3542 542; baseline 0.01 -25"><span class='ocrx_word' id='word_1_14' title='bbox 1971 474 2024 517; x_wconf 93' lang='lat' dir='ltr'><strong>et</strong></span> <span class='ocrx_word' id='word_1_15' title='bbox 2053 479 2153 520; x_wconf 89' lang='lat' dir='ltr'><strong>nos</strong></span> <span class='ocrx_word' id='word_1_16' title='bbox 2184 466 2232 520; x_wconf 93' lang='lat' dir='ltr'><strong>ei</strong></span> <span class='ocrx_word' id='word_1_17' title='bbox 2262 482 2360 534; x_wconf 89' lang='lat' dir='ltr'><strong>pro</strong></span> <span class='ocrx_word' id='word_1_18' title='bbox 2387 467 2539 523; x_wconf 91' lang='lat' dir='ltr'><strong>nobis</strong></span> <span class='ocrx_word' id='word_1_19' title='bbox 2562 470 2765 539; x_wconf 79' lang='lat' dir='ltr'><strong>gratias</strong></span> <span class='ocrx_word' id='word_1_20' title='bbox 2788 486 3029 542; x_wconf 78' lang='lat' dir='ltr'><strong>agamus.</strong></span> <span class='ocrx_word' id='word_1_21' title='bbox 3054 472 3210 540; x_wconf 80' lang='lat' dir='ltr'><strong>Quod</strong></span> <span class='ocrx_word' id='word_1_22' title='bbox 3239 475 3381 532; x_wconf 81' lang='lat' dir='ltr'><strong>inter</strong></span> <span class='ocrx_word' id='word_1_23' title='bbox 3407 479 3542 532; x_wconf 89' lang='lat' dir='ltr'><strong>ami-</strong></span> 
     </span>
    </p>
   </div>
   <div class='ocr_carea' id='block_1_6' title="bbox 280 540 884 611">
    <p class='ocr_par' dir='ltr' id='par_1_6' title="bbox 280 540 884 611">
     <span class='ocr_line' id='line_1_6' title="bbox 280 540 884 611; baseline 0.008 -21"><span class='ocrx_word' id='word_1_24' title='bbox 280 555 436 607; x_wconf 86' lang='grc' dir='ltr'>γεται</span> <span class='ocrx_word' id='word_1_25' title='bbox 466 542 560 594; x_wconf 66' lang='grc' dir='ltr'>καὶ</span> <span class='ocrx_word' id='word_1_26' title='bbox 583 540 884 611; x_wconf 82' lang='grc' dir='ltr'><strong>ὁμοτίμων.</strong></span> 
     </span>
    </p>
   </div>
   <div class='ocr_carea' id='block_1_7' title="bbox 356 598 1866 705">
    <p class='ocr_par' dir='ltr' id='par_1_7' title="bbox 356 598 1866 705">
     <span class='ocr_line' id='line_1_7' title="bbox 356 598 1866 705; baseline 0.009 -24"><span class='ocrx_word' id='word_1_27' title='bbox 356 647 377 681; x_wconf 71' lang='grc' dir='ltr'><strong>ι</strong></span> <span class='ocrx_word' id='word_1_28' title='bbox 416 628 557 698; x_wconf 74' lang='grc' dir='ltr'><strong>Ἐγὼ</strong></span> <span class='ocrx_word' id='word_1_29' title='bbox 589 598 646 683; x_wconf 65' lang='grc' dir='ltr'><strong>δέ</strong></span> <span class='ocrx_word' id='word_1_30' title='bbox 681 598 828 702; x_wconf 64' lang='grc' dir='ltr'>ᾔδειν</span> <span class='ocrx_word' id='word_1_31' title='bbox 868 633 951 685; x_wconf 78' lang='grc' dir='ltr'>ὅτι</span> <span class='ocrx_word' id='word_1_32' title='bbox 997 598 1228 688; x_wconf 73' lang='grc' dir='ltr'>πάντοτέ</span> <span class='ocrx_word' id='word_1_33' title='bbox 1276 652 1377 705; x_wconf 88' lang='grc' dir='ltr'><strong>μου</strong></span> <span class='ocrx_word' id='word_1_34' title='bbox 1427 637 1687 705; x_wconf 82' lang='grc' dir='ltr'><strong>ἀκούεις,</strong></span> <span class='ocrx_word' id='word_1_35' title='bbox 1729 640 1866 695; x_wconf 64' lang='grc' dir='ltr'>ἀλλὰ</span> 
     </span>
    </p>
   </div>
   <div class='ocr_carea' id='block_1_8' title="bbox 1967 559 2820 629">
    <p class='ocr_par' dir='ltr' id='par_1_8' title="bbox 1967 559 2820 629">
     <span class='ocr_line' id='line_1_8' title="bbox 1967 559 2820 629; baseline 0.008 -17"><span class='ocrx_word' id='word_1_36' title='bbox 1967 570 2061 612; x_wconf 90' lang='lat' dir='ltr'><strong>cos</strong></span> <span class='ocrx_word' id='word_1_37' title='bbox 2083 566 2137 612; x_wconf 92' lang='lat' dir='ltr'><strong>et</strong></span> <span class='ocrx_word' id='word_1_38' title='bbox 2166 559 2403 629; x_wconf 66' lang='lat' dir='ltr'><strong>aaqnales</strong></span> <span class='ocrx_word' id='word_1_39' title='bbox 2427 560 2604 616; x_wconf 88' lang='lat' dir='ltr'><strong>locum</strong></span> <span class='ocrx_word' id='word_1_40' title='bbox 2634 562 2820 619; x_wconf 88' lang='lat' dir='ltr'><strong>habet.</strong></span> 
     </span>
    </p>
   </div>
   <div class='ocr_carea' id='block_1_9' title="bbox 2038 646 3542 729">
    <p class='ocr_par' dir='ltr' id='par_1_9' title="bbox 2038 646 3542 729">
     <span class='ocr_line' id='line_1_9' title="bbox 2038 646 3542 729; baseline 0.011 -29"><span class='ocrx_word' id='word_1_41' title='bbox 2038 646 2205 704; x_wconf 73' lang='lat' dir='ltr'><strong>Vens.</strong></span> <span class='ocrx_word' id='word_1_42' title='bbox 2252 649 2343 704; x_wconf 71' lang='lat'><strong>49..</strong></span> <span class='ocrx_word' id='word_1_43' title='bbox 2404 669 2424 703; x_wconf 80' lang='grc' dir='ltr'><strong>ι</strong></span> <span class='ocrx_word' id='word_1_44' title='bbox 2467 650 2579 721; x_wconf 74' lang='lat' dir='ltr'><strong>Ego</strong></span> <span class='ocrx_word' id='word_1_45' title='bbox 2624 663 2823 715; x_wconf 13' lang='lat' dir='ltr'><strong>autem,</strong></span> <span class='ocrx_word' id='word_1_46' title='bbox 2860 656 3099 711; x_wconf 83' lang='lat' dir='ltr'><strong>sciebam</strong></span> <span class='ocrx_word' id='word_1_47' title='bbox 3153 659 3279 728; x_wconf 85' lang='lat' dir='ltr'><strong>quia</strong></span> <span class='ocrx_word' id='word_1_48' title='bbox 3325 675 3542 729; x_wconf 82' lang='lat' dir='ltr'><strong>semper</strong></span> 
     </span>
    </p>
   </div>
   <div class='ocr_carea' id='block_1_10' title="bbox 278 720 1852 817">
    <p class='ocr_par' dir='ltr' id='par_1_10' title="bbox 278 720 1852 793">
     <span class='ocr_line' id='line_1_10' title="bbox 278 720 1852 793; baseline 0.008 -21"><span class='ocrx_word' id='word_1_49' title='bbox 278 720 366 774; x_wconf 80' lang='grc' dir='ltr'><strong>διὰ</strong></span> <span class='ocrx_word' id='word_1_50' title='bbox 390 722 482 773; x_wconf 84' lang='grc' dir='ltr'>τὸν</span> <span class='ocrx_word' id='word_1_51' title='bbox 504 721 659 791; x_wconf 82' lang='grc' dir='ltr'>ὄχλον</span> <span class='ocrx_word' id='word_1_52' title='bbox 691 723 783 775; x_wconf 81' lang='grc' dir='ltr'><strong>τὸν</strong></span> <span class='ocrx_word' id='word_1_53' title='bbox 809 723 1153 793; x_wconf 79' lang='grc' dir='ltr'><strong>περιεστῶτα</strong></span> <span class='ocrx_word' id='word_1_54' title='bbox 1177 722 1351 780; x_wconf 75' lang='grc' dir='ltr'>εἷπον·</span> <span class='ocrx_word' id='word_1_55' title='bbox 1383 728 1471 783; x_wconf 81' lang='grc' dir='ltr'><strong>ῐνα</strong></span> <span class='ocrx_word' id='word_1_56' title='bbox 1499 729 1852 785; x_wconf 70' lang='grc' dir='ltr'>πιστεύσωσιι</span> 
     </span>
    </p>
   </div>
   <div class='ocr_carea' id='block_1_11' title="bbox 1953 720 3537 817">
    <p class='ocr_par' dir='ltr' id='par_1_11' title="bbox 1967 720 3537 817">
     <span class='ocr_line' id='line_1_11' title="bbox 1967 720 3537 817; baseline 0.008 -26"><span class='ocrx_word' id='word_1_57' title='bbox 1967 752 2054 792; x_wconf 89' lang='lat' dir='ltr'><strong>me</strong></span> <span class='ocrx_word' id='word_1_58' title='bbox 2092 738 2268 802; x_wconf 86' lang='lat' dir='ltr'><strong>audis.</strong></span> <span class='ocrx_word' id='word_1_59' title='bbox 2297 741 2392 795; x_wconf 89' lang='lat' dir='ltr'><strong>sed</strong></span> <span class='ocrx_word' id='word_1_60' title='bbox 2438 720 2660 812; x_wconf 84' lang='lat' dir='ltr'><strong>propter</strong></span> <span class='ocrx_word' id='word_1_61' title='bbox 2707 744 2985 813; x_wconf 89' lang='lat' dir='ltr'><strong>populum,</strong></span> <span class='ocrx_word' id='word_1_62' title='bbox 3040 748 3131 816; x_wconf 86' lang='lat' dir='ltr'><strong>qui</strong></span> <span class='ocrx_word' id='word_1_63' title='bbox 3170 720 3537 817; x_wconf 30' lang='lat' dir='ltr'><strong>“circumstat,</strong></span> 
     </span>
    </p>
   </div>
   <div class='ocr_carea' id='block_1_12' title="bbox 278 811 992 882">
    <p class='ocr_par' dir='ltr' id='par_1_12' title="bbox 278 811 992 882">
     <span class='ocr_line' id='line_1_12' title="bbox 278 811 992 882; baseline 0.006 -18"><span class='ocrx_word' id='word_1_64' title='bbox 278 811 360 864; x_wconf 82' lang='grc' dir='ltr'>ὅτι</span> <span class='ocrx_word' id='word_1_65' title='bbox 385 812 450 865; x_wconf 87' lang='grc' dir='ltr'><strong>σύ</strong></span> <span class='ocrx_word' id='word_1_66' title='bbox 484 830 553 882; x_wconf 89' lang='grc' dir='ltr'><strong>με</strong></span> <span class='ocrx_word' id='word_1_67' title='bbox 582 815 933 878; x_wconf 78' lang='grc' dir='ltr'><strong>ἀπέστειλας.</strong></span> <span class='ocrx_word' id='word_1_68' title='bbox 972 835 992 868; x_wconf 69' lang='grc' dir='ltr'><strong>ι</strong></span> 
     </span>
    </p>
   </div>
   <div class='ocr_carea' id='block_1_13' title="bbox 366 904 1860 981">
    <p class='ocr_par' dir='ltr' id='par_1_13' title="bbox 366 904 1860 981">
     <span class='ocr_line' id='line_1_13' title="bbox 366 904 1860 981; baseline 0.008 -26"><span class='ocrx_word' id='word_1_69' title='bbox 366 904 452 956; x_wconf 87' lang='grc' dir='ltr'>Ἐν</span> <span class='ocrx_word' id='word_1_70' title='bbox 480 907 594 967; x_wconf 86' lang='grc' dir='ltr'>τοῖς</span> <span class='ocrx_word' id='word_1_71' title='bbox 642 905 783 977; x_wconf 83' lang='grc' dir='ltr'>ὑπὲρ</span> <span class='ocrx_word' id='word_1_72' title='bbox 827 906 989 975; x_wconf 84' lang='grc' dir='ltr'>φύσιν</span> <span class='ocrx_word' id='word_1_73' title='bbox 1032 909 1282 977; x_wconf 77' lang='grc' dir='ltr'>φαίνεται</span> <span class='ocrx_word' id='word_1_74' title='bbox 1325 910 1358 981; x_wconf 79' lang='grc' dir='ltr'>ἡ</span> <span class='ocrx_word' id='word_1_75' title='bbox 1404 908 1500 963; x_wconf 88' lang='grc' dir='ltr'><strong>τοῦ</strong></span> <span class='ocrx_word' id='word_1_76' title='bbox 1546 910 1685 964; x_wconf 87' lang='grc' dir='ltr'>Θεοῦ</span> <span class='ocrx_word' id='word_1_77' title='bbox 1715 913 1860 978; x_wconf 74' lang='grc' dir='ltr'>δόξα.</span> 
     </span>
    </p>
   </div>
   <div class='ocr_carea' id='block_1_14' title="bbox 280 995 1863 1071">
    <p class='ocr_par' dir='ltr' id='par_1_14' title="bbox 280 995 1863 1071">
     <span class='ocr_line' id='line_1_14' title="bbox 280 995 1863 1071; baseline 0.006 -23"><span class='ocrx_word' id='word_1_78' title='bbox 280 995 390 1067; x_wconf 79' lang='grc' dir='ltr'>Τὴν</span> <span class='ocrx_word' id='word_1_79' title='bbox 433 997 487 1050; x_wconf 83' lang='grc' dir='ltr'><strong>δὲ</strong></span> <span class='ocrx_word' id='word_1_80' title='bbox 521 997 616 1051; x_wconf 88' lang='grc' dir='ltr'><strong>τοῦ</strong></span> <span class='ocrx_word' id='word_1_81' title='bbox 650 999 866 1070; x_wconf 70' lang='grc' dir='ltr'>Πατρός</span> <span class='ocrx_word' id='word_1_82' title='bbox 893 1000 1051 1066; x_wconf 77' lang='grc' dir='ltr'>δόξαν</span> <span class='ocrx_word' id='word_1_83' title='bbox 1085 1003 1241 1071; x_wconf 77' lang='grc' dir='ltr'>φησὶ,</span> <span class='ocrx_word' id='word_1_84' title='bbox 1277 1002 1364 1057; x_wconf 79' lang='grc' dir='ltr'><strong>διὰ</strong></span> <span class='ocrx_word' id='word_1_85' title='bbox 1398 1003 1458 1055; x_wconf 79' lang='grc' dir='ltr'>τὸ</span> <span class='ocrx_word' id='word_1_86' title='bbox 1497 1004 1722 1066; x_wconf 76' lang='grc' dir='ltr'>ἀσθενὲς</span> <span class='ocrx_word' id='word_1_87' title='bbox 1755 1005 1863 1058; x_wconf 88' lang='grc' dir='ltr'><strong>τῶν</strong></span> 
     </span>
    </p>
   </div>
   <div class='ocr_carea' id='block_1_15' title="bbox 278 1087 1861 1162">
    <p class='ocr_par' dir='ltr' id='par_1_15' title="bbox 278 1087 1861 1162">
     <span class='ocr_line' id='line_1_15' title="bbox 278 1087 1861 1162; baseline 0.004 -23"><span class='ocrx_word' id='word_1_88' title='bbox 278 1087 585 1157; x_wconf 81' lang='grc' dir='ltr'><strong>ἀκροατῶν,</strong></span> <span class='ocrx_word' id='word_1_89' title='bbox 627 1089 722 1141; x_wconf 76' lang='grc' dir='ltr'>καὶ</span> <span class='ocrx_word' id='word_1_90' title='bbox 764 1088 853 1142; x_wconf 82' lang='grc' dir='ltr'>διὰ</span> <span class='ocrx_word' id='word_1_91' title='bbox 883 1092 945 1143; x_wconf 83' lang='grc' dir='ltr'>τὸ</span> <span class='ocrx_word' id='word_1_92' title='bbox 976 1091 1288 1159; x_wconf 76' lang='grc' dir='ltr'>ἁκενόδοξον</span> <span class='ocrx_word' id='word_1_93' title='bbox 1337 1092 1437 1146; x_wconf 77' lang='grc' dir='ltr'><strong>οὐκ</strong></span> <span class='ocrx_word' id='word_1_94' title='bbox 1480 1089 1657 1158; x_wconf 74' lang='grc' dir='ltr'>εἶπεν,</span> <span class='ocrx_word' id='word_1_95' title='bbox 1699 1091 1861 1162; x_wconf 57' lang='lat' dir='ltr'><strong>&quot;eos:</strong></span> 
     </span>
    </p>
   </div>
   <div class='ocr_carea' id='block_1_16' title="bbox 277 1183 1510 1261">
    <p class='ocr_par' dir='ltr' id='par_1_16' title="bbox 277 1183 1510 1261">
     <span class='ocr_line' id='line_1_16' title="bbox 277 1183 1510 1261; baseline 0.005 -25"><span class='ocrx_word' id='word_1_96' title='bbox 277 1183 375 1256; x_wconf 82' lang='grc' dir='ltr'>τὴν</span> <span class='ocrx_word' id='word_1_97' title='bbox 410 1185 567 1249; x_wconf 78' lang='grc' dir='ltr'>δόξαν</span> <span class='ocrx_word' id='word_1_98' title='bbox 604 1202 705 1257; x_wconf 90' lang='grc' dir='ltr'><strong>μου</strong></span> <span class='ocrx_word' id='word_1_99' title='bbox 728 1225 743 1249; x_wconf 92' lang='grc'>,</span> <span class='ocrx_word' id='word_1_100' title='bbox 775 1186 932 1252; x_wconf 77' lang='grc' dir='ltr'>ἀλλὰ,</span> <span class='ocrx_word' id='word_1_101' title='bbox 964 1187 1064 1260; x_wconf 82' lang='grc' dir='ltr'>τὴν</span> <span class='ocrx_word' id='word_1_102' title='bbox 1101 1188 1194 1242; x_wconf 89' lang='grc' dir='ltr'><strong>τοῦ</strong></span> <span class='ocrx_word' id='word_1_103' title='bbox 1226 1188 1439 1261; x_wconf 81' lang='grc' dir='ltr'><strong>Πατρός</strong></span> <span class='ocrx_word' id='word_1_104' title='bbox 1466 1187 1510 1242; x_wconf 78' lang='grc' dir='ltr'><strong>ι.</strong></span> 
     </span>
    </p>
   </div>
   <div class='ocr_carea' id='block_1_17' title="bbox 353 1377 1855 1454">
    <p class='ocr_par' dir='ltr' id='par_1_17' title="bbox 353 1377 1855 1454">
     <span class='ocr_line' id='line_1_17' title="bbox 353 1377 1855 1454; baseline 0.004 -24"><span class='ocrx_word' id='word_1_105' title='bbox 353 1396 374 1430; x_wconf 76' lang='grc' dir='ltr'><strong>ι</strong></span> <span class='ocrx_word' id='word_1_106' title='bbox 435 1379 546 1431; x_wconf 80' lang='grc' dir='ltr'><strong>Καὶ</strong></span> <span class='ocrx_word' id='word_1_107' title='bbox 599 1378 771 1433; x_wconf 84' lang='grc' dir='ltr'>ταῦτα</span> <span class='ocrx_word' id='word_1_108' title='bbox 820 1377 1013 1445; x_wconf 78' lang='grc' dir='ltr'>εἰπὼν,</span> <span class='ocrx_word' id='word_1_109' title='bbox 1045 1382 1196 1452; x_wconf 81' lang='grc' dir='ltr'>φωνῇ</span> <span class='ocrx_word' id='word_1_110' title='bbox 1254 1380 1464 1453; x_wconf 82' lang='grc' dir='ltr'>μεγάλῃ</span> <span class='ocrx_word' id='word_1_111' title='bbox 1519 1380 1855 1454; x_wconf 86' lang='grc' dir='ltr'>ἐκραύγασε·</span> 
     </span>
    </p>
   </div>
   <div class='ocr_carea' id='block_1_18' title="bbox 276 1469 931 1541">
    <p class='ocr_par' dir='ltr' id='par_1_18' title="bbox 276 1469 931 1541">
     <span class='ocr_line' id='line_1_18' title="bbox 276 1469 931 1541; baseline -0.003 -16"><span class='ocrx_word' id='word_1_112' title='bbox 276 1469 515 1541; x_wconf 75' lang='grc' dir='ltr'>Λάζαρε,</span> <span class='ocrx_word' id='word_1_113' title='bbox 555 1470 715 1538; x_wconf 89' lang='grc' dir='ltr'>δεῦρο</span> <span class='ocrx_word' id='word_1_114' title='bbox 744 1470 868 1535; x_wconf 80' lang='grc' dir='ltr'><strong>ἔξω.</strong></span> <span class='ocrx_word' id='word_1_115' title='bbox 912 1490 931 1523; x_wconf 78' lang='grc' dir='ltr'><strong>ι</strong></span> 
     </span>
    </p>
   </div>
   <div class='ocr_carea' id='block_1_19' title="bbox 361 1554 1853 1633">
    <p class='ocr_par' dir='ltr' id='par_1_19' title="bbox 361 1554 1853 1633">
     <span class='ocr_line' id='line_1_19' title="bbox 361 1554 1853 1633; baseline 0.004 -23"><span class='ocrx_word' id='word_1_116' title='bbox 361 1557 447 1620; x_wconf 82' lang='grc' dir='ltr'>Ὠς</span> <span class='ocrx_word' id='word_1_117' title='bbox 478 1557 759 1629; x_wconf 80' lang='grc' dir='ltr'>πόρρωθεν</span> <span class='ocrx_word' id='word_1_118' title='bbox 785 1554 953 1614; x_wconf 76' lang='grc' dir='ltr'>οὖσαν</span> <span class='ocrx_word' id='word_1_119' title='bbox 975 1560 1073 1632; x_wconf 86' lang='grc' dir='ltr'>τὴν</span> <span class='ocrx_word' id='word_1_120' title='bbox 1094 1560 1272 1632; x_wconf 69' lang='grc' dir='ltr'>ψυχὴν</span> <span class='ocrx_word' id='word_1_121' title='bbox 1292 1558 1380 1615; x_wconf 79' lang='grc' dir='ltr'>διὰ</span> <span class='ocrx_word' id='word_1_122' title='bbox 1399 1562 1648 1633; x_wconf 85' lang='grc' dir='ltr'><strong>κραυγῆς</strong></span> <span class='ocrx_word' id='word_1_123' title='bbox 1678 1562 1853 1631; x_wconf 81' lang='grc' dir='ltr'>καλεῖ,</span> 
     </span>
    </p>
   </div>
   <div class='ocr_carea' id='block_1_20' title="bbox 275 1646 1855 1727">
    <p class='ocr_par' dir='ltr' id='par_1_20' title="bbox 275 1646 1855 1727">
     <span class='ocr_line' id='line_1_20' title="bbox 275 1646 1855 1727; baseline 0.004 -24"><span class='ocrx_word' id='word_1_124' title='bbox 275 1651 336 1703; x_wconf 79' lang='grc' dir='ltr'>οὐ</span> <span class='ocrx_word' id='word_1_125' title='bbox 371 1649 477 1721; x_wconf 79' lang='grc' dir='ltr'>μὴν</span> <span class='ocrx_word' id='word_1_126' title='bbox 506 1649 580 1712; x_wconf 83' lang='grc' dir='ltr'>ὡς</span> <span class='ocrx_word' id='word_1_127' title='bbox 613 1646 780 1704; x_wconf 80' lang='grc' dir='ltr'>οὖσαν</span> <span class='ocrx_word' id='word_1_128' title='bbox 817 1653 876 1705; x_wconf 86' lang='grc' dir='ltr'><strong>ἐν</strong></span> <span class='ocrx_word' id='word_1_129' title='bbox 908 1652 987 1724; x_wconf 84' lang='grc' dir='ltr'><strong>τῷ</strong></span> <span class='ocrx_word' id='word_1_130' title='bbox 1018 1654 1282 1724; x_wconf 79' lang='grc' dir='ltr'><strong>μνήματι,</strong></span> <span class='ocrx_word' id='word_1_131' title='bbox 1315 1654 1392 1717; x_wconf 86' lang='grc' dir='ltr'>ὠς</span> <span class='ocrx_word' id='word_1_132' title='bbox 1450 1654 1717 1726; x_wconf 83' lang='grc' dir='ltr'><strong>Ἐλλήνων</strong></span> <span class='ocrx_word' id='word_1_133' title='bbox 1752 1674 1855 1727; x_wconf 89' lang='grc' dir='ltr'><strong>μυ-</strong></span> 
     </span>
    </p>
   </div>
   <div class='ocr_carea' id='block_1_21' title="bbox 275 1741 1854 1819">
    <p class='ocr_par' dir='ltr' id='par_1_21' title="bbox 275 1741 1854 1819">
     <span class='ocr_line' id='line_1_21' title="bbox 275 1741 1854 1819; baseline 0.004 -24"><span class='ocrx_word' id='word_1_134' title='bbox 275 1741 490 1797; x_wconf 86' lang='grc' dir='ltr'>θεύουσι</span> <span class='ocrx_word' id='word_1_135' title='bbox 512 1744 722 1808; x_wconf 86' lang='grc' dir='ltr'>παῖδες.</span> <span class='ocrx_word' id='word_1_136' title='bbox 754 1744 819 1797; x_wconf 83' lang='grc' dir='ltr'><em>Ἢ</em></span> <span class='ocrx_word' id='word_1_137' title='bbox 857 1746 1075 1816; x_wconf 84' lang='grc' dir='ltr'><strong>κραυγὴ</strong></span> <span class='ocrx_word' id='word_1_138' title='bbox 1108 1745 1165 1799; x_wconf 85' lang='grc' dir='ltr'><strong>δέ</strong></span> <span class='ocrx_word' id='word_1_139' title='bbox 1202 1745 1297 1799; x_wconf 81' lang='grc' dir='ltr'><strong>τοῦ</strong></span> <span class='ocrx_word' id='word_1_140' title='bbox 1329 1747 1559 1818; x_wconf 81' lang='grc' dir='ltr'><strong>Κυρίου,</strong></span> <span class='ocrx_word' id='word_1_141' title='bbox 1591 1747 1760 1812; x_wconf 82' lang='grc' dir='ltr'>τύπος</span> <span class='ocrx_word' id='word_1_142' title='bbox 1785 1745 1854 1819; x_wconf 82' lang='grc' dir='ltr'>ἦν</span> 
     </span>
    </p>
   </div>
   <div class='ocr_carea' id='block_1_22' title="bbox 273 1831 1855 1908">
    <p class='ocr_par' dir='ltr' id='par_1_22' title="bbox 273 1831 1855 1908">
     <span class='ocr_line' id='line_1_22' title="bbox 273 1831 1855 1908; baseline 0.006 -24"><span class='ocrx_word' id='word_1_143' title='bbox 273 1831 374 1900; x_wconf 77' lang='grc' dir='ltr'>τῆς</span> <span class='ocrx_word' id='word_1_144' title='bbox 425 1833 668 1904; x_wconf 74' lang='grc' dir='ltr'>μεγάλης</span> <span class='ocrx_word' id='word_1_145' title='bbox 705 1833 1006 1903; x_wconf 78' lang='grc' dir='ltr'><strong>σάλπιγγος</strong></span> <span class='ocrx_word' id='word_1_146' title='bbox 1029 1874 1044 1898; x_wconf 94' lang='grc'>,</span> <span class='ocrx_word' id='word_1_147' title='bbox 1080 1835 1182 1905; x_wconf 81' lang='grc' dir='ltr'>τῆς</span> <span class='ocrx_word' id='word_1_148' title='bbox 1212 1835 1513 1906; x_wconf 81' lang='grc' dir='ltr'><strong>μελλούσης</strong></span> <span class='ocrx_word' id='word_1_149' title='bbox 1548 1838 1751 1908; x_wconf 80' lang='grc' dir='ltr'>ὴχῆσαι</span> <span class='ocrx_word' id='word_1_150' title='bbox 1797 1842 1855 1893; x_wconf 88' lang='grc' dir='ltr'><strong>ἐν</strong></span> 
     </span>
    </p>
   </div>
   <div class='ocr_carea' id='block_1_23' title="bbox 271 1925 1854 2000">
    <p class='ocr_par' dir='ltr' id='par_1_23' title="bbox 271 1925 1854 2000">
     <span class='ocr_line' id='line_1_23' title="bbox 271 1925 1854 2000; baseline 0.005 -25"><span class='ocrx_word' id='word_1_151' title='bbox 271 1925 336 1993; x_wconf 85' lang='grc' dir='ltr'>τῇ</span> <span class='ocrx_word' id='word_1_152' title='bbox 368 1929 522 1995; x_wconf 82' lang='grc' dir='ltr'>κοινῇ</span> <span class='ocrx_word' id='word_1_153' title='bbox 549 1926 866 1980; x_wconf 79' lang='grc' dir='ltr'>ἀναστάσει.</span> <span class='ocrx_word' id='word_1_154' title='bbox 903 1926 1065 1981; x_wconf 85' lang='grc' dir='ltr'>Οῦτω</span> <span class='ocrx_word' id='word_1_155' title='bbox 1092 1927 1200 1996; x_wconf 80' lang='grc' dir='ltr'><strong>γὰρ</strong></span> <span class='ocrx_word' id='word_1_156' title='bbox 1234 1929 1329 1981; x_wconf 81' lang='grc' dir='ltr'>καὶ</span> <span class='ocrx_word' id='word_1_157' title='bbox 1363 1930 1396 1998; x_wconf 85' lang='grc' dir='ltr'><strong>ή</strong></span> <span class='ocrx_word' id='word_1_158' title='bbox 1433 1928 1695 1999; x_wconf 78' lang='grc' dir='ltr'>καθολικὴ</span> <span class='ocrx_word' id='word_1_159' title='bbox 1727 1930 1854 2000; x_wconf 85' lang='grc' dir='ltr'>μέλ-</span> 
     </span>
    </p>
   </div>
   <div class='ocr_carea' id='block_1_24' title="bbox 272 2013 1851 2093">
    <p class='ocr_par' dir='ltr' id='par_1_24' title="bbox 272 2013 1851 2093">
     <span class='ocr_line' id='line_1_24' title="bbox 272 2013 1851 2093; baseline 0.004 -26"><span class='ocrx_word' id='word_1_160' title='bbox 272 2013 352 2067; x_wconf 85' lang='grc' dir='ltr'><strong>λει</strong></span> <span class='ocrx_word' id='word_1_161' title='bbox 404 2013 649 2082; x_wconf 83' lang='grc' dir='ltr'>γίνεσθαι</span> <span class='ocrx_word' id='word_1_162' title='bbox 695 2027 737 2057; x_wconf 75' lang='grc' dir='ltr'>ω</span> <span class='ocrx_word' id='word_1_163' title='bbox 789 2017 1119 2084; x_wconf 77' lang='grc' dir='ltr'>ἀνάστασις,</span> <span class='ocrx_word' id='word_1_164' title='bbox 1192 2020 1249 2072; x_wconf 80' lang='grc' dir='ltr'><strong>ἐν</strong></span> <span class='ocrx_word' id='word_1_165' title='bbox 1306 2022 1533 2091; x_wconf 80' lang='grc' dir='ltr'><strong>ἀτόμῳ,</strong></span> <span class='ocrx_word' id='word_1_166' title='bbox 1598 2021 1655 2073; x_wconf 86' lang='grc' dir='ltr'><strong>ἐν</strong></span> <span class='ocrx_word' id='word_1_167' title='bbox 1711 2024 1851 2093; x_wconf 76' lang='grc' dir='ltr'>ῥοπῇ</span> 
     </span>
    </p>
   </div>
   <div class='ocr_carea' id='block_1_25' title="bbox 271 2101 1851 2178">
    <p class='ocr_par' dir='ltr' id='par_1_25' title="bbox 271 2101 1851 2178">
     <span class='ocr_line' id='line_1_25' title="bbox 271 2101 1851 2178; baseline 0.022 -34"><span class='ocrx_word' id='word_1_168' title='bbox 271 2101 572 2172; x_wconf 77' lang='grc' dir='ltr'>ὀφθαλμοῦ,</span> <span class='ocrx_word' id='word_1_169' title='bbox 615 2103 840 2172; x_wconf 82' lang='grc' dir='ltr'>Ὅμοιον</span> <span class='ocrx_word' id='word_1_170' title='bbox 871 2110 1098 2177; x_wconf 87' lang='grc' dir='ltr'>σημεῖον</span> <span class='ocrx_word' id='word_1_171' title='bbox 1128 2108 1318 2178; x_wconf 83' lang='grc' dir='ltr'>σχεδὸν</span> <span class='ocrx_word' id='word_1_172' title='bbox 1349 2109 1449 2178; x_wconf 85' lang='grc' dir='ltr'>τῆς</span> <span class='ocrx_word' id='word_1_173' title='bbox 1479 2111 1851 2178; x_wconf 68' lang='grc' dir='ltr'><strong>ἀναστάσεως,</strong></span> 
     </span>
    </p>
   </div>
   <div class='ocr_carea' id='block_1_26' title="bbox 271 2192 1853 2271">
    <p class='ocr_par' dir='ltr' id='par_1_26' title="bbox 271 2192 1853 2271">
     <span class='ocr_line' id='line_1_26' title="bbox 271 2192 1853 2271; baseline 0.007 -26"><span class='ocrx_word' id='word_1_174' title='bbox 271 2192 332 2246; x_wconf 81' lang='grc' dir='ltr'>τὸ</span> <span class='ocrx_word' id='word_1_175' title='bbox 369 2192 701 2262; x_wconf 76' lang='grc' dir='ltr'><strong>δεδεμένων</strong></span> <span class='ocrx_word' id='word_1_176' title='bbox 745 2195 863 2250; x_wconf 75' lang='grc' dir='ltr'><strong>τῶν</strong></span> <span class='ocrx_word' id='word_1_177' title='bbox 900 2198 1126 2263; x_wconf 72' lang='grc' dir='ltr'>ποδῶν,</span> <span class='ocrx_word' id='word_1_178' title='bbox 1171 2200 1269 2253; x_wconf 76' lang='grc' dir='ltr'><strong>καὶ</strong></span> <span class='ocrx_word' id='word_1_179' title='bbox 1313 2199 1433 2254; x_wconf 78' lang='grc' dir='ltr'><strong>τῶν</strong></span> <span class='ocrx_word' id='word_1_180' title='bbox 1476 2200 1711 2271; x_wconf 76' lang='grc' dir='ltr'>χειρῶν,</span> <span class='ocrx_word' id='word_1_181' title='bbox 1759 2204 1853 2256; x_wconf 80' lang='grc' dir='ltr'><strong>καὶ</strong></span> 
     </span>
    </p>
   </div>
   <div class='ocr_carea' id='block_1_27' title="bbox 271 2283 1852 2361">
    <p class='ocr_par' dir='ltr' id='par_1_27' title="bbox 271 2283 1852 2361">
     <span class='ocr_line' id='line_1_27' title="bbox 271 2283 1852 2361; baseline 0.007 -26"><span class='ocrx_word' id='word_1_182' title='bbox 271 2283 381 2336; x_wconf 92' lang='grc' dir='ltr'><strong>τῶν</strong></span> <span class='ocrx_word' id='word_1_183' title='bbox 429 2284 724 2356; x_wconf 83' lang='grc' dir='ltr'><strong>ὀφθαλμῶν</strong></span> <span class='ocrx_word' id='word_1_184' title='bbox 768 2287 999 2352; x_wconf 73' lang='grc' dir='ltr'><strong>ἐξελθεῖν</strong></span> <span class='ocrx_word' id='word_1_185' title='bbox 1027 2291 1457 2361; x_wconf 85' lang='grc' dir='ltr'>περιπατοῦντα.</span> <span class='ocrx_word' id='word_1_186' title='bbox 1490 2292 1591 2345; x_wconf 87' lang='grc' dir='ltr'>Διά</span> <span class='ocrx_word' id='word_1_187' title='bbox 1614 2292 1670 2346; x_wconf 79' lang='grc' dir='ltr'><strong>δὲ</strong></span> <span class='ocrx_word' id='word_1_188' title='bbox 1694 2300 1725 2329; x_wconf 72' lang='grc' dir='ltr'>ι</span> <span class='ocrx_word' id='word_1_189' title='bbox 1756 2293 1852 2346; x_wconf 84' lang='grc' dir='ltr'><strong>τοῦ</strong></span> 
     </span>
    </p>
   </div>
   <div class='ocr_carea' id='block_1_28' title="bbox 272 2374 1854 2453">
    <p class='ocr_par' dir='ltr' id='par_1_28' title="bbox 272 2374 1854 2453">
     <span class='ocr_line' id='line_1_28' title="bbox 272 2374 1854 2453; baseline 0.007 -27"><span class='ocrx_word' id='word_1_190' title='bbox 272 2374 421 2427; x_wconf 85' lang='grc' dir='ltr'>λύειν</span> <span class='ocrx_word' id='word_1_191' title='bbox 471 2376 840 2448; x_wconf 86' lang='grc' dir='ltr'>ἐμαρτύρουν,</span> <span class='ocrx_word' id='word_1_192' title='bbox 881 2380 963 2433; x_wconf 83' lang='grc' dir='ltr'>ὅτι</span> <span class='ocrx_word' id='word_1_193' title='bbox 1007 2381 1107 2435; x_wconf 77' lang='grc' dir='ltr'><strong>οὐκ</strong></span> <span class='ocrx_word' id='word_1_194' title='bbox 1152 2377 1221 2453; x_wconf 82' lang='grc' dir='ltr'>ἦν</span> <span class='ocrx_word' id='word_1_195' title='bbox 1266 2382 1536 2451; x_wconf 80' lang='grc' dir='ltr'>φαντασία</span> <span class='ocrx_word' id='word_1_196' title='bbox 1561 2391 1607 2446; x_wconf 82' lang='grc' dir='ltr'><strong>ο,</strong></span> <span class='ocrx_word' id='word_1_197' title='bbox 1651 2383 1786 2437; x_wconf 79' lang='grc' dir='ltr'>ἀλλὰ</span> <span class='ocrx_word' id='word_1_198' title='bbox 1825 2385 1854 2437; x_wconf 90' lang='grc' dir='ltr'><strong>ό</strong></span> 
     </span>
    </p>
   </div>
   <div class='ocr_carea' id='block_1_29' title="bbox 271 2464 642 2539">
    <p class='ocr_par' dir='ltr' id='par_1_29' title="bbox 271 2464 642 2539">
     <span class='ocr_line' id='line_1_29' title="bbox 271 2464 642 2539; baseline 0.013 -21"><span class='ocrx_word' id='word_1_199' title='bbox 271 2467 525 2537; x_wconf 78' lang='grc' dir='ltr'><strong>Λάζαρος</strong></span> <span class='ocrx_word' id='word_1_200' title='bbox 551 2464 642 2539; x_wconf 83' lang='grc' dir='ltr'><strong>ἦν.</strong></span> 
     </span>
    </p>
   </div>
   <div class='ocr_carea' id='block_1_30' title="bbox 349 2560 1857 2637">
    <p class='ocr_par' dir='ltr' id='par_1_30' title="bbox 349 2560 1857 2637">
     <span class='ocr_line' id='line_1_30' title="bbox 349 2560 1857 2637; baseline 0.005 -23"><span class='ocrx_word' id='word_1_201' title='bbox 349 2560 436 2624; x_wconf 83' lang='grc' dir='ltr'>Ὡς</span> <span class='ocrx_word' id='word_1_202' title='bbox 489 2562 704 2618; x_wconf 89' lang='grc' dir='ltr'>ἀνόσιόν</span> <span class='ocrx_word' id='word_1_203' title='bbox 756 2580 811 2618; x_wconf 87' lang='grc' dir='ltr'><strong>τι</strong></span> <span class='ocrx_word' id='word_1_204' title='bbox 858 2564 1236 2637; x_wconf 86' lang='grc' dir='ltr'>τετολμηκότα</span> <span class='ocrx_word' id='word_1_205' title='bbox 1284 2565 1596 2630; x_wconf 73' lang='grc' dir='ltr'>διέϐαλλον,</span> <span class='ocrx_word' id='word_1_206' title='bbox 1646 2566 1722 2630; x_wconf 85' lang='grc' dir='ltr'><strong>ὡς</strong></span> <span class='ocrx_word' id='word_1_207' title='bbox 1763 2565 1857 2622; x_wconf 72' lang='grc' dir='ltr'>τὸν</span> 
     </span>
    </p>
   </div>
   <div class='ocr_carea' id='block_1_31' title="bbox 265 2651 1854 2729">
    <p class='ocr_par' dir='ltr' id='par_1_31' title="bbox 265 2651 1854 2729">
     <span class='ocr_line' id='line_1_31' title="bbox 265 2651 1854 2729; baseline 0.006 -26"><span class='ocrx_word' id='word_1_208' title='bbox 265 2651 612 2722; x_wconf 73' lang='grc' dir='ltr'>τεθαμμένον</span> <span class='ocrx_word' id='word_1_209' title='bbox 649 2657 961 2727; x_wconf 73' lang='grc' dir='ltr'>ἀνασκάψαι</span> <span class='ocrx_word' id='word_1_210' title='bbox 999 2657 1352 2723; x_wconf 80' lang='grc' dir='ltr'>ἐπιτάξαντα·</span> <span class='ocrx_word' id='word_1_211' title='bbox 1398 2658 1536 2729; x_wconf 80' lang='grc' dir='ltr'><strong>μετά</strong></span> <span class='ocrx_word' id='word_1_212' title='bbox 1583 2659 1854 2723; x_wconf 81' lang='grc' dir='ltr'>τοσαύτας</span> 
     </span>
    </p>
   </div>
   <div class='ocr_carea' id='block_1_32' title="bbox 265 2744 1850 2821">
    <p class='ocr_par' dir='ltr' id='par_1_32' title="bbox 265 2744 1850 2821">
     <span class='ocr_line' id='line_1_32' title="bbox 265 2744 1850 2821; baseline 0.006 -26"><span class='ocrx_word' id='word_1_213' title='bbox 265 2744 601 2810; x_wconf 75' lang='grc' dir='ltr'>ἀποδείξεις,</span> <span class='ocrx_word' id='word_1_214' title='bbox 653 2746 729 2811; x_wconf 84' lang='grc' dir='ltr'><strong>ὡς</strong></span> <span class='ocrx_word' id='word_1_215' title='bbox 778 2749 908 2819; x_wconf 76' lang='grc' dir='ltr'>περὶ</span> <span class='ocrx_word' id='word_1_216' title='bbox 963 2749 1120 2817; x_wconf 75' lang='grc' dir='ltr'>ψιλοῦ</span> <span class='ocrx_word' id='word_1_217' title='bbox 1165 2750 1452 2821; x_wconf 85' lang='grc' dir='ltr'>ἀνθρώπου</span> <span class='ocrx_word' id='word_1_218' title='bbox 1493 2750 1699 2819; x_wconf 73' lang='grc' dir='ltr'>ἔλεγον,</span> <span class='ocrx_word' id='word_1_219' title='bbox 1748 2752 1850 2819; x_wconf 86' lang='grc' dir='ltr'>ἀγ-</span> 
     </span>
    </p>
   </div>
   <div class='ocr_carea' id='block_1_33' title="bbox 265 2832 1851 2913">
    <p class='ocr_par' dir='ltr' id='par_1_33' title="bbox 265 2832 1851 2913">
     <span class='ocr_line' id='line_1_33' title="bbox 265 2832 1851 2913; baseline 0.006 -28"><span class='ocrx_word' id='word_1_220' title='bbox 265 2832 516 2898; x_wconf 81' lang='grc' dir='ltr'>νοοῦντες</span> <span class='ocrx_word' id='word_1_221' title='bbox 569 2836 653 2889; x_wconf 86' lang='grc' dir='ltr'>ὄτι</span> <span class='ocrx_word' id='word_1_222' title='bbox 698 2839 861 2901; x_wconf 71' lang='grc' dir='ltr'>αὐτὸς</span> <span class='ocrx_word' id='word_1_223' title='bbox 900 2834 969 2911; x_wconf 80' lang='grc' dir='ltr'>ἦν</span> <span class='ocrx_word' id='word_1_224' title='bbox 1022 2841 1051 2893; x_wconf 87' lang='grc' dir='ltr'><strong>ό</strong></span> <span class='ocrx_word' id='word_1_225' title='bbox 1098 2841 1333 2910; x_wconf 81' lang='grc' dir='ltr'>Χριστὸς</span> <span class='ocrx_word' id='word_1_226' title='bbox 1378 2842 1407 2894; x_wconf 90' lang='grc' dir='ltr'><strong>ό</strong></span> <span class='ocrx_word' id='word_1_227' title='bbox 1452 2840 1561 2895; x_wconf 85' lang='grc' dir='ltr'><strong>τῶν</strong></span> <span class='ocrx_word' id='word_1_228' title='bbox 1606 2840 1851 2913; x_wconf 81' lang='grc' dir='ltr'>σημείων</span> 
     </span>
    </p>
   </div>
   <div class='ocr_carea' id='block_1_34' title="bbox 264 2923 887 3002">
    <p class='ocr_par' dir='ltr' id='par_1_34' title="bbox 264 2923 887 3002">
     <span class='ocr_line' id='line_1_34' title="bbox 264 2923 887 3002; baseline 0.013 -26"><span class='ocrx_word' id='word_1_229' title='bbox 264 2923 620 2997; x_wconf 87' lang='grc' dir='ltr'>δημιουργός.</span> <span class='ocrx_word' id='word_1_230' title='bbox 657 2927 887 3002; x_wconf 61' lang='lat' dir='ltr'><strong>[Cum]</strong></span> 
     </span>
    </p>
   </div>
   <div class='ocr_carea' id='block_1_35' title="bbox 346 3017 1843 3098">
    <p class='ocr_par' dir='ltr' id='par_1_35' title="bbox 346 3017 1843 3098">
     <span class='ocr_line' id='line_1_35' title="bbox 346 3017 1843 3098; baseline 0.009 -30"><span class='ocrx_word' id='word_1_231' title='bbox 346 3017 534 3081; x_wconf 74' lang='grc' dir='ltr'>«Τινὲς</span> <span class='ocrx_word' id='word_1_232' title='bbox 553 3019 610 3071; x_wconf 86' lang='grc' dir='ltr'><strong>δὲ</strong></span> <span class='ocrx_word' id='word_1_233' title='bbox 633 3019 691 3085; x_wconf 79' lang='grc' dir='ltr'>ἐξ</span> <span class='ocrx_word' id='word_1_234' title='bbox 709 3020 884 3075; x_wconf 83' lang='grc' dir='ltr'>αὐτῶν</span> <span class='ocrx_word' id='word_1_235' title='bbox 902 3023 1144 3093; x_wconf 82' lang='grc' dir='ltr'>ἀπῆλθον</span> <span class='ocrx_word' id='word_1_236' title='bbox 1167 3024 1306 3094; x_wconf 77' lang='grc' dir='ltr'>πρὸς</span> <span class='ocrx_word' id='word_1_237' title='bbox 1323 3025 1449 3089; x_wconf 87' lang='grc' dir='ltr'>τοὺς</span> <span class='ocrx_word' id='word_1_238' title='bbox 1463 3027 1810 3098; x_wconf 82' lang='grc' dir='ltr'>Φαρισαίους,</span> <span class='ocrx_word' id='word_1_239' title='bbox 1824 3046 1843 3080; x_wconf 75' lang='grc' dir='ltr'><strong>ι</strong></span> 
     </span>
    </p>
   </div>
   <div class='ocr_carea' id='block_1_36' title="bbox 1965 830 3120 901">
    <p class='ocr_par' dir='ltr' id='par_1_36' title="bbox 1965 830 3120 901">
     <span class='ocr_line' id='line_1_36' title="bbox 1965 830 3120 901; baseline 0.003 -16"><span class='ocrx_word' id='word_1_240' title='bbox 1965 830 2073 885; x_wconf 80' lang='lat' dir='ltr'><strong>dixi</strong></span> <span class='ocrx_word' id='word_1_241' title='bbox 2100 847 2115 885; x_wconf 90' lang='lat'><strong>:</strong></span> <span class='ocrx_word' id='word_1_242' title='bbox 2149 840 2209 885; x_wconf 94' lang='lat' dir='ltr'><strong>ut</strong></span> <span class='ocrx_word' id='word_1_243' title='bbox 2235 832 2458 886; x_wconf 80' lang='lat' dir='ltr'><strong>credant</strong></span> <span class='ocrx_word' id='word_1_244' title='bbox 2491 833 2617 901; x_wconf 91' lang='lat' dir='ltr'><strong>quia</strong></span> <span class='ocrx_word' id='word_1_245' title='bbox 2648 842 2703 888; x_wconf 93' lang='lat' dir='ltr'><strong>tu</strong></span> <span class='ocrx_word' id='word_1_246' title='bbox 2739 850 2823 888; x_wconf 92' lang='lat' dir='ltr'><strong>me</strong></span> <span class='ocrx_word' id='word_1_247' title='bbox 2848 835 3065 890; x_wconf 85' lang='lat' dir='ltr'><strong>misisti.</strong></span> <span class='ocrx_word' id='word_1_248' title='bbox 3100 855 3120 888; x_wconf 74' lang='grc' dir='ltr'><strong>ι</strong></span> 
     </span>
    </p>
   </div>
   <div class='ocr_carea' id='block_1_37' title="bbox 2033 920 3536 998">
    <p class='ocr_par' dir='ltr' id='par_1_37' title="bbox 2033 920 3536 998">
     <span class='ocr_line' id='line_1_37' title="bbox 2033 920 3536 998; baseline 0.006 -23"><span class='ocrx_word' id='word_1_249' title='bbox 2033 920 2092 975; x_wconf 89' lang='lat' dir='ltr'><strong>In</strong></span> <span class='ocrx_word' id='word_1_250' title='bbox 2149 922 2310 977; x_wconf 82' lang='lat' dir='ltr'><strong>rebus</strong></span> <span class='ocrx_word' id='word_1_251' title='bbox 2360 924 2627 991; x_wconf 87' lang='lat' dir='ltr'><strong>siquidem</strong></span> <span class='ocrx_word' id='word_1_252' title='bbox 2675 926 3177 996; x_wconf 86' lang='lat' dir='ltr'><strong>supernaturalibus</strong></span> <span class='ocrx_word' id='word_1_253' title='bbox 3224 926 3318 982; x_wconf 85' lang='lat' dir='ltr'><strong>Dei</strong></span> <span class='ocrx_word' id='word_1_254' title='bbox 3368 929 3536 998; x_wconf 78' lang='lat' dir='ltr'><strong>gloria</strong></span> 
     </span>
    </p>
   </div>
   <div class='ocr_carea' id='block_1_38' title="bbox 1962 1012 3537 1086">
    <p class='ocr_par' dir='ltr' id='par_1_38' title="bbox 1962 1012 3537 1086">
     <span class='ocr_line' id='line_1_38' title="bbox 1962 1012 3537 1086; baseline 0.003 -19"><span class='ocrx_word' id='word_1_255' title='bbox 1962 1013 2222 1067; x_wconf 87' lang='lat' dir='ltr'><strong>cernitur.</strong></span> <span class='ocrx_word' id='word_1_256' title='bbox 2256 1012 2430 1068; x_wconf 86' lang='lat' dir='ltr'><strong>Patris</strong></span> <span class='ocrx_word' id='word_1_257' title='bbox 2459 1027 2637 1070; x_wconf 92' lang='lat' dir='ltr'><strong>autem</strong></span> <span class='ocrx_word' id='word_1_258' title='bbox 2662 1017 2885 1086; x_wconf 79' lang='lat' dir='ltr'><strong>gloriam</strong></span> <span class='ocrx_word' id='word_1_259' title='bbox 2917 1017 3170 1086; x_wconf 78' lang='lat' dir='ltr'><strong>appellat,</strong></span> <span class='ocrx_word' id='word_1_260' title='bbox 3197 1028 3413 1086; x_wconf 88' lang='lat' dir='ltr'><strong>propter</strong></span> <span class='ocrx_word' id='word_1_261' title='bbox 3438 1034 3537 1072; x_wconf 86' lang='lat' dir='ltr'><strong>au-</strong></span> 
     </span>
    </p>
   </div>
   <div class='ocr_carea' id='block_1_39' title="bbox 1961 1103 3534 1175">
    <p class='ocr_par' dir='ltr' id='par_1_39' title="bbox 1961 1103 3534 1175">
     <span class='ocr_line' id='line_1_39' title="bbox 1961 1103 3534 1175; baseline 0.003 -18"><span class='ocrx_word' id='word_1_262' title='bbox 1961 1103 2198 1158; x_wconf 88' lang='lat' dir='ltr'><strong>ditorum</strong></span> <span class='ocrx_word' id='word_1_263' title='bbox 2257 1106 2711 1175; x_wconf 83' lang='lat' dir='ltr'><strong>imbecillitatem;</strong></span> <span class='ocrx_word' id='word_1_264' title='bbox 2756 1116 2812 1162; x_wconf 88' lang='lat' dir='ltr'><strong>et</strong></span> <span class='ocrx_word' id='word_1_265' title='bbox 2860 1109 2927 1161; x_wconf 89' lang='lat' dir='ltr'><strong>ad</strong></span> <span class='ocrx_word' id='word_1_266' title='bbox 2957 1109 3264 1161; x_wconf 81' lang='lat' dir='ltr'><strong>evitandam</strong></span> <span class='ocrx_word' id='word_1_267' title='bbox 3320 1111 3534 1162; x_wconf 86' lang='lat' dir='ltr'><strong>inanem</strong></span> 
     </span>
    </p>
   </div>
   <div class='ocr_carea' id='block_1_40' title="bbox 1961 1192 3530 1267">
    <p class='ocr_par' dir='ltr' id='par_1_40' title="bbox 1961 1192 3530 1267">
     <span class='ocr_line' id='line_1_40' title="bbox 1961 1192 3530 1267; baseline 0.004 -23"><span class='ocrx_word' id='word_1_268' title='bbox 1961 1192 2355 1262; x_wconf 82' lang='lat' dir='ltr'><strong>gloriationem.</strong></span> <span class='ocrx_word' id='word_1_269' title='bbox 2386 1211 2490 1251; x_wconf 92' lang='lat' dir='ltr'><strong>non</strong></span> <span class='ocrx_word' id='word_1_270' title='bbox 2526 1197 2679 1261; x_wconf 80' lang='lat' dir='ltr'><strong>dixit,</strong></span> <span class='ocrx_word' id='word_1_271' title='bbox 2706 1198 2912 1253; x_wconf 88' lang='lat' dir='ltr'><strong>videbis</strong></span> <span class='ocrx_word' id='word_1_272' title='bbox 2940 1198 3165 1267; x_wconf 77' lang='lat' dir='ltr'><strong>gloriam</strong></span> <span class='ocrx_word' id='word_1_273' title='bbox 3191 1213 3388 1263; x_wconf 86' lang='lat' dir='ltr'><strong>meam,</strong></span> <span class='ocrx_word' id='word_1_274' title='bbox 3412 1198 3530 1263; x_wconf 85' lang='lat' dir='ltr'><strong>sed,</strong></span> 
     </span>
    </p>
   </div>
   <div class='ocr_carea' id='block_1_41' title="bbox 1961 1283 2157 1341">
    <p class='ocr_par' dir='ltr' id='par_1_41' title="bbox 1961 1283 2157 1341">
     <span class='ocr_line' id='line_1_41' title="bbox 1961 1283 2157 1341; baseline 0.01 -2"><span class='ocrx_word' id='word_1_275' title='bbox 1961 1283 2157 1341; x_wconf 81' lang='lat' dir='ltr'><strong>Patris.</strong></span> 
     </span>
    </p>
   </div>
   <div class='ocr_carea' id='block_1_42' title="bbox 2038 1374 3531 1453">
    <p class='ocr_par' dir='ltr' id='par_1_42' title="bbox 2038 1374 3531 1453">
     <span class='ocr_line' id='line_1_42' title="bbox 2038 1374 3531 1453; baseline 0.002 -22"><span class='ocrx_word' id='word_1_276' title='bbox 2038 1377 2199 1434; x_wconf 78' lang='lat' dir='ltr'><strong>Vens.</strong></span> <span class='ocrx_word' id='word_1_277' title='bbox 2234 1379 2325 1433; x_wconf 71' lang='grc'><strong>43.</strong></span> <span class='ocrx_word' id='word_1_278' title='bbox 2365 1397 2386 1431; x_wconf 82' lang='grc' dir='ltr'><strong>ι</strong></span> <span class='ocrx_word' id='word_1_279' title='bbox 2420 1378 2547 1434; x_wconf 81' lang='lat' dir='ltr'><strong>Haec</strong></span> <span class='ocrx_word' id='word_1_280' title='bbox 2578 1395 2702 1435; x_wconf 88' lang='lat' dir='ltr'><strong>cum</strong></span> <span class='ocrx_word' id='word_1_281' title='bbox 2732 1380 2982 1446; x_wconf 79' lang='lat' dir='ltr'><strong>dixisset,</strong></span> <span class='ocrx_word' id='word_1_282' title='bbox 3022 1374 3154 1437; x_wconf 79' lang='lat' dir='ltr'><strong>voce</strong></span> <span class='ocrx_word' id='word_1_283' title='bbox 3182 1396 3371 1453; x_wconf 74' lang='lat' dir='ltr'><strong>magna</strong></span> <span class='ocrx_word' id='word_1_284' title='bbox 3418 1379 3531 1435; x_wconf 80' lang='lat' dir='ltr'><strong>cla-</strong></span> 
     </span>
    </p>
   </div>
   <div class='ocr_carea' id='block_1_43' title="bbox 1958 1470 2825 1533">
    <p class='ocr_par' dir='ltr' id='par_1_43' title="bbox 1958 1470 2825 1533">
     <span class='ocr_line' id='line_1_43' title="bbox 1958 1470 2825 1533; baseline -0.002 -8"><span class='ocrx_word' id='word_1_285' title='bbox 1958 1471 2125 1525; x_wconf 87' lang='lat' dir='ltr'><strong>mavit</strong></span> <span class='ocrx_word' id='word_1_286' title='bbox 2158 1486 2173 1523; x_wconf 87' lang='lat'><strong>:</strong></span> <span class='ocrx_word' id='word_1_287' title='bbox 2207 1470 2431 1533; x_wconf 76' lang='lat' dir='ltr'><strong>Lazare,</strong></span> <span class='ocrx_word' id='word_1_288' title='bbox 2462 1472 2581 1525; x_wconf 91' lang='lat' dir='ltr'><strong>veni</strong></span> <span class='ocrx_word' id='word_1_289' title='bbox 2616 1471 2778 1525; x_wconf 79' lang='lat' dir='ltr'><strong>foras.</strong></span> <span class='ocrx_word' id='word_1_290' title='bbox 2806 1490 2825 1523; x_wconf 81' lang='grc' dir='ltr'><strong>ι</strong></span> 
     </span>
    </p>
   </div>
   <div class='ocr_carea' id='block_1_44' title="bbox 2027 1563 3522 1633">
    <p class='ocr_par' dir='ltr' id='par_1_44' title="bbox 2027 1563 3522 1633">
     <span class='ocr_line' id='line_1_44' title="bbox 2027 1563 3522 1633; baseline 0.001 -18"><span class='ocrx_word' id='word_1_291' title='bbox 2027 1563 2276 1623; x_wconf 82' lang='lat' dir='ltr'><strong>Animam</strong></span> <span class='ocrx_word' id='word_1_292' title='bbox 2313 1564 2466 1633; x_wconf 90' lang='lat' dir='ltr'><strong>quasi</strong></span> <span class='ocrx_word' id='word_1_293' title='bbox 2499 1563 2681 1631; x_wconf 87' lang='lat' dir='ltr'><strong>procul</strong></span> <span class='ocrx_word' id='word_1_294' title='bbox 2711 1564 2993 1617; x_wconf 81' lang='lat' dir='ltr'><strong>distantem</strong></span> <span class='ocrx_word' id='word_1_295' title='bbox 3026 1563 3308 1617; x_wconf 84' lang='lat' dir='ltr'><strong>clamando</strong></span> <span class='ocrx_word' id='word_1_296' title='bbox 3342 1571 3522 1627; x_wconf 87' lang='lat' dir='ltr'><strong>vocat,</strong></span> 
     </span>
    </p>
   </div>
   <div class='ocr_carea' id='block_1_45' title="bbox 1957 1653 3529 1724">
    <p class='ocr_par' dir='ltr' id='par_1_45' title="bbox 1957 1653 3529 1724">
     <span class='ocr_line' id='line_1_45' title="bbox 1957 1653 3529 1724; baseline 0.001 -16"><span class='ocrx_word' id='word_1_297' title='bbox 1957 1669 2062 1709; x_wconf 90' lang='lat' dir='ltr'><strong>non</strong></span> <span class='ocrx_word' id='word_1_298' title='bbox 2096 1653 2300 1724; x_wconf 87' lang='lat' dir='ltr'><strong>utique,</strong></span> <span class='ocrx_word' id='word_1_299' title='bbox 2335 1664 2392 1708; x_wconf 92' lang='lat' dir='ltr'><strong>ut</strong></span> <span class='ocrx_word' id='word_1_300' title='bbox 2425 1653 2595 1709; x_wconf 66' lang='lat' dir='ltr'><strong>Graeci</strong></span> <span class='ocrx_word' id='word_1_301' title='bbox 2630 1653 2955 1719; x_wconf 79' lang='lat' dir='ltr'><strong>fabulantur,</strong></span> <span class='ocrx_word' id='word_1_302' title='bbox 2991 1655 3144 1722; x_wconf 85' lang='lat' dir='ltr'><strong>quasi</strong></span> <span class='ocrx_word' id='word_1_303' title='bbox 3192 1655 3244 1708; x_wconf 87' lang='lat' dir='ltr'><strong>in</strong></span> <span class='ocrx_word' id='word_1_304' title='bbox 3277 1656 3529 1723; x_wconf 87' lang='lat' dir='ltr'><strong>sepulcro</strong></span> 
     </span>
    </p>
   </div>
   <div class='ocr_carea' id='block_1_46' title="bbox 1956 1743 3528 1814">
    <p class='ocr_par' dir='ltr' id='par_1_46' title="bbox 1956 1743 3528 1814">
     <span class='ocr_line' id='line_1_46' title="bbox 1956 1743 3528 1814; baseline 0 -15"><span class='ocrx_word' id='word_1_305' title='bbox 1956 1744 2328 1799; x_wconf 78' lang='lat' dir='ltr'><strong>exsistentem.</strong></span> <span class='ocrx_word' id='word_1_306' title='bbox 2369 1743 2463 1797; x_wconf 79' lang='lat' dir='ltr'><strong>Ille</strong></span> <span class='ocrx_word' id='word_1_307' title='bbox 2498 1753 2678 1797; x_wconf 87' lang='lat' dir='ltr'><strong>autem</strong></span> <span class='ocrx_word' id='word_1_308' title='bbox 2711 1744 2920 1797; x_wconf 88' lang='lat' dir='ltr'><strong>Domini</strong></span> <span class='ocrx_word' id='word_1_309' title='bbox 2957 1744 3183 1808; x_wconf 84' lang='lat' dir='ltr'><strong>clamor,</strong></span> <span class='ocrx_word' id='word_1_310' title='bbox 3221 1754 3379 1814; x_wconf 84' lang='lat' dir='ltr'><strong>typus</strong></span> <span class='ocrx_word' id='word_1_311' title='bbox 3407 1754 3528 1799; x_wconf 83' lang='lat' dir='ltr'><strong>erat</strong></span> 
     </span>
    </p>
   </div>
   <div class='ocr_carea' id='block_1_47' title="bbox 1957 1834 3531 1905">
    <p class='ocr_par' dir='ltr' id='par_1_47' title="bbox 1957 1834 3531 1905">
     <span class='ocr_line' id='line_1_47' title="bbox 1957 1834 3531 1905; baseline -0.001 -15"><span class='ocrx_word' id='word_1_312' title='bbox 1957 1850 2161 1905; x_wconf 70' lang='lat' dir='ltr'><strong>magnae</strong></span> <span class='ocrx_word' id='word_1_313' title='bbox 2189 1835 2328 1888; x_wconf 91' lang='lat' dir='ltr'><strong>illius</strong></span> <span class='ocrx_word' id='word_1_314' title='bbox 2357 1834 2532 1899; x_wconf 72' lang='lat' dir='ltr'><strong>tubze,</strong></span> <span class='ocrx_word' id='word_1_315' title='bbox 2567 1849 2685 1901; x_wconf 75' lang='lat' dir='ltr'><strong>qtne</strong></span> <span class='ocrx_word' id='word_1_316' title='bbox 2720 1835 2771 1887; x_wconf 94' lang='lat' dir='ltr'><strong>in</strong></span> <span class='ocrx_word' id='word_1_317' title='bbox 2810 1834 3100 1887; x_wconf 85' lang='lat' dir='ltr'><strong>universali</strong></span> <span class='ocrx_word' id='word_1_318' title='bbox 3136 1835 3531 1889; x_wconf 84' lang='lat' dir='ltr'><strong>resurrectione</strong></span> 
     </span>
    </p>
   </div>
   <div class='ocr_carea' id='block_1_48' title="bbox 1956 1924 3529 1992">
    <p class='ocr_par' dir='ltr' id='par_1_48' title="bbox 1956 1924 3529 1992">
     <span class='ocr_line' id='line_1_48' title="bbox 1956 1924 3529 1992; baseline -0.004 -10"><span class='ocrx_word' id='word_1_319' title='bbox 1956 1927 2070 1992; x_wconf 81' lang='lat' dir='ltr'><strong>ﬂet,</strong></span> <span class='ocrx_word' id='word_1_320' title='bbox 2103 1926 2155 1981; x_wconf 91' lang='lat' dir='ltr'><strong>in</strong></span> <span class='ocrx_word' id='word_1_321' title='bbox 2194 1936 2484 1992; x_wconf 90' lang='lat' dir='ltr'><strong>momento,</strong></span> <span class='ocrx_word' id='word_1_322' title='bbox 2525 1926 2576 1979; x_wconf 93' lang='lat' dir='ltr'><strong>in</strong></span> <span class='ocrx_word' id='word_1_323' title='bbox 2614 1927 2722 1980; x_wconf 84' lang='lat' dir='ltr'><strong>ictu</strong></span> <span class='ocrx_word' id='word_1_324' title='bbox 2772 1925 2935 1981; x_wconf 89' lang='lat' dir='ltr'><strong>oculi.</strong></span> <span class='ocrx_word' id='word_1_325' title='bbox 2968 1925 3156 1980; x_wconf 89' lang='lat' dir='ltr'><strong>Simile</strong></span> <span class='ocrx_word' id='word_1_326' title='bbox 3190 1924 3302 1978; x_wconf 75' lang='lat' dir='ltr'><strong>fere</strong></span> <span class='ocrx_word' id='word_1_327' title='bbox 3340 1938 3529 1978; x_wconf 88' lang='lat' dir='ltr'><strong>resur-</strong></span> 
     </span>
    </p>
   </div>
   <div class='ocr_carea' id='block_1_49' title="bbox 1958 2016 3526 2087">
    <p class='ocr_par' dir='ltr' id='par_1_49' title="bbox 1958 2016 3526 2087">
     <span class='ocr_line' id='line_1_49' title="bbox 1958 2016 3526 2087; baseline -0.006 -11"><span class='ocrx_word' id='word_1_328' title='bbox 1958 2019 2211 2076; x_wconf 87' lang='lat' dir='ltr'><strong>rectionis</strong></span> <span class='ocrx_word' id='word_1_329' title='bbox 2248 2019 2501 2073; x_wconf 91' lang='lat' dir='ltr'><strong>indicium</strong></span> <span class='ocrx_word' id='word_1_330' title='bbox 2534 2027 2637 2082; x_wconf 87' lang='lat' dir='ltr'><strong>est,</strong></span> <span class='ocrx_word' id='word_1_331' title='bbox 2662 2019 2803 2085; x_wconf 85' lang='lat' dir='ltr'><strong>quod</strong></span> <span class='ocrx_word' id='word_1_332' title='bbox 2835 2016 3026 2085; x_wconf 75' lang='lat' dir='ltr'><strong>ligatus</strong></span> <span class='ocrx_word' id='word_1_333' title='bbox 3058 2019 3211 2087; x_wconf 76' lang='lat' dir='ltr'><strong>pedes</strong></span> <span class='ocrx_word' id='word_1_334' title='bbox 3235 2024 3286 2070; x_wconf 76' lang='lat' dir='ltr'><strong>et</strong></span> <span class='ocrx_word' id='word_1_335' title='bbox 3313 2031 3526 2081; x_wconf 75' lang='lat' dir='ltr'><strong>manus,</strong></span> 
     </span>
    </p>
   </div>
   <div class='ocr_carea' id='block_1_50' title="bbox 1954 2108 3524 2180">
    <p class='ocr_par' dir='ltr' id='par_1_50' title="bbox 1954 2108 3524 2180">
     <span class='ocr_line' id='line_1_50' title="bbox 1954 2108 3524 2180; baseline -0.006 -12"><span class='ocrx_word' id='word_1_336' title='bbox 1954 2121 2009 2168; x_wconf 91' lang='lat' dir='ltr'><strong>et</strong></span> <span class='ocrx_word' id='word_1_337' title='bbox 2056 2113 2276 2176; x_wconf 89' lang='lat' dir='ltr'><strong>oculos,</strong></span> <span class='ocrx_word' id='word_1_338' title='bbox 2318 2126 2571 2180; x_wconf 74' lang='lat' dir='ltr'><strong>egressus</strong></span> <span class='ocrx_word' id='word_1_339' title='bbox 2624 2110 2696 2165; x_wconf 89' lang='lat' dir='ltr'><strong>sit</strong></span> <span class='ocrx_word' id='word_1_340' title='bbox 2749 2109 3050 2163; x_wconf 81' lang='lat' dir='ltr'><strong>ambulans.</strong></span> <span class='ocrx_word' id='word_1_341' title='bbox 3105 2108 3285 2177; x_wconf 87' lang='lat' dir='ltr'><strong>Ipsum</strong></span> <span class='ocrx_word' id='word_1_342' title='bbox 3343 2116 3524 2162; x_wconf 87' lang='lat' dir='ltr'><strong>autem</strong></span> 
     </span>
    </p>
   </div>
   <div class='ocr_carea' id='block_1_51' title="bbox 1955 2199 3526 2271">
    <p class='ocr_par' dir='ltr' id='par_1_51' title="bbox 1955 2199 3526 2271">
     <span class='ocr_line' id='line_1_51' title="bbox 1955 2199 3526 2271; baseline -0.004 -11"><span class='ocrx_word' id='word_1_343' title='bbox 1955 2206 2246 2271; x_wconf 85' lang='lat' dir='ltr'><strong>solventes,</strong></span> <span class='ocrx_word' id='word_1_344' title='bbox 2297 2204 2633 2259; x_wconf 80' lang='lat' dir='ltr'><strong>testabantur</strong></span> <span class='ocrx_word' id='word_1_345' title='bbox 2683 2218 2789 2258; x_wconf 92' lang='lat' dir='ltr'><strong>non</strong></span> <span class='ocrx_word' id='word_1_346' title='bbox 2848 2217 2969 2257; x_wconf 89' lang='lat' dir='ltr'><strong>esse</strong></span> <span class='ocrx_word' id='word_1_347' title='bbox 3020 2200 3374 2271; x_wconf 66' lang='lat' dir='ltr'><strong>prmstigium,</strong></span> <span class='ocrx_word' id='word_1_348' title='bbox 3432 2199 3526 2255; x_wconf 87' lang='lat' dir='ltr'><strong>sed</strong></span> 
     </span>
    </p>
   </div>
   <div class='ocr_carea' id='block_1_52' title="bbox 1956 2292 2445 2365">
    <p class='ocr_par' dir='ltr' id='par_1_52' title="bbox 1956 2292 2445 2365">
     <span class='ocr_line' id='line_1_52' title="bbox 1956 2292 2445 2365; baseline 0.004 -18"><span class='ocrx_word' id='word_1_349' title='bbox 1956 2295 2130 2365; x_wconf 85' lang='lat' dir='ltr'><strong>ipsum</strong></span> <span class='ocrx_word' id='word_1_350' title='bbox 2158 2292 2445 2349; x_wconf 83' lang='lat' dir='ltr'><strong>Lazarum.</strong></span> 
     </span>
    </p>
   </div>
   <div class='ocr_carea' id='block_1_53' title="bbox 2015 2562 3524 2635">
    <p class='ocr_par' dir='ltr' id='par_1_53' title="bbox 2015 2562 3524 2635">
     <span class='ocr_line' id='line_1_53' title="bbox 2015 2562 3524 2635; baseline -0.003 -15"><span class='ocrx_word' id='word_1_351' title='bbox 2015 2564 2173 2620; x_wconf 83' lang='lat' dir='ltr'><strong>Illum</strong></span> <span class='ocrx_word' id='word_1_352' title='bbox 2209 2567 2509 2635; x_wconf 78' lang='lat' dir='ltr'><strong>arguebant</strong></span> <span class='ocrx_word' id='word_1_353' title='bbox 2552 2566 2704 2634; x_wconf 86' lang='lat' dir='ltr'><strong>quasi</strong></span> <span class='ocrx_word' id='word_1_354' title='bbox 2752 2562 2955 2632; x_wconf 79' lang='lat' dir='ltr'><strong>aliquid</strong></span> <span class='ocrx_word' id='word_1_355' title='bbox 3008 2562 3231 2630; x_wconf 87' lang='lat' dir='ltr'><strong>impium</strong></span> <span class='ocrx_word' id='word_1_356' title='bbox 3284 2571 3524 2616; x_wconf 84' lang='lat' dir='ltr'><strong>attenta-</strong></span> 
     </span>
    </p>
   </div>
   <div class='ocr_carea' id='block_1_54' title="bbox 1952 2652 3529 2724">
    <p class='ocr_par' dir='ltr' id='par_1_54' title="bbox 1952 2652 3529 2724">
     <span class='ocr_line' id='line_1_54' title="bbox 1952 2652 3529 2724; baseline -0.003 -11"><span class='ocrx_word' id='word_1_357' title='bbox 1952 2657 2140 2720; x_wconf 73' lang='lat' dir='ltr'><strong>visset,</strong></span> <span class='ocrx_word' id='word_1_358' title='bbox 2192 2668 2465 2711; x_wconf 89' lang='lat' dir='ltr'><strong>mortuum</strong></span> <span class='ocrx_word' id='word_1_359' title='bbox 2511 2672 2542 2710; x_wconf 92' lang='lat' dir='ltr'><strong>e</strong></span> <span class='ocrx_word' id='word_1_360' title='bbox 2574 2656 2823 2724; x_wconf 90' lang='lat' dir='ltr'><strong>sepulcro</strong></span> <span class='ocrx_word' id='word_1_361' title='bbox 2876 2655 3031 2709; x_wconf 65' lang='lat' dir='ltr'><strong>exire</strong></span> <span class='ocrx_word' id='word_1_362' title='bbox 3083 2653 3346 2720; x_wconf 88' lang='lat' dir='ltr'><strong>jnbendo.</strong></span> <span class='ocrx_word' id='word_1_363' title='bbox 3401 2652 3529 2708; x_wconf 83' lang='lat' dir='ltr'><strong>Post</strong></span> 
     </span>
    </p>
   </div>
   <div class='ocr_carea' id='block_1_55' title="bbox 1958 2744 3528 2817">
    <p class='ocr_par' dir='ltr' id='par_1_55' title="bbox 1958 2744 3528 2817">
     <span class='ocr_line' id='line_1_55' title="bbox 1958 2744 3528 2817; baseline -0.003 -13"><span class='ocrx_word' id='word_1_364' title='bbox 1958 2760 2109 2804; x_wconf 88' lang='lat' dir='ltr'><strong>tanta</strong></span> <span class='ocrx_word' id='word_1_365' title='bbox 2157 2749 2419 2803; x_wconf 88' lang='lat' dir='ltr'><strong>miracula</strong></span> <span class='ocrx_word' id='word_1_366' title='bbox 2448 2749 2593 2803; x_wconf 89' lang='lat' dir='ltr'><strong>sicut</strong></span> <span class='ocrx_word' id='word_1_367' title='bbox 2620 2749 2685 2802; x_wconf 90' lang='lat' dir='ltr'><strong>de</strong></span> <span class='ocrx_word' id='word_1_368' title='bbox 2714 2762 2850 2817; x_wconf 89' lang='lat' dir='ltr'><strong>puro</strong></span> <span class='ocrx_word' id='word_1_369' title='bbox 2885 2746 3103 2801; x_wconf 85' lang='lat' dir='ltr'><strong>homine</strong></span> <span class='ocrx_word' id='word_1_370' title='bbox 3140 2746 3316 2799; x_wconf 85' lang='lat' dir='ltr'><strong>adlmc</strong></span> <span class='ocrx_word' id='word_1_371' title='bbox 3340 2744 3528 2813; x_wconf 87' lang='lat' dir='ltr'><strong>loque-</strong></span> 
     </span>
    </p>
   </div>
   <div class='ocr_carea' id='block_1_56' title="bbox 1952 2836 3527 2907">
    <p class='ocr_par' dir='ltr' id='par_1_56' title="bbox 1952 2836 3527 2907">
     <span class='ocr_line' id='line_1_56' title="bbox 1952 2836 3527 2907; baseline -0.003 -12"><span class='ocrx_word' id='word_1_372' title='bbox 1952 2838 2173 2904; x_wconf 87' lang='lat' dir='ltr'><strong>bantur,</strong></span> <span class='ocrx_word' id='word_1_373' title='bbox 2228 2841 2472 2895; x_wconf 88' lang='lat' dir='ltr'><strong>nolentes</strong></span> <span class='ocrx_word' id='word_1_374' title='bbox 2531 2853 2827 2907; x_wconf 85' lang='lat' dir='ltr'><strong>agnoscere</strong></span> <span class='ocrx_word' id='word_1_375' title='bbox 2874 2837 3023 2892; x_wconf 85' lang='lat' dir='ltr'><strong>illum</strong></span> <span class='ocrx_word' id='word_1_376' title='bbox 3076 2852 3201 2894; x_wconf 84' lang='lat' dir='ltr'><strong>esse</strong></span> <span class='ocrx_word' id='word_1_377' title='bbox 3246 2836 3527 2893; x_wconf 86' lang='lat' dir='ltr'><strong>Christum</strong></span> 
     </span>
    </p>
   </div>
   <div class='ocr_carea' id='block_1_57' title="bbox 1953 2927 2673 2999">
    <p class='ocr_par' dir='ltr' id='par_1_57' title="bbox 1953 2927 2673 2999">
     <span class='ocr_line' id='line_1_57' title="bbox 1953 2927 2673 2999; baseline -0.001 -17"><span class='ocrx_word' id='word_1_378' title='bbox 1953 2927 2301 2999; x_wconf 74' lang='lat' dir='ltr'><strong>qui&#39;prodigia</strong></span> <span class='ocrx_word' id='word_1_379' title='bbox 2329 2929 2673 2995; x_wconf 83' lang='lat' dir='ltr'><strong>operabatur.</strong></span> 
     </span>
    </p>
   </div>
   <div class='ocr_carea' id='block_1_58' title="bbox 2023 3018 3527 3087">
    <p class='ocr_par' dir='ltr' id='par_1_58' title="bbox 2023 3018 3527 3087">
     <span class='ocr_line' id='line_1_58' title="bbox 2023 3018 3527 3087; baseline -0.002 -10"><span class='ocrx_word' id='word_1_380' title='bbox 2023 3020 2189 3077; x_wconf 73' lang='lat' dir='ltr'><strong>Vens.</strong></span> <span class='ocrx_word' id='word_1_381' title='bbox 2206 3022 2295 3075; x_wconf 70' lang='grc'><strong>46.</strong></span> <span class='ocrx_word' id='word_1_382' title='bbox 2315 3038 2336 3073; x_wconf 79' lang='grc' dir='ltr'><strong>ι</strong></span> <span class='ocrx_word' id='word_1_383' title='bbox 2354 3020 2582 3087; x_wconf 81' lang='lat' dir='ltr'><strong>Quidam</strong></span> <span class='ocrx_word' id='word_1_384' title='bbox 2605 3028 2781 3074; x_wconf 85' lang='lat' dir='ltr'><strong>autem</strong></span> <span class='ocrx_word' id='word_1_385' title='bbox 2806 3033 2869 3073; x_wconf 79' lang='lat' dir='ltr'><strong>ex</strong></span> <span class='ocrx_word' id='word_1_386' title='bbox 2891 3019 3023 3087; x_wconf 87' lang='lat' dir='ltr'><strong>ipsis</strong></span> <span class='ocrx_word' id='word_1_387' title='bbox 3037 3019 3361 3073; x_wconf 82' lang='lat' dir='ltr'><strong>abieruntad</strong></span> <span class='ocrx_word' id='word_1_388' title='bbox 3384 3018 3527 3074; x_wconf 75' lang='lat' dir='ltr'><strong>Plia-</strong></span> 
     </span>
    </p>
   </div>
   <div class='ocr_carea' id='block_1_59' title="bbox 261 3107 1852 3198">
    <p class='ocr_par' dir='ltr' id='par_1_59' title="bbox 261 3107 1847 3187">
     <span class='ocr_line' id='line_1_59' title="bbox 261 3107 1847 3187; baseline 0.01 -30"><span class='ocrx_word' id='word_1_389' title='bbox 261 3136 335 3149; x_wconf 63' lang='grc' dir='ltr'><strong>συο</strong></span> <span class='ocrx_word' id='word_1_390' title='bbox 353 3108 449 3159; x_wconf 76' lang='grc' dir='ltr'><strong>καὶ</strong></span> <span class='ocrx_word' id='word_1_391' title='bbox 477 3107 554 3171; x_wconf 89' lang='grc' dir='ltr'><strong>ὡς</strong></span> <span class='ocrx_word' id='word_1_392' title='bbox 588 3109 800 3163; x_wconf 85' lang='grc' dir='ltr'>ἀνόσιόν</span> <span class='ocrx_word' id='word_1_393' title='bbox 836 3128 887 3164; x_wconf 87' lang='grc' dir='ltr'><strong>τι</strong></span> <span class='ocrx_word' id='word_1_394' title='bbox 914 3112 1289 3183; x_wconf 80' lang='grc' dir='ltr'>τετολμηκότα</span> <span class='ocrx_word' id='word_1_395' title='bbox 1320 3117 1545 3185; x_wconf 79' lang='grc' dir='ltr'>ποιῆσαι</span> <span class='ocrx_word' id='word_1_396' title='bbox 1573 3116 1847 3187; x_wconf 76' lang='grc' dir='ltr'>διέϐαλον,</span> 
     </span>
    </p>
   </div>
   <div class='ocr_carea' id='block_1_60' title="bbox 1953 3107 3525 3198">
    <p class='ocr_par' dir='ltr' id='par_1_60' title="bbox 1955 3110 3525 3180">
     <span class='ocr_line' id='line_1_60' title="bbox 1955 3110 3525 3180; baseline -0.002 -13"><span class='ocrx_word' id='word_1_397' title='bbox 1955 3112 2161 3175; x_wconf 68' lang='lat' dir='ltr'><strong>risaeos,</strong></span> <span class='ocrx_word' id='word_1_398' title='bbox 2190 3131 2210 3166; x_wconf 75' lang='grc' dir='ltr'><strong>ι</strong></span> <span class='ocrx_word' id='word_1_399' title='bbox 2231 3122 2372 3167; x_wconf 90' lang='lat' dir='ltr'><strong>—et</strong></span> <span class='ocrx_word' id='word_1_400' title='bbox 2395 3122 2651 3180; x_wconf 84' lang='lat' dir='ltr'><strong>tanquam</strong></span> <span class='ocrx_word' id='word_1_401' title='bbox 2682 3111 2928 3179; x_wconf 75' lang='lat' dir='ltr'><strong>sacrilegi</strong></span> <span class='ocrx_word' id='word_1_402' title='bbox 2973 3110 3098 3177; x_wconf 89' lang='lat' dir='ltr'><strong>quid</strong></span> <span class='ocrx_word' id='word_1_403' title='bbox 3128 3118 3525 3178; x_wconf 81' lang='lat' dir='ltr'><strong>perpetrantem</strong></span> 
     </span>
    </p>
   </div>
   <div class='ocr_carea' id='block_1_61' title="bbox 263 3198 1556 3274">
    <p class='ocr_par' dir='ltr' id='par_1_61' title="bbox 263 3198 1556 3274">
     <span class='ocr_line' id='line_1_61' title="bbox 263 3198 1556 3274; baseline 0.005 -20"><span class='ocrx_word' id='word_1_404' title='bbox 263 3198 339 3264; x_wconf 85' lang='grc' dir='ltr'><strong>ὡς</strong></span> <span class='ocrx_word' id='word_1_405' title='bbox 373 3199 466 3253; x_wconf 79' lang='grc' dir='ltr'>τὸν</span> <span class='ocrx_word' id='word_1_406' title='bbox 488 3200 833 3271; x_wconf 82' lang='grc' dir='ltr'>τεθαμμένον</span> <span class='ocrx_word' id='word_1_407' title='bbox 857 3203 1168 3274; x_wconf 73' lang='grc' dir='ltr'>ἀνασκάψαι</span> <span class='ocrx_word' id='word_1_408' title='bbox 1202 3206 1556 3270; x_wconf 84' lang='grc' dir='ltr'>ἐπιτάξαντα.</span> 
     </span>
    </p>
   </div>
   <div class='ocr_carea' id='block_1_62' title="bbox 344 3289 1846 3370">
    <p class='ocr_par' dir='ltr' id='par_1_62' title="bbox 344 3289 1846 3370">
     <span class='ocr_line' id='line_1_62' title="bbox 344 3289 1846 3370; baseline 0.007 -29"><span class='ocrx_word' id='word_1_409' title='bbox 344 3307 364 3341; x_wconf 84' lang='grc' dir='ltr'><strong>ι</strong></span> <span class='ocrx_word' id='word_1_410' title='bbox 403 3289 469 3342; x_wconf 90' lang='grc' dir='ltr'>Τί</span> <span class='ocrx_word' id='word_1_411' title='bbox 498 3291 781 3362; x_wconf 79' lang='grc' dir='ltr'>ποιοῦμεν,</span> <span class='ocrx_word' id='word_1_412' title='bbox 822 3293 906 3346; x_wconf 83' lang='grc' dir='ltr'>ὅτι</span> <span class='ocrx_word' id='word_1_413' title='bbox 955 3289 1108 3357; x_wconf 77' lang='grc' dir='ltr'>οὗτος</span> <span class='ocrx_word' id='word_1_414' title='bbox 1142 3296 1171 3348; x_wconf 82' lang='grc' dir='ltr'>ὁ</span> <span class='ocrx_word' id='word_1_415' title='bbox 1213 3294 1496 3366; x_wconf 82' lang='grc' dir='ltr'>ἄνθρωπος</span> <span class='ocrx_word' id='word_1_416' title='bbox 1528 3296 1700 3350; x_wconf 83' lang='grc' dir='ltr'>πολλά</span> <span class='ocrx_word' id='word_1_417' title='bbox 1748 3315 1846 3370; x_wconf 83' lang='grc' dir='ltr'>ση-</span> 
     </span>
    </p>
   </div>
   <div class='ocr_carea' id='block_1_63' title="bbox 271 3382 677 3452">
    <p class='ocr_par' dir='ltr' id='par_1_63' title="bbox 271 3382 677 3452">
     <span class='ocr_line' id='line_1_63' title="bbox 271 3382 677 3452; baseline 0.005 -19"><span class='ocrx_word' id='word_1_418' title='bbox 271 3382 400 3452; x_wconf 82' lang='grc' dir='ltr'><strong>μεῖα</strong></span> <span class='ocrx_word' id='word_1_419' title='bbox 436 3386 581 3435; x_wconf 85' lang='grc' dir='ltr'>ποιεῖ</span> <span class='ocrx_word' id='word_1_420' title='bbox 600 3400 614 3449; x_wconf 90' lang='grc'>;</span> <span class='ocrx_word' id='word_1_421' title='bbox 657 3402 677 3435; x_wconf 77' lang='grc' dir='ltr'><strong>ι</strong></span> 
     </span>
    </p>
   </div>
   <div class='ocr_carea' id='block_1_64' title="bbox 337 3473 1850 3554">
    <p class='ocr_par' dir='ltr' id='par_1_64' title="bbox 337 3473 1850 3554">
     <span class='ocr_line' id='line_1_64' title="bbox 337 3473 1850 3554; baseline 0.005 -27"><span class='ocrx_word' id='word_1_422' title='bbox 337 3473 495 3527; x_wconf 80' lang='grc' dir='ltr'>Μετά</span> <span class='ocrx_word' id='word_1_423' title='bbox 530 3473 801 3538; x_wconf 84' lang='grc' dir='ltr'>τοσαύτας</span> <span class='ocrx_word' id='word_1_424' title='bbox 829 3476 1139 3544; x_wconf 80' lang='grc' dir='ltr'>ἀποδείξεις</span> <span class='ocrx_word' id='word_1_425' title='bbox 1179 3478 1256 3541; x_wconf 84' lang='grc' dir='ltr'>ὡς</span> <span class='ocrx_word' id='word_1_426' title='bbox 1285 3479 1415 3548; x_wconf 76' lang='grc' dir='ltr'>περὶ</span> <span class='ocrx_word' id='word_1_427' title='bbox 1450 3478 1608 3549; x_wconf 82' lang='grc' dir='ltr'>ψιλοῦ</span> <span class='ocrx_word' id='word_1_428' title='bbox 1641 3481 1850 3554; x_wconf 86' lang='grc' dir='ltr'>ἀνθρώ-</span> 
     </span>
    </p>
   </div>
   <div class='ocr_carea' id='block_1_65' title="bbox 269 3563 1850 3641">
    <p class='ocr_par' dir='ltr' id='par_1_65' title="bbox 269 3563 1850 3641">
     <span class='ocr_line' id='line_1_65' title="bbox 269 3563 1850 3641; baseline 0.006 -25"><span class='ocrx_word' id='word_1_429' title='bbox 269 3580 374 3616; x_wconf 87' lang='grc' dir='ltr'>που</span> <span class='ocrx_word' id='word_1_430' title='bbox 399 3563 607 3632; x_wconf 87' lang='grc' dir='ltr'>ἐλεγον,</span> <span class='ocrx_word' id='word_1_431' title='bbox 638 3565 958 3633; x_wconf 82' lang='grc' dir='ltr'>ἀγνοοῦντες</span> <span class='ocrx_word' id='word_1_432' title='bbox 987 3569 1069 3621; x_wconf 82' lang='grc' dir='ltr'>ὅτι</span> <span class='ocrx_word' id='word_1_433' title='bbox 1097 3567 1257 3631; x_wconf 76' lang='grc' dir='ltr'>αὐτὸς</span> <span class='ocrx_word' id='word_1_434' title='bbox 1288 3564 1357 3641; x_wconf 80' lang='grc' dir='ltr'>ἦν</span> <span class='ocrx_word' id='word_1_435' title='bbox 1388 3570 1645 3640; x_wconf 83' lang='grc' dir='ltr'>Χριστὸς,</span> <span class='ocrx_word' id='word_1_436' title='bbox 1675 3573 1704 3625; x_wconf 85' lang='grc' dir='ltr'><strong>ὁ</strong></span> <span class='ocrx_word' id='word_1_437' title='bbox 1742 3571 1850 3626; x_wconf 89' lang='grc' dir='ltr'><strong>τῶν</strong></span> 
     </span>
    </p>
   </div>
   <div class='ocr_carea' id='block_1_66' title="bbox 270 3652 899 3726">
    <p class='ocr_par' dir='ltr' id='par_1_66' title="bbox 270 3652 899 3726">
     <span class='ocr_line' id='line_1_66' title="bbox 270 3652 899 3726; baseline 0.006 -21"><span class='ocrx_word' id='word_1_438' title='bbox 270 3652 515 3724; x_wconf 83' lang='grc' dir='ltr'>σημείων</span> <span class='ocrx_word' id='word_1_439' title='bbox 547 3654 899 3726; x_wconf 76' lang='grc' dir='ltr'>δημιουργός.</span> 
     </span>
    </p>
   </div>
   <div class='ocr_carea' id='block_1_67' title="bbox 344 3768 1853 3841">
    <p class='ocr_par' dir='ltr' id='par_1_67' title="bbox 344 3768 1853 3841">
     <span class='ocr_line' id='line_1_67' title="bbox 344 3768 1853 3841; baseline 0.008 -20"><span class='ocrx_word' id='word_1_440' title='bbox 344 3787 364 3821; x_wconf 78' lang='lat' dir='ltr'><strong>r</strong></span> <span class='ocrx_word' id='word_1_441' title='bbox 416 3768 545 3823; x_wconf 74' lang='grc' dir='ltr'><strong>Ἐὰν</strong></span> <span class='ocrx_word' id='word_1_442' title='bbox 584 3769 813 3840; x_wconf 83' lang='grc' dir='ltr'>ἀφῶμεν</span> <span class='ocrx_word' id='word_1_443' title='bbox 856 3771 1022 3825; x_wconf 71' lang='grc' dir='ltr'>αὐτὸν</span> <span class='ocrx_word' id='word_1_444' title='bbox 1054 3772 1249 3838; x_wconf 74' lang='grc' dir='ltr'>οὕτως,</span> <span class='ocrx_word' id='word_1_445' title='bbox 1290 3775 1493 3841; x_wconf 81' lang='grc' dir='ltr'>πάντες</span> <span class='ocrx_word' id='word_1_446' title='bbox 1531 3778 1853 3833; x_wconf 88' lang='grc' dir='ltr'>πιστεύσου-</span> 
     </span>
    </p>
   </div>
   <div class='ocr_carea' id='block_1_68' title="bbox 274 3861 1851 3941">
    <p class='ocr_par' dir='ltr' id='par_1_68' title="bbox 274 3861 1851 3941">
     <span class='ocr_line' id='line_1_68' title="bbox 274 3861 1851 3941; baseline 0.006 -29"><span class='ocrx_word' id='word_1_447' title='bbox 274 3877 357 3912; x_wconf 92' lang='grc' dir='ltr'><strong>σιν</strong></span> <span class='ocrx_word' id='word_1_448' title='bbox 382 3862 462 3924; x_wconf 83' lang='grc' dir='ltr'><strong>είς</strong></span> <span class='ocrx_word' id='word_1_449' title='bbox 485 3861 670 3925; x_wconf 72' lang='grc' dir='ltr'>αὐτὸν,</span> <span class='ocrx_word' id='word_1_450' title='bbox 701 3863 794 3915; x_wconf 75' lang='grc' dir='ltr'>καὶ</span> <span class='ocrx_word' id='word_1_451' title='bbox 823 3862 1135 3917; x_wconf 75' lang='grc' dir='ltr'>ἐλεύσονται</span> <span class='ocrx_word' id='word_1_452' title='bbox 1162 3865 1212 3917; x_wconf 78' lang='grc' dir='ltr'>οἱ</span> <span class='ocrx_word' id='word_1_453' title='bbox 1249 3865 1533 3938; x_wconf 85' lang='grc' dir='ltr'>Ῥωμαῖοι,</span> <span class='ocrx_word' id='word_1_454' title='bbox 1562 3870 1657 3923; x_wconf 72' lang='grc' dir='ltr'><strong>καὶ</strong></span> <span class='ocrx_word' id='word_1_455' title='bbox 1685 3867 1851 3941; x_wconf 87' lang='grc' dir='ltr'>ἀροῦ-</span> 
     </span>
    </p>
   </div>
   <div class='ocr_carea' id='block_1_69' title="bbox 274 3950 1393 4027">
    <p class='ocr_par' dir='ltr' id='par_1_69' title="bbox 274 3950 1393 4027">
     <span class='ocr_line' id='line_1_69' title="bbox 274 3950 1393 4027; baseline 0.007 -25"><span class='ocrx_word' id='word_1_456' title='bbox 274 3967 358 4004; x_wconf 80' lang='grc' dir='ltr'><strong>σιν</strong></span> <span class='ocrx_word' id='word_1_457' title='bbox 384 3950 539 4020; x_wconf 82' lang='grc' dir='ltr'>ἡμῶν</span> <span class='ocrx_word' id='word_1_458' title='bbox 566 3952 658 4006; x_wconf 75' lang='grc' dir='ltr'>τὸν</span> <span class='ocrx_word' id='word_1_459' title='bbox 686 3952 850 4006; x_wconf 88' lang='grc' dir='ltr'>τόπον</span> <span class='ocrx_word' id='word_1_460' title='bbox 869 3994 884 4020; x_wconf 89' lang='grc'>,</span> <span class='ocrx_word' id='word_1_461' title='bbox 915 3959 1009 4008; x_wconf 78' lang='grc' dir='ltr'><strong>καὶ</strong></span> <span class='ocrx_word' id='word_1_462' title='bbox 1034 3953 1139 4027; x_wconf 80' lang='grc' dir='ltr'>[τὸ]</span> <span class='ocrx_word' id='word_1_463' title='bbox 1168 3956 1337 4020; x_wconf 75' lang='grc' dir='ltr'>ἔθνος.</span> <span class='ocrx_word' id='word_1_464' title='bbox 1374 3976 1393 4009; x_wconf 77' lang='grc' dir='ltr'><strong>ι</strong></span> 
     </span>
    </p>
   </div>
   <div class='ocr_carea' id='block_1_70' title="bbox 353 4044 1853 4122">
    <p class='ocr_par' dir='ltr' id='par_1_70' title="bbox 353 4044 1853 4122">
     <span class='ocr_line' id='line_1_70' title="bbox 353 4044 1853 4122; baseline 0.005 -24"><span class='ocrx_word' id='word_1_465' title='bbox 353 4044 500 4108; x_wconf 77' lang='grc' dir='ltr'><strong>Ἐὰν,</strong></span> <span class='ocrx_word' id='word_1_466' title='bbox 537 4046 723 4115; x_wconf 75' lang='grc' dir='ltr'>φησὶν,</span> <span class='ocrx_word' id='word_1_467' title='bbox 753 4047 802 4100; x_wconf 77' lang='grc' dir='ltr'><strong>οἱ</strong></span> <span class='ocrx_word' id='word_1_468' title='bbox 834 4047 1190 4112; x_wconf 81' lang='grc' dir='ltr'>πιστεύοντες</span> <span class='ocrx_word' id='word_1_469' title='bbox 1228 4049 1305 4113; x_wconf 82' lang='grc' dir='ltr'><strong>είς</strong></span> <span class='ocrx_word' id='word_1_470' title='bbox 1343 4049 1508 4104; x_wconf 79' lang='grc' dir='ltr'>αὑτὸν</span> <span class='ocrx_word' id='word_1_471' title='bbox 1551 4052 1853 4122; x_wconf 83' lang='grc' dir='ltr'>ποιήσωσιν</span> 
     </span>
    </p>
   </div>
   <div class='ocr_carea' id='block_1_71' title="bbox 269 4134 1849 4212">
    <p class='ocr_par' dir='ltr' id='par_1_71' title="bbox 269 4134 1849 4212">
     <span class='ocr_line' id='line_1_71' title="bbox 269 4134 1849 4212; baseline 0.007 -26"><span class='ocrx_word' id='word_1_472' title='bbox 269 4134 432 4187; x_wconf 79' lang='grc' dir='ltr'>αὑτὸν</span> <span class='ocrx_word' id='word_1_473' title='bbox 475 4134 704 4206; x_wconf 80' lang='grc' dir='ltr'>βασιλέα</span> <span class='ocrx_word' id='word_1_474' title='bbox 728 4178 743 4204; x_wconf 89' lang='grc'>,</span> <span class='ocrx_word' id='word_1_475' title='bbox 792 4139 1119 4209; x_wconf 74' lang='grc' dir='ltr'>ἐπέρχονται</span> <span class='ocrx_word' id='word_1_476' title='bbox 1166 4142 1303 4211; x_wconf 76' lang='grc' dir='ltr'>ἡμῖν</span> <span class='ocrx_word' id='word_1_477' title='bbox 1333 4141 1409 4204; x_wconf 86' lang='grc' dir='ltr'>ὡς</span> <span class='ocrx_word' id='word_1_478' title='bbox 1440 4143 1849 4212; x_wconf 85' lang='grc' dir='ltr'>τυραννήσασιν</span> 
     </span>
    </p>
   </div>
   <div class='ocr_carea' id='block_1_72' title="bbox 267 4222 1852 4299">
    <p class='ocr_par' dir='ltr' id='par_1_72' title="bbox 267 4222 1852 4299">
     <span class='ocr_line' id='line_1_72' title="bbox 267 4222 1852 4299; baseline 0.006 -24"><span class='ocrx_word' id='word_1_479' title='bbox 267 4225 317 4276; x_wconf 75' lang='grc' dir='ltr'>οἱ</span> <span class='ocrx_word' id='word_1_480' title='bbox 361 4222 655 4294; x_wconf 82' lang='grc' dir='ltr'>Ῥωμαῖοι,</span> <span class='ocrx_word' id='word_1_481' title='bbox 701 4227 795 4279; x_wconf 74' lang='grc' dir='ltr'><strong>καὶ</strong></span> <span class='ocrx_word' id='word_1_482' title='bbox 828 4227 1131 4297; x_wconf 82' lang='grc' dir='ltr'>γυμνοῦσιν</span> <span class='ocrx_word' id='word_1_483' title='bbox 1175 4230 1328 4299; x_wconf 80' lang='grc' dir='ltr'>ἡμᾶς</span> <span class='ocrx_word' id='word_1_484' title='bbox 1374 4230 1614 4284; x_wconf 85' lang='grc' dir='ltr'>πάντων.</span> <span class='ocrx_word' id='word_1_485' title='bbox 1651 4233 1747 4285; x_wconf 80' lang='grc' dir='ltr'>Διά</span> <span class='ocrx_word' id='word_1_486' title='bbox 1791 4232 1852 4285; x_wconf 81' lang='grc' dir='ltr'>τὸ</span> 
     </span>
    </p>
   </div>
   <div class='ocr_carea' id='block_1_73' title="bbox 271 4315 1853 4394">
    <p class='ocr_par' dir='ltr' id='par_1_73' title="bbox 271 4315 1853 4394">
     <span class='ocr_line' id='line_1_73' title="bbox 271 4315 1853 4394; baseline 0.005 -25"><span class='ocrx_word' id='word_1_487' title='bbox 271 4315 345 4387; x_wconf 84' lang='grc' dir='ltr'><strong>μὴ</strong></span> <span class='ocrx_word' id='word_1_488' title='bbox 375 4316 668 4387; x_wconf 79' lang='grc' dir='ltr'>ὑπομεῖναι</span> <span class='ocrx_word' id='word_1_489' title='bbox 691 4357 707 4382; x_wconf 92' lang='grc'>,</span> <span class='ocrx_word' id='word_1_490' title='bbox 735 4319 804 4373; x_wconf 73' lang='grc' dir='ltr'><strong>τὰ</strong></span> <span class='ocrx_word' id='word_1_491' title='bbox 840 4319 990 4373; x_wconf 85' lang='grc' dir='ltr'>δεινά</span> <span class='ocrx_word' id='word_1_492' title='bbox 1023 4320 1230 4389; x_wconf 82' lang='grc' dir='ltr'>ελεγον,</span> <span class='ocrx_word' id='word_1_493' title='bbox 1281 4321 1370 4376; x_wconf 78' lang='grc' dir='ltr'>ἵνα</span> <span class='ocrx_word' id='word_1_494' title='bbox 1416 4322 1703 4394; x_wconf 81' lang='grc' dir='ltr'>ἀναιρεθῇ.</span> <span class='ocrx_word' id='word_1_495' title='bbox 1739 4325 1853 4378; x_wconf 72' lang='grc' dir='ltr'><strong>Καὶ</strong></span> 
     </span>
    </p>
   </div>
   <div class='ocr_carea' id='block_1_74' title="bbox 266 4408 1847 4488">
    <p class='ocr_par' dir='ltr' id='par_1_74' title="bbox 266 4408 1847 4488">
     <span class='ocr_line' id='line_1_74' title="bbox 266 4408 1847 4488; baseline 0.006 -28"><span class='ocrx_word' id='word_1_496' title='bbox 266 4408 354 4461; x_wconf 81' lang='grc' dir='ltr'>ὅτε</span> <span class='ocrx_word' id='word_1_497' title='bbox 406 4409 569 4464; x_wconf 78' lang='grc' dir='ltr'>αὑτὸν</span> <span class='ocrx_word' id='word_1_498' title='bbox 618 4411 936 4479; x_wconf 71' lang='grc' dir='ltr'>ἐφόνευσαν,</span> <span class='ocrx_word' id='word_1_499' title='bbox 993 4414 1115 4467; x_wconf 85' lang='grc' dir='ltr'>τότε</span> <span class='ocrx_word' id='word_1_500' title='bbox 1149 4414 1311 4487; x_wconf 80' lang='grc' dir='ltr'>ἐξέϐη</span> <span class='ocrx_word' id='word_1_501' title='bbox 1356 4415 1426 4468; x_wconf 88' lang='grc' dir='ltr'><strong>τά</strong></span> <span class='ocrx_word' id='word_1_502' title='bbox 1463 4415 1685 4488; x_wconf 83' lang='grc' dir='ltr'>λυπηρά</span> <span class='ocrx_word' id='word_1_503' title='bbox 1718 4415 1847 4470; x_wconf 81' lang='grc' dir='ltr'>κατ’</span> 
     </span>
    </p>
   </div>
   <div class='ocr_carea' id='block_1_75' title="bbox 267 4517 470 4554">
    <p class='ocr_par' dir='ltr' id='par_1_75' title="bbox 267 4517 470 4554">
     <span class='ocr_line' id='line_1_75' title="bbox 267 4517 470 4554; baseline 0.005 -1"><span class='ocrx_word' id='word_1_504' title='bbox 267 4517 470 4554; x_wconf 90' lang='grc' dir='ltr'>αυτων.</span> 
     </span>
    </p>
   </div>
   <div class='ocr_carea' id='block_1_76' title="bbox 348 4675 1851 4759">
    <p class='ocr_par' dir='ltr' id='par_1_76' title="bbox 348 4675 1851 4759">
     <span class='ocr_line' id='line_1_76' title="bbox 348 4675 1851 4759; baseline 0.009 -32"><span class='ocrx_word' id='word_1_505' title='bbox 348 4694 368 4727; x_wconf 76' lang='grc' dir='ltr'><strong>ι</strong></span> <span class='ocrx_word' id='word_1_506' title='bbox 402 4675 574 4730; x_wconf 89' lang='grc' dir='ltr'>Τοῦτο</span> <span class='ocrx_word' id='word_1_507' title='bbox 603 4676 662 4730; x_wconf 85' lang='grc' dir='ltr'><strong>δέ</strong></span> <span class='ocrx_word' id='word_1_508' title='bbox 690 4677 786 4748; x_wconf 82' lang='grc' dir='ltr'>ἀφ’</span> <span class='ocrx_word' id='word_1_509' title='bbox 811 4680 1007 4734; x_wconf 74' lang='grc' dir='ltr'>ἑαυτοῦ</span> <span class='ocrx_word' id='word_1_510' title='bbox 1040 4683 1142 4738; x_wconf 82' lang='grc' dir='ltr'>οὐκ</span> <span class='ocrx_word' id='word_1_511' title='bbox 1184 4679 1358 4747; x_wconf 78' lang='grc' dir='ltr'>εἶπεν,</span> <span class='ocrx_word' id='word_1_512' title='bbox 1384 4685 1520 4740; x_wconf 86' lang='grc' dir='ltr'><strong>ἀλλά</strong></span> <span class='ocrx_word' id='word_1_513' title='bbox 1553 4686 1851 4759; x_wconf 76' lang='grc' dir='ltr'>ἀρχιερεὺς</span> 
     </span>
    </p>
   </div>
   <div class='ocr_carea' id='block_1_77' title="bbox 267 4766 1847 4851">
    <p class='ocr_par' dir='ltr' id='par_1_77' title="bbox 267 4766 1847 4851">
     <span class='ocr_line' id='line_1_77' title="bbox 267 4766 1847 4851; baseline 0.008 -30"><span class='ocrx_word' id='word_1_514' title='bbox 267 4766 343 4823; x_wconf 77' lang='grc' dir='ltr'>ὢν</span> <span class='ocrx_word' id='word_1_515' title='bbox 377 4768 472 4822; x_wconf 89' lang='grc' dir='ltr'><strong>τοῦ</strong></span> <span class='ocrx_word' id='word_1_516' title='bbox 516 4770 769 4824; x_wconf 79' lang='grc' dir='ltr'>ἐνιαυτοῦ</span> <span class='ocrx_word' id='word_1_517' title='bbox 796 4772 1009 4826; x_wconf 84' lang='grc' dir='ltr'>ἐκείνου</span> <span class='ocrx_word' id='word_1_518' title='bbox 1037 4777 1466 4848; x_wconf 83' lang='grc' dir='ltr'>προεφήτευσεν,</span> <span class='ocrx_word' id='word_1_519' title='bbox 1497 4778 1578 4832; x_wconf 78' lang='grc' dir='ltr'>ὅτι</span> <span class='ocrx_word' id='word_1_520' title='bbox 1618 4779 1847 4851; x_wconf 75' lang='grc' dir='ltr'>ἔμελλεν</span> 
     </span>
    </p>
   </div>
   <div class='ocr_carea' id='block_1_78' title="bbox 281 4860 1483 4936">
    <p class='ocr_par' dir='ltr' id='par_1_78' title="bbox 281 4860 1483 4936">
     <span class='ocr_line' id='line_1_78' title="bbox 281 4860 1483 4936; baseline 0.007 -23"><span class='ocrx_word' id='word_1_521' title='bbox 281 4860 489 4931; x_wconf 86' lang='grc' dir='ltr'>Ἰησοῦς</span> <span class='ocrx_word' id='word_1_522' title='bbox 514 4863 887 4934; x_wconf 83' lang='grc' dir='ltr'>ἀποθνήσκειν</span> <span class='ocrx_word' id='word_1_523' title='bbox 916 4864 1057 4936; x_wconf 78' lang='grc' dir='ltr'>ὑπὲρ</span> <span class='ocrx_word' id='word_1_524' title='bbox 1092 4866 1185 4920; x_wconf 87' lang='grc' dir='ltr'><strong>τοῦ</strong></span> <span class='ocrx_word' id='word_1_525' title='bbox 1218 4867 1427 4933; x_wconf 76' lang='grc' dir='ltr'>ἔθνους.</span> <span class='ocrx_word' id='word_1_526' title='bbox 1464 4888 1483 4921; x_wconf 73' lang='grc' dir='ltr'><strong>ι</strong></span> 
     </span>
    </p>
   </div>
   <div class='ocr_carea' id='block_1_79' title="bbox 329 4953 1843 5033">
    <p class='ocr_par' dir='ltr' id='par_1_79' title="bbox 329 4953 1843 5033">
     <span class='ocr_line' id='line_1_79' title="bbox 329 4953 1843 5033; baseline 0.009 -29"><span class='ocrx_word' id='word_1_527' title='bbox 329 4953 568 5023; x_wconf 84' lang='grc' dir='ltr'>Στόματι</span> <span class='ocrx_word' id='word_1_528' title='bbox 625 4955 875 5012; x_wconf 81' lang='grc' dir='ltr'>λαλοῦντι</span> <span class='ocrx_word' id='word_1_529' title='bbox 933 4960 1095 5029; x_wconf 91' lang='grc' dir='ltr'>μόνον</span> <span class='ocrx_word' id='word_1_530' title='bbox 1141 4960 1222 5032; x_wconf 77' lang='grc' dir='ltr'><strong>(οὐ</strong></span> <span class='ocrx_word' id='word_1_531' title='bbox 1270 4961 1377 5032; x_wconf 83' lang='grc' dir='ltr'>μὴν</span> <span class='ocrx_word' id='word_1_532' title='bbox 1422 4962 1522 5033; x_wconf 85' lang='grc' dir='ltr'>τῆς</span> <span class='ocrx_word' id='word_1_533' title='bbox 1564 4963 1658 5017; x_wconf 89' lang='grc' dir='ltr'><strong>τοῦ</strong></span> <span class='ocrx_word' id='word_1_534' title='bbox 1689 4964 1843 5033; x_wconf 86' lang='grc' dir='ltr'>ἁγίου</span> 
     </span>
    </p>
   </div>
   <div class='ocr_carea' id='block_1_80' title="bbox 269 5044 1852 5125">
    <p class='ocr_par' dir='ltr' id='par_1_80' title="bbox 269 5044 1852 5125">
     <span class='ocr_line' id='line_1_80' title="bbox 269 5044 1852 5125; baseline 0.009 -29"><span class='ocrx_word' id='word_1_535' title='bbox 269 5044 586 5113; x_wconf 77' lang='grc' dir='ltr'>Πνεῦματος</span> <span class='ocrx_word' id='word_1_536' title='bbox 624 5049 849 5120; x_wconf 81' lang='grc' dir='ltr'>χάριτος</span> <span class='ocrx_word' id='word_1_537' title='bbox 897 5049 1183 5124; x_wconf 78' lang='grc' dir='ltr'>ἁψαμένης</span> <span class='ocrx_word' id='word_1_538' title='bbox 1226 5052 1392 5106; x_wconf 76' lang='grc' dir='ltr'>αὐτοῦ</span> <span class='ocrx_word' id='word_1_539' title='bbox 1437 5053 1537 5124; x_wconf 83' lang='grc' dir='ltr'>τῆς</span> <span class='ocrx_word' id='word_1_540' title='bbox 1567 5054 1852 5125; x_wconf 85' lang='grc' dir='ltr'>καρδίας),</span> 
     </span>
    </p>
   </div>
   <div class='ocr_carea' id='block_1_81' title="bbox 269 5135 1849 5216">
    <p class='ocr_par' dir='ltr' id='par_1_81' title="bbox 269 5135 1849 5216">
     <span class='ocr_line' id='line_1_81' title="bbox 269 5135 1849 5216; baseline 0.008 -30"><span class='ocrx_word' id='word_1_541' title='bbox 269 5135 406 5206; x_wconf 82' lang='grc' dir='ltr'>πρὸς</span> <span class='ocrx_word' id='word_1_542' title='bbox 435 5137 600 5209; x_wconf 74' lang='grc' dir='ltr'>τιμὴν</span> <span class='ocrx_word' id='word_1_543' title='bbox 624 5142 723 5211; x_wconf 77' lang='grc' dir='ltr'>τῆς</span> <span class='ocrx_word' id='word_1_544' title='bbox 756 5141 1050 5211; x_wconf 85' lang='grc' dir='ltr'>ίερατείας,</span> <span class='ocrx_word' id='word_1_545' title='bbox 1095 5140 1247 5214; x_wconf 82' lang='grc' dir='ltr'>ἐδόθη</span> <span class='ocrx_word' id='word_1_546' title='bbox 1293 5142 1442 5213; x_wconf 82' lang='grc' dir='ltr'><strong>αύτῷ</strong></span> <span class='ocrx_word' id='word_1_547' title='bbox 1471 5145 1531 5199; x_wconf 80' lang='grc' dir='ltr'>τὸ</span> <span class='ocrx_word' id='word_1_548' title='bbox 1566 5148 1849 5216; x_wconf 84' lang='grc' dir='ltr'>προειπεῖν</span> 
     </span>
    </p>
   </div>
   <div class='ocr_carea' id='block_1_82' title="bbox 273 5227 1853 5306">
    <p class='ocr_par' dir='ltr' id='par_1_82' title="bbox 273 5227 1853 5306">
     <span class='ocr_line' id='line_1_82' title="bbox 273 5227 1853 5306; baseline 0.006 -25"><span class='ocrx_word' id='word_1_549' title='bbox 273 5227 292 5297; x_wconf 88' lang='grc'>(</span> <span class='ocrx_word' id='word_1_550' title='bbox 311 5228 371 5280; x_wconf 79' lang='grc' dir='ltr'>οὐ</span> <span class='ocrx_word' id='word_1_551' title='bbox 394 5227 501 5300; x_wconf 84' lang='grc' dir='ltr'>μὴν</span> <span class='ocrx_word' id='word_1_552' title='bbox 529 5228 604 5293; x_wconf 86' lang='grc' dir='ltr'><strong>ὡς</strong></span> <span class='ocrx_word' id='word_1_553' title='bbox 626 5233 920 5306; x_wconf 61' lang='grc' dir='ltr'>προφήτῃγ</span> <span class='ocrx_word' id='word_1_554' title='bbox 948 5236 1114 5289; x_wconf 78' lang='grc' dir='ltr'>Οὐδὲν</span> <span class='ocrx_word' id='word_1_555' title='bbox 1140 5236 1197 5289; x_wconf 83' lang='grc' dir='ltr'><strong>δὲ</strong></span> <span class='ocrx_word' id='word_1_556' title='bbox 1214 5236 1413 5306; x_wconf 72' lang='grc' dir='ltr'>ὠφελεί</span> <span class='ocrx_word' id='word_1_557' title='bbox 1436 5254 1558 5291; x_wconf 85' lang='grc' dir='ltr'>τινα</span> <span class='ocrx_word' id='word_1_558' title='bbox 1588 5237 1648 5290; x_wconf 87' lang='grc' dir='ltr'><strong>τὺ</strong></span> <span class='ocrx_word' id='word_1_559' title='bbox 1678 5236 1853 5303; x_wconf 77' lang='grc' dir='ltr'>οὕτως</span> 
     </span>
    </p>
   </div>
   <div class='ocr_carea' id='block_1_83' title="bbox 271 5317 1852 5398">
    <p class='ocr_par' dir='ltr' id='par_1_83' title="bbox 271 5317 1852 5398">
     <span class='ocr_line' id='line_1_83' title="bbox 271 5317 1852 5398; baseline 0.015 -31"><span class='ocrx_word' id='word_1_560' title='bbox 271 5317 669 5388; x_wconf 67' lang='grc' dir='ltr'>προφητεῦσαι.</span> <span class='ocrx_word' id='word_1_561' title='bbox 736 5321 991 5395; x_wconf 72' lang='grc' dir='ltr'>Ἀρμόζει</span> <span class='ocrx_word' id='word_1_562' title='bbox 1046 5324 1154 5397; x_wconf 82' lang='grc' dir='ltr'>γὰρ</span> <span class='ocrx_word' id='word_1_563' title='bbox 1197 5325 1341 5380; x_wconf 81' lang='grc' dir='ltr'>κατὰ</span> <span class='ocrx_word' id='word_1_564' title='bbox 1391 5325 1500 5383; x_wconf 87' lang='grc' dir='ltr'><strong>τῶν</strong></span> <span class='ocrx_word' id='word_1_565' title='bbox 1552 5328 1632 5398; x_wconf 81' lang='grc' dir='ltr'>μὴ</span> <span class='ocrx_word' id='word_1_566' title='bbox 1676 5326 1852 5397; x_wconf 79' lang='grc' dir='ltr'>ὀρθῶς</span> 
     </span>
    </p>
   </div>
   <div class='ocr_carea' id='block_1_84' title="bbox 271 5406 1852 5483">
    <p class='ocr_par' dir='ltr' id='par_1_84' title="bbox 271 5406 1852 5483">
     <span class='ocr_line' id='line_1_84' title="bbox 271 5406 1852 5483; baseline 0.008 -26"><span class='ocrx_word' id='word_1_567' title='bbox 271 5406 658 5475; x_wconf 80' lang='grc' dir='ltr'>πιστευόντων,</span> <span class='ocrx_word' id='word_1_568' title='bbox 710 5411 1087 5482; x_wconf 84' lang='grc' dir='ltr'>προλεγόντων</span> <span class='ocrx_word' id='word_1_569' title='bbox 1124 5413 1182 5467; x_wconf 83' lang='grc' dir='ltr'><strong>δέ</strong></span> <span class='ocrx_word' id='word_1_570' title='bbox 1221 5432 1365 5483; x_wconf 87' lang='grc' dir='ltr'>τινα,</span> <span class='ocrx_word' id='word_1_571' title='bbox 1403 5416 1599 5481; x_wconf 77' lang='grc' dir='ltr'>οἵτινες</span> <span class='ocrx_word' id='word_1_572' title='bbox 1632 5414 1729 5469; x_wconf 77' lang='grc' dir='ltr'><strong>ἐὰν</strong></span> <span class='ocrx_word' id='word_1_573' title='bbox 1773 5416 1852 5470; x_wconf 74' lang='lat' dir='ltr'><strong>el-</strong></span> 
     </span>
    </p>
   </div>
   <div class='ocr_carea' id='block_1_85' title="bbox 273 5654 994 5729">
    <p class='ocr_par' dir='ltr' id='par_1_85' title="bbox 273 5654 994 5729">
     <span class='ocr_line' id='line_1_85' title="bbox 273 5654 994 5729; baseline 0.026 -28"><span class='ocrx_word' id='word_1_574' title='bbox 273 5654 585 5729; x_wconf 64' lang='grc' dir='ltr'>ἀιςενόδοξον</span> <span class='ocrx_word' id='word_1_575' title='bbox 611 5659 710 5713; x_wconf 79' lang='grc' dir='ltr'><strong>οὐκ</strong></span> <span class='ocrx_word' id='word_1_576' title='bbox 759 5654 933 5729; x_wconf 78' lang='grc' dir='ltr'>εἷπεν,</span> <span class='ocrx_word' id='word_1_577' title='bbox 972 5663 994 5681; x_wconf 86' lang='lat'><strong><em>&quot;</em></strong></span> 
     </span>
    </p>
   </div>
   <div class='ocr_carea' id='block_1_86' title="bbox 1961 3198 3525 3270">
    <p class='ocr_par' dir='ltr' id='par_1_86' title="bbox 1961 3198 3525 3270">
     <span class='ocr_line' id='line_1_86' title="bbox 1961 3198 3525 3270; baseline -0.003 -11"><span class='ocrx_word' id='word_1_578' title='bbox 1961 3206 2341 3265; x_wconf 80' lang='lat' dir='ltr'><strong>traduxerunt,</strong></span> <span class='ocrx_word' id='word_1_579' title='bbox 2404 3211 2589 3270; x_wconf 88' lang='lat' dir='ltr'><strong>utpote</strong></span> <span class='ocrx_word' id='word_1_580' title='bbox 2622 3201 2712 3268; x_wconf 93' lang='lat' dir='ltr'><strong>qui</strong></span> <span class='ocrx_word' id='word_1_581' title='bbox 2740 3201 3007 3268; x_wconf 85' lang='lat' dir='ltr'><strong>sepultum</strong></span> <span class='ocrx_word' id='word_1_582' title='bbox 3038 3198 3199 3253; x_wconf 71' lang='lat' dir='ltr'><strong>effodi</strong></span> <span class='ocrx_word' id='word_1_583' title='bbox 3236 3199 3525 3255; x_wconf 79' lang='lat' dir='ltr'><strong>curaverit.</strong></span> 
     </span>
    </p>
   </div>
   <div class='ocr_carea' id='block_1_87' title="bbox 2020 3287 3514 3358">
    <p class='ocr_par' dir='ltr' id='par_1_87' title="bbox 2020 3287 3514 3358">
     <span class='ocr_line' id='line_1_87' title="bbox 2020 3287 3514 3358; baseline -0.003 -14"><span class='ocrx_word' id='word_1_584' title='bbox 2020 3290 2186 3347; x_wconf 73' lang='lat' dir='ltr'><strong>Vens.</strong></span> <span class='ocrx_word' id='word_1_585' title='bbox 2211 3291 2300 3344; x_wconf 69' lang='grc'><strong>47.</strong></span> <span class='ocrx_word' id='word_1_586' title='bbox 2326 3307 2346 3340; x_wconf 85' lang='grc'><strong><em>‹</em></strong></span> <span class='ocrx_word' id='word_1_587' title='bbox 2380 3289 2519 3356; x_wconf 82' lang='lat' dir='ltr'><strong>Quid</strong></span> <span class='ocrx_word' id='word_1_588' title='bbox 2553 3289 2810 3354; x_wconf 81' lang='lat' dir='ltr'><strong>facimus,</strong></span> <span class='ocrx_word' id='word_1_589' title='bbox 2857 3288 2983 3358; x_wconf 86' lang='lat' dir='ltr'><strong>quia</strong></span> <span class='ocrx_word' id='word_1_590' title='bbox 3015 3287 3105 3341; x_wconf 88' lang='lat' dir='ltr'><strong>hic</strong></span> <span class='ocrx_word' id='word_1_591' title='bbox 3148 3287 3309 3341; x_wconf 88' lang='lat' dir='ltr'><strong>homo</strong></span> <span class='ocrx_word' id='word_1_592' title='bbox 3348 3287 3514 3340; x_wconf 88' lang='lat' dir='ltr'><strong>multa</strong></span> 
     </span>
    </p>
   </div>
   <div class='ocr_carea' id='block_1_88' title="bbox 1952 3380 2361 3452">
    <p class='ocr_par' dir='ltr' id='par_1_88' title="bbox 1952 3380 2361 3452">
     <span class='ocr_line' id='line_1_88' title="bbox 1952 3380 2361 3452; baseline -0.015 -14"><span class='ocrx_word' id='word_1_593' title='bbox 1952 3383 2104 3452; x_wconf 82' lang='lat' dir='ltr'><strong>signa</strong></span> <span class='ocrx_word' id='word_1_594' title='bbox 2144 3380 2309 3435; x_wconf 77' lang='lat' dir='ltr'><strong>facit?</strong></span> <span class='ocrx_word' id='word_1_595' title='bbox 2340 3399 2361 3432; x_wconf 73' lang='grc' dir='ltr'><strong>ι</strong></span> 
     </span>
    </p>
   </div>
   <div class='ocr_carea' id='block_1_89' title="bbox 2023 3465 3532 3539">
    <p class='ocr_par' dir='ltr' id='par_1_89' title="bbox 2023 3465 3532 3539">
     <span class='ocr_line' id='line_1_89' title="bbox 2023 3465 3532 3539; baseline -0.004 -12"><span class='ocrx_word' id='word_1_596' title='bbox 2023 3472 2150 3527; x_wconf 88' lang='lat' dir='ltr'><strong>Post</strong></span> <span class='ocrx_word' id='word_1_597' title='bbox 2195 3480 2273 3526; x_wconf 90' lang='lat' dir='ltr'><strong>tot</strong></span> <span class='ocrx_word' id='word_1_598' title='bbox 2318 3471 2493 3539; x_wconf 82' lang='lat' dir='ltr'><strong>signa,</strong></span> <span class='ocrx_word' id='word_1_599' title='bbox 2559 3479 2812 3538; x_wconf 84' lang='lat' dir='ltr'><strong>tanquam</strong></span> <span class='ocrx_word' id='word_1_600' title='bbox 2863 3467 2932 3523; x_wconf 91' lang='lat' dir='ltr'><strong>de</strong></span> <span class='ocrx_word' id='word_1_601' title='bbox 2966 3466 3055 3521; x_wconf 87' lang='lat' dir='ltr'><strong>vili</strong></span> <span class='ocrx_word' id='word_1_602' title='bbox 3094 3467 3311 3522; x_wconf 87' lang='lat' dir='ltr'><strong>homine</strong></span> <span class='ocrx_word' id='word_1_603' title='bbox 3344 3465 3532 3536; x_wconf 85' lang='lat' dir='ltr'><strong>loque-</strong></span> 
     </span>
    </p>
   </div>
   <div class='ocr_carea' id='block_1_90' title="bbox 1953 3560 3532 3632">
    <p class='ocr_par' dir='ltr' id='par_1_90' title="bbox 1953 3560 3532 3632">
     <span class='ocr_line' id='line_1_90' title="bbox 1953 3560 3532 3632; baseline -0.004 -11"><span class='ocrx_word' id='word_1_604' title='bbox 1953 3566 2171 3631; x_wconf 82' lang='lat' dir='ltr'><strong>bantur,</strong></span> <span class='ocrx_word' id='word_1_605' title='bbox 2205 3567 2513 3620; x_wconf 85' lang='lat' dir='ltr'><strong>nescientes</strong></span> <span class='ocrx_word' id='word_1_606' title='bbox 2549 3563 2722 3632; x_wconf 92' lang='lat' dir='ltr'><strong>ipsum</strong></span> <span class='ocrx_word' id='word_1_607' title='bbox 2761 3576 2887 3617; x_wconf 87' lang='lat' dir='ltr'><strong>esse</strong></span> <span class='ocrx_word' id='word_1_608' title='bbox 2922 3560 3227 3627; x_wconf 85' lang='lat' dir='ltr'><strong>Christum,</strong></span> <span class='ocrx_word' id='word_1_609' title='bbox 3263 3568 3318 3615; x_wconf 90' lang='lat' dir='ltr'><strong>et</strong></span> <span class='ocrx_word' id='word_1_610' title='bbox 3357 3569 3532 3615; x_wconf 91' lang='lat' dir='ltr'><strong>tauto-</strong></span> 
     </span>
    </p>
   </div>
   <div class='ocr_carea' id='block_1_91' title="bbox 1954 3654 2821 3714">
    <p class='ocr_par' dir='ltr' id='par_1_91' title="bbox 1954 3654 2821 3714">
     <span class='ocr_line' id='line_1_91' title="bbox 1954 3654 2821 3714; baseline -0.006 -1"><span class='ocrx_word' id='word_1_611' title='bbox 1954 3674 2073 3714; x_wconf 89' lang='lat' dir='ltr'><strong>rum</strong></span> <span class='ocrx_word' id='word_1_612' title='bbox 2098 3668 2373 3712; x_wconf 90' lang='lat' dir='ltr'><strong>auctorem</strong></span> <span class='ocrx_word' id='word_1_613' title='bbox 2411 3654 2821 3709; x_wconf 85' lang='lat' dir='ltr'><strong>miraculorum.</strong></span> 
     </span>
    </p>
   </div>
   <div class='ocr_carea' id='block_1_92' title="bbox 2028 3736 3530 3824">
    <p class='ocr_par' dir='ltr' id='par_1_92' title="bbox 2028 3736 3530 3824">
     <span class='ocr_line' id='line_1_92' title="bbox 2028 3736 3530 3824; baseline -0.005 -6"><span class='ocrx_word' id='word_1_614' title='bbox 2028 3763 2189 3819; x_wconf 76' lang='lat' dir='ltr'><strong>Vens.</strong></span> <span class='ocrx_word' id='word_1_615' title='bbox 2224 3761 2313 3818; x_wconf 73' lang='grc'><strong>48.</strong></span> <span class='ocrx_word' id='word_1_616' title='bbox 2360 3781 2381 3815; x_wconf 74' lang='grc' dir='ltr'><strong>ι</strong></span> <span class='ocrx_word' id='word_1_617' title='bbox 2418 3761 2475 3817; x_wconf 91' lang='lat' dir='ltr'><strong>Si</strong></span> <span class='ocrx_word' id='word_1_618' title='bbox 2510 3760 2833 3816; x_wconf 88' lang='lat' dir='ltr'><strong>dimittimus</strong></span> <span class='ocrx_word' id='word_1_619' title='bbox 2882 3774 3004 3813; x_wconf 90' lang='lat' dir='ltr'><strong>eum</strong></span> <span class='ocrx_word' id='word_1_620' title='bbox 3039 3758 3147 3824; x_wconf 91' lang='lat' dir='ltr'><strong>sic,</strong></span> <span class='ocrx_word' id='word_1_621' title='bbox 3183 3736 3373 3812; x_wconf 64' lang='lat' dir='ltr'><strong>omnes</strong></span> <span class='ocrx_word' id='word_1_622' title='bbox 3411 3770 3530 3811; x_wconf 86' lang='lat' dir='ltr'><strong>cre-</strong></span> 
     </span>
    </p>
   </div>
   <div class='ocr_carea' id='block_1_93' title="bbox 1953 3847 3535 3915">
    <p class='ocr_par' dir='ltr' id='par_1_93' title="bbox 1953 3847 3535 3915">
     <span class='ocr_line' id='line_1_93' title="bbox 1953 3847 3535 3915; baseline -0.006 -6"><span class='ocrx_word' id='word_1_623' title='bbox 1953 3855 2081 3910; x_wconf 83' lang='lat' dir='ltr'><strong>dent</strong></span> <span class='ocrx_word' id='word_1_624' title='bbox 2105 3856 2154 3909; x_wconf 90' lang='lat' dir='ltr'><strong>in</strong></span> <span class='ocrx_word' id='word_1_625' title='bbox 2189 3869 2349 3909; x_wconf 90' lang='lat' dir='ltr'><strong>eum:</strong></span> <span class='ocrx_word' id='word_1_626' title='bbox 2383 3865 2436 3907; x_wconf 89' lang='lat' dir='ltr'><strong>et</strong></span> <span class='ocrx_word' id='word_1_627' title='bbox 2464 3852 2681 3906; x_wconf 86' lang='lat' dir='ltr'><strong>venient</strong></span> <span class='ocrx_word' id='word_1_628' title='bbox 2708 3850 2957 3915; x_wconf 77' lang='lat' dir='ltr'><strong>Romani,</strong></span> <span class='ocrx_word' id='word_1_629' title='bbox 2985 3858 3041 3903; x_wconf 89' lang='lat' dir='ltr'><strong>et</strong></span> <span class='ocrx_word' id='word_1_630' title='bbox 3065 3847 3252 3903; x_wconf 87' lang='lat' dir='ltr'><strong>tollent</strong></span> <span class='ocrx_word' id='word_1_631' title='bbox 3281 3856 3535 3901; x_wconf 84' lang='lat' dir='ltr'><strong>nostrum</strong></span> 
     </span>
    </p>
   </div>
   <div class='ocr_carea' id='block_1_94' title="bbox 1953 3945 2584 4013">
    <p class='ocr_par' dir='ltr' id='par_1_94' title="bbox 1953 3945 2584 4013">
     <span class='ocr_line' id='line_1_94' title="bbox 1953 3945 2584 4013; baseline -0.01 -13"><span class='ocrx_word' id='word_1_632' title='bbox 1953 3945 2152 4010; x_wconf 90' lang='lat' dir='ltr'><strong>locum,</strong></span> <span class='ocrx_word' id='word_1_633' title='bbox 2183 3951 2237 3999; x_wconf 90' lang='lat' dir='ltr'><strong>et</strong></span> <span class='ocrx_word' id='word_1_634' title='bbox 2280 3952 2518 4013; x_wconf 80' lang='lat' dir='ltr'><strong>gentem.</strong></span> <span class='ocrx_word' id='word_1_635' title='bbox 2564 3962 2584 3994; x_wconf 75' lang='grc' dir='ltr'><strong>ι</strong></span> 
     </span>
    </p>
   </div>
   <div class='ocr_carea' id='block_1_95' title="bbox 2014 4030 3532 4104">
    <p class='ocr_par' dir='ltr' id='par_1_95' title="bbox 2014 4030 3532 4104">
     <span class='ocr_line' id='line_1_95' title="bbox 2014 4030 3532 4104; baseline -0.005 -13"><span class='ocrx_word' id='word_1_636' title='bbox 2014 4036 2148 4092; x_wconf 88' lang='lat' dir='ltr'><strong>Cum</strong></span> <span class='ocrx_word' id='word_1_637' title='bbox 2172 4076 2187 4100; x_wconf 93' lang='lat'><strong>,</strong></span> <span class='ocrx_word' id='word_1_638' title='bbox 2220 4036 2513 4104; x_wconf 84' lang='lat' dir='ltr'><strong>inquiunt,</strong></span> <span class='ocrx_word' id='word_1_639' title='bbox 2544 4033 2830 4089; x_wconf 89' lang='lat' dir='ltr'><strong>credentes</strong></span> <span class='ocrx_word' id='word_1_640' title='bbox 2876 4032 2930 4087; x_wconf 92' lang='lat' dir='ltr'><strong>in</strong></span> <span class='ocrx_word' id='word_1_641' title='bbox 2976 4042 3099 4087; x_wconf 90' lang='lat' dir='ltr'><strong>eum</strong></span> <span class='ocrx_word' id='word_1_642' title='bbox 3126 4072 3141 4096; x_wconf 87' lang='lat'><strong>,</strong></span> <span class='ocrx_word' id='word_1_643' title='bbox 3175 4030 3366 4086; x_wconf 81' lang='lat' dir='ltr'><strong>facturi</strong></span> <span class='ocrx_word' id='word_1_644' title='bbox 3405 4039 3532 4086; x_wconf 90' lang='lat' dir='ltr'><strong>sunt</strong></span> 
     </span>
    </p>
   </div>
   <div class='ocr_carea' id='block_1_96' title="bbox 1953 4125 3532 4198">
    <p class='ocr_par' dir='ltr' id='par_1_96' title="bbox 1953 4125 3532 4198">
     <span class='ocr_line' id='line_1_96' title="bbox 1953 4125 3532 4198; baseline -0.004 -15"><span class='ocrx_word' id='word_1_645' title='bbox 1953 4128 2125 4198; x_wconf 89' lang='lat' dir='ltr'><strong>ipsum</strong></span> <span class='ocrx_word' id='word_1_646' title='bbox 2161 4142 2364 4197; x_wconf 83' lang='lat' dir='ltr'><strong>regem,</strong></span> <span class='ocrx_word' id='word_1_647' title='bbox 2416 4127 2796 4196; x_wconf 86' lang='lat' dir='ltr'><strong>supervenient</strong></span> <span class='ocrx_word' id='word_1_648' title='bbox 2835 4125 3012 4189; x_wconf 89' lang='lat' dir='ltr'><strong>nobis,</strong></span> <span class='ocrx_word' id='word_1_649' title='bbox 3058 4133 3313 4192; x_wconf 88' lang='lat' dir='ltr'><strong>tanquam</strong></span> <span class='ocrx_word' id='word_1_650' title='bbox 3347 4133 3532 4194; x_wconf 83' lang='lat' dir='ltr'><strong>tyran-</strong></span> 
     </span>
    </p>
   </div>
   <div class='ocr_carea' id='block_1_97' title="bbox 1955 4212 3529 4286">
    <p class='ocr_par' dir='ltr' id='par_1_97' title="bbox 1955 4212 3529 4286">
     <span class='ocr_line' id='line_1_97' title="bbox 1955 4212 3529 4286; baseline -0.003 -12"><span class='ocrx_word' id='word_1_651' title='bbox 1955 4218 2066 4274; x_wconf 87' lang='lat' dir='ltr'><strong>nidi</strong></span> <span class='ocrx_word' id='word_1_652' title='bbox 2117 4218 2406 4285; x_wconf 85' lang='lat' dir='ltr'><strong>subjectis,</strong></span> <span class='ocrx_word' id='word_1_653' title='bbox 2453 4217 2720 4283; x_wconf 83' lang='lat' dir='ltr'><strong>Romani,</strong></span> <span class='ocrx_word' id='word_1_654' title='bbox 2776 4215 2868 4286; x_wconf 88' lang='lat' dir='ltr'><strong>qui</strong></span> <span class='ocrx_word' id='word_1_655' title='bbox 2922 4217 3085 4270; x_wconf 85' lang='lat' dir='ltr'><strong>rebus</strong></span> <span class='ocrx_word' id='word_1_656' title='bbox 3128 4212 3378 4268; x_wconf 90' lang='lat' dir='ltr'><strong>omnibus</strong></span> <span class='ocrx_word' id='word_1_657' title='bbox 3426 4228 3529 4269; x_wconf 90' lang='lat' dir='ltr'><strong>nos</strong></span> 
     </span>
    </p>
   </div>
   <div class='ocr_carea' id='block_1_98' title="bbox 1953 4304 3526 4378">
    <p class='ocr_par' dir='ltr' id='par_1_98' title="bbox 1953 4304 3526 4378">
     <span class='ocr_line' id='line_1_98' title="bbox 1953 4304 3526 4378; baseline -0.003 -13"><span class='ocrx_word' id='word_1_658' title='bbox 1953 4316 2170 4365; x_wconf 76' lang='lat' dir='ltr'><strong>exuent.</strong></span> <span class='ocrx_word' id='word_1_659' title='bbox 2197 4307 2348 4375; x_wconf 84' lang='lat' dir='ltr'><strong>Quod</strong></span> <span class='ocrx_word' id='word_1_660' title='bbox 2375 4311 2627 4363; x_wconf 90' lang='lat' dir='ltr'><strong>nimirum</strong></span> <span class='ocrx_word' id='word_1_661' title='bbox 2651 4310 2825 4378; x_wconf 86' lang='lat' dir='ltr'><strong>ipsum</strong></span> <span class='ocrx_word' id='word_1_662' title='bbox 2846 4323 2950 4362; x_wconf 92' lang='lat' dir='ltr'><strong>non</strong></span> <span class='ocrx_word' id='word_1_663' title='bbox 2976 4305 3201 4371; x_wconf 77' lang='lat' dir='ltr'><strong>ferrent,</strong></span> <span class='ocrx_word' id='word_1_664' title='bbox 3227 4304 3526 4360; x_wconf 85' lang='lat' dir='ltr'><strong>istiusmodi</strong></span> 
     </span>
    </p>
   </div>
   <div class='ocr_carea' id='block_1_99' title="bbox 1954 4394 3528 4469">
    <p class='ocr_par' dir='ltr' id='par_1_99' title="bbox 1954 4394 3528 4469">
     <span class='ocr_line' id='line_1_99' title="bbox 1954 4394 3528 4469; baseline -0.004 -15"><span class='ocrx_word' id='word_1_665' title='bbox 1954 4401 2226 4464; x_wconf 86' lang='lat' dir='ltr'><strong>dicebant,</strong></span> <span class='ocrx_word' id='word_1_666' title='bbox 2262 4414 2368 4469; x_wconf 89' lang='lat' dir='ltr'><strong>quo</strong></span> <span class='ocrx_word' id='word_1_667' title='bbox 2412 4413 2445 4454; x_wconf 89' lang='lat' dir='ltr'><strong>e</strong></span> <span class='ocrx_word' id='word_1_668' title='bbox 2494 4399 2670 4454; x_wconf 89' lang='lat' dir='ltr'><strong>medio</strong></span> <span class='ocrx_word' id='word_1_669' title='bbox 2706 4397 3008 4451; x_wconf 89' lang='lat' dir='ltr'><strong>tolleretur.</strong></span> <span class='ocrx_word' id='word_1_670' title='bbox 3052 4394 3300 4463; x_wconf 80' lang='lat' dir='ltr'><strong>Cumque</strong></span> <span class='ocrx_word' id='word_1_671' title='bbox 3353 4395 3528 4462; x_wconf 88' lang='lat' dir='ltr'><strong>ipsum</strong></span> 
     </span>
    </p>
   </div>
   <div class='ocr_carea' id='block_1_100' title="bbox 1882 4474 3531 4563">
    <p class='ocr_par' dir='ltr' id='par_1_100' title="bbox 1882 4474 3531 4563">
     <span class='ocr_line' id='line_1_100' title="bbox 1882 4474 3531 4563; baseline -0.002 -17"><span class='ocrx_word' id='word_1_672' title='bbox 1882 4474 2363 4557; x_wconf 51' lang='lat' dir='ltr'><strong>&quot;interfecerunt,</strong></span> <span class='ocrx_word' id='word_1_673' title='bbox 2392 4500 2520 4546; x_wconf 89' lang='lat' dir='ltr'><strong>tunc</strong></span> <span class='ocrx_word' id='word_1_674' title='bbox 2548 4505 2611 4547; x_wconf 91' lang='lat' dir='ltr'><strong>ea</strong></span> <span class='ocrx_word' id='word_1_675' title='bbox 2643 4492 2756 4563; x_wconf 88' lang='lat' dir='ltr'><strong>ipsa</strong></span> <span class='ocrx_word' id='word_1_676' title='bbox 2788 4506 2909 4561; x_wconf 64' lang='lat' dir='ltr'><strong>quae</strong></span> <span class='ocrx_word' id='word_1_677' title='bbox 2954 4491 3217 4546; x_wconf 88' lang='lat' dir='ltr'><strong>timebant</strong></span> <span class='ocrx_word' id='word_1_678' title='bbox 3243 4528 3260 4548; x_wconf 88' lang='lat'><strong>.</strong></span> <span class='ocrx_word' id='word_1_679' title='bbox 3286 4490 3366 4546; x_wconf 88' lang='lat' dir='ltr'><strong>eis</strong></span> <span class='ocrx_word' id='word_1_680' title='bbox 3389 4488 3531 4544; x_wconf 87' lang='lat' dir='ltr'><strong>mala</strong></span> 
     </span>
    </p>
   </div>
   <div class='ocr_carea' id='block_1_101' title="bbox 1952 4591 2271 4637">
    <p class='ocr_par' dir='ltr' id='par_1_101' title="bbox 1952 4591 2271 4637">
     <span class='ocr_line' id='line_1_101' title="bbox 1952 4591 2271 4637; baseline 0.003 -1"><span class='ocrx_word' id='word_1_681' title='bbox 1952 4591 2271 4637; x_wconf 80' lang='lat' dir='ltr'><strong>evenerunt.</strong></span> 
     </span>
    </p>
   </div>
   <div class='ocr_carea' id='block_1_102' title="bbox 2022 4668 3533 4744">
    <p class='ocr_par' dir='ltr' id='par_1_102' title="bbox 2022 4668 3533 4744">
     <span class='ocr_line' id='line_1_102' title="bbox 2022 4668 3533 4744; baseline 0 -16"><span class='ocrx_word' id='word_1_682' title='bbox 2022 4673 2190 4729; x_wconf 71' lang='lat' dir='ltr'><strong>Vens.</strong></span> <span class='ocrx_word' id='word_1_683' title='bbox 2228 4674 2317 4730; x_wconf 84' lang='lat'><strong>5|.</strong></span> <span class='ocrx_word' id='word_1_684' title='bbox 2372 4694 2392 4726; x_wconf 79' lang='grc' dir='ltr'><strong>ι</strong></span> <span class='ocrx_word' id='word_1_685' title='bbox 2425 4673 2539 4730; x_wconf 80' lang='lat' dir='ltr'><strong>Hoc</strong></span> <span class='ocrx_word' id='word_1_686' title='bbox 2570 4681 2750 4729; x_wconf 89' lang='lat' dir='ltr'><strong>autem</strong></span> <span class='ocrx_word' id='word_1_687' title='bbox 2786 4689 2822 4728; x_wconf 26' lang='lat' dir='ltr'><strong>‘a</strong></span> <span class='ocrx_word' id='word_1_688' title='bbox 2855 4668 3146 4744; x_wconf 69' lang='lat' dir='ltr'><strong>semetipso</strong></span> <span class='ocrx_word' id='word_1_689' title='bbox 3193 4689 3298 4727; x_wconf 92' lang='lat' dir='ltr'><strong>non</strong></span> <span class='ocrx_word' id='word_1_690' title='bbox 3341 4671 3480 4732; x_wconf 80' lang='lat' dir='ltr'><strong>dixit</strong></span> <span class='ocrx_word' id='word_1_691' title='bbox 3510 4686 3533 4728; x_wconf 71' lang='grc' dir='ltr'><strong>τ</strong></span> 
     </span>
    </p>
   </div>
   <div class='ocr_carea' id='block_1_103' title="bbox 1951 4763 3524 4835">
    <p class='ocr_par' dir='ltr' id='par_1_103' title="bbox 1951 4763 3524 4835">
     <span class='ocr_line' id='line_1_103' title="bbox 1951 4763 3524 4835; baseline -0.003 -15"><span class='ocrx_word' id='word_1_692' title='bbox 1951 4767 2044 4821; x_wconf 88' lang='lat' dir='ltr'><strong>sed</strong></span> <span class='ocrx_word' id='word_1_693' title='bbox 2065 4782 2187 4820; x_wconf 90' lang='lat' dir='ltr'><strong>cum</strong></span> <span class='ocrx_word' id='word_1_694' title='bbox 2205 4775 2345 4821; x_wconf 90' lang='lat' dir='ltr'><strong>esset</strong></span> <span class='ocrx_word' id='word_1_695' title='bbox 2366 4765 2604 4835; x_wconf 82' lang='lat' dir='ltr'><strong>pontifex</strong></span> <span class='ocrx_word' id='word_1_696' title='bbox 2631 4767 2756 4819; x_wconf 91' lang='lat' dir='ltr'><strong>anni</strong></span> <span class='ocrx_word' id='word_1_697' title='bbox 2785 4765 2951 4828; x_wconf 86' lang='lat' dir='ltr'><strong>illius.</strong></span> <span class='ocrx_word' id='word_1_698' title='bbox 2984 4764 3348 4834; x_wconf 81' lang='lat' dir='ltr'><strong>prophetavit,</strong></span> <span class='ocrx_word' id='word_1_699' title='bbox 3380 4763 3524 4832; x_wconf 81' lang='lat' dir='ltr'><strong>quod</strong></span> 
     </span>
    </p>
   </div>
   <div class='ocr_carea' id='block_1_104' title="bbox 1948 4856 2956 4928">
    <p class='ocr_par' dir='ltr' id='par_1_104' title="bbox 1948 4856 2956 4928">
     <span class='ocr_line' id='line_1_104' title="bbox 1948 4856 2956 4928; baseline -0.004 -15"><span class='ocrx_word' id='word_1_700' title='bbox 1948 4856 2103 4913; x_wconf 83' lang='lat' dir='ltr'><strong>Jesus</strong></span> <span class='ocrx_word' id='word_1_701' title='bbox 2129 4859 2431 4913; x_wconf 87' lang='lat' dir='ltr'><strong>moriturus</strong></span> <span class='ocrx_word' id='word_1_702' title='bbox 2454 4867 2571 4913; x_wconf 87' lang='lat' dir='ltr'><strong>erat</strong></span> <span class='ocrx_word' id='word_1_703' title='bbox 2593 4873 2691 4926; x_wconf 91' lang='lat' dir='ltr'><strong>pro</strong></span> <span class='ocrx_word' id='word_1_704' title='bbox 2717 4866 2896 4928; x_wconf 77' lang='lat' dir='ltr'><strong>gente.</strong></span> <span class='ocrx_word' id='word_1_705' title='bbox 2936 4875 2956 4909; x_wconf 74' lang='grc' dir='ltr'><strong>ι</strong></span> 
     </span>
    </p>
   </div>
   <div class='ocr_carea' id='block_1_105' title="bbox 2024 4943 3538 5017">
    <p class='ocr_par' dir='ltr' id='par_1_105' title="bbox 2024 4943 3538 5017">
     <span class='ocr_line' id='line_1_105' title="bbox 2024 4943 3538 5017; baseline -0.004 -13"><span class='ocrx_word' id='word_1_706' title='bbox 2024 4947 2133 5004; x_wconf 88' lang='lat' dir='ltr'><strong>Ore</strong></span> <span class='ocrx_word' id='word_1_707' title='bbox 2179 4958 2334 5003; x_wconf 91' lang='lat' dir='ltr'><strong>tenus</strong></span> <span class='ocrx_word' id='word_1_708' title='bbox 2377 4949 2637 5003; x_wconf 83' lang='lat' dir='ltr'><strong>duntaxat</strong></span> <span class='ocrx_word' id='word_1_709' title='bbox 2680 4947 3019 5017; x_wconf 88' lang='lat' dir='ltr'><strong>proloquenti</strong></span> <span class='ocrx_word' id='word_1_710' title='bbox 3052 4945 3241 5016; x_wconf 82' lang='lat' dir='ltr'><strong>(divini</strong></span> <span class='ocrx_word' id='word_1_711' title='bbox 3295 4943 3538 5012; x_wconf 83' lang='lat' dir='ltr'><strong>Spiritus</strong></span> 
     </span>
    </p>
   </div>
   <div class='ocr_carea' id='block_1_106' title="bbox 1955 5034 3530 5110">
    <p class='ocr_par' dir='ltr' id='par_1_106' title="bbox 1955 5034 3530 5110">
     <span class='ocr_line' id='line_1_106' title="bbox 1955 5034 3530 5110; baseline -0.006 -18"><span class='ocrx_word' id='word_1_712' title='bbox 1955 5042 2126 5110; x_wconf 79' lang='lat' dir='ltr'><strong>gratia</strong></span> <span class='ocrx_word' id='word_1_713' title='bbox 2153 5054 2248 5094; x_wconf 88' lang='lat' dir='ltr'><strong>cor</strong></span> <span class='ocrx_word' id='word_1_714' title='bbox 2278 5039 2396 5109; x_wconf 83' lang='lat' dir='ltr'><strong>ejus</strong></span> <span class='ocrx_word' id='word_1_715' title='bbox 2424 5054 2755 5109; x_wconf 89' lang='lat' dir='ltr'><strong>nequaquam</strong></span> <span class='ocrx_word' id='word_1_716' title='bbox 2789 5040 3088 5105; x_wconf 77' lang='lat' dir='ltr'><strong>attingcnte</strong></span> <span class='ocrx_word' id='word_1_717' title='bbox 3108 5034 3153 5105; x_wconf 86' lang='lat'><strong>),</strong></span> <span class='ocrx_word' id='word_1_718' title='bbox 3189 5047 3407 5102; x_wconf 86' lang='lat' dir='ltr'><strong>propter</strong></span> <span class='ocrx_word' id='word_1_719' title='bbox 3436 5050 3530 5087; x_wconf 78' lang='lat' dir='ltr'><strong>Sa-</strong></span> 
     </span>
    </p>
   </div>
   <div class='ocr_carea' id='block_1_107' title="bbox 1955 5127 3529 5200">
    <p class='ocr_par' dir='ltr' id='par_1_107' title="bbox 1955 5127 3529 5200">
     <span class='ocr_line' id='line_1_107' title="bbox 1955 5127 3529 5200; baseline -0.006 -15"><span class='ocrx_word' id='word_1_720' title='bbox 1955 5132 2178 5185; x_wconf 88' lang='lat' dir='ltr'><strong>cerdotii</strong></span> <span class='ocrx_word' id='word_1_721' title='bbox 2209 5131 2548 5200; x_wconf 76' lang='lat' dir='ltr'><strong>dignitatem,</strong></span> <span class='ocrx_word' id='word_1_722' title='bbox 2582 5145 2896 5186; x_wconf 90' lang='lat' dir='ltr'><strong>concessum</strong></span> <span class='ocrx_word' id='word_1_723' title='bbox 2923 5129 2999 5180; x_wconf 85' lang='lat' dir='ltr'><strong>illi</strong></span> <span class='ocrx_word' id='word_1_724' title='bbox 3042 5127 3140 5180; x_wconf 69' lang='lat' dir='ltr'><strong>fuit</strong></span> <span class='ocrx_word' id='word_1_725' title='bbox 3165 5128 3293 5193; x_wconf 88' lang='lat' dir='ltr'><strong>(non</strong></span> <span class='ocrx_word' id='word_1_726' title='bbox 3348 5136 3529 5178; x_wconf 87' lang='lat' dir='ltr'><strong>tamen</strong></span> 
     </span>
    </p>
   </div>
   <div class='ocr_carea' id='block_1_108' title="bbox 1956 5215 3529 5294">
    <p class='ocr_par' dir='ltr' id='par_1_108' title="bbox 1956 5215 3529 5294">
     <span class='ocr_line' id='line_1_108' title="bbox 1956 5215 3529 5294; baseline -0.006 -16"><span class='ocrx_word' id='word_1_727' title='bbox 1956 5233 2212 5294; x_wconf 77' lang='lat' dir='ltr'><strong>tanquam</strong></span> <span class='ocrx_word' id='word_1_728' title='bbox 2235 5223 2555 5294; x_wconf 74' lang='lat' dir='ltr'><strong>prophetae),</strong></span> <span class='ocrx_word' id='word_1_729' title='bbox 2583 5231 2642 5276; x_wconf 92' lang='lat' dir='ltr'><strong>ut</strong></span> <span class='ocrx_word' id='word_1_730' title='bbox 2664 5221 2841 5276; x_wconf 75' lang='lat' dir='ltr'><strong>futura</strong></span> <span class='ocrx_word' id='word_1_731' title='bbox 2863 5220 3196 5290; x_wconf 70' lang='lat' dir='ltr'><strong>prtediceret.</strong></span> <span class='ocrx_word' id='word_1_732' title='bbox 3227 5215 3315 5271; x_wconf 84' lang='lat' dir='ltr'><strong>Sic</strong></span> <span class='ocrx_word' id='word_1_733' title='bbox 3343 5225 3529 5269; x_wconf 85' lang='lat' dir='ltr'><strong>autem</strong></span> 
     </span>
    </p>
   </div>
   <div class='ocr_carea' id='block_1_109' title="bbox 1956 5304 3529 5385">
    <p class='ocr_par' dir='ltr' id='par_1_109' title="bbox 1956 5304 3529 5385">
     <span class='ocr_line' id='line_1_109' title="bbox 1956 5304 3529 5385; baseline -0.007 -15"><span class='ocrx_word' id='word_1_734' title='bbox 1956 5316 2155 5385; x_wconf 84' lang='lat' dir='ltr'><strong>aliquid</strong></span> <span class='ocrx_word' id='word_1_735' title='bbox 2211 5315 2541 5385; x_wconf 68' lang='lat' dir='ltr'><strong>praedicere,</strong></span> <span class='ocrx_word' id='word_1_736' title='bbox 2580 5311 2711 5366; x_wconf 87' lang='lat' dir='ltr'><strong>nihil</strong></span> <span class='ocrx_word' id='word_1_737' title='bbox 2762 5312 3002 5382; x_wconf 86' lang='lat' dir='ltr'><strong>prodest.</strong></span> <span class='ocrx_word' id='word_1_738' title='bbox 3053 5307 3324 5362; x_wconf 85' lang='lat' dir='ltr'><strong>Convenit</strong></span> <span class='ocrx_word' id='word_1_739' title='bbox 3380 5304 3529 5359; x_wconf 84' lang='lat' dir='ltr'><strong>enim</strong></span> 
     </span>
    </p>
   </div>
   <div class='ocr_carea' id='block_1_110' title="bbox 1958 5395 3527 5476">
    <p class='ocr_par' dir='ltr' id='par_1_110' title="bbox 1958 5395 3527 5476">
     <span class='ocr_line' id='line_1_110' title="bbox 1958 5395 3527 5476; baseline -0.011 -12"><span class='ocrx_word' id='word_1_740' title='bbox 1958 5409 2060 5463; x_wconf 86' lang='lat' dir='ltr'><strong>hoc</strong></span> <span class='ocrx_word' id='word_1_741' title='bbox 2097 5406 2256 5462; x_wconf 89' lang='lat' dir='ltr'><strong>etiam</strong></span> <span class='ocrx_word' id='word_1_742' title='bbox 2297 5406 2476 5476; x_wconf 86' lang='lat' dir='ltr'><strong>pravis</strong></span> <span class='ocrx_word' id='word_1_743' title='bbox 2509 5404 2756 5458; x_wconf 82' lang='lat' dir='ltr'><strong>lidelibus</strong></span> <span class='ocrx_word' id='word_1_744' title='bbox 2797 5410 2855 5458; x_wconf 89' lang='lat' dir='ltr'><strong>ut</strong></span> <span class='ocrx_word' id='word_1_745' title='bbox 2887 5400 3160 5471; x_wconf 89' lang='lat' dir='ltr'><strong>quidpiam</strong></span> <span class='ocrx_word' id='word_1_746' title='bbox 3207 5395 3527 5469; x_wconf 63' lang='lat' dir='ltr'><strong>praedicant,</strong></span> 
     </span>
    </p>
   </div>
   <div class='ocr_carea' id='block_1_111' title="bbox 320 5573 3528 5733">
    <p class='ocr_par' dir='ltr' id='par_1_111' title="bbox 320 5573 3528 5733">
     <span class='ocr_line' id='line_1_111' title="bbox 320 5573 3528 5660; baseline -0.002 -25"><span class='ocrx_word' id='word_1_747' title='bbox 320 5580 335 5621; x_wconf 81' lang='grc' dir='ltr'>ι</span> <span class='ocrx_word' id='word_1_748' title='bbox 373 5583 463 5638; x_wconf 89' lang='lat' dir='ltr'><strong>Cr.</strong></span> <span class='ocrx_word' id='word_1_749' title='bbox 507 5585 596 5640; x_wconf 84' lang='grc' dir='ltr'>Ἐν</span> <span class='ocrx_word' id='word_1_750' title='bbox 623 5604 673 5643; x_wconf 87' lang='grc' dir='ltr'>τ.</span> <span class='ocrx_word' id='word_1_751' title='bbox 704 5588 755 5646; x_wconf 81' lang='grc' dir='ltr'><strong>ὑ.</strong></span> <span class='ocrx_word' id='word_1_752' title='bbox 790 5605 847 5658; x_wconf 83' lang='grc' dir='ltr'><strong>φ.</strong></span> <span class='ocrx_word' id='word_1_753' title='bbox 879 5592 1026 5660; x_wconf 73' lang='grc' dir='ltr'>φαίν.</span> <span class='ocrx_word' id='word_1_754' title='bbox 1096 5610 1147 5650; x_wconf 89' lang='grc' dir='ltr'>τ.</span> <span class='ocrx_word' id='word_1_755' title='bbox 1179 5592 1315 5648; x_wconf 87' lang='grc' dir='ltr'>Θεοῦ</span> <span class='ocrx_word' id='word_1_756' title='bbox 1350 5593 1499 5658; x_wconf 81' lang='grc' dir='ltr'>δόξα,</span> <span class='ocrx_word' id='word_1_757' title='bbox 1537 5592 1627 5646; x_wconf 81' lang='grc' dir='ltr'><strong>διὰ</strong></span> <span class='ocrx_word' id='word_1_758' title='bbox 1655 5592 1716 5646; x_wconf 73' lang='grc' dir='ltr'><strong>τὸ</strong></span> <span class='ocrx_word' id='word_1_759' title='bbox 1744 5588 1969 5653; x_wconf 61' lang='grc' dir='ltr'>ἀσθενές</span> <span class='ocrx_word' id='word_1_760' title='bbox 2000 5587 2110 5641; x_wconf 84' lang='grc' dir='ltr'><strong>τῶν</strong></span> <span class='ocrx_word' id='word_1_761' title='bbox 2138 5583 2446 5655; x_wconf 82' lang='grc' dir='ltr'>ἀκροατῶν.</span> <span class='ocrx_word' id='word_1_762' title='bbox 2466 5582 2580 5652; x_wconf 82' lang='grc' dir='ltr'><strong>Τὴν</strong></span> <span class='ocrx_word' id='word_1_763' title='bbox 2609 5580 2702 5635; x_wconf 85' lang='grc' dir='ltr'><strong>τοῦ</strong></span> <span class='ocrx_word' id='word_1_764' title='bbox 2721 5580 2934 5652; x_wconf 83' lang='grc' dir='ltr'>Πατρὸς</span> <span class='ocrx_word' id='word_1_765' title='bbox 2958 5579 3140 5646; x_wconf 76' lang='grc' dir='ltr'>δόξαν,</span> <span class='ocrx_word' id='word_1_766' title='bbox 3162 5575 3315 5646; x_wconf 79' lang='grc' dir='ltr'>φησὶ,</span> <span class='ocrx_word' id='word_1_767' title='bbox 3340 5574 3430 5628; x_wconf 84' lang='grc' dir='ltr'><strong>διὰ</strong></span> <span class='ocrx_word' id='word_1_768' title='bbox 3454 5573 3528 5660; x_wconf 38' lang='grc' dir='ltr'><strong>’τὸ</strong></span> 
     </span>
     <span class='ocr_line' id='line_1_112' title="bbox 320 5593 3523 5733; baseline 0.007 -28"><span class='ocrx_word' id='word_1_769' title='bbox 320 5654 585 5733; x_wconf 65' lang='grc' dir='ltr'>ιεενόδοξον</span> <span class='ocrx_word' id='word_1_770' title='bbox 611 5659 710 5713; x_wconf 80' lang='grc' dir='ltr'><strong>οὐκ</strong></span> <span class='ocrx_word' id='word_1_771' title='bbox 759 5656 933 5729; x_wconf 76' lang='grc' dir='ltr'>εἶπεν,</span> <span class='ocrx_word' id='word_1_772' title='bbox 972 5593 1129 5733; x_wconf 49' lang='lat'><strong>&#39;03::</strong></span> <span class='ocrx_word' id='word_1_773' title='bbox 1149 5664 1251 5733; x_wconf 78' lang='grc' dir='ltr'>τὴν</span> <span class='ocrx_word' id='word_1_774' title='bbox 1276 5663 1436 5730; x_wconf 82' lang='grc' dir='ltr'>δόξαν</span> <span class='ocrx_word' id='word_1_775' title='bbox 1455 5681 1578 5733; x_wconf 84' lang='grc' dir='ltr'>μου,</span> <span class='ocrx_word' id='word_1_776' title='bbox 1615 5661 1886 5732; x_wconf 74' lang='grc' dir='ltr'>ἀλλά,τὴν</span> <span class='ocrx_word' id='word_1_777' title='bbox 1918 5659 2012 5713; x_wconf 85' lang='grc' dir='ltr'><strong>τοῦ</strong></span> <span class='ocrx_word' id='word_1_778' title='bbox 2054 5655 2289 5725; x_wconf 68' lang='grc' dir='ltr'>Πατρός.</span> <span class='ocrx_word' id='word_1_779' title='bbox 2366 5661 2403 5683; x_wconf 90' lang='grc'><strong>¹¹</strong></span> <span class='ocrx_word' id='word_1_780' title='bbox 2433 5652 2521 5708; x_wconf 64' lang='grc' dir='ltr'><strong>δι’·</strong></span> <span class='ocrx_word' id='word_1_781' title='bbox 2544 5650 2818 5721; x_wconf 76' lang='grc' dir='ltr'>γενέσθαιο</span> <span class='ocrx_word' id='word_1_782' title='bbox 2896 5657 2924 5687; x_wconf 84' lang='grc'>¹¹</span> <span class='ocrx_word' id='word_1_783' title='bbox 2954 5652 3043 5705; x_wconf 55' lang='grc' dir='ltr'><strong>(δτι</strong></span> <span class='ocrx_word' id='word_1_784' title='bbox 3078 5651 3193 5704; x_wconf 71' lang='grc' dir='ltr'><strong>δίηε</strong></span> <span class='ocrx_word' id='word_1_785' title='bbox 3223 5646 3301 5700; x_wconf 74' lang='grc' dir='ltr'><strong>δέ’</strong></span> <span class='ocrx_word' id='word_1_786' title='bbox 3372 5653 3398 5727; x_wconf 49' lang='grc' dir='ltr'>Ϋ</span> <span class='ocrx_word' id='word_1_787' title='bbox 3428 5645 3523 5701; x_wconf 52' lang='grc' dir='ltr'><strong>(δ’</strong></span> 
     </span>
    </p>
   </div>
   <div class='ocr_carea' id='block_1_112' title="bbox 275 5722 588 5797">
    <p class='ocr_par' dir='ltr' id='par_1_112' title="bbox 275 5722 588 5797">
     <span class='ocr_line' id='line_1_113' title="bbox 275 5722 588 5797; baseline 0.003 -19"><span class='ocrx_word' id='word_1_788' title='bbox 275 5722 588 5797; x_wconf 77' lang='grc' dir='ltr'>φάντασμα.</span> 
     </span>
    </p>
   </div>
   <div class='ocr_carea' id='block_1_113' title="bbox 1082 5645 1852 5736">
    <p class='ocr_par' dir='ltr' id='par_1_113' title="bbox 1082 5645 1852 5736">
     <span class='ocr_line' id='line_1_114' title="bbox 1082 5645 1852 5736; baseline -0.001 -20"><span class='ocrx_word' id='word_1_789' title='bbox 1082 5645 1578 5736; x_wconf 41' lang='lat' dir='ltr'><strong>saansaan»,</strong></span> <span class='ocrx_word' id='word_1_790' title='bbox 1615 5645 1852 5732; x_wconf 55' lang='lat' dir='ltr'><strong>mm</strong></span> 
     </span>
    </p>
   </div>
   <div class='ocr_carea' id='block_1_114' title="bbox 1953 5645 3523 5736">
    <p class='ocr_par' dir='ltr' id='par_1_114' title="bbox 1953 5645 3523 5727">
     <span class='ocr_line' id='line_1_115' title="bbox 1953 5645 3523 5727; baseline -0.008 -14"><span class='ocrx_word' id='word_1_791' title='bbox 1953 5645 2012 5713; x_wconf 72' lang='grc' dir='ltr'><strong>οὗ</strong></span> <span class='ocrx_word' id='word_1_792' title='bbox 2054 5645 2289 5725; x_wconf 74' lang='grc' dir='ltr'>Πατρός.</span> <span class='ocrx_word' id='word_1_793' title='bbox 2366 5661 2403 5683; x_wconf 88' lang='grc'><strong>¹¹</strong></span> <span class='ocrx_word' id='word_1_794' title='bbox 2433 5645 2854 5721; x_wconf 49' lang='grc' dir='ltr'>(Ζτίγενέσθαιᾞ</span> <span class='ocrx_word' id='word_1_795' title='bbox 2896 5657 2924 5687; x_wconf 78' lang='grc' dir='ltr'>ιι</span> <span class='ocrx_word' id='word_1_796' title='bbox 2954 5645 3043 5705; x_wconf 85' lang='lat' dir='ltr'><strong>Cr.</strong></span> <span class='ocrx_word' id='word_1_797' title='bbox 3078 5645 3193 5704; x_wconf 86' lang='lat' dir='ltr'><strong>sine</strong></span> <span class='ocrx_word' id='word_1_798' title='bbox 3223 5645 3301 5700; x_wconf 81' lang='grc' dir='ltr'><strong>δέ.</strong></span> <span class='ocrx_word' id='word_1_799' title='bbox 3372 5653 3398 5727; x_wconf 66' lang='grc' dir='ltr'><strong>(ξ</strong></span> <span class='ocrx_word' id='word_1_800' title='bbox 3428 5645 3523 5701; x_wconf 88' lang='lat' dir='ltr'><strong>Cr.</strong></span> 
     </span>
    </p>
   </div>
  </div>
