4072 6460
574 375 708 444 1471

1706 358 2040 418 ASIMUNII
2082 352 2609 413 ALEXANDRINI

3704 343 3855 405 Ῑὶῖὲ

572 498 664 565 qui
695 506 816 547 cum
841 489 1060 545 Chrlslo
1083 484 1137 539 in
1169 482 1254 537 die
1270 480 1458 551 judicit
1483 476 1675 531 dicturi
1703 483 1880 537 erunt,
1901 472 2140 534 Domine,

2257 486 2421 522 πωσιν
2446 469 2503 520 ὲν
2539 465 2723 536 ήμὲρξι
2759 463 2995 534 κρίσεως
3030 459 3106 530 τῷ
3140 457 3378 530 Χριστῷ,
3411 457 3587 527 Κύριε
3636 458 3713 510 οὐ
3768 455 3857 520 τῷ

2303 559 2328 565 -
2403 558 2417 565 -
2482 558 2493 565 .
2988 553 3000 565 .
3298 549 3310 565 .
3370 546 3607 565 --η
3706 546 3849 565 ,ημ

575 562 744 639 nonne
782 584 835 635 in
860 576 1065 633 nomine
1093 586 1181 630 tuo
1206 570 1635 643 prophetasimus
1654 567 1680 620 7
1717 564 1957 629 audient,
2003 562 2143 629 Quia

573 690 677 727 non
700 670 817 725 novi
845 685 936 723 vos
950 669 1015 721 ⁸⁷.
1034 664 1113 722 Ne
1131 666 1259 720 hinc
1276 664 1458 733 itaque
1473 658 1807 729 decipiamur
1834 672 1849 708 :
1875 671 1995 710 nam
2021 669 2145 725 pro-

572 762 757 833 phetia
793 774 899 815 non
931 767 1015 812 est
1042 757 1255 810 fructus
1280 755 1543 808 bonorum
1570 763 1821 819 operum,
1846 746 2144 803 secundum

570 865 694 920 qum
726 859 945 904 sanctos
971 847 1323 910 astimamus,
1348 842 1442 897 sed
1467 850 1636 895 totum
1661 852 1798 909 opus
1821 837 1993 894 sancti
2022 834 2145 907 Spi-

573 944 711 997 ritus
737 952 841 1005 est,
875 941 1000 995 licet
1028 953 1125 1008 per
1155 950 1357 1005 organa
1392 937 1648 989 humana.

645 1032 809 1087 Vitas.
861 1030 950 1087 52.
984 1048 1005 1083 s
1039 1029 1105 1083 Et
1134 1043 1239 1082 non
1282 1034 1488 1081 tantum
1522 1039 1620 1093 pro
1674 1033 1853 1094 gente.
1879 1021 1971 1077 sed
2003 1030 2061 1074 ut
2087 1022 2148 1074 ii-

572 1127 675 1182 lios
705 1126 822 1192 Dei,
849 1124 941 1195 qui
967 1129 1127 1178 erant
1147 1119 1397 1190 dispersi,
1431 1123 1785 1188 congregaret
1814 1115 1867 1170 in
1899 1129 2087 1169 unum.
2122 1131 2141 1165 ι

645 1302 811 1359 Filios
842 1299 939 1356 Dei
967 1305 1129 1354 vocat
1158 1295 1493 1367 evangelista
1540 1292 1726 1348 ﬁdeles
1754 1305 1820 1346 ex
1860 1288 2147 1361 gentibus,

571 1394 664 1465 qui
715 1390 903 1463 procul
949 1389 1273 1455 abfuerunt,
1323 1395 1380 1443 et
1423 1385 1709 1457 propinqui
1752 1380 1885 1437 iacti
1938 1387 2063 1434 sunt
2093 1380 2148 1433 in

572 1499 770 1556 corpus
798 1497 968 1539 unum
991 1521 1009 1551 ,
1040 1481 1265 1538 unicum
1294 1478 1560 1535 habentes
1590 1482 1751 1545 caput
1781 1472 2077 1528 Christum.

639 1665 808 1723 Vens.
852 1664 941 1720 ει.
978 1681 998 1715 ι
1034 1660 1197 1718 Iesus
1228 1673 1358 1729 ergo
1377 1658 1488 1725 jam
1526 1669 1630 1710 non
1661 1654 1714 1707 in
1743 1651 1918 1722 palam
1956 1649 2151 1704 ambu-

571 1759 717 1813 labat
746 1755 886 1825 apud
909 1752 1147 1819 Judmos,
1182 1750 1276 1806 sed
1307 1748 1439 1804 abiit
1465 1747 1518 1802 in
1553 1744 1827 1815 regionem
1859 1741 2016 1811 juxta
2052 1739 2152 1796 de-

570 1859 1281 1993 ueltrimi»;damnationem
1337 1928 1647 1985 Iudaeorum
1717 1924 1987 1989 discedit,
2038 1937 2146 1977 non

569 2030 715 2099 quod
743 2034 1029 2090 metueret,
1052 2026 1145 2081 sed
1174 2032 1233 2078 ut
1267 2037 1367 2078 nos
1396 2021 1643 2083 doceret.
1677 2019 1756 2073 ira
1792 2016 2148 2079 iervescente.

573 2134 679 2173 non
714 2126 916 2172 temere
951 2114 1005 2169 in
1049 2112 1288 2183 pericula
1335 2110 1652 2165 irruendum
1700 2121 1842 2162 esse.
1889 2103 2151 2175 Fugiebat

571 2217 775 2269 autem.
801 2214 860 2261 ut
879 2216 1241 2275 opportunum
1273 2201 1511 2273 passioni
1544 2210 1758 2271 tempus
1781 2202 2147 2267 exspectaret,

571 2309 737 2369 atque
772 2298 985 2353 illorum
1022 2295 1182 2352 saluti
1217 2294 1547 2351 consuleret.

642 2386 810 2444 Vsus.
846 2388 939 2443 55.
972 2406 990 2439 ι
1014 2385 1327 2442 Proximum
1360 2393 1542 2440 autem
1560 2392 1682 2439 erat
1702 2381 1912 2438 Pascha
1937 2378 2150 2435 Iudaeo-

572 2495 735 2536 rum:
769 2489 826 2536 et
868 2478 1232 2534 ascenderunt
1272 2477 1427 2533 multi
1476 2474 1902 2547 Hierosolymam
1944 2472 2011 2529 de
2064 2486 2150 2527 re-

573 2572 734 2642 gione
762 2578 887 2625 ante
912 2568 1144 2636 Pascha,
1172 2578 1229 2624 ut
1254 2567 1657 2624 sanctiﬁcareut
1684 2566 1912 2636 seipsos.
1949 2582 1971 2618 ι

645 2663 749 2730 Qui
798 2662 1118 2718 voluntariis
1159 2661 1245 2716 vel
1279 2659 1668 2717 involuntariis
1699 2657 1915 2714 delictis
1966 2655 2148 2726 inqui-

578 2754 689 2807 nati
718 2762 895 2817 erant,
927 2751 1138 2807 Pascha
1178 2750 1403 2807 minime
1442 2749 1720 2821 faciebant
1751 2748 1855 2805 nisi
1887 2755 2150 2804 consueto

575 2842 685 2896 ritu
717 2841 916 2912 etpiati
944 2848 1156 2898 essent.

628 2934 916 3004 Apparens
963 2949 1072 2990 non
1117 2932 1295 2989 subito
1319 2946 1441 2988 sese
1468 2940 1675 2988 tantum
1734 2932 1993 2997 ostendit,
2054 2930 2150 2988 sed

574 3037 698 3077 cum
757 3023 1067 3079 hominibus
1112 3030 1465 3076 conversatus
1521 3030 1650 3086 est,
1701 3022 2037 3076 manducans
2096 3027 2152 3074 et

574 3112 789 3177 bibens,
819 3114 1127 3169 communia
1157 3112 1281 3169 vita:
1303 3127 1490 3183 agens,
1521 3112 1664 3183 quod
1686 3111 1961 3168 admirans
1984 3125 2151 3169 evan-

576 3203 771 3273 gelista
805 3203 964 3259 dixit.

1146 3335 1400 3395 CAPUT.
1450 3336 1569 3392 XII.

648 3469 820 3527 Vsus.
867 3469 924 3525 2.
978 3487 1000 3523 ι
1037 3469 1308 3527 Fecerunt
1355 3480 1534 3527 autem
1581 3472 1631 3528 ei
1675 3487 1887 3529 cmuam
1932 3475 2048 3530 ibi:
2102 3485 2157 3532 et

578 3560 785 3614 Martha
822 3561 1186 3627 ministrabat.
1212 3560 1453 3620 Lazarus
1476 3577 1604 3619 vero
1634 3579 1774 3621 unus
1802 3574 1923 3622 erat
1946 3580 2015 3621 ex
2046 3566 2157 3622 dis-

580 3650 963 3707 cumbenlibus
989 3666 1110 3706 cum
1141 3667 1226 3708 eo.
1266 3671 1287 3707 s

657 3741 821 3798 νεεδ.
854 3743 909 3799 5.
953 3763 972 3797 ι
1004 3743 1175 3800 Maria
1227 3760 1359 3815 ergo
1397 3745 1606 3814 accepit
1646 3745 1841 3802 libram
1895 3750 2157 3820 unguenti

580 3832 734 3889 nardi
762 3834 961 3903 pislici,
991 3836 1231 3904 pretiosi,
1259 3847 1314 3892 et
1342 3838 1500 3894 unxit
1529 3838 1692 3909 pedes
1712 3838 1865 3905 Jesu,
1890 3850 1946 3896 et
1973 3850 2157 3897 exter-

577 3926 649 3976 sit
676 3924 836 3992 pedes
866 3923 984 3995 ejus
1008 3926 1223 3997 capillis
1250 3927 1404 3984 suis:
1436 3937 1493 3984 et
1520 3928 1712 3986 domus
1732 3929 1950 4001 impleta
1982 3942 2157 3990 estex

577 4014 745 4069 odore
770 4016 1052 4086 unguenti.
1086 4034 1107 4071 s

647 4104 858 4159 Martha
890 4103 1055 4161 refert
1086 4107 1342 4164 virtutem
1374 4125 1497 4181 quae
1537 4108 1590 4165 in
1633 4111 1847 4168 actione
1881 4123 2152 4180 versatur,

579 4194 745 4250 Maria
778 4210 908 4252 vero
949 4198 1250 4267 spiritalem
1291 4202 1829 4272 contemplationem.
1868 4204 1973 4260 Alii
2010 4208 2158 4262 acci-

579 4286 732 4355 piunt
764 4288 1038 4345 Martbam
1068 4306 1165 4361 pro
1193 4295 1360 4349 veteri
1392 4304 1740 4360 testamento,
1772 4297 1915 4365 quod
1944 4295 2154 4353 Domini

581 4393 819 4434 mensam
844 4391 1090 4451 apparat,
1120 4391 1307 4452 utpote
1339 4386 1686 4454 antiquorum
1712 4386 1826 4442 fere
1851 4386 1919 4441 de
1940 4386 2158 4443 Christo

580 4467 1012 4526 testimoniorum
1070 4472 1331 4528 doctrinis
1382 4483 1642 4530 constans
1683 4491 1698 4529 :
1737 4473 1966 4530 Mariam
2026 4493 2157 4534 vero

2181 3175 2229 3239 C

2244 559 2337 624 σῷ
2384 558 2629 626 ὀνόματι
2670 553 3241 623 προεφητεύσαμεν;
3288 546 3638 609 ἀκούσονται,
3706 546 3852 598 Ὀτι

2244 655 2356 709 οὐκ
2383 648 2516 707 οῖδα
2538 647 2717 718 ὑμᾶς.
2749 647 2823 700 Οὐ
2859 645 2941 699 δεῖ
2971 638 3064 697 οὖν
3098 644 3162 696 ἐκ
3185 639 3375 694 τούτου
3400 638 3775 709 πλανηθῆναι·
3812 640 3848 706 ἡ

2244 745 2353 814 γάρ
2391 740 2700 814 προφητεία
2731 738 2830 792 οὐκ
2860 736 2975 790 ἔστι
3005 732 3219 806 καρπὸς
3265 731 3444 801 ἔργων
3477 728 3726 798 ἀγαθῶν,
3783 728 3849 793 ἐξ

2244 828 2320 889 ὧν
2360 835 2486 897 τοὺς
2532 832 2720 900 ἁγίους
2764 825 3279 895 καταλαμϐάνομεν,
3333 822 3470 877 ἀλλά
3494 820 3560 874 τὸ
3594 820 3709 873 πᾶν
3744 818 3846 871 τοῦ

2249 925 2565 996 Πνεύματος
2601 922 2781 994 ἔργον,
2813 921 2863 973 εί
2897 919 2993 971 καὶ
3020 918 3089 971 δι’
3132 915 3382 987 ὁργάνων
3433 910 3838 981 ἀνθρωπίνων.

2323 1038 2343 1071 s
2384 1018 2493 1071 Kal
2521 1016 2620 1085 οὐχ
2646 1014 2788 1084 ὑπὲρ
2817 1011 2910 1065 τοῦ
2943 1009 3131 1072 ἔθνους
3166 1007 3349 1079 μόνον,
3372 1005 3486 1060 ἀλλ’
3515 1005 3606 1057 ἵνα
3642 1003 3745 1057 καὶ
3772 1004 3846 1054 τὰ

2246 1112 2413 1167 τέκνα
2441 1110 2536 1165 τοῦ
2584 1109 2722 1164 Θεοῦ
2775 1107 2845 1162 τὰ
2892 1100 3702 1201 διεσκορπισμέναΐσυναγάγῃ,
3759 1100 3845 1161 εἰς

2247 1205 2328 1259 ἓν.
2360 1223 2380 1257 s

2326 1295 2505 1350 Τέκνα
2545 1290 2683 1347 Θεοῦ
2720 1291 2850 1354 τοὺς
2891 1288 3119 1351 πιστοὺς
3163 1285 3321 1341 καλεῖ
3366 1285 3397 1337 ὁ
3435 1281 3841 1351 εύαγγελιστὴς

2248 1391 2373 1453 τοὺς
2402 1374 2464 1453 ἒξ
2486 1385 2678 1452 ἐθνῶν,
2710 1383 2840 1446 τούς
2869 1380 3086 1453 μακρὰν
3116 1378 3298 1443 ὄντας,
3334 1377 3430 1429 καὶ
3461 1374 3631 1443 ἐγγὺς
3676 1389 3843 1440 γεγο-

2245 1483 2409 1546 νότας
2438 1481 2517 1546 είς
2546 1477 2606 1533 ἓν
2642 1478 2824 1548 σῶμα,
2877 1474 3005 1547 μίαν
3037 1470 3279 1543 κεφαλὴν
3322 1468 3547 1540 ἔχοντας
3579 1464 3674 1519 τδν
3701 1466 3843 1535 Χρι-

2251 1569 2595 1731 πῗνίῐησοῦς
2624 1657 2720 1713 οὖν
2747 1655 2933 1711 οὐκέτι
2968 1649 3251 1726 παρρησίᾳ
3281 1646 3604 1720 περιεπάτει
3634 1645 3695 1698 ἑν
3728 1645 3845 1706 τοῖς

2261 1751 2566 1817 Ἰουδαίοις,
2614 1749 2753 1805 ἀλλά
2809 1746 3054 1818 ἀπῆλθεν
3100 1741 3311 1798 ὲκεῖθεν
3365 1742 3449 1803 εἰς
3497 1737 3600 1810 τὴν
3649 1734 3845 1808 χώραν

2185 1823 2229 1879 Β
2254 1845 2421 1916 ὲγγὺς
2448 1843 2551 1914 τῆς
2579 1842 2810 1915 ἐρήμου,
2840 1858 2861 1892 s

2326 1935 2421 1998 Είς
2445 1932 2767 2003 κατάκριμα
2817 1928 2926 1983 τῶν
2974 1924 3246 1981 Ἰουδαίων
3274 1920 3587 1992 ἀναχωρεῖ,
3632 1916 3700 1971 οὐ
3730 1917 3847 1971 δει-

2254 2025 2406 2090 λιῶν,
2450 2025 2546 2078 καὶ
2583 2023 2733 2094 ἡμᾶς
2776 2020 3046 2075 διδάσκων
3092 2020 3152 2073 ιν
3193 2017 3349 2087 ἀκμῇ
3392 2015 3492 2083 τῆς
3532 2013 3711 2084 ὀργῆς
3766 2014 3846 2082 μὴ

2257 2116 2602 2190 ὲπιρρίπτειν
2622 2112 2851 2176 ἑαυτοὺς
2872 2109 3160 2174 κινδύνοις.
3193 2108 3436 2177 Ἐφυγεν
3459 2104 3517 2159 δὲ
3547 2102 3846 2174 ἀναμένων

2255 2210 2347 2263 τὸν
2394 2207 2698 2279 ἐπιτήδειον
2736 2204 2834 2258 τοῦ
2866 2203 3074 2266 πάθους
3110 2199 3303 2273 καιρὸν
3359 2198 3455 2253 καὶ¹
3482 2196 3581 2267 τῆς
3613 2196 3847 2249 ἐκείνων

2257 2301 2573 2372 φειδόμενος
2612 2297 2911 2371 σωτηρίας.

2332 2412 2350 2445 ι
2390 2389 2498 2445 Ἦν
2525 2390 2584 2444 δὲ
2611 2390 2779 2458 ἐγγὺς
2803 2387 2865 2440 τὸ
2893 2385 3085 2455 Πάσχα
3120 2383 3230 2436 τῶν
3272 2379 3568 2446 Ἰουδαίων,
3620 2378 3723 2433 καί¹
3754 2380 3850 2432 ἀν-

2256 2484 2465 2555 έϐησαν
2485 2481 2671 2535 πολλοὶ⁸
2695 2481 2773 2544 είς
2808 2476 3153 2549 Ἰεροσόλυμα
3178 2475 3243 2529 ὲκ
3272 2473 3374 2544 τῆς
3400 2470 3588 2544 χώρας
3616 2471 3729 2545 πρὸ
3752 2470 3847 2524 τοῦ

2258 2577 2472 2648 Πάσχα,
2506 2574 2595 2627 ἵνα
2620 2571 2919 2641 ἁγνίσωσιν
2955 2568 3204 2632 ἑαυτούς.
3247 2583 3267 2617 s

2334 2672 2399 2725 Oi
2451 2667 2838 2741 ἡμαρτηκότες
2877 2663 3165 2734 ἑκούσιαῆ
3214 2660 3450 2718 ἀκούσια
3494 2658 3831 2731 πταίσματα,

2255 2762 2357 2814 οὐκ
2389 2759 2609 2813 ἐποίουν
2630 2756 2695 2811 τὸ
2714 2756 2927 2827 Πάσχα,
2957 2754 3006 2807 εί
3041 2751 3116 2824 μὴ
3140 2750 3481 2823 ήγνίσθησαν
3503 2748 3599 2802 τὸν
3630 2748 3839 2819 συνήθη

2257 2852 2543 2924 ἁγνισμὸν.

2325 2943 2403 2998 Οὐ
2461 2941 2653 3013 φανεὶς
2733 2937 2897 3002 εὐθὺς
2971 2935 3285 3005 ὲπέφανεν,
3361 2932 3481 2987 ἀλλ’
3540 2930 3837 3001 ἐπέζησεν,

2258 3033 2453 3090 ἐσθίων
2502 3033 2598 3087 καὶ
2645 3031 2841 3094 πίνων,
2877 3028 2973 3083 καὶ
3013 3028 3084 3081 τὰ
3132 3024 3341 3096 συνήθη
3379 3024 3639 3096 πράττων,
3685 3022 3830 3092 ὅπερ

2256 3126 2334 3192 ὡς
2358 3121 2764 3197 ἀποθαυμάζων
2788 3124 2817 3177 ό
2843 3118 3239 3190 εὐαγγελιστής
3267 3112 3407 3173 εἶπε.
3435 3111 3652 3188 [αλιι]

2846 3339 3090 3394 ΚΕΦΑΛ.
3125 3337 3225 3393 ΙΒ’.

2321 3500 2340 3533 r
2378 3479 2675 3551 Ἐποίησαν
2700 3473 2796 3532 οὐν
2836 3475 2985 3546 αὐτῷ
3013 3476 3231 3529 δεῖπνον
3271 3474 3407 3527 ἐκεῖ·
3444 3471 3539 3525 καὶ⁵
3575 3468 3848 3539 ἡΜάρθα

2255 3574 2513 3644 διηκόνει·
2538 3572 2568 3624 ὁ
2595 3570 2655 3625 δὲ
2693 3569 2944 3641 Λάζαρος
2973 3561 3052 3631 εἷς
3082 3562 3151 3640 ἦν
3180 3566 3286 3620 τῶν
3324 3562 3705 3635 ἀνακειμένων
3747 3563 3849 3615 σὺν

2256 3663 2426 3735 αὐτῷ.
2458 3683 2478 3716 s

2332 3775 2351 3808 ι
2388 3757 2452 3809 Ἠ
2483 3748 2577 3810 οὖν
2605 3754 2795 3826 Μαρία
2827 3750 3066 3805 λαϐοῦσα
3092 3749 3283 3820 λίτραν
3314 3748 3488 3818 μύρου
3520 3743 3725 3817 νάρδου
3759 3760 3853 3796 πι-

2260 3846 2456 3917 στικῆς
2490 3845 2827 3915 πολυτίμου,
2868 3841 3057 3912 ήλειψε
3106 3843 3232 3904 τοὺς
3260 3838 3427 3902 πόδας
3471 3836 3566 3890 τοῦ
3622 3834 3808 3903 Ἰησοῦ
3831 3876 3850 3898 ,

2259 3937 2353 3991 καὶ
2385 3936 2617 4006 ὲξέμαξε
2646 3939 2765 3999 ταῖς
2795 3932 2969 4005 θριξὶν
2998 3931 3170 4003 αὐτῆς
3202 3931 3328 3994 τούς
3368 3929 3536 3992 πόδας
3574 3926 3772 3981 αὐτοῦ·
3816 3928 3852 3997 ἡ

2256 4029 2314 4083 δὲ
2342 4030 2488 4084 οἰκία
2517 4028 2809 4100 ἐπληρώθη
2844 4028 2909 4080 ὲκ
2935 4027 3035 4097 τῆς
3060 4024 3239 4095 ὀσμῆς
3277 4022 3373 4077 τοῦ
3409 4022 3609 4093 μύρου.
3647 4040 3666 4074 s

2340 4121 2408 4174 Ἦ
2465 4119 2667 4192 Μάρθα
2727 4118 3013 4191 θεωρεῖται
3065 4118 3146 4180 είς
3191 4115 3291 4186 τὴν
3346 4108 3663 4184 πρακτικὴν
3716 4114 3853 4183 ἀρε-

2257 4213 2380 4283 τὴν,
2439 4214 2475 4282 ή
2519 4214 2576 4267 δὲ
2622 4212 2813 4283 Μαρία
2864 4212 2946 4274 είς
2993 4210 3095 4280 τὴν
3158 4204 3535 4277 πνευματικὴν
3581 4204 3846 4274 θεωρίαν.

2263 4304 2448 4358 ⁸Ἀλλοι
2478 4304 2578 4375 τὴν
2622 4302 2854 4375 Μάρθαν
2883 4300 3321 4372 ὲκλαμόάνουσιν
3350 4300 3431 4362 είς
3464 4297 3565 4368 τὴν
3596 4296 3849 4350 παλαιὰν

2258 4396 2547 4467 διαθήκην,
2578 4395 2702 4466 ἥτις
2723 4394 2824 4463 τὴν
2844 4393 2940 4447 τοῦ
2966 4391 3174 4464 Κυρίου
3199 4390 3480 4464 τράπεζαν
3502 4388 3845 4458 εὐτρεπίζει,

2257 4485 2348 4539 διὰ
2373 4487 2471 4556 τῆς
2497 4485 2605 4539 τῶν
2639 4484 2886 4539 παλαιῶν
2915 4483 3240 4555 μαρτυρίας,
3273 4484 3387 4546 τοῖς
3428 4480 3557 4552 περὶ
3597 4482 3843 4552 Χριστοῦ

581 4573 678 4627 pro
707 4558 949 4614 doctrina
983 4560 1329 4631 evangelica,
1368 4577 1489 4631 qua:
1537 4574 1813 4632 unguento
1852 4569 2016 4635 pedes
2049 4569 2150 4625 Do-

2262 4577 2629 4648 συνισταμένη
2672 4576 2929 4649 δόγμασιο
2958 4577 3059 4647 τὴν
3086 4575 3142 4628 δὲ
3172 4575 3391 4644 Μαρίαν
3435 4576 3515 4635 είς
3541 4573 3644 4643 τὴν
3672 4573 3842 4638 εὐαγ-

581 4650 712 4704 ιιιίηἰ
753 4650 1037 4719 inungens,
1069 4650 1121 4705 id
1151 4659 1236 4705 est
1253 4651 1369 4719 ejus
1399 4652 1450 4706 iu
1493 4662 1640 4708 terra
1673 4660 2145 4716 conversationem

579 4739 890 4805 celebrans,
923 4741 1232 4795 universum
1261 4744 1446 4798 orbem
1483 4753 1773 4813 terrarum,
1804 4764 1926 4820 quae
1957 4751 2149 4806 domus

580 4838 665 4885 cst
716 4830 956 4884 omnium
996 4829 1311 4897 hominum,
1363 4835 1548 4892 odoris
1595 4840 1867 4897 suavitate
1906 4843 2152 4911 replevit.

581 4921 685 4976 Alii
737 4921 1005 4975 Martham
1066 4922 1370 4995 intelligunt
1425 4927 1730 4986 Judteorum
1787 4932 2157 5006 Synagogam,

583 5027 703 5080 qua:
742 5010 1052 5068 carnalibus
1080 5029 1278 5073 vacans
1309 5018 1646 5089 ministeriis,
1681 5022 1909 5080 Domino
1945 5027 2154 5082 servire

582 5099 1044 5168 ριιρὶιιιΜιιτίαηι
1077 5120 1204 5161 vero
1250 5106 1550 5167 Ecclesiam
1602 5127 1668 5168 ex
1712 5114 1994 5183 gentibus,
2032 5131 2154 5183 quae

584 5190 851 5246 sacriﬁcia
873 5193 1156 5267 spiritalia,
1187 5199 1454 5273 iidemque
1486 5203 1814 5274 fragrantem
1840 5204 1950 5262 Deo
1974 5207 2151 5274 oﬂ‘ert,

585 5289 655 5380 οι.
670 5280 1042 5341 benedictione
1080 5302 1110 5342 a
1141 5303 1306 5346 carne
1354 5290 1476 5362 ejus
1507 5302 1861 5361 promanante
1899 5310 1995 5364 per
2028 5312 2151 5368 my-

586 5375 779 5428 sticam
813 5375 1281 5450 participationem
1314 5396 1374 5439 se
1400 5382 1597 5440 reiicit.

667 5563 688 5597 ι
724 5546 961 5609 Lazarus
1012 5564 1193 5612 autem
1223 5572 1362 5615 unus
1379 5567 1498 5616 erat
1523 5573 1590 5617 ex
1615 5560 2093 5622 discumbentibus.
2129 5584 2148 5617 ι

679 5720 729 5755 ’⁷
765 5721 935 5784 Matth
985 5743 1078 5797 ιιι,
1121 5729 1215 5795 9.2,
1249 5729 1318 5785 23

2263 4667 2487 4738 γελικὴν
2518 4666 2789 4733 παιδείαν,
2833 4667 2953 4737 ήτις
2992 4665 3150 4737 μύρῳ
3191 4665 3456 4737 τρίϐουσα
3494 4664 3626 4725 τοὺς
3669 4663 3846 4722 πόδας

2260 4757 2353 4811 τοῦ
2387 4756 2613 4829 Κυρίου,
2648 4758 2893 4811 τουτέστι
2935 4759 3034 4828 τὴν
3062 4757 3190 4829 περὶ
3218 4758 3316 4827 τὴν
3355 4756 3459 4827 γῆν
3495 4752 3664 4808 αὐτοῦ
3697 4755 3849 4806 οίκοο

2262 4846 2475 4914 νομίαν,
2505 4847 2732 4913 εὐωδίας
2758 4847 3076 4920 ἐπλήρωσεν
3102 4847 3230 4919 ὅλην
3259 4847 3359 4917 τὴν
3386 4845 3513 4916 γῆν,
3539 4847 3663 4915 ἥτις
3690 4847 3850 4898 ἐστὶν

2259 4932 2409 5000 οἶκος
2437 4937 2617 5009 πάσης
2644 4940 2743 5007 τῆς
2779 4936 3213 5009 ἀνθρωπότητος.
3253 4936 3438 4989 Ἀλλοι
3474 4935 3571 5006 τὴν
3604 4935 3852 5008 Μάρθαν

2259 5022 2438 5075 νοοῦσι
2478 5022 2577 5093 τὴν
2605 5022 2712 5076 τῶν
2754 5023 3026 5076 Ἰουδαίων
3069 5022 3424 5092 Συναγωγὴν,
3449 5021 3537 5074 διὰ
3560 5020 3672 5074 τῶν
3711 5038 3850 5090 σαρ-

2259 5111 2431 5165 κικῶν
2466 5112 2792 5183 θεραπεύειν
2822 5113 3083 5167 θέλουσαν
3106 5115 3196 5167 τὸν
3219 5113 3368 5166 Θεὸν’
3393 5112 3490 5182 τὴν
3511 5112 3567 5164 δὲ
3596 5112 3851 5181 Μαρίαν,

2257 5205 2358 5274 τὴν
2402 5206 2461 5272 ἐξ
2494 5206 2666 5260 ἐθνῶν
2716 5205 3045 5277 Ἐκκλησίαν
3088 5206 3190 5277 τήν
3222 5203 3600 5276 πνευματικὰς
3645 5202 3855 5266 θυσίας

2259 5295 2355 5350 καὶ
2382 5296 2556 5369 εὐώδη
2591 5297 2773 5350 πίστιν
2804 5298 3188 5369 προσάγουσαν
3216 5296 3354 5367 Θεῷ,
3385 5297 3480 5350 καὶ
3524 5296 3854 5366 ἀναματτο-

2267 5387 2444 5457 μένην
2475 5386 2575 5458 τήν
2612 5388 2722 5441 ἀπὸ
2746 5389 2846 5459 τῆς
2879 5389 3083 5460 σαρκὸς
3134 5387 3300 5442 αὐτοῦ
3348 5386 3602 5455 εὐλογίαν
3627 5385 3723 5439 διὰ
3749 5388 3856 5456 τῆς

2268 5477 2542 5547 μυστικῆς
2576 5478 2954 5549 μεταλήῲεως.

2345 5587 2364 5621 ι
2394 5566 2454 5621 ὐ
2473 5567 2530 5622 δὲ
2559 5569 2804 5641 Λάζαρος
2838 5564 2918 5632 εἷς
2942 5565 3009 5641 ἦν
3025 5570 3132 5625 τῶν
3155 5567 3584 5641 ἀνακειμένων.»
3618 5567 3697 5621 υύ
3736 5566 3855 5637 γάρ

2189 5678 2316 5715 ﬁt”.
