4072 6414
234 314 261 378 1
280 316 376 379 ’Π3

1259 312 1726 374 FRAGMENTA
1786 312 1868 373 IN
1908 312 1968 372 S.
2010 309 2389 372 JUANNEM.

3385 314 3519 380 1474

242 428 398 492 εὐθὺς
427 428 717 494 ἀπέθανεν,
745 427 862 483 ἀλλ’
910 425 1147 497 ἐπέζησε
1169 467 1184 492 ,
1219 427 1314 480 καὶ
1357 426 1573 498 ἔμεινεν
1623 426 1821 480 ἐσθίων

1927 425 2041 481 Non
2083 427 2227 480 enim
2257 426 2401 481 illico
2426 433 2674 480 mortuus
2696 432 2798 492 εει,
2828 425 2924 480 sed
2951 426 3275 495 supervixit,
3298 442 3519 483 reman-

239 521 334 574 καὶ
362 520 557 586 πίνων,
592 520 685 574 καὶ
733 517 805 572 τὰ
834 517 1043 588 συνήθη
1092 517 1372 589 πράττων,
1405 519 1543 590 ὅπερ
1583 517 1661 582 ὡς
1689 519 1821 572 ἀπο-

240 616 536 687 θαυμάζων
560 618 589 669 ό
615 613 1008 685 εὑαγγελιστὴς
1035 607 1180 668 εἷπε.

315 725 335 760 t
380 707 545 776 Λέγει
582 702 676 760 οῦν
716 701 796 770 εἷς
827 708 892 760 ἐκ
923 704 1034 760 τῶν
1075 704 1331 775 μαθητῶν
1364 704 1533 759 αὑτοῦ
1563 744 1579 768 ,
1619 704 1826 766 Ἰούδας

237 796 481 866 Σίμωνος
509 793 890 865 Ἰσκαριώτης,
913 796 942 847 6
965 792 1177 863 μέλλων
1195 794 1358 847 αὑτὸν
1386 793 1736 864 παραδιδόναι
1759 810 1772 824 ·
1798 811 1817 843 ι

308 886 604 958 Μέμφεται
636 888 666 939 6
716 886 919 949 Ἰούδας
961 887 1043 938 ὃτι
1096 885 1269 956 μύρον
1311 886 1687 956 προσήνεγκε,
1727 884 1823 937 καὶ

236 979 339 1031 οὑκ
365 977 652 1049 ἀργύριον,
686 977 898 1045 ἀγνοῶν
929 978 990 1031 τὸ
1030 976 1202 1040 ὅντως
1234 975 1418 1029 καλόν.
1453 978 1546 1029 Δεῖ
1587 974 1696 1047 γὰρ
1724 973 1823 1045 τὴν

237 1070 317 1131 είς
375 1067 508 1121 Θεὸν
560 1065 979 1138 δωροφορίανῐι,
1035 1064 1456 1137 προτιμωτέραν
1510 1060 1654 1117 εἶναι
1711 1062 1821 1117 τῶν

240 1158 494 1228 πτωχῶν.

317 1267 335 1301 t
376 1244 510 1301 Εἷπε
542 1246 599 1301 δὲ
625 1245 805 1307 τοῦτο,
835 1247 935 1317 οὑχ
963 1248 1045 1302 δτι
1076 1247 1205 1317 περὶ
1235 1246 1347 1302 τῶν
1374 1245 1608 1318 πτωχῶν
1630 1245 1824 1317 ἔμελεν

240 1339 422 1410 αὐτῷ,
476 1339 593 1393 ἀλλ’
628 1340 709 1392 ὅτι
760 1338 1000 1410 κλέπτης
1045 1335 1136 1412 ἦν,
1184 1341 1279 1395 καὶ
1328 1339 1391 1393 τὸ
1435 1339 1823 1409 γλωσσόκομον

241 1427 380 1501 εἶχε.
415 1447 434 1481 ι

324 1521 600 1591 Ἦνείχετο
631 1521 688 1574 δὲ
726 1519 893 1574 αὑτοῦ
932 1521 961 1573 ό
994 1520 1202 1592 Κύριος
1233 1520 1591 1584 κλέπτοντος,
1626 1519 1713 1573 ἵνα
1748 1516 1823 1589 μὴ

237 1612 390 1685 εἴπῃ,
424 1612 505 1665 ὅτι
533 1611 630 1664 Διά
659 1612 956 1682 χρημάτων
986 1610 1185 1682 ἔρωτα,
1214 1612 1309 1664 καὶ
1333 1610 1536 1664 ἔνδειαν
1562 1609 1823 1680 ἐποιησά-

243 1722 352 1774 μην
387 1704 485 1777 τὴν
527 1703 840 1774 προδοσίαν.
889 1702 1187 1773 Ἱερόσυλος
1219 1698 1288 1774 ἦν
1311 1705 1341 1756 ὁ
1378 1702 1579 1765 Ἰούδας
1600 1740 1616 1767 ,
1644 1702 1716 1754 τὰ
1744 1699 1823 1770 τῷ

238 1794 360 1866 Θεῷ
393 1795 788 1865 ἀνατεθειμένα
816 1796 1075 1866 χρήματα
1106 1793 1375 1848 κλέπτων.

313 1901 333 1934 ‹
377 1880 548 1937 Εἶπεν
591 1883 686 1937 οῦν
736 1885 765 1937 ό
826 1884 1066 1955 Ἰησοῦς’
1119 1885 1295 1954 ’Ἄφες
1357 1883 1551 1954 αὑτὴν,
1598 1882 1680 1946 είς
1722 1880 1821 1954 τὴν

236 1973 453 2047 ἡμέραν
480 1972 578 2029 τοῦ
612 1976 987 2047 ἐνταφιασμοῦ
1020 1993 1122 2048 μου
1156 1978 1463 2049 τετήρηκεν
1500 1975 1652 2030 αὑτό.
1690 1994 1711 2027 ι

307 2068 457 2140 Πρὸς
495 2067 718 2139 ἔλεγχον
747 2068 842 2122 τοῦ
873 2068 1203 2141 ἀναισθήτου
1252 2068 1424 2122 Ἰούδα
1447 2066 1697 2140 ἐμνήσθη
1725 2067 1821 2121 τοῦ

234 2160 645 2231 ἐνταφιασμοῦ·
677 2161 778 2232 τῆς
797 2161 855 2214 δέ
886 2161 1149 2229 γυναικὸς
1173 2162 1665 2232 ὑπεραπολογεῖται
1684 2200 1700 2227 ,
1735 2160 1822 2213 ἵνα

238 2252 313 2322 μὴ
376 2251 508 2324 δόξῃ
559 2254 834 2325 προτιμᾷν
880 2253 1075 2306 ἑαυτὸν
1125 2252 1235 2306 τῶν
1289 2253 1546 2323 πτωχῶν.
1612 2250 1818 2317 Εἰπὼν,

241 2343 450 2412 Ἄφες,
498 2344 601 2414 τὴν
643 2343 736 2397 τοῦ
784 2343 955 2398 Ἰούδα
997 2344 1287 2416 ὑπόκρισιν
1318 2343 1566 2413 ἐλέγχει,
1599 2343 1668 2396 τὰ
1697 2341 1853 2406 ἄξια

231 2436 464 2491 ἐπαίνου
518 2436 891 2508 μεμφόμενον.
954 2436 1177 2506 Ἐπειδὴ
1208 2436 1330 2506 δὲή
1377 2434 1472 2488 τοῦ
1515 2433 1690 2505 μύρου
1731 2433 1822 2486 δα-

230 2528 409 2598 πάνη,
442 2529 503 2581 οὑ
537 2528 626 2582 διὰ
654 2528 866 2600 τρυφὴν
905 2527 1151 2597 ἐγένετο,
1187 2525 1325 2582 ἀλλὰ
1354 2526 1442 2581 διὰ
1481 2525 1674 2596 χρείαν
1715 2541 1822 2591 μυ-

229 2619 454 2691 στικὴν,
483 2619 836 2689 ἀπολογεῖται
864 2619 1006 2691 ὑπὲρ
1034 2618 1139 2689 τῆς
1171 2616 1411 2688 Μαρίας,
1438 2617 1486 2669 εί
1518 2617 1611 2669 καὶ
1636 2616 1822 2686 ἠγνόει

226 2710 321 2763 τοῦ
354 2710 671 2780 μυστηρίου
710 2710 811 2778 τὴν
840 2708 1094 2779 δύναμιν,
1132 2708 1227 2762 καὶ
1248 2708 1346 2778 τὴν
1375 2706 1706 2775 οἰκονομίαν.
1743 2705 1821 2758 Δι’

225 2794 303 2853 ὧν
344 2801 412 2853 δὲ
443 2796 598 2853 εἶπεν
637 2799 1030 2870 ἐνταφιασμὸν,
1079 2797 1433 2869 καταισχύνει
1471 2798 1564 2851 τὸν
1602 2797 1817 2864 Ἰούδαν,

225 2892 308 2945 ὅτι
363 2891 442 2945 δι’
500 2890 949 2961 αἰσχροκέρδειαν
998 2890 1194 2962 ἔμελλε
1258 2888 1551 2961 προδοῦναι
1606 2888 1698 2942 τὸν
1743 2888 1822 2942 δι-

221 2982 530 3038 δάσκαλον.

1924 515 2103 583 sitque
2136 515 2427 569 comedens
2457 521 2511 569 et
2541 513 2732 568 bibens
2757 553 2773 579 ,
2805 521 2859 568 et
2891 525 3150 570 consueta
3180 515 3406 583 faciens,
3439 516 3516 572 uti

1924 605 2079 676 quasi
2113 604 2538 659 adntirabutnlus
2566 603 2899 673 evangelista
2936 605 3160 661 indicat.

1996 690 2160 745 Vens.
2199 690 2253 747 4.
2308 709 2327 744 t
2371 691 2516 746 Dixit
2563 706 2697 762 ergo
2742 707 2884 747 unus
2921 708 2987 747 ex
3040 694 3318 765 discipulis
3362 693 3512 765 ejus,

1921 779 2088 835 Judas
2126 780 2432 849 lscariotes,
2461 782 2552 850 qui
2583 793 2702 835 erat
2730 797 2854 835 eum
2895 783 3222 840 traditurus.
3262 804 3281 838 ι

1998 870 2364 940 Reprehendit
2402 886 2521 925 eam
2561 870 2767 939 .Iudas,
2796 873 2941 942 quod
2975 886 3313 945 unguentum
3348 878 3512 933 obtu-

1924 961 2100 1028 lisset,
2135 970 2190 1016 et
2217 977 2323 1016 non
2357 962 2646 1031 pecuniam
2684 981 2697 1017 :
2730 964 3011 1020 nesciebat
3039 965 3225 1036 utique
3253 969 3385 1038 quid
3414 971 3510 1024 de-

1925 1060 2098 1106 ceret.
2134 1050 2328 1104 Munus
2372 1052 2517 1104 enim
2554 1051 2700 1121 quod
2754 1054 2860 1107 Deo
2914 1052 3164 1117 offertur,
3216 1056 3512 1124 pretiosius

1923 1157 2044 1197 esse
2071 1141 2252 1208 debet,
2286 1157 2449 1213 quam
2479 1144 2622 1213 quod
2654 1144 2983 1213 pauperibus
3015 1154 3295 1214 erogatur.

2000 1233 2167 1291 Vens.
2210 1235 2264 1290 6.
2311 1255 2329 1287 ι
2368 1236 2519 1290 Dixit
2555 1249 2736 1292 autem
2767 1239 2894 1304 hoc,
2928 1255 3033 1292 non
3069 1241 3195 1308 quia
3230 1240 3295 1295 de
3327 1240 3512 1310 egenis

1924 1327 2233 1396 pertinebat
2281 1328 2347 1382 ad
2390 1342 2536 1392 eum,
2590 1330 2683 1384 sed
2727 1328 2855 1398 quia
2907 1328 2994 1384 fur
3037 1341 3176 1395 erat,
3219 1342 3270 1386 et
3302 1332 3511 1386 loculos

1926 1419 2158 1474 habens.
2206 1438 2225 1471 ι

1993 1508 2130 1565 Eum
2167 1510 2328 1565 ctiam
2355 1510 2527 1565 iurent
2558 1511 2911 1567 exsistentem
2946 1511 3208 1569 Dominus
3238 1514 3507 1581 toleravit,

1923 1618 1991 1657 ne
2033 1617 2091 1658 se
2120 1603 2426 1658 divitiarum
2474 1604 2806 1674 cupiditate,
2848 1606 2931 1659 vel
2965 1622 3074 1674 prae
3118 1617 3358 1677 egestate
3383 1622 3511 1676 pro-

1924 1693 2191 1773 ditionem
2215 1694 2516 1750 adornasse
2548 1695 2772 1751 diceret.
2826 1693 3138 1767 Sacrilegus
3174 1699 3354 1768 itaque
3391 1708 3512 1754 erat

1854 1773 1895 1828 Β
1927 1784 2116 1852 Judas,
2151 1796 2208 1839 ut
2236 1788 2326 1855 qui
2361 1802 2445 1841 res
2480 1787 2589 1842 Deo
2618 1786 2831 1843 oblatas
2861 1788 3169 1843 iurabatur.

1994 1876 2162 1933 Vens.
2206 1880 2257 1933 7.
2295 1897 2315 1931 ι
2361 1878 2503 1934 Dixit
2541 1895 2671 1950 ergo
2700 1878 2858 1936 Jesus
2894 1899 2908 1934 :
2948 1882 3123 1935 Sinite
3156 1882 3324 1947 illam,
3361 1893 3419 1936 ut
3455 1884 3511 1937 in

1923 1972 2065 2029 diem
2098 1973 2396 2045 sepultum
2427 1990 2560 2029 meae
2587 1986 2769 2030 servet
2800 1974 2954 2029 illud.
2996 1993 3016 2027 ι

1994 2067 2078 2123 Ad
2129 2068 2461 2122 insensatum
2510 2068 2661 2123 illum
2726 2064 2923 2121 Judam
2983 2065 3509 2136 reprehendendum,

1922 2159 2216 2229 sepulturae
2244 2160 2578 2214 mentionem
2632 2158 2805 2213 fecit:
2845 2159 3129 2213 mulierem
3160 2174 3289 2213 vero
3325 2158 3513 2213 ἀεῖραι

1921 2252 2039 2317 dit,
2070 2268 2138 2307 ne
2182 2267 2242 2307 se
2274 2253 2608 2322 pauperibus
2639 2251 2899 2321 prmferre
2932 2252 3229 2306 videretur.
3265 2251 3509 2316 Dimitte,

1924 2343 2116 2413 inquit,
2151 2341 2303 2398 Judze
2332 2343 2733 2399 simulationem
2766 2343 3077 2414 increpans,
3115 2354 3174 2398 ut
3218 2344 3307 2414 qui
3349 2344 3510 2414 digna

1923 2432 2081 2488 laude
2126 2434 2507 2503 reprehendat.
2563 2432 2698 2488 Cum
2748 2448 2880 2489 vero
2924 2435 3184 2505 unguenti
3225 2434 3420 2489 effusio
3456 2444 3513 2489 et

1921 2540 2208 2596 expensaa,
2255 2541 2363 2581 non
2412 2526 2727 2581 deliciarum
2778 2541 2949 2581 causa
2988 2525 3129 2580 facta
3167 2536 3386 2591 essent,
3417 2526 3511 2580 sed

1922 2628 2145 2690 prOpter
2184 2633 2341 2673 usum
2391 2617 2670 2690 mysterii,
2719 2616 2945 2672 Mariam
2990 2627 3247 2683 excusat,
3295 2617 3512 2672 tametsi

1922 2710 2029 2764 vim
2065 2710 2342 2781 mysterii,
2387 2725 2452 2764 ac
2490 2708 2951 2779 dispensationem
2989 2709 3351 2777 ignorantem.
3406 2707 3512 2764 Se-

1922 2800 2151 2870 pultnra:
2187 2810 2368 2855 autem
2416 2800 2746 2854 mentionem
2781 2798 3028 2856 faciendo
3055 2798 3246 2854 Judam
3281 2800 3514 2855 confun-

1922 2891 2032 2957 dit,
2067 2893 2210 2961 quod
2257 2892 2519 2946 nimirum
2569 2892 2744 2962 turpis
2793 2891 2931 2947 lucri
2970 2895 3145 2962 gratia
3187 2893 3510 2962 magistrum

1921 2989 2067 3035 esset
2103 2980 2442 3048 proditurus.

298 3093 319 3128 ι
369 3058 623 3129 ’Ἔλαϐον
648 3072 717 3128 τὰ
744 3072 874 3145 βαΐα
900 3073 1011 3128 τῶν
1040 3075 1322 3143 φοινίκων,
1359 3076 1455 3129 καὶ
1483 3073 1706 3147 ἐξῆλθον
1740 3075 1821 3137 εἰς

2001 3071 2162 3126 Vens.
2211 3071 2298 3127 15.
2360 3090 2380 3124 ι
2412 3073 2752 3142 Acceperunt
2820 3089 3006 3129 ramos
3061 3073 3403 3144 palmarum,
3455 3083 3510 3128 et

222 3168 546 3238 ὑπάντησιν
572 3165 745 3236 αὐτῷ,
778 3165 873 3219 καὶ
900 3164 1162 3237 ἔκραζονο
1208 3167 1471 3221 Ὡσαννά.
1513 3185 1533 3218 ι

301 3260 412 3323 '0;
442 3256 753 3328 νενικηκότι
774 3255 864 3309 τὸν
904 3254 1136 3310 θάνατον
1159 3256 1480 3328 ὑπήντησαν
1504 3256 1654 3329 αὑτῷ
1686 3256 1824 3327 μετά

228 3351 431 3422 Bato».
475 3348 539 3403 Ἦ
572 3348 737 3402 Δαϐιδ
767 3347 1075 3420 προφητεία
1121 3346 1210 3401 διὰ
1258 3347 1450 3401 τούτου
1495 3347 1820 3420 πληροῦται.

234 3445 423 3507 Τύπος
470 3441 591 3495 ἐστὶ
627 3440 722 3495 τοῦ
770 3441 938 3512 νόμου
967 3440 1035 3494 τὰ
1071 3439 1222 3512 ἔθνη,
1250 3439 1344 3505 οὒς
1373 3441 1403 3493 6
1434 3439 1641 3512 Κύριος
1665 3440 1825 3505 ὄντας

237 3535 590 3607 ἀκαθάρτους
617 3532 923 3603 πεποίηκεν
948 3531 1316 3603 ὑποχειρίους.
1352 3531 1574 3604 [Clum]

308 3625 499 3688 Τύπος
537 3623 594 3677 δέ
640 3624 789 3677 ἐστιν
821 3624 849 3675 6
874 3622 1055 3686 πῶλος
1084 3622 1194 3676 τῶν
1234 3623 1424 3690 ἐθνῶν,
1457 3618 1532 3680 ὧν
1558 3626 1587 3678 ό
1616 3626 1824 3695 Κύριος

240 3718 498 3779 καθίσας,
530 3714 727 3783 ἀνάγει
759 3716 839 3779 είς
863 3715 963 3785 τὴν
993 3714 1106 3768 ἄνω
1147 3715 1525 3788 Ἰερουσαλὴμ,
1556 3712 1625 3789 ἦς
1653 3716 1825 3782 τύπος

239 3812 273 3880 ἡ
299 3807 568 3875 ἐπίγειος.
598 3807 786 3859 Πῶλον
814 3804 872 3860 δὲ
906 3804 1105 3867 αὐτοὺς
1139 3807 1311 3871 καλεῖ,
1344 3806 1535 3878 ἐπειδὴ
1573 3807 1823 3879 ἀγύμνα-

242 3915 360 3952 στοι
399 3895 542 3968 ἦσαν
570 3897 666 3968 τῆς
702 3897 822 3950 κατ’
852 3896 1136 3950 εὐσέϐειαν
1166 3896 1425 3962 πίστεως.

319 4096 339 4130 ι
378 4076 565 4131 Ταῦτα
595 4077 651 4131 δὲ
684 4077 785 4131 οὑκ
810 4076 1055 4146 ἔγνωσαν
1081 4079 1131 4131 οἱ
1165 4077 1423 4149 μαθηταί.
1457 4096 1476 4131 ι
1558 4111 1561 4114 ν

309 4163 411 4217 Διά
441 4163 601 4217 τοῦτο
629 4164 737 4235 γὰρ
764 4164 1013 4235 ἠγνόουν,
1044 4163 1133 4217 ἵνα
1168 4165 1243 4237 μὴ
1263 4165 1750 4229 σκανδαλισθῶσιν,
1776 4168 1829 4221 ετ

235 4273 299 4325 γε
335 4255 590 4325 βασιλεὺς
629 4254 707 4308 ὢν
731 4255 957 4308 τοιαῦτα
987 4254 1173 4326 μέλλει
1203 4255 1457 4326 πάσχειν,
1485 4256 1581 4311 καὶ
1606 4257 1690 4310 ὅτι
1721 4258 1823 4311 οὑκ

233 4347 501 4419 ἠδύναντο
525 4346 690 4410 εὐθὺς
714 4347 960 4419 χωρῆσαι
980 4346 1080 4418 τὴν
1103 4346 1307 4416 γνῶσιν
1332 4347 1433 4419 τῆς
1456 4347 1754 4420 βασιλείας.

1926 3172 2309 3233 processerunt
2340 3162 2555 3218 obviam
2590 3165 2659 3230 ei,
2696 3174 2751 3219 et
2782 3164 3089 3221 clamabant
3121 3184 3135 3220 :
3167 3165 3448 3221 Hosauna.
3488 3185 3509 3217 ι

1992 3252 2063 3309 Ut
2090 3255 2280 3310 mortis
2312 3255 2504 3309 victori
2549 3266 2942 3324 processerunt
2991 3257 3209 3311 obviam
3257 3257 3331 3321 ei,
3387 3272 3512 3312 cum

1927 3345 2094 3400 ramis
2124 3345 2448 3415 palmarum.
2514 3345 2608 3401 Sic
2664 3347 2885 3402 Davidis
2918 3348 3198 3418 pr0pltetia
3239 3347 3513 3417 impletur.

1926 3434 2106 3507 Typus
2137 3435 2270 3506 legis
2302 3443 2490 3505 gentes
2538 3452 2674 3507 quos
2720 3438 2983 3494 Dominus
3034 3454 3098 3493 ex
3158 3438 3496 3494 infidelitatis

1928 3527 2267 3582 itntnunditia
2298 3527 2352 3581 in
2384 3527 2647 3584 ditionem
2682 3546 2834 3585 suam
2861 3530 3104 3585 adduxit.

1995 3617 2183 3673 Pullus
2218 3629 2394 3673 autem
2428 3620 2596 3691 figura
2628 3631 2711 3676 est
2737 3622 3002 3692 gentium,
3035 3622 3235 3691 quibus
3265 3622 3508 3677 insidens

1930 3709 2217 3775 Dominus,
2268 3710 2490 3764 adducit
2539 3726 2633 3766 eas
2695 3714 2761 3766 ad
2839 3728 3131 3782 supernam
3178 3711 3514 3776 Jerusalem,

1925 3801 2081 3870 cujus
2114 3802 2228 3854 haec
2274 3803 2548 3856 terrestris
2601 3812 2763 3874 typus
2808 3814 2949 3858 erat.
3004 3802 3216 3858 Pullum
3259 3819 3389 3860 vero
3420 3821 3514 3861 eas

1926 3900 2106 3957 vocat,
2137 3892 2279 3961 quod
2325 3891 2391 3948 ad
2438 3894 2696 3964 pietatem
2744 3909 2812 3951 ac
2844 3895 3008 3952 fidem
3060 3897 3300 3952 nondum
3333 3906 3515 3954 essent

1927 3982 2230 4038 informata:

2005 4075 2166 4132 Vens.
2199 4075 2286 4132 i6.
2323 4094 2343 4128 ι
2383 4076 2509 4133 Haec
2538 4092 2643 4133 non
2670 4088 3042 4148 cognoverunt
3068 4080 3338 4151 discipuli.
3381 4101 3404 4134 ι

1997 4168 2205 4223 Idcirco
2234 4170 2377 4223 enim
2409 4171 2756 4240 ignorabant,
2782 4186 2852 4225 ne
2880 4171 3408 4239 scandalizarentur,
3441 4171 3511 4236 si,

1928 4274 2022 4313 rex
2075 4274 2198 4314 cum
2233 4269 2414 4328 esset,
2450 4262 2575 4316 talia
2630 4276 2890 4333 passurus
2927 4272 3079 4327 erat,
3131 4273 3185 4319 et
3217 4266 3347 4334 quia
3403 4282 3511 4323 non

1924 4342 2180 4420 poterant
2210 4351 2281 4404 ita
2312 4354 2494 4406 statim
2521 4354 2672 4424 regni
2701 4354 2820 4424 ejus
2846 4356 3217 4425 cognitionem
3245 4372 3463 4426 capere.

312 4458 332 4492 α
380 4438 441 4492 '0
465 4438 520 4492 δὲ
560 4437 769 4509 Ἰησοῦς
801 4439 1137 4511 ἀπεκρίνατο
1168 4440 1376 4507 αὑτοῖς,
1406 4439 1614 4509 λέγων’
1663 4441 1818 4515 Ἐλή·

2002 4439 2167 4499 Vens.
2200 4442 2292 4497 25.
2339 4461 2358 4494 ι
2397 4441 2554 4500 Jesus
2601 4454 2780 4500 autem
2815 4447 3095 4514 respondit
3138 4448 3250 4515 eis,
3284 4448 3509 4505 dicens:

235 4528 398 4581 λυθεν
424 4528 458 4598 ἡ
492 4526 632 4599 ὥρα,
658 4529 748 4583 ἵνα
766 4529 998 4601 δοξασθῇ
1037 4532 1066 4583 6
1096 4530 1224 4595 Υἱὸς
1250 4529 1345 4584 τοῦ
1376 4529 1690 4603 ἀνθρώπου.
1724 4551 1744 4585 ι

306 4621 423 4677 Καὶ
457 4620 531 4690 μὴ
563 4618 834 4691 χρώμενοι
873 4624 951 4693 τῷ
989 4622 1172 4694 νόμῳ,
1204 4623 1478 4677 ἀνέπεσαν
1506 4626 1821 4697 προσκυνή-

237 4729 430 4777 σοντες
475 4713 556 4776 είς
602 4711 696 4766 τὸν
743 4713 931 4783 νόμον,
972 4714 1047 4777 ὡς
1084 4716 1165 4779 είς
1215 4715 1413 4769 σεπτὸν
1437 4717 1605 4771 τόπον
1640 4716 1730 4772 διὰ
1752 4718 1824 4773 τὰ

235 4805 513 4876 γενόμενα
543 4804 800 4875 θαύματα
828 4805 959 4877 περὶ
1002 4806 1292 4861 Ἰουδαίων.
1323 4807 1551 4882 [Οιιιιιι]

308 4897 483 4962 Δόξαν
511 4897 568 4952 δὲ
595 4896 755 4951 καλεῖ
778 4896 879 4969 τὴν
908 4897 1230 4962 ἀνάστασιν,
1269 4898 1390 4969 μεθ’
1424 4901 1493 4970 ἠν
1521 4904 1550 4955 ό
1577 4902 1704 4966 Υἱὸς
1727 4903 1821 4958 τοῦ

238 4985 376 5039 Θεοῦ
422 4985 705 5059 ἐδοξάσθη.
741 4987 951 5061 Καιρὸς
994 4983 1151 5052 οὗτος
1188 4989 1283 5044 τοῦ
1340 4992 1647 5063 μεταϐῆναι
1695 4997 1822 5060 τοὺς

239 5075 493 5149 μαθητὰς
539 5079 632 5133 ἐπὶ
677 5080 743 5135 τὰ
772 5080 934 5151 ἔθνη,
983 5082 1031 5134 εί
1082 5083 1176 5134 καὶ
1206 5083 1348 5139 κατὰ
1372 5083 1473 5155 τὴν
1504 5085 1679 5158 ἀρχὴν
1723 5088 1824 5141 οὑκ

238 5167 511 5238 ἐποίησαν
541 5169 720 5237 τοῦτο,
746 5171 836 5227 ἵνα
867 5171 942 5244 μὴ
969 5171 1436 5229 σκανδαλισθῶσιν
1472 5175 1739 5232 Ἰουδαῖοι.

315 5278 335 5311 ‹
382 5259 580 5331 Ἀμὴν,
618 5263 767 5335 ἀμὴν
816 5262 961 5333 λέγω
987 5265 1139 5335 ὑμῖν,
1171 5266 1268 5319 ἐὰν
1313 5266 1389 5339 μὴ
1418 5268 1447 5320 6
1488 5269 1687 5333 κόκκος
1727 5272 1824 5324 τοῦ

239 5352 393 5406 σίτου
422 5352 610 5407 πεσὼν
628 5355 706 5418 εἰς
728 5355 828 5425 τὴν
848 5356 953 5426 γῆν
977 5355 1250 5430 ἀποθάνῃ,
1279 5358 1439 5423 αὐτὸς
1464 5360 1626 5429 μόνος
1650 5360 1826 5433 μένει.

251 5444 381 5500 Ἐὰν
407 5441 466 5497 δὲ
493 5444 762 5519 ἀποθάνῃ,
801 5447 972 5501 πολὺν
1002 5448 1216 5520 καρπὸν
1239 5449 1418 5522 φέρει.
1463 5470 1484 5505 ι

315 5715 342 5760 1³
367 5704 463 5762 Cr.
497 5706 666 5778 τιμὴν
699 5709 791 5763 καὶ
820 5708 1169 5783 δωροφορίαν.

1930 4534 2087 4589 Venit
2119 4535 2276 4601 hora,
2315 4546 2373 4591 ιιι
2395 4537 2731 4593 clariﬁcetur
2751 4537 2924 4594 Filius
2947 4539 3205 4594 hominis.
3248 4557 3267 4592 ι

1981 4626 2239 4690 Quatnvis
2264 4627 2435 4699 legem
2468 4645 2575 4684 non
2619 4630 2998 4697 observarent,
3038 4631 3089 4684 in
3143 4631 3315 4700 legem
3350 4640 3408 4686 ιιι
3456 4632 3512 4686 in

1926 4714 2102 4772 locum
2137 4728 2384 4773 sanctum
2404 4722 2747 4788 procidentes
2771 4723 3136 4778 adoraverunt
3162 4726 3389 4794 propter
3413 4727 3517 4778 tui-

1930 4809 2109 4863 racula
2145 4811 2198 4865 in
2239 4810 2455 4867 Judaeos
2484 4813 2649 4869 facta.

2003 4899 2246 4956 Gloriam
2277 4914 2458 4958 autem
2492 4894 2651 4959 vocat
2685 4906 3166 4970 resurrectionem,
3201 4916 3320 4977 post
3349 4922 3515 4976 quam

1929 4990 2101 5048 Filius
2136 4993 2230 5049 Dei
2269 4994 2607 5064 glorificatus
2635 5007 2743 5051 est.
2784 4994 3020 5064 Tempus
3045 4997 3175 5049 illud
3219 5007 3374 5061 erat,
3406 5013 3516 5065 quo

1929 5082 2208 5153 discipulis
2237 5085 2303 5136 ad
2333 5091 2521 5153 gentes
2548 5086 2934 5140 transeundum
2979 5093 3131 5150 erat,
3164 5083 3289 5141 licet
3316 5086 3385 5140 ab
3414 5087 3519 5140 ini-

1932 5175 2010 5228 tio
2040 5175 2089 5229 id
2119 5190 2225 5228 non
2254 5174 2503 5242 fecerint,
2540 5190 2607 5230 ne
2624 5173 2798 5231 Judaei
2828 5176 3352 5231 scandalizarentur.

2005 5265 2170 5322 Vens.
2201 5267 2292 5322 24.
2331 5286 2350 5319 ι
2390 5268 2585 5334 Amen,
2618 5283 2777 5323 amen
2808 5268 2934 5322 dico
2955 5268 3132 5334 vobis,
3159 5269 3260 5323 nisi
3284 5282 3515 5338 granum

1933 5358 2190 5415 frumenti
2221 5360 2422 5416 cadens
2462 5361 2516 5416 in
2542 5369 2766 5426 terram,
2798 5370 3073 5417 mortuum
3110 5359 3309 5425 fuerit,
3341 5360 3516 5428 ipsum

1935 5451 2109 5507 solum
2156 5462 2373 5520 manet;
2406 5456 2452 5508 si
2501 5466 2683 5511 autem
2722 5461 3000 5511 mortuum
3031 5450 3234 5521 fuerit,
3285 5449 3518 5506 multum

1938 5541 2171 5597 fructum
2202 5540 2376 5598 aﬂ‘ert.
2408 5561 2427 5595 ι
