4072 6386
611 291 747 360 Μ’ῑὸ

1727 302 2031 363 ΑΜΜΟΝΙ
2038 304 2064 362 Ι
2105 304 2638 367 ALEXANDRINI

3740 312 3871 377 1476

678 410 757 466 Ne
788 410 1075 466 turbemlni
1096 425 1222 467 cum
1251 410 1490 466 morior:
1512 419 1641 466 tunc
1666 413 1811 466 enim
1838 413 1918 468 vel
1950 415 2169 468 maximi

2359 416 2450 486 Μὴ
2501 416 2825 487 θορυϐεῖσθε
2876 417 2995 472 avt!
3046 412 3339 472 ἀπιθάνω·
3387 420 3514 473 τότε
3540 418 3651 491 γὰρ
3676 422 3871 492 μᾶλλον

605 500 917 571 praedicatio
937 502 1115 570 capiet
1143 502 1561 567 incrementum,
1600 510 1656 556 et
1687 502 1915 572 gentiles
1937 505 2180 560 credent.

603 592 791 660 Neque
842 592 1066 647 diﬁldite
1099 607 1115 646 :
1152 608 1279 647 nam
1326 604 1382 648 et
1436 593 1489 647 in
1538 592 1813 647 fmtttento
1870 594 1921 649 id
1958 596 2179 652 accidit.

602 682 739 737 Cttttt
785 698 882 753 per
931 684 1242 751 passionem
1290 693 1537 739 mortuus
1582 683 1765 748 luero,
1822 687 2184 742 resuscitatus

606 775 796 841 majori
836 775 1006 846 gloria
1060 790 1376 846 resurgam;
1411 791 1603 831 omnes
1647 777 1792 830 enim
1844 777 1896 835 in
1948 793 2034 834 me
2063 787 2183 834 tan-

603 881 769 936 quam
802 867 969 920 Deum
1006 868 1265 921 credituri
1297 878 1444 922 sunt.

674 956 837 1012 Vsus.
877 956 967 1009 25.
1031 974 1054 1009 ι
1097 957 1202 1022 Qui
1254 966 1401 1010 amat
1450 958 1688 1011 animam
1741 972 1934 1021 suam,
1990 958 2181 1027 perdet

598 1063 719 1103 eam
755 1065 769 1101 :
800 1058 852 1102 et
879 1048 968 1117 qui
1004 1047 1116 1102 odit
1149 1049 1387 1101 animam
1419 1064 1573 1103 suatn
1610 1049 1663 1104 in
1697 1050 1799 1105 hoc
1840 1050 2078 1114 mundo,
2126 1049 2179 1103 itt

601 1142 765 1194 vitam
792 1152 1047 1195 aeternam
1078 1141 1315 1195 custodit
1342 1157 1484 1196 eam.
1523 1161 1543 1193 ι

671 1235 798 1287 litae
839 1234 972 1287 dixit
1014 1230 1297 1298 Dominus,
1335 1249 1442 1288 non
1474 1232 1632 1303 quasi
1668 1232 1847 1286 anima
1881 1231 2178 1302 qttidquttn

600 1325 724 1380 inde
756 1325 996 1395 patiatur
1031 1343 1045 1379 :
1081 1326 1175 1380 sed
1207 1341 1453 1380 amorem
1491 1333 1652 1379 vocat
1676 1325 1905 1391 animm,
1938 1325 2073 1378 velle
2104 1324 2184 1376 vi-

597 1420 712 1473 deri
744 1435 862 1473 eam
914 1419 1182 1484 retinere,
1216 1434 1318 1474 nec
1353 1434 1553 1489 corpus
1586 1420 1845 1490 periculis
1884 1433 2178 1489 exponere.

594 1510 689 1565 Ille
729 1511 909 1581 itaque
953 1512 1041 1580 qui
1079 1520 1226 1565 amat
1256 1511 1493 1566 animam
1526 1526 1701 1578 suam,
1731 1522 1786 1568 et
1821 1513 1997 1582 perdit
2035 1526 2177 1572 eam,

594 1612 677 1655 cst
719 1602 763 1656 is
796 1603 887 1671 qui
931 1602 1187 1657 absurdis
1219 1601 1336 1671 ejus
1371 1602 1611 1673 indulget
1641 1603 2042 1672 cupiditatibus.
2078 1600 2180 1667 Qui

2285 503 2441 570 αὔξει
2467 506 2528 560 τὸ
2563 508 2851 579 κήρυγμα,
2884 507 2983 561 καὶ
3003 510 3052 562 oi
3076 510 3136 574 ἐξ
3165 510 3335 564 ἐθνῶν
3368 512 3743 568 πιστεύσουσι.
3764 516 3870 570 Καὶ

2287 599 2363 670 μὴ
2389 601 2703 655 amassis-3'
2735 602 2829 655 καὶ
2858 602 2968 673 γὰρ
3010 604 3111 656 καὶ
3131 612 3153 642 ι’
3197 605 3255 658 ὲν
3283 603 3363 674 τῷ
3391 602 3526 675 σίτῳ
3553 604 3712 659 τοῦτο
3732 617 3752 646 ε
3786 608 3867 676 γί-

2285 709 2459 771 νεται.
2499 693 2667 747 Ὅταν
2707 693 2900 749 παθὼν
2943 696 3241 763 ἀποθάνω,
3281 688 3647 768 ἀνιστάμενος
3675 701 3693 736 ί
3737 702 3868 767 μετά

2283 783 2535 849 πλείονος
2576 786 2738 857 δόξης
2784 786 3092 857 ἑγεροῦμαι
3134 796 3198 825 ι’
3237 790 3495 860 μέλλουσι
3524 791 3637 862 γὰρ
3676 792 3868 856 πάντες

2282 877 2565 932 πιστεύειν
2593 881 2673 942 είς
2703 881 2803 949 ἐμὲ
2832 879 2908 943 ὡς
2933 879 3091 936 Θεὸν.

2358 983 2379 1017 ι
2431 966 2490 1020 Ὀ
2522 967 2693 1036 φιλῶν
2724 967 2823 1040 τὴν
2867 968 3051 1039 ψυχὴν
3096 968 3297 1035 αὐτοῦ,
3350 971 3609 1025 ἀπολέσει
3664 973 3864 1045 αὑτήν

2283 1057 2379 1111 καὶ
2416 1060 2444 1111 6
2477 1059 2653 1127 μισῶν
2692 1060 2793 1131 τὴν
2827 1061 3009 1132 ψυχὴν
3040 1063 3211 1116 αὑτοῦ
3255 1064 3314 1117 ὲν
3342 1064 3423 1135 τῷ
3452 1065 3646 1136 κόσμῳ
3676 1066 3865 1137 τούτῳ,

2281 1150 2360 1210 είς
2395 1148 2540 1220 ζωὴν
2570 1148 2787 1202 αἰώνιον
2824 1151 3051 1220 φυλάξει
3076 1153 3269 1222 αὑτήν.
3309 1173 3329 1206 ι

2352 1236 2540 1292 Ταῦτα
2570 1236 2723 1293 εἶπεν
2746 1244 2775 1295 6
2804 1242 3030 1313 Κύριος,
3058 1246 3157 1314 οὐχ
3186 1244 3263 1307 ὡς
3290 1245 3390 1315 τῆς
3416 1245 3595 1317 ψυχῆς
3632 1248 3865 1305 ἐνταῦθά

2280 1344 2335 1382 τι
2365 1330 2721 1401 πασχούσης,
2756 1333 2891 1387 ἀλλά
2945 1336 3127 1406 ψυχῆς
3173 1336 3356 1404 φιλίαν
3396 1339 3553 1390 καλεῖ
3594 1341 3656 1393 τὸ
3695 1341 3865 1395 δοκεῖν

2280 1422 2450 1492 αὐτὴν
2498 1425 2769 1495 κατέχειν,
2816 1428 2909 1479 καὶ
2958 1428 3034 1499 μὴ
3092 1428 3294 1483 διδόναι
3354 1432 3433 1494 εἰς
3482 1434 3764 1499 κινδύνους
3808 1438 3866 1490 τὸ

2282 1515 2463 1585 σῶμα.
2506 1517 2745 1581 Ἐκεῖνος
2770 1512 2864 1572 οὗν
2884 1520 3034 1572 ἐστιν
3054 1522 3082 1573 6
3108 1520 3278 1589 φιλῶν
3309 1522 3410 1592 τὴν
3440 1524 3637 1578 ἑαυτοῦ
3667 1528 3865 1598 ψυχὴν,

2281 1606 2376 1659 καὶ
2421 1607 2708 1662 ἀπολλύων
2739 1610 2935 1681 αὐτὴν,
2965 1611 2995 1662 6
3038 1612 3138 1673 τὰς
3172 1611 3471 1682 ἐπιθυμίας
3499 1616 3673 1686 αὐτῆς
3701 1621 3867 1671 ποιῶν

594 1706 774 1748 autem
806 1694 921 1748 odit
953 1703 1009 1749 et
1054 1703 1239 1748 servat
1269 1708 1421 1763 eam,
1451 1704 1569 1762 est,
1600 1696 1692 1763 qni
1740 1694 1914 1749 eidem
1946 1694 2169 1749 absurda

2285 1698 2378 1761 τὰς
2423 1699 2682 1763 ἀτόπους.
2735 1699 2795 1754 ’0
2851 1701 2908 1755 δὲ
2939 1702 3115 1772 μισῶν
3159 1705 3254 1756 καὶ
3286 1704 3475 1767 σώζων
3501 1708 3696 1780 αὐτὴν,
3741 1711 3769 1763 6
3795 1711 3869 1783 μὴ

594 1786 924 1856 ρτίινοίρὶοιιιί
957 1786 1178 1840 minime
1211 1776 1414 1841 morem
1446 1785 1603 1855 gerit.

669 1896 830 1954 Vens.
867 1896 959 1951 28.
1002 1916 1021 1949 ι
1056 1896 1235 1962 Pater,
1267 1897 1505 1951 clariﬁca
1532 1912 1729 1952 nomen
1764 1906 1936 1951 tuum.
1976 1915 1996 1949 ι

662 1987 900 2042 Gloriam
932 1997 1115 2040 autem
1140 1994 1297 2040 vocat
1329 2000 1571 2051 crucem,
1602 2001 1700 2056 per
1731 2000 1897 2056 quam
1926 1987 2178 2046 homines

592 2090 971 2150 cognoverunt
998 2093 1189 2134 nomen
1229 2077 1427 2133 Patris.

671 2169 819 2225 Venit
849 2187 971 2240 ergo
1002 2185 1102 2224 vox
1126 2170 1190 2224 de
1214 2170 1362 2225 εωιο.
1400 2167 1688 2236 Quomodo
1716 2178 1901 2226 autem
1932 2185 2037 2225 vox
2062 2170 2179 2228 haec

590 2260 737 2315 facta
764 2261 855 2327 sit,
885 2271 1131 2314 nostrum
1162 2276 1270 2315 non
1302 2269 1388 2316 est
1414 2260 1597 2316 dicere
1632 2278 1647 2315 :
1684 2276 1791 2316 non
1820 2261 1987 2328 enim,
2021 2262 2175 2332 quasi

588 2368 788 2423 corpus
816 2352 1012 2407 habeat
1039 2350 1219 2417 Pater,
1252 2351 1467 2409 locutus
1495 2361 1603 2419 est,
1640 2362 1700 2408 ut
1730 2352 1897 2422 aliqui
1934 2354 2174 2410 haeretici

588 2454 835 2498 astruere
862 2444 1170 2500 voluerunt.

659 2534 998 2604 Conspicuus
1036 2536 1257 2608 quidem
1293 2553 1510 2609 semper
1552 2547 1668 2593 erat
1697 2537 1948 2594 Christus
1981 2539 2035 2594 in
2076 2540 2177 2595 mi-

586 2628 789 2683 raculis
825 2629 961 2693 suis,
1012 2641 1427 2698 cooperatoretn
1466 2629 1674 2684 habens
1707 2628 1949 2697 Patrem,
1994 2632 2086 2702 qui
2120 2644 2175 2689 et

585 2725 766 2778 denuo
795 2740 916 2778 eum
954 2724 1222 2796 gloriﬁcat
1265 2724 1435 2795 signis
1486 2725 1541 2780 in
1575 2734 1769 2781 morte.
1817 2726 1873 2781 In
1910 2739 2171 2796 quantum

583 2819 726 2872 enim
763 2817 924 2871 homo
951 2828 1054 2883 est,
1087 2832 1115 2869 a
1154 2816 1317 2871 Patre
1350 2819 1649 2872 suscitatus
1682 2818 1817 2886 fuit;
1851 2818 1976 2875 licet
2007 2823 2169 2876 etiam

583 2908 772 2975 Filius,
809 2909 862 2963 iu
911 2921 1173 2979 quantum
1216 2918 1301 2965 est
1349 2919 1542 2965 natura
1580 2909 1752 2976 Deus,
1815 2912 2170 2981 semetipsum

586 3003 896 3057 Suscitavit.

2281 1790 2605 1861 πειθόμενος
2635 1793 2774 1865 αὐτῇ
2815 1793 3180 1867 ὲπιταττούοῃ
3212 1798 3282 1848 τὰ
3309 1796 3509 1854 ἄτοπα.

2354 1923 2375 1957 t
2423 1906 2632 1978 Πάτερ,
2663 1907 2887 1974 δόξασόν
2925 1925 3019 1961 σου
3047 1909 3107 1963 τὸ
3138 1908 3332 1981 ὄνομα.
3377 1931 3396 1964 ι

2353 1994 2524 2061 Δόξαν
2557 1996 2615 2050 δὲ
2645 1999 2803 2052 καλεῖ
2841 2000 2932 2053 τὸν
2978 2000 3235 2071 σταυρὸν,
3278 2002 3347 2056 δι’
3380 1997 3442 2058 οὗ
3486 2005 3535 2058 oi
3585 2005 3869 2079 ἄνθρωποι

2278 2085 2523 2155 ἔγνωσαν
2550 2088 2611 2143 τὸ
2645 2090 2737 2144 τοῦ
2771 2092 2985 2164 Πατρὸς
3008 2093 3204 2165 ὄνομα.

2346 2172 2571 2232 Ἷιλθεν
2609 2174 2726 2234 οὖν
2767 2181 2940 2251 φωνὴ
2994 2184 3064 2236 ἐκ
3100 2182 3208 2237 τοῦ
3256 2186 3540 2254 οιίρανοῦ.
3581 2188 3709 2253 Πῶς
3740 2190 3799 2245 δὲ
3833 2194 3865 2263 ἡ

2278 2271 2429 2343 φωνὴ
2458 2271 2850 2347 διεσκευάσθη,
2882 2277 2981 2347 οὐχ
3009 2279 3041 2347 ἡ
3052 2276 3169 2347 μῶν
3210 2278 3361 2331 ἐστιν
3390 2279 3568 2333 είπεῖν
3588 2295 3604 2310 ⁶
3645 2283 3709 2334 οὐ
3758 2287 3867 2356 γὰρ

2279 2364 2438 2435 σῶμα
2459 2364 2598 2435 ἔχων
2625 2368 2655 2419 6
2682 2367 2877 2439 Πατὴρ
2908 2368 3192 2441 ἐλάλησεν,
3222 2369 3297 2434 ῶς
3320 2387 3465 2435 τινες
3494 2372 3867 2447 ἐπεχείρησαν

2276 2459 2453 2513 εἰπεῖν
2486 2460 2782 2530 αίρετικοί.

2344 2551 2718 2624 Περίδλεπτος
2745 2552 2844 2623 μὲν
2866 2547 2935 2625 ἦν
2958 2553 3047 2608 ἀεὶ
3075 2556 3104 2608 ὁ
3130 2554 3260 2619 Υἱὸς
3288 2556 3346 2608 ὲν
3375 2558 3490 2619 τοῖς
3511 2558 3861 2627 παραδόξοις,

2275 2645 2538 2717 συνεργὸν
2572 2645 2716 2716 ἔχων
2742 2645 2835 2699 τὸν
2866 2646 3108 2718 Πατέρα,
3154 2648 3255 2701 καὶ
3280 2647 3528 2713 εἰσαῦθις
3559 2651 3619 2703 δὲ
3652 2651 3855 2716 δοξάζει

2273 2737 2434 2791 αὑτὸν
2463 2736 2555 2792 διά
2578 2736 2674 2790 τοῦ
2708 2738 2802 2790 ἐπὶ
2840 2736 2918 2809 τῷ
2949 2738 3169 2809 Θανάτῳ
3198 2740 3449 2809 σημείου.
3500 2742 3585 2806 Ὦς
3629 2744 3743 2816 γὰρ
3769 2746 3855 2798 ἀν-

2272 2828 2514 2899 θρωπος,
2561 2830 2652 2883 διά
2684 2829 2779 2884 τοῦ
2822 2831 3040 2902 Πατρδς
3069 2832 3312 2905 ἠγέρθη·
3350 2834 3401 2886 εί
3441 2834 3535 2887 καὶ
3577 2835 3654 2899 ὡς
3698 2838 3859 2905 φύσει

2270 2924 2405 2987 Θεὸς
2433 2925 2461 2977 6
2484 2922 2613 2987 Υίὸς
2637 2922 2831 2978 ἑαυτὸν
2866 2924 3080 2995 ἦγειρε.

659 3098 820 3154 Vsus.
855 3098 945 3153 29.
989 3116 1007 3151 t
1051 3098 1232 3153 Turba
1263 3113 1413 3168 ergo,
1451 3115 1570 3171 quae
1597 3100 1780 3155 stabat
1806 3109 1862 3155 et
1894 3100 2163 3167 audierat,

2347 3118 2366 3151 ι
2414 3100 2473 3153 Ὀ
2507 3099 2601 3153 οὖν
2630 3100 2788 3171 δχλος
2819 3101 2848 3154 6
2880 3100 3051 3165 ἑστὼς
3085 3101 3183 3155 καὶ
3216 3101 3471 3167 ἀκούσας,
3500 3102 3644 3177 ἔλεγε
3674 3103 3845 3174 βρονο

579 3194 791 3248 dicehat
832 3195 1135 3247 tonitruum
1166 3208 1287 3248 esse
1315 3197 1539 3248 factum.
1577 3192 1684 3248 Alii
1727 3193 2024 3248 dicebant:
2059 3195 2168 3250 An-

580 3287 730 3357 gelus
759 3290 806 3341 ei
837 3287 1049 3341 locutus
1076 3295 1179 3342 est.
1223 3303 1242 3338 ι

651 3377 849 3431 Turba:
881 3379 1098 3449 quidem
1127 3393 1229 3433 vox
1255 3378 1344 3433 illa
1370 3387 1488 3434 erat
1518 3380 1774 3444 obscura,
1810 3376 1953 3434 forte
1982 3387 2165 3434 autem

581 3466 859 3536 discipulis
900 3484 995 3537 per
1037 3468 1315 3524 Christum
1370 3469 1627 3527 innotuit.
1669 3466 1928 3538 Oportuit
1982 3476 2164 3523 autem

579 3560 723 3616 scire
754 3560 989 3625 «Ιιιιιωυε,
1024 3561 1241 3617 Patrem
1286 3577 1351 3617 eo
1389 3578 1495 3632 quo
1528 3562 1643 3633 ipse
1677 3571 1862 3615 nosset
1892 3559 2053 3615 modo
2078 3577 2163 3613 re-

575 3653 891 3722 spondere:
927 3652 1179 3710 Christus
1225 3655 1370 3710 enim
1428 3669 1533 3707 non
1584 3654 1814 3723 petierat
1867 3652 2162 3708 tonitruum

574 3748 771 3802 emitti.

586 3916 593 3931 ,
647 3859 811 3917 Vens.
854 3860 943 3918 32.
996 3880 1016 3915 t
1062 3861 1130 3917 Et
1171 3874 1273 3930 ego
1310 3859 1355 3915 si
1386 3858 1655 3916 exaltatus
1689 3856 1843 3915 fuero
1893 3872 1923 3913 a
1980 3868 2157 3927 terra,

574 3953 757 4005 omnia
800 3952 1010 4005 traham
1040 3949 1106 4003 ad
1144 3949 1431 4018 nteipsum.
1467 3965 1489 4001 ι

650 4043 785 4096 Cum
817 4043 954 4097 dixit
980 4041 1178 4103 omnia,
1211 4041 1375 4095 etiam
1407 4038 1639 4111 gentiles
1668 4038 1992 4109 designavit.
2024 4037 2159 4095 Tra-

573 4133 652 4187 hit
678 4143 884 4198 autetn,
914 4142 1174 4204 tanquam
1197 4148 1228 4187 a
1265 4144 1496 4204 tyranno
1528 4131 1801 4194 detentos,
1835 4141 1891 4186 et
1922 4147 2029 4187 non
2064 4147 2159 4186 va-

573 4226 749 4282 lentes
786 4242 853 4282 ex
881 4227 1188 4296 semetipsis
1216 4225 1456 4298 eil‘ugere
1494 4243 1509 4281 :
1545 4227 1693 4296 quod
1741 4225 1871 4279 alibi
1908 4227 2155 4296 rapinam

569 4316 825 4385 appellat.
842 4313 1013 4371 Nemo
1048 4316 1134 4371 hic
1160 4314 1414 4383 subjiciat
1438 4333 1452 4368 :
1479 4315 1761 4380 Quomodo
1777 4328 1905 4383 ergo
1927 4323 1980 4367 te
1994 4329 2156 4382 supe-

2269 3190 2368 3261 τὴν
2398 3192 2704 3260 γεγονέναι.
2743 3190 2929 3247 Ἀλλοι
2976 3192 3195 3261 ἔλεγον*
3245 3194 3504 3264 Ἀγγελος
3551 3194 3704 3266 αὐτῷ
3746 3195 3857 3251 λε-

2268 3279 2524 3351 λάληκεν.
2560 3299 2580 3334 t

2341 3374 2433 3444 Τῷ
2470 3373 2569 3444 μὲν
2605 3371 2799 3443 πλήθει
2841 3371 3056 3445 ἄσημος
3086 3375 3119 3445 ἡ
3150 3372 3325 3445 φωνὴ,
3375 3375 3507 3439 ἴσως
3534 3373 3591 3427 δὲ
3613 3376 3699 3429 ὅτι
3744 3379 3867 3442 τοῖς

2270 3467 2541 3537 μαθηταῖς
2568 3466 2658 3520 διὰ
2685 3464 2781 3519 τοῦ
2821 3466 3062 3536 Χριστοῦ
3114 3467 3447 3538 ἐγνωρίσθη.
3482 3467 3628 3523 Ἔδει
3662 3468 3870 3539 νοῆσαι

2265 3562 2392 3623 τοὺς
2438 3559 2747 3625 Ἰουδαίους,
2784 3561 2864 3613 δτι
2898 3562 2927 3613 6
2955 3559 3143 3631 Πατὴρ
3173 3555 3262 3632 ἦν,
3293 3565 3322 3614 6
3354 3560 3871 3631 ἀντιφθεγξάμενος

2265 3650 2389 3703 καθ’
2419 3651 2477 3704 ὃν
2500 3649 2609 3705 οἶδε
2632 3651 2834 3722 τρόπον
2850 3667 2864 3682 ⁸
2887 3651 2948 3704 οὐ
2969 3650 3077 3724 γὰρ
3106 3652 3333 3725 βροντὴν
3356 3653 3560 3725 ᾔτησεν
3586 3655 3637 3707 6‘
3650 3652 3872 3725 Ἰησοῦς

2264 3741 2542 3811 γενέσθαι.

2340 3876 2359 3908 ι
2402 3855 2575 3925 Κάγὼ
2602 3856 2698 3911 ἐὰν
2728 3856 2929 3928 ὑψωθῶ
2963 3860 3027 3912 ὲκ
3056 3857 3158 3931 τῆς
3198 3856 3327 3927 γῆς,
3382 3856 3592 3920 πάντας
3638 3855 3873 3911 ἑλκύσω

2263 3948 2404 4020 πρὸς
2442 3950 2700 4019 ἐμαυτόν.
2741 3970 2761 4001 ο

2334 4040 2523 4094 Εἰπὼν
2573 4041 2843 4107 Πάντας,
2896 4040 2990 4094 καὶ
3041 4040 3170 4104 τοὺς
3223 4038 3284 4105 ἐξ
3333 4038 3504 4093 ἐθνῶν
3564 4042 3871 4111 σημαίνει.

2265 4132 2453 4186 Ἐλκει
2499 4133 2557 4187 δὲ
2599 4132 2676 4197 ὡς
2726 4132 2831 4186 ὑπὸ
2863 4134 3128 4203 τυράννου
3180 4131 3607 4203 κατεχομένους,
3657 4134 3761 4186 καὶ
3804 4134 3869 4187 ού

2259 4225 2592 4297 δυναμένους
2624 4226 2717 4295 ἀφ’
2750 4225 2961 4280 ἑαυτῶν
2991 4228 3206 4295 φυγεῖν,
3255 4226 3393 4296 ὅπερ
3426 4222 3669 4294 ἀλλαχοῦ
3701 4226 3873 4279 καλεῖ

2258 4319 2536 4391 ἁρπαγήν.
2582 4318 2693 4371 Καὶ
2739 4317 2815 4388 μὴ
2851 4317 3057 4386 λεγέτω
3093 4334 3208 4381 τις·
3252 4316 3375 4381 Πῶς
3406 4318 3500 4372 καὶ
3537 4318 3632 4371 σοῦ
3694 4335 3868 4387 περι-

569 4409 746 4463 ravit?
774 4407 890 4463 Non
916 4411 1059 4464 enim
1092 4422 1316 4477 resurgo
1343 4407 1543 4471 solum,
1568 4407 1663 4461 sed
1698 4415 1753 4460 et
1779 4418 1970 4459 ontnes
2002 4405 2156 4460 traho

2290 4411 2478 4480 γένετο
2500 4427 2516 4478 ;
2541 4410 2618 4464 υύ
2635 4410 2742 4481 γάρ
2768 4409 2927 4482 μόνον
2951 4411 3031 4463 ὅτι
3062 4410 3384 4480 ἀνίσταμαι,
3414 4409 3552 4463 ἀλλά
3580 4410 3685 4462 καὶ
3717 4411 3865 4464 πάν-

568 4509 627 4551 ttt
654 4499 705 4551 in
731 4512 816 4554 me
842 4500 1087 4565 credant,
1113 4496 1373 4568 quoniam
1404 4496 1549 4549 Deus
1577 4509 1720 4561 sum,
1744 4501 1802 4548 et
1831 4509 1941 4549 non
1971 4509 2153 4551 merus

2292 4521 2353 4566 ας
2389 4502 2558 4573 ἕλκω,
2598 4503 2680 4567 εις
2697 4502 2762 4554 τὸ
2802 4501 3091 4557 πιστεῦσαι
3131 4503 3213 4565 είς
3239 4501 3372 4573 ἐμὲ,
3415 4502 3499 4555 ὅτι
3533 4500 3673 4565 Θεός
3708 4505 3861 4574 εἰμι,

569 4591 754 4646 Ituttto.

639 4701 803 4756 Vens.
837 4703 927 4757 35.
966 4718 987 4751 ι
1035 4699 1182 4768 (Hoc
1210 4706 1392 4752 autem
1423 4696 1671 4764 dicebat,
1700 4697 2016 4767 signiﬁcans
2041 4713 2149 4769 qua

569 4804 743 4849 morte
768 4802 910 4848 esset
943 4790 1306 4858 moriturus.)
1345 4806 1365 4841 ι

635 4883 939 4941 Ostendens
973 4881 1147 4947 ipsum
1176 4891 1366 4948 sponte
1399 4895 1649 4951 passum,
1679 4891 1736 4936 et
1762 4882 1987 4937 sciviase
2032 4896 2138 4935 non

567 4978 742 5031 solum
793 4982 1056 5038 mortem,
1085 4974 1177 5029 sed
1221 4975 1384 5027 etiam
1438 4973 1657 5028 modum
1721 4975 1867 5043 ejus,
1911 4988 2150 5042 evange-

565 5069 686 5123 lista
718 5080 840 5120 eam
878 5080 1096 5121 crucem
1126 5066 1448 5121 nominavit.

643 5178 797 5233 Vsus.
827 5178 916 5235 34.
958 5198 977 5230 ι
1007 5178 1115 5236 Nos
1144 5179 1452 5235 audivimus
1476 5194 1542 5233 ex
1570 5178 1710 5250 lege,
1741 5179 1866 5248 quia
1891 5177 2145 5233 Christus

565 5279 747 5323 manet
784 5271 835 5325 in
871 5284 1154 5328 aeternum.
1199 5293 1219 5326 ι

637 5361 962 5430 lgnorahant
999 5363 1167 5420 ιιιάςοί
1198 5364 1477 5421 Christum
1517 5372 1774 5433 tanquam
1807 5378 1962 5418 ovem
1997 5363 2145 5418 occi-

564 5451 837 5523 dendum;
870 5466 989 5526 post
1014 5456 1471 5511 resurrectionem
1504 5471 1633 5512 vero
1658 5469 1879 5510 manere
1902 5454 1956 5508 in
1986 5465 2145 5510 teter-

563 5559 712 5611 nttm,
747 5561 853 5600 non
882 5547 1115 5619 amplius
1150 5549 1498 5602 moriturum.

619 5727 650 5767 ἰ
673 5719 763 5775 Ct‘.
795 5722 910 5775 ἐὰν.
992 5731 1010 5758 τ
1041 5721 1133 5776 Cr.
1162 5721 1276 5777 sine
1306 5721 1419 5775 καί.

1500 5733 1520 5760 ⁸
1553 5722 1645 5776 Cr.
1679 5722 1876 5792 τούτῳ.
1958 5724 1971 5759 ί
2011 5720 2106 5777 Cr.
2142 5721 2465 5793 ἀνίσταμαι.

2257 4592 2317 4645 οὐ
2350 4590 2505 4661 ψιλὸς
2536 4590 2633 4645 ἀνθ
2641 4608 2844 4664 ρωπος.

2332 4720 2352 4753 t
2394 4699 2601 4768 (Τοῦτο
2623 4700 2679 4754 δὲ
2704 4700 2882 4770 ἔλεγε,
2908 4700 3192 4772 σημαίνων
3215 4700 3355 4772 ποίῳ
3383 4699 3599 4771 θανάτῳ
3616 4700 3870 4772 ἔμελλεν

2254 4792 2676 4863 ἀποθνήσκειν.)
2715 4812 2737 4845 ι

2330 4886 2574 4952 Ἔδειξεν
2606 4887 2690 4939 ὅτι
2723 4883 2867 4939 ἑκὼν
2896 4883 3067 4938 ἔπαθε
3088 4922 3103 4947 ,
3147 4882 3243 4938 καὶ
3270 4880 3430 4946 εἰδὼς
3469 4881 3551 4934 ὅτι
3573 4881 3637 4934 οὐ
3686 4881 3872 4951 μόνον

2252 4978 2622 5048 ἀποθνήσκει,
2649 4975 2788 5031 ἀλλά
2829 4976 2924 5031 καὶ
2963 4975 3102 5045 ποίῳ
3132 4974 3320 5045 τρόπῳ
3339 5014 3354 5040 ,
3387 4976 3415 5027 6
3441 4972 3874 5043 εὐαγγελιστὴς

2248 5070 2343 5124 τὸν
2379 5070 2616 5142 σταυρὸν
2645 5069 2899 5138 ὠνόμασε
2924 5067 3179 5122 θάνατον.

2329 5200 2350 5233 ι
2402 5182 2596 5252 Ἡμεῖς
2629 5181 2946 5251 ἠκούσαμεν
2978 5181 3040 5233 ὲκ
3070 5179 3167 5233 τοῦ
3198 5179 3365 5250 νόμου
3386 5221 3401 5246 ,
3428 5178 3509 5232 ὅτι
3546 5180 3576 5232 6
3601 5179 3878 5249 Χριστὸς

2252 5274 2403 5346 μένει
2434 5278 2513 5337 εἰς
2544 5274 2637 5325 τὸν
2666 5273 2859 5327 αἰῶνα.
2899 5292 2919 5326 ι

2333 5364 2646 5433 Ἀγνοοῦσιν
2688 5365 2934 5419 Ἰουδαῖοι
2963 5365 3043 5418 ὃτι
3070 5363 3308 5435 Χριστὸς
3328 5362 3406 5427 ὡς
3438 5364 3538 5433 μὲν
3563 5362 3879 5434 πρόϐατον

2251 5457 2639 5525 σφαγιάσεται,
2666 5457 2907 5521 ἀναστὰς
2929 5456 3165 5527 δὲμὲνει
3194 5458 3272 5519 είς
3294 5455 3385 5509 τὸν
3410 5454 3606 5517 αἰῶνα,
3630 5454 3879 5527 «μηκέτι

2250 5546 2634 5616 ἀποθνήσκων.

2544 5736 2567 5762 υ
2599 5724 2690 5780 Cr.
2731 5725 2849 5780 sine
2896 5725 3220 5797 ἑγερούμαι.
