4072 6406
317 324 447 387 1477

1358 314 1821 376 FRAGMENTA
1870 315 1945 373 IN
1992 316 2052 376 S.
2093 315 2471 377 JOANNEM.

3441 315 3577 385 ll‘lS

396 453 413 485 ι
469 428 824 504 Περιπατείτε
860 426 962 486 ἓως
988 423 1049 476 τὸ
1097 421 1214 493 φῶς
1243 421 1396 494 ἔχετε
1418 461 1434 486 ,
1483 422 1569 476 ἵνα
1598 420 1679 493 μὴ
1708 419 1890 475 σκοτία

2078 423 2243 477 νειιει
2280 424 2370 478 55.
2429 444 2449 476 ι
2491 422 2780 479 Ambulate
2835 423 2956 480 dum
3004 425 3181 482 lucem
3229 427 3469 497 habetis,
3519 440 3581 485 ut

321 526 468 596 ὑμᾶς
498 518 806 590 καταλάϐῃ.
846 535 866 569 ι
1142 542 1194 596 ν⁴

386 617 506 677 Φῶς
536 613 695 666 καλεῖ
742 610 842 680 τὴν
875 604 1239 677 εὐαγγελικὴν
1276 602 1640 669 διδασκαλίαν,
1704 601 1894 665 σκότος

318 710 374 762 δὲ
398 706 496 777 τὴν
525 705 773 771 ἄγνοιαν,
805 701 836 771 ἢ
864 700 961 771 τὴν
980 699 1088 751 τῶν
1111 696 1326 753 ἀσεϐῶν
1351 696 1698 764 κατάκρισιν.
1722 693 1895 756 Αὐτός

317 799 435 850 ἐστι
457 794 517 847 τὸ
540 792 677 863 φῶς.
708 790 914 861 Χρόνον
939 789 994 841 δὲ
1016 789 1162 855 λέγει
1182 786 1387 840 καὶτὸν
1411 786 1518 857 πρὸ
1565 783 1660 839 τοῦ
1690 784 1893 847 πάθους

317 886 528 953 καιρὸν,
561 885 656 937 καὶ
704 884 885 935 πᾶσαν
914 880 1012 951 τὴν
1041 879 1137 933 νῦν
1169 878 1335 950 ζωὴν,
1363 879 1452 932 διὰ
1482 875 1893 948 φιλανθρωπίαν

318 976 759 1048 προτρεπόμενος
795 975 994 1035 αὐτοὺς
1019 974 1099 1035 είς
1134 971 1338 1027 πίστιν.

388 1070 449 1121 Οἱ
490 1070 547 1121 ὲν
577 1065 656 1136 τῷ
688 1066 827 1134 φωτὶ
867 1060 1297 1134 περιπατοῦντες
1323 1098 1338 1124 ,
1372 1059 1480 1113 υίοὶ
1509 1057 1687 1128 φωτὸς
1715 1056 1894 1127 γίνον-

316 1176 428 1223 ται,
459 1159 534 1220 ώς
575 1157 670 1210 καὶ
707 1156 820 1210 ἀνω
848 1156 997 1218 υἱοὺς
1024 1153 1158 1206 Θεοῦ
1186 1149 1308 1205 εἷπε
1338 1150 1466 1213 τοὺς
1494 1147 1719 1209 πιστούς
1745 1163 1760 1180 °
1792 1148 1892 1218 μία

317 1251 426 1321 γὰρ
465 1248 720 1318 ἐνέργεια
754 1246 971 1317 Πατρδς
997 1245 1091 1299 καὶ
1129 1242 1286 1297 Υίοῦ.
1324 1241 1476 1302 Ὀδὸς
1505 1240 1564 1294 δὲ
1594 1238 1888 1310 σωτηρίας,

317 1344 350 1411 ἡ
379 1342 459 1403 είς
506 1338 740 1410 Χριστὸν
785 1338 998 1402 πίστις,
1029 1337 1152 1406 ἥτις
1183 1336 1330 1387 ποιεί
1368 1332 1518 1395 υἱοὺς
1564 1331 1762 1400 φωτὸς,
1796 1330 1893 1383 καὶ

315 1430 410 1484 τοῦ
440 1431 653 1501 Πατρός
674 1446 687 1460 ο
721 1431 836 1499 φῶς
866 1430 975 1500 γὰρ
1015 1430 1043 1483 6
1073 1428 1202 1491 Υίὸς
1229 1426 1323 1479 καὶ
1353 1427 1382 1479 6
1410 1424 1621 1496 Πατὴρ,
1655 1423 1729 1487 ὡς
1761 1423 1892 1493 μιᾶς

318 1540 553 1594 φύσεως.

392 1633 412 1666 ι
457 1614 554 1667 Διά
594 1611 754 1667 τοῦτο
802 1612 906 1666 οὐκ
954 1610 1220 1682 ἠδύναντο
1263 1608 1565 1673 πιστεύειν,
1618 1607 1700 1661 ὅτι
1729 1605 1891 1661 πάλιν

269 1734 280 1745 -
316 1701 469 1758 εἶπεν
508 1706 734 1768 Ἡσαΐας
760 1742 774 1756 .
808 1723 828 1755 ι

2004 528 2109 568 non
2142 529 2238 570 vos
2262 516 2498 571 tenebrae
2526 516 3008 586 comprehendam.
3048 537 3066 570 ι

2074 607 2277 663 Lucem
2323 616 2481 662 vocat
2512 607 2876 675 evangelicatn
2931 609 3270 677 doctrinam,
3323 612 3575 668 tenebras

2003 706 2187 753 autem
2219 698 2605 768 ignorantiam,
2626 698 2708 753 vel
2731 698 3017 768 impiorum
3047 700 3573 758 condemnationem.

2000 789 2120 856 Ipse
2150 788 2402 845 Christus
2429 789 2518 844 lux
2547 800 2652 845 est.
2685 789 2923 862 Tempus
2952 806 3082 846 vero
3115 793 3248 847 dicit
3273 793 3402 846 illud
3432 797 3573 862 quod

2001 879 2256 948 praecedit
2285 881 2612 949 passim-ein,
2643 891 2807 952 atque
2846 881 3013 937 etiam
3049 881 3215 938 latius
3243 884 3367 938 vitae
3391 883 3579 953 hujus.

2002 971 2315 1026 humaniter
2346 971 2465 1027 illos
2496 974 2562 1027 ad
2592 972 2751 1027 (idem
2779 973 3039 1029 invitans.

2071 1059 2170 1125 Qui
2205 1061 2258 1114 in
2292 1059 2412 1115 luce
2450 1063 2751 1128 ambulant,
2800 1063 2893 1116 lilii
2932 1063 3071 1118 lucis
3111 1062 3284 1128 ﬁunt;
3312 1065 3577 1132 quemad-

2003 1152 2224 1207 modum
2254 1153 2419 1207 etiam
2458 1153 2709 1221 superius
2755 1154 2971 1221 ﬁdeles,
3006 1153 3099 1210 Dei
3131 1156 3272 1210 lilios
3312 1155 3527 1212 vocavit
3560 1174 3573 1208 :

2000 1259 2106 1297 una
2136 1244 2400 1314 siquidem
2428 1245 2725 1315 eademque
2743 1247 2989 1316 operatio
3014 1255 3099 1303 est
3126 1245 3306 1303 Patris
3333 1263 3399 1302 ac
3423 1245 3571 1302 Filii.

2001 1332 2095 1389 Via
2129 1351 2257 1397 vero
2287 1336 2517 1398 salutis,
2566 1346 2651 1392 est
2696 1339 2749 1391 in
2782 1336 3060 1393 Christum
3094 1338 3248 1403 tides,
3278 1352 3399 1407 qua:
3435 1337 3575 1392 lucis

1998 1438 2064 1478 ac
2091 1424 2268 1480 Patris
2300 1424 2439 1479 ﬁlios
2453 1422 2652 1481 elIicit:
2681 1426 2769 1480 lux
2800 1427 2946 1483 enim
2968 1436 3095 1484 sunt
3114 1425 3285 1484 Filius
3309 1437 3364 1483 et
3388 1426 3573 1495 Pater,

2000 1524 2185 1585 utpote
2221 1517 2378 1570 unius
2412 1524 2637 1572 naturae.

2069 1607 2235 1663 Vens.
2267 1607 2362 1665 59.
2395 1625 2415 1659 ι
2449 1606 2744 1677 Pr0pterea
2771 1620 2874 1662 non
2898 1616 3149 1675 poterant
3175 1608 3420 1675 credere,
3444 1610 3571 1680 quia

1998 1698 2196 1754 iterum
2233 1700 2368 1754 dixit
2391 1699 2581 1755 Isaias.
2618 1719 2639 1754 ›

389 1798 502 1850 Οὐκ
532 1797 641 1850 ἀπὸ
671 1797 770 1866 τῆς
797 1795 1158 1867 προρρήσεως
1197 1791 1421 1846 Ἦσαῖου
1449 1789 1781 1858 ἐϐιάσθησαν
1811 1787 1890 1849 είς

2068 1790 2419 1862 Nequaquam
2470 1801 2691 1863 propter
2736 1793 2891 1850 Isaiae
2941 1794 3346 1866 praedictionem
3395 1794 3571 1851 coacti

315 1890 378 1942 τὸ
405 1889 479 1960 μὴ
507 1889 814 1958 πεισθῆναι,
837 1889 953 1942 ἀλλ’
976 1889 1056 1941 ὃτι
1077 1887 1370 1957 δύστροποι
1393 1879 1537 1955 ἦσαν
1559 1881 1885 1952 ἠπείθησαν.

327 1981 657 2049 Ἐφόνευσαν
700 1981 748 2033 οἱ
790 1978 1033 2032 Ἰουδαῖοι
1064 1978 1155 2031 τὸν
1200 1976 1407 2042 Κύριον
1432 1973 1520 2028 διὰ
1546 1973 1755 2027 οἰκείαν
1793 1989 1892 2026 κα-

314 2072 555 2137 κόνοιαν,
586 2064 699 2139 οὐχ
743 2070 829 2123 ἴνα
867 2068 1201 2140 πληρώσωσι
1244 2068 1345 2131 τὰς
1390 2063 1763 2138 προφητείας,
1806 2064 1889 2118 ὅτι

312 2164 595 2226 δυσσεϐεῖς
631 2158 793 2235 ἦσαν.

388 2275 408 2308 ι
443 2256 804 2324 Τετύφλωκεν
830 2253 1010 2309 αὐτῶν
1035 2253 1165 2318 τοὺς
1199 2251 1535 2323 ὀφθαλμοὺς,
1567 2251 1663 2305 καὶ
1703 2247 1890 2304 πεπώ-

318 2365 490 2421 ρωκεν
532 2347 714 2400 αὐτῶν
740 2347 839 2417 τὴν
863 2345 1112 2416 καρδίαν,
1143 2344 1231 2397 ἵνα
1262 2344 1340 2413 μὴ
1370 2342 1522 2395 ίδωσι
1553 2344 1662 2405 τοῖς
1690 2340 1891 2410 ὀφθαλ-

317 2441 459 2510 μοῖς,
488 2438 585 2491 καὶ
610 2438 846 2507 νοήσωσι
873 2438 941 2507 τῇ
986 2434 1207 2506 καρδίᾳ,
1236 2433 1333 2487 καὶ
1364 2431 1763 2504 ὲπιστραφῶσι,
1794 2429 1889 2485 καὶ

314 2529 555 2598 ίὰσωμαι
579 2526 796 2590 αὐτούς.
841 2545 860 2578 ο

381 2622 496 2691 Ούχ
535 2619 563 2671 6
601 2618 735 2681 Θεὸς
770 2615 1068 2690 ἐπώρωσεν
1098 2614 1331 2682 αὐτοὺς,
1369 2614 1505 2670 ἀλλά
1543 2611 1889 2686 συνεχώρησε

309 2716 487 2767 ποιεῖν
526 2713 563 2767 ἃ
585 2713 774 2783 ἤθελον
800 2726 816 2743 ο
855 2712 1015 2781 Εσχον
1037 2710 1094 2763 δὲ
1119 2711 1220 2780 τὴν
1250 2708 1508 2779 πώρωσιν
1541 2708 1606 2760 ὲκ
1634 2707 1731 2776 τῆς
1762 2707 1892 2760 ἀπι-

312 2804 488 2866 στίας.
546 2801 836 2855 ’Δδύνατον
879 2800 937 2852 δὲ
975 2795 1044 2869 ἦν
1089 2798 1163 2868 μὴ
1210 2797 1564 2865 ὲκϐῆναιτὴν
1609 2795 1705 2848 τοῦ
1752 2795 1888 2848 Θεοῦ

313 2893 646 2964 πρόγνωσιν,
702 2890 1121 2962 προϐλέπουσαν
1171 2888 1268 2960 τὴν
1317 2886 1599 2951 ἀπιστίαν,
1647 2888 1749 2940 ούκ
1797 2888 1891 2940 ἀν-

310 2984 688 3053 αγκάζουσαν.
743 2983 808 3034 Οί
852 2980 946 3034 οὖν
989 2980 1065 3051 μὴ
1106 2979 1399 3049 δυνάμενοι
1458 2978 1762 3042 πιστεύειν,
1827 2978 1888 3030 ού

310 3075 474 3145 φύσιν
515 3073 732 3142 ἔχουσιν
776 3072 1260 3143 ἀντιπράττουσαν
1292 3070 1371 3140 τῷ
1405 3070 1706 3130 πιστεύειν,
1752 3069 1889 3123 ἀλλὰ

310 3166 636 3237 προαίρεσιν
666 3165 878 3234 κακήν*
915 3163 997 3215 διὸ
1035 3164 1064 3215 6
1093 3160 1342 3223 διάϐολος
1381 3161 1622 3224 σκοτίζει
1670 3161 1888 3223 αὐτοὺς,

310 3261 409 3312 καὶ
471 3258 534 3310 ού
591 3256 791 3310 κωλύει
834 3257 863 3308 6
920 3254 1074 3317 Θεύς.
1127 3253 1201 3305 Τὸ
1252 3254 1375 3307 Ἵνα
1419 3251 1516 3303 οὑκ
1564 3250 1893 3318 αἰτιολογίας

311 3350 481 3416 ἐστὶν,
520 3347 636 3402 ἀλλ’
684 3347 993 3409 ἐκϐάσεως.
1043 3345 1120 3398 Ού
1162 3343 1272 3415 γὰρ
1320 3341 1508 3410 ἐπειδὴ
1559 3338 1733 3409 εἶπεν,
1792 3343 1894 3396 οὐκ

312 3441 640 3493 ἐπίστευσαν
661 3455 674 3469 ·
715 3438 830 3491 ἀλλ’
859 3439 943 3490 ὅτι
974 3437 1077 3489 οὐκ
1112 3435 1336 3506 ἔμελλον
1369 3433 1691 3500 πιστεύειν,.
1717 3428 1838 3486 εἷπε
1858 3456 1890 3484 ι.

314 3533 377 3587 Εἰ
412 3533 468 3585 δὲ
497 3532 597 3584 οὐκ
637 3526 792 3583 εἶπεν
828 3527 999 3591 οὕτως
1029 3530 1057 3582 6
1079 3527 1491 3596 εύαγγελιστὴς,
1524 3525 1638 3579 ἀλλ’
1664 3526 1772 3579 ἀπὸ
1795 3525 1893 3593 τῆς

313 3623 656 3695 προφητείας
701 3621 804 3692 τὴν
843 3618 1101 3674 ἀπιστίαν
1146 3614 1285 3686 εἶναι
1343 3619 1529 3686 λέγει,
1559 3618 1621 3671 τὸ
1665 3617 1894 3687 ἀψευδὲς

315 3715 485 3771 θέλων
533 3713 706 3780 δείξαι
753 3713 852 3783 τῆς
902 3711 1181 3774 ἐκϐάσεως
1232 3711 1331 3780 τῆς
1378 3709 1717 3782 προφητείας
1772 3704 1894 3762 εἷπε

312 3805 491 3859 τοῦτο.
523 3805 624 3858 Διά
647 3802 806 3858 τοῦτο
834 3803 890 3856 δὲ
922 3802 1280 3872 προλέγουσιν
1307 3803 1356 3855 οί
1384 3802 1694 3872 προφῆται,
1727 3802 1813 3855 ἵνα
1844 3803 1893 3855 οἱ

313 3898 574 3967 νήφοντες
628 3897 890 3964 φεύγουσι
928 3892 1054 3956 τοὺς
1097 3892 1437 3956 διαϐολικοὺς
1488 3893 1736 3964 βόθρους.
1782 3893 1894 3947 Καὶ

314 3986 424 4056 γὰρ
442 3985 522 4050 τὸ,
550 3987 671 4038 Οὐκ
691 3984 1013 4052 ἠδύναντο,
1041 3985 1218 4036 κεῖται
1241 3983 1364 4036 ἀντὶ
1381 3981 1633 4048 τοῦ,οὺκ
1649 3981 1892 4050 ἤθελον.

315 4078 425 4131 Καὶ
480 4077 588 4146 γὰρ
638 4076 733 4128 καὶ
778 4075 836 4127 ὲν
890 4074 1070 4137 ἄλλοις
1128 4072 1359 4145 δύναμιν
1408 4073 1508 4144 τὴν
1566 4074 1891 4145 προαίρεσιν

313 4168 567 4236 νοοῦμεν.

398 4257 716 4326 Ἀμμωνίου
745 4256 841 4309 καὶ
874 4255 1176 4311 Ἰωάννου.
1220 4257 1333 4328 Οὐχ
1362 4259 1389 4311 6
1415 4256 1550 4320 Θεὸς
1594 4256 1893 4328 ἐπώρωσεν

309 4349 483 4401 αὐτῶν
504 4348 603 4418 τὴν
629 4348 857 4419 καρδίαν
879 4344 934 4419 (ἦ
961 4349 1069 4420 γὰρ
1092 4349 1157 4401 ἀν
1183 4347 1282 4401 οὐκ
1302 4348 1369 4401 ἂν
1389 4347 1667 4420 ἀπῄτησεν
1696 4349 1893 4411 αὐτοὺς

1995 1887 2123 1935 sunt
2154 1895 2258 1933 non
2291 1882 2549 1947 credere;
2582 1883 2676 1937 sed
2707 1883 2837 1951 quia
2882 1883 3119 1955 improbi
3149 1893 3338 1950 erant,
3369 1886 3576 1940 idcirco

1996 1983 2102 2024 non
2146 1971 2462 2025 credebant.
2506 1969 2731 2042 Propria
2776 1988 2875 2029 sua
2930 1975 3136 2030 malitia
3187 1974 3357 2032 Judaei
3392 1975 3577 2031 Domi-

1993 2075 2121 2115 num
2148 2060 2491 2126 occiderunt,
2521 2076 2628 2116 non
2662 2071 2721 2117 ut
2749 2062 3039 2134 implerent
3072 2065 3406 2136 prophetiae,
3441 2080 3575 2136 quo-

1993 2151 2141 2204 niam
2171 2150 2319 2221 impii
2353 2160 2531 2207 erant.

2061 2239 2229 2298 Vens.
2294 2243 2388 2302 40.
2439 2261 2459 2294 ι
2507 2244 2820 2302 Excaecavit
2867 2245 3059 2303 oculos
3106 2260 3335 2315 eorum,
3385 2256 3440 2304 et
3490 2248 3576 2304 in-

1992 2333 2206 2390 duravit
2251 2348 2347 2390 cor
2387 2349 2574 2391 eorum
2608 2353 2625 2391 :
2655 2346 2712 2391 ut
2744 2353 2851 2393 non
2884 2339 3106 2394 videant
3133 2341 3330 2409 oculis,
3366 2348 3421 2396 et
3465 2355 3571 2395 non

1994 2424 2295 2496 intelligant
2342 2429 2542 2495 corde,
2571 2436 2629 2484 et
2656 2438 3065 2499 convertantur,
3094 2442 3151 2488 et
3177 2446 3363 2488 sanem
3394 2446 3508 2488 eos.
3548 2452 3568 2486 ι

2060 2615 2248 2687 Neque
2290 2617 2433 2673 Deus
2479 2632 2573 2672 cos
2617 2617 2924 2684 induravit,
2958 2618 3053 2674 sed
3090 2619 3341 2689 permisit
3389 2619 3572 2675 facere

1992 2725 2114 2777 qua:
2143 2707 2375 2775 vellent;
2408 2709 2646 2763 indurati
2683 2719 2864 2764 autem
2892 2718 3021 2764 sunt
3051 2711 3428 2765 incredulitate
3454 2726 3571 2768 sua.

1991 2800 2135 2855 Fieri
2180 2815 2342 2869 porro
2390 2801 2682 2870 nequibat,
2729 2810 2787 2855 ut
2827 2816 2934 2856 non
2963 2801 3259 2856 evaderent
3288 2800 3573 2863 inﬁdeles,

1991 2907 2129 2962 quos
2160 2891 2251 2945 Dei
2283 2893 2632 2962 prmangnitio
2658 2893 3001 2961 praeviderat,
3029 2892 3152 2948 licet
3183 2908 3286 2947 non
3316 2903 3573 2961 coegerat

1992 2983 2057 3038 ad
2083 2999 2188 3039 non
2219 2985 2568 3039 credendum.
2592 2982 2694 3050 Qui
2728 2984 2908 3053 itaque
2935 2999 3040 3038 non
3073 2994 3297 3053 possunt
3321 2986 3567 3047 credere,

1992 3090 2099 3129 non
2128 3084 2374 3128 naturam
2426 3074 2623 3127 habent
2668 3073 2792 3126 ﬁdei
2839 3084 3264 3143 repugnantem,
3312 3074 3408 3129 sed
3449 3088 3575 3143 per-

1995 3180 2204 3221 versam
2235 3166 2565 3220 voluntatem
2622 3181 2637 3218 :
2680 3176 3011 3234 quapropter
3067 3166 3316 3221 diabolus
3345 3179 3440 3221 eos
3469 3180 3564 3219 ex-

1994 3267 2179 3322 caecat,
2218 3255 2328 3311 Deo
2355 3271 2460 3311 non
2496 3256 2843 3324 impediente.
2876 3254 2988 3310 Vox
3020 3254 3087 3309 Ut
3121 3271 3226 3310 non
3257 3271 3437 3311 causa:
3464 3266 3567 3321 est,

1994 3347 2086 3401 sed
2116 3353 2359 3400 eventus.
2404 3344 2591 3413 Neque
2633 3346 2777 3400 enim
2810 3346 2938 3416 quia
2980 3348 3135 3413 dixit,
3175 3361 3278 3402 non
3326 3347 3573 3403 credide-

1998 3450 2150 3506 runt;
2186 3439 2279 3494 sed
2327 3440 2456 3508 quia
2492 3454 2598 3493 non
2633 3449 2791 3494 erant
2829 3439 3112 3505 credituri,
3147 3441 3267 3495 ideo
3317 3442 3475 3495 dixit.
3513 3439 3570 3495 Si

1995 3541 2174 3585 autem
2201 3546 2304 3585 non
2332 3531 2404 3585 ita
2427 3530 2622 3584 dixerit
2643 3529 2996 3599 evangelista,
3021 3531 3114 3585 sed
3140 3530 3571 3587 incredulitatem

1997 3638 2027 3677 a
2070 3621 2348 3691 pr0phetia
2400 3622 2678 3677 exstitisse
2734 3632 2981 3688 asserat;
3020 3622 3146 3677 hinc
3196 3622 3313 3677 vult
3342 3634 3573 3679 eventus

1995 3710 2297 3779 pr0pltetize
2330 3713 2612 3765 veritatem
2657 3726 2722 3767 ac
2763 3712 3146 3767 certitudinem
3172 3712 3568 3772 demonstrare.

1995 3797 2206 3853 idcirco
2232 3808 2412 3854 autem
2438 3798 2618 3854 futura
2642 3800 2938 3868 praedicunt
2965 3803 3258 3870 prophetae,
3283 3812 3342 3855 ut
3364 3804 3568 3869 scopuli

1993 3890 2242 3945 diabolici
2271 3890 2558 3959 diligenter
2586 3892 2874 3945 evitentur.
2913 3889 3124 3946 Etenim
3149 3893 3267 3945 Non
3305 3903 3568 3960 poterant,

1995 3984 2213 4054 ponitur
2241 3997 2339 4051 pro
2387 3980 2677 4037 Nolebaut.
2725 3982 2864 4036 Nam
2893 3991 2951 4037 et
2999 3983 3052 4036 in
3085 3982 3205 4036 aliis
3247 3991 3568 4052 potestatem

1996 4074 2137 4128 idem
2170 4086 2234 4127 ac
2258 4071 2594 4128 voluntatem
2617 4080 2672 4128 et
2705 4075 3038 4143 propositum
3075 4072 3448 4143 intelligimus.

2053 4246 2319 4300 Ammonii
2352 4254 2408 4300 et
2452 4241 2702 4299 Joannis.
2735 4242 2849 4300 Non
2889 4245 3032 4301 Deus
3071 4259 3165 4300 cor
3189 4259 3375 4301 eorum
3409 4246 3568 4300 indu-

1996 4339 2155 4403 ravit,
2192 4338 2317 4407 quia
2352 4352 2456 4392 non
2485 4340 2552 4392 ab
2574 4336 2652 4392 eis
2684 4337 2951 4391 rationem
2993 4344 3199 4406 peteret
3226 4336 3270 4391 si
3321 4336 3568 4390 involun-

310 4439 560 4501 εὐθύνας,
597 4439 729 4491 ὅπου
761 4456 823 4507 γε
863 4441 959 4492 καὶ
984 4439 1052 4492 τά
1077 4437 1308 4492 ἀκούσια
1345 4438 1659 4508 πταίσματα
1685 4454 1890 4506 συγχω-

1999 4429 2151 4483 tariis
2203 4436 2407 4500 tantum
2452 4436 2809 4498 gravarentur
2866 4425 3077 4496 culpis;
3114 4427 3211 4481 sed
3264 4424 3491 4481 callidos
3533 4440 3565 4479 a

315 4531 441 4600 ρεῖ),
460 4528 585 4592 τοὺς
619 4529 677 4581 δὲ
707 4529 1038 4600 δυστρόπους
1063 4529 1441 4598 τυφλωθέντας
1468 4529 1573 4582 ὑπὸ
1595 4528 1688 4583 τοῦ
1710 4528 1886 4582 διαϐό-

311 4619 407 4673 λου
443 4618 807 4689 παραδίδωσιν
832 4620 911 4682 είς
938 4620 1107 4681 πάθος
1130 4622 1223 4673 καὶ
1267 4619 1528 4689 ἀδόκιμον
1556 4619 1683 4673 νοῦν
1704 4636 1717 4650 ο
1760 4620 1817 4671 ἐν

308 4711 419 4782 γὰρ
471 4707 704 4762 τοιοῦτοί
755 4709 912 4772 εἰσιν,
968 4709 1029 4762 ού
1068 4709 1276 4763 δίκαιον
1315 4710 1512 4774 αὐτοὺς
1553 4712 1761 4780 γνῶναι
1794 4711 1887 4764 τοῦ

311 4800 609 4873 μυστηρίου
629 4800 691 4852 τὸ
722 4797 903 4869 βάθος,
928 4800 1052 4863 τοὺς
1081 4799 1181 4870 τῆς
1200 4799 1435 4864 διανοίας
1467 4802 1646 4855 αὐτῶν
1679 4803 1886 4874 μύσαν-

306 4909 404 4954 τας
435 4890 772 4960 ὀφθαλμούς.
812 4888 1038 4962 [Clum]

383 4999 403 5032 ι
456 4981 662 5050 Ἰησοῦς
695 4980 753 5034 δὲ
777 4978 1003 5050 ἕκραξε,
1040 4981 1134 5036 καί¹
1164 4977 1320 5035 εἶπεν
1341 4997 1353 5010 ’
1412 4981 1470 5035 '0
1500 4981 1768 5035 πιστεύων
1807 4984 1887 5046 είς

308 5071 432 5139 ἐμὲ,
476 5072 537 5123 ού
585 5072 832 5125 πιστεύει
872 5074 955 5136 εἰς
996 5072 1129 5143 ἐμὲ,
1162 5073 1277 5126 ἀλλ’
1326 5074 1407 5136 είς
1445 5074 1537 5127 τὸν
1590 5072 1886 5145 πέμψαντά

310 5178 401 5233 με.
441 5180 460 5213 ι

377 5274 476 5329 Διά
501 5275 561 5328 τὺ
597 5276 820 5339 ἀσθενὲς
851 5275 958 5330 τῶν
999 5276 1306 5348 ἀκροατῶν,
1335 5276 1411 5343 ώς
1437 5276 1725 5347 ἄνθρωπος
1754 5277 1881 5333 ἐλά-

304 5367 407 5421 λει.
449 5366 536 5430 Ὠς
561 5367 630 5420 ἂν
665 5366 798 5442 alit-:1“
816 5384 831 5399 ·
859 5368 1031 5422 Ὅταν
1056 5366 1168 5436 ἐγὼ
1193 5367 1460 5439 τιμῶμαι,
1496 5368 1572 5439 μὴ
1596 5369 1881 5442 ἄνθρωπον

301 5458 564 5531 νομίσητε
588 5459 755 5531 τιμᾷν
771 5475 784 5489 ·
811 5459 877 5512 δι’
905 5458 1043 5530 ἐμοῦ
1066 5459 1176 5530 γὰρ
1196 5460 1225 5513 ό
1249 5459 1445 5531 Πατὴρ
1463 5460 1713 5532 τιμᾶται.

378 5658 394 5690 ι
441 5637 548 5691 Καὶ
578 5637 606 5692 6
635 5634 861 5708 θεωρῶν
889 5635 1010 5708 ἐμὲ,
1041 5636 1237 5709 θεωρεῖ
1259 5636 1350 5692 τὸν
1374 5636 1665 5709 πέμψαντά
1694 5653 1781 5708 με.
1818 5654 1835 5688 ι

1998 4517 2210 4572 diabolo
2256 4519 2501 4572 ctecitate
2558 4515 2782 4571 aﬂ'ectos
2829 4516 2881 4568 in
2937 4516 3242 4584 passionem
3292 4514 3461 4570 tradit
3510 4523 3567 4569 et

1993 4624 2310 4678 perversum
2361 4622 2604 4665 sensum.
2653 4608 2691 4663 li
2713 4610 2856 4663 enim
2884 4604 3055 4662 Judaei
3084 4608 3174 4676 qui
3221 4618 3279 4661 ut
3319 4608 3562 4679 mysterii

1991 4699 2328 4755 altitudinem
2362 4700 2742 4770 dignoscerent
2774 4710 2931 4756 erant
2977 4698 3179 4770 indigni
3209 4741 3226 4768 ,
3252 4700 3448 4770 quippe
3471 4700 3563 4769 qui

1986 4790 2177 4846 oculos
2201 4791 2400 4847 mentis
2431 4790 2762 4848 clauserant.

2058 4967 2224 5023 Vens.
2259 4965 2351 5023 46.
2396 4982 2417 5017 ι
2455 4962 2614 5019 Jesus
2641 4971 2818 5019 autem
2848 4961 3128 5026 clamavit,
3166 4968 3221 5014 et
3244 4956 3379 5013 dixit
3412 4973 3426 5010 :
3461 4954 3562 5022 Qui

1987 5064 2161 5118 credit
2192 5063 2245 5117 in
2269 5075 2378 5127 me,
2400 5074 2507 5114 non
2531 5058 2704 5113 credit
2724 5058 2781 5112 in
2802 5069 2911 5122 me,
2931 5054 3029 5110 sed
3052 5054 3105 5107 in
3129 5065 3252 5107 eum
3287 5048 3377 5120 qui
3410 5046 3562 5103 misit

1990 5169 2096 5209 me.
2136 5173 2156 5206 ι

2055 5264 2284 5332 Propter
2326 5259 2751 5317 imbecillitatem
2797 5255 3156 5317 audientium,
3187 5260 3246 5306 ut
3271 5249 3438 5306 homo
3482 5246 3561 5302 lo-

1982 5355 2271 5424 quebatur.
2306 5354 2386 5408 Ac
2427 5351 2474 5406 si
2525 5350 2732 5406 diceret
2765 5362 2778 5400 :
2815 5344 3045 5413 Quando
3073 5357 3174 5416 ego
3200 5343 3462 5404 honoror,
3494 5352 3563 5393 ne

1982 5446 2307 5501 existimetis
2344 5459 2444 5501 vos
2477 5444 2751 5500 hominem
2799 5439 3098 5505 honorare,
3143 5449 3241 5507 per
3274 5445 3365 5490 me
3411 5429 3559 5487 enim

1982 5534 2143 5589 Pater
2169 5534 2490 5589 honoratur.

2057 5627 2220 5681 Vens.
2251 5625 2343 5680 4⁸5.
2380 5645 2397 5679 ι
2436 5626 2499 5681 Et
2540 5624 2633 5696 qui
2671 5624 2817 5680 videt
2848 5633 2967 5689 me,
2994 5618 3139 5674 videt
3172 5631 3313 5681 eum,
3340 5613 3430 5687 qui
3459 5612 3561 5668 tui-

1982 5719 2052 5774 sil
2085 5733 2190 5773 me.
2237 5736 2257 5769 ι
