4072 6394
527 295 662 362 1479

1649 297 1983 358 ΑΜΜΟΝΙΙ
2026 298 2555 358 ALEXANDRINI

3655 308 3800 374 1480

604 412 737 466 Cum
768 410 911 466 enim
936 411 1110 480 imago
1142 409 1212 464 sit
1239 407 1435 473 Patris,
1467 409 1521 462 in
1549 420 1721 465 semet
1749 411 1862 480 ipse
1889 410 2086 466 Patren

2285 410 2462 462 Είκὼν
2489 413 2599 481 γὰρ
2622 410 2698 465 ὢν
2723 412 2816 466 τοῦ
2856 414 3090 485 Πατρδς,
3117 416 3186 469 δι’
3221 419 3385 472 αὑτοῦ
3407 417 3651 475 δείκνυσι
3700 426 3799 477 τὸν

524 504 792 557 exhibet:
828 501 1081 570 quocirca
1111 502 1278 554 etiam
1318 501 1646 555 individuam
1691 501 1816 570 ejus
1840 504 2098 558 substan-

526 595 652 646 liam
687 593 976 661 signiﬁcat,
1009 602 1065 646 et
1087 590 1329 660 ejusdem
1359 591 1698 646 identitatem
1726 593 2097 663 demonstrat;

525 686 879 752 incorporeus
909 683 1175 752 siquidem
1215 683 1357 738 Deus
1385 692 1491 742 est.
1537 685 1691 740 llanc
1735 685 1916 756 itaque
1948 688 2102 743 simi-

523 774 805 827 litudinem
840 776 1082 830 denatat.

598 864 761 922 Vens.
798 867 889 920 46.
929 886 949 920 ι
994 869 1104 939 Ego
1137 868 1224 923 lux
1257 870 1308 924 in
1336 869 1592 923 mundum
1621 870 1739 924 veni
1770 884 1785 923 :
1815 878 1873 924 ut
1899 873 2100 938 omnis,

521 958 610 1024 qui
646 958 818 1011 credit
849 959 900 1012 in
929 975 1039 1022 me,
1074 961 1126 1014 iu
1163 961 1401 1015 tenebris
1435 975 1540 1014 non
1575 970 1809 1015 maneat.
1843 981 1862 1014 ι

591 1046 1060 1113 Quemadmodum
1091 1050 1252 1106 Pater
1284 1052 1374 1106 lux
1404 1063 1510 1117 est,
1545 1052 1617 1106 ita
1645 1063 1700 1107 et
1733 1054 1919 1109 Filius.
1956 1054 2102 1121 Quo-

521 1142 665 1194 circa
694 1140 892 1194 Paulus
938 1157 1062 1195 cum
1093 1143 1252 1197 vellet
1281 1145 1647 1197 omuimodam
1693 1145 1811 1214 ejus
1841 1148 2098 1200 similitu-

523 1231 700 1285 dinem
736 1233 1036 1298 declarare,
1061 1235 1402 1303 splendorem
1435 1234 1613 1290 Patris
1637 1235 1831 1290 Filium
1858 1239 2099 1306 appella-

523 1321 693 1373 hat'.
719 1321 1031 1376 Sicuteuim
1057 1323 1170 1387 lux,
1189 1340 1310 1378 cum
1335 1335 1578 1394 apparet,
1607 1336 1660 1379 et
1683 1341 1744 1380 se
1770 1334 1824 1380 et
1849 1327 1953 1378 alia
1980 1328 2101 1380 red-

522 1412 599 1465 dit
624 1414 951 1481 couspicua;
989 1417 1065 1469 sic
1097 1427 1151 1469 et
1179 1415 1372 1481 Filius,
1407 1418 1605 1486 quippe
1640 1417 1752 1481 lux,
1779 1418 2096 1484 adveniens,

522 1512 576 1556 et
601 1507 949 1574 semetipsum
987 1507 1140 1560 nobis
1164 1516 1218 1562 et
1246 1506 1464 1561 Patrem
1493 1519 1681 1562 notum
1712 1509 1855 1564 fecit.

593 1592 760 1649 Vens.
789 1597 878 1651 49.
925 1615 944 1648 ‹
976 1597 1108 1664 Quia
1135 1612 1233 1669 ego
1258 1614 1321 1653 ex
1349 1600 1554 1666 meipso
1581 1614 1684 1653 non
1703 1615 1820 1654 sum
1855 1599 2096 1663 locutus,

521 1683 610 1737 sed
643 1685 732 1753 qui
767 1686 913 1739 misit
950 1701 1036 1740 me
1071 1686 1252 1754 Pater,
1289 1689 1400 1756 ipse
1431 1690 1562 1742 mihi
1604 1690 1915 1743 mandatum
1948 1690 2098 1744 dedit

520 1775 646 1842 quid
675 1775 870 1840 dicam,
891 1786 945 1830 et
969 1778 1095 1845 quid
1126 1778 1334 1845 loquar.
1379 1796 1398 1829 ι

592 1864 799 1934 Scopus
850 1877 1030 1921 autem
1073 1870 1354 1937 prmseutis
1395 1870 1676 1937 adventus,
1727 1885 1832 1925 non
1865 1883 1984 1926 erat
2029 1873 2092 1927 ad

519 1952 890 2022 iudicandum.
915 1958 1009 2012 sed
1044 1959 1111 2012 ad
1154 1960 1470 2014 salvandum
1507 1961 1719 2017 ﬁdeles.
1750 1963 1828 2017 Ne
1858 1979 1986 2019 vero
2029 1966 2095 2019 iis

518 2047 860 2101 occasionem
902 2049 1053 2104 daret
1091 2051 1500 2117 incredulitatis,
1530 2067 1718 2109 eorum
1756 2054 2093 2112 inﬁdelitatis

519 2138 572 2192 iu
609 2155 667 2194 se
701 2155 918 2194 causam
966 2142 1032 2197 ad
1060 2144 1272 2198 Patrem
1301 2145 1485 2200 refert.

588 2229 779 2286 Sermo
805 2233 1123 2289 humilitatis
1156 2237 1273 2306 ejus
1302 2241 1630 2294 condemnat
1659 2239 1800 2296 illos.
1829 2239 1949 2310 Ipse
1994 2255 2093 2294 au-

518 2329 625 2375 tem
688 2321 856 2378 Filius
912 2325 1220 2380 incredulos
1255 2327 1598 2397 jndicaturus
1655 2340 1757 2396 est,
1804 2347 1912 2385 non
1959 2347 2086 2388 vero

516 2427 742 2468 sermo:
789 2417 1125 2486 wnigmatice
1157 2420 1302 2472 enim
1357 2420 1614 2488 loquitur.
1653 2421 1846 2477 Sermo
1884 2422 1977 2494 qui
2025 2425 2090 2478 ad

514 2505 740 2560 salutem
782 2524 876 2564 vos
928 2511 1163 2578 vocavit,
1195 2511 1414 2566 minime
1451 2528 1746 2580 persuasos
1801 2515 1854 2570 in
1887 2517 1974 2572 die
1999 2515 2089 2586 ju-

514 2597 638 2652 dicii
669 2600 1052 2656 condemnabit
1086 2617 1149 2656 ac
1185 2604 1394 2672 puniet.

587 2689 751 2744 Vens.
803 2693 893 2747 50.
949 2711 968 2744 ι
1025 2694 1092 2748 Ει
1139 2696 1254 2750 scio
1291 2697 1416 2766 quia
1456 2699 1767 2755 mandatum
1821 2699 1935 2769 ejus
1982 2703 2090 2757 vita

513 2788 715 2835 a'terua
742 2794 844 2838 est.
875 2785 1004 2851 Qua:
1031 2801 1161 2857 ergo
1201 2803 1302 2859 ego
1345 2789 1560 2860 loquor,
1602 2793 1743 2847 sicut
1769 2793 1905 2848 dixit
1957 2796 2088 2850 mihi

516 2869 699 2938 Pater,
741 2875 818 2928 sic
837 2875 1046 2945 loquor.
1084 2897 1102 2929 ι

586 2963 732 3018 Sicut
757 2967 890 3020 dixit
927 2970 1053 3022 mihi
1094 2968 1280 3036 Pater,
1308 2971 1383 3025 sic
1410 2971 1616 3041 loquor.
1673 2973 1785 3030 Hoc
1830 2975 2080 3041 dicendo,

2210 501 2463 572 Πατέρα·
2500 502 2588 555 διὰ
2631 503 2790 557 τοῦτο
2833 505 2894 556 τὸ
2934 507 3359 578 ἀπαράλλακτον
3401 514 3659 582 σημαίνει
3690 517 3799 584 τῆς

2204 593 2394 656 οὐσίας
2416 635 2430 658 ,
2464 595 2558 648 καὶ
2600 595 2840 648 δείκνυσι
2880 597 2939 652 τὺ
2983 599 3270 668 ὁμοούσιον
3293 621 3306 634 ’
3357 604 3652 676 ἀσώματον
3683 610 3799 677 γὰρ

2206 683 2266 735 τὸ
2290 685 2468 739 Θεῖον.
2499 686 2718 758 Ταύτην
2748 685 2840 742 οὖν
2871 693 3176 764 ὁμοιότητα
3206 697 3483 765 σημαίνει.

2281 883 2300 916 ι
2349 865 2491 934 Ἐγὼ
2532 868 2646 936 φῶς
2692 871 2772 934 είς
2817 871 2909 924 τὸν
2939 873 3149 944 κόσμον
3191 874 3459 946 ἐλήλυθα’
3493 879 3580 933 ἵνα
3612 884 3726 945 πᾶς
3773 886 3802 935 ὀ

2206 956 2480 1009 πιστεύων
2505 959 2584 1021 εἰς
2611 960 2744 1028 ἐμὲ,
2773 962 2830 1014 ἐν
2861 964 2925 1033 τῇ
2967 964 3156 1034 σκοτίᾳ
3188 965 3263 1036 μὴ
3293 967 3472 1040 μείνῃ.
3513 989 3532 1021 ι

2286 1046 2374 1109 Ὦς
2397 1050 2426 1100 ὀ
2463 1049 2651 1121 Πατὴρ
2679 1053 2813 1120 φῶς,
2835 1053 2978 1106 οὕτω
3013 1057 3108 1108 καὶ
3133 1057 3161 1108 ό
3188 1057 3333 1122 Υἱός.
3360 1060 3450 1112 Διὸ
3485 1060 3658 1126 δεῖξαι
3703 1065 3798 1117 θέ-

2204 1137 2312 1190 λων
2358 1143 2385 1192 6
2429 1141 2638 1206 Παῦλος
2682 1145 2780 1214 τὴν
2829 1145 3032 1216 πολλὴν
3076 1149 3399 1218 ἐμφέρειαν,
3447 1154 3799 1226 ἀπαύγασμα

2205 1228 2363 1280 καλεῖ
2380 1228 2474 1281 τοῦ
2500 1232 2710 1301 Πατρὸς
2731 1232 2820 1285 τὸν
2841 1234 2992 1290 Υίόν.
3014 1236 3228 1309 ’Ὥσπερ
3243 1240 3352 1310 γάρ
3374 1241 3434 1294 τὸ
3458 1243 3571 1310 φῶς
3594 1247 3792 1314 φανὲν,

2203 1315 2297 1367 καὶ
2337 1317 2557 1388 ἐαυτῷ*
2596 1320 2777 1389 δῆλον,
2821 1327 2966 1377 ποιεῖ
2996 1327 3089 1379 καὶ
3126 1327 3194 1381 τὰ
3227 1331 3518 1401 ὁρώμεναο
3548 1334 3725 1398 οὕτως
3764 1340 3795 1390 ὁ

2205 1403 2332 1468 Υἱὸς
2357 1407 2470 1473 φῶς
2497 1408 2572 1461 ὢν
2600 1412 2694 1464 καὶ
2724 1411 2916 1478 ἐλθὼν,
2948 1417 3041 1469 καὶ
3062 1418 3253 1472 ἑαυτὸν
3279 1420 3576 1492 ἐγνώρισεν
3600 1427 3737 1495 ἡμῖν
3765 1441 3792 1468 ι

2203 1498 2298 1547 καὶ
2324 1497 2414 1550 τὸν
2444 1501 2680 1572 Πατέρα.

2276 1604 2296 1637 ι
2334 1587 2457 1640 ’Ὁτι
2490 1590 2601 1657 ἐγὼ
2630 1591 2690 1656 ἐξ
2718 1594 2958 1662 ἐμαυτοῦ
2993 1597 3092 1651 οὐκ
3124 1599 3386 1673 ἐλάλησα,
3427 1605 3544 1658 ἀλλ’
3577 1608 3605 1658 ὁ
3634 1607 3793 1678 πέμ-

2210 1676 2319 1745 ψας
2351 1697 2418 1749 με
2467 1683 2677 1754 Πατὴρ,
2737 1687 2897 1752 αὐτός
2949 1707 3041 1760 μοι
3110 1694 3330 1765 ἐντολήν
3368 1696 3533 1750 ἔδωκε
3563 1702 3615 1751 τί
3642 1702 3790 1754 εἴπω

2129 1758 2172 1813 Β
2205 1772 2298 1822 καὶ
2324 1772 2378 1823 τί
2407 1772 2646 1844 λαλήσω.
2682 1796 2701 1828 ι

2283 1863 2340 1915 'U
2371 1863 2426 1916 δὲ
2447 1873 2474 1912 1
2506 1868 2711 1930 σκοπὸς
2736 1870 2835 1940 τῆς
2864 1871 2959 1926 νῦν
2992 1875 3300 1944 παρουσίας
3325 1878 3567 1947 γέγονεν,
3603 1882 3666 1934 οὗ
3696 1883 3790 1936 διά

2200 1953 2261 2008 τό
2292 1959 2498 2025 κρῖναι,
2531 1959 2665 2012 ἀλλά
2701 1961 2788 2014 διά
2831 1963 2890 2016 τὸ
2922 1965 3093 2019 σῶσαι
3130 1970 3257 2033 τοὺς
3295 1973 3537 2036 πιστούς.
3573 1976 3693 2029 Ἵνα
3724 1978 3786 2030 δὲ

2201 2045 2274 2116 μή
2307 2046 2381 2116 δῷ
2431 2048 2615 2113 αὐτοῖς
2675 2051 2928 2127 ἀφορμήν
2963 2057 3243 2123 ἀπιστίας,
3297 2063 3389 2115 ἐπὶ
3433 2065 3523 2118 τὸν
3556 2069 3789 2140 Πατέρα

2196 2139 2389 2206 ἀνάγει
2420 2141 2518 2211 τήν
2557 2143 2736 2197 αἰτίαν
2770 2147 2868 2216 τῆς
2905 2157 2927 2185 ι
2957 2152 3036 2212 εἰς
3069 2153 3230 2205 αὑτὸν
3255 2155 3536 2221 ἀπιστίας.

2273 2232 2337 2283 '0
2353 2231 2508 2300 λόγος
2537 2235 2564 2285 6
2586 2239 2632 2272 ι’
2649 2237 2745 2306 τῆς
2773 2242 3270 2315 ταπεινοφροσύνης
3300 2247 3483 2314 αὐτοῦ,
3509 2252 3786 2322 κατακρί-

2197 2338 2280 2373 νει
2310 2322 2528 2388 αύτούς.
2561 2327 2732 2391 Αὐτὸς
2763 2331 2791 2381 6
2840 2330 2972 2394 Υἱὸς
3006 2334 3191 2402 μέλλει
3223 2337 3433 2408 κρίνειν
3457 2342 3586 2404 τοὺς
3622 2345 3786 2396 ἀπει-

2203 2409 2337 2478 θεῖς,
2369 2413 2430 2465 ού
2465 2414 2570 2484 μὴν
2599 2417 2626 2467 ό
2659 2417 2816 2486 λόγος
2837 2436 2850 2449 ·
2886 2422 3303 2492 αἰνιγματωδῶς
3337 2427 3443 2498 γὰρ
3467 2428 3637 2484 λαλεῖ.
3693 2433 3784 2486 Ἐν

2197 2503 2382 2576 ἡμέρᾳ
2412 2507 2650 2576 κρίσεως
2689 2510 2717 2560 6
2741 2510 2884 2581 πρὸς
2931 2516 3206 2585 σωτηρίαν
3251 2519 3400 2588 ἡμᾶς
3433 2520 3670 2586 καλέσας
3697 2524 3785 2578 λό-

2195 2610 2293 2663 γος
2324 2597 2732 2668 ἀπειθήσαντας
2756 2614 2781 2642 ι
2814 2609 3162 2674 τιμωρεῖται.

2275 2708 2294 2740 ι
2326 2691 2435 2742 Καὶ
2465 2688 2581 2744 οἴδα
2606 2693 2687 2745 ὅτι
2720 2695 2752 2763 ή
2785 2695 2976 2766 ἐντολή
3009 2698 3172 2750 αὑτοῦ
3211 2699 3323 2771 ζωὴ
3356 2702 3575 2769 αίὼνιὸς
3606 2709 3779 2765 ἐστιν.

2199 2783 2266 2833 Ἀ
2291 2782 2402 2850 οὖν.
2429 2783 2577 2836 λαλῶ
2623 2784 2735 2854 ἐγὼ
2754 2825 2769 2851 ,
2801 2787 2982 2852 καθὼς
3000 2789 3187 2860 εἴρηκέ
3228 2809 3319 2862 μοι
3342 2795 3369 2846 6
3397 2795 3608 2868 Πατὴρ,
3635 2800 3783 2855 οὕτω

2196 2872 2363 2930 λαλῶ.
2412 2897 2431 2929 ι

2265 2969 2472 3035 Καθὼς
2502 2972 2706 3041 εἴρηκέ
2739 2991 2838 3043 μοι
2862 2977 2895 3028 ὁ
2936 2975 3158 3045 Πατὴρ,
3193 2979 3347 3032 οὕτω
3383 2980 3564 3035 λαλῶ.
3599 2984 3769 3037 Τοῦτο

516 3070 667 3109 suam
705 3060 1082 3114 auctoritatem
1122 3061 1343 3116 minime
1389 3063 1545 3129 tollit,
1581 3064 1676 3120 sed
1717 3069 1974 3133 ostendit,
2033 3071 2086 3123 in

2197 3058 2395 3128 λέγων,
2418 3061 2479 3114 οὐ
2508 3063 2606 3133 τήν
2642 3063 2838 3116 ἑαυτοῦ
2869 3065 3120 3130 ἐξουσίαν
3146 3067 3360 3138 ἀνῄρει,
3395 3071 3518 3123 ἀλλά
3544 3071 3760 3124 δείκνυ-

515 3147 653 3201 Filio
690 3151 821 3202 nihil
853 3167 880 3203 a
916 3151 1076 3204 Patre
1102 3168 1221 3207 esse
1254 3154 1512 3220 alienum,
1547 3171 1610 3210 ac
1637 3157 1682 3211 si
1711 3159 1897 3214 dicat:
1947 3159 2091 3214 Nihil

513 3231 704 3299 loquor
751 3232 898 3287 Patri
954 3238 1328 3303 contrarium,
1371 3239 1452 3294 vel
1507 3251 1760 3310 tanquam
1808 3244 1939 3298 mihi
1990 3246 2088 3301 soli

509 3327 811 3393 proprium,
836 3329 929 3379 sed
967 3343 1277 3384 commune.

578 3415 710 3469 Cum
740 3417 807 3469 sit
843 3416 1078 3472 Ver-hum
1121 3420 1314 3490 Patris,
1351 3439 1472 3492 qua:
1520 3425 1574 3479 iu
1620 3426 1785 3482 Patre
1827 3437 1952 3482 sunt
2006 3430 2090 3482 in-

510 3515 840 3576 terpretatur
873 3526 936 3563 ac
960 3512 1287 3581 nanil‘eslal,
1321 3525 1646 3585 quapropter
1673 3518 1841 3589 legem
1865 3535 2082 3591 quoque

507 3615 566 3650 se
599 3601 877 3668 accepisse
909 3603 1058 3657 dicit.
1097 3603 1187 3658 Sic
1224 3607 1366 3659 enim
1399 3607 1622 3661 verbum
1651 3609 1814 3663 etiam
1843 3613 1985 3680 quod
2031 3615 2083 3666 iu

507 3688 664 3740 nohis
690 3698 804 3753 est,
841 3705 962 3758 quae
995 3691 1046 3744 in
1089 3703 1270 3747 mente
1309 3704 1455 3760 sunt,
1493 3697 1730 3768 evulgat.
1762 3700 1853 3754 Ait
1887 3716 1948 3756 se
1982 3703 2084 3758 ista

509 3788 762 3848 tanquam
811 3795 875 3834 ex
925 3782 1085 3839 Patre
1121 3785 1326 3851 facere,
1358 3789 1796 3860 quandoquidem
1827 3795 2086 3851 videbant

506 3866 697 3935 Judaei,
729 3887 848 3926 eum
884 3873 1016 3946 legis
1043 3879 1286 3933 umbram
1319 3879 1372 3934 in
1407 3897 1520 3937 rem
1573 3885 1745 3953 magis
1785 3887 2082 3956 spiritalem

505 3977 866 4023 commutare.

1128 4082 1279 4140 CAP.
1321 4085 1454 4142 XIII.

578 4189 742 4246 Vens.
817 4193 870 4246 I.
921 4211 939 4244 ‹
997 4195 1137 4250 Aule
1177 4201 1318 4254 diem
1365 4202 1558 4256 festum
1602 4203 1846 4270 Pascha,
1901 4209 2082 4264 sciens

504 4277 663 4335 Jesus
703 4284 824 4352 quia
862 4287 1007 4340 venit
1037 4289 1165 4343 hora
1196 4289 1313 4357 ejus
1343 4302 1400 4343 ut
1430 4303 1672 4347 transeat
1696 4310 1759 4348 ex
1791 4297 1892 4350 hoc
1925 4315 2082 4352 mun-

503 4373 571 4425 do
603 4375 668 4424 ad
703 4372 920 4429 Patrem
957 4394 970 4430 :
1001 4394 1122 4432 cum
1165 4379 1446 4432 dilexisset
1494 4397 1642 4446 suos,
1675 4384 1766 4452 qui
1817 4395 1971 4438 erant
2024 4389 2077 4442 in

502 4465 727 4529 mundo,
769 4465 820 4518 in
849 4465 1007 4519 linem
1041 4467 1231 4520 dilexit
1263 4481 1379 4522 eos.
1419 4485 1437 4517 ι

581 4550 918 4610 Prwvidehat
951 4556 1284 4626 passionem,
1334 4569 1671 4627 quapropter
1711 4561 1968 4620 dicendus
2000 4579 2084 4623 est

501 4643 810 4701 voluntarie
843 4662 1035 4716 passus
1067 4661 1209 4700 esse.
1239 4645 1355 4700 Non
1386 4650 1530 4702 enim
1565 4651 1764 4707 invitus
1791 4663 1897 4708 tam
1932 4660 2081 4729 igno-

506 4735 790 4792 miniosam
841 4745 1068 4790 mortem
1127 4737 1463 4804 pertulisset.
1499 4741 1698 4796 lloram
1737 4759 1865 4800 vero
1927 4762 2084 4807 vocat

499 4828 693 4881 festum
729 4827 950 4880 Pascha:
980 4841 1089 4894 quo
1117 4842 1309 4898 passus
1338 4842 1436 4886 est.

567 4917 796 4970 Amabat
828 4917 1045 4984 quidem
1089 4934 1186 4976 eos
1218 4921 1379 4978 etiam
1445 4937 1569 4982 ante
1602 4929 1831 4998 Pascha,
1889 4945 2074 5005 utpote

503 5009 666 5061 homo
697 5006 892 5060 iactus.
937 5005 1164 5074 Quando
1203 5021 1383 5069 autem
1412 5019 1574 5072 etiam
1615 5023 1834 5078 tradidit
1873 5037 2072 5082 semet-

511 5099 686 5164 ipsum
715 5111 814 5165 pro
850 5098 1007 5154 nobis
1043 5102 1094 5156 in
1128 5115 1378 5174 mortem,
1424 5119 1534 5163 tum
1559 5111 1774 5167 demum
1829 5117 2071 5186 perfecte

503 5203 658 5241 suum
693 5189 744 5242 in
787 5189 1032 5249 homines
1054 5211 1292 5254 amorem
1330 5201 1648 5259 declaravit.
1678 5206 1860 5278 Neque
1897 5211 2068 5264 solum

501 5277 736 5346 Judacos,
769 5283 861 5340 sed
891 5294 947 5340 et
982 5286 1117 5344 alios
1158 5307 1348 5348 omnes
1380 5305 1435 5348 ut
1473 5297 1699 5352 Creator
1740 5277 1905 5355 habet
1950 5320 2073 5373 pro-

503 5387 672 5439 prios.
703 5373 842 5433 Suos
877 5390 1058 5434 autem
1093 5393 1267 5452 vocat,
1304 5397 1569 5456 quotquot
1597 5390 1646 5443 iu
1675 5393 1871 5448 mundo
1925 5407 2070 5450 sunt.

559 5506 603 5536 "
633 5506 798 5565 Ilebr.
829 5524 868 5575 1,
895 5511 950 5566 5.

2205 3169 2310 3216 σιν,
2347 3153 2428 3206 ὅτι
2454 3153 2610 3207 οὐδὲν
2630 3155 2913 3228 ἀλλότριον
2947 3158 3040 3210 τοῦ
3080 3160 3296 3230 Πατρός
3341 3164 3396 3216 ἐν
3420 3162 3524 3230 Υἱῷ
3546 3180 3558 3192 ·
3592 3162 3665 3225 ὡς
3695 3164 3764 3216 ἂν

2193 3243 2345 3314 εἴπῃ,
2375 3243 2542 3298 Οὐδὲν
2571 3247 2816 3300 ἐναντίον
2849 3247 3160 3321 φθέγγομαι
3191 3252 3268 3323 τῷ
3302 3255 3495 3324 Πατρὶ,
3528 3254 3646 3306 οὐδὲ
3691 3255 3772 3319 ὼς

2193 3335 2317 3404 ἐμοὶ
2349 3336 2478 3390 ίδιον
2507 3339 2672 3409 μόνῳ,
2699 3341 2835 3394 ἀλλά
2870 3343 3070 3397 κοινόν.

2262 3427 2435 3494 Λόγος
2463 3430 2539 3483 ὢν
2561 3433 2656 3485 τοῦ
2709 3434 2944 3504 Πατρός,
2994 3436 3159 3501 αὐτὸς
3191 3439 3482 3508 ἐρμηνεύει
3509 3440 3577 3493 τά
3603 3441 3662 3493 ὲν
3697 3442 3778 3512 τῷ

2193 3519 2373 3587 Πατρὶ
2395 3561 2409 3581 ,
2439 3522 2534 3574 καὶ
2563 3529 2932 3594 φανεροποιεῖ,
2965 3528 3046 3580 διὸ
3079 3532 3174 3583 καὶ
3210 3532 3432 3603 ἐντολὴν
3467 3536 3662 3588 ἑαυτὸν
3697 3540 3780 3590 εί-

2193 3611 2426 3679 ληφέναι
2456 3614 2626 3683 λέγει.
2649 3616 2806 3670 Οὕτω
2834 3619 2940 3690 γὰρ
2977 3621 3070 3673 καὶ
3097 3625 3124 3675 6
3158 3624 3217 3676 ἐν
3247 3626 3382 3695 ήμῖν
3408 3627 3566 3694 λόγος
3601 3630 3664 3698 δη
3677 3648 3780 3699 μο-

2207 3703 2472 3758 σιεύειτά
2493 3709 2550 3759 ἐν
2595 3708 2673 3779 τῷ
2735 3710 2830 3780 νῷ.
2873 3712 2962 3776 Ὠς
3017 3715 3081 3767 ἐκ
3130 3717 3345 3789 Πατρὺς
3397 3719 3543 3788 λέγει
3596 3721 3779 3776 ταῦτα

2196 3797 2392 3860 ποιεῖν,
2431 3797 2665 3870 ἐπείπερ
2701 3799 2890 3869 ἐώρων
2938 3804 3102 3860 αὐτὸν
3166 3808 3215 3859 οί
3263 3808 3506 3863 Ἰουδαῖοι
3545 3812 3646 3882 τὴν
3677 3815 3777 3867 τοῦ

2188 3887 2354 3955 νόμου
2421 3888 2582 3944 σκιὰν
2644 3893 3094 3962 μεταπλάττοντα
3128 3898 3220 3950 ἐπὶ
3272 3899 3332 3952 τὺ
3381 3903 3779 3974 πνευματικώ-

2188 3992 2370 4047 τερον.

2785 4098 3036 4154 ΚΕΦᾹΛ.
3071 4101 3166 4154 1Γ’.

2289 4224 2306 4256 ι
2342 4207 2457 4278 Πρὸ
2481 4208 2536 4261 δὲ
2560 4208 2660 4278 τῆς
2679 4211 2871 4282 ἑορτῆς
2911 4213 3007 4267 τοῦ
3036 4215 3230 4286 Πάσχα
3258 4217 3416 4282 είδὼς
3457 4223 3484 4272 ό
3532 4221 3774 4292 Ἰησοῦς,

2183 4295 2264 4348 ὃτι
2290 4296 2547 4368 ἐλήλυθεν
2577 4300 2742 4354 αὑτοῦ
2767 4304 2799 4373 ή
2824 4302 2964 4375 ὥρα,
2993 4307 3082 4362 ἴνα
3107 4309 3316 4382 μεταϐῇ
3347 4314 3411 4364 ἐκ
3435 4312 3527 4366 τοῦ
3552 4315 3774 4384 κόσμου

2187 4386 2378 4440 τούτου
2407 4389 2544 4459 πρὸς
2570 4391 2660 4445 τὸν
2686 4393 2904 4466 Πατέρα
2937 4413 2950 4428 ·
2976 4399 3268 4472 ἀγαπήσας
3293 4404 3418 4465 τοὺς
3443 4404 3608 4468 ἰδίους
3637 4409 3777 4470 τοὺς

2185 4475 2244 4527 ἐν
2276 4475 2352 4546 τῷ
2384 4477 2595 4548 κόσμῳ,
2629 4481 2708 4544 είς
2753 4482 2906 4548 τέλος
2941 4486 3230 4556 ἠγάπησεν
3259 4491 3476 4554 αὐτούς.
3524 4511 3542 4544 ι

2253 4566 2490 4636 Προῂδει
2535 4567 2595 4620 τὸ
2647 4570 2837 4636 πάθος,
2895 4573 2976 4626 διὸ
3009 4574 3231 4630 λεκτέον
3277 4578 3358 4631 ὅτι
3410 4577 3550 4631 ἑκὼν
3597 4575 3775 4650 ἦλθεν

2181 4660 2260 4721 εἰς
2293 4661 2352 4710 τὸ
2382 4659 2595 4715 παθεῖν.
2627 4663 2700 4714 Οὐ
2735 4663 2842 4734 γάρ
2878 4665 2944 4718 ἂν
2983 4667 3132 4722 ἄκων
3171 4669 3430 4740 ὑπέμεινε
3460 4671 3552 4724 τὸν
3583 4673 3775 4737 οὕτως

2185 4749 2514 4821 ἐφύϐριστον
2547 4753 2800 4808 θάνατον.
2834 4757 3005 4827 Ὥραν
3037 4759 3093 4811 δὲ
3122 4760 3269 4828 λέγει
3290 4762 3388 4832 τήν
3425 4762 3521 4816 τοῦ
3564 4764 3771 4834 Πάσχα

2187 4842 2403 4914 ἑορτὴν,
2438 4844 2559 4897 καθ’
2587 4847 2653 4916 ἣν
2687 4847 2944 4902 πέπονθε.

2265 4935 2488 5000 ’Πγάπα
2517 4935 2617 5006 μὲν
2647 4938 2844 5001 αὐτοὺς
2876 4941 2973 4993 καὶ
3024 4943 3129 5012 πρὸ
3160 4943 3254 4996 τοῦ
3289 4947 3498 5016 Πάσχα,
3522 4947 3777 5015 γεγονὼς

2191 5025 2504 5095 ἄνθρωπος.
2565 5029 2695 5081 Ὅτε
2740 5030 2798 5083 δὲ
2851 5031 2943 5084 καὶ
2980 5032 3258 5088 ἐπέδωκεν
3329 5038 3520 5090 ἑαυτὸν
3578 5042 3658 5102 είς
3709 5041 3778 5093 τὸ

2187 5118 2503 5186 ἀποθανεῖν,
2550 5122 2670 5174 τότε
2705 5121 2928 5187 τελείως
2983 5127 3284 5194 ἐνεδείξατο
3332 5130 3430 5200 τὴν
3499 5133 3579 5193 εἰς
3638 5136 3779 5196 τοὺς

2182 5211 2507 5282 ἀνθρώπους
2553 5215 2799 5288 ἀγάπην.
2855 5219 2993 5272 Οὐδὲ
3023 5221 3186 5290 μόνον
3254 5224 3563 5288 Ἰουδαίους,
3627 5227 3781 5281 ἀλλὰ

2181 5306 2280 5358 καὶ
2329 5307 2520 5371 ἄλλους
2580 5309 2694 5378 ἔχει
2753 5311 2918 5376 ἰδίους
2973 5314 3048 5376 ὠς
3081 5317 3442 5387 Δημιουργός.
3489 5319 3678 5383 Ίδίους
3717 5321 3782 5375 δὲ

2181 5398 2349 5465 λέγει,
2386 5401 2592 5463 πάντας
2616 5402 2741 5465 τοὺς
2770 5403 2828 5455 ἐν
2861 5404 2936 5474 τῷ
2969 5405 3177 5477 κόσμῳ.

559 5671 580 5699 '
617 5665 953 5722 ί.“1’.ἑαυτόν.
1033 5681 1056 5708 ι
1090 5669 1180 5724 Cr.
1210 5672 1325 5724 sine
1349 5672 1502 5741 ἡμῖν.
1573 5683 1600 5722 1
1635 5675 1723 5729 Cr.
1761 5676 1881 5731 siue
1907 5677 1981 5732 δέ.
2068 5688 2086 5714 π

2202 5725 2213 5738 .
2251 5683 2369 5739 sine
2409 5688 2526 5755 τῆς.
2610 5690 2652 5723 ι’
2677 5689 2768 5744 Cr.
2799 5706 2908 5746 om.
2945 5695 2973 5744 6
3049 5705 3074 5734 ι
3124 5693 3214 5750 Cr.
3249 5697 3616 5767 ἐκπειθήσας.
