4072 6412
257 393 386 460 1431
1307 371 1766 436 FRAGMENTA
1815 368 1865 429 ll

1937 369 1996 427 S.
2037 362 2411 426 JOANNEM.
3383 350 3519 415 1482

333 526 350 558 ι
390 503 501 558 Καὶ
525 500 742 556 δείπνου
774 492 1091 566 γενομένου,
1111 489 1204 543 τοῦ
1225 487 1474 542 διαϐόλου
1505 487 1606 558 ἤδη
1640 483 1832 555 βεϐλη-
1862 496 1907 549 Α

1905 540 1907 547 λ
2010 479 2171 533 Vsus.
2203 478 2256 530 Et.
2294 496 2312 528 ι
2350 474 2416 529 Ει
2449 489 2603 530 coena
2629 473 2793 539 facta,
2826 488 2945 527 eum
2978 469 3223 526 diabolus
3263 468 3371 537 jam
3410 470 3513 521 mi—

258 598 418 660 κότος
452 596 530 657 είς
563 593 664 662 τὴν
695 560 924 654 καρδίαν
968 582 1143 636 Ἰούδα
1181 580 1426 651 Σίμωνος
1482 573 1832 647 Ἰσκαριώτου

1938 571 2099 626 sisset
2126 570 2178 623 in
2212 582 2328 632 cor,
2373 577 2431 621 ut
2469 567 2705 621 traderet
2736 580 2858 621 eum
2902 562 3069 618 Judas
3105 560 3344 616 Simonis
3373 560 3519 614 lsea-

259 650 348 743 ίνα
375 650 538 743 αὑτὸν
568 650 818 753 παραδῷ.
859 698 878 730 ι
1255 650 1260 651 ν

1940 663 2114 718 τίοιω.
2155 680 2174 713 ι
3047 650 3052 654 ’
3333 659 3335 662 ί

267 869 278 872 _
331 799 410 868 Τῇ
441 797 667 865 πέμπτῃ
717 788 779 843 τὸ
815 787 1050 847 δεῖπνον,
1069 783 1134 851 τῇ
1160 778 1378 850 τετράδι
1409 779 1438 831 6
1473 773 1676 835 Ἰούδας
1717 787 1840 824 συν-

2012 776 2172 831 Feria
2219 776 2405 846 quinta
2463 790 2616 831 coena
2663 785 2798 843 erat,
2831 785 3024 845 quarta
3061 790 3189 829 vero
3241 771 3523 829 constituit

262 864 414 944 έθετο
444 864 778 956 παραδοῦναι
809 879 898 932 τὸν
932 873 1188 946 Χριστόν.
1243 870 1334 923 Διὸ
1365 866 1486 921 εἷπε
1512 883 1526 897 ⁸
1566 864 1677 920 Τοῦ
1723 864 1844 916 δια-

1941 867 2221 923 Christum
2270 869 2521 935 prodere.
2575 865 2784 923 Idcirco
2831 866 2967 919 dixit
3022 883 3036 920 :
3090 865 3222 918 Cum
3274 866 3521 918 diabolus

264 984 448 1038 σόλον
476 955 592 1046 ἤδη
618 971 992 1040 βεϐληκότος
1023 968 1111 1031 εὶς
1140 962 1258 1032 τὴν
1287 960 1558 1030 καρδίαν,
1588 958 1690 1010 ἵνα
1727 971 1843 1009 πα-

1631 972 1690 1010 ρα
1727 971 1843 1009 πα·
1934 961 2052 1030 jam
2088 960 2311 1013 misisset
2347 961 2402 1013 in
2429 974 2539 1026 cor,
2559 969 2613 1013 ut
2651 959 2879 1012 traderet
2906 955 3239 1012 eumJudas.

257 1073 424 1146 ραδῷ
457 1070 646 1125 αὑτὸν
679 1065 934 1130 Ἰούδας.

344 1186 362 1219 ‹
393 1134 575 1226 Ἐἰδὼς
595 1162 624 1213 6
660 1159 866 1228 Ἰησοῦς
902 1159 982 1212 δτι
1026 1153 1204 1209 πάντα
1229 1149 1460 1204 δέδωκεν
1498 1142 1648 1214 αύτῷ
1677 1143 1704 1195 6
1737 1142 1846 1194 Πα-

2022 1137 2185 1192 Vsns.
2218 1138 2273 1193 5.
2310 1156 2328 1190 ι
2361 1135 2550 1192 Sciens
2583 1136 2712 1208 quia
2749 1136 2931 1191 omnia
2977 1135 3125 1190 dedit
3163 1135 3211 1190 ei
3260 1134 3423 1188 Pater
3473 1135 3524 1187 in

268 1259 374 1330 τὴρ
410 1258 488 1318 εἰς
515 1256 614 1316 τὰς
646 1227 857 1322 χεῖρας,
886 1248 984 1302 καὶ
1036 1247 1119 1300 ὃτι
1162 1243 1272 1298 ἀπὸ
1335 1238 1472 1294 Θεοῦ
1504 1237 1718 1308 ἐξῆλθε,
1755 1235 1847 1292 καὶ

1950 1246 2162 1297 manus,
2192 1239 2246 1286 et
2270 1231 2395 1301 quia
2423 1245 2454 1284 a
2484 1230 2594 1286 Deo
2644 1229 2836 1296 exivit,
2867 1236 2922 1284 et
2951 1228 3019 1283 ad
3053 1228 3223 1284 Deum
3260 1227 3430 1282 vadit.
3469 1244 3486 1276 ι

270 1351 411 1422 πρὸς
446 1348 538 1401 τὸν
567 1345 698 1398 Θεὸν
728 1343 950 1410 ὑπάγει.
991 1360 1011 1393 ι

343 1440 652 1512 Παράδοσιν
695 1435 850 1488 καλεῖ
905 1431 1003 1503 τὴν
1042 1429 1152 1483 τῶν
1207 1423 1417 1480 πιστῶν
1450 1420 1746 1492 σωτηρίαν,
1783 1418 1849 1490 ἢν

2023 1410 2397 1466 Traditionem
2423 1417 2583 1464 vocat
2629 1407 2866 1464 fidelium
2910 1407 3167 1472 salutem,
3212 1421 3373 1476 quam
3417 1405 3532 1476 ipse

271 1533 367 1587 καὶ
407 1497 566 1592 αὐτὸς
633 1497 1092 1594 ἀντιπαραδίδωσι
1157 1515 1235 1588 τῷ
1282 1514 1480 1584 Πατρὶ,
1525 1512 1609 1566 ὅτι
1661 1511 1725 1563 ἐκ
1753 1509 1852 1579 τῆς

1953 1505 2100 1559 Patri
2133 1503 2407 1570 retribuit,
2435 1501 2694 1572 quoniam
2735 1516 2800 1557 ex
2833 1500 3136 1557 substantia
3183 1497 3364 1554 Patris
3415 1505 3533 1553 erat

271 1624 461 1685 ούσίας
490 1618 752 1688 ἐγεννήθη
782 1615 876 1670 τοῦ
903 1611 1139 1683 Πατρός.

587 1618 752 1688 ννήθη
782 1615 876 1670 τοῦ
903 1611 1139 1683 Πατρός.
1954 1595 2191 1688 genitus.

349 1735 368 1767 ι
413 1680 982 1771 Ιέαίλαὸωνλέντιον,
1023 1680 1281 1766 διέζωσεν
1314 1695 1528 1752 ἐαυτόν.
1575 1711 1595 1746 ι

2031 1685 2196 1740 Vsus.
2225 1685 2280 1739 4.
2337 1702 2356 1736 ι
2405 1683 2473 1738 Et
2513 1697 2639 1739 cum
2691 1682 2999 1752 accepisset
3035 1681 3285 1748 linteum,
3309 1680 3538 1752 praecin-

1961 1778 2040 1832 xit
2061 1793 2142 1832 se.
2187 1794 2206 1829 ι

349 1894 490 1964 Ὅροι
519 1890 634 1954 πῶς
663 1889 723 1943 οὐ
765 1886 842 1958 τῷ
871 1884 1022 1954 νίψαι
1057 1881 1240 1953 μόνον,
1273 1875 1413 1932 ἀλλὰ
1435 1873 1530 1928 καὶ
1565 1869 1769 1964 ἑτέρως
1790 1864 1851 1919 τὸ
1889 1843 1931 1898 Β

2031 1869 2324 1925 Considera
2375 1866 2649 1938 quomodo
2712 1882 2821 1921 non
2897 1867 3132 1922 lavando
3187 1865 3387 1930 solum,
3445 1861 3541 1919 sed

274 1957 529 2043 ταπεινὸν
562 1957 918 2036 ἐνδείκνυται.
963 1976 1036 2030 Ού
1071 1975 1180 2044 γὰρ
1209 1970 1340 2041 πρὶν
1367 1967 1401 2040 ἢ
1432 1961 1850 2030 κατακλιθῆναι,

1962 1962 2126 2016 etiam
2158 1961 2316 2015 aliter
2348 1960 2708 2014 humilitatem
2745 1959 3003 2014 ostendit.
3038 1959 3157 2014 Non
3186 1959 3331 2012 enim
3357 1957 3544 2026 prius-

279 2080 420 2135 ἀλλὰ
477 2076 616 2147 μετὰ
653 2074 716 2127 τδ
766 2071 1062 2126 ἀναπεσεῖν
1093 2067 1324 2126 πάντας,
1384 2059 1510 2112 τότε
1574 2051 1852 2147 Ἀνέστη,

1963 2068 2124 2122 quam
2156 2054 2590 2116 discumberent,
2633 2054 2724 2107 sed
2766 2062 2889 2122 post
2923 2053 3164 2106 omnium
3210 2051 3542 2116 accubitum,

279 2173 382 2226 καί
421 2140 664 2224 λέντιον
707 2159 1123 2231 περιεζώσατο.
1177 2155 1288 2209 Καὶ
1316 2152 1440 2205 ούδέ
1467 2147 1640 2216 τούτῳ
1688 2141 1858 2214 ἠρκέ-

1963 2143 2148 2213 Surgit
2186 2163 2216 2198 a
2259 2161 2436 2208 omna,
2471 2155 2518 2197 et
2556 2145 2718 2198 linteo
2768 2159 2821 2197 se
2866 2145 3167 2213 praecinxit.
3224 2140 3412 2213 Neque
3462 2142 3545 2196 his

285 2265 410 2334 σθη,
453 2261 589 2316 ἀλλὰ
621 2259 716 2312 καὶ
748 2254 922 2325 ιιιύτὸς
959 2251 1185 2320 ἐγέμισε
1217 2247 1308 2300 τὸν
1334 2243 1592 2313 νιπτῆρα,
1631 2239 1725 2334 καῘι
1762 2235 1860 2334 ούχ

1967 2246 2274 2300 contentus,
2311 2239 2426 2306 ipse
2463 2237 2658 2304 pelvim
2689 2237 2950 2306 implevit,
2999 2246 3053 2291 et
3102 2235 3320 2292 nemine
3373 2235 3546 2290 altero

287 2325 455 2427 ἑτέρῳ
484 2351 762 2423 ἐμπλῆσαι
793 2345 1099 2407 ἐκέλευσεν,
1129 2339 1264 2393 ἀλλὰ
1298 2336 1478 2389 πάντα
1507 2331 1670 2391 αὐτὸς
1697 2325 1863 2399 ἐργά-

1963 2327 2139 2398 jusso,
2183 2329 2412 2397 ipsemet
2439 2329 2621 2383 omnia
2663 2327 2837 2397 fecit;
2889 2329 3138 2398 exemplo
3168 2329 3391 2392 docens,
3440 2340 3545 2380 non

284 2449 437 2513 ζεται
465 2443 662 2507 ταῦτα,
703 2441 792 2494 διὰ
821 2438 1040 2492 πάντων
1086 2431 1323 2494 δεικνὺς,
1364 2430 1447 2481 ὅτι
1476 2425 1577 2494 οὐχ
1621 2423 1862 2490 ἀφοσιω-

1972 2421 2201 2476 remisse
2232 2436 2296 2475 ac
2323 2420 2518 2491 frigide
2551 2419 2884 2489 ejuscemodi
2910 2437 3095 2490 opera,
3127 2421 3221 2475 sed
3267 2434 3429 2489 quam
3464 2416 3547 2472 di-

287 2541 462 2612 μένως
502 2538 584 2590 δεῖ
607 2535 782 2586 ποιεῖν
829 2532 900 2584 τὰ
951 2525 1200 2590 τοιαῦτα,
1253 2522 1383 2574 ὅταν
1415 2515 1683 2584 ποιῶμεν,
1724 2509 1864 2565 ἀλλὰ

1972 2513 2332 2586 ligentissime
2372 2512 2622 2567 facienda
2657 2528 2798 2568 esse.
2849 2512 3078 2568 Videtur
3123 2512 3254 2566 mihi
3315 2513 3550 2580 primum

285 2601 428 2703 μετὰ
460 2628 562 2698 τῆς
600 2623 932 2696 προθυμίας.
965 2617 1123 2690 Ἐμοὶ
1157 2614 1304 2669 δοκεῖ
1323 2609 1417 2665 τοῦ
1437 2607 1696 2703 προδότου
1715 2601 1865 2703 atde-

1975 2607 2150 2677 ipsius
2179 2605 2704 2678 proditorislavasse
2736 2608 2922 2676 pedes.
2951 2604 3132 2675 Coepit
3155 2605 3324 2668 enim,
3354 2604 3549 2673 inquit,

282 2697 374 2777 τον
417 2697 570 2789 νίψαι
617 2718 746 2779 τοὺς
777 2714 986 2774 ·πόδας.
1032 2708 1278 2778 Ἤρξατο
1321 2703 1430 2773 γὰρ
1473 2701 1688 2754 νίπτειν
1735 2697 1863 2760 τοὺς

1587 2716 1688 2752 τειν
1735 2697 1863 2760 τοὺς
1972 2701 2161 2757 lavare
2192 2699 2380 2772 pedes,
2413 2708 2467 2755 et
2502 2699 2626 2754 inde
2664 2699 2816 2755 venit
2840 2697 2909 2752 ad
2948 2697 3195 2753 Petrum.

285 2813 476 2874 πόδας,
507 2809 663 2878 φησὶ,
693 2806 787 2860 καὶ
820 2807 943 2858 τότε
975 2799 1107 2873 ἦλθε
1130 2800 1267 2868 πρὸς
1303 2798 1533 2864 Πέτρον.

363 2924 384 2957 ί
429 2875 690 2973 Ἔρχεται
741 2893 833 2950 οὖν
864 2894 1000 2966 πρὸς
1048 2893 1270 2962 Σίμωνα
1308 2887 1536 2957 Πέτρον,
1575 2883 1672 2938 καὶ
1716 2882 1867 2949 λέγει

2048 2883 2215 2939 Vns.
2248 2882 2301 2937 6.
2334 2900 2355 2934 ι
2393 2882 2557 2938 Venit
2591 2895 2722 2951 ergo
2774 2879 2841 2934 ad
2880 2877 3156 2933 Simonem
3205 2876 3447 2931 Petrum.
3493 2875 3557 2930 Et

287 2996 439 3067 αὐτῷ
461 2966 672 3055 ἐκεῖνος
700 3007 714 3023 ·
743 2988 940 3060 Κύριε,
972 2986 1036 3040 σύ
1073 3001 1174 3055 μου
1209 2983 1419 3044 νίπτεις
1451 2979 1579 3040 τοὺς
1611 2975 1806 3039 πόδας;
1844 2992 1862 3025 ι

1844 2992 1862 3025 ι
1978 2976 2180 3032 dicitei
2213 2975 2404 3030 Petrus
2431 2992 2444 3028 :
2474 2973 2723 3039 Domine,
2769 2980 2822 3025 tu
2847 2971 2979 3025 mihi
3011 2971 3162 3024 lavas
3193 2966 3398 3040 pedes?
3434 2988 3452 3022 ι

359 3063 459 3143 Διὰ
483 3087 584 3157 τῆς
609 3085 754 3154 ἁφῆς
800 3079 1129 3150 ἐκαθάρισεν
1179 3075 1362 3130 αὐτῶν
1403 3072 1532 3134 τοὺς
1587 3068 1755 3130 πόδας
1789 3066 1870 3129 είς

2048 3069 2153 3124 Per
2183 3078 2447 3125 attactum
2502 3066 2783 3122 mandavit
2822 3066 2988 3134 pedes
3013 3078 3222 3126 eorum,
3257 3063 3312 3116 in
3351 3076 3559 3132 praepa—
3644 3088 3645 3091 η

290 3154 613 3251 ἐτοιμασίαν
641 3175 737 3230 τοῦ
763 3169 1120 3241 Εὐαγγελίου.
1153 3168 1313 3234 Ἀγει
1341 3163 1396 3217 δέ
1425 3161 1521 3214 καὶ
1553 3161 1632 3222 είς
1679 3173 1870 3210 ταπει-

1981 3161 2247 3216 rationem
2275 3157 2574 3228 Evangelii.
2598 3156 2742 3224 Quin
2768 3166 2823 3212 et
2848 3157 2915 3211 ad
2935 3155 3299 3210 humilitatem
3327 3154 3552 3209 inducit.

289 3283 648 3341 νοφροσυνην.

369 3329 412 3415 λ’
439 3361 564 3415 Ἐὰν
585 3329 671 3430 ’μὴ
684 3355 825 3426 νίψω
851 3370 930 3420 σε,
961 3351 1064 3406 οὐκ
1107 3348 1252 3418 ἔχεις
1282 3343 1448 3416 μέρος
1485 3339 1603 3412 μετ’
1645 3335 1806 3409 ἐμοῦ.
1848 3354 1866 3387 ι

2054 3336 2220 3391 VIa-as.
2251 3334 2307 3390 8.
2339 3352 2359 3388 ε
2395 3333 2454 3389 Si
2483 3348 2590 3389 non
2618 3331 2807 3388 lavero
2852 3341 2925 3396 te,
2962 3345 3070 3386 non
3103 3329 3332 3386 habebis
3349 3335 3559 3399 partem

1983 3443 2136 3482 mecu
2146 3443 2218 3480 [11.
2261 3445 2279 3478 ι

378 3541 506 3596 Ἐὰν
538 3537 613 3609 μὴ
639 3533 910 3602 καταδέξῃ
932 3531 995 3584 τὸ
1027 3530 1126 3599 τῆς
1157 3519 1668 3593 ταπεινοφροσύνης
1695 3512 1876 3609 pali-q-

2054 3517 2169 3571 Nisi
2188 3514 2496 3586 susceperis
2518 3513 2820 3569 doctrinam
2844 3509 3194 3576 humilitatis,
3214 3523 3322 3564 non
3341 3508 3564 3564 habebis

300 3652 399 3706 μα,
439 3601 551 3684 οὐκ.
574 3601 717 3698 ἔχεις
767 3601 931 3696 μέρος
982 3621 1098 3689 μετ’
1138 3617 1296 3689 ἐμοῦ,
1332 3615 1476 3686 ἦτοι,
1509 3611 1637 3664 Ἐὰν
1680 3607 1760 3706 ’μή
1797 3621 1882 3668 τις

1986 3620 2196 3679 partem
2225 3625 2460 3672 mecum,
2493 3605 2602 3669 vel,
2629 3603 2745 3662 Nisi
2776 3605 2897 3669 quis
2945 3619 3043 3675 per
3089 3603 3318 3672 gratiam
3357 3601 3562 3672 peccati

299 3695 636 3791 ξιπονίψηται
659 3716 752 3770 τὸν
770 3695 871 3784 τῆς
893 3710 1170 3782 ἁμαρτίας
1193 3707 1365 3780 ῥύπον
1391 3703 1478 3758 διὰ
1499 3702 1600 3772 τῆς
1628 3700 1877 3770 χάριτος,

1988 3703 2177 3757 sordes
2240 3702 2507 3766 abluerit,
2559 3717 2666 3755 non
2721 3705 3091 3766 consequetur
3136 3695 3327 3758 vitam,
3387 3705 3566 3762 neque

300 3819 363 3871 ού
393 3810 784 3884 τυγχάνειιτῆς
809 3806 976 3878 ζωῆς,
997 3802 1124 3857 οὔτε
1152 3798 1417 3855 ἀπολαύει
1447 3797 1544 3866 τῆς
1574 3793 1685 3847 τῶν
1711 3791 1879 3860 ούρα-

1152 3798 1417 3855 ἀπολαύει
1447 3797 1544 3866 τῆς
1574 3793 1685 3847 τῶν
1711 3791 1879 3860 οὐρα-
1988 3809 2154 3865 regno
2184 3794 2442 3849 malorum
2489 3795 2745 3865 potietur.

301 3909 408 3966 νῶν
439 3905 740 3979 βασιλείας.

385 4041 405 4075 ι
450 4020 612 4089 Λέγει
643 4015 792 4086 αύτῷ
811 4017 838 4068 6
880 4009 1086 4083 Ἰησοῦς
1118 4024 1132 4039 ·
1175 4007 1235 4061 ὐ
1256 4003 1579 4074 λελουμένος
1606 4001 1666 4053 οὺ
1697 3997 1888 4089 χρείαν

2062 3991 2225 4048 Vsus.
2271 3992 2358 4046 10.
2389 4010 2407 4044 ι
2454 3992 2596 4048 Dicit
2627 3989 2908 4046 ciJesus:
2962 3987 3064 4055 Qui
3105 3987 3249 4042 lotus
3300 3995 3408 4052 est,
3458 4000 3565 4040 non

305 4115 420 4185 ἔχει
445 4110 478 4183 ἢ
505 4079 632 4172 τοὺς
669 4079 838 4167 πόδας
865 4079 1147 4171 νίψασθαι,
1174 4095 1290 4151 ἀλλ’
1321 4093 1437 4147 ἐστι
1475 4089 1716 4160 καθαρὸς
1740 4087 1884 4150 ὅλος.
1907 4159 1910 4162 .

1990 4085 2199 4158 indiget
2233 4087 2338 4141 nisi
2371 4094 2429 4140 ut
2459 4085 2626 4156 pedes
2667 4083 2828 4148 lavet,
2864 4082 2959 4137 sed
2994 4089 3079 4136 est
3119 4079 3356 4134 mundus
3399 4086 3565 4134 totus.

305 4175 418 4263 Knat
454 4175 614 4274 ύμεῖς
649 4196 881 4270 καθαροί
913 4197 1060 4259 ἐστε,
1097 4190 1214 4245 ἀλλ’
1237 4187 1360 4258 οὐχὶ
1382 4186 1608 4247 πάντες.
1656 4203 1674 4235 ι

1564 4203 1608 4247 ς.
1656 4203 1674 4235 ιν
1992 4177 2061 4232 Ει
2105 4191 2201 4232 vos
2232 4177 2415 4231 mundi
2455 4177 2608 4238 estis,
2638 4175 2731 4230 sed
2765 4188 2878 4229 non
2903 4186 3115 4228 omnes.
3154 4189 3172 4223 ι

379 4262 506 4365 Οὐχ.
538 4262 621 4346 δτί
649 4262 888 4362 ῥυπαροὶ
914 4283 1078 4357 ἦσαν,
1125 4282 1310 4336 νίπτει
1337 4278 1364 4317 ι’
1395 4277 1621 4341 αὐτοὺς,
1658 4275 1774 4330 ἀλλ’
1805 4276 1892 4329 ἵνα

2063 4269 2178 4326 Νοη
2210 4271 2349 4340 quod
2382 4270 2586 4324 sordidi
2631 4276 2838 4332 essent,
2869 4281 2964 4321 eos
3011 4265 3173 4330 lavit,
3209 4262 3304 4319 sed
3344 4270 3406 4316 ut
3451 4276 3571 4316 mo-

306 4353 496 4458 διδάξξ
515 4353 850 4454 μετριάζειν.
879 4353 954 4433 Ού
977 4372 1206 4448 λουτροῦ
1224 4371 1376 4439 τάξιν
1394 4369 1582 4440 ἐπέχει
1610 4369 1639 4421 6
1667 4368 1888 4439 νιπτὴρ,

1995 4363 2226 4420 destiam
2259 4363 2503 4418 doceret.
2556 4361 2733 4418 Pelvis
2765 4370 2946 4414 autem
3000 4373 3108 4412 non
3166 4356 3367 4410 lavacri
3397 4353 3571 4408 vicem

308 4446 836 4546 οὐδὲ-ἆμαρτὴματα
868 4446 1142 4540 κουφίζει,
1174 4464 1290 4520 ἀλλ’
1324 4465 1406 4527 είς
1432 4460 1648 4516 τελείαν
1687 4459 1892 4532 ἀρετὴν

1994 4460 2230 4522 subibat,
2262 4471 2442 4525 neque
2481 4465 2704 4525 peccata
2741 4454 2984 4515 tollebat,
3026 4451 3120 4506 sed
3171 4450 3239 4504 ad
3271 4446 3569 4518 perfectam

311 4569 517 4638 ὁδηγεῖ.

1922 4617 1968 4638 n
2001 4551 2254 4606 virtutem
2282 4553 2430 4605 viam
2462 4550 2765 4606 sternebat.

383 4617 635 4728 ίέαθ-αροὶ
697 4650 840 4724 ἦσαν
888 4653 954 4722 τῇ
1008 4647 1328 4718 διδασκαλίᾳ
1366 4643 1754 4714 φωτισθέντες,
1795 4640 1890 4694 καὶ
1922 4617 1970 4676 D

1969 4645 1970 4650 “
2065 4643 2258 4697 Mundi
2290 4653 2466 4706 erant,
2519 4650 2706 4712 utpote
2750 4640 2998 4695 doctrina
3047 4635 3365 4698 illuminati,
3402 4641 3455 4687 et
3479 4629 3577 4685 Ju-

316 4726 724 4815 ἁπαλλαγέντες
778 4744 878 4812 τῆς
930 4739 1228 4807 Ἰουδαϊκῆς
1287 4737 1514 4806 πλάνης,
1567 4733 1662 4788 καὶ
1708 4733 1890 4785 πᾶσαν

1995 4734 2152 4791 daico
2180 4750 2369 4791 errore
2395 4734 2709 4798 liberati,et
2737 4733 2938 4788 Christi
2963 4730 3250 4800 praesentia
3281 4726 3428 4782 omni
3463 4740 3578 4778 ma-

315 4813 581 4910 πονηρίαν
611 4834 1014 4903 ἁποόαλόμενοι
1043 4831 1122 4901 τῷ
1153 4830 1393 4883 συνεῖναι
1419 4825 1663 4898 Χριστῷ.
1700 4824 1780 4877 Δι’
1817 4817 1895 4877 ὧν

1998 4825 2110 4880 litia
2151 4824 2483 4894 propulsata.
2539 4822 2782 4876 Aliorum
2833 4830 3011 4874 autem
3053 4815 3275 4886 puritati
3331 4813 3576 4868 testimo-

315 4933 375 4984 δέ
407 4903 520 4994 τοῖς
545 4929 726 4992 ἄλλοις
781 4925 1049 4997 μαρτυρεῖ
1080 4921 1454 4992 καθαρότητα,
1486 4919 1897 4990 μεμολυσμένον

2004 4919 2151 4972 nium
2178 4915 2534 4985 perhibendo,
2567 4912 2981 4981 coinquinatum
3013 4907 3276 4981 arguebat
3306 4920 3430 4960 eum
3484 4903 3576 4972 qui

320 5020 667 5074 ἀποδείκνυσι
697 5019 792 5074 τὴν
819 5018 894 5089 μὴ
932 5013 1198 5086 καθαρόν.

946 5013 1198 5086 ιαθαρόν.
2006 5023 2111 5063 non
2148 5016 2264 5062 erat
2298 5005 2554 5060 mundus.

397 5147 418 5182 ι
463 5129 648 5200 Ὑμεῖς
672 5127 898 5200 φωνεῖτέ
923 5145 1013 5198 με,
1035 5129 1062 5180 6
1091 5126 1444 5191 Διδάσκαλος,
1471 5124 1565 5178 καὶ
1592 5125 1620 5176 6
1647 5122 1852 5194 Κύριος
1874 5137 1890 5155 ο

2079 5119 2242 5174 Vens.
2277 5120 2365 5174 1⁵5.
2397 5137 2415 5170 ι
2447 5117 2554 5172 Vos
2579 5115 2784 5171 vocatis
2818 5126 2904 5168 me
2929 5111 3204 5180 Magister,
3235 5117 3289 5164 et
3313 5105 3575 5162 Demine:

324 5223 420 5275 καὶ
451 5220 629 5283 καλῶς
657 5220 848 5289 λέγετε
875 5234 889 5250 ο
918 5218 1039 5288 εἰμὶ
1068 5218 1198 5287 γάρ.
1241 5234 1260 5268 ›

2003 5223 2055 5269 et
2081 5215 2219 5268 bene
2251 5212 2466 5267 dicitis:
2497 5223 2614 5263 sum
2640 5205 2862 5260 etenim.
2902 5220 2922 5254 ι

397 5311 580 5367 Εἰπὼν
601 5313 656 5366 δὲ
685 5313 766 5379 τὸ,
808 5331 826 5363 ι
867 5312 1003 5380 είμὶ,
1031 5329 1050 5360 ι
1081 5309 1301 5374 ἔδειξεν,
1333 5307 1590 5376 δτιφύσει
1620 5305 1753 5370 Θεὸς
1781 5307 1899 5360 ἐστι

2073 5305 2177 5360 Per
2206 5304 2307 5357 hoc
2338 5303 2562 5358 verbum
2595 5319 2614 5351 ι
2647 5313 2766 5353 sum
2798 5315 2818 5349 ο
2855 5292 3096 5350 ostendit
3122 5305 3181 5347 se
3203 5303 3324 5345 esse
3354 5296 3581 5354 natura-

329 5408 424 5462 xa‘t
461 5402 796 5463 διδάσκαλος.
849 5399 1078 5472 [ϐψω]

2005 5397 2127 5451 liter
2155 5405 2210 5448 et
2241 5395 2407 5447 Deum
2439 5402 2495 5446 et
2529 5391 2865 5460 magistrum.

405 5541 417 5566 ι
497 5511 802 5583 ι’πόδειγμα
842 5513 952 5583 γὰρ
1009 5513 1186 5565 ἔδωκα
1225 5512 1376 5582 ὑμῖν,
1431 5509 1520 5564 ἵνα
1553 5509 1738 5575 καθὼς
1787 5511 1898 5581 ἐγὼ

2081 5509 2245 5564 Vens.
2276 5508 2365 5563 15.
2398 5527 2416 5558 ι
2449 5505 2767 5574 Exemplum
2797 5502 2942 5558 enim
2964 5500 3085 5555 dedi
3111 5497 3287 5560 vobis,
3312 5503 3371 5549 ut
3394 5505 3585 5564 quem-

324 5607 553 5672 ἐποιησα
571 5603 723 5674 ὑμῖν,
757 5605 851 5658 καὶ
885 5606 1042 5674 ὑμεῖς
1068 5603 1279 5670 ποιῆτε.
1316 5621 1334 5654 ο

2013 5601 2301 5658 admodum
2335 5613 2433 5668 ego
2462 5597 2562 5652 feci
2595 5595 2768 5662 vobis,
2806 5593 2880 5648 ita
2904 5598 2958 5646 et
2979 5605 3078 5647 vos
3104 5586 3343 5644 faciatis.
3379 5601 3400 5636 ι

392 5781 424 5826 δ
453 5782 542 5838 Ct‘.
577 5782 812 5837 ἐνιπτεν.

717 5876 985 5934 ΡΑτιιοῐ..
1025 5867 1141 5929 Gtt.
1177 5866 1466 5932 LXXXV.

3203 5852 3276 5926 ﬂ
