4072 6390
591 284 725 348 1183
1723 279 2060 338 ΑΜΜΟΝΙΙ
2102 279 2199 338 AL

2260 274 2632 335 XANDRINI
3733 277 3868 342 1'84

625 427 638 440 ι
668 394 776 450 Nm
811 393 987 450 solum
1022 389 1210 456 verbo,
1238 386 1333 444 sed
1367 395 1420 443 et
1454 399 1620 456 opere
1658 384 1913 455 perfecta:
1945 385 2166 439 bumili-
2199 387 2233 445 Α

2343 383 2417 436 θῦ
2461 383 2622 453 μόνον
2651 381 2814 454 λόγῳ.
2850 383 2985 443 ἀλλὰ
3023 388 3118 443 καὶ
3153 389 3300 461 ἔργῳ
3357 389 3458 462 τῆς
3498 389 3717 454 τελείας
3774 410 3864 446 τα-

578 501 718 558 satis
745 494 1013 568 specimen
1046 489 1216 542 dedit.

1931 567 1938 568 7
1979 565 1993 568 A
2277 477 2708 548 πεινοιρροσύνης
2742 478 2972 535 δέδωκεν
2999 482 3327 552 ὑπόδειγμα.

664 565 831 648 Vsus.
867 582 954 636 Π.
997 598 1015 632 ι
1052 577 1108 632 Si
1138 578 1254 632 haec
1307 573 1483 638 scitis,
1528 570 1669 627 beati
1717 569 1872 624 eritis
1900 567 1943 622 si
1971 565 2167 620 feceri-

2323 569 2474 675 ⁹«⁸1Ξὶ
2523 570 2701 624 ταῦτα
2756 573 2957 640 οἴδατε,
3013 575 3280 644 μακάριοί
3338 577 3463 630 ἐστε
3511 579 3608 633 ἐάν
3669 583 3865 655 ποιῆτε

592 691 658 745 tis
687 703 772 741 ea.
809 702 829 736 ι

2276 676 2440 714 αυτα.
2473 679 2490 712 ι

659 777 776 832 Non
833 771 978 829 enim
1036 767 1297 820 virtutem
1365 768 1720 828 cognoscere,
1769 749 1864 806 sed
1916 749 2170 820 operari,

2347 752 2423 804 Οὐ
2475 751 2584 820 γὰρ
2612 753 2675 806 τὺ
2711 755 2912 810 εἰδέναι
2962 757 3063 829 τὴν
3102 759 3308 832 ἀρετὴν
3339 761 3604 833 ζηλωτὸν,
3640 767 3781 822 ἀλλὰ
3806 769 3865 822 τὸ

593 866 862 926 laudabile
912 870 1017 918 est.
1062 859 1218 914 Scire
1263 853 1430 918 enim,
1469 858 1526 904 et
1579 861 1684 902 non
1742 843 1942 907 facere,
1997 841 2172 910 majus

2276 844 2631 914 ἐργάζεσθαι.
2663 847 2736 900 Τὸ
2782 849 2891 920 γὰρ
2931 851 3155 914 εἰδέναι,
3213 854 3310 906 καὶ
3343 855 3418 927 μὴ
3461 860 3658 921 ποιεῖν,
3693 861 3865 914 πλείω

590 958 915 1028 supplicium
951 948 1205 1006 accersit.
1248 939 1477 1000 Plurimi
1516 935 1786 1008 siquidem
1835 933 2040 997 sciunt,
2077 930 2172 986 sed

2274 936 2499 1028 κόλασιν
2554 938 2772 1006 ἐπάγει.
2805 940 2879 994 Τὸ
2909 941 3012 1012 μὲν
3043 942 3265 1010 εἰδέναι,
3309 946 3474 1016 τυχὸν
3515 947 3732 1002 πολλῶν
3758 967 3772 981 ·
3803 951 3863 1002 τὸ

591 1023 710 1103 non
730 1059 922 1102 euntes
951 1041 1175 1096 iaciunt.
1206 1032 1365 1090 Beati
1392 1029 1565 1096 eritis,
1587 1027 1634 1082 si
1660 1023 1892 1095 feceritis
1912 1037 1996 1076 ea.

2272 1027 2330 1081 δὲ
2350 1031 2545 1095 ποιεῖν,
2578 1031 2639 1084 οὗ
2674 1032 2913 1088 πάντων.
2946 1034 3038 1086 Διὸ
3068 1030 3214 1099 εἷπε,
3245 1035 3540 1096 Μακάριοἰ
3563 1039 3726 1108 ἐστε,
3758 1042 3867 1096 ἐὰν

2275 1133 2507 1187 ποιητε.

659 1233 826 1286 Vens.
860 1226 948 1282 18.
987 1242 1008 1276 ι
1047 1221 1164 1278 Non
1221 1219 1288 1275 de
1333 1214 1590 1273 omnibus
1615 1208 1773 1265 vobis
1833 1205 1958 1261 dico
2001 1220 2016 1257 :
2072 1215 2172 1271 ego

2351 1229 2370 1261 ι
2404 1212 2480 1264 Οὐ
2513 1213 2643 1283 περὶ
2677 1214 2898 1268 πάντων
2929 1215 3086 1287 ὑμῶν
3126 1217 3301 1288 λέγωο
3345 1220 3458 1290 ἐγὼ
3488 1219 3609 1278 οῖδα
3638 1224 3733 1290 οὓς
3781 1226 3866 1292 ἐξ·

586 1326 700 1380 scio
729 1336 868 1392 quos
883 1315 1138 1389 elegerint
1171 1330 1184 1367 :
1221 1310 1317 1366 sed
1342 1317 1402 1363 ut
1441 1301 1806 1392 adimpleatur
1844 1296 2126 1366 Scriptura
2155 1309 2169 1346 :

2273 1299 2571 1373 ελεξάμην,
2619 1304 2737 1358 ἀλλ’
2767 1304 2855 1359 τνα
2887 1305 2922 1376 ἡ
2977 1307 3169 1379 Γραφὴ
3223 1307 3513 1384 πληρωθῇ·
3551 1314 3612 1368 ’0
3636 1315 3863 1388 τρώγων

585 1415 687 1480 Qui
720 1391 1015 1466 manducat
1055 1415 1266 1458 mecum
1319 1411 1536 1469 panem,
1586 1391 1787 1449 levabit
1843 1399 2032 1442 contra
2087 1397 2172 1438 nte

2277 1396 2398 1463 μετ’
2430 1396 2568 1464 ἐμοῦ
2598 1397 2691 1450 τὸν
2741 1399 2932 1469 ἄρτον,
2982 1399 3191 1470 ἐπῆρεν
3217 1402 3307 1456 ἐπ’
3340 1405 3444 1475 ἐμὲ
3481 1407 3582 1478 τὴν
3623 1408 3863 1481 πτέρναν

586 1507 908 1561 (ειεοηευηι
928 1514 1111 1554 suum.
1160 1513 1180 1547 ι
2059 1515 2062 1520 .

928 1514 1111 1554 suum.
1160 1513 1180 1547 ι
2059 1515 2062 1520 -
2273 1484 2463 1542 αὑτοῦ.
2508 1504 2527 1538 ι

643 1598 808 1652 Judas
833 1607 939 1647 non
981 1601 1039 1644 ut
1070 1585 1310 1654 Spiritus
1337 1579 1515 1638 sancti
1543 1589 1723 1634 sermo
1759 1570 2076 1643 impleretur
2104 1565 2174 1622 ad

2346 1576 2423 1628 Ού
2459 1575 2632 1631 διὰτὸ
2675 1580 2950 1654 ἀποϐῆναι
2990 1585 3119 1648 τοὺς
3159 1584 3256 1640 τοῦ
3289 1587 3613 1660 Πνεύματος
3669 1591 3861 1662 λόγους

588 1690 906 1748 tradendum
937 1683 1222 1738 Dominum
1251 1685 1332 1733 est
1381 1680 1624 1735 coactus,
1654 1666 1797 1739 quod
1825 1663 1974 1720 omni
2026 1661 2172 1716 blas-

2274 1670 2600 1743 ἠναγκάσθη
2630 1675 2660 1727 6
2721 1675 2928 1741 Ἰούδας
2967 1678 3289 1750 προδοῦναι,
3339 1682 3479 1754 ὅπερ
3509 1684 3629 1737 ἐστὶ
3681 1687 3864 1757 πάσης

587 1741 984 1856 esset
1021 1775 1269 1847 plenum;
1311 1769 1405 1825 sed
1438 1776 1497 1822 ut
1519 1766 1792 1820 discamus
1825 1757 2168 1826 Scripturam

2279 1741 2633 1856 βλασφημίας
2673 1741 3029 1836 ἀνάμεστονί
3058 1767 3178 1822 ἀλλ’
3213 1741 3302 1824 ἵνα
3352 1741 3598 1843 γνῶμεν,
3629 1777 3714 1829 ὅτι
3737 1741 3863 1848 περί

583 1847 650 1933 de
709 1875 803 1930 illo
871 1867 1310 1943 praenuntiasse,
1391 1873 1549 1928 quem
1606 1854 1852 1909 videmus
1911 1849 2169 1918 praedicta

2275 1847 2674 1943 txeivoo-siatev
2721 1856 2758 1943 νή
2815 1857 3031 1928 Γραφὴ,
3086 1859 3147 1912 ὃν
3179 1859 3399 1932 ὁρῶμεν
3454 1867 3763 1937 ποιήσαντα
3803 1847 3866 1922 τὸ

583 1936 915 2042 patrantem.
986 1960 1044 2014 Si
1076 1956 1338 2012 Daminus
1364 1952 1556 2007 Judam
1586 1946 1752 2016 elegit
1779 1942 1870 2013 qui
1901 1938 2165 2008 praevari-

2276 1936 2596 2042 npokle‘va.
2715 1941 2773 1996 δὲ
2800 1945 2829 1997 6
2855 1943 3060 2017 Κύριος
3082 1946 3368 2015 ἐξελέξατο
3387 1949 3481 2004 τὸν
3515 1953 3741 2020 Ἰούδαν,
3769 1959 3865 2011 καὶ

583 2032 740 2117 catus
761 2066 868 2125 est,
910 2052 1046 2109 nihil
1090 2048 1311 2112 exinde,
1343 2044 1435 2115 qui
1469 2043 1646 2097 bonus
1690 2045 1810 2094 erat
1852 2049 1977 2090 cum
2025 2032 2169 2086 Deus

2275 2032 2521 2125 παρέϐη,
2576 2034 2733 2089 οὐδὲν
2780 2037 2848 2090 ἐκ
2903 2037 3098 2093 τούτου
3125 2041 3331 2098 ’καλὸν
3387 2043 3498 2115 γὰρ
3532 2045 3665 2101 ὄντα
3705 2049 3868 2103 αὑτὸν

582 2154 730 2210 illum
762 2121 950 2220 elegit,
985 2154 1040 2201 et
1088 2150 1277 2212 postea
1313 2143 1560 2193 mutatus
1584 2142 1671 2189 est
1703 2131 1847 2186 sicut
1889 2127 2061 2180 Adam
2113 2129 2170 2177 et

2274 2121 2581 2220 ἐξελέξατο,
2619 2127 3054 2220 καιμετεϐλήθη
3083 2131 3161 2195 ὡς
3196 2133 3225 2186 6
3264 2133 3437 2206 Ἀδὰμ
3475 2138 3570 2190 καὶ
3609 2141 3637 2192 6
3664 2140 3863 2195 Σαούλ.

573 2244 733 2300 Saul.
755 2214 897 2296 Deu's
921 2237 1068 2294 enim
1092 2232 1297 2289 nemini
1329 2227 1465 2284 tollit
1492 2227 1816 2287 libertatem,
1847 2219 1943 2275 sed
1970 2231 2168 2272 unum-

2274 2214 2348 2267 Τὸ
2373 2215 2482 2284 γὰρ
2513 2217 2864 2285 αὐτεξούσιον
2893 2222 2994 2275 οὐκ
3047 2223 3265 2295 ἀναιρεῖ
3291 2228 3320 2278 6
3365 2226 3522 2292 Θεὸς,
3558 2229 3702 2284 ἀλλὰ
3731 2249 3867 2300 συγ-

577 2347 850 2409 quemque
899 2332 967 2385 ad
1005 2325 1293 2383 arbitrium
1369 2334 1525 2376 suum
1577 2329 1740 2387 agere
1784 2310 2072 2383 permittit,
2109 2316 2168 2363 ut

2274 2311 2444 2409 χωρεῖ
2479 2309 2716 2409 ἐκαστον
2761 2313 2949 2378 καθὼς
3011 2314 3269 2386 βούλεται
3307 2320 3594 2390 πράττειν,
3645 2325 3736 2378 ἵνα
3774 2330 3867 2381 καὶ

580 2399 706 2483 mali
741 2399 1038 2497 puniantur
1091 2427 1149 2474 et
1193 2421 1527 2472 coronentur
1583 2408 1678 2479 qui
1721 2415 2016 2476 operantur
2064 2403 2169 2456 viro

2272 2399 2336 2497 oi-
2349 2400 2515 2497 κακοὶ
2549 2403 2887 2473 κολασθῶσι,
2917 2406 3015 2462 καὶ
3065 2409 3117 2462 οἱ
3156 2410 3410 2482 ἐνάρετοι
3445 2417 3863 2484 πεφανωθῶσι.

581 2491 774 2576 tinent.
2275 2491 2502 2566 [CBAIL]

651 2611 818 2666 Vens.
849 2605 942 2661 26.
984 2621 1003 2656 ι
1033 2597 1338 2671 Respondit
1364 2594 1524 2651 Jesus
1558 2591 1696 2646 :llle
1723 2599 1805 2646 est
1831 2588 1918 2644 cui
1948 2601 2046 2656 ego
2078 2585 2164 2639 in-

2349 2604 2368 2638 t
2419 2587 2802 2660 Ἀποκρίνεται
2831 2594 2860 2645 6
2897 2592 3111 2664 Ἰησοῦς
3138 2612 3151 2627 ο
3217 2597 3456 2664 Ἐκεῖνός
3487 2600 3643 2658 ἐστιν
3673 2595 3722 2674 ᾧ
3753 2606 3855 2676 ἐγὼ

583 2705 809 2757 tinctum
837 2711 1030 2768 panem
1055 2704 1372 2764 porrexero.
1430 2707 1450 2740 ι

2273 2677 2452 2749 βάψας
2474 2681 2536 2734 τὸ
2563 2682 2780 2752 ψωμίον
2807 2684 3080 2742 ἐπιδώσω.
3128 2707 3147 2741 ι

654 2795 756 2850 Per
814 2789 1116 2847 buccellam
1187 2781 1433 2852 implevit
1493 2778 1758 2834 Dominus
1823 2774 2162 2848 prophetiam

2341 2774 2444 2827 Διὰ
2469 2774 2563 2829 τοῦ
2593 2776 2812 2847 ψωμίου
2843 2779 3134 2851 ἐπλήρωσε
3177 2782 3277 2854 τὴν
3308 2787 3656 2858 προφητείαν
3690 2793 3720 2845 6
3750 2793 3863 2846 Κύ-

577 2902 698 2960 quae
729 2885 848 2939 ait:
878 2882 982 2948 Qui
1014 2880 1200 2936 edebat
1230 2891 1390 2948 partes
1430 2887 1598 2939 meos,
1619 2869 1976 2941 magniﬁcavit
2007 2880 2164 2934 super

2274 2882 2407 2936 ριος,
2437 2867 2536 2960 την
2561 2868 2829 2937 λέγουσαν
2853 2887 2867 2903 ·
2899 2871 2962 2926 '0
2983 2873 3206 2929 ἐσθίων
3237 2873 3458 2945 ἄρτους
3479 2897 3620 2949 μου,
3646 2882 3860 2954 ἐμετὰ-

577 2959 662 3032 ine
693 2972 1170 3044 supplantationem
1187 2969 1256 3023 ”.

2268 2961 2458 3012 .lvrer
2481 2959 2575 3012 ἐπ’
2613 2961 2719 3030 ἐμὲ
2743 2967 3133 3036 πτερνισμόν.

655 3067 820 3122 νιιιε.
852 3065 944 3119 27.
986 3081 1006 3116 ι
1039 3063 1106 3118 Et
1143 3060 1281 3117 dixit
1325 3059 1376 3114 ei
1421 3055 1615 3114 Jesus:
1647 3053 1800 3122 Quod
1857 3051 2010 3115 facis,
2079 3047 2163 3102 fac
2194 3113 2232 3130 ﬂ

2347 3067 2366 3101 (
2410 3050 2575 3118 Λέγει
2603 3046 2696 3106 οὖν
2732 3053 2884 3124 αύτῷ
2931 3057 2959 3108 6
3013 3055 3258 3127 Ἰησοῦςο
3289 3059 3356 3115 '0
3389 3062 3574 3127 ποιεῖς,
3619 3062 3851 3130 ποίησον

574 3161 754 3217 citius.
792 3179 813 3212 ο

2191 3113 2235 3172 C
2267 3141 2476 3211 τάχιον.
2515 3162 2534 3195 ι

646 3257 766 3314 Non
797 3255 953 3326 quasi
1008 3249 1328 3322 imperando
1385 3247 1489 3303 hoc
1545 3244 1701 3310 dicit,
1769 3241 1862 3296 sed
1904 3249 2162 3308 tanquam

2336 3235 2448 3304 Οὐχ
2467 3235 2544 3299 ὡς
2572 3236 2925 3307 προστάττων
2954 3237 3114 3293 τοῦτο
3138 3239 3311 3310 λέγει,
3339 3241 3452 3296 ἀλλ’
3479 3241 3550 3306 ὡς
3575 3241 3863 3308 ὀνειδίζων

573 3344 958 3419 exprobrando
997 3343 1071 3408 ei,
1108 3342 1193 3398 cui
1223 3338 1368 3410 quod
1397 3336 1559 3392 vellet
1614 3334 1794 3389 facere
1821 3332 2162 3403 permiserat,

2262 3327 2324 3380 ὃν
2360 3327 2543 3397 ἀφῆκε
2573 3328 2839 3400 πράττειν
2884 3330 2914 3384 ὃ
2951 3331 3157 3398 ἔθελεν,
3210 3334 3444 3406 ἐπείπρ
3473 3335 3572 3389 οὐκ
3603 3334 3866 3392 ἐϐούλετο

569 3437 1016 3514 quandoquidem
1055 3431 1337 3489 emendari
1385 3428 1573 3485 nollet.
1606 3425 1742 3481 Cum
1797 3425 1923 3486 hoc,
1963 3421 2162 3490 inquit,

2263 3419 2643 3514 διορθωθῆναι.
2681 3422 2901 3514 Ἐπειδὴ
2916 3423 3096 3514 τοῦτο,
3114 3426 3270 3496 φησι,
3293 3427 3375 3480 σοὶ
3397 3427 3668 3493 δέδοκται,
3695 3428 3871 3482 σπού-

567 3508 673 3589 tibi
703 3508 979 3587 decretum
1008 3527 1101 3593 sit,
1125 3522 1365 3579 accelera
1413 3519 1773 3592 proditionem
1805 3529 2005 3580 meam,
2057 3527 2162 3568 non

2263 3508 2422 3564 δασον
2451 3511 2545 3564 ἐπὶ
2568 3512 2668 3583 τὴν
2700 3512 2822 3566 κατ’
2850 3513 2988 3585 ἐμοῦ
3011 3514 3310 3588 ἐπιϐουλήν
3328 3531 3344 3546 ο
3369 3516 3431 3569 ού
3461 3517 3572 3588 γὰρ
3599 3516 3768 3572 λυπεῖ
3797 3535 3870 3590 με

573 3627 720 3682 enim
744 3619 1079 3691 subterfugio
1116 3616 1447 3688 passionem.

971 3619 1079 3691 igio
1116 3616 1447 3688 passionem.
2264 3601 2327 3658 τὺ
2363 3604 2579 3658 παθεῖν.

646 3719 812 3774 Vsus.
844 3715 938 3770 28.
977 3731 996 3765 ι
1033 3714 1149 3767 Hoc
1181 3717 1361 3764 autem
1415 3719 1574 3762 nemo
1619 3702 1778 3760 scivit
1817 3699 2160 3756 discumben-

2343 3715 2362 3747 ι
2399 3694 2570 3750 Τοῦτο
2599 3696 2656 3750 δέ
2685 3696 2862 3762 οὐδεὶς
2902 3697 3046 3767 ἔγνω
3070 3699 3181 3754 τῶν
3227 3699 3610 3773 ἀνακειμένων
3647 3701 3792 3774 πρὸς
3817 3705 3875 3758 τί

575 3811 709 3867 tium
747 3808 815 3864 ad
849 3807 977 3878 quid
998 3804 1198 3860 dixerit
1226 3802 1298 3859 ei.
1329 3820 1350 3854 ι

1075 3804 1198 3860 terit
1226 3802 1298 3859 ei.
1329 3820 1350 3854 ι
2265 3785 2420 3842 εἶπεν
2450 3789 2623 3861 αὐτῷ.
2664 3807 2683 3842 ι

627 3904 763 3959 Cum
795 3901 932 3956 forte
959 3898 1198 3954 Joannes
1242 3893 1383 3950 clam
1417 3907 1540 3946 eum
1583 3886 1964 3960 rogarit,clam
1996 3885 2162 3938 etiam

2349 3882 2566 3954 Ἐπειδὴ
2611 3883 2754 3954 τάχα
2781 3884 2810 3936 6
2858 3884 3114 3956 Ἰωάννης
3163 3885 3337 3956 λάθρα
3373 3887 3524 3959 αύτῷ
3573 3883 3726 3954 εἶπε,
3775 3892 3876 3944 καὶ

571 4006 898 4064 responsum
933 3989 1077 4054 tulit,
1111 3987 1332 4043 nemine
1358 3983 1410 4039 id
1437 3981 1805 4050 intelligente:
1841 3978 1967 4048 quia
1995 3976 2040 4031 si
2067 3990 2163 4031 co-

2267 3975 2440 4048 λάθρα
2469 3977 2721 4047 ἤκουσεν,
2738 3977 2911 4040 οὐδεὶς
2937 3977 3108 4046 ἐγνωο
3128 3981 3250 4033 ἐπεὶ
3284 3978 3384 4052 [εἰ]
3410 3980 3656 4050 ἔγνωσαν
3673 4024 3688 4047 ,
3728 3987 3875 4055 τάχα

573 4090 912 4162 gnovissent,
939 4084 1078 4141 forte
1109 4083 1258 4138 illum
1285 4079 1639 4136 occidissent.
1675 4073 1769 4130 Vel
1793 4071 1937 4145 quod
1977 4077 2165 4126 essent

2264 4069 2332 4125 ἂν
2365 4071 2461 4124 καὶ
2491 4070 2800 4124 ἀπέκτανον
2830 4071 3014 4126 αὐτόν.
3053 4073 3121 4125 Ἢ
3145 4074 3226 4126 ὅτι
3253 4073 3312 4126 ἐν
3341 4073 3558 4145 θορύϐῳ
3588 4071 3761 4145 ἦσαν,
3794 4078 3872 4140 ὡς

573 4178 904 4252 perturbati,
946 4185 1203 4246 tanquam
1237 4172 1412 4244 ignari
1442 4169 1568 4240 quid
1598 4170 1652 4222 in
1699 4168 1862 4222 corde
1890 4164 2040 4220 inda:
2071 4179 2161 4218 co-

2266 4162 2343 4234 μὴ
2366 4162 2568 4226 ειδότες
2587 4163 2654 4216 τά
2670 4164 2727 4216 ἐν
2751 4163 2950 4236 καρδίᾳ
2970 4162 3066 4217 τοῦ
3096 4162 3285 4229 Ἰούδα,
3303 4164 3536 4235 ἠγνόουν
3557 4167 3620 4220 τὸ
3645 4167 3869 4239 λεχθέν.

554 4282 856 4345 queretur,
891 4270 946 4326 id
973 4271 1117 4340 quod
1145 4264 1432 4322 dicebatur
1469 4259 1815 4330 ignorabant.

625 4364 903 4419 “33.30.
966 4379 986 4412 ι
1023 4360 1156 4415 Cum
1184 4370 1314 4424 ergo
1344 4353 1644 4422 accepisset
1695 4350 1785 4404 ille
1834 4345 2153 4411 buccellam,

2338 4367 2357 4400 ι
2396 4349 2592 4404 Λαϐὼν
2619 4345 2712 4404 οὖν
2747 4349 2810 4406 τὸ
2836 4350 3052 4422 ψωμίον
3090 4351 3336 4419 ἐκεῖνος,
3369 4351 3574 4416 εὐθέως
3613 4351 3872 4420 ἐξῆλθεν.

557 4457 743 4513 exivit
769 4455 1050 4513 continuo.
1108 4449 1239 4504 Erat
1265 4453 1446 4500 autem
1483 4458 1612 4497 nox.
1647 4459 1668 4493 ι

1387 4459 1446 4497 un
1483 4458 1612 4497 nox.
1647 4459 1668 4493 ι
2020 4529 2031 4531 _
2095 4530 2106 4531 ί
2193 4475 2234 4531 D
2265 4438 2373 4497 Ἦν
2398 4444 2455 4498 δέ
2482 4443 2580 4510 νὺξ
2607 4444 2696 4498 ὅτε
2726 4443 2938 4514 ἐξῆλθε.
2975 4463 2995 4498 ι

641 4549 847 4616 Quarta
877 4545 994 4601 dies
1022 4550 1137 4596 erat
1180 4553 1301 4592 cum
1329 4537 1560 4592 Satanas
1592 4531 1742 4587 misit
1771 4531 1824 4583 in
1880 4546 1976 4585 cor
2008 4529 2158 4585 Iudae
2196 4529 2220 4531 ’

2333 4537 2412 4606 Τῇ
2445 4536 2665 4607 τετράδι
2707 4537 2961 4590 ἐνέϐαλεν
2994 4537 3023 4590 ὁ
3052 4538 3300 4602 Σατανᾶς
3351 4538 3445 4591 τὸν
3492 4537 3706 4591 Ἰούδαν
3735 4580 3750 4602 ,
3783 4540 3865 4591 ἵνα

561 4652 633 4696 ιυι
667 4640 955 4695 Dominum
1003 4631 1268 4694 traderet,
1321 4637 1377 4682 et
1420 4623 1608 4694 quinta
1661 4622 1750 4677 die
1792 4623 1894 4678 sub
1947 4632 2159 4679 noctem

2278 4630 2446 4700 προδῷ
2475 4630 2566 4683 τὸν
2595 4631 2824 4702 Κύριον,
2853 4632 2948 4686 καὶ⁵
2977 4630 3210 4702 ἐλάλησε
3239 4631 3397 4686 τοῦτο
3426 4632 3538 4693 τοῖς
3585 4632 3886 4692 Ἰουδαίοις·

559 4735 642 4790 de
666 4735 769 4789 hoc
809 4729 1112 4786 collocutus
1144 4733 1228 4778 est
1258 4719 1427 4777 ludas
1459 4733 1581 4773 cum
1609 4714 1833 4772 Judaeis.
1865 4717 2000 4773 Cum
2031 4731 2162 4789 ergo

2269 4723 2325 4792 τῇ
2354 4722 2584 4796 πέμπτῃ
2603 4722 2836 4794 ἑσπέρᾳ.
2879 4723 3101 4794 Ἐπειδὴ
3130 4718 3241 4776 εἶδε
3263 4722 3356 4776 τὸν
3400 4721 3606 4776 Ἰούδαν
3631 4720 3877 4777 θέλοντα

574 4827 712 4882 vidit
759 4823 957 4879 Judam
1007 4815 1298 4872 Dominum
1328 4812 1546 4869 tradere
1579 4811 1756 4881 reipsa
1801 4811 2068 4866 volentem
2105 4817 2161 4864 et

2273 4813 2408 4885 ἔργῳ
2461 4814 2804 4885 παραδοῦναι
2856 4815 2949 4869 τὸν
3003 4815 3238 4886 Κύριον,
3289 4815 3386 4868 καὶ
3432 4813 3753 4868 σπεύδοντα
3793 4817 3881 4874 εἰς

561 4922 625 4976 in
654 4921 757 4973 hoc
779 4929 916 4984 opus
931 4919 1337 4984 properantem,
1368 4905 1615 4962 introivit
1651 4903 1706 4959 in
1747 4918 1869 4960 cum
1901 4902 2153 4956 Satanas.

2273 4905 2440 4971 τοῦτο,
2467 4908 2591 4961 τότε
2619 4908 2870 4978 εἰσῆλθεν
2895 4909 2975 4972 εἰς
3002 4907 3188 4962 αὐτόν.
3220 4906 3383 4961 Ἄλλο
3411 4901 3503 4959 οὖν
3529 4907 3647 4958 ἐστι
3677 4906 3747 4958 τὸ
3772 4907 3881 4974 ἐμο

565 5009 732 5067 Διίιιᾱ
766 5005 910 5061 enim
945 5012 1031 5058 est
1069 5001 1285 5056 mittere
1308 4999 1362 5055 in
1391 5013 1487 5054 cor
1515 4996 1707 5066 ipsius,
1738 4994 1881 5048 aliud
1904 4993 1958 5046 in
1982 4991 2154 5060 ipsum

2275 4998 2475 5065 ϐαλεῖν,
2513 4999 2610 5051 καὶ
2642 4999 2773 5052 ἄλλο
2801 4998 2862 5052 τὸ
2892 4998 3157 5052 εἰσελθεῖν
3183 4999 3263 5063 είς
3291 4998 3476 5060 αὐτὸν,
3500 4995 3707 5066 ’ὥσπερ
3741 4996 3883 5050 ἄλλο

572 5097 822 5161 introire,
851 5093 1305 5167 quemadmodum
1367 5089 1513 5145 aliud
1572 5095 1659 5143 est
1718 5084 1880 5138 alicui
1936 5096 2156 5136 manum

2275 5089 2386 5142 ἐστὶ
2412 5089 2473 5142 τὸ
2505 5088 2706 5160 πλῆξαί
2735 5106 2856 5142 τινα
2883 5089 3029 5160 χειρὶ
3051 5087 3275 5155 ἔξωθεν,
3307 5088 3403 5141 καὶ
3425 5085 3556 5142 ἄλλο
3585 5085 3649 5138 τὸ
3675 5083 3883 5138 δοῦναι

573 5191 895 5258 impingere,
934 5187 1078 5242 aliud
1131 5185 1206 5240 illi
1237 5183 1435 5241 letltale
1487 5179 1684 5235 vulnus
1707 5189 1763 5233 et
1800 5175 2036 5246 gladium
2068 5175 2152 5228 in-

2068 5175 2152 5228 in-
2265 5184 2375 5237 τινὶ
2413 5182 2637 5254 καιρίαν
2669 5184 2763 5237 καὶ
2797 5181 3096 5252 είσωθῆναι
3126 5181 3188 5236 τὸ
3222 5180 3397 5250 ξίφος.
3434 5175 3664 5252 [Cum]

575 5284 760 5353 figere.

644 5375 810 5434 Vens.
854 5376 946 5431 32.
983 5395 1004 5428 ι
1039 5374 1095 5430 Si
1154 5371 1297 5427 Deus
1349 5369 1684 5426 clariﬁcattts
1748 5380 1832 5421 est
1863 5367 1913 5420 in
1950 5378 2038 5428 co,
2096 5371 2153 5416 et

2338 5388 2356 5421 ι
2389 5371 2450 5422 El
2482 5370 2510 5421 6
2541 5366 2677 5430 Θεὸς
2700 5365 2960 5436 ἐδοξάσθη
2992 5371 3050 5421 ἐν
3085 5364 3255 5435 αὐτῷ,
3289 5363 3384 5420 καὶ
3417 5365 3446 5417 6
3477 5362 3615 5426 Θεὸς
3642 5362 3889 5430 δοξάσει

569 5469 716 5528 Deus
763 5470 1085 5528 clarlcabit
1141 5483 1265 5524 eum
1299 5467 1353 5521 in
1410 5465 1749 5532 semetipso:
1785 5469 1842 5516 et
1893 5457 2154 5514 continuo

2001 5457 2154 5512 tinuo
2263 5461 2426 5515 αὑτὸν
2458 5463 2515 5514 ἐν
2547 5460 2748 5527 ἐαυτῷο
2785 5459 2880 5511 καὶ
2913 5457 3074 5522 εὐθὺς
3105 5455 3320 5522 δοξάσει
3353 5453 3540 5509 αὐτόν.
3581 5471 3603 5508 ι

568 5564 890 5620 clariﬁcabit
917 5579 1063 5619 eum.
1108 5581 1128 5613 θ

637 5747 684 5780 ³⁹
717 5745 863 5806 Paul.
898 5758 990 5811 XL,
1025 5742 1112 5796 i6.
