4072 6408
276 294 413 359 1435

1307 302 1770 367 FRAGMENTA
1818 304 1902 366 IN
1941 305 2003 365 S.
2042 306 2415 371 JOANNEM.

3404 316 3540 386 1486

356 416 414 466 ὐ
438 414 701 483 Χριστὸς,
734 413 811 478 ὡς
841 415 933 473 διά
956 419 1053 474 τοῦ
1078 419 1215 475 ίδίου
1263 419 1495 475 θανάτου
1540 415 1857 483 θανατώσας

2015 420 2289 492 Christus,
2327 434 2388 480 ut
2422 424 2515 495 qui
2547 430 2770 498 propria
2805 444 2905 486 sua
2938 442 3119 488 morte
3176 441 3411 489 mortem
3442 441 3540 493 de-

270 506 364 562 τδν
401 510 668 583 θάνατον,
703 510 1002 584 ἐδοξάσθη,
1035 512 1309 568 διδάσκων
1350 512 1435 566 ὅτι
1461 510 1523 565 τὸ
1566 510 1857 582 ὑπομεῖναι

271 602 363 660 διὰ
383 603 477 658 τὸν
505 603 641 659 Θεὸν
665 604 1026 672 έπονείδιστα,
1060 604 1191 673 δόξα
1221 605 1394 663 ἐστίν.

345 697 426 751 Δι’
449 696 643 752 ἑαυτοῦ
668 698 699 752 ὁ
729 696 915 771 Πατὴρ
950 697 1169 764 δοξάσει
1194 698 1286 753 τὸν
1307 697 1461 761 Υίὺν,
1494 696 1591 759 καὶ
1619 692 1802 761 εὐθὺς,
1830 694 1861 748 ὃ

273 785 423 838 ἐστιν
443 786 503 838 ὲν
522 783 601 856 τῷ
629 786 872 858 σταυρῷ,
898 787 988 857 ἦτε
1012 787 1042 840 ό
1064 786 1218 859 ήλιος
1242 785 1556 858 ἐσκοτίσθη,
1578 788 1634 840 αί
1657 786 1858 857 πέτραι

273 877 629 949 ἐσχίσθησαν,
657 879 755 932 καὶ
780 878 921 949 μετά
948 882 1288 952 πεντήκοντα
1312 878 1529 951 ἡμέρας
1551 877 1614 932 τὸ
1636 877 1861 949 Πνεῦμα

273 970 536 1026 κατελθὸν
564 973 698 1026 πᾶσι
726 972 1030 1044 κατάδηλον
1061 972 1288 1042 εποίησε
1315 971 1408 1025 τὸν
1440 970 1591 1025 Υίόν.

349 1081 369 1115 ι
416 1062 670 1135 Ἐντολὴν
705 1064 900 1136 καινὴν
931 1063 1127 1135 δίδωμι
1157 1064 1308 1136 ὑμῖν,
1329 1064 1445 1117 Ἵνα
1476 1062 1726 1131 ἀγαπᾶτε
1758 1060 1859 1115 ἀλ-

270 1155 488 1228 λήλους,
513 1154 697 1220 καθὼς
719 1155 986 1227 ⁴ίιγάτιςησα
1005 1157 1172 1228 ὑμᾶς,
1202 1155 1286 1211 ἵνα
1315 1155 1410 1210 καὶ
1429 1155 1589 1226 ὑμεῖς
1607 1154 1856 1223 ἀγαπᾶτε

272 1247 559 1318 ἀλλήλους.
598 1265 618 1301 ο

344 1341 549 1396 Καινόν
578 1343 694 1396 ἐστι
717 1342 781 1396 τδ
804 1338 945 1407 εἶδος
967 1340 1069 1413 τῆς
1099 1340 1321 1411 έντολῆς
1348 1339 1573 1411 ταύτης,
1597 1340 1696 1393 καὶ
1714 1338 1856 1410 ὑπὲρ

272 1437 437 1507 νόμον
466 1435 526 1490 τὸ
551 1438 774 1509 ἀγαπᾷν
806 1436 898 1492 τὸν
924 1434 1155 1508 πλησίον
1192 1434 1337 1506 ὑπὲρ
1367 1434 1586 1490 ἑαυτόν.
1616 1434 1690 1487 Οὐ
1720 1432 1858 1485 θέλω

275 1530 421 1600 ὑμᾶς
451 1529 673 1602 ἀγαπᾷν
700 1530 945 1593 ἐκείνους
976 1528 1070 1593 οὓς
1109 1529 1458 1602 χρεωστεῖτε,
1488 1526 1606 1581 ἀλλ’
1632 1519 1716 1589 οἷς
1758 1525 1858 1579 οὐκ

272 1620 519 1690 ὀφείλετε
545 1636 560 1651 ·
586 1621 683 1675 καὶ
708 1620 819 1693 γὰρ
850 1619 1007 1691 κάγὼ
1044 1621 1188 1692 ὑπὲρ
1209 1619 1365 1692 ὑμῶν
1393 1616 1743 1688 ἀποθνήσκω,
1776 1609 1858 1680 οἷς

271 1710 426 1766 οὐδὲν
460 1711 757 1783 ὲποφείλω.

1964 513 2175 583 leverit,
2208 516 2544 573 clariﬁcatus
2563 526 2666 587 est,
2702 534 2803 576 nos
2834 522 3058 586 docens,
3100 523 3265 578 etiam
3299 526 3535 595 probro-

1961 605 2176 661 sissima
2205 620 2434 677 qumque
2459 621 2558 678 pro
2585 608 2692 665 Deo
2715 612 2950 681 perpeti,
2982 612 3284 681 gloriosum.
3317 631 3464 673 esse.

2019 695 2125 752 Per
2153 701 2502 769 semetipsum
2544 701 2703 758 Pater
2722 702 3044 760 clariﬁcabit
3068 704 3288 775 Filium,
3322 718 3377 764 et
3405 724 3539 765 con-

1962 787 2134 856 tinuo,
2165 789 2217 845 id
2254 799 2336 846 est
2363 791 2416 845 in
2453 807 2636 859 cruce,
2673 808 2797 849 cum
2825 794 2907 851 sol
2942 796 3275 855 obscuratus
3305 809 3410 866 est,
3436 814 3536 870 pe-

1962 886 2060 935 trae
2104 880 2287 937 scissae
2315 891 2462 949 sunt,
2512 893 2569 939 et
2598 895 2717 955 post
2738 885 3134 958 quinquaginta
3171 889 3288 945 dies
3315 890 3539 947 descen-

1959 972 2094 1029 dens
2124 972 2359 1044 Spiritus
2388 975 2640 1033 omnibus
2668 988 2850 1035 notum
2877 978 3004 1034 fecit
3034 977 3252 1035 Filium.

2011 1063 2176 1121 Vsus.
2211 1066 2301 1121 54.
2342 1084 2362 1119 ι
2399 1064 2711 1124 Mandatum
2752 1084 2952 1127 novum
2977 1070 3047 1127 do
3078 1072 3279 1128 vobis:
3314 1070 3387 1127 Ut
3417 1073 3541 1129 dili-

1959 1157 2098 1227 gatis
2139 1156 2392 1227 invicem,
2451 1160 2590 1214 sicut
2622 1159 2787 1217 dilexi
2818 1176 2937 1230 vos,
2968 1171 3028 1219 ut
3071 1171 3127 1220 et
3150 1177 3247 1220 vos
3299 1164 3538 1235 diligatis

1959 1247 2213 1305 invicem.
2242 1266 2262 1301 ι

2009 1338 2161 1397 Nova
2188 1348 2272 1397 est
2300 1341 2472 1398 forma
2508 1344 2748 1400 mandati
2786 1344 2969 1415 hujus,
3008 1355 3065 1404 et
3097 1347 3270 1419 legem
3298 1351 3534 1417 excedit,

1960 1441 2016 1485 ut
2047 1431 2170 1500 quis
2205 1442 2353 1487 amet
2398 1434 2702 1503 proximum
2734 1434 2855 1504 plus
2896 1451 3058 1506 quam
3102 1441 3362 1509 seipsum.
3419 1441 3536 1498 Non

1958 1521 2079 1577 volo
2109 1536 2206 1578 vos
2231 1537 2419 1578 amare
2453 1537 2549 1580 eos
2580 1524 2777 1595 quibus
2804 1527 3055 1585 obstricti
3083 1531 3240 1599 estis,
3286 1531 3382 1587 sed
3417 1535 3538 1604 qni-

1957 1613 2060 1669 bus
2100 1612 2235 1669 nihil
2264 1613 2508 1681 debetis;
2559 1631 2685 1671 nam
2736 1626 2794 1673 et
2844 1632 2943 1689 ego
2972 1633 3074 1690 pro
3117 1620 3273 1677 vobis
3305 1635 3535 1679 mortem

1958 1712 2179 1775 oppeto,
2211 1705 2410 1774 quibus
2443 1707 2576 1764 nihil
2596 1709 2789 1766 debeo.

349 1765 388 1857 ἶ
415 1765 1053 1878 Ἔντύύτῳ-γνὼσονται
1085 1803 1309 1869 πάντες,
1340 1800 1424 1857 ὅτι
1454 1799 1582 1874 ἐμοὶ
1614 1800 1854 1874 μαθηταί

2026 1795 2189 1854 Vsus.
2224 1798 2314 1855 55.
2357 1818 2377 1852 ι
2414 1800 2473 1856 In
2508 1801 2612 1857 hoc
2655 1813 3025 1874 congnoscent
3083 1820 3271 1863 omnes
3303 1808 3432 1877 quia
3460 1810 3539 1862 di-

272 1896 419 1965 έστε,
450 1897 547 1953 ὲάν
579 1896 802 1967 ἀγάπην
821 1894 984 1967 ἔχητε
1013 1894 1073 1948 ὲν
1101 1894 1373 1967 ἀλλήλοις.
1408 1913 1428 1946 δ

346 2072 463 2127 Οὐκ
511 2070 571 2138 ἒξ
616 2066 693 2127 ὧν
739 2071 947 2127 ποιεῖτε
1000 2070 1245 2141 σημείων
1299 2069 1719 2141 γνωσθήσεσθε,
1773 2071 1857 2124 ὅτι

277 2165 527 2238 μαθηταί
562 2165 667 2238 μού
693 2167 820 2220 έστε
852 2166 1053 2238 (τοῦτο
1078 2166 1189 2237 γάρ
1222 2165 1342 2219 ὅλον
1372 2165 1471 2235 τῆς
1505 2163 1714 2218 ἄνωθέν
1741 2164 1856 2218 ἐστι

275 2257 559 2330 χάριτος),
581 2257 697 2312 ἀλλ’
721 2258 783 2324 έξ
808 2255 885 2313 ὧν
905 2259 1157 2329 ἀγαπᾶτε
1178 2255 1465 2328 ἀλλήλους,
1490 2256 1586 2309 καὶ
1603 2256 1856 2326 ὁμόνοιαν

274 2349 462 2421 ἔχετε,
496 2350 600 2404 καὶ
629 2350 693 2404 οὐ
728 2348 1033 2422 χωρίζεσθε
1089 2346 1320 2402 ἑαυτῶν.
1375 2345 1434 2399 '0
1470 2345 1706 2417 Χριστος
1730 2346 1857 2408 Υἱός

272 2444 423 2496 ἐστιν
455 2441 703 2513 ἀγάπης,
730 2443 788 2505 ὃς
822 2443 972 2496 ἐστιν
1016 2441 1051 2512 ή
1082 2436 1225 2492 κατὰ
1267 2438 1430 2506 φύσιν
1481 2437 1673 2508 ἀγάπη
1698 2475 1714 2501 ,
1764 2437 1859 2489 καὶ

271 2533 486 2604 καρπὸς
516 2534 762 2607 ἀγάπης,
795 2533 898 2588 οὐκ
926 2532 1220 2604 ἐπίκτητον
1249 2528 1389 2601 ἔχων
1418 2529 1480 2583 τὸ
1506 2528 1608 2600 τῆς
1637 2526 1859 2599 ἀγάπης

270 2623 498 2693 ἀγαθόν.

355 2731 376 2765 ι
401 2712 567 2781 Λέγει
592 2711 740 2783 αύτῷ
770 2711 954 2783 Σίμων
981 2712 1206 2784 Πέτρος·
1238 2711 1436 2783 Κύριε,
1461 2709 1566 2764 ποῦ
1587 2710 1856 2779 ύπάγειςς

288 2802 590 2874 ’Δπεκρίθη
615 2802 765 2874 αὐτῷ
791 2806 821 2857 ὁ
879 2803 1120 2874 Ἰησοῦς·
1156 2802 1332 2856 Ὅπου
1372 2796 1485 2871 ἑγὼ
1522 2801 1754 2871 ὑπάγω,
1795 2802 1858 2856 ού

269 2895 498 2950 δύνασαί
535 2913 626 2968 μοι
658 2895 752 2950 νῦν
782 2894 1177 2966 ἀκολουθῆσαι⁶
1209 2892 1439 2965 ὕστερον
1474 2892 1533 2947 δὲ
1559 2891 1860 2964 ἀκολουθή-

272 3003 389 3050 σεις
422 3004 535 3058 μοι.
564 3005 588 3040 r

343 3078 530 3144 Τύπος
558 3081 692 3152 ἡμῖν
720 3077 916 3148 γέγονε
949 3076 1160 3150 Πέτρος
1197 3077 1413 3150 ἐρωτᾷν
1450 3075 1581 3140 τοὺς
1600 3074 1859 3131 διδασκὼ
1886 3120 1930 3177 C

270 3171 397 3235 λους
428 3170 573 3244 ἀπερ
605 3170 931 3242 ἀγνοοῦμεν.

340 3283 440 3337 Διά
468 3284 529 3337 τὸ
549 3282 781 3355 ἀδρανὲς
800 3279 1139 3354 ἀπαγορεύει
1158 3280 1238 3352 τῷ
1250 3280 1447 3353 Πέτρῳ
1462 3279 1860 3353 ἀκολουθήσειν

268 3376 418 3447 αὐτῷ
437 3416 452 3440 ,
478 3374 705 3447 ὕστερον
733 3374 793 3428 δὲ
827 3375 1170 3445 ὑπισχνεῖται
1195 3372 1287 3427 διά
1312 3372 1375 3427 τὺ
1416 3370 1681 3445 εὔτολμον
1701 3415 1720 3440 ,
1761 3371 1861 3428 καὶ

270 3469 461 3539 ἐπειδὴ
488 3466 584 3522 καὶ
612 3466 775 3530 αὐτὸς
801 3466 879 3531 ὡς
903 3466 933 3519 ό
959 3466 1198 3537 Χριστὸς
1227 3464 1424 3537 ἔμελλε
1449 3464 1858 3539 σταυρωθῆναι,

268 3559 531 3632 προλέγει
558 3559 620 3612 τὸ
656 3557 852 3630 μέλλον
885 3557 1035 3628 αὐτῷ
1066 3558 1214 3629 μόνῳ
1235 3555 1635 3630 συμϐήσεσθαι.

346 3671 366 3704 ι
408 3648 707 3725 ’Δπεκρίθη
738 3649 890 3721 αύτῷ
922 3651 952 3704 ό
989 3649 1218 3721 Ἰησοῦς·
1250 3649 1362 3722 Τὴν
1382 3649 1564 3722 ψυχήν
1591 3667 1686 3704 σου
1715 3649 1857 3725 ὑπὲρ

265 3743 405 3817 ἑμοῦ
436 3744 652 3816 θήσεις;
685 3742 880 3814 Ἀμὴν,
907 3741 1056 3813 ἀμὴν
1081 3740 1228 3811 λέγω
1249 3759 1335 3796 σοι
1359 3756 1374 3770 ·
1409 3743 1470 3797 ού
1497 3742 1573 3816 μὴ
1603 3742 1857 3816 ἀλέκτωρ

269 3838 534 3908 φωνήσει,
564 3836 671 3900 ἕως
692 3830 754 3890 οὗ
781 3834 1076 3906 ἀπαρνήσῃ
1112 3850 1181 3905 με
1210 3833 1352 3905 τρίς.
1388 3852 1407 3885 ι

347 3927 589 3998 Ἐπειδὴ,
610 3927 797 3998 φησὶν,
817 3926 879 3980 ού
898 3925 1076 3990 θέλεις
1092 3914 1473 3996 πιστευθῆναι,
1490 3925 1572 3979 ὅτι
1592 3925 1855 3982 ἀδύνατόν

266 4019 387 4075 ἔστι
412 4021 488 4092 μὴ
518 4020 775 4091 γενέσθαι
802 4019 832 4073 δ
856 4018 1023 4089 λέγω,
1048 4020 1107 4073 ὲν
1137 4020 1207 4089 τῇ
1235 4017 1467 4087 ἀρνήσει
1490 4017 1623 4071 αὐτὸ
1645 4016 1852 4090 γνώσῃ.

266 4112 439 4167 Τοῦτο
477 4112 535 4166 δὲ
576 4111 812 4182 ὑπέστη,
853 4111 914 4165 ού
948 4109 1045 4165 τοῦ
1088 4107 1331 4181 Χριστοῦ
1371 4106 1535 4163 αὑτὸν
1571 4108 1655 4172 είς
1695 4108 1855 4164 τοῦτο

264 4205 589 4276 ἀγαγόντος,
620 4203 737 4258 ἀλλ’
757 4203 1020 4267 έάσαντος
1038 4202 1205 4258 αὑτὸν
1231 4201 1460 4274 ἔρημον,
1490 4199 1578 4255 ἵνα
1605 4201 1681 4274 μὴ
1710 4201 1851 4275 ἀρθῇ

265 4299 347 4364 είς
369 4298 650 4353 ἀπόνοιαν.
687 4296 898 4368 Μηδεὶς
926 4295 1134 4364 λεγέτω
1155 4296 1240 4350 ὅτι
1267 4296 1297 4351 ὀ
1322 4293 1530 4365 Πέτρος
1567 4293 1658 4348 διά
1692 4293 1854 4349 τοῦτο

266 4395 576 4466 ἠρνήσατο,
612 4391 695 4445 ὃτι
737 4387 892 4444 εἶπεν
937 4389 968 4442 ό
1020 4388 1257 4461 Χριστός
1283 4404 1297 4421 ’
1342 4387 1406 4441 ού
1439 4388 1550 4459 γὰρ
1598 4386 1850 4458 ἀνάγκην

266 4485 536 4556 ἐπέθηκεν
567 4482 737 4554 αὐτῷ,
766 4484 909 4538 ὥστε
940 4482 1117 4537 ἐλθεῖν
1147 4480 1312 4535 αὐτὸν
1339 4480 1420 4544 είς
1450 4479 1701 4553 ἄρνησιν⁹
1733 4478 1852 4534 ἀλλ’

265 4576 404 4648 ὅπερ
436 4574 626 4645 ἔμελλε
651 4584 673 4614 ο
708 4574 927 4639 πάντως
958 4573 1199 4642 ἔσεσθαι,
1229 4571 1491 4646 προλέγει
1516 4570 1596 4645 τῷ
1626 4571 1846 4645 μαθητῇ

263 4667 342 4730 ὡς
377 4667 528 4731 Θεός.
561 4665 676 4720 Οὐκ
703 4665 763 4731 ἐξ
791 4663 1023 4720 ἀπίστου
1057 4665 1114 4720 δὲ
1142 4664 1325 4737 ψυχῆς
1361 4664 1589 4736 γέγονεν
1617 4666 1651 4737 ἡ
1680 4665 1849 4737 ἀρνη-

263 4774 370 4826 σις,
401 4757 520 4818 ἀλλ’
553 4756 616 4826 ὲξ
636 4756 946 4820 ἀσθενείας.

859 4955 1112 5011 ΚΕΦΑΛ.
1144 4951 1247 5010 iA'.

340 5108 360 5143 ι
404 5089 517 5144 Καὶ
552 5085 675 5145 εἷπε
700 5093 815 5156 τοῖς
846 5090 1118 5164 μαθηταῖς
1146 5087 1336 5144 αὐτοῦ·
1364 5086 1458 5160 Μὴ
1480 5085 1839 5159 ταρασσέσθω

259 5181 415 5252 ὑμῶν
446 5183 481 5253 ἡ
510 5183 729 5255 καρδία.
760 5183 1054 5239 Πιστεύετε
1083 5183 1166 5246 εἰς
1197 5180 1289 5235 τὸν
1321 5179 1478 5245 Θεὸν,
1505 5180 1602 5233 καὶ
1634 5178 1715 5241 είς
1738 5177 1840 5249 ἐμὲ

257 5271 563 5327 πιστεύετε.
615 5291 635 5325 s

327 5364 403 5418 Οὐ
431 5365 653 5431 πάντες,
688 5365 826 5437 φησὶ
845 5406 862 5433 ,
892 5364 1118 5439 μέλλετέ
1153 5382 1223 5437 με
1256 5364 1602 5436 ἀρνήσασθαι
1621 5403 1637 5429 ,
1682 5363 1779 5423 καὶ
1805 5364 1840 5435 ἡ

257 5456 486 5527 ἄρνησις
509 5456 606 5509 τοῦ
637 5457 846 5529 Πέτρου
874 5458 965 5514 διά
992 5458 1097 5530 τῆς
1132 5456 1504 5530 μεταμελείας
1527 5457 1623 5516 καὶ
1646 5455 1842 5528 ὁμολο-

257 5548 383 5617 γίας
408 5536 880 5617 ὲξαλειτθήσεται.

340 5729 363 5757 ⁰
392 5722 488 5783 Cr.
513 5724 740 5799 ήμελλε.

1963 1886 2154 1957 scipuli
2183 1887 2292 1944 mei
2317 1889 2473 1954 estis,
2504 1888 2550 1945 si
2584 1888 2934 1949 dilectionem
2961 1894 3261 1951 habueritis
3301 1899 3370 1952 ad
3404 1897 3541 1953 invi-

1964 1991 2104 2033 εθιη.
2138 1997 2160 2033 ἀ

2014 2067 2131 2124 Non
2160 2084 2228 2125 ex
2258 2069 2431 2142 signis
2452 2086 2572 2141 qua:
2601 2073 2803 2142 facitis,
2834 2076 3244 2144 cognoscemini
3281 2094 3405 2135 esse
3436 2084 3538 2134 mei

1966 2160 2212 2232 discipuli
2242 2163 2403 2234 (nam
2433 2164 2537 2220 hoc
2558 2174 2730 2222 totum
2757 2182 3008 2237 supernae
3034 2170 3224 2239 gratia:
3252 2172 3411 2240 est);
3444 2174 3538 2227 sed

1964 2269 2034 2309 ex
2063 2254 2356 2311 dilectione
2403 2270 2570 2327 quam
2616 2257 2919 2316 habueritis
2968 2263 3038 2316 ad
3074 2262 3333 2330 invicem,
3385 2274 3440 2318 et
3473 2281 3540 2320 ex

1966 2346 2328 2403 consensione
2355 2348 2685 2417 animorum,
2715 2358 2773 2406 et
2802 2351 2945 2421 quod
2970 2353 3177 2409 nluimc
3208 2355 3538 2414 dissideatis.

1965 2437 2219 2495 Christus
2263 2441 2379 2509 ipse
2421 2439 2595 2499 Filius
2622 2452 2705 2499 est
2733 2442 3064 2511 dilectionis,
3102 2446 3302 2516 quippe
3324 2449 3416 2516 qui
3459 2458 3544 2503 est

1966 2539 2165 2585 natura
2193 2544 2291 2586 sua
2324 2531 2588 2600 cbaritas,
2643 2542 2698 2588 et
2730 2533 2941 2591 fructus
2986 2536 3321 2604 dilectionis,
3355 2548 3415 2593 ut
3454 2542 3540 2592 cui

1966 2622 2190 2677 minime
2218 2623 2517 2680 ascititium
2565 2626 2638 2681 sit
2668 2625 2980 2683 dilectionis
3008 2629 3228 2683 bonum.

2024 2710 2192 2770 Vnus.
2225 2712 2316 2770 56.
2347 2730 2369 2766 ι
2397 2714 2539 2770 Dicit
2561 2715 2613 2769 ei
2653 2713 2840 2771 Simon
2881 2714 3109 2771 Petrus:
3144 2716 3388 2780 Domine,
3439 2732 3546 2786 quo

1966 2804 2157 2861 vadis?
2207 2803 2505 2875 Respondit
2528 2803 2723 2862 Iesus:
2774 2804 2893 2873 Quo
2926 2821 3028 2878 ego
3054 2808 3216 2875 vado,
3250 2822 3357 2863 non
3386 2819 3545 2879 potes

1967 2910 2055 2951 me
2079 2896 2243 2952 modo
2265 2896 2418 2966 sequi
2445 2912 2459 2951 :
2490 2897 2736 2968 sequeris
2766 2904 2948 2954 autem
2987 2906 3197 2968 postea.
3230 2916 3250 2950 ι

2024 3072 2342 3144 Exemplum
2383 3070 2540 3129 nobis
2562 3071 2712 3128 dedit
2738 3069 2934 3127 Petrus
2974 3071 3344 3144 interrogandi
3379 3075 3544 3146 magi-

1962 3176 2009 3221 st
2019 3180 2106 3221 ros
2124 3179 2187 3219 ea
2211 3178 2333 3234 quae
2356 3163 2693 3233 ignoramus.

2016 3278 2247 3349 Propter
2298 3277 2726 3335 imbecillitatem
2766 3293 2874 3334 non
2914 3279 3180 3348 permittit
3214 3280 3432 3336 Petrum
3484 3298 3543 3337 se

1960 3371 2136 3442 sequi,
2169 3378 2409 3427 attamen
2440 3378 2664 3441 propter
2697 3369 3127 3435 animositatem.
3169 3379 3224 3427 et
3271 3372 3398 3441 quia
3425 3373 3541 3443 ipse

1959 3477 2183 3536 quoque
2230 3463 2375 3519 sicut
2419 3461 2673 3518 Christus
2724 3461 2778 3517 in
2826 3476 3048 3519 crucem
3104 3465 3349 3533 agendus
3398 3475 3538 3533 erat,

1832 3586 1841 3589 τ
1957 3552 2208 3628 praedicit
2236 3552 2316 3608 illi
2342 3551 2442 3609 soli
2474 3550 2606 3623 quid
2633 3552 2684 3608 ei
2714 3564 3033 3608 eventurum
3058 3561 3224 3608 esset.

2025 3648 2191 3705 Vsus.
2224 3646 2316 3704 38.
2354 3665 2375 3700 ι
2407 3647 2709 3718 Respondit
2739 3647 2789 3703 ei
2819 3645 2980 3704 Jesus
3005 3664 3032 3713 ε,
3072 3646 3327 3701 Animam
3389 3658 3536 3703 tuam

1957 3755 2057 3812 pro
2080 3755 2167 3796 me
2186 3734 2401 3811 pones?
2426 3739 2623 3805 Amen,
2644 3752 2809 3794 amen
2841 3738 2964 3794 dico
2991 3737 3120 3794 tibi:
3169 3754 3274 3794 non
3298 3740 3540 3796 cantabit

1956 3832 2150 3905 gallus,
2174 3832 2347 3889 donec
2374 3840 2459 3888 ter
2481 3846 2568 3888 me
2593 3846 2780 3902 neges.
2812 3850 2833 3884 ι

2029 3922 2188 3991 Cum,
2222 3923 2421 3995 inquit,
2444 3923 2588 3979 nolis
2620 3922 2847 3979 credere
2899 3921 3016 3979 fieri
3069 3937 3174 3978 non
3215 3935 3374 3994 posse
3405 3923 3534 3993 quin

1955 4016 2171 4073 eveniat
2213 4015 2268 4071 id
2319 4015 2465 4086 quod
2498 4014 2640 4080 dico,
2675 4016 2729 4070 in
2782 4014 2897 4085 ipsa
2930 4015 3222 4086 negatione
3252 4017 3305 4071 id
3331 4030 3534 4086 cogno-

1955 4124 2097 4167 sces.
2133 4107 2249 4166 Hoc
2275 4116 2458 4163 autem
2493 4106 2777 4175 sustinuit,
2814 4105 3037 4164 Christo
3072 4122 3418 4178 nequaquam
3469 4111 3535 4163 ad

1955 4201 2060 4258 hoc
2088 4203 2264 4273 ipsum
2308 4200 2621 4267 inducente,
2672 4200 2771 4256 sed
2813 4200 3163 4270 permittente
3211 4201 3387 4271 ipsum
3437 4199 3537 4256 de-

1954 4293 2087 4360 seri,
2116 4307 2183 4348 ne
2218 4300 2544 4362 arroganter
2570 4291 2875 4347 efferretur.
2940 4289 3113 4346 Nemo
3150 4291 3335 4364 itaque
3389 4291 3535 4347 dicat

1952 4384 2174 4442 Petrum
2233 4384 2438 4440 idcirco
2487 4398 2732 4454 negasse,
2790 4383 2917 4457 quia
2977 4382 3227 4438 Christus
3281 4383 3534 4450 dixerat;

1887 4459 1929 4515 θ
1954 4479 2155 4535 nullam
2184 4479 2330 4535 enim
2360 4477 2411 4533 ei
2450 4477 2709 4548 imposuit
2750 4475 3157 4542 necessitatem,
3187 4488 3293 4545 qua
3330 4473 3396 4529 ad
3438 4489 3536 4530 ne-

1952 4574 2191 4642 gandum
2221 4569 2636 4641 impelleretur:
2669 4568 2765 4624 sed
2816 4567 2963 4640 quod
3012 4568 3234 4623 omnino
3291 4568 3532 4622 futurum

1952 4670 2211 4732 tanquam
2250 4660 2391 4716 Deus
2426 4659 2694 4729 discipulo
2755 4659 3024 4730 praedixit.
3056 4658 3172 4715 Non
3218 4668 3405 4714 autem
3458 4673 3527 4714 ex

1950 4753 2134 4808 animo
2200 4750 2506 4817 incredula,
2577 4754 2672 4808 sed
2744 4767 2811 4807 ex
2876 4749 3249 4808 imbecillitate
3317 4751 3534 4823 negatio

1946 4845 2174 4902 exstitit.

2575 4957 2726 5015 CAP.
2759 4954 2899 5011 XIV.

2012 5089 2179 5147 Vens.
2214 5089 2267 5145 1.
2302 5109 2322 5142 ι
2350 5088 2421 5146 Et
2452 5089 2592 5146 dixit
2635 5088 2917 5159 discipulis
2954 5085 3104 5145 suis:
3134 5092 3250 5146 Non
3281 5089 3530 5147 turbetur

1947 5196 2046 5238 cor
2078 5189 2341 5238 vestrum.
2367 5181 2608 5239 Creditis
2653 5179 2710 5236 in
2739 5172 2934 5247 Deuin,
2961 5188 3016 5236 et
3049 5180 3105 5236 in
3132 5195 3218 5237 me
3245 5180 3472 5239 credite.
3502 5202 3522 5235 ι

2006 5358 2125 5417 Non
2177 5372 2393 5424 omnes,
2446 5359 2645 5429 inquit,
2705 5372 2795 5422 me
2841 5357 3129 5429 negabitis,
3166 5356 3262 5413 sed
3316 5366 3374 5412 et
3412 5356 3528 5426 ipsa

1947 5450 2090 5511 Petri
2146 5451 2366 5518 negatio
2417 5465 2515 5520 per
2566 5449 2946 5522 panitentiam
3014 5457 3071 5505 et
3129 5447 3528 5505 confessionem

1943 5540 2271 5599 abolebitur.
