4072 6390
585 329 589 336 .
615 279 755 343 1487

1741 283 2077 345 AMMONII
2118 285 2650 351 ALEXANDRINI

3743 303 3882 369 1488

674 397 833 450 Vens.
867 399 917 450 5.
957 415 973 447 ι
1005 397 1068 448 Et
1107 396 1150 449 si
1181 396 1388 459 abiero,
1418 404 1473 450 et
1500 410 1876 465 pratparavero
1911 399 2065 453 vobis
2111 398 2175 453 lo-

2373 419 2391 453 ι
2436 404 2545 456 Καὶ
2583 407 2679 460 ἐὰν
2729 407 2983 479 πορευθῶ
3031 411 3125 463 καὶ
3176 412 3453 484 ἑτοιμάσω
3500 417 3630 489 ὑμῖν
3678 422 3875 488 τόπον,

617 505 738 542 etim
765 507 775 540 :
807 489 995 541 iterum
1039 487 1213 553 venio,
1248 497 1300 542 et
1346 488 1613 558 accipiam
1647 503 1744 544 vos
1797 489 1864 543 ad
1904 488 2191 559 meipsum,

619 590 674 632 ut
699 580 784 632 ubi
819 593 936 632 sum
969 591 1088 648 ego,
1109 587 1163 632 et
1186 592 1282 633 vos
1313 578 1456 633 sitis.
1497 596 1517 631 ι

680 670 795 725 Non
833 671 1234 724 ascendendum
1278 681 1361 725 est
1392 680 1451 725 ut
1477 685 1662 741 parem
1696 671 1846 726 vobis
1868 670 2066 736 locum,
2099 673 2194 726 sed

616 773 674 816 ut
707 771 1032 832 potestatem
1071 763 1228 817 vobis
1264 761 1456 816 faciam
1500 761 1824 816 ascendendi
1867 763 1932 816 ad
1977 764 2194 832 angelo-

619 870 734 906 rum
768 853 1116 920 domicilium,
1148 854 1288 922 quod
1340 853 1604 908 universa:
1626 855 1777 908 carni
1804 863 1919 908 erat
1947 855 2192 911 inacces-

616 959 756 996 sum.
791 941 925 996 Cum
955 943 1139 1012 itaque
1191 943 1293 997 hoc
1336 957 1618 1014 peregero,
1676 945 1729 998 in
1779 947 2192 1014 regeneratione

615 1038 793 1086 denuo
825 1034 1059 1099 rediens,
1095 1034 1356 1104 accipiam
1388 1051 1488 1091 vos
1535 1037 1603 1091 ad
1631 1036 1918 1106 meipsum,
1971 1047 2030 1093 ut
2072 1039 2192 1094 sitis

614 1127 702 1179 ubi
737 1140 854 1179 sum
877 1140 995 1195 ego.

671 1217 831 1269 Vens.
863 1216 913 1270 6.
955 1233 974 1266 ι
1009 1216 1150 1271 Dicit
1176 1217 1224 1272 ei
1255 1216 1418 1275 Jesus
1453 1237 1469 1275 ι
1521 1221 1633 1290 Ego
1677 1235 1794 1276 sum
1855 1221 1963 1287 via,
2008 1230 2062 1278 et
2099 1235 2189 1274 ve-

617 1310 769 1371 ritas,
816 1316 869 1363 et
925 1309 1056 1362 vita.
1113 1308 1286 1367 Nemo
1325 1313 1475 1368 venit
1508 1315 1574 1368 ad
1618 1311 1864 1382 Patrem,
1937 1316 2043 1370 nisi
2093 1329 2188 1384 per

613 1417 716 1456 Inc.
758 1420 776 1451 ι

680 1492 773 1544 Via
802 1501 903 1556 cst,
934 1493 1060 1562 quia
1097 1508 1193 1563 per
1228 1494 1402 1564 ipsum
1430 1495 1744 1562 veniebant,
1773 1506 1826 1551 et
1850 1498 1964 1566 ipse
1995 1506 2186 1568 potens

611 1595 729 1639 erat
765 1602 858 1640 eos
883 1588 948 1640 ad
973 1587 1201 1642 Patrem
1247 1590 1549 1644 adducere:
1586 1591 1811 1656 veritas,
1857 1593 1980 1660 quia
2026 1593 2079 1646 itt
2119 1607 2185 1648 eo

2294 490 2459 544 πάλιν
2481 492 2734 564 ἔρχομαι,
2759 496 2854 549 καὶ
2873 499 3266 571 παραλήψομαι
3285 503 3431 575 ὑμᾶς
3451 507 3588 579 πρὸς
3614 510 3872 580 ἐμαυτὸν,

2295 580 2382 634 ἵνα
2407 583 2541 636 ὅπου
2572 587 2687 654 εἰμὶ
2715 587 2846 655 ἐγὼ,
2879 591 2973 643 καὶ
3001 591 3159 661 ὑμεῖς
3189 590 3309 665 ἦτε.
3345 614 3364 648 ι

2362 675 2435 727 Οὐ
2472 676 2577 747 χρὴ
2603 677 2766 732 ἕνεκα
2799 681 2892 733 τοῦ
2923 685 3213 754 ἑτοιμάσαι
3252 689 3382 758 ὑμῖν
3410 691 3574 744 τόπον
3609 694 3874 761 ἀνελθεῖν,

2291 761 2408 816 ἀλλ’
2440 765 2525 817 ἵνα
2552 770 2722 838 νομὴν
2750 772 2960 842 ποιήσω
2994 775 3123 844 ὑμῖν
3151 777 3342 830 ἀνόδου
3365 821 3378 844 ,
3409 781 3541 834 ὅπου
3574 784 3686 837 τῶν
3714 787 3878 853 ἀγγέ-

2293 855 2398 909 λων
2435 858 2768 930 οξκητήριον,
2808 864 2946 932 ὅπερ
2977 866 3178 919 ἄϐατον
3201 864 3268 938 ἦν
3299 869 3450 942 πάσῃ
3489 875 3676 945 σαρκί.
3709 877 3878 928 Ὅταν

2289 939 2384 998 οὖν
2434 950 2645 1017 ποιήσω
2678 951 2835 1004 τοῦτο
2855 970 2877 1016 ,³
2915 955 2972 1006 ἐν
3006 959 3070 1024 τῇ
3113 939 3506 1032 παλιγγενεσία
3531 939 3706 1016 ἐλθὼν
3737 966 3875 1035 λαμ-

2290 1038 2439 1092 ϐάνω
2468 1041 2611 1110 ὑμᾶς
2645 1045 2764 1112 μετ’
2796 1047 3056 1115 ἐμαυτοῦ,
3086 1049 3171 1102 ἵνα
3205 1045 3303 1121 ἦτε
3325 1052 3458 1105 ὅπου
3491 1055 3606 1124 εἰμὶ
3635 1056 3770 1124 ἐγώ.

2365 1239 2384 1272 ι
2416 1223 2581 1288 Λέγει
2612 1224 2762 1296 αὐτῷ
2789 1227 2816 1278 6
2857 1225 3100 1296 Ἰησοῦς·
3141 1225 3284 1296 Ἑγώ
3320 1231 3435 1300 εἰμι
3467 1232 3500 1302 ἡ
3540 1233 3682 1294 ὁδὸς⁹
3719 1235 3811 1287 κηι
3844 1237 3875 1305 ,τ’

2291 1311 2552 1384 ἀλήθεια,
2599 1317 2692 1368 καὶ
2727 1317 2758 1385 ἠ
2790 1317 2924 1387 ζωή.
2975 1317 3165 1381 Οὐδεὶς
3201 1317 3421 1389 ἔρχεται
3462 1322 3601 1393 πρὸς
3635 1323 3729 1377 τὸν
3766 1327 3875 1378 Πα-

2288 1407 2445 1476 τέρα,
2475 1409 2524 1486 εξ
2555 1407 2628 1478 μὴ
2653 1408 2720 1461 δι’
2745 1408 2901 1480 ἐμοῦ.
2937 1428 2956 1461 ι

2367 1499 2518 1562 Ὀδός
2548 1492 2716 1562 ἐστιν,
2745 1501 2827 1552 ὅτι
2857 1499 2922 1553 δι’
2948 1501 3113 1556 αὑτοῦ
3139 1503 3388 1574 ἤρχοντο,
3425 1506 3520 1558 καὶ
3570 1507 3736 1572 αὐτὸς
3770 1509 3864 1562 κύ-

2289 1601 2402 1656 ριος
2429 1582 2497 1657 ἦν
2525 1586 2620 1640 τοῦ
2643 1588 2868 1657 ἀνάγειν
2902 1590 3038 1662 πρὸς
3057 1587 3150 1645 etv
3184 1595 3420 1666 Πατέρα·
3455 1597 3684 1666 ἀλήθεια
3708 1598 3765 1650 δὲ
3788 1601 3873 1651 διὰ

613 1694 717 1731 non
749 1689 830 1732 est
861 1679 1222 1743 mendacium,
1257 1682 1452 1736 etsine
1483 1682 1648 1736 dubio
1684 1683 1800 1738 hmc
1845 1695 2040 1738 erunt:
2074 1687 2175 1739 vita

2285 1677 2384 1748 τὴν
2407 1677 2700 1748 ἀψευδίαν,
2746 1682 2826 1735 ὅτι
2855 1683 3072 1747 πάντως
3100 1685 3274 1739 ταῦτα
3307 1688 3486 1741 ἔσται·
3519 1690 3633 1761 ζωὴ
3679 1692 3759 1755 δὲ,
3793 1694 3874 1744 ὅτι

613 1785 762 1834 vero,
793 1770 915 1838 quia
965 1785 1141 1839 neque
1184 1772 1296 1840 ipsa
1337 1787 1505 1837 mors,
1534 1773 1727 1842 inquit,
1754 1789 1851 1828 vos
1897 1777 2175 1843 prohibere

2286 1771 2406 1823 οὐδὲ
2422 1772 2608 1838 αὐτὸς,
2631 1773 2818 1846 φησιν,
2842 1777 2870 1828 6
2891 1775 3120 1843 θάνατος
3140 1778 3430 1849 δυνήσεται
3459 1752 3605 1851 ὑμᾶς
3620 1752 3774 1835 me
3787 1801 3872 1836 σαι

611 1863 806 1928 potetit
838 1877 903 1914 ue
933 1862 998 1916 ad
1020 1877 1104 1916 me
1128 1863 1376 1916 veniatis.
1410 1862 1501 1916 Via
1528 1874 1631 1930 est,
1661 1880 1756 1934 per
1778 1868 2182 1938 operationem;

612 1954 835 2017 verilas,
873 1953 924 2006 in
968 1965 1226 2022 quantum
1279 1969 1402 2008 vera
1438 1955 1558 2010 ﬁdei
1621 1957 1850 2027 regula;
1899 1959 2028 2027 vita,
2055 1976 2182 2030 qua-

612 2055 766 2100 tenus
795 2062 894 2101 nos
937 2048 1190 2112 suscitat,
1235 2056 1291 2102 et
1316 2049 1382 2102 ad
1417 2049 1883 2108 immortalitatem
1939 2055 2180 2121 adducit,

607 2147 657 2189 et
685 2139 964 2207 antiquam
993 2139 1177 2193 abolet
1209 2139 1666 2196 maledictionem.

665 2229 828 2284 Vens.
857 2230 910 2283 7.
959 2249 981 2282 ι
1017 2229 1073 2284 Si
1115 2232 1504 2301 coguovissetis
1535 2249 1641 2300 tne,
1677 2245 1731 2289 et
1766 2235 1979 2290 Patrem
2005 2253 2180 2292 meum

609 2322 795 2391 utique
825 2323 1232 2390 cognovissetis
1260 2342 1272 2378 :
1303 2334 1357 2378 et
1405 2325 1600 2380 amodo
1657 2329 1994 2396 cognoscetis
2032 2344 2178 2395 eum,

603 2426 656 2467 et
683 2415 897 2469 vidistis
927 2431 1073 2470 eum.
1108 2434 1126 2467 ι

676 2507 857 2560 Visum
921 2517 1100 2562 autem
1167 2509 1257 2563 hic
1315 2521 1472 2565 vocat
1537 2511 1734 2566 mentis
1781 2513 2176 2582 cognitionem.

603 2600 703 2665 Qui
739 2600 920 2668 itaque
949 2600 1091 2654 videt
1145 2599 1365 2663 Filium,
1415 2616 1522 2655 non
1564 2603 1614 2655 in
1659 2602 1800 2656 nuda
1851 2605 2178 2674 substantia,

604 2692 698 2743 sed
741 2705 906 2744 carne
928 2691 1196 2754 indutum,
1229 2693 1509 2760 cognoscit
1538 2703 1593 2746 et
1619 2691 1834 2749 Patrem
1864 2695 1963 2764 ipsi
1988 2697 2039 2751 iu
2069 2713 2182 2752 om-

604 2780 762 2834 nibus
811 2781 1096 2850 aequalem.
1134 2780 1389 2850 Cognitio
1432 2784 1629 2838 mentis
1658 2785 1934 2854 signiticet
1974 2789 2179 2858 cogita-

605 2871 827 2938 tionem,
883 2874 1022 2928 visio
1081 2887 1209 2928 vero
1251 2873 1469 2943 plenam
1511 2891 1608 2945 per
1641 2877 1817 2932 divina
1859 2895 2022 2950 opera
2049 2897 2176 2951 per-

599 2979 931 3018 bllﬂSlOllcm.

2286 1863 2483 1917 ἐλθεῖν.
2529 1864 2678 1928 Ὀδός
2725 1867 2841 1920 ἐστι
2889 1868 2977 1922 διὰ
3018 1869 3080 1922 τὸ
3117 1874 3454 1940 πρακτικόν·
3499 1873 3762 1943 ἀλήθεια,
3801 1876 3875 1937 ὡς

2283 1953 2491 2026 ἀληθὴς
2522 1956 2622 2026 τῆς
2649 1957 2885 2022 πίστεως
2922 1961 3048 2030 ὅρος
3077 1976 3091 1990 ο
3129 1961 3266 2032 ζωὴ,
3307 1964 3383 2027 ὡς
3429 1965 3661 2036 ἐγείρων
3699 1968 3872 2037 ἡμᾶς.

2285 2050 2378 2102 καὶ
2411 2051 2490 2112 εἰς
2520 2049 2832 2121 ἀφθαρσίαν
2861 2053 3033 2122 άγων,
3060 2056 3153 2108 καὶ
3180 2055 3280 2125 τῆς
3302 2057 3537 2127 ἀρχαίας
3563 2057 3872 2128 ἐλευθερῶν

2283 2141 2443 2212 ἀρᾶς.

2361 2250 2377 2282 ι
2414 2231 2476 2283 El
2503 2231 2798 2298 ἐγνώκειτέ
2827 2251 2893 2303 με
2920 2273 2934 2297 ,
2964 2235 3058 2286 καὶ
3084 2234 3173 2287 τὸν
3197 2235 3414 2306 Πατέρα
3448 2254 3549 2306 μου
3573 2238 3867 2306 ἐγνώκειτε

2283 2325 2349 2381 ἄν
2375 2341 2389 2357 ⁸
2422 2325 2514 2381 καὶ
2543 2325 2639 2378 ἀπ’
2669 2326 2795 2396 ἄρτι
2824 2326 3125 2394 γινώσκετε
3166 2329 3350 2395 αὐτὸν,
3381 2330 3475 2383 καὶ
3516 2329 3745 2402 ἑώρακα
3771 2335 3870 2386 αὗ-

2281 2418 2392 2472 τόν.
2426 2437 2446 2471 ι

2357 2508 2520 2578 Ὀψιν
2543 2503 2646 2564 ὧδε
2676 2511 2822 2580 λέγει
2854 2511 2954 2581 τὴν
2982 2513 3122 2567 κατὰ
3148 2513 3386 2567 διάνοιαν
3419 2512 3644 2582 γνῶσιν.
3691 2515 3752 2568 '0
3777 2512 3867 2570 οὖν

2282 2602 2501 2672 θεωρῶν
2530 2604 2619 2656 τὸν
2649 2605 2776 2657 Υἱδν
2796 2645 2810 2669 ,
2841 2605 2901 2656 οὐ
2932 2607 3113 2675 γυμνῇ
3159 2609 3224 2676 τῇ
3271 2605 3432 2676 οὐσία
3452 2647 3466 2670 ,
3501 2607 3642 2660 ἀλλὰ
3689 2609 3860 2678 σάρκα

2281 2695 2780 2767 περιϐεϐλημένον,
2823 2698 2914 2750 τὸν
2959 2699 3074 2752 ῐσον
3112 2699 3260 2769 αὐτῷ
3289 2702 3357 2755 ,ἐν
3391 2700 3564 2754 ἅπασι
3609 2703 3854 2770 γινώσκει

2281 2787 2520 2856 Πατέρα.
2586 2788 2648 2841 'H
2687 2789 2888 2855 γνῶσις
2927 2789 3026 2860 τὴν
3073 2792 3161 2844 διὰ
3206 2791 3315 2844 τῶν
3363 2793 3586 2846 ἐννοιῶν
3629 2795 3862 2865 θεωρίαν

2278 2875 2447 2946 δηλοῖ,
2478 2881 2510 2947 ἡ
2539 2878 2597 2931 δὲ
2628 2879 2728 2934 θέα
2768 2881 2864 2950 τὴν
2889 2880 2977 2934 διὰ
3005 2882 3112 2936 τῶν
3141 2883 3466 2955 θεοπρεπῶν
3505 2889 3679 2957 ἔργων
3723 2889 3864 2956 πλη⁴

2281 2969 2562 3042 ροφορίαν.

673 3053 831 3108 Vens.
863 3054 918 3109 9.
954 3071 973 3104 ι
1006 3053 1274 3124 Philippe,
1301 3055 1391 3124 qui
1419 3055 1565 3110 videt
1605 3070 1711 3123 me,
1761 3059 1907 3113 videt
1958 3068 2012 3114 et
2074 3059 2173 3115 Pa-

2359 3079 2376 3111 ι
2423 3062 2678 3126 Φίλιππε,
2716 3064 2745 3116 6
2790 3065 3051 3135 ἑωρακὼς
3089 3067 3220 3137 ἐμὲ,
3255 3067 3459 3140 ἑώρακε
3485 3070 3568 3122 τὸν
3594 3068 3846 3140 Πατέρα.

599 3157 755 3199 trem.
791 3145 1072 3211 Quomodo
1107 3155 1160 3199 tu
1184 3147 1354 3202 dicis:
1388 3144 1627 3201 Ostende
1656 3149 1813 3204 nobis
1840 3149 2062 3206 Patrem
2091 3154 2114 3206 ?
2149 3173 2168 3206 ι

664 3235 832 3303 Nihil,
863 3237 1058 3304 inquit,
1088 3235 1233 3291 aliud
1263 3249 1347 3292 est
1386 3237 1578 3305 Filius,
1616 3254 1777 3309 quam
1811 3241 1864 3295 id
1916 3246 2059 3312 quod
2091 3257 2176 3302 est

599 3326 778 3390 Pater,
813 3341 1038 3382 manens
1078 3325 1269 3383 Filius.
1298 3328 1354 3384 Si
1384 3331 1552 3398 enim,
1584 3339 1643 3386 ut
1682 3333 1905 3399 accidit,
1944 3337 2117 3402 dicas,
2141 3354 2174 3395 ο

594 3417 861 3484 Philippe,
908 3419 1162 3486 quoniam
1192 3418 1268 3474 Te
1315 3422 1436 3476 novi
1483 3422 1609 3492 quia
1637 3422 1807 3479 Filius
1857 3421 1943 3494 es,
1987 3443 2171 3485 verum

599 3517 775 3559 tamen
817 3522 923 3561 non
957 3509 1150 3563 novisti
1180 3523 1286 3575 me,
1309 3511 1434 3580 quia
1463 3520 1631 3566 totum
1663 3514 1834 3571 habeo
1869 3517 1920 3570 in
1965 3520 2172 3590 meipso

581 3596 834 3662 Patrem,
869 3607 924 3652 et
959 3613 1151 3654 maneo
1181 3610 1362 3655 tamen
1394 3601 1566 3658 Filius
1593 3605 1883 3662 exsistens.

677 3687 842 3746 Vsus.
878 3688 962 3744 H.
995 3707 1014 3741 ι
1043 3688 1162 3746 Non
1188 3693 1434 3760 creditis,
1479 3693 1603 3766 quia
1635 3710 1736 3764 ego
1772 3697 1826 3752 in
1878 3697 2064 3770 Patre,
2115 3714 2170 3760 et

594 3780 751 3834 Pater
781 3782 831 3835 in
861 3797 946 3836 tne
973 3780 1094 3838 est?
1127 3801 1148 3834 ι

645 3872 822 3928 Verba
857 3875 948 3928 illa
1007 3875 1258 3929 intimum
1315 3879 1666 3948 complexum
1710 3889 1764 3938 et
1798 3887 2166 3956 aequalitatem

589 3965 866 4020 denotant.
894 3964 1104 4022 idcirco
1135 3980 1202 4022 ne
1251 3969 1374 4038 quis
1423 3969 1626 4028 incidat
1679 3975 1734 4029 in
1772 3976 2024 4035 haeresim
2070 3980 2170 4037 Sa-

590 4054 757 4123 hellii,
788 4071 1050 4126 personas
1094 4057 1406 4126 dividendo,
1453 4064 1734 4137 subiungit
1775 4069 2004 4126 dicens:
2063 4072 2169 4139 Qui

585 4150 722 4202 videt
747 4165 850 4215 me,
883 4150 1019 4203 videt
1045 4160 1090 4204 et
1123 4149 1357 4208 Patrem.
1411 4152 1526 4210 Hoc
1550 4167 1736 4213 autem
1786 4161 2039 4235 intelligit
2071 4181 2168 4236 per

585 4242 972 4311 cognitionem,
1006 4242 1221 4313 istaque
1247 4247 1314 4300 de
1339 4246 1598 4304 invisibili
1632 4265 1732 4306 sua
1759 4263 1813 4307 et
1835 4253 2014 4310 Patris
2038 4258 2167 4312 sub-

587 4331 782 4384 stantia
812 4331 1070 4402 loquitur.
1105 4333 1358 4388 Divinum
1413 4337 1558 4392 enim
1617 4338 1828 4396 Numen
1883 4349 2165 4413 corporeis

2283 3154 2392 3207 Kal
2419 3154 2536 3218 πῶς
2571 3156 2634 3208 σὺ
2662 3155 2867 3226 λέγεις·
2901 3158 3082 3224 Δεῖξον
3119 3161 3252 3232 ἡμῖν
3275 3161 3368 3214 τὸν
3401 3163 3643 3230 Πατέρα;
3677 3181 3697 3214 ι

2350 3245 2535 3311 Οὐδὲν,
2564 3247 2749 3317 φησιν,
2774 3250 2960 3320 ἔτερόν
2991 3252 3137 3304 ἐστιν
3157 3253 3186 3305 6
3204 3253 3352 3319 Υἱὸς,
3381 3255 3428 3306 εἰ
3452 3253 3526 3325 μὴ
3541 3256 3679 3326 ὅπερ
3707 3256 3864 3309 ἐστὶν

2275 3337 2302 3388 6
2334 3335 2523 3406 Πατὴρ
2562 3337 2737 3406 μένων
2769 3339 2915 3401 Υἱός.
2937 3338 2998 3392 Ei
3041 3339 3151 3409 γὰρ
3181 3343 3294 3405 καὶ,
3328 3341 3405 3405 ὡς
3441 3342 3618 3412 ἔτυχε,
3651 3341 3861 3410 λέγεις,

2273 3419 2318 3480 ὦ
2339 3427 2592 3494 Φίλιππε,
2628 3430 2711 3482 ὅτι
2742 3431 2808 3484 Σέ
2831 3425 2948 3484 οἴδα
2982 3433 3064 3484 ὅτι
3090 3433 3118 3484 6
3144 3433 3270 3496 Υἱὸς
3312 3428 3381 3498 εἷ,
3407 3434 3522 3489 ἀλλ’
3555 3435 3658 3488 οὐκ
3687 3435 3865 3503 ἔγνως

2276 3537 2343 3590 με
2377 3521 2456 3573 ὅτι
2485 3521 2603 3575 ὅλον
2639 3521 2748 3593 ἔχω
2774 3525 2831 3576 ἐν
2860 3524 3086 3595 ἐμαυτῷ
3115 3525 3206 3579 τδν
3241 3526 3481 3598 Πατέρα,
3520 3527 3668 3597 μένω
3696 3527 3866 3582 πάλιν

2273 3611 2398 3676 Υἱὸς
2429 3611 2522 3666 ὢν.

2347 3725 2367 3756 ‹
2409 3707 2484 3759 Οὺ
2513 3709 2796 3762 πιστεύετέ
2831 3727 2944 3780 μοι,
2973 3711 3056 3765 ὅτι
3095 3712 3208 3781 ἐγὼ
3257 3713 3314 3766 ἐν
3345 3712 3423 3783 τῷ
3455 3713 3634 3785 Πατρὶ
3657 3756 3673 3782 ,
3703 3715 3801 3768 καὶ
3839 3718 3868 3769 6

2271 3797 2458 3869 Πατὴρ
2488 3801 2544 3852 ἐν
2577 3802 2700 3871 ἐμοί
2741 3805 2919 3868 tactv;
2957 3823 2974 3856 ι

2352 3892 2408 3944 'O
2425 3892 2580 3961 λόγος
2601 3895 2857 3965 σημαίνει
2880 3894 2977 3968 τὴν
2999 3897 3138 3965 ἄγαν
3162 3897 3462 3968 ἐμφέρειαν
3485 3900 3580 3952 καὶ
3607 3899 3864 3972 ἰσότητα.

2267 3983 2358 4036 Διὸ
2388 3984 2475 4037 ἵνα
2521 3987 2596 4056 μὴ
2633 3987 2851 4060 ἐμπέσῃ
2884 4007 2968 4052 τις
3010 3992 3090 4054 εἰς
3131 3992 3230 4061 τὴν
3266 3992 3554 4045 Σαϐελλίου
3598 3994 3863 4062 αἵρεσιν,

2267 4075 2492 4147 διαιρῶν
2533 4079 2633 4141 τὰς
2668 4080 3019 4144 ὑποστάσεις,
3048 4083 3241 4150 ἐπάγει
3264 4082 3460 4153 λέγων’
3480 4085 3543 4137 '0
3576 4085 3865 4153 ἑωρακὼς

2267 4167 2391 4238 ἐμὲ,
2421 4168 2644 4237 ἑώρακε
2677 4170 2784 4224 τὸν
2821 4172 3074 4242 Πατέρα.
3110 4174 3282 4229 Τοῦτο
3323 4176 3379 4229 δὲ
3425 4176 3579 4245 δηλοῖ
3617 4177 3713 4231 διὰ
3763 4178 3863 4246 τὴν

2267 4262 2488 4331 γνῶσιν,
2510 4265 2681 4317 ταῦτα
2702 4267 2828 4333 περὶ
2857 4269 2957 4337 τῆς
2991 4270 3223 4339 ἀοράτου
3258 4271 3406 4338 λέγει
3435 4271 3624 4333 οὐσίας
3655 4273 3866 4325 ἑαυτοῦ

2265 4367 2324 4405 τε
2349 4353 2556 4406 καὶτοῦ
2585 4355 2817 4426 Πατρός.
2846 4358 2920 4410 Οὐ
2950 4358 3056 4428 γὰρ
3086 4360 3312 4414 δυνατὸν
3337 4365 3624 4432 σαρκικοῖς
3650 4363 3867 4431 ὀφθαλ-

585 4424 758 4478 oculis
801 4425 972 4479 videri
1005 4425 1212 4494 nequit,
1252 4425 1482 4496 ideoque
1515 4431 1642 4484 dicit
1674 4449 1688 4485 :
1726 4432 1832 4498 Qui
1871 4435 2008 4490 videt
2060 4455 2160 4506 me,

2279 4447 2392 4516 μοῖς
2427 4447 2556 4500 ἰδεῖν
2584 4448 2644 4500 τὸ
2674 4424 2858 4502 Θεῖον·
2883 4424 2969 4504 διὸ-
2988 4424 3141 4506 ein-sv
3163 4470 3176 4482 '
3215 4454 3268 4506 Ὀ
3301 4424 3572 4522 ἑωρακὼς
3595 4424 3728 4524 ἐμέ.
3761 4457 3870 4508 ἐώ-

587 4517 720 4569 videt
743 4526 790 4569 et
814 4514 1052 4580 Patrem,
1095 4531 1202 4568 non
1237 4517 1378 4582 quod
1411 4518 1526 4586 ipse
1569 4519 1732 4574 Pater
1768 4525 1857 4590 sit,
1911 4529 2003 4581 sed
2035 4534 2163 4599 quia

2279 4514 2411 4596 οακε
2440 4536 2548 4589 τὸν
2576 4538 2826 4607 Πατέρα,
2850 4541 2946 4610 οὐχ
2969 4542 3051 4593 ὅτι
3080 4543 3243 4605 αὑτός
3269 4514 3415 4596 ἐστιν
3439 4547 3465 4596 6
3493 4514 3711 4614 Πατῆρ,
3747 4547 3866 4598 ἀλλ’

585 4619 802 4678 propter
829 4609 1072 4662 intimam
1120 4605 1577 4679 conjttuctionetn,
1609 4613 1916 4686 quicunque
1965 4620 2159 4680 Filium

581 4700 749 4765 videt,
785 4698 930 4753 videt
976 4705 1031 4750 et
1084 4695 1321 4751 Patrem.
1350 4696 1527 4756 Habet
1577 4703 1724 4759 enim
1750 4708 1985 4780 quisque
2025 4730 2156 4784 pro-

583 4792 754 4859 priam
784 4785 1137 4858 hypostasim.

645 4883 872 4950 Propter
903 4886 1111 4931 natura:
1135 4878 1472 4937 identitatetu
1500 4888 1817 4944 naturaliter
1867 4907 2057 4948 omnes
2106 4897 2159 4950 in

581 4990 666 5026 nte
718 4968 896 5023 Pull‘is
963 4971 1320 5037 proprietates
1385 4975 1653 5043 possideo.
1715 4979 2163 5040 Substantialiter

579 5066 721 5118 enim
745 5062 914 5117 Filius
927 5063 1141 5120 Patrem
1169 5067 1570 5137 complectitur,
1598 5073 1758 5143 eique
1792 5077 1983 5132 intime
2003 5079 2156 5134 inex-

547 5174 554 5188 '
579 5157 741 5210 sistit.

653 5247 812 5303 Vsus.
842 5249 926 5305 12.
962 5269 981 5304 ι
1016 5251 1208 5317 Amen,
1244 5269 1400 5308 amen
1449 5256 1571 5311 dico
1603 5257 1778 5324 vobis,
1827 5262 1920 5330 qui
1979 5265 2157 5320 credit

576 5335 629 5390 iu
662 5354 769 5406 me,
812 5356 974 5412 opera
1020 5359 1139 5413 qua:
1164 5361 1263 5415 ego
1293 5344 1457 5411 facio,
1479 5357 1536 5403 et
1576 5349 1692 5417 ipse
1730 5351 1914 5416 faciet,
1951 5365 2006 5410 et
2038 5371 2154 5410 ma-

540 5431 688 5495 ijora
724 5436 915 5490 horum
947 5437 1107 5493 faciet
1135 5457 1146 5491 :
1182 5441 1306 5506 quia
1336 5455 1436 5508 ego
1465 5441 1532 5494 ad
1567 5439 1783 5498 Patrem
1814 5445 1974 5500 vado.
2021 5465 2039 5498 ι

648 5611 809 5678 Quasi
837 5612 1030 5666 Filium
1055 5629 1390 5684 cognoscens
1426 5619 1526 5673 hoc
1559 5619 1709 5684 dicit,
1735 5618 2055 5676 existimans
2091 5635 2150 5676 se

571 5707 751 5761 statim
786 5707 899 5760 suis
937 5705 1108 5759 oculis
1135 5722 1293 5776 posse
1325 5709 1490 5765 Deum
1531 5712 1734 5766 videre.

2267 4629 2349 4681 ὅτι
2379 4629 2465 4682 διὰ
2487 4631 2583 4700 τὴν
2610 4631 2748 4700 ἄγαν
2771 4633 3094 4705 ἐμφέρειαν,
3123 4636 3151 4687 6
3180 4636 3269 4688 τὸν
3294 4637 3423 4689 Υἱὺν
3440 4637 3602 4706 ὁρῶν,
3626 4640 3727 4691 τὸν
3765 4641 3870 4690 Πα-

2264 4721 2401 4792 τέρα
2431 4722 2640 4791 βλέπει.
2677 4725 2833 4778 Ἐστι
2866 4724 2973 4797 γὰρ
3001 4727 3229 4790 ἕκαστος
3265 4727 3670 4793 ῖδιοσυστάτως.

2344 4897 2592 4960 Φυσικῶς
2625 4898 2682 4950 ὲν
2717 4902 2784 4968 τῇ
2816 4899 2926 4971 ἰδίᾳ
2955 4917 3056 4970 μου
3091 4899 3254 4969 φύσει
3280 4901 3388 4971 ἔχω
3412 4901 3480 4955 τὰ
3509 4902 3603 4954 τοῦ
3636 4903 3870 4973 lla-cpe;

2268 4987 2373 5041 ῐδια
2404 4989 2494 5041 διὰ
2519 4989 2577 5040 τὸ
2611 4990 2914 5059 όμοοὺσιον.
2953 4991 3238 5055 oscines,-
3276 4993 3386 5063 γὰρ
3436 4994 3466 5046 6
3511 4993 3642 5057 Tib;
3677 4996 3872 5066 ὲμτ-ξ-

2267 5080 2437 5150 ριέχει
2465 5081 2554 5133 τὸν
2586 5081 2825 5152 Πατέρα,
2858 5083 2953 5137 καὶ
2987 5083 3132 5136 ἔστιν
3163 5085 3224 5139 ἐν
3248 5083 3418 5155 αὐτῷ.

2341 5277 2358 5309 ι
2407 5258 2598 5329 Ἀμὴν,
2628 5258 2775 5329 ἀμὴν
2801 5257 2944 5327 λέγω
2971 5260 3121 5329 ὑμῖν,
3151 5260 3178 5312 6
3206 5258 3478 5313 πιστεύων
3509 5260 3592 5322 εἰς
3617 5261 3752 5329 ἐμὲ,
3793 5264 3873 5314 τὰ

2260 5351 2397 5422 ἔργα
2417 5351 2452 5405 ἃ
2479 5350 2590 5418 ἐγὼ
2617 5351 2776 5416 ποιῶ,
2805 5352 3056 5414 κάκεῖνος
3086 5352 3322 5422 ποιήσει,
3354 5352 3446 5404 καὶ
3474 5351 3709 5421 μείζονα
3737 5357 3874 5407 τού-

2256 5458 2367 5495 των
2396 5443 2614 5512 ποιήσει
2635 5459 2647 5471 ·
2682 5443 2766 5494 ὃτι
2794 5442 2909 5510 ἐγὼ
2936 5444 3068 5514 πρὸς
3106 5445 3194 5497 τὸν
3219 5446 3438 5514 Πατέρα
3478 5462 3582 5515 μου
3611 5447 3872 5515 πορεύο-

2306 5551 2384 5588 αι.
2424 5552 2442 5584 ι

2306 5551 2384 5588 αι.
2424 5552 2442 5584 ι

2261 5551 2300 5604 μ
2339 5627 2422 5687 Ὠς
2477 5625 2568 5678 τὸν
2619 5627 2746 5680 Υἱὸν
2788 5626 2942 5689 εἰδὼς
2989 5624 3111 5680 εἷπε
3165 5629 3352 5695 τοῦτο,
3405 5629 3657 5698 οἰόμενος
3709 5633 3871 5703 τάχα

2247 5713 2684 5787 ὀφθαλμοψανῶς
2725 5718 2984 5772 δύνασθαι
3021 5720 3146 5772 ἰδεῖν
3185 5721 3276 5773 τὸν
3307 5721 3458 5775 Θεόν.
3500 5719 3745 5797 [Cium]
