4072 6472
295 447 461 513 1489

1399 453 1862 516 FRAGMENTA
1900 455 1982 516 IN
2017 455 2079 516 S.
2109 452 2484 516 JOANNEM.

3491 451 3623 514 1496

381 583 404 616 ι
446 565 636 634 Κάγὼ
659 567 924 638 ἐρωτήσω
945 567 1037 621 τὸν
1061 567 1302 638 Πατέρα,
1331 571 1421 622 καὶ
1453 547 1616 625 ἄλλον
1639 571 1901 643 Παράκλη

2006 570 2054 638 ,Ι
2113 571 2281 625 Vens.
2316 568 2402 623 16.
2451 585 2470 618 ι
2502 564 2566 618 Et
2600 577 2701 634 ego
2729 563 2929 633 rogabo
2981 562 3220 627 Patrem,
3246 571 3298 618 et
3327 562 3490 616 alium
3513 561 3619 615 Pa-

287 670 397 710 τον
434 656 612 710 δώσει
639 658 790 729 ὑμῖν,
819 659 909 712 ἵνα
940 660 1077 733 μένῃ
1110 662 1227 732 μεθ’
1261 662 1414 735 ὑμῶν
1440 665 1520 728 εἰς
1542 665 1636 718 τὸν
1666 665 1858 722 αἰῶνα.
1896 685 1916 718 ι

372 833 587 889 Εἰπὼν
620 837 817 891 ἄλλον
837 876 852 902 ,
905 837 1146 894 δείκνυσι
1185 841 1293 895 τῶν
1333 842 1686 898 ὑποστάσεων
1714 846 1774 899 τὸ
1803 847 1909 902 διά-

288 945 522 998 φορον·
555 930 728 985 εἰπὼν
767 932 848 996 δὲ,
883 934 963 1000 ὠς
999 935 1125 1003 ἐμὲ,
1172 936 1273 1006 τῆς
1307 938 1496 1003 οὐσίας
1532 939 1592 993 τὸ
1633 942 1913 1010 συγγενές.

301 1020 583 1093 Ἐρωτᾷν
612 1023 669 1076 δέ
713 1024 863 1092 λέγει
891 1027 983 1079 τὸν
1017 1028 1272 1101 Πατέρα,
1308 1030 1399 1084 διὰ
1435 1031 1497 1084 τὸ
1536 1027 1676 1086 εἶναι
1720 1035 1918 1100 αὐτοὺς

285 1113 556 1177 ἀτελεῖς.
615 1115 768 1169 Ἐπεὶ
810 1118 926 1180 πῶς
967 1119 1133 1183 αὐτὸς
1181 1121 1347 1174 αἰτῶν
1393 1123 1640 1191 πέμπει,
1688 1126 1826 1197 ὅπερ
1869 1129 1916 1181 οἱ

285 1205 614 1261 ἀπόστολοι
655 1211 720 1279 τῇ
765 1209 1011 1264 ἐπιθέσει
1057 1212 1166 1265 τῶν
1207 1215 1406 1286 χειρῶν
1435 1217 1642 1270 ἐδίδουν
1670 1222 1782 1282 τοῖς
1822 1237 1916 1273 πι-

287 1296 460 1356 στοῖς
487 1312 505 1358 ;
542 1296 682 1349 Οῦτε
727 1297 785 1350 δὲ
813 1299 875 1352 τὸ
906 1300 1132 1371 Πνεῦμα
1162 1304 1483 1374 πέμπεται,
1518 1307 1634 1361 ἀλλ’
1670 1311 1918 1366 αὐθεντι-

286 1385 419 1448 κῶς
485 1387 803 1455 ἐφίσταται,
832 1389 893 1442 τὸ
935 1393 1213 1463 πανταχοῦ
1256 1395 1338 1448 δνο
1393 1397 1530 1453 ἀλλά
1573 1399 1731 1454 τοῦτο
1791 1397 1914 1457 εἷπε

287 1474 546 1540 δεικνὺς
575 1479 675 1549 τῆς
695 1482 1004 1552 παρουσίας
1025 1484 1117 1538 τὸν
1143 1489 1355 1557 καιρόν.
1389 1489 1452 1542 Ei
1485 1491 1558 1562 μὴ
1599 1491 1709 1563 γὰρ
1747 1494 1912 1565 ἐτύθη

286 1567 319 1618 6
356 1567 655 1638 Χριστὸς,
697 1573 790 1625 καὶ
829 1572 993 1646 ἐλύθη
1034 1577 1067 1646 ή
1121 1577 1399 1649 ἁμαρτία,
1448 1583 1549 1636 οὐκ
1585 1585 1913 1656 ἐπεφοίτησε

285 1660 418 1722 τοῖς
456 1665 685 1728 πιστοῖς
721 1664 782 1718 τὸ
813 1665 1061 1737 Πνεῦμα.
1103 1670 1466 1742 Παράκλητος
1498 1673 1554 1727 δέ
1600 1676 1846 1730 καλεῖται
1885 1679 1914 1731 6

288 1751 434 1816 Υἱὸς
470 1758 574 1807 καὶ
600 1755 662 1808 τὸ
700 1757 927 1829 Πνεῦμα
945 1800 960 1824 ,
991 1760 1064 1824 ὡς
1091 1763 1450 1832 παραμυθίαν
1470 1767 1602 1835 ἡμῖν
1625 1767 1912 1836 ἐμποιοῦν-

283 1859 429 1906 τες,
499 1847 596 1898 καὶ
641 1847 717 1911 ὡς
761 1851 1209 1920 παρακαλοῦντες
1245 1855 1386 1926 ὑπὲρ
1425 1856 1584 1925 ήμῶν
1647 1858 1736 1911 τὸν
1795 1859 1908 1912 Πα-

2029 663 2284 717 raclitum
2310 659 2464 716 dabit
2517 656 2676 712 vobis
2724 663 2784 711 ut
2830 663 3047 711 maneat
3070 652 3350 708 vobiscum
3379 652 3432 706 in
3461 662 3618 706 arter—

2025 771 2176 812 num.
2213 772 2231 805 ι

2090 847 2326 903 Dicendo
2371 843 2559 909 alium,
2611 853 2967 912 personarum
3027 836 3301 908 signiﬁcat
3358 832 3616 888 diﬁ‘eron-

2022 939 2186 1004 tiam;
2218 936 2450 991 dicendo
2480 949 2635 997 vero,
2662 934 2764 986 mei
2793 930 3038 995 similem,
3077 929 3396 983 substantiae
3423 939 3612 980 οειοιι-

2021 1030 2099 1084 dit
2143 1029 2541 1098 cognationem.
2608 1025 2748 1079 Dicit
2811 1036 2942 1078 vero
2992 1035 3052 1075 se
3103 1033 3303 1088 rogare
3361 1017 3608 1080 Patrem,

2020 1130 2243 1190 propter
2259 1111 2446 1174 eorum
2478 1115 2929 1174 imbecillitatem.
2958 1111 3160 1166 Verum
3195 1109 3465 1180 quomodo
3497 1109 3612 1176 ipse

2021 1213 2258 1281 rogando
2283 1211 2470 1275 mittit,
2509 1225 2670 1280 quem
2721 1206 2952 1278 apostoli
3004 1220 3102 1274 per
3143 1217 3399 1257 manuum
3433 1201 3608 1268 impo-

2019 1305 2269 1358 sitionem
2289 1302 2540 1357 ﬁdelibus
2567 1301 2817 1356 dabant?
2845 1298 3030 1367 Neque
3053 1311 3184 1350 vero
3210 1293 3448 1363 Spiritus
3478 1292 3608 1346 mit-

2018 1397 2172 1459 titur,
2230 1410 2357 1450 cum
2383 1394 2583 1462 ubique
2611 1392 2851 1446 locorum
2885 1404 2981 1460 per
3008 1403 3067 1444 se
3097 1400 3340 1457 praesens
3371 1385 3478 1438 sit:
3511 1383 3606 1436 sed

2020 1489 2124 1542 hoc
2157 1487 2318 1554 dixit,
2349 1495 2406 1540 ut
2444 1497 2653 1552 tempus
2687 1483 2956 1537 adventus
3012 1479 3336 1534 declararet.
3372 1473 3428 1528 Si
3461 1475 3605 1528 enim

2015 1576 2266 1632 Christus
2300 1591 2406 1630 non
2457 1573 2652 1629 fuisset
2683 1570 3013 1635 immolatus,
3049 1577 3104 1623 et
3143 1566 3380 1621 solutum
3415 1579 3608 1634 pecca-

2016 1678 2152 1734 tum,
2192 1668 2432 1737 Spiritus
2481 1675 2706 1721 sanctus
2762 1664 2815 1718 in
2876 1645 3062 1716 ﬁdeles
3113 1659 3336 1713 minime
3380 1659 3608 1711 descen-

2013 1760 2204 1816 disset.
2235 1758 2543 1814 Paraclitus
2577 1765 2759 1810 autem
2811 1762 2918 1806 tam
2951 1749 3120 1835 Filius
3159 1763 3320 1818 quam
3371 1746 3606 1816 Spiritus

2014 1849 2354 1915 nominatur,
2412 1857 2471 1902 ut
2506 1847 2598 1916 qui
2668 1845 2824 1899 nobis
2871 1840 3303 1897 consolationem
3353 1837 3607 1900 afferant,

285 1933 464 2003 τέρα.
509 1936 584 1988 Τὸ
614 1937 723 2008 γὰρ
757 1939 931 2012 ὄνομα
963 1941 1124 1996 τοῦτο
1162 1946 1522 2016 παραμυθίας
1552 1948 1669 2002 ἐστὶ
1693 1969 1901 2022 ποιητι-

2012 1935 2337 2006 Patremque
2381 1935 2536 1990 nobis
2565 1932 2885 1988 concilient.
2919 1929 3122 1984 Nomen
3179 1928 3325 1983 enim
3369 1927 3472 1981 hoc
3522 1937 3607 1980 est

285 2022 394 2075 κὺν
422 2065 438 2088 ,
479 2026 548 2079 οὐ
587 2027 848 2103 διάφορον
896 2033 1087 2090 οὐσίαν
1141 2038 1408 2107 σημαῖνον
1443 2040 1763 2112 Πνεύματος
1812 2043 1907 2098 καὶ

293 2114 343 2166 Π
352 2133 429 2167 ατ
440 2117 564 2186 ρός.

363 2207 572 2262 Εἰπὼν
599 2212 691 2276 τὸ,
722 2213 824 2268 ἵνα
858 2217 1014 2286 μένῃ
1035 2257 1050 2283 ,
1082 2218 1342 2287 ἐδίδαξεν,
1375 2222 1457 2276 ὅτι
1484 2221 1608 2278 οὔτε
1649 2227 1787 2294 μετά
1818 2245 1906 2280 τε·

283 2295 510 2370 λευτὴν
545 2301 842 2371 ἀφίσταται
889 2307 950 2360 τὸ
983 2308 1244 2381 Πνεῦμα,
1293 2312 1482 2385 ὥσπερ
1524 2332 1609 2379 τις
1653 2316 1905 2388 θεότητος

286 2390 542 2460 ποιότης
575 2394 632 2445 ἐν
663 2395 794 2465 ἡμῖν
827 2398 1058 2467 γίνεται,
1089 2402 1187 2456 καὶ
1220 2405 1488 2475 ἀπομένει
1526 2407 1818 2474 διαπαντὸς
1846 2412 1905 2464 ἐν

283 2485 412 2547 τοῖς
451 2484 654 2554 ἁγίοις,
690 2488 818 2542 ὅταν
845 2489 916 2543 δι’
949 2493 1152 2565 ἀρετῆς
1185 2497 1280 2548 καὶ
1310 2497 1684 2571 καθαρότητος
1717 2505 1902 2572 τηρεῖν

285 2574 352 2628 ὲν
389 2576 620 2643 ἑαυτοῖς
649 2583 1001 2638 σπουδάσωσι
1026 2585 1128 2657 τήν
1156 2588 1337 2659 χάριν.

366 2670 543 2738 ῃοὺκ
567 2673 766 2744 ἀφήσω
790 2675 935 2745 ὑμᾶς
957 2677 1250 2747 ὀρφανούς·
1269 2680 1504 2753 ἔρχομαι
1529 2683 1665 2755 πρὸς
1683 2685 1848 2756 ὑμᾶς.
1876 2704 1896 2738 ι

362 2821 656 2875 Οὐδέποτε
690 2823 792 2892 μὲν
840 2825 1024 2881 εῐασεν
1057 2827 1255 2893 αὐτοὺς
1305 2831 1547 2902 ἐρήμους
1591 2833 1692 2903 τῆς
1735 2835 1899 2889 αὑτοῦ

283 2911 573 2981 προνοίας
597 2952 610 2977 ,
651 2914 792 2986 πλὴν
823 2915 978 2988 ῶφθη
1025 2919 1208 2984 αὐτοῖς
1240 2922 1334 2976 καὶ
1367 2923 1506 2992 μετά
1536 2925 1634 2995 τὴν
1662 2926 1900 2981 ἀνάστα-

283 3019 404 3056 σιν.
467 3003 691 3089 Ἐπειδὴ
721 3007 892 3061 ἐλθὼν
919 3009 1178 3065 ἐκάλεσεν
1203 3013 1399 3078 αὐτοὺς
1431 3017 1658 3083 τεκνία,
1689 3018 1900 3089 μέλλων

281 3089 552 3154 ἀπιέναι,
579 3088 735 3146 εἶπεν
768 3096 1090 3166 ὀρφανούς.
1125 3099 1350 3176 [Clum]

363 3202 502 3257 Ὅτι
537 3203 730 3276 ἔμελλε
758 3209 944 3279 μόνοις
976 3214 1162 3279 αὐτοῖς
1193 3215 1431 3290 ὀφθῆναι
1473 3222 1614 3292 μετὰ
1637 3223 1737 3296 τὴν
1766 3226 1898 3281 ἀνά-

286 3311 516 3363 στασιν,
544 3300 708 3353 πᾶσιν
737 3298 880 3368 εἷπε,
889 3307 1126 3374 μικρόν·
1169 3310 1364 3380 μικρὸν
1405 3313 1596 3383 χρόνον

284 3386 398 3482 ἐως
424 3389 533 3458 τῆς
570 3390 828 3464 δευτέρας
863 3399 1184 3467 παρουσίας.
1227 3405 1442 3476 Μικρὸν
1473 3408 1582 3479 γὰρ
1620 3409 1760 3482 Θεῷ,
1797 3416 1896 3469 καὶ

285 3480 314 3572 6
344 3482 570 3552 μακρός
591 3483 641 3537 ά.
677 3486 866 3556 Ὑμεῖς
891 3489 948 3542 δέ
977 3492 1026 3542 oi
1055 3491 1199 3559 ἅγιοι
1221 3495 1310 3549 διά
1331 3498 1431 3565 τῆς
1454 3499 1550 3552 τοῦ
1576 3480 1895 3572 Πνεῦματος

283 3570 631 3665 ἐνοικήσεως
661 3577 940 3644 γνώσεσθέ
993 3598 1082 3651 με,
1122 3584 1184 3636 οὐ
1229 3585 1334 3656 μὴν
1375 3590 1424 3641 οἱ
1455 3589 1525 3643 τὰ
1547 3592 1644 3644 τοῦ
1686 3570 1893 3665 κόσμου

286 3663 646 3756 ἀγαπῶντες.
687 3667 885 3740 [ϐιιΑιιι.
920 3672 1071 3746 sum]
1101 3678 1384 3748 Ἀρῤαϐὼν
1409 3679 1512 3754 [ὃν]
1535 3682 1634 3752 τῆς
1666 3663 1893 3756 μελλού-

292 3770 394 3824 σης
434 3755 590 3828 ζωῆς
622 3759 774 3830 ἔχετε
814 3762 1023 3828 λαϐεῖν,
1056 3767 1206 3821 ἐστὶν
1234 3770 1268 3840 ἡ
1297 3771 1404 3842 ἐμὴ
1433 3755 1754 3843 ἀνάστασις.

365 3865 386 3898 ί
441 3847 508 3901 Ὅ
555 3849 697 3920 ἔχων
731 3853 829 3918 τὰς
873 3856 1098 3922 ἐντολάς
1145 3878 1273 3931 μου,
1323 3866 1418 3918 καὶ
1468 3867 1651 3938 τηρῶν
1699 3856 1889 3938 αὑτὰς,

287 3937 509 4003 ἐκεῖνός
539 3941 687 3996 ἐστιν
721 3947 750 3998 6
782 3947 1016 4014 ἀγαπῶν
1045 3968 1135 4022 με.
1184 3954 1240 4008 '0
1274 3954 1333 4008 δὲ
1363 3937 1592 4026 ἀγαπῶν
1629 3978 1720 4031 με,
1751 3937 1891 4031 ἀγα-ἒ

293 4031 609 4127 πηθ-ήσεται
635 4037 740 4090 ὑπὸ
781 4039 877 4093 τοῦ
919 4043 1135 4115 Πατρός
1177 4063 1279 4115 μου
1304 4087 1319 4112 ,
1348 4051 1442 4104 καὶ
1480 4051 1592 4121 ἐγὼ
1619 4054 1892 4127 ἀγαπήσω

293 4118 490 4187 αὐτὸν,
517 4127 611 4180 καὶ
640 4128 929 4198 ἐμφανίσω
961 4134 1112 4205 αὐτῷ
1144 4138 1403 4208 ἐμαυτόν.
1451 4161 1470 4194 ι

369 4214 507 4310 ’ρτε
559 4217 762 4291 ἀνέστη
809 4225 874 4276 ἐκ
919 4225 1153 4296 νεκρῶν,
1198 4228 1295 4282 καὶ
1344 4231 1537 4302 ἔτυχον
1584 4237 1678 4291 τοῦ
1732 4240 1888 4310 ἁγίου

288 4302 656 4406 Πνεύματος,
704 4313 896 4406 ἔλαϐον
939 4318 1164 4385 γνῶσιν,
1211 4322 1295 4376 ὅτι
1342 4325 1370 4377 6
1405 4326 1535 4392 Υίὺς
1587 4329 1684 4401 τὴν
1717 4302 1890 4406 αῦτήν

289 4397 435 4496 ἔχων
467 4400 695 4496 δύναμιν
723 4405 802 4477 τῷ
837 4409 1015 4480 Πατρὶ
1037 4451 1052 4474 ,
1084 4413 1294 4469 ἐκείνου
1331 4418 1431 4488 μὲν
1472 4421 1571 4475 οὐκ
1599 4397 1891 4496 ἀποσχίζε-

289 4504 380 4543 ται
409 4492 507 4545 διὰ
533 4493 630 4565 τὴν
667 4498 766 4568 τῆς
793 4499 983 4565 οὐσίας
1014 4504 1245 4576 ἐνότητα
1269 4550 1283 4575 ,
1311 4509 1498 4576 αὐτοῖς
1535 4514 1593 4568 δὲ
1637 4492 1889 4573 σύνεστιν

2010 2027 2462 2090 consolatorium,
2532 2037 2710 2094 neque
2759 2023 3028 2078 diversam
3079 2021 3318 2090 Spiritus
3361 2034 3393 2074 a
3437 2018 3603 2074 Patre

2009 2119 2370 2175 substantiam
2409 2117 2707 2188 signiﬁcat.

2080 2211 2318 2266 Dicendo
2350 2219 2406 2264 ut
2439 2216 2689 2275 maneat,
2723 2206 2881 2262 simul
2915 2204 3101 2260 docuit
3129 2217 3198 2258 ne
3239 2210 3362 2274 post
3393 2203 3600 2258 obitum

2006 2303 2224 2373 quidem
2249 2302 2512 2373 Spiritum
2539 2303 2816 2366 deserere,
2846 2310 2906 2354 ut
2939 2298 3031 2368 qui
3061 2297 3218 2368 quasi
3247 2296 3426 2352 divina
3453 2311 3603 2365 quac-

2007 2394 2128 2447 dam
2165 2392 2479 2463 qualitas-in
2519 2391 2676 2447 nobis
2702 2390 2951 2455 exsistat,
2989 2397 3043 2442 et
3072 2402 3286 2456 semper
3316 2387 3368 2440 in
3399 2386 3603 2440 sanctis

2006 2491 2316 2555 perseveret
2343 2523 2359 2549 ,
2420 2483 2638 2553 quando
2683 2495 2780 2552 per
2826 2482 3079 2534 virtutem
3117 2492 3177 2534 ac
3223 2479 3508 2546 puritatem
3546 2477 3597 2531 in

2005 2577 2322 2648 semetipsis
2350 2591 2572 2631 servare
2603 2574 2832 2644 gratiam
2861 2583 3150 2626 conantur.

2083 2669 2247 2724 Vsus.
2307 2669 2396 2724 18.
2448 2687 2468 2720 ι
2498 2665 2620 2722 Non
2656 2667 2958 2736 relinquam
3007 2680 3102 2719 vos
3153 2663 3466 2732 orphanos:
3509 2677 3601 2718 ve-

2003 2761 2151 2816 niam
2182 2759 2251 2815 ad
2281 2775 2398 2816 vos.
2431 2778 2450 2813 ι

2074 2851 2365 2922 Nunquam
2396 2865 2491 2907 eos
2516 2849 2857 2923 providentia
2897 2864 2994 2906 sua
3025 2850 3187 2905 orbos
3213 2847 3466 2916 reliquit;
3514 2848 3600 2901 in-

2005 2959 2171 3012 super
2216 2943 2365 2998 visus
2423 2951 2507 2998 est
2556 2943 2690 3009 ipsis
2735 2941 2899 2996 etiam
2954 2951 3075 3010 post
3122 2938 3596 2994 resurrectionem.

2004 3037 2314 3094 Adveniens
2338 3053 2433 3094 eos
2465 3038 2686 3096 vocavit
2740 3037 2904 3107 ﬁlios,
2935 3050 3056 3090 cum
3087 3044 3232 3090 esset
3257 3032 3600 3102 proiecturus

2004 3133 2270 3201 orphanos
2297 3131 2454 3187 dixit.

2076 3245 2215 3314 Quia
2265 3246 2397 3302 solis
2457 3245 2747 3318 discipulis
2776 3254 2898 3318 post
2926 3245 3377 3302 resurrectionem
3426 3256 3594 3308 appa-

1625 3317 1773 3387 λέγει
1803 3320 1894 3374 τὸν
1927 3317 1967 3330 ‘-
2001 3337 2209 3393 riturus
2256 3345 2397 3402 erat,
2434 3317 2692 3394 omnibus
2723 3317 2862 3394 dirit
2887 3339 3175 3402 modicum,
3217 3338 3295 3392 sic
3324 3333 3595 3404 appellans

2001 3435 2213 3497 tempus
2259 3443 2431 3499 usque
2471 3430 2538 3485 ad
2602 3429 2904 3484 secundum
2951 3430 3266 3484 adventum.
3324 3424 3592 3480 Modicum

1999 3520 2144 3575 enim
2193 3521 2302 3577 Deo
2358 3530 2460 3587 est,
2509 3517 2924 3577 tametsi'nobis
2974 3520 3216 3590 longum.
3273 3516 3384 3574 Vos
3413 3527 3593 3571 autem

2000 3609 2172 3664 sancti
2205 3626 2301 3679 per
2337 3611 2734 3665 inhabitantem
2786 3609 3049 3679 Spiritum
3086 3609 3430 3680 cognoscetis
3486 3620 3593 3672 me,

1997 3713 2155 3754 secus
2183 3713 2350 3769 quam
2380 3699 2477 3770 qui
2508 3700 2770 3755 mundum
2803 3699 3051 3769 diligunt.

2068 3877 2234 3934 Vens.
2255 3878 2344 3934 2i.
2385 3897 2404 3931 ι
2430 3879 2531 3946 Qui
2555 3879 2722 3935 habet
2753 3878 3010 3934 mandata
3032 3892 3171 3942 mea,
3192 3885 3248 3931 et
3275 3885 3459 3931 servat
3487 3891 3587 3930 ea:

1994 3966 2082 4022 ille
2117 3977 2200 4022 est
2239 3968 2332 4038 qni
2368 3967 2546 4039 diligit
2579 3984 2684 4024 me.
2727 3967 2830 4035 Qui
2878 3977 3058 4022 autem
3102 3964 3276 4036 diligit
3325 3979 3433 4028 me.
3464 3965 3591 4018 dili-

1993 4068 2150 4128 getur
2179 4075 2208 4114 a
2235 4059 2397 4114 Patre
2432 4074 2554 4115 meo
2585 4079 2599 4116 :
2635 4066 2691 4115 et
2725 4073 2830 4130 ego
2857 4059 3076 4129 diligam
3101 4072 3249 4124 eum,
3279 4066 3332 4112 et
3359 4056 3590 4111 manife-

1993 4147 2149 4202 stabo
2181 4146 2230 4203 ci
2260 4147 2552 4216 meipsum.
2584 4166 2604 4200 ι

2065 4236 2293 4304 Quando
2324 4238 2575 4295 Christus
2607 4254 2636 4294 a
2674 4239 2904 4295 mortuis
2944 4247 3342 4304 resurrexerat,
3377 4239 3590 4310 ipsique

1994 4324 2258 4397 Spiritum
2311 4338 2560 4383 sanctum
2595 4338 2940 4398 acceperant,
2983 4337 3353 4399 cognoverunt
3391 4327 3588 4383 Filium

1996 4419 2244 4475 eamdem
2274 4422 2477 4477 habere
2508 4438 2632 4478 cum
2667 4420 2828 4477 Patre
2861 4422 3116 4476 virtutem
3151 4439 3165 4476 :
3203 4421 3468 4491 siquidem
3519 4423 3588 4477 ab

1998 4511 2095 4566 illo
2121 4525 2342 4583 propter
2374 4525 2584 4570 naturae
2626 4515 2961 4570 identitatem
3005 4529 3346 4584 nequaquam
3375 4513 3587 4568 divelli-

291 4581 378 4682 ἀεὶ
396 4584 615 4682 βοηθῶν
637 4590 840 4654 αὐτοῖς.
878 4593 1020 4663 Ἐγὼ
1041 4595 1153 4670 ζωὴ
1175 4601 1338 4669 φύσει
1361 4603 1645 4676 ὑπάρχων,
1678 4611 1893 4682 συνῆψα

2006 4613 2109 4672 tur,
2145 4607 2278 4674 ipsis
2332 4623 2463 4664 vero
2506 4623 2722 4678 semper
2750 4607 3044 4664 auxiliator
3073 4606 3302 4662 assistit.
3335 4606 3469 4674 Ego,
3507 4607 3590 4660 in-

290 4675 530 4776 ἐμαυτὸν
547 4681 626 4752 τῷ
655 4684 1021 4756 Πατρὶ,φύσει
1047 4693 1140 4744 καὶ
1171 4693 1320 4764 αὐτῷ
1345 4693 1457 4769 ζωῇ
1486 4675 1600 4753 ὄντι
1627 4717 1642 4734 ο
1674 4675 1889 4776 συνήφα

371 4773 470 4868 καὶ
495 4775 641 4845 ὑμᾶς
666 4777 744 4848 τῷ
778 4781 955 4852 Πατρὶ
983 4783 1073 4836 διὰ
1095 4785 1193 4856 τῆς
1221 4767 1589 4860 συνοικήσεως
1611 4799 1707 4849 τοῦ
1730 4767 1885 4868 ἁγίου

292 4858 652 4960 Ιινεύματοςῇ,
698 4870 848 4936 θείας
873 4873 1091 4941 φύσεως
1127 4879 1365 4948 ποιήσας
1399 4858 1565 4953 ὑμᾶς.
1605 4886 1747 4956 Ἐγὼ
1777 4858 1885 4960 ,μὲν

429 4957 677 5022 φυσικῶς
725 4961 783 5014 ἐν
816 4963 992 5033 Πατρὶ
1033 4965 1108 5029 ὡς
1143 4970 1355 5040 καρπὸς
1394 4949 1590 5041 αῦτοῦ,
1638 4949 1796 5047 ὑμεῖς
1825 4981 1882 5034 δέ

293 5041 506 5145 ἐνιέμζοὶ
541 5051 741 5145 καθζό
769 5054 969 5145 γέγονα
997 5055 1286 5128 ἄνθρωπος
1309 5103 1324 5128 ,
1360 5064 1456 5116 καὶ
1499 5065 1612 5134 ἐγὼ
1657 5041 1716 5122 ἐν
1755 5041 1885 5145 ῦμῖν

294 5131 380 5187 διὰ
405 5137 505 5208 τῆς
534 5139 629 5192 τοῦ
653 5141 792 5194 Πνεύ
803 5160 970 5214 ματος
997 5145 1343 5220 ἐνοικήσεως.

365 5313 525 5404 Μετὰ
551 5315 649 5388 τὴν
674 5318 978 5374 ἀνάστασιν
1006 5322 1054 5376 οἱ
1082 5323 1260 5394 ὀρθῶς
1286 5329 1635 5398 πιστεύοντες
1657 5337 1882 5404 τελείως

1999 4697 2140 4766 quit,
2174 4715 2297 4754 cum
2327 4701 2429 4754 sim
2462 4716 2491 4754 a
2529 4711 2722 4755 natura
2752 4701 2879 4764 vita,
2903 4699 3154 4769 conjunxi
3185 4715 3269 4755 me
3301 4699 3465 4765 Patri,
3495 4700 3588 4769 qui

1995 4789 2162 4843 etiam
2196 4805 2225 4843 a
2263 4803 2460 4846 natura
2491 4807 2588 4847 sua
2621 4794 2729 4847 vita
2770 4793 3021 4848 exsistit:
3054 4792 3183 4862 quin
3213 4801 3268 4848 et
3298 4806 3393 4847 vos
3441 4790 3588 4845 Patri

1995 4882 2299 4937 coadunavi
2332 4898 2431 4953 per
2459 4885 2922 4940 cohabitationem
2955 4884 3189 4956 Spiritus
3211 4883 3408 4951 saneti,
3453 4884 3590 4939 divi-

1994 4989 2078 5030 nas
2126 4991 2224 5031 vos
2277 4985 2484 5031 naturae
2523 4977 2940 5045 comparticipes
2985 4975 3246 5031 efﬁciens.
3294 4975 3408 5046 Ego
3440 4977 3586 5029 enim

1995 5067 2324 5122 naturaliter
2362 5067 2412 5122 in
2448 5067 2608 5121 Patre
2641 5082 2759 5121 sum
2790 5077 3047 5136 tanquam
3074 5067 3282 5122 fructus
3311 5067 3452 5137 ejus,
3486 5082 3585 5122 vos

1994 5167 2174 5212 autem
2209 5158 2261 5212 in
2295 5173 2382 5212 me
2421 5158 2476 5213 in
2512 5166 2775 5227 quantum
2813 5157 2989 5211 factus
3015 5172 3134 5212 sum
3166 5157 3352 5222 homo,
3401 5166 3453 5212 et
3483 5173 3584 5227 ego

1993 5248 2049 5303 in
2087 5250 2242 5305 vobis
2281 5264 2377 5320 per
2405 5250 2856 5306 inhabitationem
2885 5248 3139 5319 Spiritus.

2066 5340 2197 5396 Post
2228 5345 2684 5399 resurrectionem
2731 5344 2824 5414 qui
2859 5353 3008 5399 recte
3035 5341 3264 5396 credunt
3289 5379 3303 5406 ,
3341 5340 3584 5409 perfecte

296 5403 625 5505 γνώσονταιῖ
672 5410 929 5505 νῦν-γαρ
976 5416 1041 5469 ἐκ
1091 5419 1292 5487 μέρους
1335 5422 1700 5497 γινώσκομεν.
1761 5403 1880 5485 Ὀτι

2006 5445 2370 5502 :ognoscent:
2407 5435 2566 5490 modo
2620 5437 2766 5491 enim
2827 5453 2892 5492 ex
2956 5439 3111 5505 parte
3179 5432 3576 5501 cognoscimus.

300 5497 488 5594 ῶσπερ
518 5497 668 5594 ἐστὶν
714 5501 742 5552 6
791 5500 920 5566 Υἱὸς
951 5505 1238 5575 ὁμοούσιος
1266 5513 1347 5584 τῷ
1372 5515 1570 5587 Πατρὶ,
1610 5518 1754 5573 οὕτω
1787 5524 1882 5577 καὶ

2006 5523 2258 5590 Quoniam
2293 5529 2432 5583 sicut
2463 5527 2632 5583 Filius
2662 5538 2748 5584 est
2793 5530 3269 5586 consubstantialis
3303 5527 3470 5594 Patri,
3499 5526 3580 5582 sic

307 5583 360 5635 ἒν
379 5588 707 5662 ἀμφοτέρων
739 5593 968 5664 θέλημα.

370 5695 390 5730 ι
439 5683 603 5752 Λέγει
626 5685 778 5757 αὐτῷ
815 5687 1044 5762 Ἰούδας,
1072 5693 1171 5766 οὐχ
1199 5697 1226 5752 6
1262 5697 1638 5775 Ἰσκαριώτης·
1671 5706 1843 5779 Κύριε
1866 5751 1880 5776 ,

360 5852 388 5895 δ
411 5858 493 5914 Cr.
534 5864 656 5919 διάει.
688 5866 898 5938 χρόνος.

1988 5626 2044 5670 ct
2084 5634 2188 5671 una
2225 5629 2306 5674 est
2340 5621 2626 5691 utriusque
2662 5624 2931 5679 voluntas.

2075 5710 2237 5766 Vens.
2281 5713 2372 5768 29..
2423 5733 2441 5767 ι
2474 5715 2606 5771 υἱι-ἰι
2643 5718 2691 5772 ei
2740 5715 2928 5784 indas,
2962 5731 3067 5773 non
3117 5717 3204 5773 ille
3246 5714 3577 5776 iscariotes.‘
