4072 6388
562 357 694 430 1491

557 571 711 624 nobis
738 571 990 641 teipsum,
1015 583 1070 630 et
1102 591 1210 632 non
1243 580 1490 635 mundo?
1525 601 1544 633 ι

623 656 812 725 .ludas,
844 674 966 715 cum
999 662 1266 736 benignus
1303 677 1468 738 esset,
1493 686 1685 728 omnes
1708 675 1921 732 volebat
1949 677 2146 734 divinae

553 747 778 803 visionis
809 761 1242 828 ceterorumque
1285 758 1554 816 bonorum
1585 778 1707 822 esse
1730 769 2041 840 participes.

621 837 749 892 Post
783 846 1243 902 resurrectionem
1263 861 1414 907 recte
1434 857 1718 915 credentes
1733 837 1875 917 cum
1905 868 2144 937 perfecte

550 942 904 1000 cognoscent.
935 933 1094 991 Nunc
1111 940 1247 993 enim
1266 957 1332 995 ea:
1350 956 1505 1012 parte
1527 933 1919 1024 cognoscimus,
1937 959 2142 1019 idcirco

551 1023 803 1081 turbatus
851 1027 1020 1086 Judas
1065 1034 1346 1102 apostolus
1393 1038 1577 1095 dixit:
1617 1042 1860 1114 Domine,
1895 1053 2026 1121 quid
2061 1065 2140 1110 est

545 1115 671 1186 quia
703 1120 1140 1189 niani/estaturm
1160 1141 1213 1180 es
1237 1129 1385 1183 nobis
1413 1133 1662 1201 teipsum,
1688 1147 1739 1192 et
1763 1155 1866 1194 non
1895 1115 2091 1200 mundo
2113 1148 2140 1201 .9

546 1207 761 1263 Etenim
787 1211 1009 1279 putabat
1040 1219 1496 1284 quemadmodum
1527 1237 1768 1284 mortuos
1810 1230 1865 1287 in
1907 1237 2136 1292 somniis

544 1299 815 1370 videmus,
866 1305 948 1360 sic
981 1307 1086 1362 illis
1127 1309 1406 1368 Christum
1455 1332 1582 1372 esse
1617 1323 2014 1392 appariturum.
2055 1327 2134 1387 Ne

541 1392 746 1449 diutius
776 1393 880 1450 hoc
908 1399 1154 1467 credant,
1193 1404 1323 1459 dicit
1357 1406 1462 1463 illis
1491 1427 1504 1463 :
1533 1410 1596 1466 Si
1621 1413 1737 1480 quis
1767 1416 1941 1486 diligit
1979 1435 2058 1474 me
2085 1431 2133 1475 et

537 1499 835 1541 sermonem
859 1506 1030 1546 meum
1069 1501 1368 1567 servaverit,
1408 1499 1574 1557 Pater
1601 1522 1744 1561 meus
1769 1510 1954 1580 diliget
1987 1530 2128 1580 eum,

535 1581 586 1627 ct
616 1577 687 1629 ad
728 1595 849 1633 eum
883 1585 1146 1640 veniemus
1187 1598 1236 1641 ει
1269 1592 1414 1659 apud
1446 1608 1562 1647 eum
1594 1599 1921 1654 "censionem
1960 1599 2128 1671 facie;

534 1684 689 1735 mus,
737 1672 926 1731 dicens
979 1684 1389 1747 tantummodo,
1435 1685 1578 1741 sicut
1610 1687 1770 1743 Pater
1817 1692 2129 1749 manifestat

535 1762 798 1831 seipsum,
829 1766 912 1821 sic
940 1777 996 1822 et
1027 1784 1128 1838 ego
1163 1771 1218 1824 in
1251 1773 1497 1839 veritate,
1525 1791 1632 1831 non
1658 1794 1754 1847 per
1777 1781 2121 1852 phantasma,

531 1852 607 1906 ita
638 1864 696 1908 ut
723 1857 816 1926 qui
852 1858 966 1915 haec
999 1861 1159 1916 verba
1187 1879 1291 1917 non
1318 1866 1486 1932 audit,
1515 1883 1615 1925 nec
1645 1886 1751 1940 me,
1781 1891 1880 1929 nec
1907 1873 2121 1933 Patrem
2156 1882 2196 1938 Β

531 1944 739 2016 diligat.
767 1948 911 2006 Idem
939 1957 1178 2010 ostendit
1201 1964 1257 2010 et
1287 1957 1341 2012 in
1374 1961 1610 2016 medium
1641 1965 1862 2022 adducit
1889 1969 2076 2027 dicens
2103 1987 2120 2027 τ

531 2037 632 2101 Qui
663 2055 770 2094 non
801 2042 977 2113 diligit
1005 2061 1110 2112 me,
1136 2063 1420 2106 sermones
1447 2068 1598 2110 meos
1625 2071 1728 2112 non
1755 2072 1958 2128 servat,
1983 2079 2122 2134 quos

530 2145 723 2202 nempe
748 2135 859 2190 dixi
893 2154 982 2192 me
1025 2154 1056 2194 e
1087 2144 1319 2200 mortuis
1347 2160 1473 2202 vere
1498 2161 1892 2208 surrecturum.
1918 2156 2114 2215 Eadem

531 2223 843 2292 frequenter
873 2228 1030 2296 dixit,
1063 2247 1128 2287 ne
1174 2234 1324 2292 illum
1357 2251 1482 2310 post
1507 2247 1962 2302 resurrectionem
1999 2264 2117 2306 esse

527 2315 848 2378 phantasma
881 2332 1157 2390 putarent.
1193 2327 1326 2384 Nam
1359 2332 1405 2386 si
1430 2347 1594 2404 super
1622 2351 1796 2407 aquas
1823 2340 2115 2396 ambulan-

528 2419 630 2460 lI'HI
673 2409 952 2482 videntes,
989 2416 1042 2471 id
1073 2421 1503 2492 existimarunt,
1537 2429 1667 2499 quid
1711 2446 1818 2485 non
1850 2434 2114 2502 suspicati

529 2502 778 2572 fuissent,
815 2507 860 2561 si
911 2509 1176 2567 vidissent
1219 2514 1369 2570 illum
1405 2530 1775 2589 resurgentem
1827 2539 1987 2594 quem
2023 2541 2116 2582 ca-

526 2600 676 2660 ptum
709 2595 1002 2666 viderant,
1054 2603 1376 2660 crucilixum
1425 2616 1481 2663 et
1534 2612 2114 2680 sepultum20icendo

524 2694 704 2740 autem
732 2706 746 2742 :
774 2688 961 2746 Sermo
990 2709 1146 2763 quem
1179 2698 1410 2753 audistis
1436 2717 1540 2756 non
1571 2713 1646 2758 est
1676 2717 1844 2773 meus,
1877 2708 1970 2763 τεά
1998 2709 2115 2779 ejus

521 2776 611 2844 qui
651 2780 794 2834 misit
824 2799 926 2850 me,
954 2789 1194 2842 ostendit
1239 2804 1300 2846 se
1337 2793 1470 2848 nihil
1502 2803 1656 2850 extra
1688 2797 1904 2855 Patrem
1941 2776 2112 2872 loqui,

523 2883 697 2939 neque
733 2875 1010 2946 proprium
1043 2879 1321 2951 quidpiam
1347 2894 1547 2954 praeter
1575 2888 1832 2958 placitum
1856 2892 1999 2963 ejus.
2060 2925 2071 2936 -

514 2964 690 3020 ἔστιν
707 2967 872 3037 ἐμὸς,
906 2971 1069 3027 ἀλλὰ
1125 2976 1232 3031 τοῦ
1285 2978 1640 3050 πέμψαντός
1678 3002 1758 3055 με
1790 2989 2043 3058 Πατρός,
2080 2964 2353 3052 δείκνυσιν
2400 2964 2484 3054 δτι
2519 2964 2692 3058 οὐδὲν⁸
2737 3004 2844 3071 ἐξω
2887 2964 2986 3062 τοῦ

519 3054 649 3110 ἴδιόν
682 3074 735 3110 τι
768 3059 919 3130 παρά
950 3061 1010 3115 τὸ
1039 3062 1234 3120 δοκοῦν
1260 3067 1474 3142 ἐκείνῳ.
1507 3054 1729 3148 [Cum]
1765 3076 1878 3148 (i3)

1697 386 2036 450 AMMONII
2073 395 2617 462 ALEXANDRINI

561 477 810 542 Domine,
860 478 989 548 quid
1029 478 1233 538 factum
1269 493 1393 551 est,
1447 490 1574 557 quia
1608 492 2061 553 manifestaturus
2089 515 2118 554 e

2219 505 2303 563 ,τί
2347 508 2589 575 γέγονεν,
2640 512 2724 566 ὅτι
2771 513 2906 585 ἡμῖν
2958 517 3178 588 μέλλεις

3711 418 3846 485 1492

3219 519 3244 572 ι
3253 521 3549 592 μφανίζειν
3594 527 3840 593 σεαυτὸν,

2249 598 2344 650 καὶ
2371 598 2491 668 οὐχὶ
2516 601 2592 672 τῷ
2627 603 2854 676 κόσμῳ;
2889 627 2910 661 ι

2333 688 2419 752 Ὠς
2447 691 2748 761 φιλάγαθος
2775 699 2804 750 ό
2845 699 3050 768 Ἰούδας
3081 705 3290 774 πάντας
3317 709 3502 767 ἔθελεν
3529 712 3840 772 ἀπολαῦσαι

2243 778 2343 850 τῆς
2373 779 2630 849 θεοπτίας
2659 787 2753 842 καὶ
2785 791 2894 844 τῶν
2923 793 3168 863 ἀγαθῶν.

2316 871 2472 969 necs
2499 875 2600 948 τὴν
2628 879 2930 937 ἀνάστασιν
2948 888 2996 940 οἱ
3019 887 3198 960 ὀρθῶς
3229 895 3586 962 πιστεύοντες
3612 899 3838 969 τελείως

2241 959 2577 1029 γνώσονται·
2609 968 2741 1024 Νῦν
2770 974 2884 1043 γὰρ
2913 975 2985 1029 ἐκ
3005 959 3234 1050 μέρους
3257 959 3676 1060 γιγνώσκομεν
3705 1008 3719 1023 ⁶
3751 959 3838 1048 δτῖ

2244 1055 2460 1121 πολλοῖς
2491 1063 2805 1134 κρατηθεὶς*
2825 1068 2856 1120 ό
2903 1070 3208 1139 ἀπόστολος
3246 1077 3455 1144 Ἰούδας
3494 1055 3663 1151 φησίν
3685 1099 3700 1115 ⁸
3726 1087 3838 1140 Κύ-

2231 1163 2346 1216 ριε,
2378 1151 2477 1205 καί
2509 1154 2570 1206 τι
2599 1155 2870 1226 γέγονεν,
2911 1161 3003 1217 ὅτι
3034 1165 3180 1234 ἡμῖν
3203 1167 3458 1238 μέλλεις
3488 1173 3836 1244 ἐμφανίζειν

2235 1242 2520 1310 σεαυτὸν,
2567 1247 2666 1300 καί
2706 1252 2845 1321 οὐχι
2875 1253 2958 1320 τῷ
3002 1258 3246 1326 adquei;
3279 1262 3390 1316 Kal
3423 1242 3533 1337 γὰρ
3580 1267 3835 1338 ενόμιζεν

2234 1331 2337 1396 ὅτι,
2371 1333 2557 1408 ὥσπερ
2582 1340 2711 1405 τοὺς
2734 1346 2966 1415 νεκροὺς
2985 1349 3206 1420 ὁρῶμεν
3233 1355 3357 1406 κατ’
3383 1331 3540 1428 ὄναρ,
3571 1331 3716 1414 οὕτω
3736 1331 3834 1414 καὶ

2233 1425 2396 1479 αὑτὸν
2427 1429 2646 1498 μέλλειν
2670 1435 2922 1506 ὁρᾶσθαι.
2947 1441 3061 1507 Διὸ,
3094 1443 3182 1498 ἵνα
3211 1445 3287 1516 μὴ
3317 1425 3671 1522 τοῦτο-μέχρι
3702 1453 3834 1506 πολ·

2232 1518 2324 1571 λοῦ
2349 1522 2633 1592 νομίζωσι,
2651 1526 2803 1598 λέγει
2825 1531 3032 1595 αὐτοῖς’
3059 1553 3077 1587 ι
3101 1536 3246 1591 Ἐάν
3268 1555 3356 1606 τις
3600 1518 3699 1613 με,
3721 1545 3832 1598 τὸν

2229 1612 2418 1683 λόγον
2426 1633 2547 1685 μου
2570 1620 2842 1690 τηρήσει,
2866 1626 2964 1679 καὶ
2986 1630 3020 1681 ό
3039 1629 3246 1699 Πατήρ
3261 1649 3382 1702 μου
3397 1612 3704 1706 ἀγαπήσει
3728 1641 3833 1694 αὑ-

2227 1705 2357 1769 τὸν,
2384 1711 2487 1764 καὶ
2513 1713 2660 1780 πρὸς
2689 1716 2878 1772 αὐτὸν
2896 1719 3302 1792 ἐλευσόμεθα,
3328 1727 3430 1783 καὶ
3449 1705 3653 1798 ,μονὴν
3687 1734 3830 1800 παρ’

2225 1796 2386 1863 αὐτῷ
2409 1800 2747 1873 ποιήσομεν
2769 1824 2784 1838 ·
2817 1813 3104 1882 μονονουχὶ
3131 1813 3329 1884 λέγων·
3346 1796 3563 1891 Ὠσπερ
3586 1796 3616 1874 ό
3637 1796 3828 1893 nati}?

2225 1888 2520 1960 ἐμφανίζει
2552 1895 2766 1960 ἑαυτὸν,
2807 1898 2954 1955 οὔτω
2979 1904 3076 1958 καὶ⁵
3102 1903 3215 1973 ἐγὼ
3251 1907 3312 1962 ὲν
3341 1888 3594 1982 ἀληθεία,
3633 1915 3729 1966 καὶ

2221 1981 2361 2034 κατά
2395 1985 2703 2050 φαντασίαν
2723 1987 2898 2044 ’ὥστε
2932 1993 3032 2047 οὐκ
3065 1995 3170 2066 ἐμὲ
3206 1998 3390 2067 μόνον,
3433 1981 3557 2054 aut
3579 2002 3702 2056 οὐδὲ
3733 2005 3826 2057 τὸν

2219 2069 2443 2142 Πατέρα
2469 2075 2682 2148 ἀγαπᾷ,
2715 2079 2743 2132 ό
2773 2081 2849 2152 μὴ
2876 2083 3054 2156 τούτῳ
3096 2104 3204 2157 μου
3237 2092 3513 2146 πιστεύων
3547 2094 3626 2164 τῷ
3657 2095 3824 2166 λόγῳ,

2217 2163 2293 2216 Τὸ
2319 2163 2429 2236 γὰρ
2453 2168 2588 2221 αὐτὸ
2614 2171 2892 2241 ἐμφαίνει,
2927 2178 3022 2230 καὶ
3047 2179 3188 2250 ὅπερ
3218 2180 3470 2253 ἐπήγαγε
3505 2163 3704 2253 λέγων,
3739 2163 3824 2240 ὅτι

2227 2255 2286 2310 Ὀ
2319 2255 2394 2328 μὴ
2425 2258 2658 2327 ἀγαπῶν
2693 2281 2786 2333 με,
2822 2265 2950 2330 τοὺς
2974 2267 3166 2338 λόγους
3198 2289 3304 2342 μου
3336 2275 3400 2327 οὐ
3434 2279 3623 2344 τηρεῖο
3658 2279 3824 2332 τοῦτὸ

2225 2346 2519 2416 ὲστιν,οὒς
2543 2347 2718 2421 εἷπον,
2745 2357 2828 2410 ὅτι
2854 2359 2918 2412 ὲκ
2937 2361 3150 2432 νεκρῶν
3169 2364 3231 2417 ὲν
3253 2365 3485 2438 ἀληθείᾳ
3505 2370 3818 2440 ἐγείρομαι.

2226 2439 2413 2496 Ταῦτα
2441 2443 2499 2498 δὲ
2527 2447 2706 2502 πάντα
2748 2451 2990 2522 συνεχῶς
3037 2453 3226 2523 λέγει,
3278 2457 3365 2511 ἵνα
3407 2457 3484 2530 μὴ
3529 2439 3668 2529 μετά
3701 2439 3822 2530 τὴν

2225 2533 2527 2590 ἀνάστασιν
2561 2540 2857 2613 φάντασμα
2888 2543 3052 2599 αὑτὸν
3084 2541 3226 2602 εἶναι
3257 2549 3578 2620 νομίσωσιν.
3615 2553 3680 2606 Εἰ
3705 2551 3818 2626 γὰρ

2217 2625 2310 2678 ἰπὶ
2337 2626 2447 2682 τῶν
2477 2629 2688 2686 ὑδάτων
2724 2634 2930 2701 ἰδόντες
2950 2636 3137 2704 αὐτὸν,
3158 2640 3317 2694 τοῦτο
3346 2641 3634 2714 ἐνόμισαν,
3669 2641 3724 2696 τί
3752 2643 3819 2698 ἂν

2216 2718 2315 2790 οὐχ
2346 2719 2716 2781 ὑπώπτευσαν
2761 2727 2852 2796 ἂν,
2893 2728 3226 2802 θεασάμενοι
3256 2733 3422 2788 αὐτὸν
3455 2735 3773 2790 ἀναστάντα
3799 2774 3817 2802 ,

2215 2808 2275 2863 ὃν
2308 2806 2450 2867 εῐδον
2484 2816 2856 2888 κατεχόμενον
2887 2821 2984 2874 καὶ
3021 2824 3433 2896 παυροὺμενον
3465 2830 3560 2880 καὶ
3608 2827 3818 2882 θαπτό-

2220 2917 2383 2972 μενον
2401 2921 2416 2971 ;
2436 2906 2524 2958 Ἐν
2551 2905 2608 2960 δὲ
2631 2908 2710 2978 τῷ
2726 2912 2922 2979 εἰπεῖν,
2941 2913 3004 2966 '0
3029 2917 3215 2983 λόγος·
3242 2915 3315 2970 ὃν
3345 2921 3676 2986 ἠκούσατε,
3703 2922 3817 2974 οὐκ

3038 3009 3256 3084 Πατρός
3320 3011 3658 3086 φθέγγεται,
3693 3016 3818 3071 οὐδὲ

588 3149 755 3204 Vens.
791 3152 884 3208 25.
923 3172 942 3206 ι
971 3151 1264 3225 Respondit
1286 3159 1445 3220 Jesus
1471 3205 1486 3232 ,
1522 3177 1578 3222 et
1607 3169 1744 3224 dixit
1780 3172 1828 3226 ei
1859 3190 1872 3227 :
1905 3173 1960 3228 Si
1995 3177 2115 3244 quis

2299 3199 2318 3232 ι
2343 3182 2646 3254 Ἀπεκρίθη
2677 3187 2705 3239 ό
2748 3185 2978 3258 Ἰησοῦς,
3016 3190 3112 3244 καὶ
3154 3189 3311 3247 εἶπεν
3339 3194 3491 3266 αὖτῷ
3519 3213 3531 3226 ·
3577 3199 3703 3255 Ἐάν
3731 3220 3815 3269 τις

515 3241 691 3311 diligit
721 3259 825 3309 ine,
855 3243 1167 3304 sérmonem
1197 3268 1373 3309 meum
1405 3260 1668 3328 servabit,
1695 3261 1927 3317 etPater
1958 3281 2111 3320 incus

517 3332 702 3400 diliget
755 3351 877 3391 eum
905 3378 921 3402 ,
973 3349 1028 3395 et
1068 3343 1137 3398 ad
1185 3361 1308 3402 eum
1345 3351 1648 3419 veniemus,
1684 3361 1738 3408 et
1771 3357 2110 3413 mansionem

518 3426 657 3494 apud
690 3443 813 3482 eum
849 3430 1133 3493 faciemus.
1169 3455 1188 3488 ι

583 3539 749 3598 Pater
777 3555 860 3600 est
893 3557 1083 3604 natura
1116 3567 1211 3607 sua
1240 3555 1290 3609 in
1319 3555 1478 3622 Filio,
1513 3557 1564 3612 in
1591 3559 1747 3616 nobis
1772 3571 1952 3619 autem
1977 3565 2102 3622 affe-

515 3638 604 3685 ctu
641 3647 655 3686 :
691 3642 746 3688 et
792 3637 1015 3704 quando
1065 3642 1318 3698 audimus
1373 3645 1513 3698 inter
1545 3645 1758 3703 Patrem
1811 3661 1865 3706 et
1911 3653 2106 3712 Filium

511 3738 634 3781 esse
661 3727 942 3797 unionem,
971 3736 1274 3791 naturalem
1299 3739 1522 3794 omnino
1549 3741 1900 3814 intelligimus
1925 3766 1940 3803 :
1969 3749 2110 3806 inter

514 3818 763 3875 homines
805 3835 936 3880 vero
977 3834 1032 3880 et
1079 3823 1271 3894 Deum,
1313 3828 1458 3884 illam
1487 3871 1502 3896 ,
1558 3848 1680 3904 qua:
1723 3836 1778 3891 in
1807 3841 2013 3896 sanctis
2039 3857 2104 3896 ex

508 3908 854 3970 affectionum
899 3920 1262 3976 consensione
1313 3935 1411 3990 per
1466 3924 1626 3981 ﬁdem
1675 3937 1728 3984 et
1779 3930 1870 3986 Dei
1928 3933 2106 3991 Patris

506 4005 1060 4064 communicationem
1122 4012 1362 4068 exsistit.
1432 4012 1726 4071 Pluraliter
1788 4030 1967 4076 autem
2022 4023 2105 4078 lo-

505 4100 761 4166 quendo,
807 4101 950 4156 tollit
985 4102 1238 4158 haeresim
1291 4102 1659 4163 Sabellianam
1692 4150 1707 4172 .
1768 4127 1890 4183 quae
1937 4129 2099 4170 unam

508 4191 890 4261 liypostasim,
950 4205 1228 4266 unamque
1281 4195 1462 4256 Patris
1519 4217 1584 4256 ac
1631 4200 1752 4259 Filii
1803 4221 2097 4276 personam

499 4284 720 4338 :tslruil.

576 4374 739 4430 Vens.
765 4375 856 4431 24.
889 4395 908 4430 ι
929 4377 1029 4445 Qui
1048 4392 1156 4434 non
1179 4379 1350 4451 diligit
1375 4393 1482 4449 me,
1503 4380 1788 4444 serinones
1818 4403 1966 4446 meos
1988 4408 2092 4450 non

502 4480 703 4522 servat.
732 4467 799 4524 Et
828 4485 1138 4526 sermonem
1167 4489 1326 4543 quem
1360 4477 1611 4545 audistis,
1649 4495 1754 4536 non
1785 4491 1867 4539 est
1896 4500 2049 4544 meus
2076 4505 2092 4545 :

498 4561 594 4613 sed
629 4561 768 4631 ejus,
809 4564 901 4631 qui
943 4566 1092 4620 misit
1123 4582 1229 4632 me,
1273 4567 1475 4625 Patris.
1517 4589 1535 4622 ι

573 4651 737 4707 Docet
761 4655 890 4709 solis
921 4657 1201 4726 discipulis
1224 4661 1492 4732 praecipue
1521 4674 1576 4718 et
1602 4664 1943 4728 lneffabiliter
1975 4671 2091 4732 fore

499 4742 986 4814 illuminationem,
1027 4750 1156 4819 quia
1198 4753 1452 4809 mandata
1492 4767 1729 4812 servant.
1763 4766 1766 4768 ’

569 4921 738 4980 Vens.
789 4925 880 4982 27.
939 4947 956 4980 ι
990 4928 1107 4986 Νοη
1147 4933 1395 4991 turbetur
1441 4953 1536 4994 cor
1585 4950 1857 5011 vestrum,
1913 4957 2088 5019 neque

498 5015 772 5073 formidet.
805 5039 824 5073 ι

567 5110 747 5168 Nolite
791 5117 1110 5173 conturbari
1165 5121 1308 5189 quod
1353 5138 1612 5193 passurus
1636 5130 1760 5196 sim,
1806 5133 1908 5188 hoc
1939 5135 2084 5190 enim

2219 3272 2411 3344 ἀγαπᾷ
2439 3291 2529 3345 με,
2564 3275 2658 3330 τὸν
2685 3278 2844 3348 λόγον
2872 3298 2973 3352 μου
2999 3285 3254 3355 τηρήσει,
3287 3289 3382 3341 καὶ
3417 3291 3448 3343 ὁ
3479 3287 3675 3366 Πατήρ
3709 3312 3812 3366 μου

2215 3367 2495 3435 ἀγαπήσει
2529 3369 2714 3434 αὐτὸν,
2769 3372 2866 3426 καὶ
2912 3374 3050 3446 πρὸς
3087 3377 3252 3432 αὐτὸν
3304 3380 3680 3455 ἐλευσόμεθα,
3717 3394 3810 3446 καὶ

2218 3459 2388 3529 μονὴν
2412 3461 2544 3533 παρ’
2573 3462 2723 3534 αὺτῷ
2749 3466 3071 3538 ποιήσομεν.
3105 3485 3124 3521 ι

2297 3570 2356 3624 '0
2385 3571 2575 3644 Πατὴρ
2605 3575 2662 3628 ὲν
2694 3575 2774 3646 τῷ
2804 3576 2922 3647 Υίῷ
2966 3579 3084 3633 ἐστι
3131 3581 3417 3652 φυσικῶς,
3452 3585 3512 3639 ὲν
3565 3586 3701 3658 ἡμῖν
3751 3586 3820 3640 δὲ

2211 3663 2496 3732 σχετικῶς·
2532 3667 2628 3720 καὶ
2667 3669 2798 3723 ὅταν
2832 3670 3162 3744 ἀκούσωμεν
3209 3675 3407 3730 ἕνωσιν
3449 3677 3666 3749 Πατρὸς
3711 3685 3806 3736 καὶ

2211 3753 2365 3818 Υἰοῦ,
2389 3755 2490 3828 τὴν
2519 3757 2758 3830 φυσικὴν
2787 3759 3040 3832 νοοῦμεν·
3071 3765 3202 3818 ὅταν
3227 3764 3286 3819 δὲ
3314 3763 3511 3821 ἕνωσιν
3541 3768 3678 3822 Θεοῦ
3709 3777 3809 3828 καὶ

2207 3844 2538 3917 ἀνθρώπων,
2567 3849 2826 3920 σχετικὴν
2849 3851 3082 3923 νοοῦμεν
3101 3853 3202 3926 τὴν
3227 3856 3292 3910 ὲκ
3311 3856 3552 3923 πίστεως
3576 3859 3811 3931 γινομέσ

2206 3955 2306 4011 νην
2337 3943 2450 4007 τοῖς
2473 3942 2673 4011 ἁγίοις,
2705 3945 2801 3998 καὶ
2823 3945 2922 4017 τὴν
2945 3945 3056 4000 ἀπὸ
3083 3951 3184 4020 τῆς
3203 3948 3296 4003 τοῦ
3317 3951 3538 4024 Πατρδς
3565 3953 3805 4024 μετοχῆς

2204 4033 2515 4088 κοινωνίαν.
2570 4035 2756 4090 Εἰπὼν
2805 4036 2863 4090 δὲ
2913 4037 3336 4111 πληθυντικῶς,
3373 4043 3474 4117 τὴν
3505 4043 3801 4098 Σαϐελλίου

2203 4123 2422 4197 ἀναιρεῖ
2465 4126 2701 4199 αἵρεσιν,
2750 4129 2853 4202 τὴν
2899 4130 3170 4200 λέγουσαν
3201 4135 3334 4208 μίαν
3370 4135 3674 4193 ὑπόστασιν
3702 4137 3800 4193 καὶ

2202 4214 2262 4272 ἓν
2293 4218 2589 4290 πρόσωπον
2617 4221 2833 4292 Πατρὸς
2869 4223 2968 4277 καὶ
2991 4223 3148 4280 Υίοῢ.

2275 4409 2295 4444 ι
2333 4390 2393 4445 '0
2419 4391 2496 4464 μὴ
2518 4391 2751 4461 ἀγαπῶν
2779 4411 2868 4466 με,
2899 4397 3025 4461 τοὺς
3047 4397 3240 4468 λόγους
3275 4415 3378 4472 μου
3396 4400 3458 4455 οὐ
3485 4403 3664 4474 τηρεῖ.
3685 4403 3796 4457 Καὶ

2196 4485 2226 4538 ὀ
2254 4483 2408 4555 λόγος
2436 4487 2496 4540 ὃν
2529 4486 2787 4553 ἀκούετε,
2817 4489 2920 4544 οὐκ
2955 4491 3107 4544 ἔστιν
3143 4493 3304 4564 ἐμὸς,
3353 4493 3494 4549 ἀλλά
3520 4494 3617 4548 τοῦ
3649 4495 3792 4567 πέμ-

2196 4578 2400 4648 ψαντός
2430 4597 2499 4650 με
2531 4581 2765 4654 Πατρός.
2796 4602 2816 4637 ι

2269 4672 2522 4728 Διδάσκει
2568 4675 2651 4730 ὅτι
2689 4678 2878 4748 μόνοις
2905 4683 3020 4743 τοῖς
3055 4679 3664 4764 μαθητατςλὲξαιρέτως
3696 4678 3792 4734 καὶ

2199 4762 2340 4837 ὑπὲρ
2371 4763 2531 4836 λόγον
2563 4767 2717 4824 ἔσται
2751 4771 2786 4842 ή
2816 4770 3110 4845 ελλαμψις,
3145 4775 3284 4848 ὑπὲρ
3329 4762 3404 4832 ὧν
3433 4771 3664 4846 τηροῦσι
3689 4769 3791 4836 τὰς

2195 4856 2436 4922 ἐντολάς.
2468 4858 2715 4935 [Cum].

2271 4969 2292 5004 ¢
2317 4951 2410 5024 Μὴ
2435 4955 2794 5028 ταρασσέσθω
2816 4957 2972 5030 ὑμῶν
2995 4959 3031 5031 ή
3060 4958 3282 5033 καρδία,
3302 4958 3438 5036 μηδὲ
3461 4955 3736 5013 δειλιάτω.
3760 4972 3783 5007 ι

2264 5133 2358 5204 Μὴ
2387 5134 2730 5207 θορυϐεῖσθε,
2776 5140 3114 5206 ἀκούσαντες
3165 5143 3250 5197 ὅτι
3286 5140 3471 5214 μέλλω
3514 5141 3786 5212 πάσχεινι

498 5207 726 5264 multum
755 5213 1018 5280 proderit.
1041 5213 1219 5270 Mundi
1253 5233 1356 5286 pax
1382 5228 1487 5287 est,
1521 5224 1736 5291 quando
1765 5227 1928 5282 etiam
1963 5244 2085 5284 cum

499 5299 642 5338 main
669 5301 722 5338 [il
783 5303 887 5338 Ωιι-,1
927 5322 1025 5338 ηην
1057 5307 1258 5338 Ριιηεηιε
1304 5329 1407 5338 ..--
1457 5312 1628 5338 -..I--__
1668 5329 1832 5338 -..μμ
1866 5335 1915 5338 _-
1969 5337 2002 5338 η

2219 5226 2331 5280 πολὺ
2362 5229 2473 5301 γὰρ
2503 5231 2568 5285 ἑκ
2603 5231 2796 5288 τούτου
2826 5235 3041 5306 κέρδος.
3073 5207 3301 5310 [Cauni
3342 5237 3407 5292 Ἦ
3437 5207 3784 5338 ’ποθ’-κόσμου

499 5299 642 5354 malo
669 5301 746 5356 iit.
783 5303 887 5360 Sed
926 5322 1027 5376 pax
1056 5307 1258 5367 Christi
1303 5329 1412 5370 non
1455 5312 1630 5372 solum
1662 5329 1920 5375 externos
1954 5337 2090 5376 con-

2225 5319 2382 5392 ῐρήνη
2443 5299 2590 5376 ἔστιν
2619 5324 2756 5379 ὃπου
2784 5299 3008 5381 atat-emi
3037 5299 3195 5402 κακῷ
3225 5299 3458 5400 γίνεται.
3505 5329 3573 5383 Ἠ
3606 5299 3784 5381 δὲ’τοῦ

496 5390 668 5458 ciliat,
721 5398 816 5452 sed
863 5405 918 5453 et
947 5400 1194 5461 homines
1219 5420 1444 5477 secum,
1498 5425 1568 5467 ne
1614 5425 1745 5468 caro
1794 5411 1864 5467 ab
1905 5415 2086 5470 anima

2219 5390 2432 5483 ἰριστοῦ
2461 5416 2654 5490 εἰρήνη
2705 5419 2768 5472 οὐ
2800 5421 2962 5491 μόνον
3003 5421 3142 5493 πρὸς
3165 5390 3298 5486 τοὺς
3323 5421 3431 5490 ἔξω
3472 5421 3785 5494 εἰρηνεύειν

496 5481 780 5545 dissideat.

2189 5505 2388 5574 πείθει,
2423 5509 2561 5563 ἀλλὰ
2589 5510 2686 5564 καὶ
2721 5513 2858 5585 πρὸς
2886 5514 3136 5582 ἑαυτοὺς,
3169 5515 3259 5570 ἵνα
3304 5515 3380 5588 μὴ
3409 5516 3444 5587 ἡ
3477 5514 3618 5588 σὰρξ
3646 5530 3780 5568 στα-

2192 5598 2355 5672 σιάζῃ
2381 5602 2524 5657 κατὰ
2553 5603 2656 5674 τῆς
2686 5603 2896 5678 ψυχῆς.

566 5746 1008 5864 ‘(lil’ii‘llllrfc‘ggih
1049 5755 1200 5813 Bodl.
1244 5760 1504 5836 Chysost.
1534 5763 1645 5832 dat,
1679 5774 1732 5822 et
1772 5769 1947 5840 reipsa
2014 5782 2258 5843 quaedam
2293 5778 2404 5835 fere
2437 5781 2631 5839 similia
2702 5787 3049 5843 membratim
3089 5791 3326 5860 reperies
3373 5791 3429 5848 in
3471 5791 3775 5864 Chrysost-

499 5816 634 5890 Opp.
673 5819 811 5890 vm,
843 5823 970 5882 407.
