4072 6468
287 403 464 471 1493

383 535 411 570 ι
454 515 607 590 Ὀςι
629 515 659 570 6
685 514 879 588 Πατὴρ
911 514 1112 586 μείζων
1143 514 1244 587 μού
1275 515 1414 571 ἐστι.
1454 536 1473 567 ι

377 621 408 649 ⁶
438 611 540 664 Οὐ
565 610 625 664 τὸ
649 609 876 682 μείζονα
905 603 1044 662 εἶναι
1077 609 1169 662 τὸν
1193 608 1436 681 Πατέρα,
1457 611 1605 662 ποιεῖ
1628 608 1791 662 αὑτὸν
1823 609 1942 663 ἐτέ-

293 717 421 772 ρας
461 703 711 767 οὐσίας,
742 701 819 765 ὡς
853 701 904 754 oi
936 701 1208 770 αἱρετικοί
1259 718 1446 771 φασιν.
1503 701 1634 755 Ὅτε
1675 701 1694 740 τ
1731 697 1800 772 ἦν
1852 703 1946 756 ἐπὶ

287 793 422 862 γῆς
448 793 550 856 ὡς
579 792 890 864 ἄνθρωπος,
916 791 1140 864 μείζονα
1155 789 1276 846 εῐπε
1297 793 1390 846 τὸν
1408 792 1649 865 Πατέραο
1669 793 1831 846 τοῦτο
1855 793 1945 847 διὰ

287 882 366 934 τὸ
403 883 770 954 φαινόμενον
792 883 952 956 σῶμα
980 884 1152 954 λέγει,
1190 885 1313 939 ἐπεὶ
1337 886 1569 939 καθόλου
1592 887 1709 939 ἐστὶ
1736 888 1761 926 ε
1789 885 1942 950 Θεὸς,

283 973 510 1029 teliteli
549 977 731 1047 ἥττων
758 978 878 1031 ἐστὶ⁵
934 977 1030 1032 τοῦ
1081 979 1334 1050 Πατρός,
1386 978 1510 1032 οὔτε
1554 981 1636 1042 εἰς
1677 977 1945 1049 οὐρανοὺς

292 1067 610 1138 ἀνάγεται
639 1071 670 1124 6
697 1069 768 1124 τὰ
790 1069 971 1125 πάντα
1003 1071 1250 1144 πληρῶν,
1275 1071 1376 1126 καὶ¹
1405 1070 1713 1143 ἀχώριστος
1741 1069 1817 1124 ὢν
1848 1069 1943 1124 τοῦ

295 1151 585 1234 Πατρός.

388 1271 414 1306 α
474 1255 630 1308 Ἀλλ’
667 1255 758 1310 ἵνα
785 1254 900 1326 γνῷ
927 1257 956 1310 6
983 1257 1210 1328 κόσμος,
1241 1257 1324 1312 ὅτι
1351 1255 1555 1326 ἀγαπῶ
1583 1255 1677 1310 τὸν
1699 1255 1943 1328 Πατέρα,

298 1345 417 1398 καὶ
483 1345 680 1410 καθὼς
737 1347 1047 1400 ἐνετείλατό
1086 1365 1178 1418 μοι
1233 1350 1261 1402 ό
1309 1348 1537 1420 Πατὴρ,
1593 1347 1739 1402 οὕτω
1782 1345 1944 1400 ποιῶ.

313 1436 694 1509 Ἐγείρεσθε,
731 1438 958 1509 ἄγωμεν
986 1439 1260 1494 ἐντεῦθεν.
1300 1459 1320 1493 ι

400 1529 682 1602 Ἐντολὴν
729 1530 787 1584 δὲ
841 1530 1008 1586 πάλιν
1064 1531 1216 1602 αὐτῷ
1264 1532 1513 1586 δεδόσθαι
1572 1531 1768 1600 λέγων,
1822 1528 1946 1583 καθ’

299 1622 641 1694 ὁμοιότητα
681 1624 817 1694 ἡμῖν
843 1622 996 1676 δοκεῖ
1033 1621 1193 1677 τοῦτο
1234 1624 1438 1692 λέγειν,
1471 1620 1584 1677 οἷον
1615 1621 1947 1693 ἀνθρωπίνῳ

299 1711 530 1783 τρόπῳ
561 1715 754 1784 νοῆσαι
776 1714 930 1779 Θεὸν,
969 1714 1086 1770 ἀλλ’
1120 1716 1183 1768 οὗ
1216 1715 1351 1768 Θεὸν
1380 1715 1669 1770 ἀκούοντα.
1703 1713 1948 1779 Μείζονα

299 1803 435 1874 γὰρ
457 1805 655 1874 φωνῆς
677 1806 748 1858 τὰ
768 1805 945 1873 θεῖκά,
973 1809 1069 1860 καὶ
1091 1808 1306 1879 φυσικῷ
1321 1809 1509 1879 τρόπῳ
1525 1809 1729 1862 νοεῖται
1745 1806 1943 1874 ταῦτα,

1411 406 1880 470 FRAGMENTA
1921 408 2004 468 IN
2048 408 2107 467 S.
2151 405 2534 468 IOANNEM.

1971 524 2018 579 Α
2120 514 2284 573 Vens.
2317 518 2407 572 9.8.
2469 535 2488 569 ι
2523 516 2661 584 Quia
2700 517 2862 574 Pater
2891 520 3064 591 major
3099 513 3185 576 me
3219 529 3324 577 est.
3358 541 3373 573 ι

3505 406 3649 473 14οἐ

2121 607 2274 675 Quod
2304 607 2467 664 Pater
2500 611 2676 681 major
2706 612 2814 679 sit,
2868 628 2973 668 non
3025 612 3154 668 facit
3191 613 3364 684 ipsum
3417 613 3665 669 alterius-

2047 713 2171 754 esse
2197 701 2537 765 substantiae,
2569 712 2625 757 ut
2652 703 2898 758 hmrétici
2923 703 3211 760 aﬂlrmant.
3240 705 3474 773 Quando
3495 706 3641 760 enim

2050 792 2102 844 in
2137 800 2282 845 terra
2313 792 2565 860 degebat,
2617 803 2766 860 tunc,
2805 797 2856 850 in
2894 807 3154 866 quantum
3202 799 3387 863 homo,
3427 797 3644 852 dicebat

2048 881 2312 947 majorem
2343 897 2464 937 esse
2493 883 2706 940 Patrem
2741 927 2757 953 ,
2802 897 3024 957 propter
3051 904 3246 959 corpus
3287 905 3446 945 suum
3494 892 3648 961 quod

2047 973 2356 1028 videbatur.
2393 975 2448 1029 ln
2483 988 2746 1046 quantum
2783 988 2960 1034 tamen
3001 979 3144 1037 Deus
3169 991 3274 1048 est,
3323 997 3502 1052 neque
3535 981 3643 1036 mi-

2045 1078 2148 1119 nor
2178 1075 2262 1120 est
2297 1064 2482 1132 Patre,
2537 1085 2711 1139 neque
2753 1071 2806 1125 in
2840 1071 3036 1127 coelum
3071 1073 3412 1139 conscendit,
3454 1082 3642 1144 utpote

2046 1155 2138 1225 qui
2175 1157 2357 1211 omnia
2385 1157 2628 1228 impleat,
2654 1170 2707 1216 et
2730 1161 3032 1219 immensus
3067 1165 3136 1218 sit
3169 1179 3323 1234 asque
3358 1179 3422 1219 ac
3452 1163 3638 1218 Pater.

2120 1248 2286 1303 Vens.
2314 1249 2404 1305 3|.
2440 1269 2458 1302 ι
2490 1250 2594 1307 Sed
2633 1261 2688 1308 ut
2715 1265 3009 1326 cognoscat
3047 1256 3284 1311 mundus
3317 1258 3441 1326 quia
3474 1257 3641 1326 diligo

2046 1337 2264 1395 Patrem
2287 1381 2302 1407 ,
2333 1350 2388 1397 et
2432 1345 2574 1399 sicut
2608 1347 2922 1402 mandatum
2973 1348 3122 1404 dedit
3159 1348 3290 1403 mihi
3322 1348 3484 1403 Pater
3511 1391 3526 1417 ,
3557 1349 3640 1403 sic

2049 1428 2211 1486 facio.
2246 1432 2489 1504 Surgite,
2537 1450 2725 1491 eamus
2755 1437 2903 1493 hinc.
2942 1458 2960 1491 ι

2121 1521 2431 1580 Mandatum
2466 1535 2646 1582 autem
2698 1544 2890 1585 rursus
2939 1530 3040 1585 sibi
3083 1531 3267 1586 datum
3301 1531 3522 1595 dicens,
3573 1532 3646 1584 ad

2048 1615 2462 1672 similitudinem
2497 1629 2740 1675 nostram
2771 1623 2988 1678 videtur
3018 1623 3187 1693 loqui,
3212 1623 3366 1694 quasi
3401 1623 3648 1679 humano

2049 1722 2203 1762 more
2234 1708 2405 1765 Deum
2455 1712 2829 1784 intelligendo,
2862 1732 2985 1770 cum
3035 1725 3211 1771 tamen
3241 1716 3380 1772 Deus
3409 1730 3514 1772 non
3541 1731 3640 1770 au-

2051 1799 2184 1853 diat.
2219 1798 2409 1855 Divina
2438 1803 2583 1856 enim
2613 1804 2763 1859 omni
2793 1820 2925 1860 voce
2963 1806 3166 1876 majora
3221 1814 3388 1871 sunt,
3421 1814 3475 1860 et
3529 1805 3641 1859 haec

301 1895 475 1950 κατὰ
522 1897 586 1950 τὸ
613 1897 818 1952 οἰκεῖον
856 1898 978 1969 Θεῷ
1154 1877 1321 1953 οἱονεὶ
1360 1877 1567 1970 -βουλῆς
1596 1899 1692 1952 τοῦ
1730 1899 1939 1970 Πατρὸς

2052 1892 2286 1946 naturali
2321 1901 2535 1949 tantum
2570 1897 2731 1951 modo
2760 1895 3156 1965 intelliguntur,
3184 1905 3343 1967 prout
3375 1894 3486 1950 Deo
3510 1909 3643 1949 con-

301 1988 565 2060 ὲντολῆς
590 1988 932 2062 λεγομένης,
969 1985 1003 2066 ᾗ
1035 1991 1328 2064 σύμφωνος
1357 1991 1434 2045 ὢν
1463 1992 1558 2046 καὶ
1588 1991 1891 2063 σύνδρομος
1914 1992 1943 2045 6

301 2078 488 2146 Υίδς,
527 2081 772 2135 ἐπιτελεῖ
812 2081 912 2153 τὴν
953 2083 1294 2154 οἰκονομίαν.
1344 2083 1654 2138 Κάλλιστον
1701 2083 1813 2154 γὰρ
1845 2084 1942 2137 καὶ

303 2169 378 2223 τὸ
410 2170 606 2225 Ποιῶ·
651 2172 718 2226 ἵν’
755 2173 978 2244 ἴδωμεν,
1007 2174 1092 2228 ὅτι
1128 2175 1224 2229 καὶ
1250 2175 1312 2229 τὸ
1343 2174 1514 2240 πάθος
1560 2175 1845 2246 ἐνεργείας
1873 2171 1941 2246 ἦν

306 2260 508 2315 αὑτοῦ
541 2261 610 2316 δι’
646 2256 714 2336 ἦς
763 2263 1023 2336 καθαίρει
1058 2265 1261 2336 μᾶλλον
1308 2267 1436 2330 τοὺς
1481 2263 1938 2336 ἐπιτιθεμένους,

308 2352 455 2407 ἐπεὶ
489 2354 587 2408 καὶ
611 2353 1088 2428 θριαμϐευόμενος
1120 2356 1518 2428 ἐθριάμϐευσε,
1549 2356 1647 2410 καὶ
1676 2353 1944 2426 σταυρού-

312 2461 503 2516 μενος
537 2447 832 2519 ἐσταύρου,
853 2449 948 2502 καὶ
973 2447 1099 2522 [είς]
1123 2449 1394 2521 αἰσχύνην
1429 2447 1607 2518 ἐπῆγε
1635 2449 1751 2512 τοῖς
1783 2445 1943 2502 τοῦτο

308 2537 750 2610 ἐργαζομένοις.
783 2541 948 2595 Ὥστε
977 2542 1067 2597 διὰ
1093 2542 1192 2614 τὴν
1232 2542 1480 2614 ἀγάπην,
1525 2541 1684 2614 φησὶ,
1734 2539 1834 2613 τὴν
1861 2541 1944 2605 εἰς

306 2628 417 2684 τὸν
444 2631 672 2703 Πατέρα
707 2632 973 2703 ὑπομένω
1007 2631 1260 2688 θάνατον.

935 2831 1190 2886 ΚΕΦΑΛ.
1244 2831 1348 2885 ΙΕ’.

405 2963 429 2996 ι
467 2943 587 2998 Πᾶν
608 2942 795 3014 κλῆμα
815 2945 874 2996 ἐν
895 2943 1018 3014 ἐμοὶ
1044 2941 1121 3014 μὴ
1150 2940 1316 3013 φέρον
1342 2939 1576 3011 καρπὸν,
1609 2940 1755 3010 αίρει
1781 2940 1934 2992 αὑτό⁶

313 3038 422 3090 καὶ
464 3037 574 3089 πᾶν
592 3036 655 3089 τὸ
679 3035 893 3108 καρπὸν
926 3035 1115 3108 φέρον,
1139 3033 1397 3106 καθαίρει
1419 3032 1574 3099 αὐτὸ,
1597 3031 1685 3085 ἵνα
1712 3030 1938 3084 πλείονα

317 3128 552 3200 καρπὸν
583 3128 748 3200 φέρῃ.
785 3148 806 3181 ι

2046 1985 2317 2051 veniunt,
2367 1987 2645 2043 voluntate
2677 1989 2936 2043 nimirum
2971 1989 3148 2045 Patris
3193 2004 3291 2059 per
3323 1988 3638 2042 mandatum

2044 2075 2376 2146 significata,
2414 2080 2500 2134 cui
2549 2095 2672 2136 sese
2701 2079 2872 2135 Filius
2911 2078 3310 2137 conformanda
3345 2089 3510 2150 atque
3538 2080 3638 2134 ob-

2043 2172 2320 2239 sequendo
2357 2171 2820 2244 dispensationem
2873 2175 3103 2244 peragit.
3136 2173 3202 2228 Et
3228 2189 3360 2228 sane
3389 2173 3642 2244 pulcher-

2043 2259 2218 2325 rime;
2249 2271 2306 2316 ut
2333 2278 2728 2332 cognoscamus
2773 2265 3085 2336 passionem
3115 2265 3282 2321 etiam
3311 2264 3478 2320 fuisse
3503 2279 3640 2333 opus

2042 2351 2184 2421 ejus,
2219 2368 2326 2423 qua
2371 2356 2500 2410 vicit
2530 2357 2714 2426 potius
2744 2372 2906 2427 quam
2939 2359 3117 2412 victus
3151 2356 3337 2424 fuerit,
3369 2365 3428 2410 ut
3461 2356 3551 2426 qui
3583 2355 3639 2410 in

2045 2442 2383 2513 triumphum
2413 2455 2589 2513 actus,
2641 2448 3015 2518 triumphavit,
3046 2456 3103 2504 et
3129 2447 3426 2504 cruciﬁxus
3460 2447 3642 2504 cruci-

2043 2533 2162 2589 ﬁxit
2195 2537 2553 2594 cruciﬁxores
2596 2554 2728 2596 suos
2753 2579 2770 2606 ,
2826 2541 3000 2611 iisque
3033 2539 3388 2611 ignominiam
3431 2539 3637 2597 attulit.

2043 2623 2272 2696 Propter
2299 2642 2540 2685 amorem
2575 2631 2780 2702 itaque,
2815 2632 3016 2704 inquit,
3046 2630 3230 2689 Patris
3252 2639 3486 2689 mortem
3519 2645 3642 2688 sus-

2043 2718 2214 2775 tineo.

2688 2836 2840 2893 CAP.
2874 2837 2991 2894 XV.

2113 2923 2279 2980 Vens.
2331 2927 2386 2982 2.
2435 2946 2454 2981 ‹
2489 2927 2722 2984 Omnem
2757 2929 3034 2999 palmitem
3078 2932 3130 2986 in
3193 2947 3281 2988 me
3314 2946 3420 2988 non
3454 2929 3634 2987 feren-

2041 3021 2150 3068 tem
2180 3015 2421 3072 fructum
2452 3058 2468 3084 ,
2522 3019 2675 3075 tollet
2704 3035 2827 3076 eum
2865 3039 2878 3076 :
2915 3031 2971 3076 et
2997 3037 3214 3077 omnem
3242 3022 3332 3092 qui
3370 3020 3474 3077 fert
3518 3019 3635 3076 {ru-

2039 3113 2209 3174 ctum,
2248 3111 2500 3180 purgahit
2522 3126 2669 3177 eum,
2701 3121 2760 3168 ut
2794 3113 3031 3168 fructum
3066 3115 3185 3184 plus
3213 3113 3427 3169 afferat.
3463 3133 3483 3166 ι

406 3198 473 3276 Ὅ
521 3198 941 3290 πιστόξκλῆμά
975 3221 1093 3273 ἐστι
1144 3219 1244 3284 τῆς
1286 3218 1486 3288 νοητῆς
1542 3216 1830 3287 ἀμπέλου,
1876 3217 1935 3280 ὃς

2116 3198 2290 3255 llomo
2317 3200 2494 3259 ﬁdelis
2533 3204 2741 3273 palmes
2771 3215 2854 3260 est
2883 3206 3147 3275 spiritalis
3180 3208 3324 3273 vitis,
3373 3220 3498 3276 qua:
3551 3217 3643 3262 est

317 3309 451 3363 ἐστι
483 3310 744 3380 Χριστός.
773 3310 882 3364 Καὶ
905 3310 1055 3364 οὐδὲν
1077 3310 1371 3380 ὠφελεῖται
1397 3311 1460 3362 ἐκ
1485 3309 1654 3379 μόνης
1675 3308 1934 3372 πίστεως,

319 3401 470 3456 ἀλλά
511 3401 672 3473 χρεία
721 3403 816 3456 καὶ
852 3404 1127 3474 ἐναρέτων
1171 3403 1372 3475 ἔργων,
1409 3403 1555 3474 ἆπερ
1603 3402 1817 3471 γίνεται
1850 3401 1938 3456 διὰ

323 3490 662 3562 καθαρμῶν.
717 3492 780 3546 0i
828 3487 924 3546 οὖν
957 3492 1293 3563 κολλώμενοι
1323 3491 1402 3562 τῷ
1449 3491 1679 3562 Κυρίῳ,
1722 3492 1817 3544 καὶ
1862 3491 1938 3562 μὴ

320 3581 506 3647 ἀξίως
538 3581 706 3636 αὐτοῦ
740 3583 1174 3653 πολιτευόμενοι,
1209 3582 1536 3647 κολάζονται
1561 3599 1574 3612 ·
1607 3584 1657 3634 οἱ
1689 3581 1745 3635 δέ
1776 3581 1938 3635 εὗσε-

323 3673 444 3739 εῶς
472 3675 698 3741 ζῶντες,
727 3675 894 3729 πολὺν
923 3675 1153 3747 φέρουσι
1186 3673 1425 3747 καρπόν.

406 3785 427 3819 ι
481 3767 624 3838 Ἤδη
654 3769 814 3838 ὑμεῖς
846 3769 1084 3843 καθαροί
1123 3769 1272 3832 ἐστε,
1303 3765 1395 3821 διά
1425 3765 1518 3820 τὸν
1543 3763 1724 3833 λόγον,
1754 3762 1814 3816 ὃν
1845 3762 1932 3815 λε-

322 3859 550 3932 λάληκα
578 3861 727 3933 ὑμῖν.
764 3881 785 3916 ι

399 3951 598 4007 Ταῦτα
643 3952 793 4023 λέγει
837 3953 972 4025 περὶ
1016 3945 1093 4007 ὧν
1125 3950 1353 4022 ἔμελλον
1399 3945 1696 4018 ὑπομένειν
1738 3961 1936 4017 πειραο

333 4043 516 4114 σμῶν,
557 4045 757 4108 οἵτινες
786 4045 986 4110 αὐτοὺς
1015 4044 1234 4100 ἐποίουν
1266 4040 1697 4112 δοκιμωτέρους.
1738 4041 1803 4093 Οί
1842 4039 1934 4093 εύ-

333 4135 516 4200 σεσῶς
542 4135 746 4200 ζῶντες
777 4137 946 4191 πολὺν
977 4135 1204 4209 φέρουσι
1235 4135 1473 4206 καρπόν.

408 4243 436 4276 ι
464 4227 703 4280 Μείνατε
734 4228 792 4280 ἐν
823 4227 947 4297 ἐμοί
968 4241 980 4256 ·
1015 4225 1171 4294 κάγὼ
1197 4229 1254 4280 ἐν
1283 4227 1433 4296 ὑμῖν.
1468 4244 1487 4278 ι

400 4318 530 4371 Κᾶν
553 4319 740 4389 ἠνὼθη
764 4337 849 4383 τις
889 4320 1111 4391 Χριστῷ
1137 4319 1224 4373 διά
1252 4317 1348 4371 τοῦ
1375 4319 1433 4370 ἐν
1465 4316 1746 4387 Πνεύματι
1771 4315 1932 4384 ἅγια·

337 4407 504 4480 σμοῦ,
539 4409 680 4464 ἀλλὰ
706 4409 902 4482 χρῄζει
943 4413 1038 4465 καὶ
1064 4411 1166 4481 τῆς
1189 4410 1402 4474 τελείας
1431 4410 1654 4484 ἀγάπης
1687 4409 1930 4480 ἔχεσθαι,

334 4501 437 4554 καὶ
465 4500 785 4555 ἀκολουθεῖν
815 4501 990 4573 αὐτῷ.
1044 4500 1103 4555 '0
1138 4501 1250 4573 γὰρ
1284 4502 1589 4564 ἀποκοπεὶς
1653 4500 1765 4555 ἀπὸ
1800 4501 1934 4572 Χρι-

2042 3289 2321 3347 Christus.
2364 3294 2434 3348 Et
2480 3309 2588 3350 non
2625 3296 2850 3364 prodest
2900 3296 2979 3352 illi
3017 3297 3133 3352 sola
3185 3297 3342 3364 tides,
3375 3299 3469 3352 sed
3498 3312 3648 3368 opus.

2043 3382 2208 3438 habet
2241 3385 2466 3455 insuper
2496 3389 2752 3456 operibus
2779 3389 2962 3455 bonis,
2992 3405 3115 3459 quae
3145 3389 3283 3444 ﬁunt
3308 3405 3406 3460 per
3434 3405 3633 3460 purga-

2045 3473 2272 3528 tionem.
2310 3475 2413 3542 Qui
2469 3477 2637 3548 igitur
2675 3480 3036 3551 conglutinati
3079 3492 3208 3537 sunt
3239 3482 3506 3550 Domino,
3539 3499 3638 3540 nec

2043 3563 2207 3632 digne
2248 3567 2366 3633 ipso
2400 3567 2570 3622 vitam
2619 3570 2956 3636 instituunt,
2993 3573 3331 3641 punientur:
3365 3575 3458 3644 qui
3506 3590 3642 3631 vero

2042 3656 2129 3723 pie
2166 3657 2379 3722 vivunt,
2417 3659 2648 3714 multum
2676 3660 2912 3718 fructum
2945 3664 3199 3720 aﬂ‘erunt.

2119 3746 2282 3803 Vens.
2313 3750 2370 3806 5.
2412 3769 2431 3801 ι
2460 3748 2581 3806 Jam
2619 3767 2718 3808 vos
2748 3755 2935 3809 mundi
2993 3756 3129 3811 estis
3158 3764 3384 3826 propter
3423 3773 3637 3815 sermo-

2040 3855 2188 3906 nem,
2224 3856 2384 3909 qnem
2421 3841 2638 3898 locutus
2670 3860 2790 3900 sum
2834 3846 3010 3904 vobis.
3040 3866 3061 3902 ι

2113 3931 2240 3987 Haec
2269 3932 2403 3988 dicit
2426 3934 2494 3989 de
2525 3929 2920 3994 tentationibus
2945 3953 3080 4008 quas
3105 3941 3414 4011 perpessuri
3452 3953 3638 4004 erant,

2038 4038 2161 4094 quae
2195 4022 2321 4080 illos
2352 4024 2654 4080 reddebant
2685 4027 2962 4084 meliores.
3013 4030 3114 4098 Qui
3144 4031 3292 4086 enim
3336 4032 3425 4104 pie
3466 4032 3632 4088 vitam

2041 4115 2360 4183 instituunt,
2400 4115 2628 4172 multum
2667 4118 2902 4175 fructum
2941 4121 3146 4179 ferunt.

2111 4208 2281 4262 Vens.
2309 4208 2364 4264 4.
2397 4227 2417 4260 ι
2446 4208 2662 4266 Manete
2693 4211 2746 4266 in
2784 4227 2871 4267 me
2905 4230 2919 4268 :
2952 4223 3009 4269 et
3037 4229 3140 4286 ego
3173 4216 3225 4270 in
3255 4217 3432 4274 vobis.
3469 4237 3489 4273 ι

2108 4299 2224 4356 Etsi
2258 4303 2381 4371 quis
2413 4301 2635 4358 Christo
2685 4318 2784 4374 per
2824 4307 3002 4362 sancti
3039 4307 3278 4377 Spiritus
3323 4312 3634 4367 sanctiﬁca-

2043 4393 2244 4448 tionem
2289 4393 2620 4464 coniunctus
2673 4396 2878 4465 fuerit,
2921 4401 3099 4455 adhuc
3151 4411 3334 4458 tamen
3390 4405 3630 4474 perfecta

2039 4486 2312 4542 charitate
2330 4500 2467 4557 opus
2490 4495 2574 4543 est
2599 4497 2654 4543 et
2683 4491 2900 4560 sequela
2926 4492 3066 4563 ejus.
3084 4493 3221 4548 Nam
3252 4495 3342 4564 qui
3375 4497 3632 4567 perfectae

339 4591 470 4647 στοῦ
497 4593 585 4647 διὰ
613 4593 709 4647 τοῦ
751 4595 826 4666 μὴ
858 4571 1002 4665 ἔχειν
1029 4571 1237 4648 τέλειον
1265 4595 1356 4648 τὸν
1382 4595 1678 4666 ἀγιασμὸν,
1708 4595 1805 4648 καὶ
1834 4594 1934 4665 τὴν

2046 4581 2350 4636 sanctitatis
2391 4582 2746 4638 charitatisve
2807 4584 3022 4640 defectu
3056 4601 3087 4641 a
3119 4586 3341 4644 Christo
3385 4600 3632 4646 resectus

341 4681 590 4753 ἀγάπην,
618 4685 680 4738 οὐ
705 4684 930 4739 δύναταί
955 4702 1008 4738 τι
1039 4686 1265 4755 ποιῆσαι
1295 4685 1525 4752 ἀγαθόν.

421 4792 440 4825 ι
491 4773 634 4842 Ἐγὼ
682 4776 801 4847 εἰμι
839 4778 872 4846 ὴ
915 4763 1205 4846 ἄμπελος(
1235 4777 1395 4847 ὑμεῖς
1450 4776 1521 4830 τὰ
1566 4776 1862 4846 κλήματαο
1911 4777 1940 4829 6

344 4865 534 4938 μένων
564 4869 621 4921 ἐν
668 4869 825 4940 ἐμοὶ,
854 4867 1010 4937 κάγὼ
1046 4870 1104 4922 ἐν
1134 4868 1318 4939 αὐτῷ,
1348 4862 1506 4932 οὗτος
1534 4869 1690 4938 φέρει
1722 4868 1938 4940 καρπὸν

341 4957 530 5011 πολύν-
563 4960 646 5013 ὅτι
670 4959 840 5031 χωρὶς
871 4959 1007 5030 ἐμοῦ
1038 4961 1099 5014 οὐ
1130 4959 1358 5014 δύνασθε
1387 4963 1564 5014 ποιεῖν
1587 4961 1794 5015 οὐδέν.»

416 5050 517 5105 Διά
555 5053 617 5105 τὸ
663 5053 738 5124 μὴ
778 5052 1041 5106 δύνασθαι
1083 5056 1479 5124 καρποφορεῖν,
1515 5054 1563 5106 εί
1615 5051 1690 5124 μὴ
1737 5053 1933 5124 μόνους

344 5142 472 5204 τοὺς
513 5142 978 5214 προσηλωμένους
1024 5141 1174 5212 αὐτῷ
1195 5184 1210 5203 .
1241 5143 1401 5196 καλεῖ
1433 5143 1627 5197 ἐαυτὸν
1663 5142 1932 5214 ἄμπελον,

343 5231 419 5296 ὡς
450 5232 509 5300 ἐξ
532 5233 698 5288 αὐτοῦ
727 5233 1188 5307 δυναμουμένους.
1226 5233 1452 5308 [Cum]

428 5326 572 5380 Ἀντὶ
598 5327 693 5381 τοῦ
712 5369 726 5393 ,
753 5329 950 5400 Χαίρει
975 5331 1004 5382 6
1042 5328 1265 5401 Πατὴρ,
1290 5330 1419 5383 ὅταν
1453 5329 1510 5380 ἐν
1532 5327 1657 5398 ἐμοὶ
1694 5327 1895 5401 μένητε
1914 5367 1930 5393 ,

341 5413 407 5469 δι’
433 5410 510 5471 ὧν
538 5421 776 5483 ποιεῖτε,
814 5420 952 5491 εὔφη
963 5423 1144 5491 μεῖται
1170 5424 1198 5474 6
1228 5420 1439 5492 Πατήρ.
1467 5416 1692 5492 [Clum]

416 5527 434 5560 ι
484 5509 611 5564 Ἐὰν
660 5512 734 5580 μή
767 5526 852 5576 τις
885 5513 1044 5585 μείνῃ
1092 5514 1150 5568 ἐν
1179 5513 1335 5584 ἐμοὶ,
1367 5512 1574 5584 ἐϐλήθη
1615 5511 1722 5580 ἔξω
1762 5512 1839 5570 ὡς
1869 5512 1930 5566 τὸ

349 5598 545 5673 κλῆμα,
577 5601 673 5654 καὶ
698 5601 972 5676 ἐξηράνθη
993 5642 1008 5668 ,
1037 5603 1130 5658 καὶ
1162 5605 1494 5673 συνάγουσιν
1517 5602 1688 5670 αὐτὰ,
1720 5603 1818 5657 καὶ
1844 5604 1926 5666 είς

345 5689 455 5762 πῦρ
485 5691 764 5763 βάλλουσι,
793 5695 888 5750 καὶ
917 5695 1156 5753 καίεται.
1193 5715 1214 5749 ι

439 5858 463 5888 ο
483 5844 578 5902 Cr.
606 5861 792 5920 praem.
832 5848 1120 5905 Ἐπάνοδον
1149 5849 1297 5919 λέγει
1331 5851 1423 5904 τὸν
1456 5847 1648 5920 καιρὸν
1673 5847 1770 5918 τῆς
1797 5844 2169 5907 ἀναστάσεως.

2039 4671 2228 4738 fuerit,
2266 4672 2401 4728 nihil
2432 4684 2614 4742 potest
2640 4675 2766 4730 boni
2791 4673 2993 4734 facere.

2113 4761 2282 4819 Vens.
2314 4765 2369 4820 5.
2412 4782 2432 4816 ι
2461 4763 2578 4836 Ego
2599 4779 2721 4821 sum
2753 4768 2904 4835 vitis,
2941 4784 3035 4826 vos
3061 4771 3315 4841 palmites
3342 4793 3357 4851 ι
3394 4775 3630 4846 quima-

2038 4868 2133 4938 net
2172 4859 2226 4914 in
2260 4872 2369 4924 me,
2417 4867 2473 4913 et
2496 4874 2596 4929 ego
2625 4859 2678 4914 in
2708 4875 2795 4927 eo,
2827 4861 2917 4918 hic
2942 4863 3046 4919 fert
3081 4864 3318 4923 fructum
3353 4869 3581 4924 multum
3616 4907 3632 4924 .

2039 4949 2166 5019 quia
2194 4949 2312 5004 sine
2351 4962 2440 5002 me
2467 4948 2604 5002 nihil
2633 4951 2860 5018 potestis
2882 4950 3088 5009 facere.
3119 4975 3137 5007 ι

2109 5041 2243 5095 Cum
2279 5054 2441 5096 nemo
2487 5040 2662 5110 possit
2704 5040 2942 5100 fructum
2977 5045 3123 5102 ferre
3173 5048 3279 5104 nisi
3313 5051 3412 5120 ipsi
3446 5052 3631 5107 adhze-

2031 5135 2196 5202 serit,
2226 5142 2387 5189 vocat
2422 5135 2663 5202 seipsum
2715 5137 2905 5204 vitem,
2952 5143 3086 5209 quia
3125 5158 3200 5198 ex
3229 5151 3346 5211 ipso
3375 5145 3630 5202 virtutem

2036 5241 2354 5292 accipimus.

2109 5316 2224 5371 Non
2251 5317 2411 5373 dicit:
2438 5316 2654 5373 Gaudet
2681 5317 2843 5375 Pater
2859 5321 2987 5377 dum
3016 5321 3072 5378 in
3105 5339 3192 5379 me
3215 5326 3472 5393 manetis,
3507 5331 3626 5395 sed,

2033 5409 2381 5466 Benedicitur
2408 5410 2570 5466 Pater
2600 5426 2698 5481 per
2725 5428 2788 5468 ea
2833 5429 2954 5484 quae
2983 5429 3081 5472 vos
3113 5415 3310 5473 facitis.

2116 5503 2285 5560 Vens.
2323 5503 2378 5560 6.
2435 5521 2454 5556 ι
2488 5505 2545 5560 Si
2587 5506 2709 5577 quis
2750 5506 2804 5561 in
2839 5523 2925 5563 me
2963 5525 3071 5565 non
3124 5511 3627 5580 manserit,.mitte-

2038 5604 2128 5651 tur
2165 5599 2316 5653 foras
2371 5597 2514 5653 sicut
2568 5597 2824 5670 palmes,
2882 5607 2936 5656 et
2980 5613 3231 5672 arescet,
3283 5607 3640 5680 et-colligent

2039 5707 2187 5758 enm,
2232 5699 2286 5747 et
2321 5691 2375 5745 in
2429 5691 2608 5762 ignem
2665 5693 2902 5762 mittent,
2938 5702 2994 5749 et
3039 5697 3214 5754 ardet.
3249 5717 3270 5752 ι

2288 5841 2307 5880 ί
2335 5843 2430 5899 Cr.
2467 5845 2571 5900 ὅτι.
2651 5855 2676 5893 ε
2699 5844 2789 5902 Cr.
2823 5847 2938 5905 sine
2990 5849 3128 5907 ἐστί.
3209 5853 3235 5894 ι·
3263 5853 3354 5910 ετ.
3383 5855 3544 5913 οὐδέ..
