4064 6394
447 327 581 396 1495

449 551 622 600 ‹·ιιιιιι,
663 554 761 592 nec
795 547 1004 590 tantum
1033 535 1234 588 arescit
1261 532 1470 587 cultura
1501 532 1812 600 destitutus,
1846 538 1938 590 sed
1975 545 2029 592 et

453 630 705 692 moritur,
753 637 806 681 et
839 629 1014 680 ardet.

523 721 686 774 Vnus.
739 719 792 772 9.
855 736 874 769 ι
908 718 1061 772 Sicut
1087 715 1274 770 dilexit
1323 731 1410 771 me
1449 716 1634 784 Pater,
1661 727 1715 773 et
1744 733 1844 784 ego
1869 718 2032 773 dilexi

452 828 568 867 vos.
606 810 820 864 Manete
847 809 900 862 in
932 809 1223 863 dilectione
1261 824 1402 864 mea.
1445 829 1463 860 ι

527 903 740 956 Rursus
788 903 1025 955 bumauo
1077 917 1229 956 more
1265 916 1571 955 sermonem
1624 901 1855 956 instituit
1885 918 1898 956 :
1930 917 2038 956 non

455 995 599 1049 enim
656 994 935 1064 legislator
967 995 1176 1063 legibus
1229 1010 1290 1048 ac
1350 996 1620 1050 mandatis
1670 996 2040 1066 Snbjicicndus

457 1097 596 1142 erat.
634 1085 802 1140 Vides
829 1086 1098 1154 quomodo
1136 1101 1352 1155 semper
1401 1086 1472 1140 ob
1518 1088 1822 1141 auditorum
1873 1089 2041 1143 imbe-

461 1177 745 1231 cillitatcm
780 1176 976 1230 similia
1005 1175 1172 1240 dicat,
1221 1177 1294 1228 uti
1336 1176 1460 1231 binc
1493 1178 1657 1231 etiam
1709 1179 2039 1233 ostenditur.

463 1269 595 1324 Nam
630 1270 928 1324 secundum
962 1270 1272 1338 Opinionem
1305 1269 1516 1323 illorum
1551 1270 1718 1324 multa
1749 1272 1881 1326 dicit
1912 1311 1927 1335 ,
1986 1280 2043 1324 ut

465 1363 715 1417 ostendat
749 1362 972 1417 omnino
1033 1370 1147 1414 tuta
1196 1361 1299 1414 illis
1330 1363 1512 1416 omnia
1548 1363 1684 1428 fore,
1713 1374 1767 1418 et
1797 1366 2047 1418 inimicos

465 1469 650 1508 eorum
676 1454 934 1510 deleudos
957 1471 1098 1510 esse.
1128 1456 1364 1510 Observa
1393 1467 1594 1521 autem,
1621 1466 1677 1508 ut
1702 1456 1892 1525 majori
1924 1471 2045 1510 cum

467 1547 795 1601 auctoritate
830 1547 938 1601 illis
971 1547 1245 1618 loquatur.
1279 1547 1397 1601 Non
1434 1550 1576 1602 enim
1616 1548 1755 1602 dixit
1785 1565 1798 1601 :
1835 1546 2050 1601 Manele

471 1640 522 1694 in
565 1639 862 1696 dilectione
887 1641 1086 1704 Patris,
1128 1642 1221 1695 sed
1249 1644 1304 1694 in
1343 1641 1621 1696 dilectione
1653 1658 1785 1694 mea.
1824 1640 2048 1706 Deinde,

471 1743 537 1782 ue
587 1729 874 1784 dicerent:
911 1731 1140 1796 Quando
1189 1747 1287 1784 nos
1318 1731 1479 1785 rebus
1523 1729 1774 1784 erunibus
1827 1729 2050 1793 exuisti,

473 1831 602 1874 tunc
647 1837 743 1874 nos
777 1821 984 1876 deseris
1033 1833 1088 1876 et
1123 1823 1398 1888 discedis;
1427 1821 1669 1876 declarat
1698 1835 1756 1875 se
1789 1836 1891 1873 non
1942 1829 2049 1874 tam

472 1913 749 1980 deserere,
781 1929 942 1982 quam
973 1915 1145 1985 magis
1173 1915 1252 1969 eis
1278 1912 1662 1985 conglutinari,
1688 1914 1846 1969 modo
1865 1912 2052 1979 velint,

476 2017 533 2061 ut
573 2008 778 2073 palmes
803 2009 918 2062 viti.

549 2101 716 2154 νιιιε.
781 2102 869 2156 15.
957 2099 1264 2171 «Majorem
1330 2099 1433 2155 bac
1493 2101 1839 2156 dilectionem
1900 2115 2060 2154 nemo

479 2196 674 2260 babet,
735 2203 794 2249 ut
842 2193 1080 2249 animam
1134 2209 1287 2249 suam
1331 2204 1494 2264 ponat
1534 2196 1660 2265 quis
1714 2209 1810 2265 pro
1871 2193 2051 2252 amicis

477 2287 610 2344 suis.
649 2305 668 2338 ι

546 2378 802 2433 Christus
832 2387 1087 2448 tanquam
1119 2379 1284 2433 totius
1311 2377 1462 2433 orbis
1491 2377 1729 2433 universi
1762 2385 2064 2448 praeceptor

480 2471 580 2524 ista
619 2470 728 2524 illis
759 2472 1007 2536 tradidit,
1047 2472 1304 2540 quoniam
1337 2468 1557 2523 dilectio
1609 2477 1693 2523 est
1741 2477 2062 2523 creterarum

482 2573 643 2633 caput
696 2564 981 2618 virtutum.
1047 2563 1362 2618 Mandatum
1421 2563 1538 2633 ejus
1586 2562 1749 2617 etiam
1779 2561 1933 2631 jubet
1969 2575 2067 2616 nos

484 2675 582 2727 pro
617 2660 810 2714 amicis
843 2661 1001 2723 mori,
1035 2668 1086 2714 et
1115 2660 1236 2729 plus
1272 2674 1433 2728 quam
1465 2657 1832 2726 nosmetipsos
1864 2672 1958 2711 eos
1982 2657 2068 2710 di-

488 2751 676 2820 Iigere.
708 2751 776 2804 Et
805 2751 1046 2804 ostendit
1073 2752 1376 2806 discessum
1412 2766 1567 2805 suum
1623 2765 1730 2804 non
1765 2748 1912 2812 odii,
1975 2749 2069 2802 sed

485 2844 692 2898 amoris
729 2858 856 2910 ergo
889 2842 1027 2895 ﬁeri.
1062 2841 1196 2896 Nam
1227 2859 1324 2911 pro
1359 2843 1532 2907 vobis,
1562 2842 1758 2908 inquit,
1793 2841 2021 2896 morior.

560 2929 728 2986 Vens.
766 2931 853 2987 18.
900 2951 918 2983 ι
952 2930 1007 2985 Si
1043 2933 1279 2987 mundus
1314 2948 1410 2987 vos
1443 2933 1576 2998 odit,
1612 2931 1804 2987 scitote
1830 2933 1954 3002 quia
1985 2945 2073 2986 me

486 3022 718 3090 priorem
750 3021 900 3075 vobis
930 3023 1052 3074 odio
1077 3021 1284 3076 babuit.
1319 3039 1338 3073 ι

563 3113 630 3168 Ut
654 3113 742 3180 qui
773 3114 839 3166 ab
869 3114 1120 3168 omnibus
1143 3114 1268 3168 odio
1294 3114 1526 3169 habendi
1558 3123 1766 3181 essent,
1797 3127 2076 3168 commen-
2104 3147 2146 3204 ϐ

489 3203 578 3255 dat
620 3203 729 3257 illis
780 3214 1025 3258 mutuum
1072 3220 1335 3259 amorem.
1390 3203 1447 3259 Si
1493 3206 1728 3260 mundus
1775 3220 1872 3259 vos
1923 3203 2075 3268 odit,

493 3305 714 3364 propter
748 3311 833 3350 me
867 3297 968 3349 boc
1001 3297 1271 3364 patimini,
1307 3312 1370 3352 ac
1399 3296 1629 3366 proinde
1666 3295 1836 3350 nolite
1875 3293 2078 3348 contri-

493 3387 651 3451 stari,
682 3403 781 3441 nec
823 3403 968 3457 (egre
995 3385 1180 3443 feratis
1213 3406 1227 3443 :
1257 3403 1364 3444 non
1394 3387 1543 3442 enim
1589 3387 1726 3442 estis
1760 3399 1846 3438 me
1887 3383 2078 3439 melio-

493 3495 598 3533 res.
639 3477 697 3532 Si
742 3477 1029 3547 diligercnt
1055 3495 1150 3536 vos
1196 3479 1341 3542 mali,
1378 3479 1430 3533 id
1476 3487 1559 3533 est
1593 3477 1846 3541 mundus,
1884 3477 2080 3531 essetis

493 3580 547 3624 ct
573 3585 667 3624 vos
697 3571 960 3638 perversi.

572 3684 733 3739 Vatis.
777 3685 870 3740 20.
921 3705 938 3738 ι
969 3685 1084 3741 Νοιι
1126 3695 1210 3743 est
1255 3699 1446 3743 servus
1483 3683 1655 3753 major
1699 3684 1920 3741 domino
1956 3699 2077 3740 suo.

496 3777 552 3831 Si
583 3794 666 3832 me
691 3779 962 3848 persecuti
1005 3790 1156 3843 sunt,
1186 3788 1241 3833 et
1270 3794 1366 3833 vos
1399 3787 1797 3846 persequentur
1827 3795 1841 3832 :
1871 3777 1916 3831 si
1965 3793 2081 3833 ser-

499 3885 710 3924 monem
744 3887 921 3926 meum
956 3881 1330 3935 servaverunt,
1359 3880 1413 3923 et
1442 3879 1679 3924 vestrum
1706 3871 2022 3926 servabunt.
2058 3888 2077 3922 ι

569 3962 624 4016 Si
655 3978 756 4032 ego
779 3979 878 4032 pro
909 3966 1087 4018 servis
1121 3964 1248 4017 talia
1295 3963 1556 4027 sustinui,
1583 3964 1802 4033 quando
1832 3979 1951 4025 vos,
1989 3961 2083 4031 qui

497 4055 638 4108 servi
685 4056 837 4116 estis,
876 4056 999 4107 talia
1051 4072 1146 4123 pro
1181 4054 1410 4110 Dmnino
1459 4055 1816 4120 sustinebitis,
1855 4070 1958 4107 non
1995 4055 2086 4107 dc-

501 4146 638 4199 betis
672 4163 816 4215 mgre
851 4147 1014 4202 ferre.
1045 4145 1100 4200 Si
1135 4162 1344 4201 mecum
1378 4147 1574 4203 similia
1609 4146 1880 4217 patimini,
1917 4146 2086 4200 nolite

499 4237 818 4291 conturbari
872 4258 884 4292 ;
936 4238 1015 4292 sic
1069 4239 1213 4291 enim
1275 4238 1545 4306 passionis
1613 4253 1746 4291 mem
1796 4238 2088 4306 participes

502 4327 666 4388 lictis,
695 4337 747 4380 et
769 4328 832 4381 ad
866 4329 1125 4381 honorem
1151 4328 1368 4397 quidem
1396 4329 1549 4383 vobis
1581 4329 1682 4382 boc
1705 4331 1882 4392 cedet,
1908 4329 2001 4383 sed
2033 4328 2086 4382 in

503 4434 586 4468 me
614 4427 666 4468 et
701 4415 916 4470 Patrem
947 4433 1124 4470 mettm
1151 4419 1478 4471 contumelia
1517 4419 1804 4473 redundat.

1589 330 1920 392 AMMONII
1957 335 2490 398 ALEXANDRINI

517 447 616 512 Qui
651 443 859 499 otiosus
891 448 973 495 est
1000 478 1015 505 ,
1056 440 1346 503 exciditur,
1385 454 1484 494 nec
1516 440 1746 508 amplius
1778 441 1883 497 fert
1906 441 2024 498 fru-
2055 451 2100 506 Α

3579 329 3712 394 1496

2212 447 2267 498 '0
2317 447 2487 517 ἀργὸς
2528 447 2885 513 ἐκκόπτεται,
2924 447 3018 502 καὶ
3044 444 3226 499 οὐκέτι
3259 443 3622 515 καρποφορεῖ·
3654 440 3714 492 ού

2135 541 2294 610 μόνον
2339 541 2656 612 ξηραίνεται
2694 541 2891 612 μηκέτι
2936 537 3377 612 γεωργούμενος,
3437 534 3575 588 ἀλλὰ
3621 533 3717 586 καὶ

2132 635 2489 706 ἀποθνήσκει,
2514 636 2608 688 καὶ
2630 636 2866 690 καίεται.

2211 744 2230 778 ι
2269 726 2469 790 Καθὼς
2513 727 2773 797 ἡγάπησέ
2809 744 2876 797 με
2911 729 2938 780 6
2971 725 3198 796 Πατὴρ,
3250 719 3410 790 κάγὼ
3455 717 3718 788 ἠγάπησα

2137 823 2303 890 ὑμᾶς.
2338 821 2578 874 Μείνατε
2609 823 2668 874 έν
2700 825 2764 890 τῇ
2800 821 2990 893 ἀγάπῃ
3017 822 3082 890 τῇ
3117 820 3248 887 ἐμῇ.
3289 834 3308 866 ι

2213 915 2382 970 Πάλιν
2408 914 2764 983 ἀνθρωπίνως
2791 917 2818 967 ό
2849 914 3007 981 λόγος
3034 913 3300 982 πρόεισιν·
3332 907 3394 960 οὗ
3416 905 3528 976 γὰρ
3551 903 3722 972 δήπου

2141 1011 2169 1062 6
2189 1006 2488 1078 νομοθέτης
2521 1005 2624 1058 ὑπὸ
2649 1005 2869 1067 ὲντολάς
2898 1001 3090 1073 ἔμελλε
3133 995 3618 1064 κείσεσθαι.”ορᾷ;
3642 992 3724 1043 ὅτι

2142 1100 2229 1153 ἀεὶ
2267 1097 2415 1166 λέγει
2462 1097 2550 1150 διὰ
2596 1096 2695 1168 τὴν
2741 1096 2850 1148 τῶν
2901 1092 3269 1164 ἀκροωμένων
3325 1086 3615 1142 ἀσθένειαν
3659 1081 3728 1134 τά

2143 1190 2404 1254 τοιαῦτα,
2435 1189 2596 1243 τοῦτο
2623 1189 2680 1241 δὲ
2714 1187 2811 1242 κα)⁸
2844 1185 3079 1239 ἐνταῦθα
3107 1183 3385 1236 δείκνυται
3405 1196 3418 1210 ⁸
3456 1177 3593 1248 πρὸς
3619 1175 3728 1244 γὰρ

2145 1285 2245 1356 τὴν
2275 1285 2534 1337 ὑπόνοιαν
2562 1281 2740 1334 αὐτῶν
2771 1279 2840 1332 τά
2871 1278 3042 1331 πολλά
3081 1277 3266 1344 λέγει,
3310 1273 3405 1326 καὶ
3435 1271 3524 1324 διὰ
3553 1267 3738 1348 πάντα.

2147 1375 2382 1428 δεικνύει
2417 1377 2472 1426 ὲν
2496 1371 2766 1441 ἀσφαλείᾳ
2797 1371 2978 1432 ὄντας,
3013 1368 3109 1422 καὶ
3137 1367 3264 1428 τοὺς
3291 1361 3520 1432 ἐχθροὺς
3554 1356 3734 1411 αὐτῶν

2150 1467 2582 1536 ἀπολλυμένους.
2610 1464 2813 1516 Σκόπει
2837 1462 2893 1514 δὲ
2931 1460 3096 1512 αὑτὸν
3133 1455 3600 1523 αύθεντικώτερον
3642 1449 3739 1502 λα-

2151 1561 2417 1630 λούμενον
2445 1559 2650 1620 αὐτοῖς.
2679 1558 2755 1609 Οὐ
2786 1556 2894 1626 γάρ
2923 1550 3066 1617 εἷπε,
3099 1550 3338 1605 Μείνατε
3370 1550 3427 1600 ὲν
3455 1547 3520 1614 τῇ
3547 1542 3736 1610 ἀγάπῃ

2155 1654 2249 1708 τοῦ
2269 1651 2504 1723 Πατρδς,
2530 1650 2690 1711 ἀλλὰ,
2716 1649 2786 1702 ἐν
2815 1647 2888 1715 τῇ
2912 1645 3046 1714 ἐμῇ.
3072 1640 3228 1702 Εἶτα,
3264 1642 3350 1693 ἵνα
3384 1639 3457 1708 μὴ
3481 1637 3736 1703 λέγωσιν,

2158 1750 2288 1800 Ὅτε
2320 1747 2485 1798 πᾶσιν
2527 1745 2676 1813 ἡμᾶς
2703 1741 3112 1810 ὲξεπολέμησας
3141 1778 3154 1800 ,
3179 1736 3300 1788 τότε
3332 1733 3482 1802 ἡμᾶς
3509 1725 3740 1799 ἀφωεῖς

2160 1839 2254 1893 καὶ
2281 1838 2605 1908 ἁναχωρεῖς·
2623 1835 2897 1888 δείκνυσιν
2924 1832 3006 1885 ὅτι
3026 1831 3129 1883 οὐκ
3159 1827 3407 1896 ἀφίησιν,
3428 1821 3541 1875 ἀλλ’
3566 1818 3744 1880 οὓτως

2160 1932 2348 1993 αὐτοῖς
2398 1928 2752 1998 κεκόλληται,
2801 1925 2899 1980 ἐὰν
2948 1923 3201 1988 θέλωσιν,
3243 1918 3320 1982 ὡς
3358 1916 3419 1969 τὸ
3452 1913 3641 1983 κλῆμα
3673 1910 3743 1979 τῇ

2160 2022 2412 2096 ἀμπέλῳ.

2238 2136 2257 2168 ι
2294 2115 2535 2179 Μείζονα
2558 2112 2763 2183 ταύτης
2789 2110 3012 2180 ἀγάπην
3040 2105 3220 2168 οὐδεὶς
3249 2103 3364 2172 ἔχει
3381 2141 3398 2168 ,
3425 2101 3514 2153 ἵνα
3539 2112 3623 2159 τις
3647 2093 3750 2164 τὴν

2161 2208 2340 2280 ψυχὴν
2362 2207 2529 2262 αὐτοῦ
2555 2206 2622 2278 θῇ
2646 2205 2786 2277 ὑπὲρ
2816 2203 2926 2258 τῶν
2956 2200 3127 2270 φίλων
3151 2194 3340 2252 αὑτοῦ.
3372 2213 3390 2246 ι

2246 2385 2336 2448 Ὠς
2359 2381 2680 2445 διδάσκαλος
2702 2379 2804 2450 τῆς
2825 2377 3152 2447 οἰκουμένης
3173 2367 3544 2442 παραδίδωσιν
3568 2361 3754 2422 αὐτοῖς

2166 2476 2342 2532 ταῦτα
2381 2478 2409 2530 6
2438 2474 2710 2546 Χριστὸς,
2745 2473 2826 2526 ὅτι
2857 2473 2890 2541 ὴ
2933 2469 3125 2538 ἀγάπη
3163 2459 3464 2556 κεφάλαιόν
3495 2458 3610 2509 ἐστι
3642 2452 3755 2556 τιΞιν

2168 2569 2404 2643 ἀρετῶν.
2441 2568 2507 2621 Ἦ
2547 2564 2738 2636 ἐντολὴ
2770 2560 2939 2616 αὑτοῦ
2984 2560 3047 2612 τὸ
3088 2553 3616 2643 ὑπεραποθνήσκειν-
3645 2553 3758 2597 τῶν

2171 2638 2364 2732 φίλων,
2402 2658 2584 2713 καὶτὸ
2634 2656 2774 2725 ὑπὲρ
2814 2651 3008 2706 ἑαυτὸν
3043 2651 3061 2691 ί
3110 2647 3332 2716 ἀγαπᾷν
3368 2644 3498 2732 τοίίς
3542 2638 3753 2732 990°”;-

2172 2727 2424 2804 Ᾰείκνυσι
2465 2748 2520 2801 δὲ
2551 2747 2634 2799 ὅτι
2665 2746 2699 2815 ἡ
2734 2745 3086 2813 ἀναχώρησις
3122 2735 3289 2790 αὑτοῦ
3311 2734 3411 2787 οὐκ
3439 2727 3508 2801 ἦν
3537 2729 3753 2799 μίσους,

2172 2843 2288 2899 ἀλλ’
2320 2841 2560 2909 ἀγάπης.
2601 2837 2774 2906 ’Υπὲρ
2799 2834 2908 2905 γὰρ
2935 2831 3088 2902 ὑμῶν
3112 2828 3464 2896 ἀποθνήσκω,
3498 2820 3682 2890 φησίν.

2252 2954 2270 2987 ι
2297 2935 2358 2987 Εἰ
2387 2935 2414 2986 6
2438 2931 2639 3001 κόσμος
2667 2929 2811 2999 ὑμᾶς
2845 2926 3014 2996 μισεῖ,
3043 2921 3342 2992 γινώσκετε
3366 2918 3450 2970 ὅτι
3477 2915 3576 2984 ἐμὲ
3607 2909 3759 2982 πρῶο

2177 3047 2268 3083 τον
2296 3026 2452 3096 ὑμῶν
2485 3023 2813 3094 μεμίσηκεν.
2857 3037 2875 3070 ι

2265 3119 2354 3181 Ὠς
2396 3115 2701 3186 μελλόντων
2743 3109 3022 3182 μισεῖσθαι
3065 3105 3217 3178 παρά
3257 3103 3508 3166 πάντων,
3545 3110 3762 3166 παραγ·

2181 3211 2359 3283 γέλλει
2384 3210 2565 3270 αύτοῖς
2597 3206 2814 3276 ἀγαπᾷν
2845 3201 3132 3272 ἀλλήλους.
3165 3199 3228 3251 Ei
3257 3195 3464 3264 κόσμος
3496 3191 3640 3283 ύμάς
3673 3205 3762 3257 μι-

2181 3281 2285 3366 σεῖ,
2318 3302 2384 3354 δι’
2411 3300 2511 3371 ἐμὲ
2536 3297 2694 3351 τοῦτο
2716 3298 2973 3366 πάσχετε,
3003 3292 3083 3345 διὸ
3115 3290 3189 3362 μὴ
3215 3288 3453 3356 ἀλγεῖτε,
3477 3283 3551 3354 μὴ
3576 3281 3764 3348 δυσχε-

2183 3396 2433 3469 ραίνετε’
2488 3392 2549 3445 ού
2603 3390 2710 3460 γάρ
2760 3387 2884 3440 ὲστέ
2934 3403 3035 3455 μου
3077 3382 3394 3471 κρείττους,
3435 3376 3499 3471 iii
3552 3371 3764 3471 έφίλουν

2182 3465 2328 3558 ύμᾶς
2373 3485 2422 3538 οί
2454 3482 2716 3554 πονηροὶ,
2767 3479 2796 3533 ὅ
2830 3480 2978 3532 ἐστιν
3023 3477 3052 3530 ὁ
3102 3474 3346 3544 κόσμος,
3375 3465 3622 3540 δηλονότι
3668 3465 3766 3514 καὶ

2181 3580 2339 3651 ὑμεῖς
2370 3574 2599 3647 πονηροὶ
2628 3568 2749 3645 ἦτε.

2263 3707 2283 3741 ι
2319 3688 2434 3742 Οὐκ
2479 3686 2595 3739 ἔστι
2643 3683 2830 3744 δοῦλος
2873 3677 3076 3752 μείζων
3105 3675 3201 3730 τού
3235 3671 3426 3745 κυρίου
3482 3667 3668 3722 αὑτοῦ.
3712 3665 3770 3717 El

2181 3780 2283 3852 ἐμὲ
2316 3778 2563 3843 ἐδίωξαν,
2596 3777 2689 3829 καὶ
2731 3776 2873 3844 ὑμᾶς
2902 3772 3218 3838 διώξουσινο
3268 3768 3316 3820 εἰ
3350 3766 3440 3820 τὸν
3470 3763 3630 3830 λόγον
3666 3777 3764 3830 μου

2183 3873 2482 3942 ἐτήρησαν,
2513 3869 2608 3922 καὶ
2636 3868 2727 3921 τὸν
2759 3866 3024 3936 ὑμέτερον
3058 3862 3416 3933 τηρήσουσιν.
3459 3876 3476 3908 ι

2256 3966 2318 4018 Εἰ
2360 3964 2471 4032 ἐγὼ
2515 3963 2654 4033 ὑπὲρ
2700 3962 2810 4013 τῶν
2855 3957 3059 4012 δούλων
3107 3949 3314 4008 ταῦταί
3361 3947 3595 4010 ἔπαθον,
3639 3946 3768 3998 ὅταν

2188 4059 2401 4128 ύμεῖςοί
2429 4054 2604 4108 δοῦλοι
2631 4053 2759 4123 περὶ
2781 4052 2806 4090 k
2831 4049 2923 4104 τοῦ
2946 4048 3220 4102 Δεσπὸτου
3235 4044 3483 4112 πάσχητε
3505 4037 3612 4091 τὰὸ
3625 4052 3769 4104 μοεα,

2186 4125 2286 4204 ούκ
2311 4147 2553 4217 ὀφείλετε
2579 4144 2789 4214 βαρέως
2810 4142 3016 4212 φέρειν.
3048 4139 3112 4192 Ei
3131 4136 3198 4190 τὰ
3220 4134 3381 4203 ὅμοιά
3411 4147 3510 4201 μου
3543 4125 3769 4217 πάθητε,

2191 4244 2266 4313 μὴ
2320 4215 2624 4312 Θόρυῦἦπθε
2659 4234 2702 4273 ι’
2744 4236 2886 4288 οὕτω
2937 4233 3046 4302 γὰρ
3098 4227 3316 4297 γίνεσθε
3371 4220 3620 4278 κοινωνοὶ
3662 4215 3773 4313 τῶν

2187 4310 2338 4405 έμῶν
2376 4310 2716 4402 παθημάτων
2742 4367 2757 4391 ,
2789 4329 2884 4380 καὶ
2919 4325 3057 4396 πρὸς
3090 4321 3255 4392 τιμὴν
3304 4319 3402 4388 μὲν
3443 4316 3574 4386 ὑμῖν
3617 4310 3775 4366 τοῦτο

2189 4425 2457 4487 ποιοῦσιν,
2482 4423 2618 4477 ἀλλὰ
2647 4421 2716 4474 δι’
2745 4419 2880 4489 ἐμοῦ
2908 4419 2988 4479 είς
3014 4415 3107 4470 τὸν
3142 4413 3365 4483 Πατέρα
3393 4406 3679 4480 ὑϐρίζουσι
3709 4414 3771 4454 ιι.

577 4506 740 4561 Vens.
774 4508 866 4561 22.
915 4527 933 4559 ι
967 4509 1120 4563 Nunc
1151 4520 1332 4563 autem
1383 4512 1799 4566 excusationem
1836 4524 1944 4565 non
1989 4510 2067 4565 ita

2268 4539 2287 4573 ι
2326 4518 2439 4572 Νῦν
2476 4517 2534 4570 δὲ
2568 4514 2844 4584 πρόφασιν
2875 4511 2977 4564 οὐκ
3007 4509 3190 4580 έχουσι
3219 4503 3470 4576 περὶτῆς
3499 4496 3776 4570 ἁμαρτίας

503 4603 628 4652 bent
661 4602 726 4653 de
754 4610 976 4668 peccato
1004 4616 1123 4656 suo.
1159 4620 1178 4654 ι

571 4689 738 4755 Nihil,
775 4692 970 4760 inquit,
1020 4693 1180 4748 omisi
1216 4705 1402 4748 eorum
1434 4708 1556 4764 qua:
1581 4692 1784 4750 Judaais
1825 4694 2090 4765 prodesse

505 4793 748 4851 possent,
781 4786 896 4839 sive
929 4787 980 4839 in
999 4787 1200 4853 verbis,
1235 4787 1350 4842 sive
1366 4787 1646 4858 operibus,
1676 4803 1907 4859 quorum
1936 4791 2089 4845 simi-

507 4879 571 4928 lia
604 4892 763 4932 nemo
790 4877 923 4932 vidit
955 4893 1215 4948 unquam.

1124 5015 1275 5072 CAP.
1317 5016 1458 5072 XVI.

588 5153 747 5207 \‘sas.
782 5153 834 5204 l.
884 5170 902 5203 ι
936 5150 1292 5212 Haeclocutus
1323 5172 1442 5211 sum
1463 5156 1637 5224 vobis,
1659 5165 1718 5212 ut
1741 5171 1845 5211 non
1869 5157 2099 5213 scanda-

508 5242 764 5298 lizetniui.
802 5263 822 5296 ι

579 5334 956 5387 Corroboraus
1007 5349 1104 5390 eos
1149 5346 1340 5391 contra
1390 5337 1656 5407 pericula,
1706 5337 1920 5392 futuras
1954 5335 2091 5390 dilli-

507 5425 740 5479 cultates
782 5425 1046 5492 praedicit.
1090 5427 1286 5492 Tanta,
1347 5429 1540 5498 inquit,
1580 5430 1687 5484 erit
1725 5429 2091 5482 occidentium

506 5529 626 5584 vos,
677 5533 784 5571 non
825 5526 1033 5572 tantum
1082 5518 1416 5585 Iudaeorum,
1466 5523 1560 5577 sed
1611 5533 1664 5576 et
1715 5521 1998 5590 gentilium
2039 5529 2096 5574 et

588 5697 605 5738 ί
636 5696 728 5752 Cr.
762 5697 963 5752 αὐτῶν.
1046 5697 1066 5753 1
1109 5700 1203 5756 Cr.
1236 5701 1438 5754 πάντα.
1513 5700 1539 5739 ιι
1571 5699 1662 5752 Cr.
1704 5698 1866 5767 ὑπέρ.

542 5770 814 5836 ποιοῦσιν,
848 5769 985 5822 ἀλλά
1007 5770 1074 5825 δι’
1103 5771 1238 5842 ἐμοῦ
1267 5772 1362 5824 καὶ
1394 5770 1484 5824 τὸν
1509 5769 1728 5839 Πατέρα
1755 5769 2086 5838 ὑϐρίζουσιν.

1952 5695 1970 5736 ι
2006 5697 2096 5751 Cr.
2165 5695 2500 5767 θορυϐεῖσθε.

2228 4628 2289 4662 ιτ
2377 4649 2390 4660 .
2437 4626 2455 4658 ι

2189 4628 2451 4763 “etiam
2484 4698 2674 4768 φησὶν,
2720 4693 3028 4767 παρέλειψα
3057 4691 3167 4746 τῶν
3208 4691 3289 4754 εἰς
3329 4685 3599 4756 ὠφέλειαν
3639 4681 3776 4734 Ἰουο

2188 4793 2353 4848 δαίων
2398 4789 2816 4853 συντεινόντων,
2848 4787 2951 4840 οὐκ
2988 4788 3045 4839 ὲν
3082 4783 3294 4852 λόγοις,
3330 4778 3433 4833 οὐκ
3471 4779 3528 4831 ὲν
3560 4774 3776 4844 ἔργοις.

2191 4880 2267 4940 ὧν
2305 4883 2428 4956 μηδ’
2456 4879 2599 4935 εἶδέν
2625 4899 2710 4942 τις
2739 4881 2924 4950 ὃμοια.

2791 5017 3039 5072 ΚΕΦΑΛ.
3069 5013 3185 5070 ις’.

2271 5175 2292 5210 ι
2330 5156 2518 5212 Ταῦτα
2550 5154 2828 5224 λελάληκα
2855 5152 3006 5224 ὑμῖν,
3039 5150 3127 5204 ἵνα
3161 5146 3238 5219 μὴ
3269 5140 3718 5210 σκανδαλισθῆτε.
3751 5156 3772 5192 ι

2266 5335 2493 5403 Νευρῶν
2522 5328 2719 5397 αύτὸὺς
2749 5332 2886 5406 πρὸς
2909 5333 3036 5394 τοὺς
3059 5327 3336 5390 κινδύνους
3359 5322 3777 5396 προδιαγγέλλει

2197 5427 2264 5481 τὰ
2295 5427 2528 5494 ἐσόμενα
2554 5427 2712 5494 δυσχε
2725 5425 2812 5496 ρῆ.
2845 5422 3118 5492 Τοσαύτη,
3151 5419 3340 5490 φησιν,
3367 5417 3574 5486 ἐσταιὴ
3613 5413 3778 5486 μανία

2197 5519 2305 5573 τῶν
2333 5519 2477 5590 ὑμᾶς
2514 5517 2964 5582 ἀποκτεινόντων,
3001 5515 3062 5568 ού
3100 5514 3261 5584 μόνον
3308 5511 3576 5566 Ἰουδαίων
3598 5551 3613 5577 ,
3645 5510 3780 5563 ἀλλὰ

2616 5708 2658 5738 ι
2684 5695 2776 5753 Cr.
2820 5697 2884 5750 Ei
2920 5696 3006 5750 καὶ
3049 5693 3184 5765 πρὸς
3247 5693 3388 5766 ἐμὴν
3418 5691 3578 5764 ὕδριν
3618 5686 3778 5744 τοῦτο
