4064 6442
463 442 596 506 1197
1525 445 1991 508 FRAGMENTA
2049 445 2068 505 1

2173 445 2234 506 S.
2274 443 2654 506 JOANNEM.
3247 451 3249 454 ’
3615 441 3749 508 1498

462 562 558 615 καὶ
593 559 824 615 ἐθνικῶν
864 563 962 618 καὶ
1001 562 1319 635 αίρετικῶν,
1353 565 1435 620 ὃτι
1471 565 1730 638 λατρείας
1763 562 2046 634 θεοφιλοῦς

2153 561 2534 616 haereticorum
2583 559 2833 630 vesania,
2884 567 2945 616 ut
2995 573 3090 616 vos
3136 560 3458 626 occidendo,
3502 564 3745 632 putaturi

463 653 692 725 δύναμιν
723 650 862 708 εἶναι
896 657 1179 727 νομίξουσι
1216 658 1279 712 τὸ
1311 659 1513 728 σφάξαι
1545 661 1711 731 ὑμᾶς.

2153 653 2263 708 sint
2296 667 2357 707 sc
2409 652 2520 707 Deo
2550 660 2762 723 gratum
2796 652 3118 722 obsequium
3150 653 3431 708 exhibere.

538 767 558 800 ‹
622 746 782 801 Ἀλλά
817 747 991 802 ταῦτα
1025 750 1300 821 λελάληκα
1346 752 1474 824 ὑμῖν
1495 791 1511 816 ,
1544 753 1631 805 ἵνα
1679 754 1808 806 ὅταν
1853 750 1983 824 ἔλθῃ
2014 752 2046 823 ἡ

2229 744 2385 800 Vnus.
2417 745 2473 800 4.
2520 763 2539 796 ‹
2571 743 2677 799 Sed
2721 747 2832 799 haec
2861 745 3071 799 locutus
3104 760 3222 798 sum
3257 745 3408 800 vobis
3441 762 3454 798 :
3481 752 3562 811 ut,
3617 759 3739 799 cum

460 840 598 913 ὥρα,
637 843 1018 913 μνημονεύητε
1049 845 1250 914 αὐτῶν,
1281 847 1362 900 ὅτι
1397 847 1508 915 ἐγὼ
1540 843 1694 902 εἷπον
1724 848 1873 918 ύμῖν.
1919 865 1937 898 ›

2149 839 2360 891 venerit
2398 837 2554 904 hora,
2586 852 2778 891 eorum
2829 837 3284 904 reminiscamini,
3336 838 3461 906 quia
3492 851 3592 906 ego
3625 836 3740 889 dixi

2149 933 2325 986 vohis.
2360 950 2379 982 ι

529 1020 630 1072 Διά
659 1020 719 1074 τὸ
745 1023 948 1090 γνῶναι
965 1024 1110 1093 ὑμᾶς
1134 1025 1234 1092 (ὅτι
1256 1025 1333 1088 ὡς
1360 1027 1519 1094 φύσει
1538 1026 1671 1090 Θεὸς
1693 1022 1810 1080 οἴδα
1832 1027 2044 1098 πάντα)

2232 1024 2366 1090 Quia
2407 1039 2499 1076 vos
2529 1022 2652 1075 novi
2691 1021 2913 1092 (quippe
2951 1031 3009 1075 nt
3048 1033 3240 1075 natura
3281 1023 3420 1076 Deus
3456 1024 3579 1077 novi
3611 1039 3732 1076 om-

459 1116 712 1184 προλέγω
737 1119 804 1169 τά
832 1117 1086 1187 ἐσόμενα,
1111 1121 1204 1172 καὶ
1228 1120 1312 1171 ἴνα
1339 1121 1670 1190 πιστεύσητε
1699 1122 1779 1173 ὅτι
1808 1109 2044 1190 δύναμαι

2150 1117 2257 1182 nia)
2290 1116 2521 1184 praedico
2559 1114 2762 1180 futura,
2796 1125 2849 1167 et
2880 1126 2937 1166 ut
2968 1114 3208 1167 credulis
3239 1116 3361 1180 quia
3401 1130 3495 1167 vos
3525 1129 3593 1167 ex
3617 1127 3735 1167 om-

457 1205 602 1275 ὑμᾶς
634 1207 1000 1275 ἐλευθερῶσαι
1036 1209 1143 1262 τῶν
1175 1211 1532 1279 ἐπαγομένων
1564 1211 1692 1281 ὑμῖν
1723 1211 2010 1267 κινδύνων.

1913 1230 2010 1267 ων,
2147 1206 2307 1259 nibus
2340 1207 2595 1273 periculis
2623 1208 3040 1259 imminentilms
3073 1207 3225 1259 valeo
3266 1205 3518 1262 liberare.

532 1315 549 1347 ι
603 1298 728 1351 Ἐάν
765 1300 874 1369 γάρ
917 1301 991 1372 μὴ
1029 1303 1269 1368 ἀπέλθω,
1304 1307 1331 1357 6
1369 1304 1724 1374 Παράκλητος
1758 1304 1858 1357 οὐκ
1888 1303 2042 1356 ἐλεύ-

2213 1297 2377 1352 Vens.
2415 1298 2467 1354 7.
2511 1317 2529 1350 ι
2565 1299 2619 1352 Si
2659 1299 2800 1353 enim
2855 1317 2959 1354 non
3009 1301 3218 1365 abiero,
3268 1298 3579 1354 Paraclitns
3625 1314 3732 1353 non

455 1405 607 1442 σεται
640 1391 778 1462 πρὸς
811 1394 976 1461 ὑμᾶς.
1018 1413 1036 1445 ι

1018 1413 1036 1445 ι
2143 1392 2324 1444 Veniet
2357 1395 2420 1444 ad
2457 1407 2570 1444 vos.
2605 1409 2621 1440 ι

537 1481 662 1533 ’κάν
697 1484 770 1552 μὴ
813 1485 993 1547 πάθω,
1032 1485 1132 1538 οὐκ
1166 1486 1425 1558 ἐπιφοιτᾷ
1457 1488 1585 1556 ὑμῖν
1608 1489 1667 1540 τὸ
1694 1487 1920 1560 Πνεῦμα
1940 1528 1954 1553 ,
1980 1491 2039 1542 τὸ

2215 1481 2325 1534 Nisi
2376 1498 2567 1550 passus
2607 1484 2784 1546 fuero,
2839 1499 2944 1536 non
2992 1483 3172 1536 veniet
3217 1482 3270 1536 in
3321 1497 3416 1536 vos
3466 1482 3727 1550 Spiritus,

451 1574 638 1643 πάσης
669 1575 872 1639 δόσεως
897 1578 1112 1648 ἀγαθῆς
1132 1580 1327 1632 αἴτιον.
1351 1579 1574 1653 [Cum]

1419 1580 1574 1653 nam]
2143 1575 2324 1628 omnis
2355 1575 2480 1628 doni
2514 1574 2639 1628 boni
2672 1575 3019 1646 principium.

526 1703 546 1735 ι
612 1686 722 1738 Καὶ
779 1687 951 1742 ἐλθὼν
1000 1691 1206 1753 ἐκεῖνος
1257 1691 1468 1758 ἐλέγξει
1514 1693 1604 1746 τὸν
1653 1694 1858 1764 κόσμον
1908 1694 2038 1766 περὶ

2209 1685 2376 1742 Vens.
2419 1687 2474 1742 8.
2524 1707 2541 1739 ι
2573 1689 2636 1742 Et
2662 1703 2782 1742 cum
2814 1687 3025 1740 venerit
3076 1685 3187 1751 ille,
3225 1696 3413 1756 arguet
3464 1687 3725 1741 mundum

446 1777 746 1848 ἁμαρτίας,
775 1780 874 1834 καὶ
894 1782 1025 1852 περὶ
1047 1783 1420 1852 δικαιοσύνης.
1448 1784 1542 1837 καὶ
1573 1786 1700 1855 περὶ
1724 1786 1976 1856 κρίσεως.
2009 1806 2028 1838 ι

1804 1786 1976 1850 ίσεως.
2009 1806 2028 1838 ι
2139 1779 2206 1835 de
2236 1792 2482 1849 peccato,
2516 1782 2663 1836 etde
2690 1780 2922 1848 justitia,
2956 1790 3008 1834 et
3035 1780 3100 1832 de
3127 1778 3353 1845 judicio.
3391 1798 3409 1832 ι

518 1871 768 1942 Τοσαύτη
798 1875 945 1926 ἐστὶν
973 1876 1005 1945 ἠ
1027 1875 1258 1946 δύναμις
1277 1865 1380 1945 τῆς
1403 1877 1497 1930 τοῦ
1521 1879 1679 1946 ἁγίου
1711 1879 2032 1950 Πνεύματος
2064 1917 2107 1973 Β

2213 1873 2389 1927 Tanta
2416 1876 2496 1928 vis
2542 1883 2624 1928 est
2657 1875 2953 1928 descensus
2984 1872 3223 1941 Spiritus
3270 1873 3466 1936 sancti,
3508 1880 3564 1924 ut
3594 1881 3725 1927 tunc

439 1962 697 2029 καθόδου,
731 1966 814 2018 ὅτι
848 1966 969 2020 τότε
1003 1968 1451 2039 φανερωθήσεται
1481 1972 1513 2039 ἡ
1545 1970 1654 2023 τῶν
1687 1972 1766 2034 είς
1792 1971 1894 2042 ἐμὲ
1927 1991 2028 2025 πε-

2133 1967 2508 2036 appariturum
2541 1967 2614 2020 sit
2640 1981 2831 2020 eorum
2866 1966 2959 2035 qui
2998 1966 3051 2018 in
3091 1981 3176 2018 me
3201 1974 3500 2034 peccarunt
3533 1978 3724 2033 pecca-

437 2054 920 2126 π).ημμεληκότων
968 2060 1232 2131 ἁμαρτία.
1283 2061 1438 2114 Ὅσοι
1495 2061 1552 2114 δὲ
1593 2062 1734 2132 μετά
1778 2064 1880 2134 τὴν
1930 2061 2027 2116 τοῦ

2131 2066 2268 2112 tum.
2297 2057 2622 2127 Quicunque
2648 2066 2830 2110 autem
2865 2065 2989 2126 post
3023 2055 3258 2125 Spiritu
3290 2055 3461 2109 sancti
3499 2055 3720 2108 descen-

433 2147 600 2215 ἁγίου
641 2149 963 2219 Πνεύματος
1009 2151 1236 2205 κάθοδον
1273 2154 1373 2206 ούκ
1421 2154 1752 2208 ἐπίστευσαν
1803 2157 1885 2219 εἰς
1933 2155 2027 2208 τὸν

2127 2164 2248 2205 sum
2281 2154 2334 2204 in
2361 2150 2638 2204 Christum
2681 2165 2787 2202 non
2836 2148 3211 2214 crediderunt,
3240 2146 3294 2200 in
3333 2148 3574 2214 peccatis
3605 2146 3718 2200 suis

431 2238 707 2308 Χριστὸν,
749 2240 972 2312 ἔμειναν
1023 2244 1082 2296 ἐν
1137 2246 1258 2307 ταῖς
1307 2246 1518 2299 ἑαυτῶν
1567 2247 1886 2317 ἁμαρτίαις.
1935 2247 2024 2310 Ὠς

2127 2253 2566 2313 perseverarunt.
2590 2241 2870 2311 Tanquam
2893 2252 3149 2309 peccator
3173 2240 3355 2308 itaque
3379 2238 3715 2292 condemna-

432 2333 760 2401 ἁμαρτωλὸς
811 2329 906 2388 οὖν
935 2335 1364 2406 κατακρίνεται,
1395 2339 1424 2391 6
1473 2338 1548 2407 μὴ
1592 2337 1893 2400 πιστεύσας
1944 2339 2024 2401 είς

2128 2348 2236 2399 tur,
2273 2338 2364 2405 qui
2395 2353 2498 2389 non
2539 2335 2718 2389 credit
2756 2335 2810 2388 in
2837 2334 3118 2387 Christum
3144 2331 3350 2400 peccati
3385 2339 3664 2398 expertem
3699 2346 3713 2384 :

429 2423 596 2476 αὐτὸν
640 2424 733 2477 τὸν
779 2427 1202 2499 ἀναμάρτητον·
1243 2429 1320 2491 ὡς
1363 2429 1624 2498 ἀδόκιμος
1651 2439 1704 2492 ιι,
1738 2431 1767 2482 6
1807 2432 1882 2500 μὴ
1931 2448 2024 2484 πι-

2127 2434 2382 2495 tanquam
2437 2425 2676 2494 iniquus,
2726 2425 2817 2494 qui
2864 2439 2968 2478 non
3013 2424 3190 2477 credit
3242 2423 3294 2480 in
3336 2420 3566 2490 justum,
3617 2421 3709 2490 qui

431 2515 668 2580 στεύσας
701 2519 780 2581 είς
806 2520 898 2573 τὸν
923 2511 1156 2583 δίκαιον,
1186 2522 1279 2574 τὸν
1309 2521 1398 2575 διὰ
1421 2521 1521 2593 τὴν
1549 2521 1896 2594 δικαιοσύνην
1920 2523 2021 2576 αὐ-

2124 2528 2348 2587 propter
2372 2516 2642 2585 justitiam
2670 2531 2826 2570 suam
2855 2515 2912 2568 in
2942 2515 3111 2568 cmlos
3143 2513 3411 2578 ascendit,
3454 2522 3508 2566 et
3539 2511 3714 2565 homi-

424 2605 524 2660 τοῦ
555 2609 938 2680 ἀναληφθέντα
966 2614 1048 2676 είς
1081 2613 1372 2685 οὐρανοὺς,
1408 2616 1505 2669 καὶ
1542 2615 1726 2685 ἀφανῆ
1758 2616 2022 2684 γεγονότα

2125 2609 2286 2663 nibus
2313 2607 2490 2662 factus
2533 2617 2614 2661 est
2655 2606 3104 2675 inaspectahilis:
3141 2615 3398 2673 tanquam
3443 2618 3631 2658 socors
3655 2612 3712 2658 et

423 2702 541 2762 τοῖς
567 2700 896 2771 ἀνθρώποις·
924 2702 1000 2765 ὡς
1029 2703 1292 2773 ῥᾴθυμος,
1320 2707 1402 2759 ὅτι
1433 2707 1904 2773 κατακλασθέντος
1923 2708 2019 2762 τοῦ

2122 2703 2295 2772 piger,
2321 2703 2413 2772 qui
2444 2702 2702 2756 Satanam
2733 2701 2814 2756 sic
2851 2699 3150 2754 contritum
3181 2711 3346 2767 atque
3374 2695 3710 2752 confractum

425 2791 668 2857 Σατανᾶ,
701 2791 827 2844 οὕτε
857 2793 1034 2857 οὕτως
1069 2797 1235 2849 αὑτὸν
1265 2797 1544 2869 ἠθέλησαν
1570 2808 1597 2836 ⁸
1629 2802 1873 2872 νικῆσαι.
2121 2795 2296 2849 ηοιυίι
2328 2808 2616 2864 superare-

501 2920 522 2953 ‹
560 2903 698 2972 Περὶ
725 2903 783 2957 δέ
815 2905 1074 2977 κρίσεως,
1106 2908 1238 2962 ὅτιὸ
1261 2910 1447 2982 ἄρχων
1469 2913 1566 2967 τοῦ
1593 2914 1802 2985 κόσμου
1824 2917 2013 2974 τούτου

2192 2907 2360 2962 Vens.
2393 2909 2482 2962 11.
2530 2925 2549 2959 ι
2581 2905 2884 2976 Dejndicio
2925 2914 3129 2971 autem,
3166 2904 3292 2975 quia
3319 2903 3576 2974 princeps
3610 2903 3711 2958 hu-

423 2994 696 3065 κέκριται.
740 3015 759 3047 ι
1845 3025 1853 3031 -

1845 3025 1853 3031 ·
2112 2997 2204 3067 jus
2239 3001 2421 3054 mundi
2449 2999 2561 3066 jam
2586 2998 2859 3064 judicatus
2885 3005 2988 3050 est.
3022 3013 3042 3046 ι

496 3085 816 3156 Κατεκρίθη
863 3085 940 3148 ὡς
968 3086 1302 3154 ἀποκτείνας
1330 3091 1420 3144 διὰ
1449 3093 1561 3148 τῶν
1614 3097 1885 3153 Ἰουδαίων
1922 3099 2015 3154 τὸν

2106 3101 2113 3128 ι
2185 3087 2596 3144 Condemnatus
2626 3100 2730 3151 est,
2766 3098 2825 3141 ut
2853 3091 2940 3156 qui
2968 3087 3244 3142 Christum
3276 3087 3481 3154 peccati
3507 3101 3705 3156 exper-

419 3175 660 3245 Χριστὺν
692 3178 1080 3247 ἀναμάρτητον
1119 3180 1268 3245 ὅντα,
1305 3184 1492 3256 ἐπειδὴ
1536 3192 2014 3260 προφασιζόμενος

2119 3188 2226 3234 tem
2253 3195 2350 3248 per
2371 3178 2589 3234 Judaeos
2613 3179 2900 3242 occiderit,
2925 3178 3366 3247 quandoquidem
3391 3177 3703 3233 excusando

418 3264 631 3334 ἔλεγεν,
669 3267 752 3321 ὅτι
787 3267 959 3340 Ἀδὰμ
975 3270 1036 3322 οὐ
1059 3271 1124 3324 δι’
1144 3274 1242 3344 ἐμὲ
1269 3275 1563 3341 ἀπέθανεν,
1588 3279 1706 3332 ἀλλ’
1724 3283 1805 3334 ὅτι
1829 3282 2011 3354 ἥμαρ-

2117 3272 2318 3326 dixerit
2341 3271 2608 3324 Adamum
2647 3286 2754 3324 non
2799 3270 2884 3324 sui
2917 3285 3107 3335 causa,
3157 3270 3250 3324 sed
3278 3270 3404 3338 quia
3439 3284 3704 3337 peccave-

412 3373 529 3411 τεν.
577 3357 798 3430 Ἐπειδὴ
828 3360 886 3412 δέ
921 3361 1060 3428 μετά
1086 3362 1148 3414 τὺ
1176 3364 1368 3433 πάθος,
1399 3367 1488 3420 διὰ
1515 3368 1612 3421 τοῦ
1643 3371 1802 3439 ἁγίου
1835 3374 2012 3427 Πνεύ-

2117 3373 2218 3426 rat,
2250 3374 2524 3418 mortuum
2558 3378 2700 3418 esse.
2729 3364 2865 3417 Cum
2901 3374 3081 3417 autem
3117 3373 3236 3432 post
3268 3363 3574 3433 passionem
3607 3378 3702 3432 per

416 3463 593 3516 ματος
613 3448 866 3516 ἐγένοντο
891 3451 947 3501 αἱ
975 3451 1166 3517 ἰάσεις,
1191 3454 1282 3507 διὰ
1301 3456 1406 3510 τῶν
1426 3459 1774 3530 πραγμάτων
1798 3462 2011 3518 δείκνυ-

2113 3452 2376 3524 Spiritum
2408 3464 2658 3507 sanctum
2695 3455 3004 3508 curationes
3031 3453 3185 3508 facta:
3209 3455 3338 3518 sint,
3368 3454 3528 3510 rebus
3559 3454 3692 3524 ipsis

409 3554 509 3591 ται
529 3539 623 3592 τοῦ
649 3539 902 3593 διαϐόλου
931 3542 964 3611 ἡ
995 3542 1315 3608 κατάλυσις.

2109 3544 2418 3600 ostenditur
2443 3543 2720 3599 diabolum
2749 3560 2869 3599 esse
2903 3559 3245 3602 enervatum.

490 3669 512 3704 ι
554 3652 726 3707 Ὅταν
755 3653 813 3707 δὲ
838 3653 967 3727 ἔλθῃ
993 3657 1220 3722 ἐκεῖνος,
1250 3657 1311 3710 τὸ
1340 3659 1566 3732 Πνεῦμα
1596 3663 1700 3733 τῆς
1721 3665 2003 3737 ἀληθείας,

2177 3656 2346 3712 Vens.
2401 3658 2490 3713 15.
2548 3659 2731 3713 «Cum
2784 3669 2965 3713 autem
3008 3661 3244 3713 venerit'
3275 3660 3403 3724 ille,
3459 3657 3697 3728 Spiritus

403 3740 672 3812 ὁδηγήσει
700 3744 845 3814 ὑμᾶς
879 3745 960 3807 είς
994 3746 1174 3798 πᾶσαν
1203 3746 1300 3816 τὴν
1331 3748 1610 3820 ἀλήθειαν.
1655 3771 1673 3804 ι

2107 3751 2378 3818 veritatis,
2407 3752 2622 3806 docebit
2653 3767 2750 3806 vos
2783 3768 3001 3807 omnem
3027 3752 3339 3806 veritatem.
3373 3769 3392 3803 ι

485 3833 658 3888 Ὅταν
676 3837 737 3889 τὸ
763 3836 990 3907 Πνεῦμα
1015 3837 1203 3912 διδάξῃ
1227 3842 1393 3912 ὑμᾶς,
1427 3845 1547 3898 τότε
1571 3845 1868 3917 δυνήσεσθε
1893 3850 2002 3903 τῶν

2175 3842 2402 3907 Quando
2447 3841 2684 3912 Spiritus
2731 3857 2826 3899 vos
2868 3844 3106 3908 erudiet,
3155 3853 3284 3898 tunc
3327 3842 3578 3912 poteritis
3625 3841 3693 3897 ab

399 3927 655 3995 νομικῶν
683 3929 991 3999 ἀποστῆναι
1023 3931 1232 3999 τύπων,
1262 3935 1358 3988 καὶ
1393 3937 1493 4010 τὴν
1518 3940 1577 3992 ἐν
1608 3941 1881 4012 πνεύματι
1909 3944 2001 3997 καὶ

2105 3935 2312 3988 umbris
2349 3945 2405 3988 et
2434 3935 2621 4004 figuris
2663 3935 2925 4003 legalibus
2959 3937 3255 4001 abstinere,
3290 3944 3453 4004 atque
3489 3935 3545 3989 in
3578 3935 3693 4004 spi—

399 4018 639 4089 ἀληθείᾳ
672 4020 902 4089 ποιῆσαι
931 4022 1209 4094 λατρείαν.

2103 4026 2212 4080 ritu
2244 4041 2308 4080 ac
2332 4028 2566 4080 veritate
2596 4027 2764 4082 Deum
2791 4018 3044 4082 adorare.

486 4126 505 4159 ι
556 4108 794 4172 Ἐκεῖνος
825 4111 926 4182 ἐμὲ
955 4113 1193 4181 δοξάσει,
1224 4117 1308 4171 ὅτι
1340 4119 1404 4172 ἐκ
1443 4119 1540 4174 τοῦ
1575 4122 1709 4195 ἐμοῦ
1741 4123 1995 4195 λήψεται,

2176 4119 2338 4174 Vens.
2391 4118 2480 4174 M.
2527 4137 2547 4171 ι
2576 4118 2670 4173 Ille
2723 4133 2809 4173 me
2856 4118 3175 4174 clariﬁcabit
3218 4139 3233 4176 ε
3275 4120 3402 4192 quia
3450 4120 3519 4174 de
3567 4133 3687 4175 meo

396 4197 504 4251 καὶ
532 4199 826 4269 ἀναγγελεῖ
852 4202 999 4273 ὑμῖν.
1046 4223 1066 4256 ι

2099 4211 2351 4280 accipiet,
2382 4221 2435 4265 et
2458 4211 2806 4264 annuntiabit
2835 4211 3013 4264 vobis.
3048 4229 3067 4262 ι

477 4311 551 4365 Τὸ
586 4313 812 4385 Πνεῦμα
843 4313 1087 4370 διδάσκει
1134 4317 1265 4382 τοὺς
1307 4319 1632 4397 ἀνθρώπους
1665 4324 1733 4378 τά
1768 4327 1868 4397 τῆς
1899 4327 1994 4382 τοῦ

2168 4323 2411 4392 Spiritus
2436 4324 2593 4378 docet
2621 4324 2871 4379 homines
2899 4339 2960 4379 ea
2998 4340 3117 4394 qua:
3148 4325 3213 4379 ad
3248 4325 3588 4380 divinitatem
3621 4340 3686 4380 ac

396 4402 542 4456 Θεοῦ
589 4404 844 4476 θεότητος
893 4408 988 4460 καὶ
1041 4408 1240 4478 δόξης,
1276 4411 1371 4464 καὶ
1423 4413 1526 4481 τῆς
1577 4416 1717 4486 πρὸς
1769 4419 1994 4490 Πατέρα

2098 4418 2330 4489 gloriam
2368 4418 2486 4485 Dei,
2515 4427 2570 4473 et
2601 4421 2668 4472 ad
2709 4416 2886 4471 Patris
2929 4418 3292 4486 aequalitatem
3324 4426 3592 4486 spectant,
3631 4417 3682 4472 id

398 4495 676 4563 ἰσότητος,
700 4495 821 4549 ἀντὶ
850 4495 972 4562 τοῦ,
999 4497 1223 4568 Συνῳδά
1248 4518 1337 4570 μοι
1365 4501 1541 4558 λαλεῖ.
1574 4507 1649 4559 Οὐ
1681 4506 1789 4578 γὰρ
1818 4510 1992 4574 ἐνδεὲς

2095 4520 2198 4576 est,
2251 4512 2522 4566 consentit
2575 4525 2810 4565 mecum.
2856 4509 3066 4564 Nullius
3123 4511 3267 4565 enim
3321 4511 3531 4580 indigus
3577 4519 3677 4575 est,

393 4585 464 4637 τὸ
487 4585 733 4657 Πνεῦμα·
763 4587 1132 4644 ίδιοσύστατον
1151 4591 1260 4663 γάρ
1282 4592 1341 4646 ὂν
1369 4594 1444 4658 ὼς
1470 4595 1757 4667 ὁμοούσιον
1781 4601 1992 4672 Πατρὺς

2098 4620 2220 4658 cum
2264 4620 2361 4674 per
2387 4621 2445 4659 se
2479 4604 2768 4670 subsistat,
2797 4589 2851 4658 et
2880 4605 3119 4674 ejusdem
3155 4604 3226 4658 sit
3253 4619 3376 4659 cum
3401 4602 3562 4658 Patre
3588 4601 3681 4657 Fi-

395 4677 498 4730 καὶ
531 4677 699 4742 Υἰοῦ,
737 4677 915 4733 πάντα
942 4675 1052 4734 οἶδε
1087 4683 1184 4736 καὶ
1228 4684 1403 4755 ίσχύει
1432 4687 1529 4751 ἀφ’
1557 4690 1753 4746 ἐαυτοῦ
1787 4696 1986 4753 ποιεῖν.

2095 4694 2282 4764 lioque
2325 4697 2671 4761 substantiae,
2719 4705 2881 4764 atque
2914 4696 3096 4750 omnia
3129 4711 3226 4766 per
3265 4709 3324 4751 se
3353 4697 3457 4751 scit
3492 4709 3556 4750 ac
3585 4711 3679 4765 po-

2091 4796 2199 4844 test
2231 4787 2436 4841 facere.

477 4875 496 4908 ι
529 4855 779 4928 Μικρὸν,
813 4856 910 4910 καὶ
938 4857 999 4911 ού
1034 4857 1294 4931 θεωρεῖτέ
1331 4879 1420 4933 με.
1461 4882 1481 4916 ι

2166 4879 2333 4934 Vens.
2364 4877 2454 4932 l6.
2499 4895 2518 4928 ι
2551 4877 2845 4946 Modicum,
2880 4879 3068 4950 etiam
3099 4895 3205 4934 non
3237 4879 3490 4934 videbitis
3513 4894 3620 4934 me.
3653 4897 3675 4932 ι

471 4948 589 5002 Ἵνα
624 4948 700 5019 μὴ
725 4947 943 5020 λυπήσῃ
963 4951 1090 5014 τοὺς
1113 4951 1385 5024 μαθητὰς,
1408 4955 1509 5010 οὐκ
1531 4950 1706 5025 εἶπεν,
1728 4961 1808 5014 ὅτι
1825 4961 1987 5016 Ἀπο-

2166 4968 2246 5024 Ne
2274 4967 2570 5037 discipulos
2596 4971 2966 5037 contristarct,
2987 4986 3093 5026 non
3113 4970 3283 5025 dixit:
3315 4969 3536 5036 Morior,
3557 4971 3675 5037 sed,

398 5041 639 5112 θνήσκω,
671 5040 827 5106 ἀλλὰ,
859 5042 941 5095 Οὐ
976 5042 1244 5111 θεωρεῖτέ
1273 5063 1369 5114 με.
2091 5061 2218 5116 Non
2250 5061 2492 5116 videbitis
2519 5075 2620 5113 me.

475 5151 495 5182 ι
532 5130 704 5184 Τοῦτο
740 5129 793 5184 τί
819 5133 970 5184 ἐστιν
997 5131 1026 5185 ὃ
1062 5131 1210 5202 λέγει
1238 5135 1321 5202 τὸ,
1357 5137 1609 5210 Μικρόν;
1645 5139 1746 5195 οὐκ
1765 5143 1984 5215 οἴδαμεν

2154 5153 2329 5208 'Vens.
2366 5152 2454 5206 18.
2503 5170 2523 5204 ι
2555 5149 2693 5217 Quid
2729 5160 2815 5206 est
2853 5151 2978 5220 hoc,
3006 5153 3150 5222 quod
3178 5153 3330 5219 dicit,
3360 5152 3675 5209 Modicum?

392 5223 447 5275 τί
478 5222 650 5276 λαλεῖ.
692 5241 712 5273 ι

2087 5242 2360 5296 nescimus
2392 5240 2520 5308 quid
2555 5239 2814 5307 loquitur.
2854 5259 2872 5292 ι

476 5315 613 5368 Ὑπὸ
664 5316 768 5386 τῆς
805 5316 982 5386 λύπης
1028 5315 1128 5369 οὐκ
1178 5316 1382 5384 ἐνόουν,
1421 5319 1518 5373 καὶ
1543 5321 1626 5375 ὅτι
1672 5324 1772 5395 μὲν
1814 5326 1982 5400 ἀπῄει

2158 5333 2277 5388 Ρτω
2304 5334 2450 5387 luctu
2488 5346 2596 5387 non
2630 5332 3026 5403 intelligebant.
3053 5332 3120 5386 Et
3153 5332 3411 5402 quoniam
3443 5334 3665 5402 quidem

392 5404 626 5476 ᾔδεσαν,
660 5407 778 5471 πῶς
811 5407 868 5461 δέ
908 5405 1028 5478 ἥξει
1058 5407 1158 5460 οὐκ
1188 5406 1409 5478 ᾔδεσαν.
1448 5411 1708 5482 Ἠγνόουν
1735 5418 1843 5491 γάρ
1881 5423 1981 5492 τὴν

2081 5427 2261 5482 abiret
2293 5427 2882 5502 noverant,'quomodo
2913 5441 3044 5482 vero
3085 5425 3288 5480 rediret
3315 5426 3659 5497 ignorabant.

395 5499 691 5556 ἀνάστασιν
724 5499 832 5572 πρὸ
859 5499 959 5571 τῆς
988 5499 1290 5564 ἐκϐάσεως.

2079 5516 2406 5573 Nesciebant
2443 5499 2595 5572 enim
2622 5517 2917 5588 quidquam
2963 5517 3030 5572 de
3079 5518 3477 5574 resurrectione
3513 5528 3661 5575 ante-

2078 5626 2238 5683 quam
2271 5611 2632 5683 contingeret.

467 5697 484 5728 ι
540 5680 727 5735 Ταῦτα
759 5681 817 5733 ἐν
856 5681 1182 5754 παροιμίαις
1218 5682 1492 5761 λελάληκα
1535 5692 1683 5764 ὑμῖν.
1713 5696 1975 5771 Ἔρχεται

2093 5680 2112 5683 ’
2149 5703 2322 5759 Vitas.
2352 5680 2508 5761 25.}
2546 5703 2672 5760 Haec
2723 5705 2774 5759 in
2809 5703 3114 5777 proverbiis
3143 5703 3358 5763 locutus
3399 5721 3519 5764 sum
3563 5719 3659 5762 vo-

457 5865 488 5897 ³
514 5857 606 5913 Cr.
639 5855 847 5921 ἄδικος.
925 5855 950 5884 °
974 5858 1066 5915 Cr.
1095 5861 1348 5933 ἠθέλησε.
