4064 6396
362 445 496 507 1-193

1506 436 1848 500 AMMONII
1891 440 2188 502 ALEXAN
2199 440 2426 504 DRlNI

3519 425 3655 491 ιῑλιο

358 564 462 618 his.
505 558 674 618 Venit
705 561 860 628 hora,
891 572 1014 614 cum
1051 556 1163 626 jam
1199 569 1308 610 non
1353 555 1404 611 iu
1441 553 1748 626 proverbiis
1773 555 1957 627 loquar

2068 555 2204 629 ὥρα,
2236 560 2325 612 ὅτε
2367 554 2557 610 οὐκέτι
2597 553 2655 608 ὲν
2709 565 3036 623 παρδιμιαις
3073 545 3301 620 λαλήσω
3341 544 3492 617 ὑμῖν,
3529 543 3668 596 ἀλλὰ

361 654 539 720 vobis,
565 653 660 708 sed
686 650 866 721 palam
895 649 961 704 de
987 645 1150 704 Patre
1175 648 1513 703 annuutiabo
1541 647 1717 704 vobis.
1756 665 1776 700 ι

430 744 588 800 Sicut
610 745 663 797 in
697 740 1004 812 proverbiis
1034 750 1088 795 et
1127 755 1224 810 per
1254 739 1820 794 accommodationem
1845 739 1960 794 haec

360 837 494 892 dicit
533 835 819 898 Christus,
869 848 975 888 non
1021 833 1169 887 enim
1222 841 1451 902 possunt
1487 833 1553 886 ad
1603 831 1828 887 verbum
1865 847 1961 887 ac-

359 928 465 996 cipi
501 944 516 980 :
549 927 638 980 ille
677 924 817 993 petit
859 934 914 978 et
953 924 1154 993 accipit
1184 922 1274 993 qui
1295 923 1448 978 utilia
1475 926 1542 978 ad
1567 922 1956 994 perfectionem

359 1017 557 1071 animus
602 1021 760 1084 petit.

432 1107 567 1163 Cum
614 1109 922 1176 creveritis,
970 1119 1098 1165 tunc
1142 1109 1370 1179 gloriam
1405 1105 1585 1161 Patris
1614 1104 1769 1160 vobis
1813 1117 1957 1160 reve-

365 1200 535 1256 labo:
575 1209 697 1268 post
743 1202 1198 1256 resurrectionem
1232 1200 1380 1254 clare
1423 1199 1578 1253 vobis
1625 1197 1805 1252 dicam
1837 1212 1959 1267 qua:

361 1299 492 1344 sunt
518 1290 719 1344 Patris.
753 1290 825 1344 De
849 1306 1086 1360 quanam
1120 1292 1252 1345 hora
1276 1287 1408 1344 dicit
1443 1308 1455 1344 :
1499 1287 1650 1343 Venit
1677 1291 1811 1343 hora
1838 1305 1959 1344 cum

351 1384 470 1452 jam
511 1397 616 1436 non
662 1382 718 1434 in
751 1383 1039 1449 proverbiis
1084 1381 1276 1451 loquar
1302 1381 1467 1445 vobis,
1512 1389 1658 1447 etc.;
1699 1382 1764 1436 de
1817 1390 1956 1435 tem-

363 1487 497 1544 pore
535 1474 961 1528 resurrectionis
988 1473 1143 1528 dicit.
1193 1472 1328 1527 Nam
1372 1472 1732 1544 quadraginta
1769 1473 1960 1528 diebus

361 1565 691 1619 versabatur
731 1565 1168 1634 loquebaturque
1199 1581 1323 1620 cum
1361 1564 1492 1632 illis,
1531 1579 1870 1620 convescens
1898 1574 1956 1619 et

361 1673 641 1727 exponens
670 1674 734 1713 ea
761 1673 880 1728 quae
903 1659 970 1713 ad
998 1673 1226 1729 regnum
1255 1657 1351 1713 Dei
1381 1659 1676 1728 pertinent.
1705 1657 1956 1725 Quando,

367 1751 566 1820 inquit,
603 1761 784 1806 vestra
818 1753 883 1806 de
915 1766 1000 1806 me
1037 1751 1174 1807 fides
1209 1752 1421 1806 firmior
1450 1753 1577 1818 erit,
1611 1751 1737 1807 Non
1765 1751 1959 1823 rogabo

370 1842 588 1897 Patrem
617 1857 713 1912 pro
761 1844 942 1910 vobis;
984 1844 1095 1913 ipse
1127 1843 1265 1898 enim
1294 1843 1460 1898 Pater
1484 1843 1658 1914 diligit
1704 1859 1815 1910 vos,
1847 1852 1954 1898 etc.

2063 651 2352 722 παρρησίᾳ
2387 649 2516 719 περὶ
2548 646 2642 701 τοῦ
2679 646 2892 716 Πατρὸς
2922 641 3211 712 ἀναγγελῶ
3238 641 3390 710 ὑμῖν.
3427 657 3446 692 ι

2148 740 2240 806 Ὦς
2267 741 2378 813 γὰρ
2409 743 2467 794 ἐν
2500 739 2826 811 παροιμίαις
2859 735 3010 789 λαλεῖ
3038 733 3210 788 ταῦτα
3243 737 3272 786 ὁ
3298 731 3557 803 Χριστὸς,
3586 732 3662 796 ὡς

2063 833 2422 905 παρακατιὼν
2450 831 2630 902 λέγει’
2680 832 2742 885 οὐ
2777 830 2887 902 γὰρ
2915 829 3140 884 δύναται
3165 825 3310 881 κατά
3337 825 3400 880 τδ
3426 827 3662 898 γράμμα

2063 927 2332 980 νοεῖσθαι·
2359 927 2566 989 ἐκεῖνος
2591 925 2646 979 δὲ
2673 925 2816 978 αἰτεῖ
2840 923 2936 977 καὶ
2965 919 3236 988 λαμϐάνει
3260 921 3288 972 ὁ
3312 919 3383 973 τά
3403 918 3664 990 λυσιτελῆ

2062 1017 2230 1070 αῑτῶν
2264 1017 2401 1087 πρὸς
2433 1016 2715 1088 βελτίωσιν
2747 1014 2949 1085 ψυχῆς.
2983 1014 3210 1087 [Cum]

2135 1109 2307 1164 Ὅταν
2338 1108 2676 1179 προκόψητε,
2709 1109 2832 1162 τότε
2867 1106 3245 1161 ἀποκαλύπτω
3271 1105 3402 1176 ὑμῖν
3435 1105 3532 1175 τὴν
3565 1102 3660 1158 τοῦ

2062 1201 2278 1273 Πατρδς
2307 1200 2487 1268 δόξανο
2527 1199 2667 1270 μετὰ
2695 1199 2795 1272 τὴν
2828 1199 3128 1254 ἀνάστασιν
3160 1196 3351 1267 σαφῶς
3383 1197 3516 1267 ὑμῖν
3547 1195 3660 1266 ἐρῶ

2059 1297 2169 1350 τὰ·
2200 1297 2332 1366 περὶ
2366 1293 2462 1347 τοῦ
2507 1293 2745 1364 Πατρός.
2784 1292 2922 1364 Περὶ
2954 1292 3114 1355 ποίας
3156 1291 3307 1362 ὥρας
3361 1289 3533 1358 λέγει,
3578 1289 3661 1342 ὅτι

2067 1390 2348 1458 Ἔρχεται
2375 1386 2516 1456 ὥρα,
2551 1385 2650 1440 ὅτε
2683 1384 2888 1440 οὐκέτι
2922 1385 2992 1438 ἐν
3025 1385 3369 1452 παροιμίαις
3408 1379 3662 1447 λαλήσω

2060 1481 2224 1551 ὑμῖν,
2243 1481 2336 1535 καὶ
2359 1479 2428 1534 τά
2448 1477 2574 1548 ἑξῆς
2592 1496 2606 1544 ;
2621 1477 2726 1532 Τὸν
2749 1477 2852 1548 τῆς
2873 1477 3230 1539 ἀναστάσεως
3247 1473 3415 1528 αὐτοῦ
3443 1473 3662 1544 χρόνονο

2061 1573 2292 1645 καὶγὰρ
2319 1573 2413 1626 ἐπὶ
2445 1571 2863 1643 τεσσαράκοντα
2898 1569 3117 1641 ἡμέρας
3152 1569 3250 1622 σὺν
3294 1568 3479 1630 αὐτοῖς
3502 1567 3540 1589 “
3585 1567 3665 1619 δι-

2063 1665 2280 1736 ελέχθη,
2313 1661 2772 1733 συναυλιζόμενος
2798 1663 2894 1716 καὶ
2916 1662 3092 1730 λέγων
3113 1661 3182 1714 τὰ
3210 1661 3339 1730 περὶ
3368 1658 3472 1728 τῆς
3503 1657 3658 1729 βασι-

2061 1759 2212 1822 λείας
2251 1758 2344 1812 τοῦ
2371 1755 2508 1811 Θεοῦ
2539 1757 2677 1827 (14).
2711 1757 2823 1809 Καὶ
2851 1755 3041 1824 ἐπειδὴ
3067 1793 3082 1818 ,
3111 1753 3246 1824 φησὶ
3270 1794 3285 1819 ,
3315 1752 3418 1822 τὴν
3448 1753 3527 1814 εἰς
3560 1749 3660 1820 ἐμὲ

2062 1850 2247 1904 πίστιν
2289 1846 2520 1919 βεϐαίαν
2574 1846 2726 1913 ἐξετε
2749 1884 2764 1910 ,
2799 1847 2922 1900 Οὐκ
2955 1843 3236 1912 ἐρωτήσω
3285 1841 3393 1895 τὸν
3429 1841 3662 1908 Πατέρα

367 1934 575 1990 Sufﬁcit
607 1947 786 1991 vestra
833 1937 888 1991 in
937 1951 1024 1991 me
1055 1936 1277 1991 dilectio
1310 1937 1376 1989 ad
1407 1935 1794 2005 patrocinium.
1823 1933 1957 1990 Cum

2068 1939 2203 2008 περὶ
2230 1937 2417 2009 ὑμῶν’
2446 1937 2632 2003 αὐτὸς
2657 1935 2770 2006 τὰρ
2789 1937 2823 1989 δ
2846 1933 3051 2002 Πατὴρ
3080 1932 3247 2004 φιλεῖ
3265 1930 3444 2001 ὑμᾶς,
3468 1931 3563 1984 καὶ
3596 1929 3664 1983 τὰ

371 2040 556 2086 autem
591 2045 702 2084 non
734 2045 926 2100 parum
976 2044 1073 2084 eos
1123 2029 1500 2084 consolaretur
1531 2029 1676 2098 quod
1710 2028 1962 2084 audirent

367 2122 516 2177 illum
553 2139 587 2176 a
635 2122 797 2176 Patre
837 2122 1059 2177 exivisse
1106 2131 1154 2175 et
1190 2123 1375 2176 eodem
1407 2122 1602 2188 redire,
1641 2121 1961 2193 frequenter

366 2214 458 2269 illa
490 2223 702 2269 versat.
739 2211 856 2268 Hoc
900 2215 1137 2270 maxime
1176 2213 1282 2269 illis
1331 2214 1530 2269 bonam
1563 2229 1713 2283 spem
1744 2212 1957 2278 indidit,

364 2304 509 2375 quod
540 2303 792 2359 audirent
815 2303 1026 2360 futuros
1055 2319 1114 2359 se
1140 2302 1290 2360 Patri
1322 2306 1550 2361 amicos.
1576 2305 1704 2362 Ideo
1733 2306 1956 2361 dicunt:

372 2392 527 2447 Nunc
569 2395 767 2448 scimus
815 2396 941 2465 quia
988 2395 1130 2448 nosti
1160 2395 1364 2460 omnia,
1410 2406 1458 2450 et
1509 2412 1541 2449 a
1589 2395 1697 2450 Deo
1748 2395 1910 2450 existi
1939 2409 1963 2451 :

364 2486 519 2556 quasi
549 2486 796 2542 dicerent
827 2503 841 2538 :
873 2489 1183 2556 Antequam
1231 2487 1447 2552 audias,
1495 2487 1646 2543 vides
1701 2495 1764 2543 ut
1816 2487 1962 2544 Deus

364 2577 494 2646 quid
546 2593 646 2632 nos
693 2579 974 2646 perturbet
1021 2587 1077 2632 et
1136 2593 1236 2634 nos
1273 2578 1558 2635 recreasti.
1605 2578 1742 2635 Tam
1780 2580 1960 2637 rudes

366 2670 545 2726 adhuc
588 2681 764 2727 erant.
813 2669 879 2725 Et
913 2685 1039 2724 cum
1076 2684 1175 2726 ceu
1213 2672 1420 2740 gratias
1467 2680 1692 2742 agentes
1726 2672 1846 2728 haec
1874 2673 1960 2728 di-

366 2775 491 2816 cere
525 2762 862 2826 viderentur,
909 2761 986 2817 ait
1019 2761 1125 2817 illis
1149 2779 1164 2816 :
1193 2761 1356 2816 Modo
1381 2764 1632 2818 creditis?
1661 2761 1800 2818 Ecce
1821 2766 1959 2820 venit

364 2853 498 2908 hora
547 2864 601 2909 et
648 2869 786 2908 nunc
835 2864 934 2921 est,
987 2866 1044 2909 ut
1082 2856 1463 2925 dispergamini
1503 2859 1864 2929 unusquisque
1905 2861 1961 2914 in

363 2945 582 3015 propria
616 2955 664 2999 et
706 2961 787 3000 me
825 2945 997 3000 solum
1031 2945 1372 3015 relinquatis,
1404 2957 1510 3002 etc.
1545 2946 1682 3003 Cum
1717 2949 1962 3006 dicerent

367 3036 526 3091 Nune
559 3038 781 3100 scimus,
802 3039 1046 3092 ostendit
1078 3039 1216 3095 nihil
1237 3041 1415 3094 adhuc
1447 3042 1514 3095 ab
1547 3040 1653 3096 illis
1683 3056 1804 3098 esse
1833 3056 1957 3112 per-

365 3128 591 3183 fectum.
631 3126 790 3184 Nunc
818 3130 987 3199 igitur
1012 3145 1097 3185 me
1122 3131 1359 3186 inimicis
1389 3133 1636 3200 tradetis,
1669 3134 1870 3203 inquit,
1905 3143 1961 3189 et

368 3229 515 3274 tanta
547 3236 644 3275 vos
696 3221 918 3276 invadet
951 3221 1209 3290 formido,
1251 3235 1311 3278 ut
1341 3239 1522 3294 neque
1563 3225 1725 3279 simul
1767 3226 1960 3280 absce-

2066 2031 2217 2099 έξῆΨ
2245 2030 2409 2099 ἀρκεῖ
2435 2028 2544 2099 γὰρ
2574 2028 2607 2099 ἢ
2639 2028 2720 2090 είς
2748 2027 2851 2098 ὲμὲ
2882 2025 3075 2096 ἀγάπη
3109 2024 3246 2097 πρὸς
3275 2023 3376 2095 τὴν
3406 2021 3662 2093 Opimi“-

2063 2122 2161 2178 καὶ
2197 2121 2389 2192 ἐπειδὴ
2443 2120 2542 2192 οὐχ
2587 2120 2663 2184 ὼς
2715 2118 2909 2190 ἔτυχεν
2951 2119 3153 2181 αὐτοὺς
3191 2115 3564 2188 παρεμυθεῖτο
3605 2113 3666 2166 τὸ

2063 2212 2308 2279 ἀκούειν,
2351 2213 2432 2265 ὅτι
2463 2210 2630 2278 Παρὰ
2662 2208 2811 2264 Θεοῦ
2839 2207 3106 2277 ἐξῆλθον
3127 2206 3228 2261 καὶ
3264 2203 3396 2260 ἐκεῖ
3417 2202 3628 2272 ὑπάγω
3651 2242 3666 2267 ,

2067 2306 2308 2378 συνεχῶς
2339 2304 2474 2359 αὐτὸ
2506 2304 2870 2376 περιστρέφει
2890 2319 2904 2334 ·
2938 2301 3063 2356 ὅθεν
3101 2299 3261 2355 τοῦτο
3293 2297 3663 2362 ἀκούσαντες,

2063 2401 2158 2454 καὶ
2185 2400 2268 2453 ὅτι
2291 2397 2370 2469 τῷ
2400 2399 2581 2468 Πατρὶ
2609 2397 2828 2450 ἔσονται
2857 2396 3026 2466 φίλοι,
3052 2393 3262 2466 σφόδρα
3294 2392 3661 2448 ἀνέπνευσαν·

2061 2491 2144 2544 διὸ
2178 2490 2272 2545 καὶ
2301 2485 2488 2544 εἷπον’
2522 2489 2655 2543 Νῦν
2681 2488 2936 2557 οἴδαμεν
2969 2487 3061 2541 ὅτι
3099 2486 3269 2552 οἶδας
3305 2483 3525 2546 πάντα,
3563 2481 3664 2536 καὶ

2061 2583 2152 2638 ὅτι
2183 2583 2304 2638 ἀπὸ
2337 2581 2489 2638 Θεοῦ
2519 2581 2809 2651 ἐξῆλθες·
2843 2581 2872 2635 δ
2901 2581 2958 2634 δὲ
3003 2580 3230 2648 λέγουσι
3253 2619 3266 2641 ,
3303 2577 3465 2631 τοῦτό
3510 2577 3660 2629 ἐστι’

2063 2677 2204 2748 Πρὶν
2230 2676 2264 2749 ἢ
2293 2675 2528 2732 ἀκοῦσαί
2561 2692 2642 2742 σε,
2675 2671 2818 2739 εἶδες
2843 2674 2914 2728 τά
2949 2671 3376 2738 σκανδαλίζοντα
3412 2671 3562 2741 ἡμᾶς
3588 2669 3666 2731 ὡς

2062 2766 2232 2832 Θεὸς,
2266 2767 2365 2821 καὶ
2411 2767 2732 2830 ἀνέπαυσας
2773 2767 2922 2837 ήμᾶς
2975 2765 3058 2828 είς
3089 2762 3290 2818 ταῦτα.
3333 2760 3527 2825 οὕτως
3581 2760 3664 2814 ἔτι

2063 2856 2272 2920 ἀτελῶς
2303 2857 2476 2928 εἶχον,
2512 2858 2608 2912 κα)⁴
2643 2856 2832 2928 ἐπειδὴ
2873 2855 3095 2910 ἐδόκουν
3125 2854 3318 2924 ὥσπερ
3343 2852 3466 2907 τινὰ
3501 2852 3664 2923 χάριν

2061 2948 2213 3020 αὐτῷ
2235 2949 2615 3021 προσέχοντες
2652 2949 2833 3017 λέγειν
2864 2947 3063 3012 ταῦτα,
3097 2947 3234 3018 φησὶ⁵
3267 2945 3407 3018 πρὸς
3430 2944 3662 3007 αὐτούς·

2066 3042 2224 3110 Ἀρτι
2249 3041 2602 3105 morabere;
2625 3039 2758 3094 ἰδοὺ
2779 3039 3019 3108 ἔρχεται
3037 3037 3180 3108 ὥρα,
3204 3039 3303 3092 καὶ
3326 3036 3445 3092 νῦν
3465 3037 3659 3102 ἐστιν,

2062 3134 2165 3187 ἵνα
2190 3130 2606 3201 σκορπισθῆτε
2625 3131 2887 3198 ἕκαστος
2914 3133 3003 3198 εις
3022 3133 3096 3185 τὰ
3125 3130 3269 3195 ῖδια,
3296 3127 3396 3185 καὶ
3421 3129 3528 3199 ἐμὲ
3553 3130 3662 3199 μό-

2063 3241 2176 3279 νον
2203 3223 2433 3294 ἀφῆτε,
2463 3223 2562 3279 καὶ⁹
2588 3223 2658 3278 τὰ
2707 3223 2859 3295 ἑξῆς.
2910 3223 3134 3294 Ἐπειδὴ
3165 3224 3276 3295 γὰρ
3309 3219 3465 3277 εἷπον
3485 3264 3500 3288 ,
3533 3221 3665 3276 Νῦν

363 3311 494 3366 dere
529 3313 770 3381 possitis.
805 3313 911 3368 Sed
943 3314 1076 3368 nihil
1109 3279 1235 3370 hin'c
1264 3330 1367 3387 ego
1394 3279 1578 3370 damni
1611 3317 1810 3385 patior.
1843 3279 1957 3369 Pu-

2068 3317 2358 3386 ἕγνωμεγ,
2385 3316 2661 3370 δείκνυσιν
2693 3317 2778 3370 ὅτι
2806 3315 2961 3369 οὐδὲν
3006 3316 3221 3369 οὐδέπω
3264 3313 3662 3386 κατώρθωσαν.

363 3415 445 3457 ter
477 3406 620 3457 enim
655 3420 859 3458 mecum
911 3415 1026 3472 est;
1072 3407 1204 3461 illud
1237 3417 1460 3478 propter
1499 3422 1592 3462 eos
1634 3408 1831 3462 iterum
1866 3424 1956 3478 po-

363 3497 490 3550 suit.
519 3495 634 3550 lloc
666 3496 812 3552 enim
847 3498 1062 3554 discere
1092 3513 1312 3569 semper
1345 3500 1553 3554 volunt.
1587 3498 1740 3566 Quod
1777 3512 1956 3556 autem

363 3588 542 3642 dixit:
579 3587 708 3643 Haec
733 3589 941 3646 locutus
983 3608 1098 3646 sum
1147 3593 1311 3657 vobis,
1342 3603 1396 3646 ut
1428 3593 1484 3646 in
1523 3608 1604 3646 me
1645 3607 1830 3661 pacem
1860 3593 1957 3647 Ira.

365 3677 554 3746 beatis,
612 3682 664 3735 id
718 3693 801 3738 est
848 3695 908 3739 ut
965 3701 1070 3740 non
1093 3686 1365 3751 excidam,
1401 3685 1597 3755 inquit,
1646 3701 1716 3742 ex
1771 3687 1956 3744 animo

364 3781 567 3838 vestro,
602 3775 698 3828 sed
731 3790 816 3830 me
849 3777 1022 3847 magis
1057 3777 1359 3846 necipiatis.

2065 3408 2386 3479 Προδὼσετε
2425 3409 2535 3480 γάρ
2567 3426 2636 3479 με
2666 3410 2782 3472 τοῖς
2823 3409 3063 3480 ἐχθροῖς,
3097 3409 3256 3479 φησὶ,
3292 3408 3390 3460 καὶ
3436 3404 3664 3460 τοσοῦτο

2065 3501 2224 3572 ὑμῶν
2258 3502 2528 3573 κρατήσει
2563 3501 2750 3570 φόϐος,
2785 3501 2862 3564 ὡς
2903 3499 3041 3571 μηδὲ
3073 3500 3195 3571 μετ’
3221 3499 3472 3570 ἀλλήλων
3501 3499 3662 3569 δυνη-

2065 3591 2225 3664 θῆναι
2254 3591 2637 3664 ἀναχωρῆσαι,
2661 3591 2781 3645 ἀλλ’
2803 3591 2960 3644 οὐδὲν
2982 3591 3048 3643 ἐκ
3073 3589 3266 3643 τούτου
3287 3588 3445 3643 πάθω
3464 3587 3661 3643 δεινόν.

2076 3683 2140 3738 '0
2167 3682 2277 3755 γὰρ
2318 3685 2524 3754 Πατὴρ
2549 3685 2676 3755 μετ’
2716 3679 2865 3754 ἐμοῦ
2893 3683 3046 3750 ἐστι,
3079 3683 3176 3736 καὶ
3203 3681 3363 3736 τοῦτο
3409 3681 3468 3736 δὲ
3500 3680 3664 3735 πάλιν

2059 3779 2126 3834 δι’
2151 3779 2350 3842 αὐτοὺς
2375 3778 2613 3832 τέθεικε·
2646 3777 2806 3832 τοῦτο
2837 3779 2948 3848 γὰρ
2992 3777 3107 3833 ἄνω
3135 3777 3232 3830 καὶ
3267 3775 3421 3830 κάτω
3444 3773 3663 3845 βούλον-

361 3881 452 3918 ται
486 3865 700 3934 μαθεῖν.
735 3867 913 3942 Ὅπερ
955 3870 1015 3924 δὲ
1057 3865 1234 3936 εἶπεν,
1282 3871 1414 3925 Ὅτι
1487 3872 1806 3943 λελάληκα
1842 3872 1989 3944 ὑμῖν
2023 3874 2126 3929 ἵνα
2170 3874 2242 3928 ἐν
2278 3872 2410 3944 ἐμοὶ
2452 3873 2706 3943 εἰρήνην
2773 3871 2980 3942 ἔχητε,
3033 3869 3195 3924 τοῦτό
3226 3871 3396 3937 ἐστιν,
3439 3868 3556 3923 Ἵνα
3587 3864 3664 3939 μὴ

363 3957 634 4030 ἐκὸἀλητέ
688 3979 777 4032 με,
813 3964 1002 4035 φησιν,
1037 3965 1148 4020 ἀπὸ
1179 3965 1282 4036 τῆς
1314 3966 1555 4033 διανοίας
1589 3969 1770 4041 ὑμῶν,
1816 3970 1957 4026 ἀλλά
1995 3968 2384 4042 παραδέξησθε
2412 3971 2496 3992 ““
2522 3968 2618 4022 ἐπὶ
2645 3968 2854 4022 πλεῖον.
2886 3965 3115 4040 [Cum]

435 4049 665 4122 PrOpter
696 4056 988 4111 ruditatem
1013 4071 1204 4113 eorum
1236 4059 1470 4117 obscure
1513 4061 1774 4132 loquitur.
1813 4062 1952 4119 Pro-

365 4143 609 4200 verbium
655 4157 837 4203 autem
893 4159 1052 4204 vocat
1085 4150 1382 4211 obscurum
1418 4167 1730 4211 sermonem
1775 4165 1833 4211 et
1867 4155 1954 4211 in-

364 4233 630 4292 volutum.

442 4325 608 4382 Vens.
636 4327 726 4388 26.
775 4346 795 4382 ι
824 4327 884 4385 In
936 4328 1031 4385 illo
1077 4329 1165 4387 die
1208 4329 1261 4386 in
1297 4333 1520 4389 nomine
1556 4350 1680 4391 meo
1712 4336 1909 4406 petetis
1939 4352 1954 4390 :

365 4423 420 4469 et
476 4432 581 4473 non
631 4419 754 4474 dico
804 4420 957 4477 vobis
1006 4423 1134 4492 quia
1185 4437 1285 4494 ego
1340 4425 1548 4496 rogabo
1611 4427 1828 4483 Patrem
1886 4427 1956 4484 de

368 4509 544 4562 vobis.
582 4528 602 4561 ι

439 4599 627 4655 Potest
661 4602 904 4673 quidem,
939 4604 994 4659 in
1025 4613 1291 4676 quantum
1326 4605 1468 4662 Deus
1506 4616 1614 4670 est,
1650 4607 1818 4672 dare;
1852 4625 1950 4665 ve-

367 4707 487 4745 rum
535 4707 681 4758 cum,
733 4704 790 4748 ut
849 4696 1033 4761 homo,
1079 4705 1242 4751 antea
1285 4697 1684 4768 dispensatorie
1727 4700 1949 4770 dixerit,

368 4779 607 4852 Rogabo,
639 4784 814 4839 adhuc
840 4787 1012 4841 eidem
1041 4787 1295 4857 loquendi
1333 4789 1492 4844 modo
1518 4790 1741 4848 insistit.

442 4871 606 4928 Vens.
639 4877 730 4931 28.
775 4895 793 4929 ι
827 4876 984 4931 Exivi
1015 4893 1045 4932 a
1075 4875 1262 4946 Patre,
1297 4888 1352 4935 et
1378 4882 1499 4936 veni
1553 4883 1604 4938 in
1655 4885 1954 4942 mundum:

369 4965 569 5020 iterum
600 4969 849 5038 relinquo
877 4969 1159 5039 mundum,
1193 4981 1250 5028 et
1281 4972 1417 5028 vado
1447 4974 1512 5029 ad
1549 4973 1788 5032 Patrem.
1825 4997 1843 5030 ι

437 5139 618 5207 Exivi,
665 5144 866 5213 inquit,
915 5163 978 5203 ex
1011 5150 1314 5206 substantia
1356 5149 1560 5218 Patris,
1601 5155 1828 5212 minime
1864 5170 1957 5214 se-

369 5245 596 5302 paratus
648 5253 678 5291 a
732 5237 915 5307 Patre,
969 5250 1025 5297 et
1057 5242 1109 5297 in
1156 5244 1377 5314 propria
1426 5261 1546 5302 mea
1594 5248 1952 5306 subsistentia

373 5329 660 5384 continens
703 5329 756 5383 in
794 5347 880 5388 me
907 5331 1146 5391 Patrem.
1194 5333 1382 5407 Neque
1423 5351 1578 5407 vero,
1625 5341 1845 5410 quando
1869 5339 1953 5396 fa-

371 5427 492 5475 ctus
526 5429 612 5476 est
650 5420 836 5492 homo,
868 5425 1024 5494 quasi
1069 5425 1287 5482 Patrem
1324 5428 1675 5497 deseruisset,
1713 5431 1768 5487 in
1809 5432 1957 5490 hunc

2133 4061 2232 4116 Διά
2271 4061 2372 4132 τὴν
2416 4061 2743 4134 ’ῗγτιιότηται³
2777 4060 2960 4114 αὐτῶν
2999 4055 3452 4128 ἐπεσκιασμένως
3490 4056 3660 4111 λαλεῖ.

2064 4150 2374 4222 Παροιμίαν
2394 4151 2452 4204 δὲ
2475 4151 2625 4221 λέγει
2653 4151 2747 4206 τὸν
2773 4149 2961 4220 ἀσαφῆ
2996 4148 3156 4218 λόγον
3185 4147 3281 4202 καὶ
3310 4147 3663 4218 ἐγκεκαλυμ-

2112 4239 2229 4294 ένον
2246 4249 2296 4294 τι.

2201 4256 2229 4291 ν
2246 4256 2296 4294 τι.

2068 4256 2303 4385 μεΪοἸὲἷν
2351 4331 2537 4406 ἐκείνῃ
2572 4333 2638 4403 τῇ
2677 4330 2864 4403 ἡμέρᾳ
2894 4331 2953 4384 ἐν
2980 4327 3063 4402 τῷ
3089 4327 3319 4400 ὀνόματί
3369 4346 3472 4398 μου
3495 4327 3661 4399 αἰτή-

2070 4423 2249 4477 σεσθε·
2301 4425 2397 4479 καὶ
2444 4423 2507 4478 οὐ
2555 4423 2703 4493 λέγω
2749 4424 2879 4494 ὑμῖν
2932 4424 3016 4478 ὅτι
3069 4421 3182 4493 ἐγὼ
3237 4422 3502 4494 ἐρωτήσω
3565 4425 3660 4474 τὸν

1992 4511 2036 4566 ι)
2063 4517 2280 4590 Πατέρα
2312 4516 2656 4590 περὶ-ὐμῶν.
2699 4535 2722 4572 ›

2130 4610 2366 4664 Δύναται
2393 4610 2491 4681 μὲν
2519 4609 2594 4674 ὡς
2626 4610 2760 4675 Θεὸς
2795 4609 3020 4675 δοῦναι,
3043 4611 3186 4682 πλὴν
3217 4609 3293 4673 ὡς
3338 4609 3446 4681 ήδη
3482 4605 3654 4662 εἰπὼν

2055 4701 2138 4768 τὸΓ
2164 4699 2353 4770 Αίτῶ,
2393 4701 2754 4774 οἰκονομικῶς
2803 4702 2881 4768 ὡς
2934 4701 3224 4776 ἄνθρωπος
3277 4702 3524 4774 ἐνέμεινε
3575 4700 3654 4773 τῷ

2061 4793 2226 4849 λόγω.

2093 4793 2455 4956 όῖῳ’λῐξῆλθον
2490 4884 2642 4956 παρά
2669 4883 2763 4939 τοῦ
2790 4883 3029 4956 Πατρὸς,
3056 4885 3152 4940 καὶ
3183 4883 3419 4958 ἐλήλυθα
3448 4883 3529 4944 είς
3559 4881 3652 4934 τὶν

2060 4975 2294 5046 κόσμοψ
2343 4977 2510 5030 πάλιν
2544 4977 2750 5049 ἀφίημι
2777 4977 2886 5048 ξτὺν
2923 4977 3164 5050 κόσμον,
3213 4977 3308 5031 καὶ
3347 4973 3654 5046 πορεύομαι

2060 5068 2195 5140 πρὸς
2230 5068 2320 5123 τὸν
2354 5069 2596 5141 Πατέρα.
2637 5089 2656 5122 ι

2143 5160 2239 5214 Ἐκ
2264 5161 2360 5231 τῆς
2383 5162 2593 5226 οὐσίας,
2625 5161 2814 5232 φησὶν,
2841 5160 3068 5231 ἐξῆλθον
3087 5161 3183 5214 τοῦ
3212 5161 3450 5234 Πατρὸς,
3476 5159 3654 5213 ἀδιαι-

2061 5252 2231 5325 ρέτως
2263 5252 2339 5308 ὢν
2368 5257 2428 5308 ἐν
2463 5255 2660 5326 Πατρὶ,
2693 5255 2784 5309 καὶ
2812 5254 3201 5318 ίδιοσυστάτως
3230 5254 3371 5324 ἔχων
3393 5251 3452 5306 έν
3482 5252 3657 5321 ἐμαυ-

2056 5343 2135 5416 τῷ
2172 5345 2266 5399 τὸν
2303 5347 2550 5419 Πατέρα.
2589 5345 2750 5412 Οὔτε,
2789 5347 2886 5401 ὅτε
2931 5346 3155 5416 γέγονεν
3197 5344 3524 5416 ἄνθρωπος,
3575 5341 3654 5405 ὡς

2064 5435 2414 5508 ἀπολειφθεὶς
2439 5436 2535 5492 τοῦ
2566 5437 2779 5511 Πατρὸς
2800 5477 2816 5503 ,
2842 5435 3159 5510 ἐληλυθέναι
3198 5434 3417 5505 λέγεται
3453 5433 3534 5496 εἰς
3562 5432 3654 5486 τὸν

491 5573 868 5667 σοφύἐρωτᾷ.
904 5651 918 5667 ⁸
945 5582 989 5606 ”
1021 5581 1343 5667 Cod._B£dl.
1376 5584 1545 5667 συνῆν
1570 5585 1778 5667 αὐτοῖς.
1852 5589 1911 5610 '“
1939 5589 1957 5646 1

2068 5589 2247 5649 .Bodl.
2279 5594 2587 5667 προστῆναι
2611 5594 2790 5667 ὑμῶν.
2869 5594 2955 5618 ⁶“⁹
2989 5593 3126 5651 Cod.
3155 5592 3309 5650 Bold.
3339 5587 3654 5663 παραδέξα·

373 5645 490 5701 σθε.
564 5657 592 5698 ι’
629 5645 722 5704 01⁵.
755 5645 1082 5724 νηπιότητα.
1159 5663 1190 5704 ιι
1211 5653 1305 5709 Cr.
1335 5645 1775 5725 κεκαλυμμένον.

443 5789 566 5876 (
595 5791 841 5876 ﬂent-.7
871 5794 1047 5851 Θεοῦ.
1081 5794 1206 5854 llaec
1237 5795 1373 5852 Cod.
1407 5796 1558 5853 Bodl.
1599 5799 1885 5871 Chrysost.
1923 5797 2014 5857 dat
2053 5811 2108 5859 et
2150 5802 2350 5875 reipsa,
2379 5803 2565 5876 paucis
2614 5805 2836 5862 mutatis
2888 5801 3233 5874 reperiuntur
3272 5799 3417 5872 apud
3449 5796 3652 5869 Chrys.

372 5861 442 5914 cf.
479 5871 516 5916 t.
546 5861 681 5948 \l‘ll,
721 5863 840 5921 ικδ.
