4064 6406
470 484 600 550 1501

1519 489 1990 554 FRAGMENTA
2026 489 2110 552 IN
2152 491 2212 556 S.
2251 495 2630 561 JOANNEM.

3604 491 3740 552 1302

467 597 704 668 κόσμον·
761 591 884 647 οὔτε
954 595 1045 649 ὅτε
1097 595 1377 668 ἀνελήφθη
1438 599 1577 670 μετά
1634 601 1735 671 τῆς
1811 600 2053 672 σαρκὸς,

2166 611 2422 664 mundum
2452 609 2666 664 venisse
2691 605 2894 662 dicitur
2928 623 2942 660 :
2971 619 3148 674 neque
3178 605 3395 673 quando
3425 617 3546 657 cum
3571 615 3738 655 carne

467 685 768 757 ἀπελείφθη
809 684 904 739 τοῦ
940 686 1177 757 κόσμου’
1229 687 1362 752 Θεὸς
1397 687 1507 760 γάρ
1556 691 1674 744 ἐστι
1709 689 1936 760 πληρῶν
1977 691 2050 746 τὰ

471 778 671 832 πάντα.
1304 799 1317 809 -

541 890 562 923 ι
612 870 741 924 Ἰδοὺ
774 870 992 943 ἔρχεται
1025 870 1162 943 ῶρα.
1197 871 1290 924 καὶ
1323 870 1418 926 νῦν
1450 871 1732 944 ἐλήλυθεν,
1766 873 1851 925 ῐνα
1883 890 2048 945 σκορ-

468 961 701 1031 πισθῆτε
732 962 963 1027 ἕκαστος
997 967 1077 1027 είς
1114 964 1180 1018 τὰ
1222 965 1349 1029 ἴδια,
1379 967 1474 1018 καὶ
1513 965 1613 1035 ἐμὲ
1649 966 1809 1035 μόνον
1848 966 2047 1036 ἀφῆτε·

470 1055 564 1110 καὶ
595 1056 698 1108 οὐκ
735 1057 850 1126 είμὶ
879 1057 1074 1126 μόνος,
1109 1056 1193 1110 ὅτι
1235 1058 1264 1110 ό
1295 1055 1485 1128 Πατὴρ
1524 1056 1644 1126 μετ’
1674 1056 1810 1129 ἐμοῦ
1849 1059 1986 1112 ἔστι.
2024 1075 2046 1110 ι

540 1231 649 1295 Τὸ,
701 1230 833 1300 ἄρτι
897 1233 1214 1288 πιστεύετε
1264 1231 1516 1305 [αλιι]
1559 1231 2052 1305 ἀνθρωπινώτερον

469 1321 626 1375 τοῦτο
651 1323 819 1391 λέγει.
847 1322 988 1378 Καθ’
1008 1325 1036 1377 ὃ
1064 1335 1086 1364 τ
1117 1327 1223 1396 γὰρ
1249 1325 1380 1387 Θεὸς
1405 1325 1639 1395 ὑπάρχει
1665 1333 1710 1385 ⁸-
1740 1326 1797 1378 ἒν
1828 1324 1906 1396 τῷ
1933 1324 2054 1396 θεῷ

473 1417 568 1470 καὶ
597 1417 772 1487 Πατρί
803 1419 918 1472 ἐστι
952 1419 970 1454 ί
1003 1418 1249 1488 φυσικῶς
1281 1418 1375 1471 καὶ
1405 1418 1778 1480 ἀδιαστάτωςο
1807 1416 1896 1472 διά
1925 1434 2054 1488 συγ-

472 1510 775 1564 κατάϐασιν
828 1507 948 1564 εἷπε
996 1512 1189 1577 τοῦτο,
1241 1511 1432 1582 ἐπειδὴ
1482 1512 1533 1565 οἱ
1583 1510 1825 1581 μαθηταὶ
1863 1510 2056 1582 ήθελον

473 1602 696 1656 ἀκούειν
720 1604 906 1659 τοῦτο.

545 1695 658 1768 Οὐχ
706 1697 794 1750 ὅτε
839 1698 1236 1768 παραδίδομαι,
1286 1698 1422 1753 ἀλλά
1473 1698 1614 1769 μετὰ
1659 1696 1834 1752 ταῦτα
1875 1681 2056 1767 θλίψιν

474 1787 647 1855 ἕξετε.
702 1788 867 1842 Ἀλλά
910 1790 1228 1860 διανάστητε
1283 1791 1362 1859 τῷ
1410 1789 1687 1860 λογισμῷυ
1739 1789 1892 1843 οὐδὲν
1945 1789 2055 1859 γάρ

475 1879 731 1933 πείσεσθε
767 1881 938 1934 δεινόν
963 1897 976 1910 ·
1011 1881 1106 1936 τοῦ
1137 1881 1460 1936 διδασκάλου
1490 1881 1918 1954 περιγενομένου
1946 1880 2056 1935 τῶν

479 1972 710 2044 ἐχθρῶν,
740 1973 802 2025 οὐ
828 1973 934 2044 χρὴ
960 1976 1086 2035 τοὺς
1118 1973 1368 2045 μαθητάς
1397 1972 1602 2027 ἀλύειν.

555 2084 574 2117 ι
608 2064 796 2119 Ταῦτα
813 2065 1087 2134 λελάληκα
1111 2065 1264 2135 ὑμῖν,
1290 2064 1377 2117 ἵνα
1401 2065 1459 2117 ὲν
1479 2063 1602 2134 ἐμοὶ
1624 2061 1851 2134 εἰρήνην
1870 2060 2052 2131 ἔχητε.

491 2157 578 2210 Ἐν
599 2156 678 2227 τῷ
703 2156 894 2228 κόσμῳ
923 2155 1102 2227 θλίψιν
1135 2155 1309 2222 ἕξετε·
1344 2155 1482 2210 ἀλλὰ
1506 2154 1760 2227 θαρσεῖτε
1779 2191 1797 2221 ,
1823 2141 1941 2222 ἐγὼ
1967 2168 2057 2206 νε-

478 2249 678 2321 νίκηκα
706 2249 797 2302 τὸν
827 2249 1051 2319 κόσμον.
1080 2267 1101 2301 ι
1924 2277 1926 2279 >

549 2338 831 2410 Κρείττων
861 2341 955 2392 καὶ
976 2337 1348 2410 δυνατώτερος
1376 2335 1534 2408 ὤφθη
1559 2337 1587 2390 6
1614 2333 1852 2407 Χριστὸς
1876 2333 2058 2404 πάσης

477 2431 748 2501 κοσμικῆς
776 2430 1072 2502 ἁμαρτίας,
1104 2434 1200 2485 καὶ
1239 2431 1425 2484 δίδωσι
1457 2431 1554 2482 καὶ
1593 2430 1712 2493 τοῖς
1744 2429 1960 2490 πιστοῖς
1995 2425 2059 2478 τδ

479 2525 655 2594 νικᾷν.
682 2522 813 2577 Ὅτε
847 2519 941 2578 οὖν
978 2525 1006 2578 ό
1027 2534 1056 2562 α
1079 2523 1317 2595 Χριστὸς
1359 2521 1419 2586 ἐξ
1448 2523 1481 2592 ή
1491 2521 1608 2592 μῶν
1638 2517 1899 2589 γεγονὼς,
1937 2515 2059 2570 καθ’

479 2614 510 2670 6
538 2623 562 2648 '
603 2613 913 2688 ἄνθρωπος,
953 2616 1221 2688 κρείττων
1244 2628 1273 2657 ι
1302 2614 1479 2684 ἐφάνη
1521 2613 1754 2668 θανάτου
1791 2611 1887 2665 κα¹ι
1923 2607 2058 2678 φθο-

482 2708 602 2775 ρᾶς,
638 2708 734 2760 καὶ
768 2709 849 2770 είς
895 2707 1043 2778 ἡμᾶς
1085 2709 1120 2778 ή
1167 2707 1327 2778 χάρις
1379 2705 1675 2760 διαϐαίνειο
1707 2703 1802 2758 καὶ
1834 2701 2007 2765 οὕτως
2030 2707 2059 2750 7

477 2798 770 2868 ὀφείλομεν
814 2798 1056 2871 θαρρεῖν,
1093 2799 1175 2852 ὃτι
1210 2797 1550 2868 νικησόμεθα
1571 2806 1619 2862 ι,
1642 2795 1830 2866 ἐπειδὴ
1857 2794 1934 2858 ὡς
1967 2793 2062 2848 άν-

481 2889 700 2962 θρωπος
732 2890 1008 2960 νενίκηκε,
1041 2890 1135 2943 καὶ
1173 2891 1336 2960 ἡμεῖς
1378 2888 1644 2960 δοκοῦμεν
1683 2889 1743 2941 ὲν
1781 2887 1932 2957 αὐτῷ
1971 2902 2063 2939 νε-

481 2981 788 3054 νικηκέναι.
817 2982 880 3036 Εί
903 2982 1011 3053 γάρ
1036 2982 1112 3045 ὡς
1132 2981 1262 3045 Θεὸς,
1288 2981 1534 3051 ἐνίκησε,
1559 2981 1696 3052 πρὸς
1714 2981 1864 3052 ἡμᾶς
1885 2978 2062 3035 οὐδέν.

1077 3074 1328 3128 ΚΕΦΑΛ.
1372 3074 1472 3128 1Ζ¹.

558 3183 579 3216 ι
617 3163 806 3218 Ταῦτα
852 3163 1116 3233 ἐλάλησεν
1167 3166 1196 3218 6
1254 3163 1492 3236 Ἰησοῦς·
1556 3164 1654 3218 καὶ
1705 3162 1880 3234 ἐπῆρε
1936 3162 2062 3225 τοὺς

2156 701 2421 766 ascendit,
2457 701 2720 755 mundum
2751 697 3072 768 dereliquit;
3110 698 3256 751 Deus
3305 696 3452 750 enim
3493 703 3606 759 est,
3645 695 3736 762 qui

2153 793 2338 862 implet
2368 794 2571 846 omnia.
3358 857 3370 868 ι

2219 884 2381 941 Vens.
2415 883 2504 938 52.
2551 901 2571 934 ι
2602 883 2741 938 Ecce
2767 879 2916 935 venit
2960 879 3117 946 hora,
3162 877 3273 946 iam
3317 878 3490 946 venit,
3541 886 3604 933 ιιι
3647 879 3736 933 di-

2153 976 2481 1047 Spergamini
2530 973 2904 1042 unusquisque
2949 973 3002 1026 in
3037 972 3280 1041 propria,
3322 980 3377 1024 et
3431 985 3517 1023 me
3561 969 3734 1024 solum

2154 1069 2476 1139 relinquatis
2516 1078 2616 1122 :et
2663 1081 2769 1122 non
2811 1081 2932 1120 sum
2987 1064 3178 1130 solus,
3231 1063 3359 1130 quia
3407 1060 3571 1116 Pater
3620 1076 3737 1115 me-

2154 1178 2276 1218 cum
2307 1172 2412 1216 est.
2447 1180 2465 1214 ι

2224 1253 2338 1310 Hoc
2382 1253 2536 1305 modo
2567 1249 2781 1304 creditis
2830 1248 3067 1304 humano
3115 1260 3269 1300 more
3298 1244 3452 1299 dicit.
3503 1241 3637 1297 Nam
3681 1242 3736 1296 in

2156 1355 2416 1416 quantum
2460 1343 2625 1407 Deus,
2674 1342 2727 1396 in
2764 1341 2874 1395 Deo
2903 1337 3065 1393 Patre
3097 1345 3278 1391 manet
3323 1334 3646 1390 naturaliter
3680 1341 3738 1386 et

2155 1445 2514 1492 constanter:
2559 1448 2682 1488 nam
2739 1434 2840 1487 hoc
2882 1432 3020 1486 dixit
3063 1431 3172 1485 illis
3227 1424 3736 1488 condescendendo,

2155 1528 2284 1598 quia
2312 1527 2568 1582 nimirum
2598 1523 2785 1580 audire
2811 1523 2941 1578 illud
2966 1521 3374 1577 desiderabant.

2229 1701 2349 1755 Non
2383 1709 2490 1753 tam
2515 1699 2731 1768 quando
2760 1695 2965 1758 trador,
2995 1707 3156 1764 quam
3183 1699 3368 1760 postea
3399 1683 3734 1756 aﬂligemini.

2160 1794 2268 1850 Sed
2325 1792 2600 1860 exsurgite
2648 1791 2868 1856 animo;
2915 1801 3037 1841 nam
3084 1782 3347 1850 magistro
3382 1779 3449 1835 ab
3503 1776 3738 1831 inimicls

2165 1891 2344 1952 capto,
2381 1881 2516 1936 nihil
2553 1879 2704 1934 vobis
2737 1878 2864 1933 mali
2908 1877 3022 1942 ﬂet,
3053 1881 3224 1946 quare
3258 1885 3367 1927 non
3409 1873 3624 1940 oportet
3655 1864 3740 1920 di-

2085 1951 2130 2007 Β
2165 1951 2404 2040 scipulos
2436 1973 2620 2027 animo
2651 1970 2958 2027 concidere.

2237 2064 2406 2120 Vens.
2442 2061 2532 2118 55.
2579 2080 2598 2114 ι
2631 2060 2757 2115 Haec
2801 2059 3011 2113 locutus
3065 2069 3185 2110 sum
3239 2050 3414 2117 vobis,
3460 2055 3521 2103 ut
3567 2047 3620 2101 in
3653 2059 3741 2100 me

2159 2171 2346 2229 pacem
2401 2155 2669 2210 habeatis.
2723 2151 2779 2206 In
2833 2147 3036 2205 mundo
3079 2147 3388 2216 pressu‘ratn
3421 2138 3736 2196 habebitis:

2161 2250 2255 2303 sed
2283 2245 2563 2310 conﬁdite,
2594 2257 2696 2314 ego
2722 2241 2828 2296 vici
2855 2240 3134 2294 mundum.
3165 2252 3186 2288 ι

2238 2340 2487 2395 Christus
2515 2337 2766 2407 superior
2792 2349 2855 2388 ac
2877 2331 3070 2386 [crtior
3089 2326 3338 2399 apparuit
3363 2322 3528 2380 totius
3552 2319 3737 2375 mundi

2162 2439 2411 2502 peccato,
2457 2435 2513 2482 et
2559 2423 2808 2481 concedit
2838 2432 3056 2491 quoque
3098 2415 3345 2472 ﬁdelibus
3380 2413 3493 2469 suis
3521 2417 3582 2466 ut
3620 2409 3738 2462 vin-

2161 2533 2310 2580 cant.
2347 2521 2482 2577 Cum
2529 2519 2712 2587 itaque
2751 2515 3020 2576 Christus,
3065 2510 3118 2565 in
3162 2516 3421 2579 quantum
3456 2505 3642 2567 homo,
3671 2515 3738 2556 ex

2162 2615 2318 2672 nobis
2362 2619 2538 2676 natus,
2581 2619 2810 2664 mortem
2838 2615 2893 2661 et
2924 2603 3204 2658 interitum
3233 2595 3528 2667 superarit,
3573 2593 3739 2646 etiam

2163 2709 2218 2764 in
2258 2721 2356 2762 nos
2383 2707 2484 2760 ista
2516 2702 2694 2774 gratia
2721 2699 3033 2759 derivatur;
3077 2693 3308 2760 ideoque
3341 2685 3618 2743 conlidere
3646 2682 3744 2774 tle-

2164 2802 2358 2857 bemus
2417 2773 2537 2851 nos,
2573 2805 2790 2864 quoque
2852 2790 3136 2852 victuros,
3193 2777 3643 2864 quandoquidem,
3689 2773 3742 2827 in

2163 2901 2431 2962 quantum
2465 2862 2628 2943 homo
2656 2882 2869 2948 vicerit,
2916 2880 2971 2934 in
3008 2878 3126 2947 ipso
3167 2887 3268 2929 nos
3303 2882 3520 2941 quoque
3545 2862 3744 2962 vicisse

2163 2956 2470 3039 videamur.
2503 2977 2644 3032 Nam
2697 2975 2743 3032 si
2792 2981 2851 3027 ut
2885 2973 3027 3025 Deus
3055 2966 3303 3026 vicisset,
3329 2959 3464 3017 nihil
3510 2956 3578 3012 ad
3620 2969 3740 3010 nos.

2765 3060 2919 3120 CAP.
2954 3055 3120 3113 XVII.

2212 3163 2378 3218 Vsus.
2405 3165 2459 3216 l.
2493 3177 2512 3212 ι
2549 3157 2679 3214 Ιίωο
2720 3156 2931 3210 locutus
2987 3155 3074 3203 est
3119 3145 3300 3210 Jesus,
3346 3147 3401 3197 et
3449 3132 3746 3194 eublevatis

477 3256 791 3328 ὀφθαλμοὺς
831 3222 1098 3322 αὑτοῦ-είς
1129 3259 1220 3312 τὸν
1253 3222 1506 3331 οὐρανόν,
1533 3258 1629 3312 καλ⁵
1667 3222 1833 3312 sine:
1854 3222 2059 3326 Πάτερ,

2167 3259 2339 3314 oculis
2380 3257 2433 3310 in
2463 3252 2687 3316 caelum,
2717 3245 2852 3302 dixit
2885 3261 2901 3298 :
2928 3241 3110 3303 Pater,
3137 3234 3285 3290 venit
3308 3232 3466 3296 hora,
3505 3222 3744 3282 clariﬁca

479 3326 742 3421 ἐλήλυθεν
776 3353 809 3422 ή
857 3351 999 3422 ὥρα,
1045 3351 1270 3418 δόξασόν
1321 3326 1420 3406 σου
1460 3350 1552 3406 τὸν
1595 3350 1746 3415 Υίδν,
1795 3349 1885 3403 ἵνα
1911 3349 2006 3403 καὶ
2032 3349 2062 3402 6

2170 3351 2366 3405 Filium
2397 3355 2570 3408 tuum,
2611 3332 2671 3395 ut
2701 3339 2874 3396 Filius
2908 3346 3029 3388 tuus
3063 3326 3330 3385 clarilicet
3361 3333 3436 3378 te.
3475 3337 3499 3374 ι

481 3442 610 3504 Υἱός
637 3459 732 3494 σου
762 3441 964 3512 δοξάσῃ
993 3459 1076 3495 σε.
1127 3461 1148 3494 ι

551 3534 652 3587 Διά
705 3531 800 3586 τοῦ
855 3533 1134 3602 σχήματος
1173 3532 1274 3602 τῆς
1313 3530 1482 3602 εὐχῆς
1521 3530 1770 3585 παιδεύει
1814 3532 1966 3601 ἡμᾶς
2004 3532 2063 3584 ὲν

480 3627 594 3687 τοῖς
638 3626 968 3696 πειρασμοῖς
1015 3622 1277 3694 εῡχεσθαι
1302 3662 1318 3689 ,
1353 3623 1448 3676 καὶ
1474 3623 1553 3686 είς
1585 3623 1678 3677 τὸν
1714 3622 1850 3676 Θεὸν
1891 3639 2064 3676 κατα-

483 3716 726 3787 φεύγειν.

560 3826 580 3859 ι
614 3807 812 3871 Καθὼς
862 3806 1070 3870 ἔδωκας
1103 3805 1254 3876 αύτῷ
1303 3803 1556 3873 ἔξουσίαν
1602 3804 1786 3875 πάσης
1820 3803 2059 3872 σαρκὸς,

484 3899 570 3954 ἵνα
594 3902 725 3963 πᾶν,
749 3899 778 3952 6
799 3899 1006 3962 ἔδωκας
1027 3896 1200 3968 αὐτῷ,
1221 3895 1366 3969 δώσῃ
1387 3895 1594 3962 αὐτοῖς,
1619 3894 1766 3966 ζωὴν
1787 3895 2058 3949 αἰώνιον.»

556 3993 658 4045 Διά
687 3991 749 4045 τὸ
781 3990 857 4062 μὴ
887 3989 1346 4059 σκανδαλισθῑψαι
1390 3988 1516 4052 τοὺς
1561 3985 1861 4050 ἀκούοντας
1913 3985 2064 4039 olm-

484 4083 727 4156 νομικῶς
760 4100 960 4154 φησιν,
1002 4084 1073 4136 Ὃ
1103 4079 1368 4146 δέδωκάς
1399 4097 1524 4149 μοι.

563 4193 582 4228 ι
615 4174 768 4246 Αὕτη
787 4173 846 4228 δέ
877 4177 1026 4227 ἐστιν
1051 4174 1086 4244 ἡ
1108 4172 1323 4235 αίώνιος
1347 4170 1461 4241 ζωή
1478 4210 1494 4235 ,
1527 4169 1615 4224 ἴνα
1637 4167 1949 4239 γινώσκωσι
1978 4183 2062 4234 σε,

484 4265 577 4321 τὸν
609 4265 772 4336 μόνον
802 4264 1060 4336 ἀληθινὸν
1086 4262 1242 4333 Θεὸν,
1264 4265 1361 4319 καὶ
1389 4265 1452 4319 ὃν
1480 4261 1811 4325 ἀπέστειλας
1852 4258 2065 4330 Ἰησοῦν

487 4355 746 4428 Χριστόν.
786 4375 806 4407 ι

557 4443 899 4515 Σημειωτέον
927 4441 1045 4507 οὖν,
1086 4441 1169 4494 ὅτι
1199 4442 1234 4512 ἡ
1263 4439 1398 4511 ὀρθὴ
1428 4439 1612 4502 πίστις
1651 4439 1803 4492 ἐστὶν
1834 4439 1868 4509 ὴ
1895 4437 2064 4500 ὅντως

486 4534 632 4606 ζωὴ,
659 4537 694 4605 ή
726 4535 798 4588 τά
827 4534 936 4588 ἴδια
977 4531 1296 4604 δωρουμένη
1330 4530 1516 4599 ἀγαθά
1542 4533 1656 4594 τοῖς
1686 4528 2060 4582 πιστεύουσιν.

500 4621 863 4677 Ἀπεστάλθαι
920 4621 1067 4691 λέγει
1127 4621 1344 4686 ἑαυτὸν,
1400 4621 1501 4690 οὐχ
1557 4619 1634 4682 ὡς
1696 4619 1756 4686 ἐξ
1819 4618 2062 4688 ἀνάγκης

2173 4628 2233 4668 se
2265 4613 2489 4666 missum
2535 4621 2678 4671 esse,
2721 4617 2828 4656 non
2882 4615 2918 4668 q

488 4714 843 4786 ὑπουργήσας
890 4715 960 4783 τῇ
1009 4710 1106 4766 τοῦ
1150 4711 1366 4781 Πατρὺς
1414 4709 1697 4781 βουλήσει,
1753 4709 1830 4773 ὡς
1875 4709 1925 4762 οἱ
1968 4709 2068 4778 ἄγ-

487 4803 658 4870 γελοι,
686 4803 801 4857 ἀλλ’
829 4802 906 4866 ὡς
937 4801 1172 4871 δύναμις
1198 4799 1366 4856 αὐτοῦ
1395 4799 1494 4855 ῶν.

563 4914 582 4947 ι
619 4895 733 4949 Καὶ
760 4897 858 4949 νῦν
887 4892 1112 4961 δόξασόν
1135 4909 1203 4963 με
1229 4893 1315 4957 σὺ,
1345 4891 1550 4963 Πάτερ,
1578 4893 1731 4962 παρὰ
1747 4889 2064 4962 σεαυτῷ,τῇ

488 4985 614 5058 δόξῃ
700 4979 869 5057 εἶχον,
913 4984 1022 5056 πρὸ
1059 4983 1154 5038 τοῦ
1179 4983 1271 5038 τὸν
1301 4983 1507 5054 κόσμον
1530 4978 1693 5050 εἴναι,
1718 4981 1869 5054 παρά
1899 4982 2003 5037 σοί.
2040 5000 2062 5036 ι

573 5164 663 5218 Ἐν
699 5163 852 5232 τάξει
887 5161 1198 5235 προσευχῆς
1235 5162 1598 5234 οἰκονομικῶς
1649 5162 1800 5232 λέγει
1822 5162 1982 5218 τοῦτο
2007 5175 2059 5231 ι,

488 5257 776 5324 τουτέστι,
807 5255 990 5322 Δεῖξόν
1038 5271 1108 5328 με
1153 5254 1240 5320 τίς
1282 5257 1402 5326 ειμι
1443 5257 1558 5319 τοῖς
1602 5255 1932 5326 ἀνθρώποις,
1975 5256 2066 5308 ἴνα

493 5349 572 5423 μὴ
602 5349 691 5404 διὰ
734 5348 829 5403 τοῦ
873 5347 1083 5412 πάθους
1129 5345 1230 5417 τῆς
1281 5346 1427 5418 ἒμῆς
1468 5348 1673 5418 σαρκὸς
1731 5346 1988 5418 μείνωσιν
2014 5347 2066 5401 oi

491 5443 795 5516 ἂνθρωποι,
833 5443 1002 5516 μηδὲν
1030 5441 1182 5509 ἄξιον
1212 5441 1388 5512 Λόγου
1414 5441 1443 5482 b
1468 5440 1833 5513 λογιζόμενοι.

566 5642 588 5678 ι
609 5625 720 5680 Καὶ
748 5623 817 5681 τά
850 5623 960 5696 ἐμά
990 5623 1170 5679 πάντα
1206 5622 1278 5678 σά
1299 5622 1550 5691 ὲστι,καὶ
1573 5621 1644 5676 τά
1691 5621 1760 5677 σὰ
1801 5619 1941 5690 ἐμά’
1973 5617 2069 5673 καὶ

491 5715 816 5787 δεδόξασμαι
838 5717 898 5770 ὲν
924 5715 1130 5781 αὐτοῖς.
1173 5734 1193 5769 ι

2239 3528 2342 3582 Per
2371 3528 2510 3581 hanc
2547 3520 2735 3577 orandi
2779 3515 3078 3570 formulam
3114 3512 3270 3566 docet
3302 3517 3402 3560 nos
3455 3499 3512 3554 in
3565 3500 3742 3549 tenta-

2172 3618 2410 3684 tionibus
2432 3626 2612 3677 orare,
2647 3621 2704 3664 et
2728 3609 2794 3662 ad
2825 3607 2992 3661 Deum
3026 3600 3342 3670 confugere.

2243 3790 2410 3846 Vens.
2437 3786 2493 3842 2.
2541 3803 2560 3837 ι
2595 3783 2747 3838 Sicut
2779 3776 2972 3834 dedisti
3000 3774 3048 3830 ei
3072 3775 3395 3841 potestatem
3421 3756 3600 3817 omnis
3623 3767 3752 3808 car-

2170 3881 2274 3940 nis.
2297 3891 2354 3934 ut
2374 3892 2536 3934 omne
2557 3873 2698 3944 quod
2717 3871 2912 3926 dedisti
2939 3868 3013 3930 ei,
3033 3866 3124 3920 det
3146 3862 3225 3915 eis
3241 3857 3402 3912 vitam
3421 3860 3697 3944 aeternam.
3715 3858 3750 3899 οε

2231 3939 2309 4029 Ne
2334 3939 2833 4025 scandaliaarentur
2855 3959 3158 4019 audientes,
3173 3964 3266 4022 per
3289 3939 3750 4013 dispensationem

2171 4066 2331 4128 dixit,
2366 4060 2519 4128 Quod
2551 4057 2745 4113 dedisti
2776 4053 2930 4107 mihi.

2225 4158 2388 4212 Vens.
2419 4154 2474 4212 5.
2509 4171 2528 4204 ι
2561 4149 2686 4204 llaec
2709 4156 2794 4204 est
2819 4153 3001 4198 autem
3025 4137 3133 4191 vita
3157 4143 3360 4189 aeterna
3390 4145 3405 4184 :
3441 4135 3505 4180 ut
3545 4129 3745 4218 co-gno:

2169 4256 2327 4305 scant
2370 4209 2446 4311 te,
2483 4241 2658 4298 solum
2717 4237 2884 4292 Deum
2961 4242 3182 4292 verum,
3222 4232 3281 4280 et
3336 4230 3498 4292 quem
3553 4209 3748 4267 misisti

2169 4340 2352 4398 Jesum
2372 4333 2671 4392 Christum.
2703 4347 2724 4382 ι
3700 4383 3713 4396 .

2231 4425 2597 4484 Proﬁtendum
2620 4423 2825 4489 itaque,
2847 4420 3050 4470 rectam
3083 4407 3262 4470 iidem,
3304 4408 3493 4489 veram
3514 4400 3747 4489 essevr—

2172 4532 2305 4586 tam,
2335 4533 2456 4588 quae
2476 4530 2605 4571 vera
2627 4485 2766 4568 bona
2790 4503 3138 4565 credentibus
3161 4495 3337 4552 allert.
3377 4487 3520 4588 Ilicit
3566 4485 3746 4588 autem

2921 4595 3034 4652 nasi
3088 4607 3158 4646 ex
3206 4581 3531 4642 necessitate
3567 4570 3749 4625 Patris

2170 4701 2477 4759 subserviat
2504 4659 2792 4759 voluntati,
2816 4659 3271 4762 quemadmodum
3314 4667 3514 4740 angeli,
3569 4659 3664 4718 sed
3689 4664 3747 4710 ut

2168 4803 2253 4852 est
2277 4795 2448 4847 virtus
2476 4788 2618 4859 ejus.

2566 4841 2633 4933 ίζί
2663 4891 2806 4932 nunc
2827 4868 3068 4930 clariﬂca
3104 4877 3211 4926 me,
3233 4868 3287 4914 ιιι
3304 4854 3491 4917 Pater,
3513 4841 3652 4916 apud
3682 4848 3753 4894 te-

2170 4977 2482 5045 metipsum,
2517 4970 2785 5034 claritate,
2807 4978 2971 5036 quam
2997 4955 3184 5023 habui,
3220 4951 3371 5022 prius
3406 4954 3570 5014 quam
3588 4948 3748 4992 mun-

2173 5072 2276 5126 dus
2299 5077 2462 5130 esset,
2488 5064 2629 5134 apud
2665 5071 2736 5116 te.
2772 5077 2792 5111 ι
3363 5133 3366 5134 γ
3621 5133 3634 5134 7
3657 5131 3672 5134 Α
3705 5115 3744 5134 _,

2232 5159 2421 5216 Utitur
2448 5128 2622 5212 lor-ma
2644 5147 2909 5210 orationis
2939 5158 3035 5217 per
3077 5133 3560 5211 dispensationem,
3614 5131 3683 5221 ae
3702 5128 3747 5168 SI

2171 5253 2350 5310 dicat:
2383 5249 2622 5307 Ostende
2649 5259 2738 5300 me
2783 5239 3116 5301 hominibus,
3148 5240 3207 5286 ut
3247 5225 3550 5293 intelligant
3594 5223 3745 5283 qutsc

2174 5359 2300 5401 nam
2337 5342 2461 5408 sim,
2499 5354 2567 5396 ne
2614 5345 2837 5409 propter
2864 5331 3044 5387 carnis
3082 5337 3216 5381 mea
3246 5319 3550 5409 passionem
3582 5319 3746 5408 scan-

2170 5406 2476 5486 dalizentur
2503 5406 2778 5492 homines,
2813 5420 2947 5478 nihil
2976 5417 3158 5475 Verbo
3209 5409 3307 5466 Dei
3353 5406 3572 5476 dignum
3594 5406 3743 5464 cogi-

2167 5529 2364 5580 tantes.

2227 5617 2394 5671 Vens.
2423 5612 2515 5668 10.
2545 5630 2564 5664 ι
2603 5610 2668 5666 Ει
2698 5623 2820 5664 mea
2843 5604 3023 5664 omnia
3077 5612 3166 5657 tua
3199 5607 3348 5661 sunt,
3393 5599 3448 5649 et
3483 5605 3570 5647 tua
3627 5595 3744 5639 mea

2169 5719 2332 5766 sunt:
2367 5714 2424 5762 et
2449 5702 2785 5760 clarilicatus
2811 5712 2932 5755 sum
2963 5697 3017 5753 in
3048 5693 3152 5750 eis.
3189 5710 3211 5746 ι

568 5853 594 5932 ξ
618 5850 712 5933 Cr.
743 5846 911 5933 3:906;
979 5859 1002 5888 ³
1031 5848 1404 5933 (ξιξ-ὑπάρχω.
1430 5848 1494 5930 _l
1521 5846 1647 5933 Cr.L
1667 5843 1804 5933 εἶμί.
1880 5853 1907 5882 ιι
1933 5843 2034 5933 ΟΕ
2075 5843 2109 5915 ἢ
2165 5845 2247 5900 ὅτι
2309 5844 2336 5898 ό
2413 5848 2441 5881 ν
2467 5839 2560 5899 Cr.
2587 5834 2742 5893 καθό.
2825 5847 2851 5878 ι
2874 5832 2966 5891 Cr.
3027 5829 3291 5903 κρεῖττον.
3365 5831 3399 5878 1
3423 5819 3516 5878 Cr.
3545 5815 3745 5885 τούτῳ..

499 5930 520 5959 ι
552 5918 647 5976 Cr.
672 5915 972 5992 ληψόμεθα.
1049 5929 1068 5951 ⁸
1096 5919 1186 5976 Cr.
1217 5914 1338 5977 sine
1365 5917 1556 5975 τοῦτο.
1623 5918 1650 5959 b
1683 5917 1777 5971 Cr.
1819 5931 1931 5973 om.
1963 5914 2160 5986 Λόγου.
