4064 6400
338 437 478 506 1503

1473 441 1816 501 ΑΜΜΟΝΙΙ
1859 439 2395 503 ALEXANDRINI

3478 432 3616 501 1504

391 553 541 610 Nihil
590 561 676 610 est
729 553 931 620 Patris,
971 555 1116 624 quod
1165 569 1274 610 non
1329 554 1400 610 sit
1433 551 1579 619 Filii,
1625 563 1680 609 et
1712 563 1904 618 contra

2101 552 2266 605 οὐδέν
2306 553 2425 603 ἐστι
2473 548 2569 604 τοῦ
2610 549 2860 620 Πατρδς,
2887 548 2916 605 6
2947 551 3022 622 μή
3055 552 3170 604 ἐστι
3197 548 3292 604 τοῦ
3322 548 3487 617 Υίοῦ,
3521 551 3616 606 καὶ

394 733 626 803 Propter
655 747 832 788 meam
857 748 921 790 ac
966 741 1112 788 tuam
1170 733 1538 805 aequalitatem
1569 735 1921 806 gloriﬁcabor

330 840 561 891 semper.

383 917 547 973 Vens.
585 918 670 972 ll.
710 936 732 970 ‹
766 918 971 987 Etiam
998 936 1104 974 non
1144 935 1263 976 sum
1317 921 1370 975 in
1401 922 1624 986 mundo,
1671 930 1727 978 et
1778 923 1831 978 hi
1866 924 1916 979 in

332 1009 536 1060 mundo
592 1019 739 1073 sunt,
801 1021 853 1064 et
900 1027 1002 1081 ego
1057 1013 1121 1065 ad
1156 1022 1207 1066 te
1266 1013 1444 1066 venio.
1495 1013 1659 1069 Pater
1701 1025 1914 1079 sancte,

329 1113 486 1148 serva
520 1113 616 1152 eos
649 1100 698 1152 in
732 1102 948 1154 nomine
976 1111 1088 1166 tuo,
1127 1117 1266 1172 quos
1295 1101 1491 1157 dedisti
1526 1106 1693 1160 mihi:
1728 1117 1785 1160 ut
1811 1107 1919 1162 sint

331 1202 521 1248 unum,
552 1188 692 1240 sicut
722 1199 774 1241 ct
805 1205 918 1242 nos.
955 1208 973 1240 ι

399 1275 558 1330 Juxta
593 1280 879 1332 verborum
919 1282 1306 1349 proprietatem
1341 1283 1625 1354 Scriptura
1674 1286 1766 1341 hic
1797 1287 1913 1355 illa,

331 1384 454 1434 quae
488 1384 552 1421 ex
582 1380 774 1422 eventu
815 1373 1184 1441 contigerunt,
1213 1376 1367 1442 quasi
1392 1391 1615 1430 causam
1649 1379 1912 1448 assignat.

330 1457 629 1526 Oportebat
661 1476 790 1530 ergo
815 1460 844 1515 J
855 1463 1035 1523 udam,
1070 1479 1193 1518 cum
1231 1466 1332 1520 hoc
1355 1467 1670 1534 prazdictum
1702 1480 1906 1535 nosset,

328 1551 602 1606 Christum
642 1569 748 1605 non
786 1556 1035 1622 prodere.
1073 1556 1128 1610 Si
1163 1559 1284 1625 quis
1330 1569 1510 1612 autem
1557 1569 1724 1629 petat,
1772 1578 1914 1631 quo-

328 1642 488 1696 modo
517 1643 738 1699 Christo
773 1648 1113 1702 custodiente
1140 1649 1385 1717 perierit,
1444 1650 1732 1705 dicendum
1795 1670 1913 1708 ma-

326 1735 407 1788 los
439 1751 562 1789 eum
602 1753 709 1791 non
753 1740 1048 1804 custodire,
1093 1742 1185 1794 sed
1245 1757 1336 1796 eos
1371 1758 1467 1811 pro
1522 1745 1774 1800 libertate
1807 1761 1902 1801 sua

327 1827 471 1893 quod
499 1827 683 1882 volunt
717 1827 919 1885 facere.
955 1831 1163 1888 Prohos
1186 1842 1366 1890 autem
1393 1838 1631 1892 custodit
1665 1848 1720 1893 et
1751 1841 1911 1895 robo-

2024 643 2089 697 τὸ
2119 641 2410 696 ἀνάπαλιν.

2097 733 2196 786 Διὰ
2243 734 2346 802 τὴν
2397 730 2534 804 ἐμοῦ
2573 733 2670 788 καὶ
2701 730 2796 786 σοῦ
2834 732 3057 805 ἰσότητα
3086 733 3384 807 δοξάσομαι
3433 753 3614 808 παρα-

2023 825 2247 888 παντός.

2098 936 2117 968 ι
2168 917 2280 971 Καὶ
2317 918 2417 971 οὐκ
2452 919 2533 970 ἔτι
2582 918 2700 988 εἰμὶ
2722 921 2780 972 ὲν
2807 919 2886 990 τῷ
2915 919 3130 992 κόσμῳ,
3159 921 3255 976 καὶ
3277 914 3426 976 οὗτοι
3449 921 3508 976 ὲν
3535 921 3615 992 τῷ

2022 1011 2215 1080 κόσμῳ
2247 1010 2354 1063 εἰσὶ
2374 1050 2390 1073 ,
2419 1010 2514 1064 καὶ
2547 1009 2658 1078 ἐγὼ
2686 1010 2822 1081 πρὸς
2855 1012 2914 1064 σὲ
2945 1011 3198 1083 ἔρχομαι.
3238 1013 3424 1083 Πάτερ
3452 1012 3610 1081 ἂγιε,

2019 1103 2262 1174 τήρησον
2283 1103 2481 1166 αὐτοὺς
2502 1106 2561 1155 ὲν
2582 1103 2660 1173 τῷ
2688 1103 2914 1174 ὀνόματί
2939 1121 3055 1171 σου,
3077 1103 3171 1170 οὒς
3201 1104 3445 1169 δέδωκάς
3477 1121 3569 1176 μοι
3593 1123 3606 1137 '

2022 1195 2109 1249 ἶνα
2131 1189 2264 1248 ὦσιν
2295 1195 2371 1258 ἓν,
2405 1195 2587 1260 καθὼς
2619 1198 2800 1267 ἡμεῖς.
2839 1215 2858 1250 ›

2088 1287 2247 1340 Κατά
2273 1304 2326 1339 τι
2353 1287 2553 1358 ἰδίωμα
2580 1290 2612 1357 ἡ
2639 1289 2832 1358 Γραφὴ
2857 1288 2933 1352 ῶς
2963 1287 3300 1356 αἰτιολογίαν
3331 1287 3516 1359 τίθησι
3539 1289 3609 1342 τὰ

2018 1379 2084 1432 ὲκ
2111 1379 2213 1448 τῆς
2243 1379 2522 1443 ἐκϐάσεως
2547 1380 2941 1449 συμϐαίνοντα.
2979 1381 3129 1435 Ἔδει
3157 1377 3253 1434 οὖν
3272 1386 3363 1434 τὸν
3404 1382 3610 1437 Ἰούδαν

2023 1469 2267 1541 μαθόντα
2289 1471 2350 1523 τὸ
2396 1471 2886 1542 προδιαγορευθὲν,
2923 1471 2998 1544 μὴ
3037 1469 3332 1541 προδοῦναι
3356 1472 3451 1525 τὸν
3475 1474 3610 1543 Χρι-

2018 1563 2162 1615 στόν.
2201 1562 2260 1614 Et
2297 1560 2354 1614 δέ
2377 1579 2460 1624 τις
2490 1561 2633 1615 εῐποι
2661 1579 2675 1592 ·
2712 1564 2836 1626 [Ιῶς
2859 1563 3222 1631 φυλάσσοντος
3250 1561 3343 1616 τοῦ
3369 1563 3609 1634 Χριστοῦ

2018 1653 2299 1718 ἀπώλετο;
2346 1653 2588 1720 λεκτέον,
2626 1655 2712 1708 ὅτι
2757 1655 2820 1707 οὐ
2867 1655 2994 1718 τοὺς
3025 1654 3265 1723 φαύλους
3314 1656 3606 1725 φυλάσσει,

2017 1745 2132 1799 ἀλλ’
2161 1746 2190 1799 ὃ
2235 1745 2330 1799 ὲάν
2366 1745 2732 1811 αὐτεξουσίως
2769 1746 2970 1801 θέλωσι
3003 1746 3328 1815 πράττουσι.
3377 1747 3518 1812 Τοὺς
3550 1747 3607 1800 δὲ

2016 1840 2257 1908 ἀγαθοὺς
2305 1840 2569 1909 φυλάσσει
2615 1839 2714 1893 καὶ
2759 1839 3012 1909 δυναμοῖ,
3056 1838 3146 1892 διὰ
3186 1839 3248 1893 τὸ
3301 1840 3376 1910 μὴ
3415 1841 3607 1911 ἀρκεῖν

325 1925 436 1979 rat,
471 1919 598 1986 quia
633 1919 856 1976 libertas
888 1923 1219 1994 arbitriiper
1253 1939 1314 1980 se
1337 1941 1442 1981 non
1473 1927 1676 1985 suﬁicit
1704 1930 1904 1988 homini

2015 1903 2112 2004 την
2142 1903 2246 1988 τοῦθ
2267 1903 2556 2004 ἀνθρώπου
2589 1903 2911 2003 προαίρεσιν
2946 1930 3242 2000 φυλάσσειν
3273 1903 3460 1987 αὐτόνί

326 2009 705 2065 custodiendo.

388 2098 551 2156 Vens.
584 2103 672 2156 14.
702 2122 721 2155 ι
750 2103 862 2175 Ego
891 2105 1010 2160 dedi
1038 2106 1118 2162 eis
1138 2123 1442 2165 sermonem
1477 2119 1648 2178 tuum,
1680 2123 1736 2170 et
1756 2131 1914 2171 mun-

321 2192 422 2246 dus
451 2207 544 2247 eos
575 2195 699 2249 odio
724 2197 931 2263 habuit,
961 2201 1086 2268 quia
1113 2215 1218 2257 non
1246 2212 1374 2258 sunt
1409 2204 1477 2260 de
1508 2207 1732 2272 mundo,
1767 2210 1908 2264 sicut

321 2291 376 2335 et
396 2297 497 2352 ego
529 2299 631 2338 non
665 2301 783 2339 sum
809 2287 874 2339 de
897 2290 1117 2344 mundo.
1155 2311 1175 2344 ι

374 2375 600 2440 Quando
632 2379 785 2444 dicit,
817 2381 884 2433 de
912 2384 1109 2439 mundo
1140 2395 1284 2450 sunt,
1315 2394 1570 2443 naturam
1609 2390 1905 2462 intelligit;

320 2479 441 2519 cum
479 2482 608 2520 vero
634 2470 790 2532 dicit,
814 2488 918 2526 non
941 2485 1087 2538 stant,
1121 2491 1309 2532 eorum
1346 2481 1619 2545 signiﬁcat
1644 2484 1908 2540 innocen-

322 2558 475 2621 tiam,
507 2563 581 2613 uti
611 2571 666 2615 et
691 2563 804 2632 ipse
829 2575 968 2618 erat.
1015 2565 1287 2624 Particula
1333 2586 1462 2628 vero
1500 2575 1639 2628 sicut
1689 2591 1794 2631 non
1827 2586 1910 2632 est

318 2651 643 2705 omnimodzc
679 2656 955 2722 paritatis;
990 2661 1084 2714 sed
1125 2674 1188 2714 ac
1219 2663 1263 2716 si
1301 2663 1447 2718 dicat
1481 2682 1494 2717 :
1531 2663 1649 2720 Jam
1677 2667 1797 2721 coeli
1829 2668 1908 2723 ci-

318 2753 411 2793 ves
445 2740 568 2796 facti
597 2755 744 2807 sunt,
776 2757 831 2800 et
857 2749 986 2802 nihil
1005 2750 1206 2806 habent
1227 2768 1348 2807 cum
1377 2757 1578 2810 mundo
1598 2771 1904 2814 commune.

315 2830 505 2899 Magna
571 2835 840 2902 siquidem
905 2850 1220 2897 naturarum
1283 2845 1572 2902 diversitas
1624 2858 1761 2904 est:
1817 2849 1909 2906 ille

315 2921 514 2988 quippe
540 2933 729 2980 natura
767 2927 934 2994 Deus,
969 2932 1020 2984 hi
1055 2947 1184 2988 vero
1211 2935 1462 2992 homines
1491 2950 1671 2996 erant.

387 3011 546 3066 Vsus.
586 3015 676 3068 15.
713 3035 732 3069 ι
771 3018 885 3072 Non
922 3035 1051 3089 rogo
1075 3035 1133 3078 ut
1168 3026 1322 3082 tollas
1351 3043 1446 3084 eos
1473 3031 1540 3084 de
1571 3033 1792 3100 mundo,
1811 3036 1906 3091 sed

315 3108 371 3152 ut
401 3115 587 3156 serves
612 3119 706 3157 eos
733 3122 759 3158 a
793 3107 955 3165 malo.
997 3127 1018 3162 ι

2092 2137 2110 2170 ι
2159 2116 2302 2186 Ἐγὼ
2325 2118 2536 2173 δέδωκα
2567 2121 2751 2186 αὐτοῖς
2777 2120 2868 2176 τὸν
2895 2122 3052 2191 λόγον
3077 2139 3196 2187 σου,
3223 2120 3321 2175 καὶ
3345 2121 3374 2174 6
3398 2119 3603 2190 κόσμος

2014 2209 2280 2281 ἐμίσησεν
2315 2212 2537 2279 αὐτοὺς,
2569 2215 2771 2268 ὅτιούκ
2802 2215 2942 2267 εἰσιν
2981 2216 3048 2269 ὲκ
3072 2214 3166 2268 τοῦ
3200 2215 3433 2285 κόσμου,
3470 2211 3604 2266 καθ-

2011 2303 2086 2366 ὼς
2113 2304 2223 2368 ἐγὼ
2249 2304 2349 2358 οὐκ
2383 2306 2501 2376 εἰμὶ
2524 2307 2590 2360 ἐκ
2618 2306 2712 2359 τοῦ
2745 2306 2977 2376 κόσμου.
3023 2325 3043 2359 ι

2085 2393 2256 2448 Ὅταν
2285 2395 2444 2469 λέγῃ,
2483 2397 2553 2450 ἐκ
2595 2397 2702 2452 τοῦ
2727 2399 2962 2467 κόσμου
2987 2397 3108 2452 εισι
3129 2436 3144 2461 ,
3175 2395 3274 2468 τὴν
3312 2395 3475 2466 φύσιν
3513 2393 3601 2448 λέ-

2012 2492 2134 2555 γει·
2179 2487 2308 2541 ὅταν
2347 2489 2407 2541 δὲ
2452 2487 2611 2562 λέγῃ,
2647 2488 2738 2542 ὅτι
2777 2493 2891 2543 οὐκ
2936 2489 3080 2554 εἰσὶ,
3111 2487 3282 2542 διὰτὸ
3327 2488 3602 2558 ἀπόνηρον

2012 2580 2185 2649 λέγει,
2218 2581 2295 2644 ῶς
2325 2583 2420 2636 καὶ
2449 2583 2612 2646 αὐτὸς
2649 2578 2741 2654 ἦν.
2773 2583 2847 2636 Τὸ
2875 2583 2930 2636 δὲ
2961 2583 3158 2648 καθὼς
3189 2574 3292 2635 ὧδε
3324 2580 3426 2634 οὐκ
3453 2578 3602 2633 ἐστιν

2010 2673 2299 2744 ἀκριϐείας
2341 2675 2763 2747 ἀπαραλλάκτου
2785 2692 2800 2707 υ
2843 2675 2873 2729 6
2909 2675 2966 2729 δὲ
3007 2675 3191 2743 λέγει,
3222 2673 3384 2726 τοῦτό
3417 2677 3598 2725 ἐστιν·

2013 2765 2450 2836 Οὐρανοπολῖται
2491 2770 2778 2836 γεγόνασι,
2803 2769 2900 2822 καὶ
2928 2767 3084 2820 οὐδὲν
3117 2766 3298 2837 έχουσι
3330 2764 3468 2835 πρὸς
3500 2764 3601 2834 τὴν

2009 2857 2115 2928 γῆν
2157 2860 2354 2915 κοινόν.
2409 2860 2554 2914 Πολὺ
2587 2861 2697 2932 γὰρ
2745 2860 2808 2914 τὸ
2858 2861 2967 2914 τῶν
3014 2859 3228 2930 φύσεων
3256 2858 3547 2929 διάφορον·

1989 2945 2017 2998 6
2039 2947 2128 3015 μέν
2141 2952 2258 3005 ὲστι
2285 2951 2448 3021 φύσει
2473 2951 2604 3014 Θεὸς
2622 2991 2637 3017 ,
2670 2953 2721 3006 οἱ
2749 2952 2805 3005 δὲ
2836 2951 3139 3023 ἄνθρωποι.

2087 3061 2106 3095 ι
2143 3044 2258 3098 Οὐκ
2306 3044 2496 3115 ἐρωτῶ
2533 3045 2621 3098 ἴνα
2674 3045 2816 3117 ἄρῃς
2863 3045 3065 3106 αὐτοὺς
3125 3044 3190 3096 ὲκ
3239 3041 3334 3095 τοῦ
3369 3041 3598 3113 κόσμου,

2008 3135 2124 3188 ἀλλ’
2155 3136 2244 3188 ἶνα
2271 3139 2520 3207 τηρήσῃς
2546 3137 2743 3200 αὐτοὺς
2772 3138 2837 3190 ὲκ
2861 3139 2954 3192 τοῦ
2988 3136 3252 3208 πονηροῦ.
3292 3155 3311 3188 ι

369 3193 815 3264 Quandoquidem
845 3201 1093 3271 discipuli
1129 3204 1179 3259 in
1215 3205 1370 3264 {actis
1396 3211 1510 3266 suis
1550 3213 1718 3268 etiam
1741 3213 1904 3269 Chri-

2093 3193 2542 3296 ’Errst6h"6uo:ov
2588 3193 2825 3296 ἧμελλον
2876 3228 3052 3279 ποιεῖν
3111 3193 3162 3279 ἔξ
3219 3223 3489 3296 μαθηταὶ,
3537 3216 3600 3278 οὗ

315 3295 400 3338 sto
421 3288 628 3342 similes
657 3289 822 3345 futuri
858 3303 1034 3360 erant,
1067 3298 1142 3352 ait
1194 3315 1288 3357 eos
1320 3318 1459 3374 opus
1499 3306 1698 3360 habere
1728 3305 1902 3376 Spiri-

317 3386 401 3429 tus
424 3378 880 3447 sanctiﬁcatione,
917 3393 978 3438 ut
1027 3388 1214 3443 orbem
1241 3395 1447 3463 absque
1492 3395 1620 3450 mali
1667 3395 1899 3464 alicujus

316 3466 707 3534 impedimento
752 3488 1040 3542 peragrare
1067 3494 1306 3547 possent.

378 3557 544 3614 Vens.
576 3561 661 3615 l6.
703 3581 722 3613 ι
758 3564 821 3618 Ει
851 3583 946 3635 pro
982 3569 1063 3625 eis
1092 3588 1193 3642 ego
1229 3578 1514 3634 sanctiﬁco
1570 3580 1839 3649 meipsum
1878 3599 1896 3641 :

316 3662 374 3704 ut
403 3655 512 3706 sint
542 3664 596 3708 et
623 3656 718 3724 ipsi
744 3662 1068 3718 sanctiﬁcati
1103 3666 1156 3720 in
1188 3671 1436 3724 veritate.
1471 3689 1492 3722 ι

398 3745 680 3802 Sacriﬁcia
739 3754 928 3807 omnia
978 3769 1166 3812 sancta
1219 3771 1504 3826 vocantur,
1578 3774 1764 3834 utpote
1795 3766 1906 3824 Deo

315 3836 513 3891 oblata.
546 3839 658 3894 Hoc
699 3851 876 3898 autem
908 3846 962 3900 in
998 3852 1219 3905 veritate
1264 3853 1418 3914 dixit,
1454 3854 1578 3924 quia
1621 3858 1672 3912 in
1731 3860 1902 3931 ﬁgura

315 3939 434 3982 erat
465 3947 584 3998 quae
615 3948 711 4001 per
737 3951 893 3991 ovem
944 3939 1102 3994 ﬁehat
1155 3943 1540 4014 sanctiﬁcatio,
1601 3949 1683 4004 vel
1734 3954 1901 4008 etiam

313 4025 440 4089 quia
475 4025 572 4078 hos
617 4027 710 4080 tibi
743 4028 913 4084 oﬁ'ero
947 4031 997 4085 in
1023 4033 1350 4090 oblationem
1390 4056 1405 4106 ;
1441 4040 1524 4094 vel
1553 4044 1676 4110 quia
1712 4044 1816 4101 hoc
1846 4046 1900 4102 in

314 4115 507 4181 capitis
549 4119 922 4177 immolatione
977 4122 1184 4180 factum
1225 4137 1351 4193 est;
1406 4131 1489 4186 vel
1538 4135 1723 4203 etiam,
1773 4139 1900 4208 quia

314 4209 412 4274 ipsi
436 4212 749 4268 obtulerunt
804 4232 1036 4286 corpora
1067 4235 1161 4274 sua
1195 4221 1428 4277 hostiam
1457 4221 1728 4282 viventem
1767 4247 1784 4297 ;
1821 4232 1902 4286 vel

314 4301 568 4369 denique,
603 4305 729 4373 quia
787 4309 908 4361 sine
942 4318 1119 4364 morte
1175 4327 1386 4380 eorum,
1447 4315 1564 4384 ipse
1617 4319 1745 4374 fecit
1782 4320 1901 4376 illos

310 4391 668 4460 sacriﬁcium,
704 4411 802 4464 pro
835 4397 943 4451 illis
975 4402 1212 4458 Occisus.

367 4477 531 4535 Vens.
564 4483 657 4539 20.
703 4503 722 4535 ι
753 4485 867 4538 Νοη
901 4502 999 4554 pro
1029 4493 1109 4546 eis
1145 4501 1328 4548 autem
1373 4511 1504 4566 rogo
1545 4507 1776 4568 tantum,
1807 4504 1900 4558 sed

2008 3315 2268 3384 ἐποίησεν
2314 3317 2342 3370 6
2375 3318 2648 3387 Χριστὸς,
2681 3317 2888 3372 δεῖσθαι
2938 3319 3136 3382 αύτούς
3190 3336 3324 3389 φησι
3373 3316 3470 3370 τοῦ
3512 3316 3601 3370 διά

2008 3406 2325 3476 Πνεύματος
2372 3409 2682 3481 ἀγιασμοῦ,
2721 3411 2808 3464 ἵνα
2837 3410 3108 3478 δυνηθῶσι
3147 3411 3468 3481 διαδραμεῖν
3500 3409 3602 3480 τὴν

2005 3498 2358 3570 οἰκουμένην,
2386 3501 2460 3573 μὴ
2483 3503 2905 3574 ἐμποδιζόμενοι
2935 3503 3040 3556 ὑπὸ
3067 3503 3162 3556 τοῦ
3193 3503 3455 3573 πονηροῦ.

2085 3609 2104 3643 ι
2148 3595 2259 3646 Καὶ
2293 3594 2435 3666 ὑπὲρ
2465 3595 2648 3648 αὐτῶν
2677 3594 2789 3662 ἐγὼ
2840 3595 3054 3664 ἁγιάζω
3086 3595 3324 3666 ἐμαυτόν
3344 3613 3357 3626 ·
3391 3595 3481 3649 ἵνα
3505 3594 3601 3649 καὶ

2007 3684 2161 3738 αὐτοὶ
2187 3679 2321 3739 ὦσιν
2354 3687 2680 3756 ἡγιασμένοι
2717 3689 2776 3742 ὲν
2798 3688 3046 3760 ἀληθείᾳ.
3091 3707 3110 3742 ι

2077 3778 2145 3830 Al
2177 3777 2361 3831 θυσίαι
2415 3779 2589 3831 πᾶσαι
2634 3779 2789 3846 ἅγιαι
2818 3779 3130 3845 καλοῦνται,
3171 3779 3246 3845 ὡς
3271 3779 3392 3850 Θεῷ
3421 3797 3592 3852 προσ-

2007 3870 2295 3938 αγόμεναι.
2330 3869 2404 3922 Τὸ
2438 3869 2496 3923 δὲ
2521 3871 2592 3923 ἐν
2618 3871 2878 3941 ἀληθείᾳ
2903 3869 3076 3936 εἶπεν,
3109 3873 3190 3926 ὅτι
3213 3875 3270 3926 ἐν
3295 3873 3454 3942 τύπῳ
3476 3870 3542 3944 ἦν
3568 3873 3598 3925 6

2005 3961 2093 4015 διά
2113 3960 2215 4014 τοῦ
2253 3962 2527 4032 προϐάτου
2561 3964 2860 4034 ἀγιασμός⁶
2881 3965 3000 4035 ἦτοι
3025 3965 3088 4018 τὸ
3121 3965 3234 4017 Καὶ
3281 3965 3480 4028 αὐτούς
3515 3981 3599 4017 σοι

2005 4051 2302 4122 ἀνατίθημι
2335 4055 2688 4125 προσφοράν·
2736 4055 2769 4125 ἢ
2802 4055 2884 4120 τὸ,
2918 4056 3017 4126 τῆς
3054 4057 3300 4126 κεφαλῆς
3327 4056 3598 4126 θυομένης

2005 4143 2166 4198 τοῦτο
2191 4145 2403 4212 ἐγίνετο
2425 4163 2438 4177 ·
2474 4147 2534 4218 ἦ,
2563 4147 2645 4200 ὃτι
2672 4147 2767 4200 καὶ
2784 4147 2938 4202 αὐτοὶ⁵
2961 4149 3241 4218 παρίστων
3271 4148 3339 4202 τὰ
3371 4148 3598 4218 σώματα

2005 4237 2213 4289 ἑαυτῶν
2242 4237 2437 4292 θυσίαν
2471 4239 2654 4299 ζῶσαν
2678 4255 2691 4268 ’
2717 4239 2750 4310 ἢ
2777 4240 2893 4301 καὶ,
2928 4241 3011 4293 ὅτι
3042 4241 3214 4310 χωρὶς
3244 4240 3476 4294 θανάτου
3503 4241 3598 4294 θυ-

2007 4328 2129 4384 σίαν
2157 4331 2355 4395 αὐτοὺς
2384 4331 2581 4397 ἐποίει,
2614 4333 2756 4404 ὑπὲρ
2780 4332 2963 4386 αὐτῶν
2989 4332 3458 4405 σφαγιαζόμενος.

2080 4517 2100 4552 ι
2138 4501 2212 4554 Οὐ
2245 4503 2374 4572 περὶ
2403 4503 2610 4558 τούτων
2637 4506 2693 4559 δὲ
2727 4507 2920 4577 ὲρωτῶ
2953 4508 3134 4578 μόνον,
3167 4508 3305 4562 ἀλλά
3333 4510 3428 4562 καὶ
3460 4509 3588 4579 περὶ

309 4579 362 4625 et
388 4586 484 4638 pro
527 4575 606 4629 eis
656 4577 745 4645 qui
788 4579 1052 4637 credituri
1089 4595 1219 4639 sunt
1275 4602 1372 4656 per
1432 4590 1656 4646 verbum
1708 4609 1897 4650 eorum

2010 4590 2113 4646 τῶν
2137 4595 2507 4650 πιστευόντων
2537 4597 2625 4650 διὰ
2651 4575 3150 4669 τοῦλόγου-αὐτῶν
3178 4603 3256 4667 εἰς
3292 4603 3417 4672 ὲμέ.
3455 4621 3474 4654 ι

311 4663 364 4716 in
391 4681 492 4720 me.
526 4685 544 4718 ι

363 4755 481 4810 Non
513 4759 645 4814 solis
676 4760 978 4829 discipulis,
1009 4767 1104 4821 sed
1135 4776 1190 4823 et
1219 4770 1472 4825 omnibus
1519 4772 1768 4830 ﬁdelibus
1799 4792 1897 4845 po-

313 4848 474 4902 stulat
528 4851 777 4905 Christus
829 4853 1067 4921 Spiritus
1122 4861 1298 4914 sancti
1354 4864 1588 4934 gratiam
1648 4870 1898 4935 concedi,

311 4955 432 5008 qum
460 4943 715 4996 nimirum
758 4945 1031 5001 hominem
1058 4954 1124 5004 ad
1161 4953 1401 5008 divinam
1461 4957 1752 5025 imaginem
1812 4977 1900 5018 re-

312 5032 528 5088 format.
560 5035 652 5088 llla
684 5048 862 5090 autem
889 5041 1201 5110 conjunctio
1227 5063 1328 5100 non
1357 5048 1413 5101 ﬁt
1447 5055 1743 5109 secundum
1772 5057 1898 5111 sub-

310 5129 587 5188 stantiam,
616 5127 700 5179 vel
735 5129 1075 5198 hypostasin,
1105 5138 1196 5191 sed
1233 5152 1328 5206 per
1366 5139 1488 5193 ﬁdei
1515 5145 1892 5213 concordiam,

310 5229 416 5278 qua
443 5226 707 5269 noverunt
730 5217 909 5272 ﬁdeles
934 5221 1126 5278 Filium
1158 5227 1498 5298 beneplacito
1520 5229 1700 5291 Patris
1719 5235 1902 5292 incar-

311 5313 495 5358 uatum
528 5318 669 5360 esse.
715 5304 831 5363 Hoc
863 5312 1005 5367 enim
1029 5326 1115 5371 est
1137 5331 1263 5375 esse
1287 5321 1538 5378 missum.

370 5485 531 5580 Vens.
561 5487 653 5544 ‘22.
693 5511 713 5546 ‹
743 5493 810 5548 Ει
840 5510 938 5567 ego
967 5499 1294 5571 claritatem,
1327 5522 1489 5577 quam
1517 5509 1711 5566 dedisti
1742 5511 1896 5580 mihi,

311 5576 430 5630 dedi
457 5582 569 5636 eis:
601 5593 659 5637 ttt
683 5585 792 5641 sint
813 5605 999 5658 unum,
1027 5595 1169 5650 sicut
1195 5607 1248 5651 et
1302 5614 1400 5653 nos
1429 5617 1596 5655 tmuut
1623 5619 1831 5657 sumus.
1873 5623 1891 5656 ι

373 5670 688 5731 Claritatem
716 5681 845 5737 dicit
875 5700 994 5740 eam
1024 5702 1145 5756 qua:
1191 5704 1261 5744 ex
1293 5691 1484 5760 signis,
1521 5704 1576 5748 et
1609 5696 1896 5763 doctrinis,

312 5766 480 5829 atque
515 5767 817 5827 animorum
837 5779 1199 5833 consensione
1223 5781 1542 5837 exsistebat.
1574 5785 1690 5855 Ipse
1721 5798 1897 5844 autem

327 5866 451 5909 cum
483 5861 646 5915 etiam
682 5864 993 5936 largiretur,
1034 5883 1254 5942 pmpter
1301 5876 1578 5932 auditores
1621 5889 1796 5936 tamen
1843 5883 1893 5936 in

2073 4772 2149 4826 Ού
2177 4773 2365 4844 μόνοις
2405 4777 2518 4840 τοῖς
2552 4778 2844 4848 μαθηταῖς,
2886 4780 3023 4834 ἀλλὰ
3059 4783 3152 4836 καὶ
3177 4785 3314 4838 πᾶσι
3353 4786 3466 4848 τοῖς
3497 4803 3593 4839 πι-

2005 4868 2148 4930 στοῖς
2197 4868 2342 4921 αίτεῖ
2375 4870 2404 4922 6
2431 4870 2668 4941 Χριστὸς
2696 4871 2796 4943 τὴν
2822 4873 2912 4926 διὰ
2946 4873 3040 4927 τοῦ
3075 4877 3234 4944 ἁγίου
3270 4878 3592 4949 Πνεύματος

2001 4957 2222 5029 δοθῆναι
2263 4962 2445 5033 χάριν,
2472 4963 2572 5032 τὴν
2610 4965 2692 5027 είς
2733 4963 2884 5018 θείαν
2927 4967 3113 5020 είκόνα
3157 4969 3250 5021 τὸν
3298 4970 3589 5042 ἄνθρωπον

2002 5051 2450 5124 ἀναμορφοῦσαν.
2473 5054 2621 5127 Αὕτη
2649 5057 2705 5109 δὲ
2740 5060 2772 5128 ὴ
2799 5057 2994 5122 ἓνωσις
3023 5061 3085 5114 ού
3134 5065 3258 5118 κατ’
3287 5065 3476 5118 οὐσίαν
3506 5065 3591 5134 γί-

2002 5160 2187 5210 νεται,
2231 5145 2424 5215 ἥκαθ⁹
2468 5149 2790 5216 ὑπόστασιν,
2849 5152 2985 5207 ἀλλά
3034 5156 3176 5210 κατά
3213 5156 3312 5227 τὴν
3357 5157 3459 5228 τῆς
3502 5157 3593 5211 πί-

2004 5251 2174 5300 στεως
2204 5238 2547 5308 συμφωνίαν,
2589 5243 2712 5296 καθ’
2744 5244 2813 5314 ἢν
2858 5244 3105 5312 ἔγνωσαν
3136 5249 3185 5300 οἱ
3216 5251 3420 5312 πιστοὶ,
3452 5251 3533 5304 ὅτι
3564 5251 3592 5304 6

2002 5329 2132 5392 Υἱὸς
2174 5331 2395 5404 εὐδοκία
2433 5333 2648 5404 Πατρὸς
2691 5337 3005 5410 ἐσαρκώθη.
3035 5339 3206 5393 Τοῦτο
3238 5342 3346 5412 γάρ
3385 5343 3501 5395 ὲστι
3531 5341 3592 5395 τὸ

2002 5425 2403 5497 ἀποσταλῆναι.

2079 5535 2098 5568 ι
2138 5518 2248 5570 Καὶ
2298 5516 2410 5587 ἐγὼ
2444 5519 2543 5590 τὴν
2587 5521 2768 5587 δόξαν,
2824 5523 2890 5594 ἦν
2943 5523 3184 5590 δέδωκάς
3222 5545 3342 5595 μοι,
3381 5528 3590 5584 δέδωκα

2003 5609 2213 5676 αὐτοῖς,
2252 5611 2336 5664 ἵνα
2359 5606 2493 5666 ὦσιν
2519 5613 2597 5677 ἒν,
2627 5614 2811 5680 καθὼς
2841 5618 3000 5686 ἡμεῖς
3031 5617 3090 5670 ἒν
3120 5621 3308 5688 ἐσμεν.
3349 5639 3368 5673 ι

2073 5701 2242 5765 Δόξαν
2270 5702 2418 5772 λέγει
2453 5704 2552 5775 τὴν
2594 5704 2704 5758 τῶν
2739 5707 2985 5776 σημείων
3030 5710 3123 5762 καὶ
3164 5710 3450 5781 δογμάτων
3496 5714 3590 5766 καὶ

2001 5792 2328 5863 ὁμοψυχίας.
2361 5796 2532 5858 Αὐτὸς
2553 5795 2609 5849 δὲ
2637 5797 2714 5850 ῶν
2737 5800 2766 5851 ὁ
2789 5799 2986 5864 διδοὺς,
3012 5801 3102 5854 διά
3131 5803 3258 5866 τοὺς
3289 5803 3587 5869 ἀκούοντας

2015 5887 2409 5956 σχηματίςεται
2435 5889 2533 5961 τὴν
2565 5890 2800 5962 αἴτησιν,
2833 5894 2926 5948 καὶ
2951 5894 3024 5959 ὡς
3058 5894 3343 5966 ἄνθρωπος
3369 5897 3585 5968 λέγεται
