4064 6400
483 385 616 450 1505

1537 373 2002 436 FRAGMENTA
2038 373 2121 435 IN
2163 375 2224 436 S.
2265 375 2646 438 JOANNEM.

3621 370 3761 436 1506

478 495 778 568 λαμόάνειν
818 492 887 547 τὰ
937 491 1099 562 φύσει
1147 489 1422 564 προσόντα
1468 489 1642 560 αὐτῷ.
1689 488 1856 556 Λέγει
1883 486 2067 558 δὲτὴν

2200 505 2345 544 orma
2373 491 2638 546 orationis
2678 500 2855 562 rogat,
2890 498 2944 546 et
2971 490 3021 543 in
3062 496 3328 566 quantum
3360 485 3527 542 homo
3561 487 3759 543 dicitur

479 589 572 644 τοῦ
606 587 746 642 Πνεύ
755 603 925 658 ματος
953 586 1134 657 χάριν.

565 785 585 819 ι
619 765 833 835 Πάτερ,
881 760 973 824 οὓς
1003 757 1245 822 δέδωκάς
1284 775 1405 830 μοι,
1449 756 1621 822 θέλω,
1672 756 1758 813 ἵνα
1786 756 1920 810 ὅπου
1951 757 2067 828 εἰμὶ

484 859 614 927 ἐγὼ,
654 859 898 910 κάκεῖνοι
923 849 1024 908 ὦσι
1051 853 1168 924 μετ’
1205 853 1364 924 ἐμοῦ.
1407 871 1425 903 ι

552 947 628 1001 Δι’
659 941 734 1000 ὧν
766 945 912 1012 λέγει
943 943 1032 996 τὸν
1081 941 1352 995 δεδωκότα
1397 941 1492 992 καὶ
1523 938 1616 991 τὸν
1649 937 1888 992 λαϐόντα
1909 980 1925 1006 ,
1970 937 2068 1000 τὰς

485 1039 811 1100 ὑποστάσεις
839 1037 988 1106 δηλοῖ
1015 1035 1228 1106 Πατρὸς
1253 1034 1346 1088 καὶ
1380 1031 1532 1086 Υίοῦ.
1571 1032 1684 1085 Καὶ
1705 1031 1867 1085 πάλιν
1894 1029 2068 1084 εἰπὼν

483 1130 624 1186 εἶναι
671 1129 862 1184 ἐαυτὸν
895 1127 998 1198 πρὸ
1029 1128 1237 1196 κόσμου
1265 1163 1281 1190 ,
1324 1124 1535 1195 ἐλέγχει
1577 1125 1703 1186 τοὺς
1735 1124 2067 1194 αἱρετικοὺς,

481 1227 608 1288 τοὺς
640 1223 896 1293 λέγοντας
944 1221 1026 1274 ὅτι
1057 1221 1120 1272 ἐκ
1147 1218 1254 1273 τῶν
1299 1217 1508 1287 χρόνων
1539 1216 1760 1286 Μαρίας
1807 1214 1934 1286 ἐσχε
1969 1213 2068 1285 τὴν

484 1317 656 1389 ἀρχὴν
690 1318 719 1369 6
748 1314 1003 1387 Χριστός.

1073 1421 1325 1475 ΚΕΦΑΛ.
1367 1420 1476 1474 IH’.

559 1564 580 1600 ι
630 1541 836 1615 Ἰησοῦς
863 1537 957 1596 οὖν
987 1538 1141 1601 εἰδὼς
1170 1539 1348 1596 πάντα
1376 1536 1445 1590 τά
1469 1535 1742 1607 ἐρχόμενα
1771 1533 1858 1588 ἐπ’
1885 1533 2068 1599 αὐτὸν,

484 1637 739 1706 ἐξελθὼν,
767 1633 919 1689 εἶπεν
946 1634 1130 1696 αὐτοῖς
1148 1650 1163 1664 ·
1191 1630 1326 1686 Τίνα
1357 1630 1608 1700 ζητεῖτε;
1649 1646 1669 1680 ι

559 1824 672 1894 Οὐχ
706 1821 783 1883 ὡς
813 1817 1028 1888 ἀγνοῶν
1062 1814 1274 1887 ἐρωτᾷ,
1307 1811 1422 1866 ἀλλ’
1461 1811 1549 1864 ἵνα
1582 1808 1820 1880 γνῶμεν,
1863 1807 1944 1861 ὅτι
1975 1806 2070 1860 καὶ

485 1915 679 1988 παρὼν
709 1913 808 1984 οὐχ
835 1910 1070 1981 ἐωρᾶτο,
1104 1908 1137 1979 ἢ
1165 1904 1511 1976 ἐγνωρίζετο,
1551 1903 1599 1955 εί
1627 1902 1703 1974 μὴ
1725 1901 1813 1954 ὅτε
1835 1899 1996 1971 ἤθελε
2019 1907 2067 1955 ε.

564 2102 654 2166 Ὦς
683 2099 837 2160 εἰδὼς
868 2096 1066 2163 πάντα,
1100 2094 1391 2164 ἀταράχως
1420 2089 1515 2143 ὅλα
1545 2088 1718 2142 ἐποίει
1749 2086 1844 2140 καὶ
1870 2085 2070 2154 ἐλάλει,

485 2196 578 2250 καὶ
605 2193 728 2248 οὒτε
756 2193 863 2246 ἀπὸ
891 2189 993 2260 τῆς
1025 2189 1232 2258 φωνῆς,
1267 2183 1395 2238 οὕτε
1425 2185 1454 2236 6
1493 2181 1697 2245 Ἰούδας
1729 2179 1852 2233 οὔτε
1887 2179 1938 2231 οἱ
1967 2179 2076 2231 λοι-

491 2288 580 2342 ποὶ
605 2285 1016 2354 ἐπεγίγνωσκον
1049 2279 1234 2344 αὑτὸν,
1266 2279 1315 2329 εί
1344 2275 1420 2346 μὴ
1453 2275 1540 2328 ὅτε
1564 2272 1816 2344 ἠθέλησε.
1850 2267 2074 2340 [Clum]

562 2397 582 2431 ι
634 2378 754 2431 Ἵνα
799 2372 1062 2446 πληρωθῇ
1094 2370 1122 2421 6
1169 2369 1326 2436 λόγος
1346 2407 1361 2431 ,
1409 2365 1468 2419 ὃν
1499 2359 1653 2417 εἶπεν
1673 2380 1686 2393 ·
1721 2364 1843 2414 Ὅτι
1874 2360 1965 2424 οὒς
1994 2359 2073 2412 δέν

484 2459 662 2532 δωκάς
697 2484 807 2538 μοι,
844 2465 943 2518 οὐκ
973 2460 1234 2515 ἀπώλεσα
1258 2458 1316 2524 ἐξ
1344 2455 1521 2509 αὐτῶν
1553 2454 1764 2507 οὐδένα.
1805 2470 1824 2504 ι

557 2560 657 2614 Διὰ
681 2559 780 2621 τὰς
808 2555 917 2608 τῶν
955 2549 1211 2623 μαθητῶν
1257 2545 1542 2608 ἀσθενείας
1574 2543 1678 2607 ἐξω
1710 2543 1943 2593 ποιεῖται
1977 2538 2101 2591 αὐ·-

486 2652 614 2714 τοὺς
643 2643 988 2719 πειρασμῶν,
1018 2641 1093 2703 ώς
1128 2639 1260 2701 Θεὸς
1300 2636 1388 2689 ἀεὶ
1429 2629 1766 2704 φυλάσσωνά
1800 2630 1927 2719 τοὺς
1958 2643 2080 2719 ,μα-

489 2741 678 2812 θητάς,
709 2717 869 2806 μόνον
889 2732 980 2783 τὸν
1015 2728 1217 2781 Ἰούδαν
1237 2727 1304 2795 τῇ
1329 2722 1690 2794 προαιρετικῇ
1721 2718 1892 2788 κακίᾳ
1913 2717 2080 2779 ἐάσας

490 2827 814 2884 ἀπολέσθαι.
2077 2880 2080 2884 _

567 2940 586 2973 ι
631 2921 696 2971 Ἡ
729 2912 822 2970 οὖν
851 2912 1068 2981 σπεῖρα,
1097 2908 1194 2962 καὶ
1221 2907 1249 2958 6
1278 2903 1580 2976 χιλίαρχος,
1605 2901 1699 2955 καὶ
1724 2902 1772 2953 οί
1806 2899 2080 2970 ὑπηρέται

489 3014 599 3067 τῶν
663 3006 934 3064 Ἰουδαίων
979 3001 1270 3058 συνέλαϐον
1315 2999 1406 3053 τὸν
1466 2994 1696 3064 Ἰησοῦν,
1751 2996 1845 3047 καὶ
1882 2993 2079 3063 ἔδησαν

489 3110 674 3166 αὐτόν.
717 3125 736 3158 ι
1667 3129 1670 3132 ~

2167 586 2415 653 accipere
2469 600 2589 654 qua:
2621 584 2944 639 naturaliter
2991 583 3250 637 habebat.
3290 579 3531 650 Spiritus
3568 590 3752 635 autem

2166 674 2297 728 dicit
2325 676 2574 744 gratiam.

2220 765 2383 821 Vens.
2409 767 2500 821 2t.
2531 786 2548 818 ‹
2587 766 2768 834 Pater,
2799 781 2938 836 quos
2961 763 3156 819 dedisti
3195 762 3350 827 mihi,
3391 761 3513 817 volo
3552 770 3608 815 ut
3667 761 3758 814 ubi

2169 874 2291 914 sum
2319 875 2440 928 ego,
2481 869 2536 915 et
2571 861 2647 914 illi
2677 861 2786 915 sint
2821 875 3055 914 mecum.
3090 877 3109 910 ι

2220 949 2354 1003 Dum
2389 952 2604 1005 dantem
2629 961 2684 1006 et
2732 952 3085 1020 accipientem
3135 950 3398 1020 assignat,
3442 947 3625 1003 Patris
3663 946 3762 1001 Fi-

2169 1039 2335 1108 liique
2360 1054 2624 1108 personas
2677 1041 2966 1110 signiﬁcat.
3003 1039 3070 1092 Et
3115 1055 3328 1102 rursus,
3377 1054 3500 1092 cum
3535 1053 3594 1091 se
3635 1045 3762 1090 ante

2170 1133 2426 1183 tnundum
2450 1143 2571 1184 esse
2598 1132 2812 1192 asserit,
2847 1130 3135 1184 haereticos
3169 1129 3545 1198 reprehendit,
3571 1127 3763 1181 dicen-

2173 1231 2252 1275 tes
2285 1219 2560 1276 Christum
2591 1223 2645 1277 in
2690 1232 2932 1292 tempore
2969 1237 3036 1278 ex
3091 1221 3262 1276 Maria
3293 1221 3622 1292 principium
3656 1223 3755 1275 ba-

2169 1313 2372 1368 huisse.

2769 1428 2925 1484 CAP.
2958 1425 3152 1484 XVIII.

2229 1540 2392 1596 Veiis.
2423 1541 2479 1596 4.
2509 1559 2530 1592 ι
2562 1539 2720 1596 Iesus
2752 1545 2936 1612 itaque
2957 1543 3136 1597 sciens
3158 1541 3364 1608 omnia,
3393 1554 3513 1610 qua:
3532 1549 3764 1596 ventura

2157 1642 2328 1689 .erant
2356 1648 2520 1702 super
2558 1649 2706 1700 eum,
2761 1635 3048 1704 processit,
3105 1645 3160 1690 et
3212 1634 3350 1689 dixit
3413 1635 3525 1690 eis:
3584 1634 3758 1701 Quem

2173 1727 2466 1796 quaeritis?
2501 1745 2520 1778 ι

2227 1815 2343 1868 Non
2377 1816 2534 1886 quasi
2560 1816 2779 1870 nescius
2815 1816 3136 1886 interrogat,
3158 1813 3252 1870 sed
3273 1822 3333 1868 ut
3371 1813 3611 1869 sciamus
3637 1812 3764 1882 quia

2177 1921 2416 1978 praesens
2469 1922 2576 1962 non
2640 1907 2947 1976 videbatur,
3014 1922 3116 1964 nec
3161 1909 3614 1978 cognoscebatur,
3662 1907 3766 1961 nisi

2179 2000 2397 2070 quando
2415 2001 2655 2056 volebat.

2230 2091 2366 2145 Cum
2395 2101 2590 2146 cuncta
2641 2092 2768 2159 scit,
2806 2091 2990 2146 omnia
3018 2091 3206 2160 quiete
3239 2103 3294 2146 et
3344 2090 3475 2146 facit
3517 2099 3570 2147 et
3591 2091 3769 2162 loqui-

2179 2191 2288 2250 tur,
2325 2193 2380 2237 et
2423 2197 2602 2252 neque
2647 2181 2814 2238 Judas
2845 2198 3019 2252 neque
3067 2185 3246 2238 caeteri
3281 2184 3530 2261 discipuli
3581 2199 3704 2238 eum
3733 2200 3764 2236 a

2179 2267 2360 2330 sonitu
2393 2277 2543 2330 vocis
2566 2277 2970 2346 cognoscebant
3001 2276 3045 2330 si
3084 2291 3190 2330 non
3223 2277 3403 2332 vellet.

2213 2367 2378 2423 Vens.
2404 2366 2458 2420 9.
2496 2384 2514 2417 ι
2552 2367 2618 2420 Ut
2641 2367 2958 2435 impleretur
2994 2381 3194 2430 sermo,
3221 2383 3382 2436 quem
3419 2367 3588 2422 dixit:
3630 2367 3769 2436 Quia

2181 2471 2316 2525 quos
2348 2457 2546 2510 dedisti
2576 2457 2728 2520 milti,
2766 2471 2870 2509 non
2909 2456 3117 2525 perdidi
3147 2472 3212 2510 ex
3244 2459 3323 2511 eis
3350 2473 3701 2528 quemquam.
3735 2478 3754 2510 ι

2226 2547 2458 2616 Propter
2497 2547 2891 2615 discipulorum
2940 2547 3388 2613 imbecillitatem,
3445 2565 3539 2604 eos
3595 2561 3772 2605 tenta-

2184 2639 2422 2693 tionibus
2473 2639 2744 2705 subducit,
2779 2648 2838 2692 ut
2870 2638 3011 2692 Deus
3059 2654 3276 2708 semper
3306 2655 3399 2694 eos
3431 2641 3766 2705 custodiens,

2183 2733 2356 2786 solum
2407 2731 2599 2785 ludam
2657 2733 2727 2786 ob
2784 2743 3144 2799 spontaneam
3216 2734 3541 2800 pravitatem
3615 2736 3769 2806 perdi

2184 2838 2390 2876 smens.

2247 2913 2404 2966 Vens.
2436 2912 2523 2966 12.
2559 2931 2577 2963 ι
2613 2912 2824 2967 Cohors
2849 2927 2998 2982 ergo.
3034 2919 3088 2966 et
3119 2913 3390 2980 tribunus,
3447 2923 3503 2971 et
3535 2914 3769 2970 ministri
3809 2960 3811 2962 .

2181 3002 2494 3059 Iudaeorum
2529 3005 3063 3074 comprehenderunt
3097 3002 3306 3070 Jesum,
3343 3014 3399 3060 et
3464 3006 3774 3077 ligaverunt

2184 3109 2328 3151 eum.
2366 3115 2384 3147 ι

559 3199 834 3269 Δήσαντες
866 3192 1030 3248 αὑτὸν
1067 3187 1394 3259 ἐπλήρωσαν
1418 3183 1477 3236 τὸ
1506 3179 1798 3253 εἰρημένον
1821 3177 2070 3232 Ἡσαΐου·

2244 3187 2498 3258 Ligantes
2524 3204 2647 3244 eum
2682 3188 3043 3259 impleverunt
3097 3191 3241 3260 quod
3294 3189 3498 3246 dictum
3543 3201 3628 3248 est
3675 3208 3772 3262 per

491 3290 780 3359 Δήσωμεν
813 3284 923 3340 τὸν
953 3281 1210 3336 δίκαιον.
1268 3273 1602 3346 Ἐδεσμεύοη
1648 3273 1677 3324 6
1721 3269 1952 3341 Κύριος,
1989 3269 2078 3322 ἵνα

489 3380 707 3452 δεσμῶν
734 3377 882 3449 ἡμᾶς
911 3372 1196 3442 ἀπαλλάξῃ
1219 3367 1560 3423 διαϐολικῶν.

566 3491 586 3525 ι
637 3469 890 3540 Ἐξῆλθεν
918 3462 1010 3520 οὖν
1046 3467 1075 3519 6
1107 3461 1354 3535 μαθητὴς
1384 3461 1414 3514 6
1441 3459 1622 3522 ἄλλος,
1652 3457 1710 3520 ὃς
1735 3452 1805 3527 ἦν
1832 3455 2078 3523 γνωστὸς

490 3566 569 3636 τῷ
592 3564 873 3634 ἀρχιερεῖ,
905 3559 998 3613 καὶ
1024 3553 1148 3611 εἷπε
1185 3558 1252 3626 τῇ
1285 3550 1544 3625 θυρωρῷ,
1571 3550 1667 3604 καὶ
1696 3550 1959 3618 εἰσήγαγε
1987 3547 2081 3600 τὸν

494 3659 724 3711 Πέτρον.
761 3673 779 3706 ι

567 3676 604 3710 ,τ
712 3695 724 3708 .
761 3675 779 3706 ι

567 3675 922 3818 Σεῖἔισῆλθεν
973 3742 1228 3812 Ἰωάννης
1267 3737 1344 3810 τῷ
1406 3733 1583 3807 Ἰησοῦ
1621 3733 1757 3805 μετὰ
1786 3731 1880 3785 τοῦ
1919 3729 2078 3800 ὄχλου

494 3843 810 3912 ἀγνώστως,
838 3838 932 3891 καὶ
954 3836 1074 3889 τότε
1099 3833 1175 3897 ώς
1203 3829 1444 3902 γνωστὸς
1463 3822 1586 3881 εἷπε
1613 3828 1680 3898 τῇ
1707 3823 1962 3896 θυρωρῷ,
1986 3823 2080 3876 καὶ

495 3936 759 4005 εἰσήγαγε
783 3943 805 3970 ο
837 3929 926 3983 τὸν
953 3926 1180 3996 Πέτρον.

577 4045 597 4078 ι
647 4027 705 4078 '0
752 4017 847 4076 οὗν
893 4019 1184 4091 ἀρχιερεὺς
1237 4012 1491 4086 ⁴Ιιρώτησε
1541 4010 1634 4064 τὸν
1689 4006 1898 4078 Ἰησοῦν
1951 4005 2081 4076 περὶ

493 4119 603 4173 τῶν
629 4112 886 4188 μαθητῶν
911 4107 1098 4171 αὑτοῦ,
1129 4108 1225 4162 καὶ
1251 4106 1497 4177 περὶτῆς
1517 4102 1737 4172 διδαχῆς
1765 4098 1950 4154 αὑτοῦ.
1983 4117 2002 4150 ι

577 4187 664 4272 Ὦς
700 4201 1030 4274 στασιαστὴν
1051 4200 1144 4254 καὶ
1169 4194 1558 4267 νεωτεροποιὸν
1581 4192 1769 4266 ἠρώτα
1797 4190 1978 4256 αὐτὸν,
2007 4187 2082 4253 ὠς

502 4303 662 4374 μόνον
691 4299 799 4352 τῶν
844 4294 1101 4366 μαθητῶν
1147 4289 1311 4345 αὐτοῦ
1343 4287 1758 4360 προσερχόντων
1785 4281 1957 4351 αὐτῷ,
1987 4279 2082 4334 καὶ

497 4373 709 4456 οὐδενὸς
736 4389 930 4454 ἄλλου,
965 4386 1038 4449 ὡς
1071 4381 1436 4456 ἐργαστηρίου
1472 4375 1732 4448 πονηροῦ.
1785 4373 2002 4444 Ἦρώτα
2029 4373 2082 4425 τί

415 4489 419 4494 ’
497 4487 745 4542 ἐδίδασκε
766 4484 893 4545 τοὺς
933 4477 1129 4532 ἐαυτοῦ
1162 4475 1432 4548 μαθητὰς,
1460 4470 1649 4543 ἠρώτα
1679 4469 1841 4523 αὑτὸν
1874 4469 1923 4519 εί
1954 4482 2083 4519 συν-

2186 3280 2382 3336 Isaiam
2415 3296 2428 3333 :
2464 3277 2710 3347 Ligemus
2747 3278 2977 3348 justum.
3009 3279 3232 3348 Ligatus
3262 3291 3345 3336 est
3392 3281 3653 3338 Dominus
3676 3323 3690 3348 ,
3719 3296 3775 3338 ut.

2187 3387 2289 3426 nos
2313 3385 2342 3425 a
2376 3369 2663 3424 diabolicis
2685 3369 2920 3424 vinculis
2959 3370 3240 3425 liberaret.
3271 3432 3277 3438 _

2240 3463 2404 3518 Vens.
2431 3463 2516 3518 16.
2558 3481 2577 3514 ι
2617 3462 2795 3516 Exivit
2820 3478 2949 3533 ergo
2973 3463 3275 3533 discipulus
3297 3465 3456 3530 alios,
3518 3466 3606 3535 qui
3656 3479 3776 3520 erat.

2189 3565 2350 3609 notus
2381 3555 2645 3625 pontiﬁci,
2693 3563 2748 3608 et
2779 3555 2915 3608 dixit
2945 3556 3212 3623 ostiariae,
3259 3566 3316 3612 et
3345 3557 3645 3612 introduxit
3673 3558 3776 3611 Pe-

2188 3657 2353 3702 trum.
2395 3665 2414 3698 ι
3847 3630 3859 3639 ’

2239 3738 2518 3808 Ingressus
2545 3745 2630 3790 est
2654 3736 2894 3792 Joannes
2948 3752 3052 3790 una
3084 3752 3207 3792 cum
3253 3737 3409 3792 turba
3438 3737 3770 3812 incognitus,

2187 3839 2236 3885 et
2259 3840 2385 3884 tunc
2432 3839 2491 3884 ut
2516 3839 2677 3884 notus
2693 3829 2829 3882 dixit
2852 3828 3110 3896 ostiarize,
3141 3839 3193 3883 et
3211 3828 3512 3885 introduxit
3532 3831 3772 3888 Petrum.

2242 4008 2413 4062 Vsus.
2447 4006 2536 4062 I9.
2584 4023 2603 4058 ι
2634 4003 2888 4060 Pontifex
2934 4021 3065 4076 ergo
3093 4008 3452 4078 interrogavit
3494 4007 3677 4064 Jesum
3711 4012 3778 4066 de

2188 4097 2471 4168 discipulis
2496 4097 2631 4162 suis,
2657 4104 2711 4151 et
2743 4097 2809 4150 de
2841 4097 3088 4152 doctrina
3123 4097 3260 4166 ejus.
3293 4115 3314 4149 ›

2241 4190 2526 4260 Tanquam
2557 4187 2872 4244 seditiosum
2903 4203 2966 4243 ac
3017 4199 3333 4244 novatorem
3374 4192 3770 4261 interrogabat,

2189 4283 2344 4353 quasi
2374 4280 2627 4350 discipuli
2669 4278 2768 4334 soli
2804 4280 2979 4347 ipsum
3015 4281 3371 4348 audivissent,
3402 4291 3456 4335 et
3497 4282 3626 4335 nulli
3654 4283 3770 4349 alii,

2192 4384 2377 4444 utpote
2429 4372 2758 4428 maleﬁcum.
2809 4371 2948 4426 Petit
2997 4381 3176 4425 autem
3222 4373 3348 4440 quid
3402 4372 3648 4427 docuerit
3691 4373 3775 4427 di-

2192 4464 2432 4534 scipulos
2486 4478 2637 4530 suos,
2689 4473 2742 4518 et
2781 4476 2910 4515 num
2947 4461 3114 4532 Moysi
3167 4463 3494 4529 cOnsentiat,
3541 4478 3608 4516 an
3644 4478 3775 4516 vero

499 4581 640 4634 αινεί
668 4581 779 4639 τοῖς
806 4575 893 4628 διὰ
916 4569 1198 4632 Μωῦσέως
1227 4567 1274 4634 ί,
1299 4567 1332 4638 ἢ
1355 4564 1574 4620 ἀλλοίαν
1593 4559 1946 4616 διδασκαλίαν
1971 4559 2079 4610 είσ-

2200 4555 2354 4610 aliam
2386 4555 2700 4624 quampiam
2734 4555 3036 4610 doctrinam
3092 4553 3428 4616 introduc-at,
3493 4565 3547 4609 et
3595 4555 3772 4622 qualia

502 4673 658 4740 άγει,
692 4669 787 4723 καὶ
827 4667 957 4720 ποῖα
983 4661 1260 4715 πείθονται
1291 4661 1339 4712 oi
1369 4655 1536 4712 αὑτοῦ
1577 4652 1844 4726 μαθηταὶ,
1872 4651 1959 4704 ἵνα
1993 4650 2079 4740 ἐὰν

2200 4647 2474 4716 discipulis
2529 4647 2876 4716 persuadeat,
2911 4657 2970 4700 ut
3020 4646 3062 4700 si
3109 4645 3162 4698 in
3193 4645 3374 4715 aliquo
3404 4645 3574 4717 Moysi
3637 4662 3772 4701 con-

502 4736 639 4835 εῦρῃ
680 4761 841 4816 αὑτὸν
893 4761 1004 4818 τοῖς
1031 4751 1312 4814 Μωῦσέως
1367 4747 1802 4816 ἐναντιούμενον,
1858 4739 2079 4813 παραδῷ

2200 4741 2418 4793 Lrarium
2455 4739 2912 4807 deprehenderet,
2964 4736 3258 4805 discipulos
3304 4752 3523 4807 quoque
3574 4746 3631 4791 ut
3661 4737 3772 4791 Deo

501 4858 596 4911 καὶ
618 4855 817 4915 αὐτοὺς
842 4851 916 4912 ὡς
948 4847 1253 4916 θεομάχους
1279 4845 1396 4905 τοῖς
1429 4839 1729 4897 Ἰουδαίοις.

578 4967 597 4999 ι
651 4942 953 5014 ’Δπεκρίθη
1013 4938 1166 5009 αύτῷ
1215 4939 1244 4989 6
1308 4932 1548 5004 Ἰησοῦςο
1616 4927 1760 4998 Ἐγὼ
1805 4921 2089 4996 παρρησίᾳ

501 5040 740 5112 ἐλάλησα
779 5036 857 5108 τῷ
889 5035 1108 5104 κόσμῳ’
1142 5027 1254 5100 ἐγὼ
1281 5029 1511 5081 πάντοτε
1533 5019 1744 5085 ἐδίδαξα
1773 5019 1926 5112 ἐνᾷτῇ
1951 5032 2086 5112 συῌν-

499 5107 712 5205 αγωγῇ,
757 5107 853 5185 καλ⁸
888 5131 945 5183 ἐν
983 5125 1064 5197 τῷ
1100 5121 1253 5194 ἱερῷ,
1299 5120 1434 5172 ὅπου
1480 5115 1684 5176 πάντες
1730 5111 1786 5205 oi
1840 5107 2085 5162 Ἰουδαῖοι

501 5201 852 5296 συνέρχονται
877 5239 890 5254 ο
926 5219 1021 5273 καλ⁸
1061 5218 1118 5270 ἐν
1141 5209 1371 5286 κρυπτῷ
1395 5201 1838 5296 ἐλάλησα-οὐδέν.¹

581 5290 787 5390 uile-3:5;
826 5313 884 5366 δέ
918 5309 1129 5378 ἐλέγχει
1171 5303 1334 5358 αὐτὸν
1361 5293 1828 5390 προσποιούμενον
1867 5290 2085 5390 {west-‘2

495 5409 562 5460 τὰ
694 5400 914 5474 φανερῷ
963 5395 1250 5470 εἰρημένα.
1290 5393 1353 5445 El
1388 5391 1445 5443 δὲ
1483 5388 1664 5442 πάντα
1695 5381 1951 5453 φανερῶς
1977 5381 2085 5474 est-

496 5498 643 5563 δαξε,
674 5473 743 5549 τά
781 5493 1053 5563 λεγόμενα
1077 5489 1146 5542 τὰ
1165 5491 1190 5530 ⁸
1219 5484 1375 5557 παρά
1405 5501 1516 5536 τισι
1545 5480 1675 5552 περὶ
1704 5475 1916 5533 αὑτοῦῐι
1947 5473 2085 5529 άπό-

498 5606 708 5660 κρυφα,
736 5587 838 5641 οὐκ
862 5585 971 5639 εἰσὶ
1000 5581 1187 5637 δεκτὰ.

516 5713 522 5717 -
570 5753 592 5780 ε
621 5745 715 5800 Cr.
746 5744 794 5796 εί
828 5740 902 5813 μὴ
933 5737 1144 5813 ἢθελεν.
1211 5733 1369 5813 d_Cr_._
1396 5730 1684 5813 φυλάσσει.

1789 5736 1812 5765 ο
1839 5725 1930 5779 Cr.
1973 5722 2284 5790 εἰσήνεγκε.

2180 4827 2492 4885 contrarios
2521 4828 2724 4883 Iudaeis
2761 4830 3022 4883 traderet.

2243 4921 2407 4974 Vsus.
2442 4918 2534 4974 20.
2573 4939 2591 4972 ι
2636 4921 2935 4990 ReSpondit
2958 4921 3006 4974 ei
3030 4919 3231 4975 Jesus:
3271 4920 3383 4990 Ego
3421 4920 3596 4989 palam
3629 4921 3774 4976 locu-

2196 5019 2281 5066 tus
2309 5028 2428 5066 sum
2462 5011 2664 5064 mundo
2690 5029 2704 5066 :
2737 5025 2838 5081 ego
2861 5025 3080 5080 semper
3117 5010 3276 5065 docui
3306 5011 3356 5063 in
3395 5025 3691 5080 synagOga,
3720 5021 3774 5064 et

2194 5104 2248 5158 in
2283 5102 2503 5172 templo,
2560 5117 2669 5171 quo
2718 5113 2910 5155 omnes
2964 5100 3138 5156 Judaei
3195 5102 3572 5156 conveniunt:
3615 5114 3668 5157 et
3720 5104 3772 5156 in

2187 5195 2399 5251 occulto
2434 5195 2646 5249 locutus
2677 5209 2795 5246 sum
2820 5191 2974 5246 nihil.
3017 5211 3036 5244 ι

2190 5301 2194 5304 ’
2242 5289 2399 5344 Jesus
2439 5298 2619 5342 autem
2657 5287 2829 5354 ipsum
2861 5287 3059 5354 arguit,
3097 5295 3157 5340 ut
3195 5285 3285 5355 qui
3311 5301 3372 5338 ea
3407 5300 3527 5354 qure
3555 5285 3769 5353 publice

2190 5382 2333 5437 dicta
2376 5389 2521 5443 sunt,
2551 5382 2766 5432 nescire
2816 5393 2873 5431 se
2907 5377 3146 5430 simulat.
3193 5374 3349 5442 Quod
3387 5379 3430 5430 si
3456 5384 3639 5431 autem
3669 5393 3768 5446 pu--

2191 5475 2331 5529 blice
2373 5489 2436 5526 ac
2489 5473 2666 5540 palam
2713 5471 2979 5532 docuerit,
3007 5485 3072 5524 ea
3120 5485 3241 5538 qua:
3273 5485 3301 5521 a
3344 5469 3666 5539 quibusdam
3702 5469 3771 5522 ab

2190 5568 2309 5636 ipso
2348 5565 2563 5620 occulte
2607 5564 2749 5618 dicta
2789 5563 3060 5628 feruntur,
3096 5577 3202 5617 non
3238 5569 3365 5617 sunt
3409 5561 3767 5616 admittenda.

2373 5715 2392 5755 ί
2420 5716 2512 5786 Cr.
2546 5715 2634 5771 διὰ
2665 5716 2766 5784 Μ.,
2803 5717 2890 5770 ἵνα
2941 5717 3391 5786 ἐναντιουμένους
3421 5713 3651 5785 παραδῷ
3675 5713 3770 5767 καὶ

475 5863 481 5867 .
522 5785 720 5878 αὐτούς
747 5785 1156 5880 ὡςΓθέοξιάχους
1185 5808 1299 5869 τοῖς
1335 5785 1632 5865 Ἰοῦδαίοις.
1709 5798 1734 5839 ⁸
1765 5795 1858 5853 Cr.
1884 5795 2008 5861 _sine
2031 5810 2079 5847 τε

2200 5792 2222 5832 δ
2248 5788 2340 5844 Cr.
2373 5785 2531 5858 ἐμοῦ.
