4064 6388
357 294 379 358 Ῑ
391 298 488 359 50⁸1

1471 285 1743 364 AMMON
1750 285 1808 345 II
1847 278 2378 343 ALEXANDRINI

3475 228 3612 338 ιδοε

409 409 573 462 \sns.
600 403 694 459 2i.
739 422 757 458 ι
795 403 934 470 Quid
985 415 1072 457 me
1103 399 1458 471 interrogas?
1495 400 1772 469 interroga
1811 411 1927 460 eos.

2111 415 2129 448 ι
2158 394 2222 450 Τί
2251 410 2319 465 με
2353 393 2671 463 ἐπερωτᾷς;
2701 388 3051 461 ἐπερώτησον
3070 388 3197 452 τοὺς
3219 386 3527 458 ἀκηκοότας
3559 393 3612 440 τι

354 500 443 569 (ιιιὶ
475 496 769 552 audierunt
788 495 918 564 quid
940 492 1154 549 locutus
1180 492 1284 548 sim
1309 490 1442 562 ipsis
1471 508 1487 546 :
1514 504 1646 546 ecce
1667 489 1720 544 hi
1749 488 1932 544 sciunt

357 607 478 660 quae
505 590 734 646 dixerim
768 599 886 655 ego.
926 601 947 638 ι

420 682 568 751 Roga
587 679 866 735 ministros
896 685 1041 741 tuos,
1065 673 1159 746 qui
1182 679 1365 742 nuper
1393 671 1612 744 quidem
1628 669 1932 727 doctrinam

362 788 535 828 meam
561 768 817 826 admirati
847 767 1086 832 fuerunt,
1113 763 1274 820 modo
1305 777 1436 818 vero
1467 777 1553 817 me
1579 762 1824 831 capiunt.

422 949 588 1006 Vens.
618 948 709 1002 22.
747 965 766 1000 ι
809 945 935 1001 Haec
960 955 1138 1000 autem
1169 959 1292 1000 eum
1318 942 1565 1009 dixisset,
1610 955 1752 996 unus
1797 938 1934 994 assi-

361 1053 508 1096 stens
538 1040 909 1095 ministrorum
937 1037 1083 1090 dedit
1109 1036 1318 1107 alapam
1349 1032 1502 1100 Josu,
1547 1033 1732 1089 dicens
1773 1049 1788 1088 :
1840 1028 1934 1086 Sic

365 1135 665 1206 respondes
699 1130 942 1202 pontiﬁci
976 1129 1001 1182 τ
1029 1146 1050 1182 ι

417 1229 624 1284 Servus
664 1224 833 1281 etiam
881 1236 991 1276 non
1046 1217 1232 1288 jussus
1268 1214 1548 1272 Christum
1598 1210 1933 1279 verberavit,

361 1321 504 1390 quod
537 1318 795 1373 nimirum
826 1312 1078 1369 Christus
1097 1309 1430 1364 insinuasset
1455 1318 1516 1361 se
1542 1316 1933 1372 nonnunquam

361 1413 429 1468 ab
462 1412 528 1467 iis
553 1409 793 1464 auditum
823 1414 879 1461 et
904 1404 1182 1458 laudatum
1211 1400 1400 1466 fuisse,
1437 1413 1466 1452 a
1491 1413 1597 1468 qua
1627 1394 1937 1465 suSpicione

362 1519 422 1560 se
459 1515 692 1574 purgare
746 1497 939 1554 volens
982 1495 1087 1550 hoc
1127 1491 1280 1548 fecit.
1348 1489 1496 1544 Nihil
1541 1489 1686 1544 enim
1731 1486 1936 1556 alioqui

361 1597 575 1650 dixerat
603 1591 743 1646 unde
776 1587 979 1644 moveri
1011 1585 1276 1656 potuisset
1311 1585 1379 1638 ad
1422 1581 1700 1637 Christum
1737 1593 1934 1650 percu-

363 1688 625 1742 tiendum.
653 1681 845 1751 Arguit
875 1680 1059 1747 itaque
1088 1677 1398 1731 ministrum
1423 1673 1675 1730 maxima:
1704 1671 1933 1740 injurias,

2037 487 2276 558 ἐλάλησα
2297 485 2480 548 αὑτοῖς
2499 500 2513 515 ·
2546 482 2622 537 ίδε
2648 477 2794 537 οὗτοι
2817 482 3026 536 οἴδασιν
3060 478 3097 535 ἃ
3122 475 3280 533 εἷπον
3308 479 3439 548 ἐγώ.
3474 498 3496 532 ι

2108 665 2248 728 Τοὺς
2288 663 2568 734 ὑπηρέτας
2609 661 2884 733 ἐρώτησον
2930 666 3057 725 τοὺς
3101 660 3292 735 πρώην
3351 660 3450 732 μέν
3511 677 3614 732 μου

2039 756 2426 828 θαυμάσαντας
2459 755 2558 828 τὴν
2607 755 2982 822 διδασκαλίαν,
3023 753 3118 808 νῦν
3149 755 3206 807 δέ
3244 772 3312 826 με
3359 753 3618 809 συλλαϐο-

2043 849 2258 918 μένους.

2117 959 2136 993 ι
2177 939 2366 994 Ταῦτα
2410 937 2468 992 δὲ
2518 937 2685 992 αὑτοῦ
2723 938 2997 1004 εἰπόντος,
3046 931 3128 1002 εἷς
3178 937 3288 991 τῶν
3327 939 3616 1010 ὑπηρετῶν

2040 1028 2406 1101 παρεστηκὼς
2437 1028 2606 1083 ἔδωκε
2638 1031 2893 1101 ῥάπισμα
2925 1029 3004 1100 τῷ
3042 1029 3240 1101 Ἰησοῦ,
3276 1029 3476 1084 εἰπών’
3510 1031 3614 1085 Οὑ-

2039 1141 2147 1186 τως
2172 1122 2446 1193 ἀποκρίνῃ
2475 1122 2551 1194 τῷ
2578 1123 2854 1193 ἀρχιερεῖ;
2896 1141 2914 1173 ι

2113 1215 2220 1267 Καὶ
2247 1213 2322 1284 μὴ
2338 1213 2702 1284 προσταχθεὶς
2718 1216 2745 1266 ὁ
2770 1213 3051 1285 ὑπηρέτης
3071 1212 3233 1282 ἔτυψε
3250 1212 3341 1266 τὸν
3359 1212 3613 1283 Χριστὸν,

2042 1305 2230 1376 ἐπειδὴ
2265 1305 2461 1369 αὑτοὺς
2491 1306 2510 1345 ί
2555 1304 2830 1369 ὑπέδειξεν
2864 1307 2892 1358 ὁ
2922 1305 3158 1376 Χριστὸς
3185 1303 3197 1354 i
3229 1304 3446 1357 ὃτιποτέ
3476 1299 3619 1374 ἦσαν

2043 1395 2373 1458 ἀκούσαντες
2393 1395 2486 1448 καὶ
2501 1395 2894 1459 ἐπαινέσαντες
2909 1396 3096 1460 αὑτὸν,
3111 1396 3208 1448 καὶ
3232 1394 3400 1448 θέλων
3422 1393 3617 1447 ἑαυτὸν

2041 1487 2350 1554 ἀπαλλάξαι
2389 1488 2487 1559 τῆς
2526 1487 2784 1557 ὑποψίας,
2829 1489 2912 1542 ὅτι
2943 1489 3052 1542 τῶν
3093 1487 3482 1559 θαυμαζόντων
3527 1482 3615 1555 ἦν,

2043 1580 2269 1650 ἐποίησε
2309 1579 2488 1636 τοῦτο.
2521 1581 2595 1634 οὑ
2641 1583 2750 1651 γὰρ
2797 1579 3179 1643 ἀνακολούθως
3222 1598 3274 1634 τι
3334 1579 3615 1651 ἐλάλησεν,

2045 1667 2131 1721 ἵνα
2164 1669 2239 1732 ὡς
2271 1669 2338 1722 ἐκ
2375 1667 2569 1722 τούτου
2611 1669 2856 1740 κινηθεὶς
2899 1669 3042 1741 τύψῃ
3085 1670 3250 1724 αὑτόν
3279 1669 3328 1724 ιι.
3377 1669 3618 1738 Ἐλέγχει

364 1794 469 1836 non
504 1777 677 1834 solum
707 1789 775 1830 eo
813 1772 956 1840 quod
994 1768 1315 1838 simpliciter
1347 1765 1557 1835 alapam
1595 1761 1814 1828 inﬂixit,
1839 1762 1928 1817 sed

2035 1755 2129 1814 οὖν
2169 1759 2263 1812 τὸν
2319 1759 2602 1831 ὑπηρέτην
2647 1760 2942 1814 ἀδικοῦντα
2963 1801 2978 1826 ,
3011 1761 3071 1814 οὑ
3104 1761 3268 1829 μόνον
3313 1761 3396 1814 ὃτι
3428 1761 3617 1822 ἀπλῶς

362 1871 508 1940 quod
561 1866 715 1939 prius
755 1878 880 1920 eum
915 1860 1235 1926 admiratus,
1283 1856 1444 1913 modo
1467 1855 1587 1911 sine
1612 1869 1777 1910 causa
1808 1867 1940 1910 con-

365 1961 641 2017 tumeliam
686 1955 934 2010 inferret.

419 2049 586 2105 Vens.
628 2048 720 2103 25.
763 2064 782 2098 ι
817 2045 949 2099 Erat
970 2053 1150 2097 autem
1201 2039 1390 2095 Simon
1425 2037 1623 2092 Petrus
1648 2045 1825 2101 stans,
1883 2043 1942 2090 et

361 2143 684 2198 calefaciens
723 2152 802 2193 se.
859 2138 1120 2191 Dixerunt
1172 2147 1304 2201 ergo
1330 2131 1380 2186 ei
1420 2147 1435 2184 :
1487 2128 1747 2197 Nunquid
1788 2139 1844 2182 et
1881 2134 1938 2181 tu

361 2250 428 2288 ex
479 2230 756 2301 discipulis
789 2229 908 2298 ejus
948 2226 1053 2283 es?
1091 2223 1318 2298 Negavit
1370 2223 1480 2286 ille,
1523 2231 1579 2276 et
1602 2221 1780 2276 dixit:
1820 2218 1936 2274 Non

355 2341 500 2380 SUIII.
533 2341 552 2376 ι

422 2415 616 2470 Petrus
642 2427 670 2468 a
695 2410 937 2481 maligno
958 2416 1218 2474 tentatus,
1259 2404 1543 2476 promissis
1585 2418 1692 2458 non
1733 2402 1889 2458 stetit
1920 2420 1935 2458 :

360 2522 537 2578 neque
574 2506 763 2560 hortus
783 2504 859 2558 illi
886 2503 1027 2556 dicta
1057 2501 1112 2555 in
1142 2499 1462 2554 memoriam
1495 2497 1734 2562 reduxit,
1761 2509 1939 2567 neque

365 2611 590 2666 magnus
615 2610 790 2658 amor,
818 2607 981 2663 quem
1005 2591 1079 2646 ibi
1113 2589 1296 2645 verbis
1319 2604 1427 2660 prae
1462 2603 1520 2644 se
1547 2588 1668 2642 tulit
1701 2603 1717 2654 ;
1749 2601 1936 2642 verum

361 2689 542 2744 omnia
578 2687 683 2743 ista
714 2685 790 2740 illi
837 2699 950 2755 prae
995 2684 1269 2738 anxietate
1314 2680 1653 2737 exciderunt.
1699 2678 1779 2732 Ad
1808 2677 1936 2748 quid

357 2788 543 2833 autem
567 2790 756 2832 omnes
808 2773 1140 2829 unanimiter
1165 2770 1510 2842 evangelista:
1549 2769 1717 2838 ipsius
1747 2767 1939 2823 memi-

360 2865 607 2924 nerunt?
638 2865 752 2922 Non
796 2876 904 2920 tam
936 2875 996 2919 ut
1033 2862 1354 2934 discipulum
1393 2868 1735 2924 accusarent,
1773 2874 1937 2931 quam

360 2969 420 3012 ut
461 2972 560 3012 nos
586 2957 890 3023 erudirent,
917 2964 1180 3025 quantum
1211 2952 1338 3008 mali
1388 2953 1460 3007 sit
1489 2966 1595 3006 non
1621 2959 1791 3007 totum
1826 2949 1938 3006 Deo

357 3049 720 3113 committere,
751 3048 845 3102 sed
882 3047 984 3102 sibi
1029 3047 1130 3115 ipsi
1160 3045 1453 3100 conlidere.
1487 3042 1685 3100 Verum
1709 3044 1796 3100 hic
1817 3057 1936 3100 ma-

357 3140 514 3210 gistri
544 3139 966 3196 sollicitudinem
999 3136 1293 3201 admirare,
1342 3134 1490 3208 quod
1533 3144 1726 3206 captus
1768 3147 1834 3190 ac
1871 3133 1938 3187 li-

2041 1851 2204 1904 αὑτὸν
2233 1850 2454 1920 ἔτυψεν,
2490 1851 2609 1908 ἀλλ’
2643 1853 2726 1906 ὅτι
2755 1849 2947 1924 πρώην
2979 1852 3304 1926 Θαυμάσας,
3337 1852 3434 1907 νῦν
3466 1851 3486 1893 ι
3529 1853 3616 1906 ἐπ’

2038 1941 2215 1995 οὑδενὶ
2244 1942 2530 2011 καταγνὼς
2550 1951 2587 1979 ω
2614 1945 2884 2013 ἠτίμασεν
2912 1946 3096 2000 αὐτόν.

2117 2051 2137 2085 ι
2171 2027 2279 2086 Ἦν
2312 2033 2368 2086 δέ
2397 2033 2577 2104 Σίμων
2599 2035 2802 2107 Πέτρος
2840 2035 3012 2098 ἑστὼς
3040 2039 3136 2090 καὶ
3162 2037 3612 2110 θερμαινόμενος.

2039 2119 2205 2178 Εῐπον
2237 2119 2330 2177 οῦν
2364 2123 2542 2191 αὑτῷ·
2572 2124 2664 2195 Μὴ
2696 2127 2792 2179 καὶ
2827 2127 2891 2179 σὺ
2915 2128 2980 2180 ἐκ
3011 2129 3122 2182 τῶν
3157 2130 3420 2200 μαθητῶν
3450 2131 3614 2184 αὑτοῦ

2040 2209 2124 2282 εἷς
2175 2215 2482 2286 Ἢρνήσατο
2502 2217 2730 2282 ἐκεῖνος,
2758 2217 2854 2271 καὶ
2880 2213 3035 2272 εἶπεν
3057 2235 3070 2249 ·
3103 2221 3219 2274 Οὐκ
3248 2221 3386 2291 είμί.
3423 2240 3444 2274 ι

2109 2396 2216 2450 Τοῦ
2264 2395 2506 2467 πονηροῦ
2546 2395 2826 2461 σείσαντος
2862 2397 2955 2451 τὸν
3005 2397 3234 2468 Πέτρον,
3270 2399 3482 2469 ἡττήθη
3515 2398 3616 2468 τῆς

2039 2487 2388 2559 ὑποσχέσεως
2408 2505 2422 2519 ·
2460 2487 2582 2542 οὑδέ
2609 2490 2637 2542 ὁ
2671 2488 2848 2559 κῆπος
2880 2489 3045 2543 αὑτὸν
3075 2490 3154 2553 εἰς
3189 2491 3413 2561 μνήμην
3441 2492 3617 2562 ἤγαγε

2039 2578 2147 2633 τῶν
2184 2580 2518 2652 εἰρημένων,
2550 2579 2674 2634 οὐδὲ
2720 2581 2754 2652 η
2799 2580 2972 2651 πολλὴ
3007 2582 3363 2654 φιλοστοργία
3392 2584 3458 2655 ῆν
3501 2585 3621 2637 ἐκεῖ

2037 2669 2128 2725 διὰ
2169 2671 2278 2726 τῶν
2307 2674 2575 2744 ῥημάτων
2616 2673 2935 2740 ἐπεδείξατο
2980 2676 3226 2741 ἐκείνων,
3261 2676 3399 2730 ἀλλά
3446 2676 3620 2732 ταῦτα

2039 2765 2222 2819 πάντα
2247 2766 2352 2819 ὑπὸ
2386 2769 2488 2837 τῆς
2513 2767 2760 2835 ἀγωνίας
2789 2766 3032 2832 ἐξέϐαλε.
3063 2769 3128 2822 Τί
3149 2769 3350 2840 δήποτε
3375 2771 3424 2823 oi
3453 2772 3620 2839 εὑαγο

2037 2857 2286 2926 γελισταὶ
2328 2858 2628 2927 ὁμοφώνως
2677 2861 2808 2930 περὶ
2859 2860 3029 2914 αὑτοῦ
3081 2862 3431 2934 ἀνέτραψαν;
3483 2865 3619 2934 Οὐχὶ

2037 2950 2132 3003 τοῦ
2165 2950 2414 3020 μαθητοῦ
2458 2952 2932 3025 κατηγοροῦντες,
2979 2954 3094 3009 ἀλλ’
3143 2955 3292 3026 ἡμᾶς
3325 2955 3619 3008 παιδεῦσαι

2043 3042 2395 3113 βουλόμενοι,
2433 3042 2601 3096 πόσον
2631 3043 2802 3096 κακὸν
2827 3044 2888 3096 τὸ
2915 3043 2991 3115 μὴ
3019 3044 3099 3115 τῷ
3126 3045 3246 3116 Θεῷ
3276 3046 3337 3099 τὸ
3365 3049 3474 3100 πᾶν
3500 3049 3613 3099 ἐπι-

1964 3101 2008 3158 c
2039 3101 2284 3204 τρέπε-ιν,
2325 3101 2444 3186 ἀλλ’
2494 3134 2674 3206 ἐαυτῷ
2717 3101 3082 3207 θαρρετν.’Σίι⁸
3115 3138 3174 3192 δὲ
3212 3101 3492 3211 θαύμασον
3524 3141 3618 3195 τοῦ

357 3241 536 3302 gatus,
609 3231 786 3285 adhuc
832 3227 1082 3299 discipuli
1130 3241 1381 3298 magnam
1435 3241 1622 3282 curam
1669 3234 1846 3297 gerat,
1883 3233 1928 3281 el

2036 3223 2362 3279 διδασκάλου
2409 3225 2511 3295 τὴν
2560 3226 2911 3298 κηδεμονίαν,
2969 3229 3053 3284 ὅτι
3105 3233 3475 3302 κατεχόμενος
3523 3236 3614 3287 καὶ

351 3325 466 3391 jam
504 3320 802 3390 collapsum
858 3319 1004 3377 oculi
1042 3328 1175 3374 nutu
1227 3320 1425 3390 erigat,
1466 3327 1524 3376 et
1568 3317 1640 3374 ad
1667 3316 1928 3387 lacrytnas

2035 3313 2352 3384 δεδεμένος,
2402 3317 2603 3389 πολλὴν
2649 3321 2888 3374 ἐποιεῖτο
2933 3320 3029 3375 τοῦ
3069 3321 3316 3394 μαθητοῦ
3349 3324 3448 3395 τὴν
3479 3328 3616 3398 πρό-

357 3420 718 3467 comtnoveat.
817 3405 822 3412 ’
2034 3420 2204 3470 νοιανο
2245 3405 2336 3460 διὰ
2371 3405 2464 3460 τοῦ
2503 3407 2816 3480 βλέμματος
2867 3410 3034 3466 αὑτοῦ
3083 3414 3338 3484 κείμενον
3387 3417 3616 3482 ἀνιστάς

2034 3494 2132 3550 καὶ
2160 3499 2240 3560 είς
2267 3497 2480 3571 δάκρυα
2509 3500 2816 3556 καθέλκων.

413 3583 582 3639 Vens.
613 3583 706 3639 28.
754 3600 776 3635 ι
814 3583 1104 3638 Adducunt
1157 3596 1287 3652 ergo
1328 3579 1514 3637 Jesum
1546 3595 1576 3634 a
1610 3578 1817 3650 Caipha
1877 3580 1928 3635 in

2111 3605 2132 3640 ι
2171 3589 2431 3658 ’Ἄγουσιν
2473 3587 2566 3645 οὖν
2609 3591 2700 3648 τὸν
2744 3593 2952 3663 Ἰησοῦν
2980 3594 3092 3648 ἀπὸ
3130 3596 3226 3650 τοῦ
3276 3599 3504 3670 Καῖάφα
3532 3603 3614 3665 είς

289 3697 294 3700 ·
355 3676 688 3746 praetorium.
725 3674 856 3730 Erat
890 3681 1068 3729 autem
1125 3688 1326 3729 mane:
1358 3680 1414 3727 et
1439 3671 1540 3742 ipsi
1571 3686 1676 3725 non
1709 3672 1928 3728 introie-

2030 3678 2093 3734 τὸ
2122 3681 2482 3753 πραιτώριον.
2514 3679 2625 3738 Ἦν
2653 3684 2712 3738 δὲ
2742 3687 2928 3756 πρωΐα
2949 3701 2962 3714 ·
3004 3687 3096 3742 καὶ
3111 3687 3266 3742 αὐτοὶ
3292 3691 3395 3744 οὐκ
3421 3693 3608 3760 είσῆλ-

357 3774 484 3819 runt
519 3765 571 3819 in
600 3764 936 3835 praetorium,
971 3771 1031 3818 ut
1057 3777 1164 3819 non
1186 3761 1717 3829 contaminarentur,
1751 3762 1848 3818 sed
1873 3771 1928 3817 ut

2031 3771 2124 3826 θον
2156 3773 2237 3836 είς
2274 3773 2336 3828 τὸ
2366 3774 2727 3848 πραιτώριον,
2765 3778 2852 3833 ἴνα
2895 3779 2972 3850 μὴ
3023 3779 3347 3850 μιανθῶσιν,
3377 3782 3491 3837 ἀλλ’
3522 3785 3607 3838 ἵνα

357 3855 746 3909 manducarent
771 3851 1003 3909 Pascha.
1041 3870 1062 3904 ι

2030 3865 2248 3936 φάγωσι
2276 3865 2337 3918 τὸ
2368 3867 2582 3937 Πάσχα.
2621 3886 2641 3919 ι

413 3947 518 4016 Ipsi
557 3961 664 4001 non
689 3946 1034 4013 occidebant,
1059 3953 1119 3998 ut
1159 3941 1253 4013 qui
1298 3940 1398 3996 sub
1440 3940 1702 3998 Romanis
1751 3952 1926 4009 erant,

353 4053 420 4094 ne
444 4055 474 4093 a
504 4037 682 4093 Pilato
713 4039 1098 4095 multarentur.

422 4129 489 4184 Et
533 4145 802 4200 quaenam,
831 4145 1036 4201 quaso,
1077 4125 1489 4194 contaminatio,
1532 4126 1740 4196 ingredi
1793 4143 1930 4197 prae-

353 4219 572 4287 torium,
609 4220 697 4274 ubi
723 4220 894 4290 iniqui
915 4235 1103 4289 paruas
1125 4216 1372 4273 dabant?
1413 4216 1925 4272 Decimantesmen-

353 4311 500 4364 tham
527 4320 583 4364 et
603 4312 886 4377 anethum,
911 4327 1036 4368 cum
1067 4310 1267 4377 injuste
1295 4308 1719 4374 interﬁciebant,
1767 4308 1928 4362 mini-

351 4415 436 4455 me
463 4415 521 4456 se
550 4403 912 4456 contaminari
942 4399 1330 4458 existimabant
1361 4399 1496 4466 ;sed
1521 4414 1644 4454 cum
1685 4400 1754 4454 ad
1788 4415 1925 4471 prae-

347 4492 544 4547 torium
569 4495 878 4562 veniebant,
907 4494 1165 4563 putabant
1191 4505 1250 4546 se
1282 4489 1647 4560 coinquinari.
1691 4491 1796 4546 Sed
1825 4506 1923 4545 cur

347 4583 449 4653 ipsi
483 4599 586 4638 non
645 4585 1028 4640 interimebant
1066 4581 1231 4648 eum,‘
1259 4582 1351 4637 sed
1381 4583 1448 4637 ad
1490 4581 1726 4636 Pilatum
1754 4582 1920 4637 duce-

347 4673 476 4728 bant
505 4675 528 4727 ἲ
562 4673 784 4730 Multum
837 4675 1091 4730 videlicet
1138 4677 1204 4728 de
1246 4673 1463 4728 illorum
1517 4673 1746 4744 imperio
1796 4673 1910 4745 jam

345 4769 652 4836 ademptum
681 4775 801 4822 erat
846 4781 874 4820 a
918 4766 1199 4831 Romanis,
1252 4767 1352 4822 sub
1376 4780 1606 4835 quorum
1638 4777 1797 4820 erant
1820 4779 1919 4838 po-

347 4865 539 4912 testate
573 4877 585 4912 :
617 4869 878 4927 praeterea
937 4857 1200 4914 timebant
1251 4873 1320 4914 ne
1355 4874 1386 4913 a
1434 4857 1608 4915 Pilato
1656 4860 1916 4925 accusati,

343 4963 533 5018 poenas
586 4950 925 5018 postmodum
972 4949 1183 5006 darent.
1217 4950 1323 5004 Sed
1377 4952 1506 5020 quid
1538 4951 1834 5025 signiﬁcat,
1860 4963 1917 5007 ut

343 5039 723 5094 manducarent
749 5040 1008 5096 Pascha?
1048 5042 1209 5110 Atqui
1243 5039 1403 5098 Jesus
1454 5045 1568 5114 jam
1613 5045 1667 5100 id
1713 5045 1919 5100 fecerat

341 5146 446 5186 una
472 5135 560 5187 die
605 5147 941 5203 azymorum.
978 5131 1080 5189 Vel
1112 5135 1281 5207 igitur
1319 5134 1529 5191 Pascha
1559 5147 1722 5193 vocat
1747 5147 1913 5192 totam

339 5223 757 5288 solemnitatem,
795 5224 878 5277 vel
904 5222 1031 5290 quia
1088 5224 1191 5294 ipsi
1217 5235 1347 5281 tunc
1374 5226 1580 5282 Pascha
1620 5226 1910 5283 faciebant.

338 5311 590 5367 Christus
619 5322 800 5366 autem
833 5314 1006 5384 pridie
1053 5315 1109 5372 id
1167 5317 1388 5386 fecerat,
1427 5319 1630 5374 caedem
1667 5334 1820 5375 suam
1858 5322 1912 5375 in

408 5463 426 5504 ί
469 5462 758 5544 (ἒς.αὑτς5ς.
838 5465 1239 5544 ιϐιδλέγων.-
1289 5467 1315 5507 ἱ
1343 5469 1437 5524 Cr.
1459 5471 1717 5544 ἐπειδὴ...
1750 5473 1858 5544 τύψ

345 5664 363 5743 ι
388 5667 483 5724 Cr.
509 5669 604 5724 νῦν
629 5664 708 5728 δέ.
784 5686 823 5714 ιι
849 5678 936 5733 Cr.
962 5664 1291 5746 καταγνούς.

2099 3954 2263 4006 Αὐτοὶ
2311 3953 2412 4008 οὑκ
2445 3955 2658 4010 ἀνεῖλον
2709 3957 2785 4020 ώς
2828 3957 2934 4012 ὑπὸ
2984 3959 3289 4032 Ῥωμαίους
3315 3963 3489 4032 ὄντες,
3523 3968 3608 4021 ἵνα

2034 4042 2109 4114 μὴ
2144 4045 2540 4116 τιμωρηθῶσιν
2564 4047 2668 4102 ὑπὸ
2701 4048 2956 4104 Πιλάτου.

2098 4135 2292 4188 Καίτοι
2342 4139 2496 4201 ποῖος
2531 4139 2842 4210 μολυσμὸς,
2895 4141 3021 4195 εἰπέ
3063 4160 3191 4214 μοι,
3227 4146 3492 4218 ἐπιϐῆναι
3525 4149 3607 4202 δι·

2027 4227 2350 4299 καστηρίου,
2395 4227 2525 4284 ἔνθα
2569 4230 2726 4299 δίκην
2770 4233 2821 4285 oi
2864 4233 3181 4297 ἀδικοῦντες
3221 4237 3494 4306 διδόασιν;
3541 4242 3605 4294 Oi

2026 4317 2490 4384 ἀποδεκατοῦντες
2539 4321 2602 4374 τὺ
2631 4321 2904 4393 ἡδύοσμον
2937 4327 3031 4378 καὶ
3057 4327 3117 4380 τὸ
3147 4327 3366 4398 ἀνηθον,
3402 4331 3603 4398 φονῶν-

2025 4425 2117 4472 τες
2150 4409 2248 4479 μὲν
2279 4409 2481 4474 ἀδίκως
2501 4452 2517 4476 ,
2549 4413 2650 4465 οὑκ
2684 4413 2936 4484 ἐνόμιζον
2978 4418 3316 4485 μιαίνεσθαι,
3347 4420 3606 4494 δικαστη-

2027 4498 2146 4570 ρίου
2175 4499 2232 4554 δέ
2261 4499 2635 4566 ἐπιϐαίνοντες
2682 4505 2918 4575 μιαίνειν
2947 4509 3177 4572 ἑαυτοὺς
3203 4511 3457 4581 ἡγοῦντο.
3495 4515 3605 4569 Καὶ

2021 4589 2167 4653 τίνος
2205 4590 2392 4643 ἕνεκεν
2441 4593 2605 4647 αὑτὸν
2638 4595 2738 4648 οὐκ
2771 4597 3008 4666 ἀνεῖλον,
3059 4603 3176 4655 ἀλλ’
3221 4603 3318 4658 ἐπὶ
3363 4607 3458 4659 τὸν
3507 4608 3605 4662 Πι-

2017 4680 2179 4736 λάτον
2211 4683 2454 4753 ἦγαγον;
2487 4686 2740 4741 Μάλιστα
2773 4691 2872 4759 μὲν
2893 4691 2955 4744 τὸ
2995 4693 3140 4748 πολὺ
3175 4698 3276 4766 τῆς
3297 4699 3473 4770 ἀρχῆς
3501 4701 3604 4753 αὑ-

2019 4772 2128 4826 τῶν
2161 4775 2255 4827 καὶ
2284 4773 2382 4843 τῆς
2407 4775 2657 4843 ἐξουσίας
2696 4781 3035 4854 ὑπετέμνετο
3069 4786 3276 4856 λοιπὸν,
3317 4791 3423 4844 ὑπὸ
3465 4791 3604 4846 Ῥω-

2022 4864 2218 4935 μαίους
2260 4867 2371 4921 τῶν
2419 4873 2765 4942 πραγμάτων
2817 4879 3126 4948 κειμένων·
3185 4882 3282 4936 καὶ
3326 4883 3502 4948 ἄλλως
3544 4886 3603 4941 δὲ

2018 4954 2376 5050 ἐδεδοίκεισαν
2434 4963 2511 5032 μὴ
2558 4961 2718 5033 δίκην
2770 4967 3006 5040 ὑστέραν
3053 4969 3233 5038 δῶσι,
3282 4991 3602 5050 κατηγορη-

2018 5046 2202 5112 θέντες
2247 5051 2379 5124 παρ’
2433 5055 2619 5110 αὑτοῦ.
2674 5057 2741 5111 Τί
2787 5058 2834 5113 δ’
2877 5062 3051 5127 ἐστὶν,
3085 5064 3221 5119 Ἵνα
3249 5046 3600 5137 φάγωσι-τὸ

2016 5140 2268 5209 Πάσχα;
2316 5147 2426 5200 Καὶ
2475 5147 2582 5220 μὴν
2629 5151 2793 5216 αὑτὸς
2856 5149 2926 5226 ἦν
2966 5156 3100 5210 αὐτὸ
3155 5160 3475 5232 πεποιηκὼς
3529 5167 3595 5236 τῇ

2018 5235 2122 5327 μιᾷ
2162 5237 2272 5292 τῶν
2313 5239 2561 5312 ἀζύμων.
2602 5244 2762 5299 Ἤτοι
2797 5243 2890 5301 οὖν
2921 5247 2980 5300 τὸ
3012 5250 3208 5321 Πάσχα
3251 5253 3350 5324 τὴν
3404 5235 3598 5327 ἑορτὴν

2015 5326 2198 5382 πᾶσαν
2227 5329 2406 5398 λέγει,
2440 5333 2474 5402 ἢ
2513 5333 2595 5388 ὅτι
2639 5336 2760 5390 τότε
2807 5337 3026 5392 ἐποίουν
3059 5341 3122 5394 τὸ
3153 5341 3378 5415 Πάσχα,
3429 5326 3594 5408 αὑτὸς

338 5530 389 5582 οἱ
408 5477 1016 5591 Σεὲςξὲἓξὲξᾶντέξ
1290 5477 1315 5507 ¹¹
1343 5477 1437 5570 (ἐτ’
1459 5477 1717 5596 {ﬁam-ﬂ
1750 5477 2323 5577 Td‘l’BfOTdV-Cf-éﬂ-
2349 5487 2513 5568 α’ξτδς
2543 5489 2819 5574 ὑπέξειξεν
2847 5495 2875 5547 ό
2899 5494 3207 5564 λέγων,¹’ῐδε
3232 5490 3379 5550 οὗτοι
3411 5498 3591 5553 ἴσασιν

338 5599 503 5630 nam)...
529 5601 752 5630 aut---
769 5571 920 5630 ηεξ-
976 5610 1044 5630 Α).
1067 5545 1602 5630 --ι
1659 5544 1894 5630 ἐλιωνοαυ
1909 5547 2331 5630 ’δν.ἀῖἳαλλάξαι
2361 5573 2458 5630 ἶης
2493 5559 2753 5630 ἠποψιαςο
2789 5563 2872 5616 δτι
2919 5565 3031 5618 τῶν
3069 5566 3458 5630 θαυμαζόντων
3495 5565 3587 5630 ἦν.

340 5565 389 5582 νυ
416 5565 542 5584 "ut.
564 5565 896 5601 υυιυυυιιντδς
925 5565 1016 5591 και
1048 5565 1410 5593 επαινεσανῖε
1469 5565 1482 5570 ⁷
1508 5565 1602 5595 και
1624 5565 1795 5597 υεΛων
1825 5565 1988 5599 αυτ-ον
2248 5565 2269 5586 ⁵
2394 5565 2417 5568 ﬁ
2599 5577 2610 5593 '
2651 5565 2661 5574 ’
2821 5581 2850 5593 ’-
2963 5565 2987 5578 ”
3304 5570 3314 5584 ’
3352 5586 3379 5596 ’

338 5599 753 5712 ῗίέτρννέτΐὲησε
769 5607 943 5712 τεῗτρ.
1287 5565 1597 5678 ἀκολῗιύθως
1626 5630 1678 5667 τι
1707 5613 1961 5685 ἐποίησεν
1995 5565 2461 5693 ἢαῗίέίιῗέἓῦ,
2493 5565 2901 5692 ῗῢῗέμκαξξιὺὄτΐυ
2919 5565 3587 5712 τκῗῖηὲἒῖςμῗὲιῖνΐῗὺτῗζῖ

3534 5655 3584 5694 ν.
