4064 6394
467 335 604 398 1509

1529 325 1992 389 FRAGMENTA
2041 323 2122 386 IN
2163 325 2222 384 S.
2264 325 2642 390 JOANNEM.

3619 324 3761 394 15.10

462 443 520 496 δὲ
553 441 661 511 πρὸ
709 441 840 512 μιᾶς
871 438 1006 493 αὐτὸ
1055 436 1412 510 παραδέδωκε
1435 477 1452 502 ,
1507 440 1690 508 τηρῶν
1728 440 1827 508 τὴν
1865 440 2048 494 ἑαυτοῦ

2178 433 2515 490 Parasceven
2557 448 2863 502 reservans,
2923 437 3142 507 quando
3197 439 3489 510 antiquitus
3543 441 3750 497 i’asdia

464 534 681 604 σφαγὴν
711 535 778 604 τῇ
816 533 1170 602 Παρασκευῇ,
1221 532 1310 584 ὅτε
1345 530 1440 584 καὶ
1471 529 1530 583 τὸ
1561 529 1794 582 παλαιὸν
1840 527 2055 597 ἐγίνετο

462 628 676 697 Πάσχα.
720 626 887 679 Αὐτοὶ
919 626 976 679 δὲ
1007 625 1148 678 ὅπλα
1177 623 1568 694 βαστάζοντες,
1606 623 1745 694 ὅπερ
1793 623 1893 676 οὐκ
1934 621 2056 689 ἐξὸν

459 716 549 789 ἦν,
583 719 677 771 καὶ
713 713 854 788 αἷμα
885 717 1200 788 ἐκχέοντες,
1228 716 1371 788 ὑπὲρ
1413 715 1508 770 τοῦ
1536 713 1703 770 τόπου
1747 714 2044 787 ἀκριϐολο-

461 812 711 881 γοῦνται.

532 903 637 957 Τὸν
675 902 846 956 τύπον
897 902 1200 974 τιμῶντες,
1250 901 1352 956 οὐκ
1380 900 1654 970 εἰσῆλθον,
1705 901 1733 954 ὅ
1762 900 1880 954 ἐστι
1920 898 2056 970 πρός

463 995 652 1050 ϐατον.

536 1107 556 1140 ι
616 1085 1046 1158 Ἀπεκρίθησαν,
1097 1086 1193 1141 καὶ
1239 1081 1392 1140 εἷπον
1425 1084 1605 1156 αὐτῷ·
1640 1086 1702 1138 Ei
1751 1084 1826 1156 μὴ
1861 1079 1927 1155 ἦν
1960 1077 2052 1138 οὗ·

458 1198 550 1245 τος
577 1181 894 1247 κακοποιὸς,
927 1181 1030 1234 οὐκ
1061 1181 1128 1236 άν
1163 1196 1246 1234 σοι
1277 1178 1680 1250 παρεδώκαμεν
1713 1178 1898 1232 αὐτόν.
1933 1195 1952 1230 ι

531 1362 697 1416 Ἀνευ
731 1361 914 1426 αίτίας
954 1361 1306 1432 ἀπεφήναντο
1330 1369 1358 1398 ιι
1391 1358 1619 1422 δικαίως
1659 1355 1821 1412 αὐτὸν
1865 1371 2048 1426 παρα-

455 1455 736 1522 δεδόσθαι,
793 1453 986 1508 αίτίαν
1044 1452 1270 1521 εὕλογον
1309 1451 1565 1520 λέγουσι,
1618 1448 1679 1501 τὺ
1729 1449 1820 1500 ὑπ’
1866 1445 2049 1499 αὐτῶν

457 1547 867 1618 συλληφθῆναι,
923 1545 1001 1609 ὡς
1050 1539 1415 1614 πλαττόμενοι
1473 1539 1644 1612 μηδὲν
1704 1541 1879 1592 ποιεῖν
1932 1535 2050 1592 ἄδι-

460 1657 556 1694 κον
584 1647 631 1694 ο.

534 1749 553 1782 ι
596 1727 766 1784 Εἶπεν
814 1726 908 1783 οὖν
961 1728 1146 1791 αὐτοῖς
1193 1729 1222 1782 6
1276 1725 1550 1790 Πιλάτος·
1606 1722 1821 1778 Λάϐετε
1877 1720 2045 1774 αὑτὸν

2165 525 2562 581 celebrabatur.
2600 525 2706 596 Ipsi
2739 542 2868 583 vero
2896 530 3116 591 armati,
3141 531 3281 600 quod
3328 531 3482 588 nefas
3523 543 3662 598 erat,
3698 543 3757 588 et

2165 617 2452 674 fundentes
2479 621 2826 690 sanguinem,
2867 622 3046 677 locum
3075 631 3290 677 cavent.

2231 887 2484 957 Figuram
2525 888 2904 957 observantes,
2953 907 3059 948 non
3123 892 3417 956 intrarunt,
3460 910 3582 965 quae
3630 907 3754 951 erat

2159 996 2298 1036 OVIS.

2236 1073 2395 1127 Vens.
2439 1073 2530 1127 50.
2594 1093 2611 1126 ι
2655 1074 3092 1143 Responderunt,
3151 1086 3204 1130 et
3256 1078 3512 1134 dixerunt
3554 1081 3600 1134 ei
3640 1099 3654 1135 :
3690 1080 3748 1135 Si

2162 1179 2267 1216 non
2304 1171 2449 1217 esset
2488 1163 2574 1216 hic
2623 1163 2959 1232 malefactor,
3014 1180 3122 1220 non
3180 1168 3276 1222 tibi
3336 1170 3752 1226 tradidissemus

2159 1270 2302 1309 cum.
2340 1273 2361 1307 ι

2231 1346 2361 1402 Sine
2407 1347 2564 1418 culpa
2604 1349 2747 1418 iuste
2807 1350 2976 1405 videri
3020 1351 3211 1405 volunt
3257 1366 3380 1407 eum
3434 1354 3748 1421 tradidisse,

2157 1439 2512 1494 sufficientem
2543 1456 2762 1495 causam
2814 1441 3050 1510 allegant
3099 1445 3245 1512 quod
3293 1445 3360 1498 ab
3394 1445 3531 1513 ipsis
3558 1457 3753 1516 captus

2156 1533 2247 1599 sit,
2277 1535 2434 1604 quasi
2465 1535 2594 1588 nihil
2629 1535 2696 1590 ab
2730 1535 2840 1592 illis
2881 1536 3080 1607 injuste
3116 1538 3300 1609 peragi
3336 1539 3530 1605 possit.

2216 1712 2382 1768 Vens.
2409 1711 2500 1768 3L
2539 1731 2556 1765 ι
2594 1711 2744 1766 Dixit
2773 1726 2904 1784 ergo
2930 1712 3010 1767 eis
3037 1710 3242 1768 Pilatus
3277 1731 3292 1768 :
3331 1713 3581 1785 Accipite
3621 1729 3748 1770 eum

456 1824 649 1892 ὑμεῖς,
695 1823 790 1876 καὶ
838 1821 982 1876 κατὰ
1029 1821 1122 1874 τὸν
1168 1819 1335 1889 νόμον
1378 1817 1535 1887 ὑμῶν
1584 1816 1804 1886 κρίνετε
1861 1813 2045 1868 αὐτόν.

2163 1819 2274 1869 vos,
2305 1814 2362 1858 et
2389 1804 2690 1860 secundum
2721 1803 2895 1873 legem
2923 1813 3160 1858 vestram
3181 1803 3426 1871 judicate
3467 1821 3614 1860 eum.
3651 1805 3747 1862 Di-

455 1912 624 1970 Εἶπον
672 1910 766 1968 οῦν
813 1912 963 1984 αὐτῷ
1006 1914 1057 1966 οἱ
1121 1910 1404 1966 Ἰουδαῖοι·
1467 1910 1632 1979 Ἡμῖν
1679 1909 1781 1962 οὐκ
1838 1906 2050 1972 ἔξεστιν

455 1986 780 2063 ἀποκτεῖναι
809 2007 1026 2060 οὐδένα.
1075 2023 1095 2057 ι

525 2099 588 2151 El
620 2100 718 2168 μὲν
754 2099 973 2159 ἑαυτοῖς
1006 2093 1336 2165 ἐπιτρέπετε
1369 2091 1472 2163 τὴν
1511 2088 1720 2162 κρίσιν,
1749 2086 1905 2140 αὐτοὶ
1953 2083 2050 2138 καὶ

453 2191 554 2260 τὴν
582 2189 831 2255 ἐξέτασιν
858 2187 934 2250 ὡς
959 2186 1218 2256 βούλεσθε
1262 2193 1374 2237 Ρ-ιι.
1399 2183 1464 2238 Et
1485 2182 1542 2235 δὲ
1573 2179 1659 2234 ἐπ’
1693 2178 1793 2249 ἐμὲ
1815 2187 1836 2215 ι’
1869 2176 2050 2246 βούλε-

456 2281 550 2334 σθε
576 2283 760 2351 κρῖναι
787 2279 880 2333 τὸν
923 2275 1230 2349 ἄνδρα,τὴν
1255 2271 1440 2330 αἰτίαν
1495 2273 1642 2343 ὑμᾶς
1675 2270 1852 2324 εἰπεῖν
1882 2269 2050 2334 ἀναγ-

453 2376 608 2427 καῖον
633 2383 656 2412 ⁸
685 2370 822 2444 (15).

523 2467 588 2520 Et
621 2467 650 2518 6
691 2463 860 2534 νόμος
890 2461 1049 2534 ὑμῶν
1099 2460 1197 2514 καὶ
1223 2457 1317 2513 τὸν
1364 2456 1607 2512 ἀναίτιον
1643 2453 1894 2518 κολάζει,
1928 2449 2050 2523 κρί-

453 2573 583 2612 νατε
611 2556 794 2611 αὐτοί.

534 2647 712 2717 Ἡμῖν
770 2647 883 2700 οὐκ
934 2643 1180 2708 ἔξεστιν
1234 2642 1588 2696 ἀποκτεῖναι
1640 2637 1884 2694 οὐδένα.
1959 2635 2048 2699 Ὠς

453 2739 784 2799 ἐκπεσόντες
820 2737 922 2804 τῆς
956 2735 1132 2804 ἀρχῆς
1181 2728 1354 2803 (ἦσαν
1401 2732 1513 2801 γάρ
1544 2729 1650 2783 ὑπὸ
1695 2724 2043 2799 Ῥωμαίους)

452 2828 608 2884 εἷπον
652 2828 829 2882 τοῦτο.
871 2827 1068 2886 Ἤτοι,
1127 2823 1229 2876 οὐκ
1274 2822 1455 2888 ἔξεστι
1481 2820 1799 2892 σταυρῶσαι
1845 2819 2044 2873 αὐτόν·

454 2922 599 2976 οὕτω
641 2919 754 2988 γὰρ
783 2916 995 2989 ῆθελον,
1033 2915 1120 2968 ἵνα
1150 2914 1245 2968 καὶ
1279 2914 1371 2967 τδν
1394 2912 1597 2984 τρόπον
1626 2913 1726 2982 τῆς
1754 2910 1920 2964 αὐτοῦ
1956 2926 2046 2962 τε-

453 3013 652 3084 λευτῆς
693 3007 1148 3080 ὲκπομπεύσωσι.
1188 3006 1261 3059 Ἦ
1289 3005 1371 3059 ὅτι
1400 3004 1628 3075 βασιλέα
1648 3004 1844 3057 ἑαυτὸν
1868 3001 2041 3071 λέγει,

453 3105 550 3158 καὶ
578 3103 694 3156 ἐστι
737 3099 1000 3171 δημόσιον
1043 3097 1107 3152 τὸ
1152 3095 1431 3168 ἔγκλημα,
1469 3096 1566 3150 καὶ
1612 3095 1696 3149 σοὶ
1743 3093 1916 3164 ἀνῆκε
1946 3091 2049 3146 θα-

452 3195 696 3252 νατῶσαι
721 3191 906 3247 αὐτόν.

528 3307 549 3340 ε
590 3285 859 3356 Εἰσῆλθεν
905 3278 1001 3337 οὖν
1049 3283 1130 3347 είς
1177 3281 1240 3335 τὸ
1298 3277 1638 3351 πραιτώριον
1675 3277 1839 3332 πάλιν
1884 3277 1914 3330 ὁ
1942 3277 2048 3331 Πι-

451 3379 642 3445 λάτος,
692 3377 789 3432 καὶ
820 3375 1072 3446 ὲφὼνησε
1114 3373 1207 3427 τὸν
1248 3370 1481 3444 Ἰησοῦν,
1527 3372 1625 3426 καὶ
1651 3365 1808 3425 εἷπεν
1854 3368 2043 3441 αὑτῷ⁸

451 3472 526 3527 Σὺ
559 3467 611 3525 εί
637 3472 666 3524 6
701 3469 960 3541 βασιλεὺς
987 3465 1097 3521 τῶν
1138 3463 1447 3529 Ἰουδαίων;
1488 3482 1508 3516 ι

523 3564 701 3632 Σαφὲς
732 3561 1034 3631 τεκμήριον
1077 3558 1162 3610 ὅτι
1192 3555 1335 3610 ἑκὼν
1368 3558 1397 3608 6
1425 3554 1634 3625 Κύριος
1679 3553 1941 3625 ἔπασχεν,
1988 3552 2048 3618 ἐξ

451 3646 526 3707 ὧν
557 3651 716 3716 εἰδὼς
759 3651 1024 3720 προεῖπεν
1065 3647 1150 3700 ὃτι
1183 3644 1391 3717 ἡμελλε
1433 3646 1548 3707 τοῖς
1573 3644 1758 3696 ἔθνεσι
1808 3643 2050 3714 παραδο-

454 3744 614 3814 θῆναι
640 3741 736 3794 ὲπὶ
765 3739 842 3811 τῷ
875 3736 1286 3810 σταυρωθῆναι.

529 3851 549 3886 ι
590 3829 759 3886 Εἶπεν
791 3829 886 3885 οῦν
915 3827 1066 3900 αὐτῷ
1092 3831 1122 3883 6
1155 3828 1390 3892 Πιλᾶτος
1410 3845 1426 3860 ο
1462 3823 1678 3880 Οὐκοῦν
1709 3822 1966 3894 βασιλεὺς
1999 3817 2052 3876 εἴ

457 3925 558 3994 σύ;
598 3923 906 3996 ’Δπεκρίθη
956 3924 987 3977 6
1046 3921 1284 3993 Ἰησοῦς·
1339 3920 1412 3973 Σὺ
1455 3919 1641 3989 λέγεις
1667 3918 1752 3971 ὅτι
1789 3915 2050 3988 βασιλεύς

457 4024 574 4092 εἰμι
603 4018 740 4088 ἐγώ.
788 4037 808 4072 ι

527 4110 663 4165 Λύει
692 4109 792 4182 τὴν
837 4106 1080 4178 ἀγωνίαν
1117 4104 1378 4168 Πιλάτου,
1425 4102 1631 4157 πείθων
1659 4101 1744 4156 ὅτι
1769 4100 1871 4156 οὐκ
1900 4098 2050 4154 ἔστιν

456 4203 766 4274 ἀντάρτης,
809 4200 949 4255 ἀλλὰ
985 4199 1241 4271 βασιλεὺς
1273 4195 1509 4268 οὐρανοῦ
1540 4194 1635 4248 καὶ
1660 4195 1784 4265 γῆς.
1824 4192 1918 4246 Διὸ
1953 4193 2049 4247 άν-

456 4294 797 4365 απολὸγητος
841 4295 871 4346 6
915 4291 1184 4357 Πιλάτος,
1239 4289 1339 4360 οὐχ
1388 4288 1465 4352 ὡς
1517 4286 1843 4358 βλάσφημον
1886 4284 2052 4339 αὐτὸν

457 4385 746 4456 φονεύσας,
779 4385 916 4439 ἀλλὰ
944 4383 1080 4455 πρὸς
1112 4383 1275 4455 χάριν
1317 4379 1614 4434 Ἰουδαίων.

2159 1905 2355 1950 xerunt
2390 1910 2523 1964 ergo
2565 1896 2615 1950 ei
2672 1893 2848 1950 Judmi
2883 1893 3094 1952 :Nobis
3138 1911 3244 1951 non
3275 1895 3407 1952 licet
3438 1896 3749 1954 interficere

2155 2003 2508 2058 quemquam.
2549 2007 2568 2040 ι

2156 2127 2166 2141 ι
2218 2081 2274 2135 Si
2303 2081 2519 2149 quidem
2545 2078 2698 2134 vobis
2722 2079 2823 2149 ipsi
2845 2077 3111 2148 judicium
3147 2080 3438 2151 arrogatis,
3467 2080 3569 2150 ipsi
3611 2095 3749 2150 quo-

2154 2187 2260 2241 que
2323 2171 2580 2240 inquirite
2630 2179 2792 2240 prout
2867 2170 3052 2225 vultis.
3106 2171 3201 2225 Sin
3261 2187 3389 2226 vero
3445 2187 3533 2227 me
3587 2172 3756 2228 vultis

2154 2264 2331 2317 virum
2352 2249 2622 2332 judicare,
2645 2262 2812 2316 etiam
2836 2276 3058 2318 causam
3079 2259 3372 2330 proferatis
3400 2277 3624 2319 necesse
3641 2273 3749 2320 est.

2228 2440 2285 2495 Si
2318 2440 2404 2496 lex
2435 2449 2618 2497 vestra
2672 2443 2840 2498 etiam
2895 2442 3246 2500 innocentem
3282 2445 3463 2514 punit,
3513 2460 3610 2502 vos
3645 2445 3747 2516 ipsi

2150 2534 2416 2605 indicate.

2217 2625 2385 2680 Nobis
2440 2641 2545 2680 non
2591 2625 2715 2681 licet
2785 2627 3081 2696 interﬁcere
3132 2645 3475 2699 quamquam.
3531 2625 3603 2684 Ut
3653 2629 3746 2699 qni

2155 2718 2516 2788 principatum
2546 2719 2845 2773 amiserant
2885 2721 3086 2790 (erant
3115 2722 3259 2775 enim
3295 2722 3396 2776 sub
3427 2721 3744 2791 Romanis),

2157 2811 2259 2864 hoc
2321 2811 2598 2865 dicebant.
2643 2809 2738 2865 Vel
2793 2811 2920 2881 quia
2972 2827 3076 2866 non
3124 2823 3380 2882 poterant
3424 2829 3547 2868 eum
3597 2814 3745 2868 cruci

2154 2899 2396 2967 abigere.
2428 2900 2570 2968 quod
2600 2902 2908 2972 cupiebant,
2935 2913 2994 2956 ut
3016 2912 3069 2956 et
3103 2904 3294 2958 infami
3322 2905 3511 2958 mortis
3545 2918 3746 2974 genere

2155 2989 2256 3059 ipsi
2305 2991 2652 3047 insultarent.
2704 2991 2803 3047 Vel
2831 2993 2957 3063 quia
3006 3009 3186 3064 regem
3237 3010 3298 3050 se
3332 2995 3562 3061 diceret,
3597 2995 3743 3064 quod

2153 3091 2236 3138 est
2259 3083 2465 3138 crimen
2487 3085 2766 3154 pepulere,
2795 3085 3034 3157 adeoque
3067 3097 3118 3142 te
3143 3087 3301 3142 decet
3323 3101 3444 3142 eum
3467 3087 3739 3142 occidere.

2214 3259 2380 3316 Vens.
2407 3261 2499 3318 53.
2539 3279 2558 3314 ι
2601 3260 2853 3318 Introivit
2900 3276 3032 3334 ergo
3065 3260 3261 3316 iterum
3317 3262 3372 3318 in
3420 3260 3736 3332 praetorium

2148 3351 2383 3418 Pilatus,
2418 3361 2470 3408 et
2493 3353 2706 3408 vocavit
2743 3351 2954 3419 Iesum,
3005 3361 3060 3408 et
3089 3352 3228 3408 dixit
3267 3352 3318 3408 ei
3353 3368 3370 3408 :
3403 3353 3483 3407 Tu
3537 3366 3598 3408 es
3641 3367 3732 3409 rex

2149 3446 2456 3502 Judzeorum
2486 3447 2511 3500 Ἰ
2547 3465 2567 3498 ι

2221 3537 2564 3593 Manifestum
2612 3548 2990 3608 argumentum
3063 3547 3147 3592 est
3203 3536 3488 3592 Dominum
3542 3541 3740 3604 sponte

2150 3645 2370 3699 passum
2406 3644 2547 3694 esse,
2594 3629 2738 3699 quod
2783 3629 3118 3699 praesciendo
3154 3627 3472 3696 praedixerit
3513 3640 3575 3681 se
3604 3641 3742 3696 gen-

2151 3721 2296 3776 tibus
2320 3722 2576 3776 traditnm
2620 3722 2684 3774 iri
2718 3722 2784 3773 ad
2813 3719 3269 3788 crucifigendum.

2218 3809 2386 3866 Vens.
2420 3810 2510 3864 57.
2551 3828 2571 3862 ι
2606 3809 2752 3864 Dixit
2790 3810 2976 3877 itaque
3031 3807 3243 3861 Pilatus
3277 3825 3290 3862 :
3328 3806 3470 3876 Ergo
3524 3821 3622 3860 rex
3679 3822 3740 3862 es

2152 3911 2208 3957 tu
2235 3901 2258 3956 τ
2286 3899 2584 3969 Respondit
2612 3897 2776 3953 Jesus
2807 3912 2822 3951 :
2849 3897 2928 3951 Tu
2957 3895 3094 3950 dicis
3128 3895 3254 3966 quia
3287 3909 3381 3948 rex
3411 3907 3528 3948 sum
3562 3907 3684 3964 ego.
3715 3912 3736 3946 ι

2215 4077 2389 4135 Solvit
2438 4075 2658 4130 dubium
2699 4075 2880 4139 Pilati,
2936 4073 3146 4128 docens
3199 4086 3260 4127 se
3290 4085 3398 4125 non
3449 4079 3740 4143 tyrannum

2150 4184 2273 4226 esse
2297 4169 2630 4241 quempiam,
2667 4167 2762 4223 sed
2811 4166 2932 4222 coeli
2961 4179 3027 4220 ac
3076 4173 3236 4218 terra:
3276 4177 3479 4231 regem.
3536 4161 3744 4216 Idcirco

2152 4261 2317 4317 etiam
2363 4257 2749 4314 inexcusabilis
2785 4265 2869 4311 est
2895 4254 3124 4318 Pilatus,
3155 4253 3298 4324 quod
3341 4266 3449 4306 non
3480 4261 3739 4319 tanquam

2151 4352 2528 4423 blasphemum
2553 4350 2788 4421 aliquem
2818 4346 3120 4415 .occiderit,
3158 4345 3255 4400 sed
3289 4343 3340 4398 in
3375 4339 3608 4415 gratiam
3645 4337 3744 4395 Ju-

2153 4447 2414 4502 daeorum.

527 4565 590 4618 οι
643 4562 866 4631 ἄγγελοι
915 4560 974 4614 δὲ
1004 4563 1024 4598 ί
1078 4557 1360 4631 ἡσύχαζον
1409 4553 1506 4610 τοῦ
1565 4550 1836 4624 βασιλέως
1871 4549 2048 4603 αὐτῶν

2228 4538 2417 4610 Angeli
2454 4547 2634 4594 autem
2663 4534 2810 4606 passi
2846 4541 2973 4589 sunt
3011 4545 3191 4602 regem
3226 4543 3384 4585 suum
3437 4525 3577 4580 attici
3609 4537 3742 4579 con-

457 4655 844 4728 ὑϐριζομένου,
875 4651 1186 4715 ἐννοοῦντες
1214 4650 1314 4722 τὴν
1340 4645 1656 4719 οἰκονομίαν
1683 4645 1784 4716 τῆς
1809 4641 2050 4714 Χριστοῦ

458 4747 786 4820 παρουσίας.

541 4837 684 4908 Ἐγὼ
713 4837 803 4892 διὰ
844 4835 1006 4890 τοῦτο
1043 4833 1247 4904 γέγονα
1277 4831 1568 4903 ἄνθρωπος
1588 4872 1602 4894 ,
1633 4829 1729 4884 καὶ
1753 4825 2051 4898 ἐγεννήθην

459 4931 524 4984 ἐκ
569 4930 792 5002 Μαρίας
811 4971 828 4996 ,
874 4929 962 4981 ἵνα
1003 4925 1065 4980 τὸ
1091 4925 1288 4995 ψεῦδος
1317 4923 1414 4978 καὶ
1450 4921 1545 4975 τὸν
1574 4919 1824 4980 διάϐολον
1860 4921 1926 4972 ὲκ
1950 4915 2046 4971 τοῦ

2159 4633 2422 4695 tumeliis,
2455 4629 2866 4686 considerantes
2895 4627 2999 4682 hoc
3031 4638 3157 4680 esse
3187 4619 3608 4692 dispensationis
3651 4617 3745 4670 ad-
3835 4677 3844 4685 _

2158 4734 2352 4780 ventus
2379 4723 2605 4780 Christi.

2231 4828 2345 4897 Ego
2393 4834 2682 4894 propterea
2723 4822 2902 4879 factus
2961 4834 3082 4878 sum
3126 4817 3317 4881 homo,
3375 4821 3431 4868 et
3460 4826 3527 4866 ex
3574 4809 3743 4864 Maria

2158 4928 2320 4972 natus
2372 4931 2516 4980 sum,
2552 4924 2613 4970 ut
2647 4913 2990 4969 mendacium
3045 4925 3109 4966 ac
3163 4905 3436 4964 diabolum
3481 4901 3745 4957 emundo

461 4999 998 5094 κόσμου-ἀπελάσας,
1025 5017 1422 5090 βασιλεύουσαν
1447 5011 1717 5078 ἀποδείξω
1732 5019 1763 5049 ιι
1784 5010 1883 5083 τὴν
1906 5009 2048 5064 θείαν

2163 5009 2554 5075 exterminans,
2606 5019 2838 5077 regnare
2880 5001 3164 5058 ostendam
3199 4999 3437 5056 divinam
3467 5002 3741 5050 naturam.

463 5113 650 5185 φύσιν.

1068 5245 1324 5302 ΚΕΦΔΛ.
1348 5243 1457 5297 18'.

539 5385 558 5418 ε
597 5363 1010 5436 Ἀπεκρίθησαν
1043 5356 1193 5429 αὐτῷ
1214 5359 1264 5412 οἱ
1315 5355 1594 5412 Ἰουδαῖοι·
1646 5351 1840 5422 Ἡμεῖς
1883 5349 2052 5419 νόμον

2800 5223 2953 5282 CAP.
2973 5221 3121 5280 XIX.

2220 5346 2386 5403 Vens.
2448 5345 2504 5399 7.
2539 5361 2558 5396 ι
2610 5338 3031 5410 Responderunt
3057 5335 3106 5391 ei
3138 5329 3309 5388 Judaei
3347 5347 3362 5384 :
3404 5326 3514 5383 Nos
3565 5325 3736 5394 legem

532 5551 562 5580 ἰ
587 5541 677 5596 Cr.
707 5539 1044 5609 ἀπεφήνατο.
1119 5543 1144 5573 ⁰
1300 5533 1443 5609 add;
1470 5531 1657 5609 αὐτον.
1729 5537 1822 5609 ξὀει
1851 5527 1942 5581 Cr.
1968 5526 2048 5579 ad-t

2163 5519 2461 5594 ποιήσασθε.
2540 5528 2564 5556 ι’
2591 5517 2681 5573 Cr.
2709 5513 2798 5568 ἐπ’
2838 5509 2996 5583 ἐμοῦ.
3074 5519 3096 5549 ³
3124 5504 3216 5565 Cr.
3249 5502 3528 5578 κριθῆναι,
3561 5500 3736 5554 εἰπεῖν

463 5615 783 5683 ἀναγκαῖον.
833 5601 1001 5666 ἰ’(ὶτ.
1038 5609 1157 5665 sine
1187 5607 1270 5662 δέ.
1344 5611 1372 5642 α
1402 5603 1496 5659 Cr.
1525 5603 1650 5658 add.
1676 5601 1916 5654 πάντων.

545 5767 658 5839 (l5)
718 5765 831 5824 Hoc
883 5764 1148 5822 scholium
1201 5773 1398 5819 catena
1465 5754 1713 5816 Crameri
1768 5746 2060 5808 Ammonio
2101 5745 2318 5812 tribuit,
2351 5743 2646 5801 Corderius
2672 5753 2801 5797 vero
2831 5737 3119 5795 Theodoro
3151 5731 3564 5804 Mopsucsteno.
