4064 6388
389 318 524 389 1511
1495 315 1833 376 AMMONII
1871 317 1963 376 AL

2067 314 2405 378 ANDRINI
3521 320 3656 386 1512

389 437 652 489 habemus
689 451 704 490 :
735 440 791 488 et
817 431 1116 488 secundum
1145 431 1318 502 legem
1357 428 1516 484 debet
1545 431 1704 496 tnori,
1739 429 1865 498 quia
1903 431 1963 482 li-

2073 429 2290 500 ἕχομεν,
2326 429 2420 482 καὶ
2448 427 2592 482 κατὰ
2616 429 2709 483 τὸν
2729 430 2893 501 νόμον
2915 429 3072 501 ἡμῶν
3095 430 3301 502 ὀφείλει
3332 434 3649 504 ἀποθανεῖν,

388 527 519 580 lium
552 525 642 578 Dei
671 538 729 578 se
765 523 914 577 fecit.
948 540 968 574 ι
1272 580 1282 590 _

2074 521 2157 574 ὅτι
2187 520 2379 573 ἑαυτὸν
2411 519 2526 574 υίδν
2550 521 2685 574 Θεοῦ
2711 521 2989 588 ἐποίησεν.
3041 540 3060 572 ι

441 615 558 668 Non
579 614 772 668 Filium
796 613 884 666 Dei
910 622 1074 666 semel
1097 612 1210 681 ipse
1227 611 1375 678 fecit,
1396 613 1487 668 sed
1507 628 1628 667 cum
1648 623 1787 668 esset
1804 612 1963 668 Filius

2145 614 2258 683 Ούχ
2276 613 2409 666 Υἱδν
2433 613 2569 667 Θεοῦ
2593 614 2784 667 ἑαυτὸν
2811 615 3088 687 εποίησεν,
3109 615 3224 670 ἀλλ’
3259 617 3334 671 ὣν
3352 619 3479 684 Υἱὸς
3495 621 3653 686 Θεοῦ,

393 707 508 768 Dei,
561 707 832 757 hominem
878 706 1226 772 semetipsum
1274 705 1420 768 fecit,
1482 720 1608 759 vere
1656 705 1963 758 immutatus

2072 703 2360 776 ἄνθρωπον
2390 706 2582 758 ἑαυτὸν
2609 707 2889 776 ἐποίησεν,
2909 709 3194 780 ἀτρέπτως
3216 711 3428 781 μείνας,
3460 713 3535 774 ὡς
3561 708 3653 784 ἦν,

393 815 638 861 manens,
667 799 739 850 uti
768 809 908 861 erat,
943 797 1105 852 Deus.
1132 799 1286 864 Quod
1338 800 1481 852 enim
1511 798 1844 867 objiciebant
1869 796 1963 850 Ju-

2072 795 2224 859 Θεός.
2264 798 2328 849 Ὀ
2358 797 2467 867 γὰρ
2501 792 2658 850 εἷπον
2721 799 2991 865 Ἰουδαῖοι,
3043 803 3136 852 καὶ
3182 801 3446 856 ἀδύνατον
3464 798 3554 874 ἦν,
3578 803 3654 868 ὡς

391 890 511 951 daai,
539 899 593 939 et
620 887 732 940 ﬁeri
765 904 869 940 non
897 897 1133 956 poterat,
1169 899 1224 941 ut
1258 888 1338 942 vel
1371 889 1496 942 hinc
1529 888 1752 941 minime
1785 889 1967 942 subsi-

391 986 532 1031 stere
560 978 902 1046 probaretur,
930 988 982 1032 et
1020 978 1213 1031 falsum
1248 988 1388 1032 erat.
1419 980 1770 1048 Quapropter
1797 979 1970 1032 etiam

391 1069 597 1124 Pilatus
625 1078 682 1123 ut
712 1083 891 1124 mutus
931 1070 1212 1124 idololatra
1261 1070 1420 1138 quasi
1472 1078 1856 1124 consternatus
1898 1069 1968 1124 ti-

393 1163 546 1214 muit.

467 1251 628 1304 Vens.
663 1251 752 1308 ll.
783 1272 801 1303 ι
841 1251 1137 1320 Respondit
1185 1250 1346 1306 Jesus
1377 1267 1390 1304 :
1424 1248 1540 1305 Non
1605 1251 1836 1308 haberes
1882 1267 1972 1322 po-

395 1353 644 1397 testatem
679 1346 970 1399 adversum
1006 1361 1091 1399 ine
1117 1344 1307 1412 ullam,
1338 1345 1444 1399 nisi
1483 1345 1581 1400 tibi
1602 1345 1785 1400 datum
1815 1353 1963 1402 esset

394 1434 644 1502 desuper.
677 1453 696 1486 ι

468 1525 705 1580 Tametsi
728 1524 984 1592 princeps
1027 1524 1125 1589 sis,
1155 1525 1364 1578 nullum
1397 1533 1580 1580 tamen
1613 1541 1668 1579 tn
1702 1539 1788 1579 me
1818 1525 1959 1579 deli-

389 1632 534 1674 ctmn
565 1617 854 1672 inveniens
903 1631 1008 1669 non
1035 1617 1306 1686 potuisses
1334 1631 1419 1670 me
1445 1617 1832 1680 condemnare,
1861 1617 1966 1672 nisi

387 1729 486 1782 ego
517 1720 709 1779 sponte
741 1709 1006 1775 meipsum
1037 1723 1103 1762 ex
1126 1706 1309 1763 Patris
1344 1709 1685 1779 beneplacito
1726 1709 1793 1763 ad
1828 1724 1968 1778 pas-

389 1805 600 1857 sionem
635 1799 979 1854 obtulissem.

461 1895 624 1949 Vens.
663 1892 752 1947 14.
792 1911 810 1942 ‹
838 1893 965 1946 Erat
996 1900 1175 1945 autem
1209 1905 1505 1960 parasceve
1558 1891 1804 1955 Paschae,
1835 1891 1967 1947 hora

387 1987 542 2054 quasi
573 1995 748 2048 sexta,
777 1994 832 2038 et
863 1983 994 2036 dicit
1021 1981 1225 2036 Judaais
1254 2002 1267 2036 :
1301 1982 1442 2036 Ecce
1476 1998 1570 2036 rex
1597 1992 1798 2036 vester.
1832 2001 1853 2034 ι

459 2070 662 2124 Horam
722 2068 1050 2137 evangelista
1107 2068 1388 2121 denotavit
1452 2078 1672 2138 propter
1717 2082 1966 2123 resurre-

385 2161 620 2216 ctionem
666 2159 826 2212 tertio
882 2159 968 2211 die
1021 2156 1244 2210 factam.
1285 2159 1522 2226 Insignis
1563 2169 1744 2212 autem
1785 2159 1967 2213 scriba

387 2268 484 2320 pro
543 2251 770 2306 Gamma
804 2249 1098 2313 elemento,
1135 2249 1278 2316 quod
1321 2252 1542 2303 tertiam
1575 2251 1776 2319 signat,
1819 2251 1967 2304 aliud

387 2344 600 2410 signum
637 2343 838 2411 posuit,
877 2339 1021 2409 quod
1053 2339 1239 2395 Gabex
1270 2339 1623 2394 Alexandrini
1659 2352 1876 2409 vocant,
1909 2351 1966 2397 et

387 2444 596 2490 sextam
627 2435 870 2498 denotat,
900 2447 1264 2501 magnamque
1293 2433 1436 2487 inter
1473 2448 1533 2488 se
1567 2435 1772 2489 habent
1807 2436 1960 2489 simi-

386 2526 669 2580 litudinem
700 2543 713 2578 :
750 2537 806 2580 et
850 2539 917 2578 ex
970 2538 1160 2578 errore
1199 2524 1522 2595 scriptionis
1581 2525 1685 2580 ista
1742 2527 1964 2596 irrepsit

386 2619 680 2674 diversitas
729 2617 1000 2673 lectionis.
1030 2614 1164 2671 Nam
1215 2633 1314 2688 pro
1377 2618 1537 2674 tertia
1574 2619 1712 2674 hora
1745 2630 1958 2674 sextam

383 2711 630 2780 scripsit.

454 2821 621 2878 Vens.
654 2822 740 2876 18.
777 2841 794 2873 ι
829 2821 1344 2878 Ubicruciﬁxerunt
1401 2837 1548 2887 cum,
1604 2833 1661 2878 et
1715 2839 1838 2878 cum
1893 2839 1962 2880 eo

385 2917 522 2971 alio‘s
545 2917 701 2983 duos,
733 2915 860 2969 hinc
883 2925 935 2970 et
967 2916 1114 2982 hinc,
1143 2916 1381 2970 medium
1415 2925 1594 2970 autem
1619 2914 1828 2972 Jcsum.
1866 2937 1884 2970 ι

452 3009 554 3062 Per
583 3009 685 3062 hoc
710 3010 853 3076 quod
887 3008 1032 3061 inter
1067 3009 1202 3061 duos
1237 3007 1480 3063 latrones
1519 3009 1816 3064 cruciﬁxus
1851 3018 1958 3073 est,

383 3100 598 3168 impleta
627 3108 711 3153 est
741 3096 1046 3166 Scriptura,
1078 3113 1196 3166 qua:
1219 3100 1348 3152 dicit
1370 3118 1384 3154 :
1405 3099 1468 3152 Et
1511 3117 1627 3153 cum
1651 3102 1850 3170 iniquis
1874 3117 1955 3154 re-
1988 3127 2033 3187 α

379 3201 595 3260 putatus
634 3201 707 3245 est
738 3189 806 3242 ³⁸.
845 3189 1042 3258 Figura
1077 3191 1128 3244 hi
1156 3191 1379 3245 fuerunt
1443 3192 1674 3246 duorum
1737 3191 1961 3260 populo-

382 3299 525 3346 rum,
557 3282 648 3349 qui
709 3290 930 3352 propter
958 3293 1180 3352 peccata
1229 3298 1328 3338 sua
1365 3285 1446 3339 rei
1482 3295 1664 3340 erant.
1704 3283 1800 3338 Vel
1831 3285 1959 3352 quia

379 3374 472 3443 qui
497 3373 716 3427 Christo
745 3373 1063 3442 agglutinati
1115 3384 1264 3438 sunt,
1289 3377 1571 3446 semetipsi
1635 3377 1959 3443 cruciﬁgere

380 3465 602 3529 debent,
637 3463 806 3532 priori
839 3467 1237 3520 conversatioui
1267 3468 1673 3536 quodammodo
1710 3468 1954 3522 morien-

383 3569 486 3622 tes,
507 3567 563 3611 et
593 3557 647 3610 in
684 3556 923 3612 novitate
945 3560 1068 3612 vita:
1097 3558 1254 3629 juxta
1289 3558 1646 3629 Evangelium
1680 3558 1961 3614 ambulan-

380 3659 484 3703 tes.

453 3738 618 3794 Vsus.
648 3739 736 3795 l9.
770 3757 790 3791 ι
828 3737 1061 3809 Scripsit
1113 3747 1292 3792 autem
1343 3746 1398 3792 et
1438 3737 1655 3792 titulum
1689 3737 1900 3798 Pilatus
1932 3759 1947 3799 :

380 3838 436 3883 et
487 3831 670 3900 posuit
723 3845 884 3900 super
945 3843 1187 3884 crucem.
1220 3829 1348 3882 Erat
1417 3838 1596 3884 autem
1628 3832 1950 3902 scriptum:

377 3921 535 3977 Jesus
569 3920 904 3985 Nazarenus,
936 3921 1051 3974 ilex
1080 3920 1412 3976 Judaeorum.
1452 3941 1472 3974 ι

449 4010 584 4065 Cum
612 4013 932 4082 nihil,quod
965 4012 1040 4065 illi
1075 4012 1361 4080 objiceret,
1397 4011 1603 4068 Pilatus
1636 4017 1954 4085 reperisset,

380 4103 485 4156 hoc
545 4105 784 4171 scripsit,
826 4115 893 4157 ne
943 4112 1000 4156 et
1038 4103 1154 4172 ipse
1199 4102 1342 4157 latro
1387 4114 1695 4172 putaretur.
1746 4107 1950 4177 Regem

379 4206 502 4245 eum
532 4192 760 4262 populus
797 4191 1267 4261 proclamaverat:
1304 4203 1359 4250 et
1390 4195 1516 4264 quia
1552 4195 1725 4263 {adici
1753 4214 1936 4269 regem

2072 889 2166 940 καὶ
2198 890 2261 940 ἐκ
2306 889 2500 941 τούτου
2544 890 2825 960 δειχθῆναι
2873 891 3053 944 αὐτῶν
3094 893 3156 945 τὸ
3198 892 3523 960 ἀσύστατον,
3560 896 3655 948 καὶ

2069 981 2284 1050 ψευδές.
2322 981 2416 1034 Διὸ
2467 982 2562 1034 καὶ
2607 982 2683 1046 ὡς
2714 983 3110 1055 εἰδωλολάτρης
3139 984 3341 1055 κοῦφος
3369 988 3398 1040 6
3424 987 3654 1052 Πιλάτος

2075 1072 2466 1141 συναρπαγεὶς,
2504 1072 2838 1143 ἀδιακρίτως
2876 1075 3141 1146 ἐφοδήθη.

2147 1262 2167 1296 ι
2225 1245 2522 1318 Ἀπεκρίθη
2554 1248 2582 1299 6
2623 1247 2829 1318 Ἰησοῦς
2850 1264 2864 1278 ·
2897 1249 3012 1302 Οὐκ
3039 1245 3187 1319 εἶχες
3219 1249 3470 1316 ἐξουσίαν
3501 1251 3652 1304 οὐδε-

2074 1337 2202 1408 μίαν
2234 1338 2354 1391 κατ⁹
2385 1339 2543 1410 ἐμοῦ,
2567 1342 2617 1393 εί
2651 1341 2726 1411 μὴ
2747 1337 2813 1413 ἦν
2845 1359 2928 1394 σοι
2952 1341 3238 1414 δεδομένον
3273 1343 3502 1398 ἀνωθεν.
3539 1364 3558 1398 ι

2140 1515 2259 1568 Κᾶν
2292 1513 2476 1585 ἄρχων
2513 1511 2571 1587 ᾖ,
2611 1515 2726 1568 ἀλλ’
2766 1510 2860 1570 οὖν
2895 1518 2971 1587 μὴ
3022 1517 3297 1588 εὑρίσκων
3351 1519 3472 1573 κατ’
3503 1521 3642 1590 ἐμοῦ

2072 1609 2340 1676 πταῖσμα,
2371 1608 2470 1659 οὐκ
2501 1607 2697 1677 ἡδύνου
2737 1625 2838 1678 μου
2881 1609 3374 1679 καταψηφίσασθαι
3408 1621 3459 1677 ν,
3496 1615 3544 1665 εί
3575 1613 3650 1683 μὴ

2070 1697 2213 1752 ἐκὼν
2242 1699 2354 1767 ἐγὼ
2379 1699 2601 1769 εὐδοκία
2625 1700 2841 1770 Πατρδς
2859 1702 3070 1772 ἡγαγον
3094 1703 3333 1773 ἐμαυτὸν
3357 1704 3438 1767 είς
3459 1705 3518 1758 τὸ
3545 1721 3642 1757 παο

1999 1775 2043 1832 Β
2073 1785 2208 1840 θεῖν.

2147 1898 2166 1932 ι
2201 1874 2312 1933 Ἦν
2327 1879 2383 1933 δὲ
2399 1882 2725 1954 παρασκευὴ
2747 1881 2842 1935 τοῦ
2866 1881 3080 1953 Πάσχα,
3102 1881 3222 1954 ὥρα
3247 1882 3306 1936 δὲ
3331 1883 3465 1936 ὡσεὶ
3491 1883 3651 1954 ἕκτη,

2070 1969 2164 2023 καὶ
2196 1969 2346 2039 λέγει
2373 1974 2486 2034 τοῖς
2523 1973 2802 2036 Ἰουδαίοις
2825 1990 2840 2005 ο
2873 1975 2979 2027 Ἴδε
3015 1976 3043 2028 6
3073 1974 3330 2044 βασιλεὺς
3353 1975 3532 2046 ὑμῶν.
3576 1994 3596 2027 ι

2141 2060 2253 2130 Τὴν
2286 2060 2436 2132 ὥραν
2462 2064 2852 2136 ἐπεσημήνατο
2883 2066 2910 2117 6
2954 2065 3374 2136 εὐαγγελιστὴς,
3429 2065 3520 2119 διὰ
3551 2066 3651 2137 τὴν

2068 2151 2367 2204 ἀνάστασιν
2400 2153 2496 2223 τὴν
2523 2156 2580 2206 ἐν
2609 2158 2676 2226 τῇ
2706 2156 2868 2228 τρίτῃ
2914 2159 3206 2225 γεγονυῖαν
3257 2158 3463 2230 ἡμέρα.
3509 2160 3568 2212 '0
3592 2159 3650 2212 δὲ

2069 2244 2442 2316 καλλιγράφος
2475 2249 2595 2301 ἀντὶ
2612 2249 2704 2300 τοῦ
2728 2249 2935 2320 Γάμμα
2968 2250 3258 2320 στοιχείου,
3279 2251 3415 2321 ὅπερ
3449 2269 3514 2322 ση
3527 2253 3652 2322 μαί-

2067 2353 2149 2389 νει
2177 2337 2238 2388 τὸ
2295 2339 2508 2408 τρίτην,
2566 2339 2770 2410 ἔγραψε
2812 2343 2873 2394 τὸ
2903 2341 3177 2412 ἐπίσημον
3225 2342 3254 2395 δ
3287 2342 3550 2396 καλοῦσιν
3599 2346 3648 2396 oi

2080 2427 2450 2500 Ἀλεξανδρεῖς
2463 2431 2658 2498 Γαὸὲξ,
2679 2433 2706 2484 δ
2723 2433 2878 2503 δηλοῖ
2892 2435 2992 2502 τὴν
3009 2433 3197 2504 ἕκτην,
3226 2435 3429 2505 πολλὴν
3457 2434 3649 2504 ἔχοντα

2068 2521 2204 2590 πρὸς
2237 2522 2406 2576 ἐαυτά
2451 2526 2550 2594 τὴν
2595 2525 2893 2595 ὁμοιότητα
2917 2543 2932 2557 ·
2966 2526 3062 2580 καὶ
3107 2526 3196 2578 διὰ
3227 2526 3317 2579 τοῦ
3369 2527 3647 2598 γραφικοῦ

2069 2613 2390 2682 σφάλματος
2434 2615 2662 2684 γέγονεν
2708 2618 2742 2686 ἡ
2797 2617 3088 2687 διαφωνία.
3146 2618 3295 2672 Ἀντὶ
3320 2619 3430 2690 γὰρ
3459 2619 3650 2691 τρίτης

2065 2702 2216 2776 ὥρας
2233 2745 2247 2769 ,
2277 2705 2446 2776 ἕκτην
2475 2706 2705 2778 ἔγραψε.

2144 2836 2162 2870 ι
2199 2819 2375 2871 Ὅπου
2406 2820 2568 2872 αὑτὸν
2586 2819 2966 2888 ἐσταύρωσαν,
2994 2821 3088 2874 καὶ
3113 2821 3232 2891 μετ’
3257 2821 3426 2876 αὐτοῦ
3453 2822 3648 2888 ἄλλους

2063 2909 2179 2970 δύο.
2216 2910 2464 2962 ἐντεῦθεν
2495 2912 2588 2963 καὶ
2618 2910 2888 2975 ἐντεῦθεν,
2921 2911 3087 2981 μέσον
3117 2912 3174 2965 δὲ
3205 2913 3300 2966 τὸν
3346 2914 3580 2984 Ἰησοῦν.
3619 2933 3638 2966 ι

2133 3002 2232 3053 Διά
2271 3001 2366 3053 τοῦ
2422 3002 2806 3073 σταυρωθῆναι
2854 3003 2912 3054 ἐν
2946 3003 3098 3073 μέσῳ
3137 3004 3248 3057 τῶν
3280 3005 3375 3059 δύο
3409 3005 3644 3078 λῃστῶν,

2069 3090 2365 3162 ἐπληρώθη
2393 3093 2426 3162 ἡ
2452 3092 2642 3163 Γραφὴ
2670 3093 2927 3160 λέγουσα,
2952 3094 3061 3147 Καὶ
3076 3095 3227 3163 μετὰ
3250 3096 3493 3166 ἀνόμων
3517 3098 3651 3151 ἑλο-

2067 3185 2267 3253 γίσθη.
2293 3184 2474 3249 Τύπος
2500 3187 2637 3238 είσὶν
2661 3180 2814 3242 ,οῦτοι
2848 3186 2959 3240 τῶν
2988 3187 3082 3241 δύο
3111 3188 3258 3242 λαῶν
3278 3189 3448 3244 ὄντων
3473 3209 3648 3245 κατα·

2069 3278 2280 3348 κρίτων
2310 3277 2402 3329 διά
2440 3278 2539 3340 τὰς
2578 3277 2758 3331 αὐτῶν
2799 3280 3096 3350 ἁμαρτίας.
3129 3283 3201 3334 Ἣ
3229 3283 3310 3336 ὃτι
3341 3285 3390 3336 oi
3420 3283 3648 3354 Χριστῷ

2067 3367 2400 3439 κολλώμενοι
2453 3369 2728 3438 ὀφείλουσι
2791 3372 3059 3442 σταυροῦν
3125 3374 3384 3439 ἑαυτοὺς,
3441 3376 3646 3428 ὡσανεὶ

2065 3461 2502 3532 ἀποθνήσκοντες
2549 3466 2616 3534 τῇ
2671 3465 2863 3537 πρώτη
2913 3464 3197 3538 διαγωγῇ,
3236 3467 3440 3532 ζῶντες
3472 3469 3528 3523 δέ
3585 3470 3644 3521 ἐν

2064 3553 2344 3624 καινότητι
2369 3553 2511 3607 κατὰ
2543 3554 2605 3606 τὸ
2638 3554 3001 3623 Εὐαγγέλιον.

2136 3753 2156 3787 ι
2200 3733 2450 3804 Ἔγραψε
2481 3734 2537 3787 δὲ
2575 3735 2668 3789 καὶ
2707 3735 2886 3789 τίτλον
2929 3738 2956 3790 6
3001 3735 3258 3802 Πιλάτος,
3309 3737 3407 3790 καὶ
3443 3737 3639 3806 ἔθηκεν

2062 3823 2154 3876 ἐπὶ
2176 3822 2270 3875 τοῦ
2320 3823 2579 3894 σταυροῦ.
2615 3819 2724 3877 Ἦν
2761 3824 2818 3876 δὲ
2865 3826 3256 3896 γεγραμμένον
3285 3842 3300 3857 ο
3373 3826 3580 3898 Ἰησοῦς
3611 3829 3639 3880 6

2060 3917 2404 3989 Ναζωραῖος,
2437 3918 2466 3969 6
2498 3917 2750 3987 βασιλεὺς
2775 3918 2881 3971 τῶν
2927 3919 3220 3973 Ἰουδαίων.
3261 3937 3281 3971 ι

2131 4009 2225 4078 Μὴ
2254 4008 2430 4079 εὑρὼν
2456 4010 2509 4061 τί
2559 4009 2688 4081 εἴπῃ
2717 4008 2838 4062 κατ’
2890 4010 3054 4063 αὑτοῦ
3079 4011 3107 4062 6
3146 4010 3400 4076 Πιλάτος,
3431 4011 3638 4083 ἔγραψε

2059 4103 2236 4167 τοῦτο,
2273 4104 2359 4157 ἵνα
2400 4103 2475 4176 μὴ
2509 4105 2739 4175 νομισθῇ
2769 4105 2863 4157 καὶ
2893 4105 3058 4168 αὐτὸς
3089 4103 3233 4159 εἶναι
3260 4108 3490 4178 λῃστής.
3525 4105 3635 4160 Βα-

2063 4194 2215 4248 σιλέα
2236 4197 2397 4249 αὐτὸν
2426 4197 2656 4267 δημοσίᾳ
2715 4198 3073 4269 ἀνηγόρευσε,
3093 4199 3185 4253 καὶ
3204 4201 3286 4253 ὅτι
3313 4201 3363 4252 οἱ
3394 4201 3637 4252 Ἰουδαῖοι

2059 4285 2150 4338 τὸν
2181 4285 2404 4356 βασιλέα
2455 4285 2636 4339 αὐτῶν
2695 4287 2932 4353 ἀνεῖλον,
2995 4289 3270 4360 διασύρων
3322 4289 3633 4352 Ἰουδαίους,

2057 4377 2287 4449 ἔγραψε.
2318 4379 2488 4432 Τοῦτό
2517 4381 2631 4432 ἐστι
2657 4379 2717 4432 τὺ
2753 4380 3118 4452 χειρόγραφον
3149 4381 3177 4434 ὃ
3209 4384 3532 4456 προσήλωσε
3556 4381 3636 4450 τῷ

379 4297 538 4337 suum
570 4299 601 4338 e
632 4284 810 4339 medio
842 4284 1121 4348 tulissent,
1159 4300 1252 4341 eos
1291 4287 1669 4357 perstringens
1695 4291 1795 4344 hoc
1821 4292 1951 4346 scri-

380 4377 508 4443 psit.
543 4375 675 4430 lllud
707 4387 790 4430 est
817 4372 1430 4448 chirographum,'quod
1467 4379 1658 4433 Adami
1692 4385 1953 4438 condem-

381 4469 528 4522 natio
557 4469 705 4522 cruci
743 4470 996 4537 przeﬁxit,
1033 4469 1308 4538 quodjam
1346 4471 1594 4526 diabolus
1621 4474 1933 4541 possidens,

2067 4471 2332 4543 παυρῷή
2365 4471 2505 4525 κατά
2543 4470 2635 4524 τοῦ
2669 4472 2843 4542 Ἀδὰμ
2875 4473 3174 4541 ἀπόφασις,
3219 4474 3356 4543 ὅπερ
3392 4476 3420 4526 6
3452 4472 3637 4527 διάδο-

377 4575 567 4615 onmes
616 4562 862 4615 homines
902 4562 1064 4617 morti
1097 4562 1279 4616 dabat.
1315 4562 1512 4616 Verum
1553 4563 1806 4620 Salvator
1849 4567 1944 4622 ubi

2067 4571 2144 4630 ιος
2188 4565 2456 4634 κατέχων,
2486 4566 2693 4628 πάντας
2733 4565 3058 4636 ἀνθρώπους
3108 4567 3388 4637 ἀπέφερεν
3423 4567 3504 4630 είς
3534 4565 3632 4620 θά-

379 4665 479 4720 pro
504 4646 658 4707 nobis
681 4653 735 4706 in
759 4651 907 4722 ligno
947 4664 1196 4708 mortuus
1226 4653 1349 4718 fuit,
1387 4669 1486 4710 nos
1513 4653 1786 4712 liberavit.

2067 4675 2235 4714 νατον.
2290 4657 2431 4710 Ἀλλ’
2469 4658 2497 4710 ό
2528 4657 2719 4728 Σωτὴρ
2750 4657 2888 4728 ὑπὲρ
2919 4658 3078 4729 ἡμῶν
3111 4659 3170 4711 ἐν
3207 4658 3285 4729 τῷ
3315 4656 3459 4730 ξύλῳ
3489 4658 3631 4712 ἀπο-

2054 4749 2253 4812 θανὼν,
2287 4747 2666 4818 ἠλευθέρωσεν
2696 4751 2865 4818 ἡμᾶς.

2131 4859 2150 4892 ι
2225 4842 2337 4894 Καὶ
2411 4839 2598 4904 κλίνας
2682 4839 2781 4910 τὴν
2854 4840 3120 4911 κεφαλὴν,
3201 4839 3490 4912 παρέδωκε
3569 4840 3629 4893 ea

2051 4931 2294 5000 πνεῦμα.
2330 4948 2352 4982 ι

453 5023 632 5094 Caput
671 5024 978 5089 inclinavit,
1016 5026 1116 5080 hoc
1147 5027 1294 5081 enim
1333 5042 1436 5082 non
1470 5037 1586 5084 erat
1620 5028 1860 5094 amxum,
1893 5040 1950 5086 et

2121 5023 2234 5093 Τὴν
2263 5021 2510 5094 κεφαλὴν
2545 5020 2781 5074 ἐκλινενο
2839 5019 2978 5091 αῦτη
3027 5023 3136 5091 γὰρ
3179 5021 3241 5073 οὐ
3277 5021 3622 5091 προσήλωτο,

378 5125 506 5171 tunc
563 5116 876 5184 exspiravit.
921 5117 1134 5172 Etenim
1189 5121 1425 5176 universi
1480 5131 1598 5177 erat
1653 5121 1947 5190 Dominus;

2067 5116 2142 5168 ιαὶ
2173 5114 2294 5167 τότε
2324 5113 2641 5178 ἐξέπνευσε.
2676 5111 2912 5180 Καὶγὰρ
2945 5111 3038 5164 τοῦ
3072 5111 3271 5174 παντὸς
3296 5107 3364 5182 ἦν
3391 5111 3620 5180 Κύριος,

378 5219 501 5259 cum
556 5205 691 5258 alias
747 5209 982 5275 primum
1039 5211 1323 5280 exspirare
1353 5212 1480 5281 quis
1516 5211 1711 5278 soleat,
1741 5226 1804 5266 ac
1834 5221 1947 5265 tum

2067 5206 2250 5274 ιαίπερ
2278 5203 2372 5257 τοῦ
2415 5203 2570 5265 ἐθους
2601 5202 2816 5273 ἔχοντος
2853 5203 3068 5274 πρῶτον
3097 5205 3342 5269 ἐκπνεῖν,
3376 5205 3470 5256 καὶ
3496 5204 3619 5256 τότε

376 5297 592 5351 demum
614 5307 776 5364 caput
810 5299 1091 5356 inclinare.

2067 5297 2142 5370 ςὴν
2175 5293 2417 5366 κεφαλὴν
2453 5293 2676 5349 κλίνειν.

447 5387 616 5442 νειιε.
645 5387 737 5442 3i.
770 5408 788 5441 ι
817 5389 986 5446 Judaei
1019 5409 1150 5455 ergo
1175 5394 1454 5465 (quoniam
1483 5393 1787 5449 Parasccve
1805 5387 1946 5460 erat)

2121 5408 2141 5442 ι
2183 5390 2245 5443 Οί
2270 5383 2362 5442 οῦν
2417 5387 2663 5441 Ἰουδαῖοι
2701 5385 2846 5456 (ἐπεὶ
2889 5383 3222 5455 Παρασκευὴ
3248 5379 3315 5456 ἦν
3335 5385 3377 5455 ),
3419 5383 3507 5436 ἵνα
3540 5381 3616 5454 μὴ

451 4837 620 4895 Vens.
639 4837 730 4896 30.
755 4855 775 4891 ι
799 4838 866 4893 Ει
896 4837 1154 4896 inclinato
1186 4838 1363 4910 capite
1391 4840 1615 4896 tradidit
1645 4842 1950 4912 spiritum.»

443 5566 488 5598 ³⁰
518 5565 623 5620 lsa.
650 5582 768 5634 ιιιι,
802 5569 886 5625 η.

441 5751 468 5784 ν
491 5743 589 5802 Cr.
619 5746 716 5802 οὐκ
740 5748 903 5818 ἡδύνα
916 5765 972 5802 σο
1005 5746 1205 5817 καταψ.
