  <div class='ocr_page' id='page_1' title='image "/cluster/home/n/w/nwhite01/storage/ocr_20150623/85/coo.31924054869866/764.png"; bbox 0 0 4064 6394; ppageno 0'>
   <div class='ocr_carea' id='block_1_1' title="bbox 362 324 497 390">
    <p class='ocr_par' dir='ltr' id='par_1_1' title="bbox 362 324 497 390">
     <span class='ocr_line' id='line_1_1' title="bbox 362 324 497 390; baseline 0 -2"><span class='ocrx_word' id='word_1_1' title='bbox 362 324 497 390; x_wconf 80' lang='grc'><strong>1513</strong></span> 
     </span>
    </p>
   </div>
   <div class='ocr_carea' id='block_1_2' title="bbox 1418 325 2513 390">
    <p class='ocr_par' dir='ltr' id='par_1_2' title="bbox 1418 325 2513 390">
     <span class='ocr_line' id='line_1_2' title="bbox 1418 325 2513 390; baseline 0.006 -7"><span class='ocrx_word' id='word_1_2' title='bbox 1418 325 1877 386; x_wconf 76' lang='lat' dir='ltr'><strong>FRAGMENTA</strong></span> <span class='ocrx_word' id='word_1_3' title='bbox 1913 326 1996 387; x_wconf 83' lang='lat' dir='ltr'><strong>IN</strong></span> <span class='ocrx_word' id='word_1_4' title='bbox 2037 327 2097 386; x_wconf 93' lang='lat' dir='ltr'><strong>S.</strong></span> <span class='ocrx_word' id='word_1_5' title='bbox 2138 327 2513 390; x_wconf 82' lang='lat' dir='ltr'><strong>JOANNEM.</strong></span> 
     </span>
    </p>
   </div>
   <div class='ocr_carea' id='block_1_3' title="bbox 3470 334 3608 400">
    <p class='ocr_par' dir='ltr' id='par_1_3' title="bbox 3470 334 3608 400">
     <span class='ocr_line' id='line_1_3' title="bbox 3470 334 3608 400; baseline -0.007 -2"><span class='ocrx_word' id='word_1_6' title='bbox 3470 334 3608 400; x_wconf 59' lang='lat'><strong>1511.</strong></span> 
     </span>
    </p>
   </div>
   <div class='ocr_carea' id='block_1_4' title="bbox 361 434 1922 517">
    <p class='ocr_par' dir='ltr' id='par_1_4' title="bbox 361 434 1922 511">
     <span class='ocr_line' id='line_1_4' title="bbox 361 434 1922 511; baseline 0.001 -21"><span class='ocrx_word' id='word_1_7' title='bbox 361 438 525 510; x_wconf 83' lang='grc' dir='ltr'>μείνῃ</span> <span class='ocrx_word' id='word_1_8' title='bbox 564 437 657 490; x_wconf 71' lang='grc' dir='ltr'>ἐπὶ</span> <span class='ocrx_word' id='word_1_9' title='bbox 685 437 782 491; x_wconf 88' lang='grc' dir='ltr'><strong>τοῦ</strong></span> <span class='ocrx_word' id='word_1_10' title='bbox 816 434 1052 510; x_wconf 78' lang='grc' dir='ltr'>σταυροῦ</span> <span class='ocrx_word' id='word_1_11' title='bbox 1098 437 1165 489; x_wconf 84' lang='grc' dir='ltr'><strong>τά</strong></span> <span class='ocrx_word' id='word_1_12' title='bbox 1210 436 1436 509; x_wconf 87' lang='grc' dir='ltr'>σώματα</span> <span class='ocrx_word' id='word_1_13' title='bbox 1469 440 1528 492; x_wconf 84' lang='grc' dir='ltr'>ὲν</span> <span class='ocrx_word' id='word_1_14' title='bbox 1553 439 1632 510; x_wconf 82' lang='grc' dir='ltr'>τῷ</span> <span class='ocrx_word' id='word_1_15' title='bbox 1669 440 1922 511; x_wconf 75' lang='grc' dir='ltr'>Σαϐϐάτῳ</span> 
     </span>
    </p>
   </div>
   <div class='ocr_carea' id='block_1_5' title="bbox 2027 434 3609 517">
    <p class='ocr_par' dir='ltr' id='par_1_5' title="bbox 2036 445 3609 517">
     <span class='ocr_line' id='line_1_5' title="bbox 2036 445 3609 517; baseline 0.006 -24"><span class='ocrx_word' id='word_1_16' title='bbox 2036 450 2094 494; x_wconf 85' lang='grc' dir='ltr'><strong>ιιι</strong></span> <span class='ocrx_word' id='word_1_17' title='bbox 2127 457 2233 496; x_wconf 91' lang='lat' dir='ltr'><strong>non</strong></span> <span class='ocrx_word' id='word_1_18' title='bbox 2266 453 2614 499; x_wconf 74' lang='lat' dir='ltr'><strong>remanerent</strong></span> <span class='ocrx_word' id='word_1_19' title='bbox 2647 445 2698 500; x_wconf 92' lang='lat' dir='ltr'><strong>in</strong></span> <span class='ocrx_word' id='word_1_20' title='bbox 2730 458 2894 500; x_wconf 90' lang='lat' dir='ltr'><strong>cruce</strong></span> <span class='ocrx_word' id='word_1_21' title='bbox 2939 460 3171 516; x_wconf 80' lang='lat' dir='ltr'><strong>corpora</strong></span> <span class='ocrx_word' id='word_1_22' title='bbox 3205 445 3443 502; x_wconf 70' lang='lat' dir='ltr'><strong>Sabbato</strong></span> <span class='ocrx_word' id='word_1_23' title='bbox 3466 449 3609 517; x_wconf 88' lang='lat' dir='ltr'><strong>(erat</strong></span> 
     </span>
    </p>
   </div>
   <div class='ocr_carea' id='block_1_6' title="bbox 359 522 1930 600">
    <p class='ocr_par' dir='ltr' id='par_1_6' title="bbox 359 522 1930 600">
     <span class='ocr_line' id='line_1_6' title="bbox 359 522 1930 600; baseline -0.011 -2"><span class='ocrx_word' id='word_1_24' title='bbox 359 522 447 597; x_wconf 77' lang='grc' dir='ltr'><strong>(ἦν</strong></span> <span class='ocrx_word' id='word_1_25' title='bbox 474 527 581 598; x_wconf 79' lang='grc' dir='ltr'><strong>γὰρ</strong></span> <span class='ocrx_word' id='word_1_26' title='bbox 612 526 822 596; x_wconf 78' lang='grc' dir='ltr'>μεγάλη</span> <span class='ocrx_word' id='word_1_27' title='bbox 856 526 1038 596; x_wconf 77' lang='grc' dir='ltr'>ἡμέρα</span> <span class='ocrx_word' id='word_1_28' title='bbox 1087 526 1270 595; x_wconf 78' lang='grc' dir='ltr'>ἐκείνη</span> <span class='ocrx_word' id='word_1_29' title='bbox 1302 525 1400 579; x_wconf 88' lang='grc' dir='ltr'><strong>τοῦ</strong></span> <span class='ocrx_word' id='word_1_30' title='bbox 1424 527 1753 600; x_wconf 59' lang='grc' dir='ltr'>βαϐϐἀτου),</span> <span class='ocrx_word' id='word_1_31' title='bbox 1781 528 1930 600; x_wconf 82' lang='grc' dir='ltr'>ἡρώ-</span> 
     </span>
    </p>
   </div>
   <div class='ocr_carea' id='block_1_7' title="bbox 354 615 1928 691">
    <p class='ocr_par' dir='ltr' id='par_1_7' title="bbox 354 615 1928 691">
     <span class='ocr_line' id='line_1_7' title="bbox 354 615 1928 691; baseline 0.003 -21"><span class='ocrx_word' id='word_1_32' title='bbox 354 634 530 687; x_wconf 83' lang='grc' dir='ltr'>τησαν</span> <span class='ocrx_word' id='word_1_33' title='bbox 549 617 640 668; x_wconf 83' lang='grc' dir='ltr'>τὸν</span> <span class='ocrx_word' id='word_1_34' title='bbox 673 616 903 671; x_wconf 75' lang='grc' dir='ltr'><strong>Πιλᾶτον</strong></span> <span class='ocrx_word' id='word_1_35' title='bbox 923 615 1013 669; x_wconf 80' lang='grc' dir='ltr'>ἵνα</span> <span class='ocrx_word' id='word_1_36' title='bbox 1040 617 1385 687; x_wconf 79' lang='grc' dir='ltr'>κατεαγῶσιν</span> <span class='ocrx_word' id='word_1_37' title='bbox 1416 617 1597 671; x_wconf 75' lang='grc' dir='ltr'>αὐτῶν</span> <span class='ocrx_word' id='word_1_38' title='bbox 1631 620 1699 672; x_wconf 84' lang='grc' dir='ltr'>τὰ</span> <span class='ocrx_word' id='word_1_39' title='bbox 1739 619 1928 691; x_wconf 82' lang='grc' dir='ltr'><strong>σκέλη,</strong></span> 
     </span>
    </p>
   </div>
   <div class='ocr_carea' id='block_1_8' title="bbox 357 706 791 779">
    <p class='ocr_par' dir='ltr' id='par_1_8' title="bbox 357 706 791 779">
     <span class='ocr_line' id='line_1_8' title="bbox 357 706 791 779; baseline 0 -18"><span class='ocrx_word' id='word_1_40' title='bbox 357 708 451 761; x_wconf 79' lang='grc' dir='ltr'><strong>καὶ</strong></span> <span class='ocrx_word' id='word_1_41' title='bbox 471 706 732 779; x_wconf 78' lang='grc' dir='ltr'><strong>ἀρθῶσιν.</strong></span> <span class='ocrx_word' id='word_1_42' title='bbox 771 727 791 761; x_wconf 73' lang='grc' dir='ltr'><strong>ι</strong></span> 
     </span>
    </p>
   </div>
   <div class='ocr_carea' id='block_1_9' title="bbox 425 799 1929 872">
    <p class='ocr_par' dir='ltr' id='par_1_9' title="bbox 425 799 1929 872">
     <span class='ocr_line' id='line_1_9' title="bbox 425 799 1929 872; baseline 0.003 -20"><span class='ocrx_word' id='word_1_43' title='bbox 425 799 860 869; x_wconf 76' lang='grc' dir='ltr'>Προσποιοῦνται</span> <span class='ocrx_word' id='word_1_44' title='bbox 905 802 1073 872; x_wconf 84' lang='grc' dir='ltr'>τιμᾷν</span> <span class='ocrx_word' id='word_1_45' title='bbox 1117 800 1215 872; x_wconf 85' lang='grc' dir='ltr'>τὴν</span> <span class='ocrx_word' id='word_1_46' title='bbox 1273 801 1516 872; x_wconf 81' lang='grc' dir='ltr'><strong>ἡμέραν,</strong></span> <span class='ocrx_word' id='word_1_47' title='bbox 1570 802 1675 855; x_wconf 69' lang='grc' dir='ltr'><strong>καὶΔ</strong></span> <span class='ocrx_word' id='word_1_48' title='bbox 1710 801 1929 861; x_wconf 69' lang='grc' dir='ltr'>,αἰτοῦσι</span> 
     </span>
    </p>
   </div>
   <div class='ocr_carea' id='block_1_10' title="bbox 354 889 1925 965">
    <p class='ocr_par' dir='ltr' id='par_1_10' title="bbox 354 889 1925 965">
     <span class='ocr_line' id='line_1_10' title="bbox 354 889 1925 965; baseline 0.001 -19"><span class='ocrx_word' id='word_1_49' title='bbox 354 893 518 964; x_wconf 80' lang='grc' dir='ltr'>χάριν</span> <span class='ocrx_word' id='word_1_50' title='bbox 554 889 695 943; x_wconf 82' lang='grc' dir='ltr'>ὥστε</span> <span class='ocrx_word' id='word_1_51' title='bbox 732 889 1033 963; x_wconf 80' lang='grc' dir='ltr'>ταχύτερον</span> <span class='ocrx_word' id='word_1_52' title='bbox 1092 891 1389 945; x_wconf 78' lang='grc' dir='ltr'>ἀποθανεῖν</span> <span class='ocrx_word' id='word_1_53' title='bbox 1418 894 1548 958; x_wconf 81' lang='grc' dir='ltr'>τοὺς</span> <span class='ocrx_word' id='word_1_54' title='bbox 1574 893 1925 965; x_wconf 75' lang='grc' dir='ltr'>ἀνθρώπουςο</span> 
     </span>
    </p>
   </div>
   <div class='ocr_carea' id='block_1_11' title="bbox 354 982 1929 1059">
    <p class='ocr_par' dir='ltr' id='par_1_11' title="bbox 354 982 1929 1059">
     <span class='ocr_line' id='line_1_11' title="bbox 354 982 1929 1059; baseline 0.002 -22"><span class='ocrx_word' id='word_1_55' title='bbox 354 982 620 1047; x_wconf 78' lang='grc' dir='ltr'>αἰτοῦσιν,</span> <span class='ocrx_word' id='word_1_56' title='bbox 646 983 734 1036; x_wconf 80' lang='grc' dir='ltr'><strong>ἵνα</strong></span> <span class='ocrx_word' id='word_1_57' title='bbox 764 984 1027 1056; x_wconf 81' lang='grc' dir='ltr'><strong>πληρωθῇ</strong></span> <span class='ocrx_word' id='word_1_58' title='bbox 1058 985 1222 1039; x_wconf 81' lang='grc' dir='ltr'>πάλιν</span> <span class='ocrx_word' id='word_1_59' title='bbox 1252 986 1386 1059; x_wconf 78' lang='grc' dir='ltr'>ἄλλη</span> <span class='ocrx_word' id='word_1_60' title='bbox 1417 986 1635 1058; x_wconf 80' lang='grc' dir='ltr'>Γραφὴ,</span> <span class='ocrx_word' id='word_1_61' title='bbox 1667 989 1701 1058; x_wconf 80' lang='grc' dir='ltr'>ἡ</span> <span class='ocrx_word' id='word_1_62' title='bbox 1731 987 1929 1056; x_wconf 84' lang='grc' dir='ltr'>λέγου-</span> 
     </span>
    </p>
   </div>
   <div class='ocr_carea' id='block_1_12' title="bbox 355 1074 1581 1145">
    <p class='ocr_par' dir='ltr' id='par_1_12' title="bbox 355 1074 1581 1145">
     <span class='ocr_line' id='line_1_12' title="bbox 355 1074 1581 1145; baseline 0.004 -19"><span class='ocrx_word' id='word_1_63' title='bbox 355 1091 427 1128; x_wconf 89' lang='grc' dir='ltr'>σα</span> <span class='ocrx_word' id='word_1_64' title='bbox 445 1090 459 1104; x_wconf 90' lang='grc'><strong>·</strong></span> <span class='ocrx_word' id='word_1_65' title='bbox 492 1074 752 1129; x_wconf 85' lang='grc' dir='ltr'><strong>Ὀστοῦν</strong></span> <span class='ocrx_word' id='word_1_66' title='bbox 773 1077 844 1128; x_wconf 85' lang='grc' dir='ltr'>οὐ</span> <span class='ocrx_word' id='word_1_67' title='bbox 872 1075 1334 1145; x_wconf 70' lang='grc' dir='ltr'>συντριϐήσεται</span> <span class='ocrx_word' id='word_1_68' title='bbox 1372 1077 1581 1131; x_wconf 84' lang='grc' dir='ltr'>αὐτοῦ.</span> 
     </span>
    </p>
   </div>
   <div class='ocr_carea' id='block_1_13' title="bbox 429 1163 1924 1237">
    <p class='ocr_par' dir='ltr' id='par_1_13' title="bbox 429 1163 1924 1237">
     <span class='ocr_line' id='line_1_13' title="bbox 429 1163 1924 1237; baseline 0.005 -21"><span class='ocrx_word' id='word_1_69' title='bbox 429 1182 449 1216; x_wconf 77' lang='grc' dir='ltr'><strong>ι</strong></span> <span class='ocrx_word' id='word_1_70' title='bbox 521 1163 771 1232; x_wconf 82' lang='grc' dir='ltr'>Ἐγένετο</span> <span class='ocrx_word' id='word_1_71' title='bbox 813 1164 923 1235; x_wconf 80' lang='grc' dir='ltr'>γὰρ</span> <span class='ocrx_word' id='word_1_72' title='bbox 948 1164 1146 1229; x_wconf 88' lang='grc' dir='ltr'>ταῦτα,</span> <span class='ocrx_word' id='word_1_73' title='bbox 1198 1166 1287 1218; x_wconf 81' lang='grc' dir='ltr'>ἳνα</span> <span class='ocrx_word' id='word_1_74' title='bbox 1327 1167 1361 1234; x_wconf 84' lang='grc' dir='ltr'><strong>ἡ</strong></span> <span class='ocrx_word' id='word_1_75' title='bbox 1396 1165 1590 1236; x_wconf 82' lang='grc' dir='ltr'>Γραφὴ</span> <span class='ocrx_word' id='word_1_76' title='bbox 1621 1164 1924 1237; x_wconf 78' lang='grc' dir='ltr'><strong>πληρωθῇ·</strong></span> 
     </span>
    </p>
   </div>
   <div class='ocr_carea' id='block_1_14' title="bbox 368 1255 1560 1328">
    <p class='ocr_par' dir='ltr' id='par_1_14' title="bbox 368 1255 1560 1328">
     <span class='ocr_line' id='line_1_14' title="bbox 368 1255 1560 1328; baseline 0 -19"><span class='ocrx_word' id='word_1_77' title='bbox 368 1255 592 1309; x_wconf 80' lang='grc' dir='ltr'>Ὀστοῦν</span> <span class='ocrx_word' id='word_1_78' title='bbox 628 1256 692 1310; x_wconf 80' lang='grc' dir='ltr'><strong>οὐ</strong></span> <span class='ocrx_word' id='word_1_79' title='bbox 727 1256 1150 1328; x_wconf 82' lang='grc' dir='ltr'>συντριϐήσεται</span> <span class='ocrx_word' id='word_1_80' title='bbox 1178 1257 1272 1311; x_wconf 75' lang='grc' dir='ltr'>ἀπ’</span> <span class='ocrx_word' id='word_1_81' title='bbox 1314 1257 1502 1311; x_wconf 84' lang='grc' dir='ltr'>αὑτοῦ.</span> <span class='ocrx_word' id='word_1_82' title='bbox 1541 1276 1560 1309; x_wconf 74' lang='grc' dir='ltr'><strong>ι</strong></span> 
     </span>
    </p>
   </div>
   <div class='ocr_carea' id='block_1_15' title="bbox 428 1348 1930 1420">
    <p class='ocr_par' dir='ltr' id='par_1_15' title="bbox 428 1348 1930 1420">
     <span class='ocr_line' id='line_1_15' title="bbox 428 1348 1930 1420; baseline 0.003 -19"><span class='ocrx_word' id='word_1_83' title='bbox 428 1348 724 1402; x_wconf 87' lang='grc' dir='ltr'>Πιστοῦται</span> <span class='ocrx_word' id='word_1_84' title='bbox 778 1349 807 1401; x_wconf 98' lang='lat'><strong>6</strong></span> <span class='ocrx_word' id='word_1_85' title='bbox 859 1348 1293 1420; x_wconf 80' lang='grc' dir='ltr'>εὐαγγελιστὴς,</span> <span class='ocrx_word' id='word_1_86' title='bbox 1341 1350 1424 1402; x_wconf 84' lang='grc' dir='ltr'><strong>ὅτι</strong></span> <span class='ocrx_word' id='word_1_87' title='bbox 1479 1349 1642 1413; x_wconf 76' lang='grc' dir='ltr'>αὐτός</span> <span class='ocrx_word' id='word_1_88' title='bbox 1702 1351 1849 1404; x_wconf 75' lang='grc' dir='ltr'>ἐστιν</span> <span class='ocrx_word' id='word_1_89' title='bbox 1902 1354 1930 1405; x_wconf 90' lang='lat'><strong>6</strong></span> 
     </span>
    </p>
   </div>
   <div class='ocr_carea' id='block_1_16' title="bbox 354 1439 1930 1513">
    <p class='ocr_par' dir='ltr' id='par_1_16' title="bbox 354 1439 1930 1513">
     <span class='ocr_line' id='line_1_16' title="bbox 354 1439 1930 1513; baseline 0.001 -20"><span class='ocrx_word' id='word_1_90' title='bbox 354 1440 608 1511; x_wconf 79' lang='grc' dir='ltr'>Χριστὸς,</span> <span class='ocrx_word' id='word_1_91' title='bbox 659 1442 687 1493; x_wconf 93' lang='lat'><strong>6</strong></span> <span class='ocrx_word' id='word_1_92' title='bbox 715 1439 804 1493; x_wconf 76' lang='grc' dir='ltr'>διὰ</span> <span class='ocrx_word' id='word_1_93' title='bbox 832 1439 941 1494; x_wconf 85' lang='grc' dir='ltr'><strong>τῶν</strong></span> <span class='ocrx_word' id='word_1_94' title='bbox 983 1440 1217 1511; x_wconf 73' lang='grc' dir='ltr'>Γραφῶν</span> <span class='ocrx_word' id='word_1_95' title='bbox 1246 1441 1734 1513; x_wconf 84' lang='grc' dir='ltr'>προαναφωνηθείς</span> <span class='ocrx_word' id='word_1_96' title='bbox 1754 1457 1768 1471; x_wconf 85' lang='grc'><strong>·</strong></span> <span class='ocrx_word' id='word_1_97' title='bbox 1807 1459 1930 1495; x_wconf 84' lang='grc' dir='ltr'>συν-</span> 
     </span>
    </p>
   </div>
   <div class='ocr_carea' id='block_1_17' title="bbox 353 1530 1926 1605">
    <p class='ocr_par' dir='ltr' id='par_1_17' title="bbox 353 1530 1926 1605">
     <span class='ocr_line' id='line_1_17' title="bbox 353 1530 1926 1605; baseline 0.001 -20"><span class='ocrx_word' id='word_1_98' title='bbox 353 1532 468 1605; x_wconf 81' lang='grc' dir='ltr'>ῳδά</span> <span class='ocrx_word' id='word_1_99' title='bbox 504 1532 614 1603; x_wconf 87' lang='grc' dir='ltr'><strong>γάρ</strong></span> <span class='ocrx_word' id='word_1_100' title='bbox 642 1533 756 1595; x_wconf 87' lang='grc' dir='ltr'>τοῖς</span> <span class='ocrx_word' id='word_1_101' title='bbox 795 1531 924 1603; x_wconf 58' lang='grc' dir='ltr'><strong>περὶ⁸</strong></span> <span class='ocrx_word' id='word_1_102' title='bbox 975 1531 1143 1586; x_wconf 86' lang='grc' dir='ltr'>αὐτοῦ</span> <span class='ocrx_word' id='word_1_103' title='bbox 1174 1531 1446 1602; x_wconf 78' lang='grc' dir='ltr'>λεχθεῖσιν</span> <span class='ocrx_word' id='word_1_104' title='bbox 1477 1530 1637 1603; x_wconf 78' lang='grc' dir='ltr'>ἐξέϐη</span> <span class='ocrx_word' id='word_1_105' title='bbox 1682 1531 1753 1586; x_wconf 87' lang='grc' dir='ltr'>τὰ</span> <span class='ocrx_word' id='word_1_106' title='bbox 1781 1532 1926 1604; x_wconf 88' lang='grc' dir='ltr'>πρά-</span> 
     </span>
    </p>
   </div>
   <div class='ocr_carea' id='block_1_18' title="bbox 353 1618 1930 1692">
    <p class='ocr_par' dir='ltr' id='par_1_18' title="bbox 353 1618 1930 1692">
     <span class='ocr_line' id='line_1_18' title="bbox 353 1618 1930 1692; baseline 0.002 -20"><span class='ocrx_word' id='word_1_107' title='bbox 353 1637 559 1689; x_wconf 84' lang='grc' dir='ltr'>γματα.</span> <span class='ocrx_word' id='word_1_108' title='bbox 581 1619 880 1692; x_wconf 67' lang='grc' dir='ltr'><strong>[ΩιιΑιΙ.]-</strong></span> <span class='ocrx_word' id='word_1_109' title='bbox 892 1618 1115 1673; x_wconf 87' lang='grc' dir='ltr'>Ὀστοῦν</span> <span class='ocrx_word' id='word_1_110' title='bbox 1151 1619 1249 1672; x_wconf 72' lang='grc' dir='ltr'><strong>δὲι</strong></span> <span class='ocrx_word' id='word_1_111' title='bbox 1268 1623 1468 1674; x_wconf 84' lang='grc' dir='ltr'>νοεῖται</span> <span class='ocrx_word' id='word_1_112' title='bbox 1503 1621 1564 1674; x_wconf 81' lang='grc' dir='ltr'><strong>τὸ</strong></span> <span class='ocrx_word' id='word_1_113' title='bbox 1594 1620 1807 1674; x_wconf 79' lang='grc' dir='ltr'>εὔτονον</span> <span class='ocrx_word' id='word_1_114' title='bbox 1836 1623 1930 1675; x_wconf 76' lang='grc' dir='ltr'>καὶ</span> 
     </span>
    </p>
   </div>
   <div class='ocr_carea' id='block_1_19' title="bbox 352 1711 1928 1784">
    <p class='ocr_par' dir='ltr' id='par_1_19' title="bbox 352 1711 1928 1784">
     <span class='ocr_line' id='line_1_19' title="bbox 352 1711 1928 1784; baseline 0.001 -19"><span class='ocrx_word' id='word_1_115' title='bbox 352 1713 658 1782; x_wconf 74' lang='grc' dir='ltr'>ἄθραυστον</span> <span class='ocrx_word' id='word_1_116' title='bbox 687 1712 782 1765; x_wconf 89' lang='grc' dir='ltr'><strong>τοῦ</strong></span> <span class='ocrx_word' id='word_1_117' title='bbox 841 1711 1108 1783; x_wconf 81' lang='grc' dir='ltr'>μυστικοῦ</span> <span class='ocrx_word' id='word_1_118' title='bbox 1155 1711 1342 1780; x_wconf 82' lang='grc' dir='ltr'>λόγου.</span> <span class='ocrx_word' id='word_1_119' title='bbox 1391 1712 1612 1784; x_wconf 78' lang='grc' dir='ltr'>Ἐπειδὴ</span> <span class='ocrx_word' id='word_1_120' title='bbox 1656 1713 1713 1766; x_wconf 84' lang='grc' dir='ltr'><strong>δὲ</strong></span> <span class='ocrx_word' id='word_1_121' title='bbox 1743 1714 1928 1767; x_wconf 83' lang='grc' dir='ltr'>εἰκόνα</span> 
     </span>
    </p>
   </div>
   <div class='ocr_carea' id='block_1_20' title="bbox 2034 534 3602 611">
    <p class='ocr_par' dir='ltr' id='par_1_20' title="bbox 2034 534 3602 611">
     <span class='ocr_line' id='line_1_20' title="bbox 2034 534 3602 611; baseline 0.003 -22"><span class='ocrx_word' id='word_1_122' title='bbox 2034 534 2179 589; x_wconf 90' lang='lat' dir='ltr'><strong>enim</strong></span> <span class='ocrx_word' id='word_1_123' title='bbox 2216 549 2445 605; x_wconf 79' lang='lat' dir='ltr'><strong>magnus</strong></span> <span class='ocrx_word' id='word_1_124' title='bbox 2474 535 2591 593; x_wconf 87' lang='lat' dir='ltr'><strong>dies</strong></span> <span class='ocrx_word' id='word_1_125' title='bbox 2623 536 2718 592; x_wconf 90' lang='lat' dir='ltr'><strong>ille</strong></span> <span class='ocrx_word' id='word_1_126' title='bbox 2765 538 3015 608; x_wconf 84' lang='lat' dir='ltr'><strong>Sabbati)</strong></span> <span class='ocrx_word' id='word_1_127' title='bbox 3046 556 3060 605; x_wconf 90' lang='lat'><strong>;</strong></span> <span class='ocrx_word' id='word_1_128' title='bbox 3096 550 3427 611; x_wconf 78' lang='lat' dir='ltr'><strong>rogaverunt</strong></span> <span class='ocrx_word' id='word_1_129' title='bbox 3457 540 3602 595; x_wconf 80' lang='lat' dir='ltr'><strong>Pila-</strong></span> 
     </span>
    </p>
   </div>
   <div class='ocr_carea' id='block_1_21' title="bbox 2036 624 3599 699">
    <p class='ocr_par' dir='ltr' id='par_1_21' title="bbox 2036 624 3599 699">
     <span class='ocr_line' id='line_1_21' title="bbox 2036 624 3599 699; baseline 0.004 -20"><span class='ocrx_word' id='word_1_130' title='bbox 2036 637 2145 680; x_wconf 92' lang='lat' dir='ltr'><strong>tum</strong></span> <span class='ocrx_word' id='word_1_131' title='bbox 2172 635 2230 681; x_wconf 87' lang='grc' dir='ltr'><strong>ιιι</strong></span> <span class='ocrx_word' id='word_1_132' title='bbox 2260 624 2645 699; x_wconf 73' lang='lat' dir='ltr'><strong>frangerentur</strong></span> <span class='ocrx_word' id='word_1_133' title='bbox 2675 645 2864 687; x_wconf 90' lang='lat' dir='ltr'><strong>eorum</strong></span> <span class='ocrx_word' id='word_1_134' title='bbox 2894 647 3057 688; x_wconf 88' lang='lat' dir='ltr'><strong>crura</strong></span> <span class='ocrx_word' id='word_1_135' title='bbox 3076 671 3094 698; x_wconf 88' lang='lat'><strong>,</strong></span> <span class='ocrx_word' id='word_1_136' title='bbox 3128 642 3182 688; x_wconf 90' lang='lat' dir='ltr'><strong>et</strong></span> <span class='ocrx_word' id='word_1_137' title='bbox 3222 633 3554 688; x_wconf 85' lang='lat' dir='ltr'><strong>tollerentur.</strong></span> <span class='ocrx_word' id='word_1_138' title='bbox 3580 653 3599 685; x_wconf 74' lang='grc' dir='ltr'><strong>ι</strong></span> 
     </span>
    </p>
   </div>
   <div class='ocr_carea' id='block_1_22' title="bbox 2107 797 3591 875">
    <p class='ocr_par' dir='ltr' id='par_1_22' title="bbox 2107 797 3591 875">
     <span class='ocr_line' id='line_1_22' title="bbox 2107 797 3591 875; baseline 0.005 -24"><span class='ocrx_word' id='word_1_139' title='bbox 2107 797 2421 855; x_wconf 67' lang='lat' dir='ltr'><strong>Praete&#39;xunt</strong></span> <span class='ocrx_word' id='word_1_140' title='bbox 2455 814 2515 855; x_wconf 90' lang='lat' dir='ltr'><strong>se</strong></span> <span class='ocrx_word' id='word_1_141' title='bbox 2532 801 2673 857; x_wconf 89' lang='lat' dir='ltr'><strong>diem</strong></span> <span class='ocrx_word' id='word_1_142' title='bbox 2706 802 2976 858; x_wconf 87' lang='lat' dir='ltr'><strong>honorare</strong></span> <span class='ocrx_word' id='word_1_143' title='bbox 3022 803 3243 870; x_wconf 86' lang='lat' dir='ltr'><strong>festum,</strong></span> <span class='ocrx_word' id='word_1_144' title='bbox 3276 814 3330 861; x_wconf 87' lang='lat' dir='ltr'><strong>et</strong></span> <span class='ocrx_word' id='word_1_145' title='bbox 3358 804 3591 875; x_wconf 85' lang='lat' dir='ltr'><strong>gratiam</strong></span> 
     </span>
    </p>
   </div>
   <div class='ocr_carea' id='block_1_23' title="bbox 2031 888 3599 959">
    <p class='ocr_par' dir='ltr' id='par_1_23' title="bbox 2031 888 3599 959">
     <span class='ocr_line' id='line_1_23' title="bbox 2031 888 3599 959; baseline 0.003 -16"><span class='ocrx_word' id='word_1_146' title='bbox 2031 888 2305 959; x_wconf 89' lang='lat' dir='ltr'><strong>postulant</strong></span> <span class='ocrx_word' id='word_1_147' title='bbox 2330 903 2439 959; x_wconf 92' lang='lat' dir='ltr'><strong>quo</strong></span> <span class='ocrx_word' id='word_1_148' title='bbox 2471 890 2632 946; x_wconf 89' lang='lat' dir='ltr'><strong>citius</strong></span> <span class='ocrx_word' id='word_1_149' title='bbox 2694 892 2943 949; x_wconf 85' lang='lat' dir='ltr'><strong>homines</strong></span> <span class='ocrx_word' id='word_1_150' title='bbox 3001 904 3371 949; x_wconf 84' lang='lat' dir='ltr'><strong>morerentur.</strong></span> <span class='ocrx_word' id='word_1_151' title='bbox 3398 894 3599 949; x_wconf 90' lang='lat' dir='ltr'><strong>Petunt</strong></span> 
     </span>
    </p>
   </div>
   <div class='ocr_carea' id='block_1_24' title="bbox 2033 980 3604 1058">
    <p class='ocr_par' dir='ltr' id='par_1_24' title="bbox 2033 980 3604 1058">
     <span class='ocr_line' id='line_1_24' title="bbox 2033 980 3604 1058; baseline 0.004 -24"><span class='ocrx_word' id='word_1_152' title='bbox 2033 984 2152 1046; x_wconf 87' lang='lat' dir='ltr'><strong>hoc,</strong></span> <span class='ocrx_word' id='word_1_153' title='bbox 2196 989 2254 1034; x_wconf 91' lang='lat' dir='ltr'><strong>ut</strong></span> <span class='ocrx_word' id='word_1_154' title='bbox 2280 980 2599 1051; x_wconf 85' lang='lat' dir='ltr'><strong>impleretur</strong></span> <span class='ocrx_word' id='word_1_155' title='bbox 2631 983 2828 1038; x_wconf 88' lang='lat' dir='ltr'><strong>iterum</strong></span> <span class='ocrx_word' id='word_1_156' title='bbox 2881 984 2987 1041; x_wconf 82' lang='lat' dir='ltr'><strong>alia</strong></span> <span class='ocrx_word' id='word_1_157' title='bbox 3028 985 3334 1058; x_wconf 79' lang='lat' dir='ltr'><strong>Scriptura,</strong></span> <span class='ocrx_word' id='word_1_158' title='bbox 3367 1000 3491 1057; x_wconf 70' lang='lat' dir='ltr'><strong>qua:</strong></span> <span class='ocrx_word' id='word_1_159' title='bbox 3520 987 3604 1043; x_wconf 87' lang='lat' dir='ltr'><strong>di-</strong></span> 
     </span>
    </p>
   </div>
   <div class='ocr_carea' id='block_1_25' title="bbox 2031 1070 3088 1132">
    <p class='ocr_par' dir='ltr' id='par_1_25' title="bbox 2031 1070 3088 1132">
     <span class='ocr_line' id='line_1_25' title="bbox 2031 1070 3088 1132; baseline 0.008 -7"><span class='ocrx_word' id='word_1_160' title='bbox 2031 1071 2106 1125; x_wconf 87' lang='lat' dir='ltr'><strong>cit</strong></span> <span class='ocrx_word' id='word_1_161' title='bbox 2145 1094 2155 1126; x_wconf 93' lang='lat'>:</span> <span class='ocrx_word' id='word_1_162' title='bbox 2190 1070 2264 1126; x_wconf 74' lang='lat'><strong>0:</strong></span> <span class='ocrx_word' id='word_1_163' title='bbox 2304 1090 2408 1128; x_wconf 82' lang='lat' dir='ltr'><strong>non</strong></span> <span class='ocrx_word' id='word_1_164' title='bbox 2439 1074 2806 1130; x_wconf 78' lang='lat' dir='ltr'><strong>comminuetis</strong></span> <span class='ocrx_word' id='word_1_165' title='bbox 2826 1092 2892 1132; x_wconf 76' lang='lat' dir='ltr'><strong>ea:</strong></span> <span class='ocrx_word' id='word_1_166' title='bbox 2920 1092 2980 1132; x_wconf 84' lang='lat' dir='ltr'><strong>eo</strong></span> <span class='ocrx_word' id='word_1_167' title='bbox 3022 1076 3088 1132; x_wconf 88' lang='grc'><strong>³¹.</strong></span> 
     </span>
    </p>
   </div>
   <div class='ocr_carea' id='block_1_26' title="bbox 2103 1163 3595 1242">
    <p class='ocr_par' dir='ltr' id='par_1_26' title="bbox 2103 1163 3595 1242">
     <span class='ocr_line' id='line_1_26' title="bbox 2103 1163 3595 1242; baseline 0.005 -25"><span class='ocrx_word' id='word_1_168' title='bbox 2103 1163 2271 1219; x_wconf 72' lang='lat' dir='ltr'><strong>Vens.</strong></span> <span class='ocrx_word' id='word_1_169' title='bbox 2307 1164 2397 1219; x_wconf 82' lang='grc'><strong>56.</strong></span> <span class='ocrx_word' id='word_1_170' title='bbox 2436 1185 2455 1217; x_wconf 82' lang='grc' dir='ltr'><strong>ι</strong></span> <span class='ocrx_word' id='word_1_171' title='bbox 2491 1165 2657 1221; x_wconf 89' lang='lat' dir='ltr'><strong>Facta</strong></span> <span class='ocrx_word' id='word_1_172' title='bbox 2689 1177 2817 1223; x_wconf 88' lang='lat' dir='ltr'><strong>sunt</strong></span> <span class='ocrx_word' id='word_1_173' title='bbox 2870 1168 3016 1223; x_wconf 91' lang='lat' dir='ltr'><strong>enim</strong></span> <span class='ocrx_word' id='word_1_174' title='bbox 3051 1170 3187 1237; x_wconf 57' lang='lat' dir='ltr'><strong>haec,</strong></span> <span class='ocrx_word' id='word_1_175' title='bbox 3223 1177 3283 1224; x_wconf 91' lang='lat' dir='ltr'><strong>ut</strong></span> <span class='ocrx_word' id='word_1_176' title='bbox 3311 1167 3595 1242; x_wconf 86' lang='lat' dir='ltr'><strong>Scriptura</strong></span> 
     </span>
    </p>
   </div>
   <div class='ocr_carea' id='block_1_27' title="bbox 2032 1254 3523 1333">
    <p class='ocr_par' dir='ltr' id='par_1_27' title="bbox 2032 1254 3523 1333">
     <span class='ocr_line' id='line_1_27' title="bbox 2032 1254 3523 1333; baseline 0.004 -25"><span class='ocrx_word' id='word_1_177' title='bbox 2032 1254 2351 1324; x_wconf 89' lang='lat' dir='ltr'><strong>impleretur</strong></span> <span class='ocrx_word' id='word_1_178' title='bbox 2384 1274 2397 1310; x_wconf 93' lang='lat'>:</span> <span class='ocrx_word' id='word_1_179' title='bbox 2436 1256 2511 1313; x_wconf 90' lang='lat' dir='ltr'><strong>Os</strong></span> <span class='ocrx_word' id='word_1_180' title='bbox 2545 1273 2650 1313; x_wconf 89' lang='lat' dir='ltr'><strong>non</strong></span> <span class='ocrx_word' id='word_1_181' title='bbox 2677 1259 3061 1315; x_wconf 89' lang='lat' dir='ltr'><strong>comminuetis</strong></span> <span class='ocrx_word' id='word_1_182' title='bbox 3080 1275 3147 1315; x_wconf 82' lang='lat' dir='ltr'><strong>ex</strong></span> <span class='ocrx_word' id='word_1_183' title='bbox 3181 1275 3269 1316; x_wconf 92' lang='lat' dir='ltr'><strong>eo.</strong></span> <span class='ocrx_word' id='word_1_184' title='bbox 3310 1279 3331 1313; x_wconf 73' lang='grc' dir='ltr'><strong>ι</strong></span> <span class='ocrx_word' id='word_1_185' title='bbox 3517 1325 3523 1333; x_wconf 28' lang='grc' dir='ltr'><strong><em>η</em></strong></span> 
     </span>
    </p>
   </div>
   <div class='ocr_carea' id='block_1_28' title="bbox 2121 1346 3607 1422">
    <p class='ocr_par' dir='ltr' id='par_1_28' title="bbox 2121 1346 3607 1422">
     <span class='ocr_line' id='line_1_28' title="bbox 2121 1346 3607 1422; baseline 0.002 -21"><span class='ocrx_word' id='word_1_186' title='bbox 2121 1346 2378 1403; x_wconf 81' lang='lat' dir='ltr'><strong>Testatur</strong></span> <span class='ocrx_word' id='word_1_187' title='bbox 2418 1348 2761 1421; x_wconf 71' lang='lat' dir='ltr'><strong>Evangelista</strong></span> <span class='ocrx_word' id='word_1_188' title='bbox 2787 1351 2960 1422; x_wconf 90' lang='lat' dir='ltr'><strong>ipsum</strong></span> <span class='ocrx_word' id='word_1_189' title='bbox 2988 1365 3111 1407; x_wconf 89' lang='lat' dir='ltr'><strong>esse</strong></span> <span class='ocrx_word' id='word_1_190' title='bbox 3143 1350 3607 1417; x_wconf 87' lang='lat' dir='ltr'><strong>Christum,Scri-</strong></span> 
     </span>
    </p>
   </div>
   <div class='ocr_carea' id='block_1_29' title="bbox 2027 1435 3608 1512">
    <p class='ocr_par' dir='ltr' id='par_1_29' title="bbox 2027 1435 3608 1512">
     <span class='ocr_line' id='line_1_29' title="bbox 2027 1435 3608 1512; baseline 0.004 -23"><span class='ocrx_word' id='word_1_191' title='bbox 2027 1435 2204 1508; x_wconf 89' lang='lat' dir='ltr'><strong>pluris</strong></span> <span class='ocrx_word' id='word_1_192' title='bbox 2233 1440 2570 1509; x_wconf 75' lang='lat' dir='ltr'><strong>prmdictum,</strong></span> <span class='ocrx_word' id='word_1_193' title='bbox 2593 1442 2715 1512; x_wconf 87' lang='lat' dir='ltr'><strong>quia</strong></span> <span class='ocrx_word' id='word_1_194' title='bbox 2742 1451 3041 1497; x_wconf 87' lang='lat' dir='ltr'><strong>consonant</strong></span> <span class='ocrx_word' id='word_1_195' title='bbox 3066 1440 3204 1495; x_wconf 87' lang='lat' dir='ltr'><strong>facta</strong></span> <span class='ocrx_word' id='word_1_196' title='bbox 3230 1440 3608 1510; x_wconf 64' lang='lat' dir='ltr'><strong>praenuntiatis</strong></span> 
     </span>
    </p>
   </div>
   <div class='ocr_carea' id='block_1_30' title="bbox 2031 1528 3607 1604">
    <p class='ocr_par' dir='ltr' id='par_1_30' title="bbox 2031 1528 3607 1604">
     <span class='ocr_line' id='line_1_30' title="bbox 2031 1528 3607 1604; baseline 0.003 -21"><span class='ocrx_word' id='word_1_197' title='bbox 2031 1529 2095 1583; x_wconf 89' lang='lat' dir='ltr'><strong>de</strong></span> <span class='ocrx_word' id='word_1_198' title='bbox 2111 1528 2285 1585; x_wconf 90' lang='lat' dir='ltr'><strong>illo.-</strong></span> <span class='ocrx_word' id='word_1_199' title='bbox 2299 1530 2371 1587; x_wconf 91' lang='lat' dir='ltr'><strong>Os</strong></span> <span class='ocrx_word' id='word_1_200' title='bbox 2384 1539 2562 1587; x_wconf 88' lang='lat' dir='ltr'><strong>autem</strong></span> <span class='ocrx_word' id='word_1_201' title='bbox 2579 1532 2891 1603; x_wconf 83' lang='lat' dir='ltr'><strong>intelligitur</strong></span> <span class='ocrx_word' id='word_1_202' title='bbox 2905 1533 3130 1588; x_wconf 82' lang='lat' dir='ltr'><strong>ﬁrmitas</strong></span> <span class='ocrx_word' id='word_1_203' title='bbox 3149 1547 3213 1588; x_wconf 88' lang='lat' dir='ltr'><strong>ac</strong></span> <span class='ocrx_word' id='word_1_204' title='bbox 3227 1532 3471 1587; x_wconf 89' lang='lat' dir='ltr'><strong>soliditas</strong></span> <span class='ocrx_word' id='word_1_205' title='bbox 3487 1548 3607 1604; x_wconf 82' lang='lat' dir='ltr'><strong>my-</strong></span> 
     </span>
    </p>
   </div>
   <div class='ocr_carea' id='block_1_31' title="bbox 2031 1620 3606 1696">
    <p class='ocr_par' dir='ltr' id='par_1_31' title="bbox 2031 1620 3606 1696">
     <span class='ocr_line' id='line_1_31' title="bbox 2031 1620 3606 1696; baseline 0.002 -22"><span class='ocrx_word' id='word_1_206' title='bbox 2031 1620 2152 1676; x_wconf 85' lang='lat' dir='ltr'><strong>stici</strong></span> <span class='ocrx_word' id='word_1_207' title='bbox 2188 1624 2481 1679; x_wconf 87' lang='lat' dir='ltr'><strong>sermonis.</strong></span> <span class='ocrx_word' id='word_1_208' title='bbox 2509 1622 2776 1691; x_wconf 83' lang='lat' dir='ltr'><strong>Quoniam</strong></span> <span class='ocrx_word' id='word_1_209' title='bbox 2807 1640 2935 1679; x_wconf 72' lang='lat' dir='ltr'><strong>vero</strong></span> <span class='ocrx_word' id='word_1_210' title='bbox 2958 1624 3074 1679; x_wconf 86' lang='lat' dir='ltr'><strong>ovis</strong></span> <span class='ocrx_word' id='word_1_211' title='bbox 3100 1623 3225 1696; x_wconf 88' lang='lat' dir='ltr'><strong>agni</strong></span> <span class='ocrx_word' id='word_1_212' title='bbox 3251 1623 3345 1679; x_wconf 86' lang='lat' dir='ltr'><strong>Dei</strong></span> <span class='ocrx_word' id='word_1_213' title='bbox 3380 1623 3606 1694; x_wconf 79' lang='lat' dir='ltr'><strong>figuram</strong></span> 
     </span>
    </p>
   </div>
   <div class='ocr_carea' id='block_1_32' title="bbox 2032 1711 3604 1784">
    <p class='ocr_par' dir='ltr' id='par_1_32' title="bbox 2032 1711 3604 1784">
     <span class='ocr_line' id='line_1_32' title="bbox 2032 1711 3604 1784; baseline 0.002 -20"><span class='ocrx_word' id='word_1_214' title='bbox 2032 1711 2236 1777; x_wconf 87' lang='lat' dir='ltr'><strong>retulit,</strong></span> <span class='ocrx_word' id='word_1_215' title='bbox 2276 1712 2517 1769; x_wconf 89' lang='lat' dir='ltr'><strong>nutritur</strong></span> <span class='ocrx_word' id='word_1_216' title='bbox 2546 1713 2670 1783; x_wconf 87' lang='lat' dir='ltr'><strong>quis</strong></span> <span class='ocrx_word' id='word_1_217' title='bbox 2699 1714 2877 1783; x_wconf 87' lang='lat' dir='ltr'><strong>capite</strong></span> <span class='ocrx_word' id='word_1_218' title='bbox 2902 1714 3128 1779; x_wconf 84' lang='lat' dir='ltr'><strong>Christi,</strong></span> <span class='ocrx_word' id='word_1_219' title='bbox 3156 1714 3247 1783; x_wconf 86' lang='lat' dir='ltr'><strong>qui</strong></span> <span class='ocrx_word' id='word_1_220' title='bbox 3283 1715 3484 1784; x_wconf 74' lang='lat' dir='ltr'><strong>exeipit</strong></span> <span class='ocrx_word' id='word_1_221' title='bbox 3512 1714 3604 1768; x_wconf 85' lang='lat' dir='ltr'><strong>illa</strong></span> 
     </span>
    </p>
   </div>
   <div class='ocr_carea' id='block_1_33' title="bbox 352 1792 1922 1877">
    <p class='ocr_par' dir='ltr' id='par_1_33' title="bbox 352 1802 1922 1877">
     <span class='ocr_line' id='line_1_33' title="bbox 352 1802 1922 1877; baseline -0.002 -19"><span class='ocrx_word' id='word_1_222' title='bbox 352 1804 513 1877; x_wconf 72' lang='grc' dir='ltr'>ἔφερε</span> <span class='ocrx_word' id='word_1_223' title='bbox 534 1804 594 1858; x_wconf 81' lang='grc' dir='ltr'><strong>τὸ</strong></span> <span class='ocrx_word' id='word_1_224' title='bbox 620 1804 889 1876; x_wconf 90' lang='grc' dir='ltr'>πρόϐατον</span> <span class='ocrx_word' id='word_1_225' title='bbox 919 1805 1014 1858; x_wconf 87' lang='grc' dir='ltr'><strong>τοῦ</strong></span> <span class='ocrx_word' id='word_1_226' title='bbox 1050 1804 1225 1875; x_wconf 88' lang='grc' dir='ltr'>ἀμνοῦ</span> <span class='ocrx_word' id='word_1_227' title='bbox 1255 1804 1351 1858; x_wconf 90' lang='grc' dir='ltr'><strong>τοῦ</strong></span> <span class='ocrx_word' id='word_1_228' title='bbox 1381 1802 1540 1867; x_wconf 88' lang='grc' dir='ltr'>Θεοῦ,</span> <span class='ocrx_word' id='word_1_229' title='bbox 1566 1805 1822 1876; x_wconf 71' lang='grc' dir='ltr'>τρέφεταί</span> <span class='ocrx_word' id='word_1_230' title='bbox 1847 1824 1922 1870; x_wconf 70' lang='grc' dir='ltr'><strong>τις</strong></span> 
     </span>
    </p>
   </div>
   <div class='ocr_carea' id='block_1_34' title="bbox 2027 1792 3604 1877">
    <p class='ocr_par' dir='ltr' id='par_1_34' title="bbox 2031 1800 3604 1874">
     <span class='ocr_line' id='line_1_34' title="bbox 2031 1800 3604 1874; baseline 0.007 -21"><span class='ocrx_word' id='word_1_231' title='bbox 2031 1814 2152 1868; x_wconf 69' lang='lat' dir='ltr'><strong>quae</strong></span> <span class='ocrx_word' id='word_1_232' title='bbox 2211 1800 2277 1855; x_wconf 90' lang='lat' dir='ltr'><strong>de</strong></span> <span class='ocrx_word' id='word_1_233' title='bbox 2331 1802 2450 1872; x_wconf 83' lang='lat' dir='ltr'><strong>ejus</strong></span> <span class='ocrx_word' id='word_1_234' title='bbox 2501 1806 2793 1857; x_wconf 89' lang='lat' dir='ltr'><strong>traduntur</strong></span> <span class='ocrx_word' id='word_1_235' title='bbox 2845 1803 3163 1871; x_wconf 75' lang='lat' dir='ltr'><strong>divinitate;</strong></span> <span class='ocrx_word' id='word_1_236' title='bbox 3198 1802 3421 1874; x_wconf 89' lang='lat' dir='ltr'><strong>pedibus</strong></span> <span class='ocrx_word' id='word_1_237' title='bbox 3450 1819 3604 1863; x_wconf 80' lang='lat' dir='ltr'><strong>vero.</strong></span> 
     </span>
    </p>
   </div>
   <div class='ocr_carea' id='block_1_35' title="bbox 351 1895 1927 1968">
    <p class='ocr_par' dir='ltr' id='par_1_35' title="bbox 351 1895 1927 1968">
     <span class='ocr_line' id='line_1_35' title="bbox 351 1895 1927 1968; baseline 0 -19"><span class='ocrx_word' id='word_1_238' title='bbox 351 1898 451 1965; x_wconf 78' lang='grc' dir='ltr'>τὴν</span> <span class='ocrx_word' id='word_1_239' title='bbox 490 1895 733 1968; x_wconf 80' lang='grc' dir='ltr'>κεφαλὴν</span> <span class='ocrx_word' id='word_1_240' title='bbox 772 1895 866 1949; x_wconf 87' lang='grc' dir='ltr'><strong>τοῦ</strong></span> <span class='ocrx_word' id='word_1_241' title='bbox 923 1895 1184 1966; x_wconf 86' lang='grc' dir='ltr'>Χριστοῦ,</span> <span class='ocrx_word' id='word_1_242' title='bbox 1220 1897 1286 1950; x_wconf 69' lang='grc' dir='ltr'>τὰ</span> <span class='ocrx_word' id='word_1_243' title='bbox 1325 1896 1455 1967; x_wconf 78' lang='grc' dir='ltr'>περὶ</span> <span class='ocrx_word' id='word_1_244' title='bbox 1508 1896 1606 1965; x_wconf 81' lang='grc' dir='ltr'>τῆς</span> <span class='ocrx_word' id='word_1_245' title='bbox 1644 1895 1927 1962; x_wconf 82' lang='grc' dir='ltr'>θεολογίας</span> 
     </span>
    </p>
   </div>
   <div class='ocr_carea' id='block_1_36' title="bbox 352 1986 1925 2057">
    <p class='ocr_par' dir='ltr' id='par_1_36' title="bbox 352 1986 1925 2057">
     <span class='ocr_line' id='line_1_36' title="bbox 352 1986 1925 2057; baseline -0.005 -15"><span class='ocrx_word' id='word_1_246' title='bbox 352 1988 518 2042; x_wconf 84' lang='grc' dir='ltr'>αὑτοῦ</span> <span class='ocrx_word' id='word_1_247' title='bbox 554 1986 914 2057; x_wconf 77' lang='grc' dir='ltr'>ἐκλαμϐάνων</span> <span class='ocrx_word' id='word_1_248' title='bbox 937 2005 952 2019; x_wconf 78' lang='grc' dir='ltr'><strong>ο</strong></span> <span class='ocrx_word' id='word_1_249' title='bbox 999 1987 1128 2050; x_wconf 75' lang='grc' dir='ltr'>τοὺς</span> <span class='ocrx_word' id='word_1_250' title='bbox 1156 1987 1213 2040; x_wconf 74' lang='grc' dir='ltr'><strong>δὲ</strong></span> <span class='ocrx_word' id='word_1_251' title='bbox 1246 1987 1433 2052; x_wconf 83' lang='grc' dir='ltr'>πόδας,</span> <span class='ocrx_word' id='word_1_252' title='bbox 1483 1986 1867 2056; x_wconf 74' lang='grc' dir='ltr'>διδασκόμενος</span> <span class='ocrx_word' id='word_1_253' title='bbox 1896 1993 1925 2034; x_wconf 73' lang='grc' dir='ltr'><em>γ</em></span> 
     </span>
    </p>
   </div>
   <div class='ocr_carea' id='block_1_37' title="bbox 350 2077 1923 2151">
    <p class='ocr_par' dir='ltr' id='par_1_37' title="bbox 350 2077 1923 2151">
     <span class='ocr_line' id='line_1_37' title="bbox 350 2077 1923 2151; baseline -0.001 -20"><span class='ocrx_word' id='word_1_254' title='bbox 350 2080 481 2149; x_wconf 79' lang='grc' dir='ltr'>περὶ</span> <span class='ocrx_word' id='word_1_255' title='bbox 507 2080 604 2149; x_wconf 87' lang='grc' dir='ltr'>τῆς</span> <span class='ocrx_word' id='word_1_256' title='bbox 626 2079 895 2151; x_wconf 81' lang='grc' dir='ltr'>ὲνσάρκου</span> <span class='ocrx_word' id='word_1_257' title='bbox 921 2080 1087 2133; x_wconf 81' lang='grc' dir='ltr'>αὐτοῦ</span> <span class='ocrx_word' id='word_1_258' title='bbox 1116 2079 1427 2149; x_wconf 85' lang='grc' dir='ltr'>οίκονομίας</span> <span class='ocrx_word' id='word_1_259' title='bbox 1443 2093 1458 2109; x_wconf 76' lang='grc' dir='ltr'><strong>ο</strong></span> <span class='ocrx_word' id='word_1_260' title='bbox 1486 2078 1554 2131; x_wconf 81' lang='grc' dir='ltr'>τὰ</span> <span class='ocrx_word' id='word_1_261' title='bbox 1575 2078 1631 2131; x_wconf 80' lang='grc' dir='ltr'><strong>δὲ</strong></span> <span class='ocrx_word' id='word_1_262' title='bbox 1656 2077 1923 2144; x_wconf 79' lang='grc' dir='ltr'>ὲνδόσθια,</span> 
     </span>
    </p>
   </div>
   <div class='ocr_carea' id='block_1_38' title="bbox 350 2168 1928 2241">
    <p class='ocr_par' dir='ltr' id='par_1_38' title="bbox 350 2168 1928 2241">
     <span class='ocr_line' id='line_1_38' title="bbox 350 2168 1928 2241; baseline -0.001 -20"><span class='ocrx_word' id='word_1_263' title='bbox 350 2170 420 2223; x_wconf 80' lang='grc' dir='ltr'>τὰ</span> <span class='ocrx_word' id='word_1_264' title='bbox 464 2169 761 2241; x_wconf 82' lang='grc' dir='ltr'>ἀπόκρυφα</span> <span class='ocrx_word' id='word_1_265' title='bbox 817 2171 1086 2241; x_wconf 82' lang='grc' dir='ltr'>δόγματα.</span> <span class='ocrx_word' id='word_1_266' title='bbox 1151 2170 1428 2224; x_wconf 83' lang='grc' dir='ltr'>Ἕκαστον</span> <span class='ocrx_word' id='word_1_267' title='bbox 1483 2168 1595 2239; x_wconf 80' lang='grc' dir='ltr'><strong>γὰρ</strong></span> <span class='ocrx_word' id='word_1_268' title='bbox 1646 2169 1757 2222; x_wconf 91' lang='grc' dir='ltr'><strong>τῶν</strong></span> <span class='ocrx_word' id='word_1_269' title='bbox 1796 2168 1928 2237; x_wconf 74' lang='grc' dir='ltr'>περὶ</span> 
     </span>
    </p>
   </div>
   <div class='ocr_carea' id='block_1_39' title="bbox 349 2259 1926 2333">
    <p class='ocr_par' dir='ltr' id='par_1_39' title="bbox 349 2259 1926 2333">
     <span class='ocr_line' id='line_1_39' title="bbox 349 2259 1926 2333; baseline -0.002 -17"><span class='ocrx_word' id='word_1_270' title='bbox 349 2260 590 2333; x_wconf 84' lang='grc' dir='ltr'>Χριστοῦ</span> <span class='ocrx_word' id='word_1_271' title='bbox 629 2262 916 2332; x_wconf 81' lang='grc' dir='ltr'>δογμάτων</span> <span class='ocrx_word' id='word_1_272' title='bbox 985 2262 1306 2333; x_wconf 78' lang='grc' dir='ltr'>ἀπόκρυφον</span> <span class='ocrx_word' id='word_1_273' title='bbox 1349 2260 1464 2331; x_wconf 79' lang='grc' dir='ltr'>ἔχει</span> <span class='ocrx_word' id='word_1_274' title='bbox 1513 2259 1607 2314; x_wconf 74' lang='grc' dir='ltr'><strong>καὶ</strong></span> <span class='ocrx_word' id='word_1_275' title='bbox 1662 2259 1926 2329; x_wconf 76' lang='grc' dir='ltr'>μυστικὸν</span> 
     </span>
    </p>
   </div>
   <div class='ocr_carea' id='block_1_40' title="bbox 350 2349 1928 2423">
    <p class='ocr_par' dir='ltr' id='par_1_40' title="bbox 350 2349 1928 2423">
     <span class='ocr_line' id='line_1_40' title="bbox 350 2349 1928 2423; baseline 0.001 -19"><span class='ocrx_word' id='word_1_276' title='bbox 350 2352 529 2421; x_wconf 84' lang='grc' dir='ltr'>λόγον.</span> <span class='ocrx_word' id='word_1_277' title='bbox 573 2353 727 2406; x_wconf 81' lang='grc' dir='ltr'>Ἐπεὶ</span> <span class='ocrx_word' id='word_1_278' title='bbox 757 2349 850 2406; x_wconf 83' lang='grc' dir='ltr'><strong>οῦν</strong></span> <span class='ocrx_word' id='word_1_279' title='bbox 880 2353 1073 2407; x_wconf 86' lang='grc' dir='ltr'>ὀστοῦν</span> <span class='ocrx_word' id='word_1_280' title='bbox 1103 2356 1305 2406; x_wconf 79' lang='grc' dir='ltr'>νοεῖται</span> <span class='ocrx_word' id='word_1_281' title='bbox 1340 2352 1402 2405; x_wconf 83' lang='grc' dir='ltr'><strong>τὸ</strong></span> <span class='ocrx_word' id='word_1_282' title='bbox 1431 2351 1647 2406; x_wconf 76' lang='grc' dir='ltr'>εὔτονον</span> <span class='ocrx_word' id='word_1_283' title='bbox 1688 2350 1783 2405; x_wconf 89' lang='grc' dir='ltr'><strong>τοῦ</strong></span> <span class='ocrx_word' id='word_1_284' title='bbox 1826 2369 1928 2423; x_wconf 87' lang='grc' dir='ltr'>μυ-</span> 
     </span>
    </p>
   </div>
   <div class='ocr_carea' id='block_1_41' title="bbox 352 2441 1925 2515">
    <p class='ocr_par' dir='ltr' id='par_1_41' title="bbox 352 2441 1925 2515">
     <span class='ocr_line' id='line_1_41' title="bbox 352 2441 1925 2515; baseline 0.001 -19"><span class='ocrx_word' id='word_1_285' title='bbox 352 2446 596 2513; x_wconf 83' lang='grc' dir='ltr'>στηρίου,</span> <span class='ocrx_word' id='word_1_286' title='bbox 635 2446 683 2497; x_wconf 83' lang='grc' dir='ltr'>οἱ</span> <span class='ocrx_word' id='word_1_287' title='bbox 718 2444 991 2515; x_wconf 82' lang='grc' dir='ltr'>ἁρμοδίως</span> <span class='ocrx_word' id='word_1_288' title='bbox 1034 2445 1131 2497; x_wconf 77' lang='grc' dir='ltr'><strong>καὶ</strong></span> <span class='ocrx_word' id='word_1_289' title='bbox 1161 2444 1473 2514; x_wconf 76' lang='grc' dir='ltr'>συμφώνως</span> <span class='ocrx_word' id='word_1_290' title='bbox 1510 2443 1835 2513; x_wconf 80' lang='grc' dir='ltr'>κατέχοντες</span> <span class='ocrx_word' id='word_1_291' title='bbox 1862 2441 1925 2497; x_wconf 78' lang='grc' dir='ltr'>τὸ</span> 
     </span>
    </p>
   </div>
   <div class='ocr_carea' id='block_1_42' title="bbox 350 2530 1926 2604">
    <p class='ocr_par' dir='ltr' id='par_1_42' title="bbox 350 2530 1926 2604">
     <span class='ocr_line' id='line_1_42' title="bbox 350 2530 1926 2604; baseline 0 -19"><span class='ocrx_word' id='word_1_292' title='bbox 350 2535 480 2604; x_wconf 81' lang='grc' dir='ltr'>περὶ</span> <span class='ocrx_word' id='word_1_293' title='bbox 504 2534 741 2604; x_wconf 79' lang='grc' dir='ltr'>Χριστοῦ</span> <span class='ocrx_word' id='word_1_294' title='bbox 781 2534 1109 2604; x_wconf 85' lang='grc' dir='ltr'>μυστήριον,</span> <span class='ocrx_word' id='word_1_295' title='bbox 1143 2532 1338 2593; x_wconf 83' lang='grc' dir='ltr'>ὀστοῦν</span> <span class='ocrx_word' id='word_1_296' title='bbox 1382 2532 1551 2588; x_wconf 83' lang='grc' dir='ltr'>αὐτοῦ</span> <span class='ocrx_word' id='word_1_297' title='bbox 1586 2534 1649 2586; x_wconf 78' lang='grc' dir='ltr'>οὐ</span> <span class='ocrx_word' id='word_1_298' title='bbox 1708 2530 1926 2603; x_wconf 78' lang='grc' dir='ltr'>συντρί-</span> 
     </span>
    </p>
   </div>
   <div class='ocr_carea' id='block_1_43' title="bbox 350 2622 1924 2695">
    <p class='ocr_par' dir='ltr' id='par_1_43' title="bbox 350 2622 1924 2695">
     <span class='ocr_line' id='line_1_43' title="bbox 350 2622 1924 2695; baseline 0.001 -20"><span class='ocrx_word' id='word_1_299' title='bbox 350 2623 503 2676; x_wconf 87' lang='grc' dir='ltr'>ϐουσι</span> <span class='ocrx_word' id='word_1_300' title='bbox 538 2633 583 2677; x_wconf 74' lang='grc' dir='ltr'>ι.</span> <span class='ocrx_word' id='word_1_301' title='bbox 617 2624 751 2676; x_wconf 86' lang='grc' dir='ltr'>Ὅτε</span> <span class='ocrx_word' id='word_1_302' title='bbox 780 2623 838 2675; x_wconf 78' lang='grc' dir='ltr'>δὲ</span> <span class='ocrx_word' id='word_1_303' title='bbox 863 2635 889 2664; x_wconf 79' lang='grc' dir='ltr'>ι</span> <span class='ocrx_word' id='word_1_304' title='bbox 924 2623 1147 2695; x_wconf 73' lang='grc' dir='ltr'>ἔρχεται</span> <span class='ocrx_word' id='word_1_305' title='bbox 1170 2627 1378 2694; x_wconf 79' lang='grc' dir='ltr'>κρῖναι,</span> <span class='ocrx_word' id='word_1_306' title='bbox 1418 2623 1540 2677; x_wconf 81' lang='grc' dir='ltr'>τότε</span> <span class='ocrx_word' id='word_1_307' title='bbox 1569 2622 1792 2693; x_wconf 74' lang='grc' dir='ltr'>ὄψονται</span> <span class='ocrx_word' id='word_1_308' title='bbox 1823 2624 1924 2677; x_wconf 83' lang='grc' dir='ltr'>αὐ-</span> 
     </span>
    </p>
   </div>
   <div class='ocr_carea' id='block_1_44' title="bbox 346 2714 958 2787">
    <p class='ocr_par' dir='ltr' id='par_1_44' title="bbox 346 2714 958 2787">
     <span class='ocr_line' id='line_1_44' title="bbox 346 2714 958 2787; baseline 0 -18"><span class='ocrx_word' id='word_1_309' title='bbox 346 2714 461 2782; x_wconf 73' lang='grc' dir='ltr'>τὸν,</span> <span class='ocrx_word' id='word_1_310' title='bbox 489 2716 584 2770; x_wconf 72' lang='grc' dir='ltr'><strong>καὶ</strong></span> <span class='ocrx_word' id='word_1_311' title='bbox 608 2717 958 2787; x_wconf 79' lang='grc' dir='ltr'>θρηνὴσουσι.</span> 
     </span>
    </p>
   </div>
   <div class='ocr_carea' id='block_1_45' title="bbox 425 2804 1920 2878">
    <p class='ocr_par' dir='ltr' id='par_1_45' title="bbox 425 2804 1920 2878">
     <span class='ocr_line' id='line_1_45' title="bbox 425 2804 1920 2878; baseline 0.001 -20"><span class='ocrx_word' id='word_1_312' title='bbox 425 2825 445 2858; x_wconf 78' lang='grc' dir='ltr'><strong>ι</strong></span> <span class='ocrx_word' id='word_1_313' title='bbox 478 2805 636 2861; x_wconf 79' lang='grc' dir='ltr'>Μετά</span> <span class='ocrx_word' id='word_1_314' title='bbox 666 2806 722 2857; x_wconf 88' lang='grc' dir='ltr'>δὲ</span> <span class='ocrx_word' id='word_1_315' title='bbox 759 2804 935 2858; x_wconf 88' lang='grc' dir='ltr'>ταῦτα</span> <span class='ocrx_word' id='word_1_316' title='bbox 971 2804 1224 2876; x_wconf 74' lang='grc' dir='ltr'>ἠρώτησε</span> <span class='ocrx_word' id='word_1_317' title='bbox 1264 2805 1354 2858; x_wconf 78' lang='grc' dir='ltr'><strong>τὸν</strong></span> <span class='ocrx_word' id='word_1_318' title='bbox 1378 2805 1612 2860; x_wconf 86' lang='grc' dir='ltr'>Πιλάτον</span> <span class='ocrx_word' id='word_1_319' title='bbox 1645 2811 1672 2860; x_wconf 90' lang='lat'><strong>6</strong></span> <span class='ocrx_word' id='word_1_320' title='bbox 1723 2806 1920 2878; x_wconf 77' lang='grc' dir='ltr'>Ἰωσὴφ</span> 
     </span>
    </p>
   </div>
   <div class='ocr_carea' id='block_1_46' title="bbox 346 2892 1925 2967">
    <p class='ocr_par' dir='ltr' id='par_1_46' title="bbox 346 2892 1925 2967">
     <span class='ocr_line' id='line_1_46' title="bbox 346 2892 1925 2967; baseline 0.001 -18"><span class='ocrx_word' id='word_1_321' title='bbox 346 2898 377 2950; x_wconf 89' lang='lat'><strong>6</strong></span> <span class='ocrx_word' id='word_1_322' title='bbox 401 2894 508 2948; x_wconf 82' lang='grc' dir='ltr'><strong>ἀπὸ</strong></span> <span class='ocrx_word' id='word_1_323' title='bbox 536 2892 894 2964; x_wconf 75' lang='grc' dir='ltr'>Ἁριμαθαίας</span> <span class='ocrx_word' id='word_1_324' title='bbox 917 2893 1012 2964; x_wconf 84' lang='grc' dir='ltr'>(ὢν</span> <span class='ocrx_word' id='word_1_325' title='bbox 1043 2894 1293 2965; x_wconf 76' lang='grc' dir='ltr'>μαθητὴς</span> <span class='ocrx_word' id='word_1_326' title='bbox 1325 2894 1419 2948; x_wconf 86' lang='grc' dir='ltr'><strong>τοῦ</strong></span> <span class='ocrx_word' id='word_1_327' title='bbox 1454 2896 1650 2965; x_wconf 83' lang='grc' dir='ltr'>Ἰησοῦ,</span> <span class='ocrx_word' id='word_1_328' title='bbox 1675 2914 1925 2967; x_wconf 87' lang='grc' dir='ltr'>κεκρυμ-</span> 
     </span>
    </p>
   </div>
   <div class='ocr_carea' id='block_1_47' title="bbox 352 2984 1925 3062">
    <p class='ocr_par' dir='ltr' id='par_1_47' title="bbox 352 2984 1925 3062">
     <span class='ocr_line' id='line_1_47' title="bbox 352 2984 1925 3062; baseline 0.002 -25"><span class='ocrx_word' id='word_1_329' title='bbox 352 2986 512 3056; x_wconf 88' lang='grc' dir='ltr'>μένος</span> <span class='ocrx_word' id='word_1_330' title='bbox 540 2985 598 3038; x_wconf 82' lang='grc' dir='ltr'>δὲ</span> <span class='ocrx_word' id='word_1_331' title='bbox 633 2984 721 3039; x_wconf 81' lang='grc' dir='ltr'>διὰ</span> <span class='ocrx_word' id='word_1_332' title='bbox 754 2984 845 3038; x_wconf 85' lang='grc' dir='ltr'><strong>τὸν</strong></span> <span class='ocrx_word' id='word_1_333' title='bbox 877 2985 1041 3055; x_wconf 80' lang='grc' dir='ltr'>φόϐον</span> <span class='ocrx_word' id='word_1_334' title='bbox 1076 2986 1184 3039; x_wconf 89' lang='grc' dir='ltr'><strong>τῶν</strong></span> <span class='ocrx_word' id='word_1_335' title='bbox 1222 2986 1542 3057; x_wconf 80' lang='grc' dir='ltr'>Ἰουδαίων),</span> <span class='ocrx_word' id='word_1_336' title='bbox 1586 2988 1673 3041; x_wconf 81' lang='grc' dir='ltr'><strong>ἵνα</strong></span> <span class='ocrx_word' id='word_1_337' title='bbox 1698 2988 1809 3062; x_wconf 83' lang='grc' dir='ltr'><strong>ἄρῃ</strong></span> <span class='ocrx_word' id='word_1_338' title='bbox 1863 2988 1925 3041; x_wconf 84' lang='grc' dir='ltr'><strong>τὸ</strong></span> 
     </span>
    </p>
   </div>
   <div class='ocr_carea' id='block_1_48' title="bbox 348 3076 1921 3148">
    <p class='ocr_par' dir='ltr' id='par_1_48' title="bbox 348 3076 1921 3148">
     <span class='ocr_line' id='line_1_48' title="bbox 348 3076 1921 3148; baseline 0.001 -17"><span class='ocrx_word' id='word_1_339' title='bbox 348 3078 509 3147; x_wconf 87' lang='grc' dir='ltr'>σῶμα</span> <span class='ocrx_word' id='word_1_340' title='bbox 543 3076 638 3131; x_wconf 86' lang='grc' dir='ltr'><strong>τοῦ</strong></span> <span class='ocrx_word' id='word_1_341' title='bbox 683 3076 883 3147; x_wconf 85' lang='grc' dir='ltr'>Ἰησοῦ.</span> <span class='ocrx_word' id='word_1_342' title='bbox 913 3077 1026 3129; x_wconf 69' lang='grc' dir='ltr'><strong>Καὶ</strong></span> <span class='ocrx_word' id='word_1_343' title='bbox 1057 3076 1355 3148; x_wconf 68' lang='grc' dir='ltr'>ἐπέτρεψεν</span> <span class='ocrx_word' id='word_1_344' title='bbox 1383 3079 1410 3132; x_wconf 87' lang='lat'><strong>6</strong></span> <span class='ocrx_word' id='word_1_345' title='bbox 1434 3079 1684 3143; x_wconf 86' lang='grc' dir='ltr'>Πιλάτος.</span> <span class='ocrx_word' id='word_1_346' title='bbox 1714 3076 1921 3133; x_wconf 83' lang='grc' dir='ltr'>Ἦλθεν</span> 
     </span>
    </p>
   </div>
   <div class='ocr_carea' id='block_1_49' title="bbox 344 3163 1425 3240">
    <p class='ocr_par' dir='ltr' id='par_1_49' title="bbox 344 3163 1425 3240">
     <span class='ocr_line' id='line_1_49' title="bbox 344 3163 1425 3240; baseline -0.003 -17"><span class='ocrx_word' id='word_1_347' title='bbox 344 3165 460 3234; x_wconf 83' lang='grc' dir='ltr'>οὖν,</span> <span class='ocrx_word' id='word_1_348' title='bbox 490 3169 584 3223; x_wconf 74' lang='grc' dir='ltr'><strong>καὶ</strong></span> <span class='ocrx_word' id='word_1_349' title='bbox 617 3163 721 3240; x_wconf 78' lang='grc' dir='ltr'>ἦρε</span> <span class='ocrx_word' id='word_1_350' title='bbox 754 3168 815 3220; x_wconf 72' lang='grc' dir='ltr'>τὸ</span> <span class='ocrx_word' id='word_1_351' title='bbox 848 3167 1006 3238; x_wconf 80' lang='grc' dir='ltr'>σῶμα</span> <span class='ocrx_word' id='word_1_352' title='bbox 1032 3167 1127 3221; x_wconf 89' lang='grc' dir='ltr'><strong>τοῦ</strong></span> <span class='ocrx_word' id='word_1_353' title='bbox 1176 3167 1374 3239; x_wconf 86' lang='grc' dir='ltr'>Ἰησοῦ.</span> <span class='ocrx_word' id='word_1_354' title='bbox 1406 3186 1425 3220; x_wconf 78' lang='grc' dir='ltr'><strong>ι</strong></span> 
     </span>
    </p>
   </div>
   <div class='ocr_carea' id='block_1_50' title="bbox 416 3259 1920 3332">
    <p class='ocr_par' dir='ltr' id='par_1_50' title="bbox 416 3259 1920 3332">
     <span class='ocr_line' id='line_1_50' title="bbox 416 3259 1920 3332; baseline 0.001 -18"><span class='ocrx_word' id='word_1_355' title='bbox 416 3262 480 3315; x_wconf 82' lang='grc' dir='ltr'>Οί</span> <span class='ocrx_word' id='word_1_356' title='bbox 524 3260 756 3324; x_wconf 85' lang='grc' dir='ltr'>δεδιότες</span> <span class='ocrx_word' id='word_1_357' title='bbox 811 3259 1063 3329; x_wconf 76' lang='grc' dir='ltr'>φανερῶς</span> <span class='ocrx_word' id='word_1_358' title='bbox 1118 3259 1422 3329; x_wconf 85' lang='grc' dir='ltr'>πλησιᾶσαι</span> <span class='ocrx_word' id='word_1_359' title='bbox 1457 3259 1538 3331; x_wconf 82' lang='grc' dir='ltr'>τῷ</span> <span class='ocrx_word' id='word_1_360' title='bbox 1586 3261 1787 3332; x_wconf 82' lang='grc' dir='ltr'>Ἰησοῦ,</span> <span class='ocrx_word' id='word_1_361' title='bbox 1824 3262 1920 3316; x_wconf 90' lang='grc' dir='ltr'><strong>νῦν</strong></span> 
     </span>
    </p>
   </div>
   <div class='ocr_carea' id='block_1_51' title="bbox 343 3346 1920 3424">
    <p class='ocr_par' dir='ltr' id='par_1_51' title="bbox 343 3346 1920 3424">
     <span class='ocr_line' id='line_1_51' title="bbox 343 3346 1920 3424; baseline 0 -19"><span class='ocrx_word' id='word_1_362' title='bbox 343 3349 596 3424; x_wconf 82' lang='grc' dir='ltr'>ὁρώντων</span> <span class='ocrx_word' id='word_1_363' title='bbox 622 3349 731 3403; x_wconf 91' lang='grc' dir='ltr'><strong>τῶν</strong></span> <span class='ocrx_word' id='word_1_364' title='bbox 778 3348 1045 3403; x_wconf 86' lang='grc' dir='ltr'>Ἰουδαίων</span> <span class='ocrx_word' id='word_1_365' title='bbox 1075 3350 1288 3402; x_wconf 76' lang='grc' dir='ltr'>αἰτοῦσι</span> <span class='ocrx_word' id='word_1_366' title='bbox 1321 3350 1382 3402; x_wconf 75' lang='grc' dir='ltr'>τὸ</span> <span class='ocrx_word' id='word_1_367' title='bbox 1411 3351 1592 3406; x_wconf 74' lang='grc' dir='ltr'>σῶμα.</span> <span class='ocrx_word' id='word_1_368' title='bbox 1628 3346 1789 3406; x_wconf 73' lang='grc' dir='ltr'>Οὗτοι</span> <span class='ocrx_word' id='word_1_369' title='bbox 1814 3352 1842 3392; x_wconf 72' lang='grc' dir='ltr'><strong>ι’</strong></span> <span class='ocrx_word' id='word_1_370' title='bbox 1860 3353 1920 3405; x_wconf 82' lang='grc' dir='ltr'>οὗ</span> 
     </span>
    </p>
   </div>
   <div class='ocr_carea' id='block_1_52' title="bbox 342 3438 1920 3515">
    <p class='ocr_par' dir='ltr' id='par_1_52' title="bbox 342 3438 1920 3515">
     <span class='ocr_line' id='line_1_52' title="bbox 342 3438 1920 3515; baseline 0 -18"><span class='ocrx_word' id='word_1_371' title='bbox 342 3460 452 3497; x_wconf 86' lang='grc' dir='ltr'><strong>των</strong></span> <span class='ocrx_word' id='word_1_372' title='bbox 487 3443 698 3497; x_wconf 83' lang='grc' dir='ltr'>δώδεκα</span> <span class='ocrx_word' id='word_1_373' title='bbox 725 3438 814 3515; x_wconf 90' lang='grc' dir='ltr'>ἧν,</span> <span class='ocrx_word' id='word_1_374' title='bbox 850 3441 985 3495; x_wconf 87' lang='grc' dir='ltr'>ἀλλὰ</span> <span class='ocrx_word' id='word_1_375' title='bbox 1018 3442 1128 3496; x_wconf 83' lang='grc' dir='ltr'><strong>τῶν</strong></span> <span class='ocrx_word' id='word_1_376' title='bbox 1150 3442 1544 3512; x_wconf 78' lang='grc' dir='ltr'>ἐϐδομήκοντα,</span> <span class='ocrx_word' id='word_1_377' title='bbox 1572 3444 1667 3497; x_wconf 76' lang='grc' dir='ltr'>καὶ</span> <span class='ocrx_word' id='word_1_378' title='bbox 1687 3445 1763 3507; x_wconf 83' lang='grc' dir='ltr'><strong>ὡς</strong></span> <span class='ocrx_word' id='word_1_379' title='bbox 1792 3445 1920 3497; x_wconf 85' lang='grc' dir='ltr'>σϐε-</span> 
     </span>
    </p>
   </div>
   <div class='ocr_carea' id='block_1_53' title="bbox 346 3531 1919 3604">
    <p class='ocr_par' dir='ltr' id='par_1_53' title="bbox 346 3531 1919 3604">
     <span class='ocr_line' id='line_1_53' title="bbox 346 3531 1919 3604; baseline 0.001 -17"><span class='ocrx_word' id='word_1_380' title='bbox 346 3533 568 3596; x_wconf 83' lang='grc' dir='ltr'>σθέντος</span> <span class='ocrx_word' id='word_1_381' title='bbox 604 3534 703 3586; x_wconf 88' lang='grc' dir='ltr'><strong>τοῦ</strong></span> <span class='ocrx_word' id='word_1_382' title='bbox 759 3531 936 3601; x_wconf 79' lang='grc' dir='ltr'>θυμοῦ</span> <span class='ocrx_word' id='word_1_383' title='bbox 990 3531 1100 3585; x_wconf 85' lang='grc' dir='ltr'><strong>τῶν</strong></span> <span class='ocrx_word' id='word_1_384' title='bbox 1160 3532 1455 3598; x_wconf 80' lang='grc' dir='ltr'>Ἰουδαίων,</span> <span class='ocrx_word' id='word_1_385' title='bbox 1524 3533 1695 3597; x_wconf 83' lang='grc' dir='ltr'>ἀδεῶς</span> <span class='ocrx_word' id='word_1_386' title='bbox 1747 3551 1919 3604; x_wconf 76' lang='grc' dir='ltr'>προσ-</span> 
     </span>
    </p>
   </div>
   <div class='ocr_carea' id='block_1_54' title="bbox 343 3618 1919 3697">
    <p class='ocr_par' dir='ltr' id='par_1_54' title="bbox 343 3618 1919 3697">
     <span class='ocr_line' id='line_1_54' title="bbox 343 3618 1919 3697; baseline 0.001 -21"><span class='ocrx_word' id='word_1_387' title='bbox 343 3625 511 3697; x_wconf 69' lang='grc' dir='ltr'>ῄεσαν</span> <span class='ocrx_word' id='word_1_388' title='bbox 539 3635 589 3677; x_wconf 75' lang='grc' dir='ltr'>ο.</span> <span class='ocrx_word' id='word_1_389' title='bbox 617 3624 776 3677; x_wconf 78' lang='grc' dir='ltr'>Οὕτω</span> <span class='ocrx_word' id='word_1_390' title='bbox 816 3624 872 3677; x_wconf 83' lang='grc' dir='ltr'>δὲ</span> <span class='ocrx_word' id='word_1_391' title='bbox 915 3623 1058 3693; x_wconf 75' lang='grc' dir='ltr'>ώμοὶ</span> <span class='ocrx_word' id='word_1_392' title='bbox 1100 3618 1244 3694; x_wconf 81' lang='grc' dir='ltr'>ἦσαν</span> <span class='ocrx_word' id='word_1_393' title='bbox 1272 3624 1323 3676; x_wconf 85' lang='grc' dir='ltr'><strong>οί</strong></span> <span class='ocrx_word' id='word_1_394' title='bbox 1366 3623 1629 3691; x_wconf 82' lang='grc' dir='ltr'>Ἰουδαῖοι,</span> <span class='ocrx_word' id='word_1_395' title='bbox 1675 3625 1755 3677; x_wconf 81' lang='grc' dir='ltr'><strong>δτι</strong></span> <span class='ocrx_word' id='word_1_396' title='bbox 1795 3624 1919 3678; x_wconf 76' lang='grc' dir='ltr'>οὔτε</span> 
     </span>
    </p>
   </div>
   <div class='ocr_carea' id='block_1_55' title="bbox 343 3714 1915 3787">
    <p class='ocr_par' dir='ltr' id='par_1_55' title="bbox 343 3714 1915 3787">
     <span class='ocr_line' id='line_1_55' title="bbox 343 3714 1915 3787; baseline 0 -18"><span class='ocrx_word' id='word_1_397' title='bbox 343 3717 512 3786; x_wconf 70' lang='grc' dir='ltr'>θάψαι</span> <span class='ocrx_word' id='word_1_398' title='bbox 574 3716 742 3770; x_wconf 84' lang='grc' dir='ltr'>αὐτοῦ</span> <span class='ocrx_word' id='word_1_399' title='bbox 805 3716 866 3769; x_wconf 80' lang='grc' dir='ltr'><strong>τὸ</strong></span> <span class='ocrx_word' id='word_1_400' title='bbox 921 3714 1083 3785; x_wconf 82' lang='grc' dir='ltr'>σῶμα</span> <span class='ocrx_word' id='word_1_401' title='bbox 1145 3715 1438 3785; x_wconf 70' lang='grc' dir='ltr'>ἠνέσχοντο</span> <span class='ocrx_word' id='word_1_402' title='bbox 1491 3716 1541 3768; x_wconf 80' lang='lat' dir='ltr'><strong>oi</strong></span> <span class='ocrx_word' id='word_1_403' title='bbox 1604 3716 1915 3787; x_wconf 79' lang='grc' dir='ltr'>ἐπιχώριοι,</span> 
     </span>
    </p>
   </div>
   <div class='ocr_carea' id='block_1_56' title="bbox 342 3806 1241 3877">
    <p class='ocr_par' dir='ltr' id='par_1_56' title="bbox 342 3806 1241 3877">
     <span class='ocr_line' id='line_1_56' title="bbox 342 3806 1241 3877; baseline -0.001 -16"><span class='ocrx_word' id='word_1_404' title='bbox 342 3807 459 3862; x_wconf 85' lang='grc' dir='ltr'>ἀλλ’</span> <span class='ocrx_word' id='word_1_405' title='bbox 488 3809 517 3860; x_wconf 93' lang='lat'><strong>6</strong></span> <span class='ocrx_word' id='word_1_406' title='bbox 545 3807 654 3861; x_wconf 83' lang='grc' dir='ltr'><strong>ἀπὸ</strong></span> <span class='ocrx_word' id='word_1_407' title='bbox 686 3806 1048 3877; x_wconf 75' lang='grc' dir='ltr'>Ἁριμαθαίας</span> <span class='ocrx_word' id='word_1_408' title='bbox 1072 3806 1241 3870; x_wconf 85' lang='grc' dir='ltr'>ξένος.</span> 
     </span>
    </p>
   </div>
   <div class='ocr_carea' id='block_1_57' title="bbox 417 3882 1913 3970">
    <p class='ocr_par' dir='ltr' id='par_1_57' title="bbox 417 3882 1913 3970">
     <span class='ocr_line' id='line_1_57' title="bbox 417 3882 1913 3970; baseline 0.003 -22"><span class='ocrx_word' id='word_1_409' title='bbox 417 3913 438 3947; x_wconf 72' lang='grc' dir='ltr'><strong>ι</strong></span> <span class='ocrx_word' id='word_1_410' title='bbox 477 3887 586 3949; x_wconf 71' lang='grc' dir='ltr'><strong>’Ἤν</strong></span> <span class='ocrx_word' id='word_1_411' title='bbox 610 3896 667 3949; x_wconf 83' lang='grc' dir='ltr'>δὲ</span> <span class='ocrx_word' id='word_1_412' title='bbox 703 3898 761 3948; x_wconf 85' lang='grc' dir='ltr'>ὲν</span> <span class='ocrx_word' id='word_1_413' title='bbox 804 3896 883 3966; x_wconf 81' lang='grc' dir='ltr'>τῷ</span> <span class='ocrx_word' id='word_1_414' title='bbox 934 3882 1109 3967; x_wconf 74' lang='grc' dir='ltr'>τόπῳ,</span> <span class='ocrx_word' id='word_1_415' title='bbox 1165 3897 1299 3950; x_wconf 82' lang='grc' dir='ltr'>ὅπου</span> <span class='ocrx_word' id='word_1_416' title='bbox 1333 3896 1679 3970; x_wconf 75' lang='grc' dir='ltr'>ἐσταυρώθη,</span> <span class='ocrx_word' id='word_1_417' title='bbox 1713 3899 1913 3969; x_wconf 85' lang='grc' dir='ltr'>κῆπος,</span> 
     </span>
    </p>
   </div>
   <div class='ocr_carea' id='block_1_58' title="bbox 270 3982 1916 4063">
    <p class='ocr_par' dir='ltr' id='par_1_58' title="bbox 270 3982 1916 4063">
     <span class='ocr_line' id='line_1_58' title="bbox 270 3982 1916 4063; baseline 0.001 -18"><span class='ocrx_word' id='word_1_418' title='bbox 270 3982 277 3987; x_wconf 46' lang='grc'><em>”</em></span> <span class='ocrx_word' id='word_1_419' title='bbox 344 3993 438 4045; x_wconf 75' lang='grc' dir='ltr'>καὶ</span> <span class='ocrx_word' id='word_1_420' title='bbox 467 3992 525 4043; x_wconf 74' lang='grc' dir='ltr'>ἐν</span> <span class='ocrx_word' id='word_1_421' title='bbox 563 3990 642 4061; x_wconf 80' lang='grc' dir='ltr'>τῷ</span> <span class='ocrx_word' id='word_1_422' title='bbox 669 3993 831 4063; x_wconf 85' lang='grc' dir='ltr'>κήπῳ</span> <span class='ocrx_word' id='word_1_423' title='bbox 866 3995 1133 4062; x_wconf 82' lang='grc' dir='ltr'>μνημεῖον</span> <span class='ocrx_word' id='word_1_424' title='bbox 1184 3992 1393 4057; x_wconf 80' lang='grc' dir='ltr'>καινὸν,</span> <span class='ocrx_word' id='word_1_425' title='bbox 1424 3994 1483 4047; x_wconf 82' lang='grc' dir='ltr'>ὲν</span> <span class='ocrx_word' id='word_1_426' title='bbox 1582 3994 1795 4047; x_wconf 79' lang='grc' dir='ltr'>οὐδέπω</span> <span class='ocrx_word' id='word_1_427' title='bbox 1827 3995 1916 4048; x_wconf 78' lang='grc' dir='ltr'>οὐ·</span> 
     </span>
    </p>
   </div>
   <div class='ocr_carea' id='block_1_59' title="bbox 346 4083 721 4155">
    <p class='ocr_par' dir='ltr' id='par_1_59' title="bbox 346 4083 721 4155">
     <span class='ocr_line' id='line_1_59' title="bbox 346 4083 721 4155; baseline -0.005 -18"><span class='ocrx_word' id='word_1_428' title='bbox 346 4084 453 4146; x_wconf 68' lang='lat'><strong>631;</strong></span> <span class='ocrx_word' id='word_1_429' title='bbox 479 4083 661 4155; x_wconf 73' lang='grc' dir='ltr'>ἐτέθη.</span> <span class='ocrx_word' id='word_1_430' title='bbox 704 4102 721 4135; x_wconf 80' lang='grc' dir='ltr'><strong>ι</strong></span> 
     </span>
    </p>
   </div>
   <div class='ocr_carea' id='block_1_60' title="bbox 412 4175 1916 4248">
    <p class='ocr_par' dir='ltr' id='par_1_60' title="bbox 412 4175 1916 4248">
     <span class='ocr_line' id='line_1_60' title="bbox 412 4175 1916 4248; baseline 0.001 -18"><span class='ocrx_word' id='word_1_431' title='bbox 412 4178 476 4230; x_wconf 79' lang='lat' dir='ltr'><strong>Ei</strong></span> <span class='ocrx_word' id='word_1_432' title='bbox 513 4175 583 4248; x_wconf 80' lang='grc' dir='ltr'>ἦν</span> <span class='ocrx_word' id='word_1_433' title='bbox 610 4176 727 4248; x_wconf 81' lang='grc' dir='ltr'>μετ’</span> <span class='ocrx_word' id='word_1_434' title='bbox 751 4175 947 4243; x_wconf 77' lang='grc' dir='ltr'>ἄλλων,</span> <span class='ocrx_word' id='word_1_435' title='bbox 975 4176 1209 4245; x_wconf 68' lang='grc' dir='ltr'>ἤμελλον</span> <span class='ocrx_word' id='word_1_436' title='bbox 1242 4177 1352 4233; x_wconf 87' lang='grc' dir='ltr'><strong>τῶν</strong></span> <span class='ocrx_word' id='word_1_437' title='bbox 1380 4178 1628 4232; x_wconf 85' lang='grc' dir='ltr'>ἀπίστων</span> <span class='ocrx_word' id='word_1_438' title='bbox 1655 4178 1800 4243; x_wconf 82' lang='grc' dir='ltr'>τινὲς</span> <span class='ocrx_word' id='word_1_439' title='bbox 1837 4178 1916 4232; x_wconf 83' lang='grc' dir='ltr'>λέ·</span> 
     </span>
    </p>
   </div>
   <div class='ocr_carea' id='block_1_61' title="bbox 341 4268 1911 4341">
    <p class='ocr_par' dir='ltr' id='par_1_61' title="bbox 341 4268 1911 4341">
     <span class='ocr_line' id='line_1_61' title="bbox 341 4268 1911 4341; baseline 0.003 -20"><span class='ocrx_word' id='word_1_440' title='bbox 341 4286 482 4339; x_wconf 84' lang='grc' dir='ltr'>γειν,</span> <span class='ocrx_word' id='word_1_441' title='bbox 519 4270 600 4322; x_wconf 85' lang='grc' dir='ltr'>ὃτι</span> <span class='ocrx_word' id='word_1_442' title='bbox 625 4270 687 4321; x_wconf 76' lang='grc' dir='ltr'><strong>οῦ</strong></span> <span class='ocrx_word' id='word_1_443' title='bbox 711 4269 773 4321; x_wconf 85' lang='grc' dir='ltr'><strong>τὸ</strong></span> <span class='ocrx_word' id='word_1_444' title='bbox 801 4270 895 4321; x_wconf 85' lang='grc' dir='ltr'><strong>τοῦ</strong></span> <span class='ocrx_word' id='word_1_445' title='bbox 933 4268 1111 4338; x_wconf 79' lang='grc' dir='ltr'>Ἰησοῦ</span> <span class='ocrx_word' id='word_1_446' title='bbox 1138 4270 1338 4341; x_wconf 79' lang='grc' dir='ltr'>ἀνέστη</span> <span class='ocrx_word' id='word_1_447' title='bbox 1364 4270 1546 4341; x_wconf 89' lang='grc' dir='ltr'>σῶμα,</span> <span class='ocrx_word' id='word_1_448' title='bbox 1574 4270 1710 4324; x_wconf 81' lang='grc' dir='ltr'><strong>ἀλλά</strong></span> <span class='ocrx_word' id='word_1_449' title='bbox 1729 4270 1911 4326; x_wconf 81' lang='grc' dir='ltr'>ἄλλου.</span> 
     </span>
    </p>
   </div>
   <div class='ocr_carea' id='block_1_62' title="bbox 341 4356 1917 4433">
    <p class='ocr_par' dir='ltr' id='par_1_62' title="bbox 341 4356 1917 4433">
     <span class='ocr_line' id='line_1_62' title="bbox 341 4356 1917 4433; baseline 0.004 -23"><span class='ocrx_word' id='word_1_450' title='bbox 341 4356 436 4420; x_wconf 79' lang='grc' dir='ltr'><strong>Εἰς</strong></span> <span class='ocrx_word' id='word_1_451' title='bbox 458 4357 642 4431; x_wconf 81' lang='grc' dir='ltr'>καινὸν</span> <span class='ocrx_word' id='word_1_452' title='bbox 669 4356 830 4429; x_wconf 80' lang='grc' dir='ltr'>ἐτέθη</span> <span class='ocrx_word' id='word_1_453' title='bbox 872 4361 1157 4429; x_wconf 63' lang='grc' dir='ltr'>μνημεῖον,</span> <span class='ocrx_word' id='word_1_454' title='bbox 1198 4359 1289 4413; x_wconf 83' lang='grc' dir='ltr'>διὰ</span> <span class='ocrx_word' id='word_1_455' title='bbox 1317 4361 1376 4414; x_wconf 81' lang='grc' dir='ltr'><strong>τὸ</strong></span> <span class='ocrx_word' id='word_1_456' title='bbox 1422 4359 1571 4426; x_wconf 85' lang='grc' dir='ltr'>ξένον</span> <span class='ocrx_word' id='word_1_457' title='bbox 1601 4363 1700 4433; x_wconf 83' lang='grc' dir='ltr'>τῆς</span> <span class='ocrx_word' id='word_1_458' title='bbox 1729 4362 1794 4416; x_wconf 82' lang='grc' dir='ltr'>ὲκ</span> <span class='ocrx_word' id='word_1_459' title='bbox 1822 4361 1917 4415; x_wconf 88' lang='grc' dir='ltr'>θα-</span> 
     </span>
    </p>
   </div>
   <div class='ocr_carea' id='block_1_63' title="bbox 2027 1892 3604 1965">
    <p class='ocr_par' dir='ltr' id='par_1_63' title="bbox 2027 1892 3604 1965">
     <span class='ocr_line' id='line_1_63' title="bbox 2027 1892 3604 1965; baseline 0.002 -20"><span class='ocrx_word' id='word_1_460' title='bbox 2027 1892 2120 1961; x_wconf 90' lang='lat' dir='ltr'><strong>qui</strong></span> <span class='ocrx_word' id='word_1_461' title='bbox 2146 1892 2371 1948; x_wconf 91' lang='lat' dir='ltr'><strong>docetur</strong></span> <span class='ocrx_word' id='word_1_462' title='bbox 2406 1896 2663 1965; x_wconf 81' lang='lat' dir='ltr'><strong>mysteria</strong></span> <span class='ocrx_word' id='word_1_463' title='bbox 2712 1896 3111 1951; x_wconf 76' lang='lat' dir='ltr'><strong>incarnationis</strong></span> <span class='ocrx_word' id='word_1_464' title='bbox 3151 1914 3164 1948; x_wconf 91' lang='lat'>:</span> <span class='ocrx_word' id='word_1_465' title='bbox 3213 1894 3423 1950; x_wconf 84' lang='lat' dir='ltr'><strong>viscera</strong></span> <span class='ocrx_word' id='word_1_466' title='bbox 3470 1909 3604 1949; x_wconf 82' lang='lat' dir='ltr'><strong>vero</strong></span> 
     </span>
    </p>
   </div>
   <div class='ocr_carea' id='block_1_64' title="bbox 2028 1982 3604 2055">
    <p class='ocr_par' dir='ltr' id='par_1_64' title="bbox 2028 1982 3604 2055">
     <span class='ocr_line' id='line_1_64' title="bbox 2028 1982 3604 2055; baseline 0 -18"><span class='ocrx_word' id='word_1_467' title='bbox 2028 1991 2153 2037; x_wconf 81' lang='lat' dir='ltr'><strong>sunt</strong></span> <span class='ocrx_word' id='word_1_468' title='bbox 2174 1982 2424 2054; x_wconf 81' lang='lat' dir='ltr'><strong>dogmata</strong></span> <span class='ocrx_word' id='word_1_469' title='bbox 2462 2000 2679 2039; x_wconf 87' lang='lat' dir='ltr'><strong>arcana.</strong></span> <span class='ocrx_word' id='word_1_470' title='bbox 2707 1985 2944 2054; x_wconf 71' lang='lat' dir='ltr'><strong>Singula:</strong></span> <span class='ocrx_word' id='word_1_471' title='bbox 2968 1986 3113 2039; x_wconf 91' lang='lat' dir='ltr'><strong>enim</strong></span> <span class='ocrx_word' id='word_1_472' title='bbox 3133 2000 3255 2055; x_wconf 69' lang='lat' dir='ltr'><strong>qua:</strong></span> <span class='ocrx_word' id='word_1_473' title='bbox 3276 1986 3342 2041; x_wconf 90' lang='lat' dir='ltr'><strong>de</strong></span> <span class='ocrx_word' id='word_1_474' title='bbox 3374 1985 3604 2041; x_wconf 87' lang='lat' dir='ltr'><strong>Christo</strong></span> 
     </span>
    </p>
   </div>
   <div class='ocr_carea' id='block_1_65' title="bbox 2027 2077 3604 2150">
    <p class='ocr_par' dir='ltr' id='par_1_65' title="bbox 2027 2077 3604 2150">
     <span class='ocr_line' id='line_1_65' title="bbox 2027 2077 3604 2150; baseline 0.001 -18"><span class='ocrx_word' id='word_1_475' title='bbox 2027 2086 2155 2132; x_wconf 90' lang='lat' dir='ltr'><strong>sunt</strong></span> <span class='ocrx_word' id='word_1_476' title='bbox 2183 2077 2467 2145; x_wconf 65' lang='lat' dir='ltr'><strong>doctrina},</strong></span> <span class='ocrx_word' id='word_1_477' title='bbox 2494 2095 2748 2134; x_wconf 86' lang='lat' dir='ltr'><strong>arcanam</strong></span> <span class='ocrx_word' id='word_1_478' title='bbox 2784 2080 3081 2150; x_wconf 87' lang='lat' dir='ltr'><strong>quamdam</strong></span> <span class='ocrx_word' id='word_1_479' title='bbox 3121 2081 3321 2136; x_wconf 89' lang='lat' dir='ltr'><strong>habent</strong></span> <span class='ocrx_word' id='word_1_480' title='bbox 3375 2095 3442 2136; x_wconf 89' lang='lat' dir='ltr'><strong>ac</strong></span> <span class='ocrx_word' id='word_1_481' title='bbox 3486 2095 3604 2150; x_wconf 82' lang='lat' dir='ltr'><strong>my-</strong></span> 
     </span>
    </p>
   </div>
   <div class='ocr_carea' id='block_1_66' title="bbox 2028 2170 3593 2243">
    <p class='ocr_par' dir='ltr' id='par_1_66' title="bbox 2028 2170 3593 2243">
     <span class='ocr_line' id='line_1_66' title="bbox 2028 2170 3593 2243; baseline 0.001 -20"><span class='ocrx_word' id='word_1_482' title='bbox 2028 2170 2220 2224; x_wconf 89' lang='lat' dir='ltr'><strong>sticam</strong></span> <span class='ocrx_word' id='word_1_483' title='bbox 2253 2171 2544 2227; x_wconf 87' lang='lat' dir='ltr'><strong>rationem.</strong></span> <span class='ocrx_word' id='word_1_484' title='bbox 2576 2171 2710 2227; x_wconf 88' lang='lat' dir='ltr'><strong>Cum</strong></span> <span class='ocrx_word' id='word_1_485' title='bbox 2743 2172 2925 2242; x_wconf 87' lang='lat' dir='ltr'><strong>itaque</strong></span> <span class='ocrx_word' id='word_1_486' title='bbox 2948 2187 3045 2241; x_wconf 92' lang='lat' dir='ltr'><strong>per</strong></span> <span class='ocrx_word' id='word_1_487' title='bbox 3079 2186 3143 2227; x_wconf 81' lang='lat' dir='ltr'><strong>os</strong></span> <span class='ocrx_word' id='word_1_488' title='bbox 3183 2173 3427 2243; x_wconf 88' lang='lat' dir='ltr'><strong>mysterii</strong></span> <span class='ocrx_word' id='word_1_489' title='bbox 3458 2172 3593 2227; x_wconf 86' lang='lat' dir='ltr'><strong>soli-</strong></span> 
     </span>
    </p>
   </div>
   <div class='ocr_carea' id='block_1_67' title="bbox 2028 2261 3604 2333">
    <p class='ocr_par' dir='ltr' id='par_1_67' title="bbox 2028 2261 3604 2333">
     <span class='ocr_line' id='line_1_67' title="bbox 2028 2261 3604 2333; baseline 0.001 -18"><span class='ocrx_word' id='word_1_490' title='bbox 2028 2261 2170 2315; x_wconf 88' lang='lat' dir='ltr'><strong>ditas</strong></span> <span class='ocrx_word' id='word_1_491' title='bbox 2201 2261 2552 2332; x_wconf 83' lang='lat' dir='ltr'><strong>intelligatur,</strong></span> <span class='ocrx_word' id='word_1_492' title='bbox 2579 2262 2671 2333; x_wconf 91' lang='lat' dir='ltr'><strong>qui</strong></span> <span class='ocrx_word' id='word_1_493' title='bbox 2708 2270 3073 2333; x_wconf 79' lang='lat' dir='ltr'><strong>congruenter</strong></span> <span class='ocrx_word' id='word_1_494' title='bbox 3119 2276 3181 2318; x_wconf 86' lang='lat' dir='ltr'><strong>ac</strong></span> <span class='ocrx_word' id='word_1_495' title='bbox 3232 2273 3604 2318; x_wconf 74' lang='lat' dir='ltr'><strong>consentanea</strong></span> 
     </span>
    </p>
   </div>
   <div class='ocr_carea' id='block_1_68' title="bbox 2027 2352 3598 2424">
    <p class='ocr_par' dir='ltr' id='par_1_68' title="bbox 2027 2352 3598 2424">
     <span class='ocr_line' id='line_1_68' title="bbox 2027 2352 3598 2424; baseline 0 -16"><span class='ocrx_word' id='word_1_496' title='bbox 2027 2353 2229 2408; x_wconf 89' lang='lat' dir='ltr'><strong>Christi</strong></span> <span class='ocrx_word' id='word_1_497' title='bbox 2277 2354 2596 2424; x_wconf 88' lang='lat' dir='ltr'><strong>mysterium</strong></span> <span class='ocrx_word' id='word_1_498' title='bbox 2625 2353 3120 2422; x_wconf 90' lang='lat' dir='ltr'><strong>comprehendunt,</strong></span> <span class='ocrx_word' id='word_1_499' title='bbox 3143 2368 3205 2409; x_wconf 88' lang='lat' dir='ltr'><strong>os</strong></span> <span class='ocrx_word' id='word_1_500' title='bbox 3224 2353 3341 2424; x_wconf 84' lang='lat' dir='ltr'><strong>ejus</strong></span> <span class='ocrx_word' id='word_1_501' title='bbox 3369 2352 3598 2408; x_wconf 83' lang='lat' dir='ltr'><strong>minime</strong></span> 
     </span>
    </p>
   </div>
   <div class='ocr_carea' id='block_1_69' title="bbox 2030 2427 3598 2513">
    <p class='ocr_par' dir='ltr' id='par_1_69' title="bbox 2030 2427 3598 2513">
     <span class='ocr_line' id='line_1_69' title="bbox 2030 2427 3598 2513; baseline 0.003 -19"><span class='ocrx_word' id='word_1_502' title='bbox 2030 2427 2356 2495; x_wconf 48' lang='lat' dir='ltr'><strong>conterunt.’</strong></span> <span class='ocrx_word' id='word_1_503' title='bbox 2384 2440 2612 2508; x_wconf 83' lang='lat' dir='ltr'><strong>Quando</strong></span> <span class='ocrx_word' id='word_1_504' title='bbox 2665 2451 2845 2497; x_wconf 87' lang='lat' dir='ltr'><strong>autem</strong></span> <span class='ocrx_word' id='word_1_505' title='bbox 2912 2442 3095 2497; x_wconf 86' lang='lat' dir='ltr'><strong>veniet</strong></span> <span class='ocrx_word' id='word_1_506' title='bbox 3148 2443 3415 2513; x_wconf 78' lang='lat' dir='ltr'><strong>judicare,</strong></span> <span class='ocrx_word' id='word_1_507' title='bbox 3468 2451 3598 2498; x_wconf 90' lang='lat' dir='ltr'><strong>tunc</strong></span> 
     </span>
    </p>
   </div>
   <div class='ocr_carea' id='block_1_70' title="bbox 2029 2530 2903 2603">
    <p class='ocr_par' dir='ltr' id='par_1_70' title="bbox 2029 2530 2903 2603">
     <span class='ocr_line' id='line_1_70' title="bbox 2029 2530 2903 2603; baseline 0.003 -17"><span class='ocrx_word' id='word_1_508' title='bbox 2029 2530 2205 2600; x_wconf 84' lang='lat' dir='ltr'><strong>ipsum</strong></span> <span class='ocrx_word' id='word_1_509' title='bbox 2240 2533 2516 2599; x_wconf 81' lang='lat' dir='ltr'><strong>videbunt,</strong></span> <span class='ocrx_word' id='word_1_510' title='bbox 2545 2542 2601 2588; x_wconf 89' lang='lat' dir='ltr'><strong>ct</strong></span> <span class='ocrx_word' id='word_1_511' title='bbox 2626 2532 2903 2603; x_wconf 78' lang='lat' dir='ltr'><strong>plangent.</strong></span> 
     </span>
    </p>
   </div>
   <div class='ocr_carea' id='block_1_71' title="bbox 2093 2790 3603 2864">
    <p class='ocr_par' dir='ltr' id='par_1_71' title="bbox 2093 2790 3603 2864">
     <span class='ocr_line' id='line_1_71' title="bbox 2093 2790 3603 2864; baseline -0.001 -17"><span class='ocrx_word' id='word_1_512' title='bbox 2093 2793 2257 2848; x_wconf 73' lang='lat' dir='ltr'><strong>Vens.</strong></span> <span class='ocrx_word' id='word_1_513' title='bbox 2286 2792 2384 2847; x_wconf 78' lang='lat'><strong>58.</strong></span> <span class='ocrx_word' id='word_1_514' title='bbox 2428 2812 2446 2844; x_wconf 81' lang='grc' dir='ltr'><strong>ι</strong></span> <span class='ocrx_word' id='word_1_515' title='bbox 2476 2792 2724 2848; x_wconf 75' lang='lat' dir='ltr'><strong>Posthzec</strong></span> <span class='ocrx_word' id='word_1_516' title='bbox 2773 2801 2953 2848; x_wconf 88' lang='lat' dir='ltr'><strong>autem</strong></span> <span class='ocrx_word' id='word_1_517' title='bbox 3012 2792 3475 2864; x_wconf 79' lang='lat' dir='ltr'><strong>rogavitPilatum</strong></span> <span class='ocrx_word' id='word_1_518' title='bbox 3505 2790 3603 2846; x_wconf 69' lang='grc' dir='ltr'>ιο.</span> 
     </span>
    </p>
   </div>
   <div class='ocr_carea' id='block_1_72' title="bbox 2024 2872 3597 2953">
    <p class='ocr_par' dir='ltr' id='par_1_72' title="bbox 2024 2872 3597 2953">
     <span class='ocr_line' id='line_1_72' title="bbox 2024 2872 3597 2953; baseline -0.004 -15"><span class='ocrx_word' id='word_1_519' title='bbox 2024 2883 2156 2953; x_wconf 85' lang='lat' dir='ltr'><strong>scplt</strong></span> <span class='ocrx_word' id='word_1_520' title='bbox 2187 2884 2254 2937; x_wconf 86' lang='lat' dir='ltr'><strong>ab</strong></span> <span class='ocrx_word' id='word_1_521' title='bbox 2285 2882 2614 2936; x_wconf 74' lang='lat' dir='ltr'><strong>Arimathma</strong></span> <span class='ocrx_word' id='word_1_522' title='bbox 2664 2882 2751 2953; x_wconf 93' lang='lat' dir='ltr'><strong>(eo</strong></span> <span class='ocrx_word' id='word_1_523' title='bbox 2792 2884 2934 2952; x_wconf 91' lang='lat' dir='ltr'><strong>quod</strong></span> <span class='ocrx_word' id='word_1_524' title='bbox 2954 2891 3100 2936; x_wconf 86' lang='lat' dir='ltr'><strong>esset</strong></span> <span class='ocrx_word' id='word_1_525' title='bbox 3123 2881 3420 2950; x_wconf 90' lang='lat' dir='ltr'><strong>discipulus</strong></span> <span class='ocrx_word' id='word_1_526' title='bbox 3443 2872 3597 2942; x_wconf 75' lang='lat' dir='ltr'><strong>Jesu,</strong></span> 
     </span>
    </p>
   </div>
   <div class='ocr_carea' id='block_1_73' title="bbox 2025 2970 3599 3044">
    <p class='ocr_par' dir='ltr' id='par_1_73' title="bbox 2025 2970 3599 3044">
     <span class='ocr_line' id='line_1_73' title="bbox 2025 2970 3599 3044; baseline -0.003 -14"><span class='ocrx_word' id='word_1_527' title='bbox 2025 2974 2271 3030; x_wconf 91' lang='lat' dir='ltr'><strong>occultus</strong></span> <span class='ocrx_word' id='word_1_528' title='bbox 2295 2981 2475 3028; x_wconf 89' lang='lat' dir='ltr'><strong>autem</strong></span> <span class='ocrx_word' id='word_1_529' title='bbox 2509 2983 2729 3044; x_wconf 84' lang='lat' dir='ltr'><strong>prepter</strong></span> <span class='ocrx_word' id='word_1_530' title='bbox 2751 2984 2950 3026; x_wconf 91' lang='lat' dir='ltr'><strong>metum</strong></span> <span class='ocrx_word' id='word_1_531' title='bbox 2972 2971 3328 3041; x_wconf 74' lang='lat' dir='ltr'><strong>Jndreorum),</strong></span> <span class='ocrx_word' id='word_1_532' title='bbox 3352 2982 3413 3026; x_wconf 91' lang='lat' dir='ltr'><strong>ut</strong></span> <span class='ocrx_word' id='word_1_533' title='bbox 3438 2970 3599 3026; x_wconf 83' lang='lat' dir='ltr'><strong>tolle-</strong></span> 
     </span>
    </p>
   </div>
   <div class='ocr_carea' id='block_1_74' title="bbox 2028 3060 3587 3134">
    <p class='ocr_par' dir='ltr' id='par_1_74' title="bbox 2028 3060 3587 3134">
     <span class='ocr_line' id='line_1_74' title="bbox 2028 3060 3587 3134; baseline -0.002 -15"><span class='ocrx_word' id='word_1_534' title='bbox 2028 3074 2112 3120; x_wconf 90' lang='lat' dir='ltr'><strong>ret</strong></span> <span class='ocrx_word' id='word_1_535' title='bbox 2167 3079 2366 3134; x_wconf 84' lang='lat' dir='ltr'><strong>corpus</strong></span> <span class='ocrx_word' id='word_1_536' title='bbox 2409 3062 2562 3118; x_wconf 84' lang='lat' dir='ltr'><strong>Jesu.</strong></span> <span class='ocrx_word' id='word_1_537' title='bbox 2600 3064 2666 3118; x_wconf 85' lang='lat' dir='ltr'><strong>Et</strong></span> <span class='ocrx_word' id='word_1_538' title='bbox 2700 3064 2949 3134; x_wconf 86' lang='lat' dir='ltr'><strong>permisit</strong></span> <span class='ocrx_word' id='word_1_539' title='bbox 2982 3063 3211 3117; x_wconf 86' lang='lat' dir='ltr'><strong>Pilatus.</strong></span> <span class='ocrx_word' id='word_1_540' title='bbox 3235 3060 3400 3118; x_wconf 73' lang='lat' dir='ltr'><strong>Venit</strong></span> <span class='ocrx_word' id='word_1_541' title='bbox 3430 3076 3587 3133; x_wconf 80' lang='lat' dir='ltr'><strong>ergo,</strong></span> 
     </span>
    </p>
   </div>
   <div class='ocr_carea' id='block_1_75' title="bbox 2025 3155 2683 3226">
    <p class='ocr_par' dir='ltr' id='par_1_75' title="bbox 2025 3155 2683 3226">
     <span class='ocr_line' id='line_1_75' title="bbox 2025 3155 2683 3226; baseline -0.006 -15"><span class='ocrx_word' id='word_1_542' title='bbox 2025 3166 2080 3212; x_wconf 87' lang='lat' dir='ltr'><strong>et</strong></span> <span class='ocrx_word' id='word_1_543' title='bbox 2108 3157 2229 3212; x_wconf 93' lang='lat' dir='ltr'><strong>tulit</strong></span> <span class='ocrx_word' id='word_1_544' title='bbox 2254 3171 2450 3226; x_wconf 88' lang='lat' dir='ltr'><strong>corpus</strong></span> <span class='ocrx_word' id='word_1_545' title='bbox 2472 3155 2502 3211; x_wconf 85' lang='lat' dir='ltr'><strong>J</strong></span> <span class='ocrx_word' id='word_1_546' title='bbox 2509 3171 2624 3212; x_wconf 87' lang='lat' dir='ltr'><strong>esu.</strong></span> <span class='ocrx_word' id='word_1_547' title='bbox 2665 3174 2683 3207; x_wconf 77' lang='grc' dir='ltr'><strong>ι</strong></span> 
     </span>
    </p>
   </div>
   <div class='ocr_carea' id='block_1_76' title="bbox 2097 3246 3598 3318">
    <p class='ocr_par' dir='ltr' id='par_1_76' title="bbox 2097 3246 3598 3318">
     <span class='ocr_line' id='line_1_76' title="bbox 2097 3246 3598 3318; baseline -0.001 -16"><span class='ocrx_word' id='word_1_548' title='bbox 2097 3248 2199 3317; x_wconf 85' lang='lat' dir='ltr'><strong>Qui</strong></span> <span class='ocrx_word' id='word_1_549' title='bbox 2244 3248 2461 3318; x_wconf 88' lang='lat' dir='ltr'><strong>publice</strong></span> <span class='ocrx_word' id='word_1_550' title='bbox 2526 3250 2592 3303; x_wconf 89' lang='lat' dir='ltr'><strong>ad</strong></span> <span class='ocrx_word' id='word_1_551' title='bbox 2649 3246 2833 3303; x_wconf 84' lang='lat' dir='ltr'><strong>Jesum</strong></span> <span class='ocrx_word' id='word_1_552' title='bbox 2894 3246 3153 3303; x_wconf 86' lang='lat' dir='ltr'><strong>accedere</strong></span> <span class='ocrx_word' id='word_1_553' title='bbox 3211 3246 3598 3311; x_wconf 82' lang='lat' dir='ltr'><strong>formidabant,</strong></span> 
     </span>
    </p>
   </div>
   <div class='ocr_carea' id='block_1_77' title="bbox 2026 3325 3599 3410">
    <p class='ocr_par' dir='ltr' id='par_1_77' title="bbox 2026 3325 3599 3410">
     <span class='ocr_line' id='line_1_77' title="bbox 2026 3325 3599 3410; baseline -0.002 -15"><span class='ocrx_word' id='word_1_554' title='bbox 2026 3354 2168 3396; x_wconf 91' lang='lat' dir='ltr'><strong>nunc</strong></span> <span class='ocrx_word' id='word_1_555' title='bbox 2214 3341 2377 3395; x_wconf 88' lang='lat' dir='ltr'><strong>etiam</strong></span> <span class='ocrx_word' id='word_1_556' title='bbox 2429 3341 2736 3397; x_wconf 79' lang='lat' dir='ltr'><strong>videntibus</strong></span> <span class='ocrx_word' id='word_1_557' title='bbox 2780 3339 2984 3395; x_wconf 69' lang='lat' dir='ltr'><strong>Judaeis</strong></span> <span class='ocrx_word' id='word_1_558' title='bbox 3032 3353 3229 3410; x_wconf 87' lang='lat' dir='ltr'><strong>corpus</strong></span> <span class='ocrx_word' id='word_1_559' title='bbox 3284 3325 3494 3408; x_wconf 78' lang='lat' dir='ltr'><strong>petunt.</strong></span> <span class='ocrx_word' id='word_1_560' title='bbox 3533 3337 3599 3394; x_wconf 83' lang='lat' dir='ltr'><strong>Hi</strong></span> 
     </span>
    </p>
   </div>
   <div class='ocr_carea' id='block_1_78' title="bbox 2024 3430 3593 3501">
    <p class='ocr_par' dir='ltr' id='par_1_78' title="bbox 2024 3430 3593 3501">
     <span class='ocr_line' id='line_1_78' title="bbox 2024 3430 3593 3501; baseline -0.001 -15"><span class='ocrx_word' id='word_1_561' title='bbox 2024 3442 2205 3487; x_wconf 90' lang='lat' dir='ltr'><strong>autem</strong></span> <span class='ocrx_word' id='word_1_562' title='bbox 2238 3446 2344 3487; x_wconf 89' lang='lat' dir='ltr'><strong>non</strong></span> <span class='ocrx_word' id='word_1_563' title='bbox 2384 3441 2544 3488; x_wconf 89' lang='lat' dir='ltr'><strong>erant</strong></span> <span class='ocrx_word' id='word_1_564' title='bbox 2579 3448 2641 3487; x_wconf 81' lang='lat' dir='ltr'><strong>ex</strong></span> <span class='ocrx_word' id='word_1_565' title='bbox 2669 3433 2975 3497; x_wconf 87' lang='lat' dir='ltr'><strong>duodecim,</strong></span> <span class='ocrx_word' id='word_1_566' title='bbox 3009 3435 3104 3487; x_wconf 88' lang='lat' dir='ltr'><strong>sed</strong></span> <span class='ocrx_word' id='word_1_567' title='bbox 3129 3446 3194 3485; x_wconf 80' lang='lat' dir='ltr'><strong>ex</strong></span> <span class='ocrx_word' id='word_1_568' title='bbox 3230 3430 3593 3501; x_wconf 84' lang='lat' dir='ltr'><strong>septuaginta,</strong></span> 
     </span>
    </p>
   </div>
   <div class='ocr_carea' id='block_1_79' title="bbox 2022 3522 3593 3596">
    <p class='ocr_par' dir='ltr' id='par_1_79' title="bbox 2022 3522 3593 3596">
     <span class='ocr_line' id='line_1_79' title="bbox 2022 3522 3593 3596; baseline 0.001 -20"><span class='ocrx_word' id='word_1_569' title='bbox 2022 3531 2078 3576; x_wconf 93' lang='lat' dir='ltr'><strong>et</strong></span> <span class='ocrx_word' id='word_1_570' title='bbox 2098 3523 2206 3590; x_wconf 80' lang='lat' dir='ltr'><strong>jam</strong></span> <span class='ocrx_word' id='word_1_571' title='bbox 2234 3522 2389 3592; x_wconf 90' lang='lat' dir='ltr'><strong>quasi</strong></span> <span class='ocrx_word' id='word_1_572' title='bbox 2434 3524 2621 3577; x_wconf 81' lang='lat' dir='ltr'><strong>sedato</strong></span> <span class='ocrx_word' id='word_1_573' title='bbox 2642 3523 2825 3578; x_wconf 85' lang='lat' dir='ltr'><strong>furore</strong></span> <span class='ocrx_word' id='word_1_574' title='bbox 2858 3522 3191 3596; x_wconf 67' lang='lat' dir='ltr'><strong>Iudaeorum,</strong></span> <span class='ocrx_word' id='word_1_575' title='bbox 3225 3523 3593 3592; x_wconf 84' lang='lat' dir='ltr'><strong>imperterrite</strong></span> 
     </span>
    </p>
   </div>
   <div class='ocr_carea' id='block_1_80' title="bbox 2024 3613 3602 3679">
    <p class='ocr_par' dir='ltr' id='par_1_80' title="bbox 2024 3613 3602 3679">
     <span class='ocr_line' id='line_1_80' title="bbox 2024 3613 3602 3679; baseline 0.001 -12"><span class='ocrx_word' id='word_1_576' title='bbox 2024 3614 2313 3668; x_wconf 88' lang='lat' dir='ltr'><strong>accedunt.</strong></span> <span class='ocrx_word' id='word_1_577' title='bbox 2350 3613 2485 3667; x_wconf 89' lang='lat' dir='ltr'><strong>Tam</strong></span> <span class='ocrx_word' id='word_1_578' title='bbox 2539 3623 2716 3667; x_wconf 85' lang='lat' dir='ltr'><strong>autem</strong></span> <span class='ocrx_word' id='word_1_579' title='bbox 2770 3623 2928 3668; x_wconf 88' lang='lat' dir='ltr'><strong>erant</strong></span> <span class='ocrx_word' id='word_1_580' title='bbox 2992 3614 3239 3668; x_wconf 88' lang='lat' dir='ltr'><strong>crudeles</strong></span> <span class='ocrx_word' id='word_1_581' title='bbox 3284 3613 3476 3679; x_wconf 74' lang='lat' dir='ltr'><strong>Judaei,</strong></span> <span class='ocrx_word' id='word_1_582' title='bbox 3541 3623 3602 3668; x_wconf 87' lang='lat' dir='ltr'><strong>ut</strong></span> 
     </span>
    </p>
   </div>
   <div class='ocr_carea' id='block_1_81' title="bbox 2020 3702 3593 3773">
    <p class='ocr_par' dir='ltr' id='par_1_81' title="bbox 2020 3702 3593 3773">
     <span class='ocr_line' id='line_1_81' title="bbox 2020 3702 3593 3773; baseline -0.001 -15"><span class='ocrx_word' id='word_1_583' title='bbox 2020 3717 2207 3758; x_wconf 90' lang='lat' dir='ltr'><strong>eorum</strong></span> <span class='ocrx_word' id='word_1_584' title='bbox 2233 3703 2426 3757; x_wconf 85' lang='lat' dir='ltr'><strong>incolae</strong></span> <span class='ocrx_word' id='word_1_585' title='bbox 2445 3717 2641 3771; x_wconf 82' lang='lat' dir='ltr'><strong>corpus</strong></span> <span class='ocrx_word' id='word_1_586' title='bbox 2669 3702 3118 3773; x_wconf 82' lang='lat' dir='ltr'><strong>Christiscpelire</strong></span> <span class='ocrx_word' id='word_1_587' title='bbox 3145 3702 3593 3773; x_wconf 84' lang='lat' dir='ltr'><strong>dedignarentur,</strong></span> 
     </span>
    </p>
   </div>
   <div class='ocr_carea' id='block_1_82' title="bbox 2021 3792 3231 3865">
    <p class='ocr_par' dir='ltr' id='par_1_82' title="bbox 2021 3792 3231 3865">
     <span class='ocr_line' id='line_1_82' title="bbox 2021 3792 3231 3865; baseline -0.002 -15"><span class='ocrx_word' id='word_1_588' title='bbox 2021 3797 2113 3850; x_wconf 84' lang='lat' dir='ltr'><strong>sed</strong></span> <span class='ocrx_word' id='word_1_589' title='bbox 2146 3794 2199 3847; x_wconf 86' lang='lat' dir='ltr'><strong>id</strong></span> <span class='ocrx_word' id='word_1_590' title='bbox 2229 3792 2418 3849; x_wconf 83' lang='lat' dir='ltr'><strong>fecerit</strong></span> <span class='ocrx_word' id='word_1_591' title='bbox 2437 3795 2752 3865; x_wconf 84' lang='lat' dir='ltr'><strong>peregrinus</strong></span> <span class='ocrx_word' id='word_1_592' title='bbox 2776 3796 2844 3849; x_wconf 88' lang='lat' dir='ltr'><strong>ab</strong></span> <span class='ocrx_word' id='word_1_593' title='bbox 2876 3792 3231 3847; x_wconf 69' lang='lat' dir='ltr'><strong>Arimathaea.</strong></span> 
     </span>
    </p>
   </div>
   <div class='ocr_carea' id='block_1_83' title="bbox 2095 3882 3593 3948">
    <p class='ocr_par' dir='ltr' id='par_1_83' title="bbox 2095 3882 3593 3948">
     <span class='ocr_line' id='line_1_83' title="bbox 2095 3882 3593 3948; baseline -0.001 -8"><span class='ocrx_word' id='word_1_594' title='bbox 2095 3884 2269 3940; x_wconf 70' lang='lat' dir='ltr'><strong>Vens.</strong></span> <span class='ocrx_word' id='word_1_595' title='bbox 2305 3883 2396 3939; x_wconf 74' lang='grc'><strong>41.</strong></span> <span class='ocrx_word' id='word_1_596' title='bbox 2424 3902 2444 3937; x_wconf 82' lang='grc' dir='ltr'><strong>ι</strong></span> <span class='ocrx_word' id='word_1_597' title='bbox 2482 3883 2614 3938; x_wconf 82' lang='lat' dir='ltr'><strong>Erat</strong></span> <span class='ocrx_word' id='word_1_598' title='bbox 2661 3893 2839 3938; x_wconf 87' lang='lat' dir='ltr'><strong>autem</strong></span> <span class='ocrx_word' id='word_1_599' title='bbox 2877 3884 2928 3937; x_wconf 93' lang='lat' dir='ltr'><strong>in</strong></span> <span class='ocrx_word' id='word_1_600' title='bbox 2985 3882 3103 3938; x_wconf 88' lang='lat' dir='ltr'><strong>loco</strong></span> <span class='ocrx_word' id='word_1_601' title='bbox 3128 3921 3144 3948; x_wconf 87' lang='lat'><strong>,</strong></span> <span class='ocrx_word' id='word_1_602' title='bbox 3174 3882 3262 3937; x_wconf 86' lang='lat' dir='ltr'><strong>ubi</strong></span> <span class='ocrx_word' id='word_1_603' title='bbox 3293 3884 3593 3939; x_wconf 79' lang='lat' dir='ltr'><strong>crucifixus</strong></span> 
     </span>
    </p>
   </div>
   <div class='ocr_carea' id='block_1_84' title="bbox 2019 3976 3590 4045">
    <p class='ocr_par' dir='ltr' id='par_1_84' title="bbox 2019 3976 3590 4045">
     <span class='ocr_line' id='line_1_84' title="bbox 2019 3976 3590 4045; baseline -0.001 -13"><span class='ocrx_word' id='word_1_604' title='bbox 2019 3984 2122 4042; x_wconf 87' lang='lat' dir='ltr'><strong>est,</strong></span> <span class='ocrx_word' id='word_1_605' title='bbox 2152 3977 2346 4031; x_wconf 89' lang='lat' dir='ltr'><strong>hortus</strong></span> <span class='ocrx_word' id='word_1_606' title='bbox 2386 3993 2401 4030; x_wconf 90' lang='lat'><strong>:</strong></span> <span class='ocrx_word' id='word_1_607' title='bbox 2446 3986 2501 4029; x_wconf 89' lang='lat' dir='ltr'><strong>et</strong></span> <span class='ocrx_word' id='word_1_608' title='bbox 2546 3976 2599 4030; x_wconf 91' lang='lat' dir='ltr'><strong>in</strong></span> <span class='ocrx_word' id='word_1_609' title='bbox 2632 3976 2793 4030; x_wconf 88' lang='lat' dir='ltr'><strong>horto</strong></span> <span class='ocrx_word' id='word_1_610' title='bbox 2829 3984 3242 4030; x_wconf 90' lang='lat' dir='ltr'><strong>monumentum</strong></span> <span class='ocrx_word' id='word_1_611' title='bbox 3285 3990 3509 4045; x_wconf 77' lang='lat' dir='ltr'><strong>novum,</strong></span> <span class='ocrx_word' id='word_1_612' title='bbox 3536 3977 3590 4031; x_wconf 89' lang='lat' dir='ltr'><strong>in</strong></span> 
     </span>
    </p>
   </div>
   <div class='ocr_carea' id='block_1_85' title="bbox 2019 4068 3170 4140">
    <p class='ocr_par' dir='ltr' id='par_1_85' title="bbox 2019 4068 3170 4140">
     <span class='ocr_line' id='line_1_85' title="bbox 2019 4068 3170 4140; baseline 0 -18"><span class='ocrx_word' id='word_1_613' title='bbox 2019 4084 2126 4140; x_wconf 87' lang='lat' dir='ltr'><strong>quo</strong></span> <span class='ocrx_word' id='word_1_614' title='bbox 2155 4068 2394 4125; x_wconf 90' lang='lat' dir='ltr'><strong>nondum</strong></span> <span class='ocrx_word' id='word_1_615' title='bbox 2416 4072 2701 4140; x_wconf 80' lang='lat' dir='ltr'><strong>quisquam</strong></span> <span class='ocrx_word' id='word_1_616' title='bbox 2731 4068 2941 4137; x_wconf 83' lang='lat' dir='ltr'><strong>positus</strong></span> <span class='ocrx_word' id='word_1_617' title='bbox 2977 4078 3118 4122; x_wconf 90' lang='lat' dir='ltr'><strong>erat.</strong></span> <span class='ocrx_word' id='word_1_618' title='bbox 3150 4086 3170 4121; x_wconf 77' lang='grc' dir='ltr'><strong>ι</strong></span> 
     </span>
    </p>
   </div>
   <div class='ocr_carea' id='block_1_86' title="bbox 2088 4160 3583 4230">
    <p class='ocr_par' dir='ltr' id='par_1_86' title="bbox 2088 4160 3583 4230">
     <span class='ocr_line' id='line_1_86' title="bbox 2088 4160 3583 4230; baseline 0.001 -13"><span class='ocrx_word' id='word_1_619' title='bbox 2088 4162 2144 4217; x_wconf 87' lang='lat' dir='ltr'><strong>Si</strong></span> <span class='ocrx_word' id='word_1_620' title='bbox 2196 4162 2554 4217; x_wconf 88' lang='lat' dir='ltr'><strong>fuissetcum</strong></span> <span class='ocrx_word' id='word_1_621' title='bbox 2610 4160 2752 4225; x_wconf 86' lang='lat' dir='ltr'><strong>aliis,</strong></span> <span class='ocrx_word' id='word_1_622' title='bbox 2796 4160 3017 4230; x_wconf 89' lang='lat' dir='ltr'><strong>quidam</strong></span> <span class='ocrx_word' id='word_1_623' title='bbox 3079 4160 3332 4216; x_wconf 80' lang='lat' dir='ltr'><strong>infideles</strong></span> <span class='ocrx_word' id='word_1_624' title='bbox 3391 4161 3583 4230; x_wconf 90' lang='lat' dir='ltr'><strong>utique</strong></span> 
     </span>
    </p>
   </div>
   <div class='ocr_carea' id='block_1_87' title="bbox 2019 4249 3585 4320">
    <p class='ocr_par' dir='ltr' id='par_1_87' title="bbox 2019 4249 3585 4320">
     <span class='ocr_line' id='line_1_87' title="bbox 2019 4249 3585 4320; baseline -0.001 -13"><span class='ocrx_word' id='word_1_625' title='bbox 2019 4252 2301 4318; x_wconf 83' lang='lat' dir='ltr'><strong>dixissent,</strong></span> <span class='ocrx_word' id='word_1_626' title='bbox 2328 4267 2433 4306; x_wconf 92' lang='lat' dir='ltr'><strong>non</strong></span> <span class='ocrx_word' id='word_1_627' title='bbox 2463 4250 2590 4306; x_wconf 89' lang='lat' dir='ltr'><strong>Jesu</strong></span> <span class='ocrx_word' id='word_1_628' title='bbox 2619 4264 2818 4320; x_wconf 89' lang='lat' dir='ltr'><strong>corpus</strong></span> <span class='ocrx_word' id='word_1_629' title='bbox 2850 4249 3178 4315; x_wconf 80' lang='lat' dir='ltr'><strong>surrexisse,</strong></span> <span class='ocrx_word' id='word_1_630' title='bbox 3215 4249 3309 4305; x_wconf 89' lang='lat' dir='ltr'><strong>sed</strong></span> <span class='ocrx_word' id='word_1_631' title='bbox 3338 4250 3585 4306; x_wconf 87' lang='lat' dir='ltr'><strong>alterius.</strong></span> 
     </span>
    </p>
   </div>
   <div class='ocr_carea' id='block_1_88' title="bbox 2018 4342 3592 4413">
    <p class='ocr_par' dir='ltr' id='par_1_88' title="bbox 2018 4342 3592 4413">
     <span class='ocr_line' id='line_1_88' title="bbox 2018 4342 3592 4413; baseline -0.002 -14"><span class='ocrx_word' id='word_1_632' title='bbox 2018 4345 2077 4402; x_wconf 87' lang='lat' dir='ltr'><strong>In</strong></span> <span class='ocrx_word' id='word_1_633' title='bbox 2111 4362 2308 4402; x_wconf 85' lang='lat' dir='ltr'><strong>novum</strong></span> <span class='ocrx_word' id='word_1_634' title='bbox 2337 4346 2521 4403; x_wconf 90' lang='lat' dir='ltr'><strong>illatus</strong></span> <span class='ocrx_word' id='word_1_635' title='bbox 2550 4354 2635 4402; x_wconf 88' lang='lat' dir='ltr'><strong>est</strong></span> <span class='ocrx_word' id='word_1_636' title='bbox 2687 4352 3124 4411; x_wconf 90' lang='lat' dir='ltr'><strong>monumentum,</strong></span> <span class='ocrx_word' id='word_1_637' title='bbox 3162 4352 3383 4413; x_wconf 88' lang='lat' dir='ltr'><strong>propter</strong></span> <span class='ocrx_word' id='word_1_638' title='bbox 3414 4342 3592 4396; x_wconf 84' lang='lat' dir='ltr'><strong>inusi-</strong></span> 
     </span>
    </p>
   </div>
   <div class='ocr_carea' id='block_1_89' title="bbox 340 4435 1922 4527">
    <p class='ocr_par' dir='ltr' id='par_1_89' title="bbox 340 4445 1912 4527">
     <span class='ocr_line' id='line_1_89' title="bbox 340 4445 1912 4527; baseline 0.004 -26"><span class='ocrx_word' id='word_1_639' title='bbox 340 4448 504 4501; x_wconf 82' lang='grc' dir='ltr'>νάτου</span> <span class='ocrx_word' id='word_1_640' title='bbox 532 4448 614 4510; x_wconf 83' lang='grc' dir='ltr'><strong>είς</strong></span> <span class='ocrx_word' id='word_1_641' title='bbox 647 4445 793 4508; x_wconf 69' lang='grc' dir='ltr'>ζωὴν</span> <span class='ocrx_word' id='word_1_642' title='bbox 821 4448 1156 4520; x_wconf 76' lang='grc' dir='ltr'>ἀναδρομῆς,</span> <span class='ocrx_word' id='word_1_643' title='bbox 1191 4451 1285 4504; x_wconf 74' lang='grc' dir='ltr'><strong>καὶ</strong></span> <span class='ocrx_word' id='word_1_644' title='bbox 1304 4450 1404 4524; x_wconf 80' lang='grc' dir='ltr'>τὴν</span> <span class='ocrx_word' id='word_1_645' title='bbox 1428 4454 1786 4525; x_wconf 83' lang='grc' dir='ltr'>καινοτομίαν</span> <span class='ocrx_word' id='word_1_646' title='bbox 1814 4455 1912 4527; x_wconf 74' lang='grc' dir='ltr'>τὴν</span> 
     </span>
    </p>
   </div>
   <div class='ocr_carea' id='block_1_90' title="bbox 2027 4435 3598 4527">
    <p class='ocr_par' dir='ltr' id='par_1_90' title="bbox 2027 4435 3598 4505">
     <span class='ocr_line' id='line_1_90' title="bbox 2027 4435 3598 4505; baseline -0.003 -11"><span class='ocrx_word' id='word_1_647' title='bbox 2027 4449 2192 4496; x_wconf 84' lang='lat' dir='ltr'><strong>latum</strong></span> <span class='ocrx_word' id='word_1_648' title='bbox 2219 4455 2287 4495; x_wconf 76' lang='lat' dir='ltr'><strong>ex</strong></span> <span class='ocrx_word' id='word_1_649' title='bbox 2317 4451 2493 4496; x_wconf 90' lang='lat' dir='ltr'><strong>morte</strong></span> <span class='ocrx_word' id='word_1_650' title='bbox 2541 4439 2609 4495; x_wconf 90' lang='lat' dir='ltr'><strong>ad</strong></span> <span class='ocrx_word' id='word_1_651' title='bbox 2640 4439 2803 4493; x_wconf 81' lang='lat' dir='ltr'><strong>vitam</strong></span> <span class='ocrx_word' id='word_1_652' title='bbox 2860 4435 3123 4504; x_wconf 84' lang='lat' dir='ltr'><strong>reditum,</strong></span> <span class='ocrx_word' id='word_1_653' title='bbox 3149 4444 3203 4491; x_wconf 89' lang='lat' dir='ltr'><strong>et</strong></span> <span class='ocrx_word' id='word_1_654' title='bbox 3223 4449 3343 4490; x_wconf 89' lang='lat' dir='ltr'><strong>eam</strong></span> <span class='ocrx_word' id='word_1_655' title='bbox 3362 4450 3482 4505; x_wconf 81' lang='lat' dir='ltr'><strong>quae</strong></span> <span class='ocrx_word' id='word_1_656' title='bbox 3513 4448 3598 4489; x_wconf 78' lang='lat' dir='ltr'><strong>se-</strong></span> 
     </span>
    </p>
   </div>
   <div class='ocr_carea' id='block_1_91' title="bbox 340 4538 1913 4617">
    <p class='ocr_par' dir='ltr' id='par_1_91' title="bbox 340 4538 1913 4617">
     <span class='ocr_line' id='line_1_91' title="bbox 340 4538 1913 4617; baseline 0.007 -27"><span class='ocrx_word' id='word_1_657' title='bbox 340 4538 726 4609; x_wconf 81' lang='grc' dir='ltr'>ἐπινοηθεῖσαν</span> <span class='ocrx_word' id='word_1_658' title='bbox 778 4540 921 4593; x_wconf 81' lang='grc' dir='ltr'>κατὰ</span> <span class='ocrx_word' id='word_1_659' title='bbox 951 4541 1050 4610; x_wconf 82' lang='grc' dir='ltr'><strong>τῆς</strong></span> <span class='ocrx_word' id='word_1_660' title='bbox 1116 4542 1344 4614; x_wconf 79' lang='grc' dir='ltr'>φθορᾶς.</span> <span class='ocrx_word' id='word_1_661' title='bbox 1408 4545 1755 4617; x_wconf 77' lang='grc' dir='ltr'>Οίκονομήθη</span> <span class='ocrx_word' id='word_1_662' title='bbox 1807 4546 1913 4601; x_wconf 74' lang='grc' dir='ltr'>δὲᾶ</span> 
     </span>
    </p>
   </div>
   <div class='ocr_carea' id='block_1_92' title="bbox 2018 4526 3587 4602">
    <p class='ocr_par' dir='ltr' id='par_1_92' title="bbox 2018 4526 3587 4602">
     <span class='ocr_line' id='line_1_92' title="bbox 2018 4526 3587 4602; baseline -0.004 -15"><span class='ocrx_word' id='word_1_663' title='bbox 2018 4533 2254 4587; x_wconf 88' lang='lat' dir='ltr'><strong>cundum</strong></span> <span class='ocrx_word' id='word_1_664' title='bbox 2317 4532 2724 4602; x_wconf 88' lang='lat' dir='ltr'><strong>corruptionem</strong></span> <span class='ocrx_word' id='word_1_665' title='bbox 2770 4528 3090 4598; x_wconf 86' lang='lat' dir='ltr'><strong>intelligitur</strong></span> <span class='ocrx_word' id='word_1_666' title='bbox 3155 4526 3587 4582; x_wconf 77' lang='lat' dir='ltr'><strong>innovationem.</strong></span> 
     </span>
    </p>
   </div>
   <div class='ocr_carea' id='block_1_93' title="bbox 340 4619 1922 4711">
    <p class='ocr_par' dir='ltr' id='par_1_93' title="bbox 340 4627 1913 4711">
     <span class='ocr_line' id='line_1_93' title="bbox 340 4627 1913 4711; baseline 0.007 -30"><span class='ocrx_word' id='word_1_667' title='bbox 340 4631 509 4701; x_wconf 69' lang='grc' dir='ltr'>ἐγγὺς</span> <span class='ocrx_word' id='word_1_668' title='bbox 536 4627 678 4684; x_wconf 74' lang='grc' dir='ltr'>εἶναι</span> <span class='ocrx_word' id='word_1_669' title='bbox 709 4629 800 4682; x_wconf 74' lang='grc' dir='ltr'>τὸν</span> <span class='ocrx_word' id='word_1_670' title='bbox 820 4632 1002 4696; x_wconf 85' lang='grc' dir='ltr'>τόπον,</span> <span class='ocrx_word' id='word_1_671' title='bbox 1038 4634 1126 4688; x_wconf 76' lang='grc' dir='ltr'>ἵνα</span> <span class='ocrx_word' id='word_1_672' title='bbox 1156 4636 1251 4688; x_wconf 72' lang='grc' dir='ltr'>καὶ</span> <span class='ocrx_word' id='word_1_673' title='bbox 1275 4635 1480 4707; x_wconf 66' lang='grc' dir='ltr'>ψευδὴς</span> <span class='ocrx_word' id='word_1_674' title='bbox 1505 4638 1690 4709; x_wconf 80' lang='grc' dir='ltr'>δειχθῇ</span> <span class='ocrx_word' id='word_1_675' title='bbox 1723 4640 1751 4691; x_wconf 84' lang='lat'><strong>6</strong></span> <span class='ocrx_word' id='word_1_676' title='bbox 1785 4641 1913 4711; x_wconf 79' lang='grc' dir='ltr'>περὶ</span> 
     </span>
    </p>
   </div>
   <div class='ocr_carea' id='block_1_94' title="bbox 2027 4619 3580 4711">
    <p class='ocr_par' dir='ltr' id='par_1_94' title="bbox 2027 4619 3580 4695">
     <span class='ocr_line' id='line_1_94' title="bbox 2027 4619 3580 4695; baseline -0.006 -14"><span class='ocrx_word' id='word_1_677' title='bbox 2027 4626 2093 4681; x_wconf 88' lang='lat' dir='ltr'><strong>Ita</strong></span> <span class='ocrx_word' id='word_1_678' title='bbox 2123 4635 2301 4680; x_wconf 88' lang='lat' dir='ltr'><strong>autem</strong></span> <span class='ocrx_word' id='word_1_679' title='bbox 2327 4624 2431 4681; x_wconf 85' lang='lat' dir='ltr'><strong>fuit</strong></span> <span class='ocrx_word' id='word_1_680' title='bbox 2454 4626 2849 4695; x_wconf 87' lang='lat' dir='ltr'><strong>dispensatum,</strong></span> <span class='ocrx_word' id='word_1_681' title='bbox 2874 4630 2933 4676; x_wconf 90' lang='lat' dir='ltr'><strong>ut</strong></span> <span class='ocrx_word' id='word_1_682' title='bbox 2964 4621 3174 4676; x_wconf 86' lang='lat' dir='ltr'><strong>vicinus</strong></span> <span class='ocrx_word' id='word_1_683' title='bbox 3213 4629 3362 4675; x_wconf 89' lang='lat' dir='ltr'><strong>esset</strong></span> <span class='ocrx_word' id='word_1_684' title='bbox 3404 4619 3580 4683; x_wconf 91' lang='lat' dir='ltr'><strong>locus,</strong></span> 
     </span>
    </p>
   </div>
   <div class='ocr_carea' id='block_1_95' title="bbox 338 4722 885 4797">
    <p class='ocr_par' dir='ltr' id='par_1_95' title="bbox 338 4722 885 4797">
     <span class='ocr_line' id='line_1_95' title="bbox 338 4722 885 4797; baseline 0.002 -24"><span class='ocrx_word' id='word_1_685' title='bbox 338 4723 438 4790; x_wconf 77' lang='grc' dir='ltr'>τῆς</span> <span class='ocrx_word' id='word_1_686' title='bbox 467 4722 673 4797; x_wconf 82' lang='grc' dir='ltr'>κλοπῆς</span> <span class='ocrx_word' id='word_1_687' title='bbox 699 4740 885 4793; x_wconf 77' lang='grc' dir='ltr'>Αογος.</span> 
     </span>
    </p>
   </div>
   <div class='ocr_carea' id='block_1_96' title="bbox 930 4925 1311 4980">
    <p class='ocr_par' dir='ltr' id='par_1_96' title="bbox 930 4925 1311 4980">
     <span class='ocr_line' id='line_1_96' title="bbox 930 4925 1311 4980; baseline 0.003 -1"><span class='ocrx_word' id='word_1_688' title='bbox 930 4925 1177 4980; x_wconf 72' lang='grc' dir='ltr'><strong>ΚΕΦΑΛ.</strong></span> <span class='ocrx_word' id='word_1_689' title='bbox 1233 4926 1311 4980; x_wconf 84' lang='grc' dir='ltr'><strong>Κ.</strong></span> 
     </span>
    </p>
   </div>
   <div class='ocr_carea' id='block_1_97' title="bbox 415 5016 1919 5118">
    <p class='ocr_par' dir='ltr' id='par_1_97' title="bbox 415 5016 1919 5118">
     <span class='ocr_line' id='line_1_97' title="bbox 415 5016 1919 5118; baseline 0.001 -29"><span class='ocrx_word' id='word_1_690' title='bbox 415 5055 435 5089; x_wconf 83' lang='grc' dir='ltr'><strong>ι</strong></span> <span class='ocrx_word' id='word_1_691' title='bbox 475 5036 556 5107; x_wconf 83' lang='grc' dir='ltr'><strong>Τῇ</strong></span> <span class='ocrx_word' id='word_1_692' title='bbox 583 5036 641 5091; x_wconf 77' lang='grc' dir='ltr'>δὲ</span> <span class='ocrx_word' id='word_1_693' title='bbox 671 5038 772 5109; x_wconf 85' lang='grc' dir='ltr'>μιᾷ</span> <span class='ocrx_word' id='word_1_694' title='bbox 816 5036 927 5090; x_wconf 87' lang='grc' dir='ltr'><strong>τῶν</strong></span> <span class='ocrx_word' id='word_1_695' title='bbox 966 5035 1262 5091; x_wconf 82' lang='grc' dir='ltr'>Σαϐϐάτων</span> <span class='ocrx_word' id='word_1_696' title='bbox 1291 5037 1480 5109; x_wconf 82' lang='grc' dir='ltr'>Μαρία</span> <span class='ocrx_word' id='word_1_697' title='bbox 1512 5041 1544 5110; x_wconf 79' lang='grc' dir='ltr'><strong>ἡ</strong></span> <span class='ocrx_word' id='word_1_698' title='bbox 1570 5016 1919 5118; x_wconf 55' lang='grc' dir='ltr'>Μαγδαληνὴ.</span> 
     </span>
    </p>
   </div>
   <div class='ocr_carea' id='block_1_98' title="bbox 338 5127 1906 5205">
    <p class='ocr_par' dir='ltr' id='par_1_98' title="bbox 338 5127 1906 5205">
     <span class='ocr_line' id='line_1_98' title="bbox 338 5127 1906 5205; baseline 0.004 -23"><span class='ocrx_word' id='word_1_699' title='bbox 338 5127 558 5199; x_wconf 73' lang='grc' dir='ltr'>ἔρχεται</span> <span class='ocrx_word' id='word_1_700' title='bbox 588 5127 756 5201; x_wconf 82' lang='grc' dir='ltr'>πρωῒ,</span> <span class='ocrx_word' id='word_1_701' title='bbox 797 5129 1017 5191; x_wconf 74' lang='grc' dir='ltr'>σκοτίας</span> <span class='ocrx_word' id='word_1_702' title='bbox 1051 5128 1131 5181; x_wconf 80' lang='grc' dir='ltr'>ἔτι</span> <span class='ocrx_word' id='word_1_703' title='bbox 1178 5129 1368 5200; x_wconf 79' lang='grc' dir='ltr'>οὔσης,</span> <span class='ocrx_word' id='word_1_704' title='bbox 1398 5132 1479 5194; x_wconf 79' lang='grc' dir='ltr'><strong>είς</strong></span> <span class='ocrx_word' id='word_1_705' title='bbox 1514 5133 1575 5184; x_wconf 79' lang='grc' dir='ltr'><strong>τὸ</strong></span> <span class='ocrx_word' id='word_1_706' title='bbox 1602 5138 1865 5205; x_wconf 82' lang='grc' dir='ltr'>μνημεῖον</span> <span class='ocrx_word' id='word_1_707' title='bbox 1894 5154 1906 5166; x_wconf 91' lang='grc'><strong>·</strong></span> 
     </span>
    </p>
   </div>
   <div class='ocr_carea' id='block_1_99' title="bbox 338 5218 1815 5299">
    <p class='ocr_par' dir='ltr' id='par_1_99' title="bbox 338 5218 1815 5299">
     <span class='ocr_line' id='line_1_99' title="bbox 338 5218 1815 5299; baseline 0.003 -24"><span class='ocrx_word' id='word_1_708' title='bbox 338 5219 433 5275; x_wconf 80' lang='grc' dir='ltr'>καὶ</span> <span class='ocrx_word' id='word_1_709' title='bbox 467 5219 768 5290; x_wconf 84' lang='grc' dir='ltr'>βλέπειτδν</span> <span class='ocrx_word' id='word_1_710' title='bbox 795 5218 945 5274; x_wconf 88' lang='grc' dir='ltr'>λίθον</span> <span class='ocrx_word' id='word_1_711' title='bbox 972 5221 1212 5291; x_wconf 72' lang='grc' dir='ltr'>ἠρμένον</span> <span class='ocrx_word' id='word_1_712' title='bbox 1241 5225 1307 5275; x_wconf 82' lang='grc' dir='ltr'>ἐκ</span> <span class='ocrx_word' id='word_1_713' title='bbox 1340 5221 1435 5275; x_wconf 89' lang='grc' dir='ltr'><strong>τοῦ</strong></span> <span class='ocrx_word' id='word_1_714' title='bbox 1461 5224 1753 5299; x_wconf 81' lang='grc' dir='ltr'>μνημείου.</span> <span class='ocrx_word' id='word_1_715' title='bbox 1795 5245 1815 5279; x_wconf 72' lang='grc' dir='ltr'><strong>ι</strong></span> 
     </span>
    </p>
   </div>
   <div class='ocr_carea' id='block_1_100' title="bbox 408 5478 1402 5549">
    <p class='ocr_par' dir='ltr' id='par_1_100' title="bbox 408 5478 1402 5549">
     <span class='ocr_line' id='line_1_100' title="bbox 408 5478 1402 5549; baseline 0.004 -17"><span class='ocrx_word' id='word_1_716' title='bbox 408 5478 450 5510; x_wconf 85' lang='grc'><strong>³¹</strong></span> <span class='ocrx_word' id='word_1_717' title='bbox 486 5479 658 5535; x_wconf 77' lang='lat' dir='ltr'><strong>Exod.</strong></span> <span class='ocrx_word' id='word_1_718' title='bbox 704 5496 800 5544; x_wconf 79' lang='lat' dir='ltr'><strong>xu,</strong></span> <span class='ocrx_word' id='word_1_719' title='bbox 834 5480 946 5549; x_wconf 62' lang='lat'><strong>46;</strong></span> <span class='ocrx_word' id='word_1_720' title='bbox 983 5479 1137 5534; x_wconf 84' lang='lat' dir='ltr'><strong>.lnan.</strong></span> <span class='ocrx_word' id='word_1_721' title='bbox 1171 5496 1284 5548; x_wconf 78' lang='lat' dir='ltr'><strong>xix,</strong></span> <span class='ocrx_word' id='word_1_722' title='bbox 1314 5481 1402 5536; x_wconf 75' lang='grc'><strong>56.</strong></span> 
     </span>
    </p>
   </div>
   <div class='ocr_carea' id='block_1_101' title="bbox 2016 4711 3590 4785">
    <p class='ocr_par' dir='ltr' id='par_1_101' title="bbox 2016 4711 3590 4785">
     <span class='ocr_line' id='line_1_101' title="bbox 2016 4711 3590 4785; baseline -0.004 -14"><span class='ocrx_word' id='word_1_723' title='bbox 2016 4725 2076 4771; x_wconf 85' lang='grc' dir='ltr'><strong>ιιι</strong></span> <span class='ocrx_word' id='word_1_724' title='bbox 2103 4717 2245 4785; x_wconf 82' lang='lat' dir='ltr'><strong>quod</strong></span> <span class='ocrx_word' id='word_1_725' title='bbox 2274 4711 2338 4779; x_wconf 63' lang='lat' dir='ltr'><strong>tte</strong></span> <span class='ocrx_word' id='word_1_726' title='bbox 2370 4717 2517 4771; x_wconf 86' lang='lat' dir='ltr'><strong>furto</strong></span> <span class='ocrx_word' id='word_1_727' title='bbox 2539 4715 3276 4785; x_wconf 66' lang='lat' dir='ltr'><strong>oltjiciebant,commentum</strong></span> <span class='ocrx_word' id='word_1_728' title='bbox 3308 4726 3428 4767; x_wconf 76' lang='lat' dir='ltr'><strong>esse</strong></span> <span class='ocrx_word' id='word_1_729' title='bbox 3462 4727 3590 4780; x_wconf 83' lang='lat' dir='ltr'><strong>pro-</strong></span> 
     </span>
    </p>
   </div>
   <div class='ocr_carea' id='block_1_102' title="bbox 2018 4809 2258 4865">
    <p class='ocr_par' dir='ltr' id='par_1_102' title="bbox 2018 4809 2258 4865">
     <span class='ocr_line' id='line_1_102' title="bbox 2018 4809 2258 4865; baseline -0.008 -2"><span class='ocrx_word' id='word_1_730' title='bbox 2018 4809 2085 4863; x_wconf 89' lang='lat' dir='ltr'><strong>ba</strong></span> <span class='ocrx_word' id='word_1_731' title='bbox 2094 4819 2258 4865; x_wconf 86' lang='lat' dir='ltr'><strong>retur.</strong></span> 
     </span>
    </p>
   </div>
   <div class='ocr_carea' id='block_1_103' title="bbox 2644 4915 2958 4972">
    <p class='ocr_par' dir='ltr' id='par_1_103' title="bbox 2644 4915 2958 4972">
     <span class='ocr_line' id='line_1_103' title="bbox 2644 4915 2958 4972; baseline -0.016 0"><span class='ocrx_word' id='word_1_732' title='bbox 2644 4916 2801 4972; x_wconf 73' lang='lat' dir='ltr'><strong>CAP.</strong></span> <span class='ocrx_word' id='word_1_733' title='bbox 2838 4915 2958 4970; x_wconf 75' lang='lat' dir='ltr'><strong>XX.</strong></span> 
     </span>
    </p>
   </div>
   <div class='ocr_carea' id='block_1_104' title="bbox 2089 5010 3669 5092">
    <p class='ocr_par' dir='ltr' id='par_1_104' title="bbox 2089 5010 3669 5092">
     <span class='ocr_line' id='line_1_104' title="bbox 2089 5010 3669 5092; baseline -0.009 -4"><span class='ocrx_word' id='word_1_734' title='bbox 2089 5033 2248 5088; x_wconf 73' lang='lat' dir='ltr'><strong>Vens.</strong></span> <span class='ocrx_word' id='word_1_735' title='bbox 2292 5034 2346 5086; x_wconf 78' lang='grc'><strong>1.</strong></span> <span class='ocrx_word' id='word_1_736' title='bbox 2383 5050 2401 5083; x_wconf 85' lang='grc' dir='ltr'><strong>ι</strong></span> <span class='ocrx_word' id='word_1_737' title='bbox 2448 5029 2563 5085; x_wconf 92' lang='lat' dir='ltr'><strong>Una</strong></span> <span class='ocrx_word' id='word_1_738' title='bbox 2597 5039 2778 5084; x_wconf 88' lang='lat' dir='ltr'><strong>autem</strong></span> <span class='ocrx_word' id='word_1_739' title='bbox 2824 5026 3072 5092; x_wconf 86' lang='lat' dir='ltr'><strong>Sahbati,</strong></span> <span class='ocrx_word' id='word_1_740' title='bbox 3103 5024 3273 5080; x_wconf 82' lang='lat' dir='ltr'><strong>Maria</strong></span> <span class='ocrx_word' id='word_1_741' title='bbox 3311 5026 3586 5091; x_wconf 73' lang='lat' dir='ltr'><strong>Magdale-</strong></span> <span class='ocrx_word' id='word_1_742' title='bbox 3662 5010 3669 5017; x_wconf 78' lang='grc'><em>’</em></span> 
     </span>
    </p>
   </div>
   <div class='ocr_carea' id='block_1_105' title="bbox 2011 5116 3586 5191">
    <p class='ocr_par' dir='ltr' id='par_1_105' title="bbox 2011 5116 3586 5191">
     <span class='ocr_line' id='line_1_105' title="bbox 2011 5116 3586 5191; baseline -0.006 -12"><span class='ocrx_word' id='word_1_743' title='bbox 2011 5140 2082 5179; x_wconf 89' lang='lat' dir='ltr'><strong>ne</strong></span> <span class='ocrx_word' id='word_1_744' title='bbox 2105 5126 2256 5181; x_wconf 80' lang='lat' dir='ltr'><strong>venit</strong></span> <span class='ocrx_word' id='word_1_745' title='bbox 2282 5137 2460 5191; x_wconf 87' lang='lat' dir='ltr'><strong>mane,</strong></span> <span class='ocrx_word' id='word_1_746' title='bbox 2481 5138 2604 5179; x_wconf 88' lang='lat' dir='ltr'><strong>cum</strong></span> <span class='ocrx_word' id='word_1_747' title='bbox 2634 5122 2812 5176; x_wconf 84' lang='lat' dir='ltr'><strong>adhuc</strong></span> <span class='ocrx_word' id='word_1_748' title='bbox 2846 5119 3086 5175; x_wconf 72' lang='lat' dir='ltr'><strong>tenebm</strong></span> <span class='ocrx_word' id='word_1_749' title='bbox 3125 5127 3330 5182; x_wconf 89' lang='lat' dir='ltr'><strong>essent,</strong></span> <span class='ocrx_word' id='word_1_750' title='bbox 3369 5116 3434 5170; x_wconf 89' lang='lat' dir='ltr'><strong>ad</strong></span> <span class='ocrx_word' id='word_1_751' title='bbox 3471 5132 3586 5170; x_wconf 81' lang='lat' dir='ltr'><strong>mo-</strong></span> 
     </span>
    </p>
   </div>
   <div class='ocr_carea' id='block_1_106' title="bbox 2011 5208 3583 5282">
    <p class='ocr_par' dir='ltr' id='par_1_106' title="bbox 2011 5208 3583 5282">
     <span class='ocr_line' id='line_1_106' title="bbox 2011 5208 3583 5282; baseline -0.01 -9"><span class='ocrx_word' id='word_1_752' title='bbox 2011 5224 2374 5273; x_wconf 88' lang='lat' dir='ltr'><strong>numentum:</strong></span> <span class='ocrx_word' id='word_1_753' title='bbox 2416 5225 2472 5271; x_wconf 92' lang='lat' dir='ltr'><strong>ct</strong></span> <span class='ocrx_word' id='word_1_754' title='bbox 2520 5213 2657 5269; x_wconf 78' lang='lat' dir='ltr'><strong>vidit</strong></span> <span class='ocrx_word' id='word_1_755' title='bbox 2707 5210 2942 5282; x_wconf 81' lang='lat' dir='ltr'><strong>lapidem</strong></span> <span class='ocrx_word' id='word_1_756' title='bbox 3008 5208 3281 5266; x_wconf 87' lang='lat' dir='ltr'><strong>sublatum</strong></span> <span class='ocrx_word' id='word_1_757' title='bbox 3327 5223 3355 5261; x_wconf 89' lang='lat' dir='ltr'><strong>a</strong></span> <span class='ocrx_word' id='word_1_758' title='bbox 3389 5222 3583 5261; x_wconf 88' lang='lat' dir='ltr'><strong>monu-</strong></span> 
     </span>
    </p>
   </div>
   <div class='ocr_carea' id='block_1_107' title="bbox 2009 5319 2266 5365">
    <p class='ocr_par' dir='ltr' id='par_1_107' title="bbox 2009 5319 2266 5365">
     <span class='ocr_line' id='line_1_107' title="bbox 2009 5319 2266 5365; baseline -0.012 -2"><span class='ocrx_word' id='word_1_759' title='bbox 2009 5319 2218 5365; x_wconf 87' lang='lat' dir='ltr'><strong>mento.</strong></span> <span class='ocrx_word' id='word_1_760' title='bbox 2248 5327 2266 5360; x_wconf 80' lang='grc' dir='ltr'><strong>ι</strong></span> 
     </span>
    </p>
   </div>
   <div class='ocr_carea' id='block_1_108' title="bbox 334 5622 1922 5710">
    <p class='ocr_par' dir='ltr' id='par_1_108' title="bbox 334 5622 1922 5710">
     <span class='ocr_line' id='line_1_108' title="bbox 334 5622 1922 5710; baseline 0.002 -20"><span class='ocrx_word' id='word_1_761' title='bbox 334 5677 357 5705; x_wconf 61' lang='grc' dir='ltr'>ε</span> <span class='ocrx_word' id='word_1_762' title='bbox 397 5622 437 5710; x_wconf 67' lang='lat' dir='ltr'><em>f</em></span> <span class='ocrx_word' id='word_1_763' title='bbox 461 5637 549 5692; x_wconf 92' lang='lat' dir='ltr'><strong>Cr.</strong></span> <span class='ocrx_word' id='word_1_764' title='bbox 576 5636 693 5710; x_wconf 75' lang='lat' dir='ltr'><strong>sine</strong></span> <span class='ocrx_word' id='word_1_765' title='bbox 717 5636 797 5691; x_wconf 78' lang='grc' dir='ltr'>δέ.</span> <span class='ocrx_word' id='word_1_766' title='bbox 872 5635 1022 5710; x_wconf 53' lang='grc' dir='ltr'>τοι.</span> <span class='ocrx_word' id='word_1_767' title='bbox 1049 5635 1174 5692; x_wconf 87' lang='lat' dir='ltr'><strong>add.</strong></span> <span class='ocrx_word' id='word_1_768' title='bbox 1202 5635 1291 5710; x_wconf 69' lang='grc' dir='ltr'>τά.</span> <span class='ocrx_word' id='word_1_769' title='bbox 1374 5645 1397 5673; x_wconf 83' lang='grc' dir='ltr'><strong>ι</strong></span> <span class='ocrx_word' id='word_1_770' title='bbox 1423 5636 1513 5693; x_wconf 87' lang='lat' dir='ltr'><strong>Cr.</strong></span> <span class='ocrx_word' id='word_1_771' title='bbox 1546 5637 1741 5693; x_wconf 85' lang='grc' dir='ltr'>ὀστοῦν</span> <span class='ocrx_word' id='word_1_772' title='bbox 1775 5638 1835 5692; x_wconf 78' lang='grc' dir='ltr'><strong>οὐ</strong></span> <span class='ocrx_word' id='word_1_773' title='bbox 1871 5656 1922 5693; x_wconf 69' lang='grc' dir='ltr'>σε.</span> 
     </span>
    </p>
   </div>
   <div class='ocr_carea' id='block_1_109' title="bbox 2027 5622 3581 5710">
    <p class='ocr_par' dir='ltr' id='par_1_109' title="bbox 2027 5624 3581 5709">
     <span class='ocr_line' id='line_1_109' title="bbox 2027 5624 3581 5709; baseline -0.003 -19"><span class='ocrx_word' id='word_1_774' title='bbox 2027 5637 2297 5709; x_wconf 81' lang='grc' dir='ltr'>›ι6ήσεται</span> <span class='ocrx_word' id='word_1_775' title='bbox 2326 5640 2421 5695; x_wconf 82' lang='grc' dir='ltr'>ἀπ’</span> <span class='ocrx_word' id='word_1_776' title='bbox 2455 5640 2646 5696; x_wconf 81' lang='grc' dir='ltr'>αὑτοῦ.</span> <span class='ocrx_word' id='word_1_777' title='bbox 2716 5649 2741 5678; x_wconf 74' lang='grc'>⁸</span> <span class='ocrx_word' id='word_1_778' title='bbox 2783 5638 2875 5696; x_wconf 89' lang='lat' dir='ltr'><strong>Cr.</strong></span> <span class='ocrx_word' id='word_1_779' title='bbox 2908 5639 3026 5695; x_wconf 88' lang='lat' dir='ltr'><strong>sine</strong></span> <span class='ocrx_word' id='word_1_780' title='bbox 3059 5636 3136 5690; x_wconf 89' lang='grc' dir='ltr'>δέ.</span> <span class='ocrx_word' id='word_1_781' title='bbox 3226 5636 3255 5675; x_wconf 67' lang='grc' dir='ltr'>δ</span> <span class='ocrx_word' id='word_1_782' title='bbox 3284 5633 3378 5691; x_wconf 87' lang='lat' dir='ltr'><strong>Cr.</strong></span> <span class='ocrx_word' id='word_1_783' title='bbox 3405 5624 3581 5698; x_wconf 64' lang='grc' dir='ltr'>οὗτος.</span> 
     </span>
    </p>
   </div>
   <div class='ocr_carea' id='block_1_110' title="bbox 382 5705 1279 5779">
    <p class='ocr_par' dir='ltr' id='par_1_110' title="bbox 382 5705 1279 5779">
     <span class='ocr_line' id='line_1_110' title="bbox 382 5705 1279 5779; baseline -0.004 -17"><span class='ocrx_word' id='word_1_784' title='bbox 382 5706 475 5763; x_wconf 81' lang='lat' dir='ltr'><strong>Cr.</strong></span> <span class='ocrx_word' id='word_1_785' title='bbox 509 5706 820 5779; x_wconf 78' lang='grc' dir='ltr'>προσίεσαν.</span> <span class='ocrx_word' id='word_1_786' title='bbox 891 5706 917 5745; x_wconf 74' lang='grc' dir='ltr'><em>δ</em></span> <span class='ocrx_word' id='word_1_787' title='bbox 942 5705 1034 5761; x_wconf 89' lang='lat' dir='ltr'><strong>Cr.</strong></span> <span class='ocrx_word' id='word_1_788' title='bbox 1066 5722 1177 5761; x_wconf 90' lang='lat' dir='ltr'><strong>om.</strong></span> <span class='ocrx_word' id='word_1_789' title='bbox 1203 5706 1279 5759; x_wconf 77' lang='grc' dir='ltr'>δέ.</span> 
     </span>
    </p>
   </div>
   <div class='ocr_carea' id='block_1_111' title="bbox 647 5797 1394 5861">
    <p class='ocr_par' dir='ltr' id='par_1_111' title="bbox 647 5797 1394 5861">
     <span class='ocr_line' id='line_1_111' title="bbox 647 5797 1394 5861; baseline 0.001 -2"><span class='ocrx_word' id='word_1_790' title='bbox 647 5797 912 5860; x_wconf 53' lang='lat' dir='ltr'><strong>Parnm“</strong></span> <span class='ocrx_word' id='word_1_791' title='bbox 956 5799 1070 5857; x_wconf 78' lang='lat' dir='ltr'><strong>Gn.</strong></span> <span class='ocrx_word' id='word_1_792' title='bbox 1117 5799 1394 5861; x_wconf 70' lang='lat' dir='ltr'><strong>LXXXV.</strong></span> 
     </span>
    </p>
   </div>
   <div class='ocr_carea' id='block_1_112' title="bbox 3147 5797 3224 5861">
    <p class='ocr_par' dir='ltr' id='par_1_112' title="bbox 3147 5797 3224 5861">
     <span class='ocr_line' id='line_1_112' title="bbox 3147 5797 3224 5861; baseline -0.039 0"><span class='ocrx_word' id='word_1_793' title='bbox 3147 5797 3224 5861; x_wconf 73' lang='grc'><strong>48</strong></span> 
     </span>
    </p>
   </div>
  </div>
