4064 6390
483 364 622 432 1515

1575 353 1911 416 ΑΜΜΟΝΙΙ
1946 352 2481 415 ALEXANDRINI

3606 347 3745 415 1516

549 474 685 537 Cum
711 470 999 534 Mattlizeus
1037 474 1170 531 dicit
1190 475 1299 530 alta
1333 473 1446 545 jam
1474 482 1631 527 nocte
1662 472 1861 527 factam
1889 471 2055 526 fuisse

2229 469 2337 524 Τοῦ
2367 469 2651 524 Ματθαίου
2680 468 2948 535 εἰπόντος,
2988 465 3200 539 ἑσπέρα
3236 464 3426 538 βαθείᾳ
3458 467 3743 535 γεγονέναι

480 570 967 634 resurrectionem,
1001 576 1058 621 et
1088 565 1331 623 Joannes
1362 579 1576 619 summo
1607 577 1767 616 mane
1794 562 1923 615 dum
1959 560 2058 615 ad-

483 666 589 720 huc
608 662 843 718 tenebrae
871 668 1082 726 essent,
1116 672 1224 713 non
1265 665 1446 711 tamen
1499 653 1827 709 dissentiunt
1848 652 1914 707 de
1940 664 2058 705 mo-

478 760 666 806 mento
723 747 1169 815 resurrectionis,
1204 746 1304 802 sed
1333 744 1575 800 amboin
1608 743 1751 798 idem
1795 742 2057 797 horarum

479 840 1001 912 tempus,nempein
1029 839 1262 895 mediam
1295 847 1509 893 noctem
1533 841 1892 901 concurrunt,
1919 846 2060 888 unus

479 953 509 992 a
539 935 833 1008 principio,
859 934 999 989 alter
1030 948 1059 988 a
1081 931 1260 988 noctis
1290 929 1396 985 llne
1426 929 1792 984 narrationem
1815 926 2057 982 ordiens.

554 1030 718 1087 Vens.
752 1031 805 1086 7.
841 1047 863 1082 ι
894 1028 961 1084 Et
993 1025 1292 1090 sudarium,
1325 1022 1469 1094 quod
1499 1021 1677 1077 fuerat
1702 1034 1864 1090 super
1896 1025 2061 1087 caput

476 1120 619 1191 ejus,
672 1133 779 1173 non
809 1132 932 1174 cum
966 1114 1372 1171 linteaminibus
1405 1112 1660 1182 positum,
1710 1110 1804 1165 sed
1832 1122 2059 1179 separa-

478 1212 576 1266 tim
609 1209 905 1265 involutum
937 1208 991 1263 in
1024 1221 1187 1261 unum
1222 1205 1420 1260 locum.
1459 1221 1479 1256 ι
1904 1245 1915 1253 .

548 1301 806 1358 Indicium
835 1302 936 1356 ltoc
962 1310 1083 1356 erat
1117 1295 1553 1355 resurrectionis.
1602 1293 1737 1350 Nam
1773 1293 1817 1348 si
1850 1292 1918 1347 ab
1948 1291 2057 1346 ini—

478 1391 635 1447 micis
668 1390 912 1447 sublatus
962 1388 1154 1445 fuisset
1208 1387 1343 1441 lucri
1377 1384 1569 1457 gratia,
1601 1384 1923 1439 vestimenta
1952 1380 2058 1435 mi-

478 1482 622 1537 nime
657 1480 1040 1550 reliquissent:
1072 1478 1154 1535 sin
1190 1478 1257 1533 ab
1290 1476 1506 1540 amicis,
1537 1473 1736 1529 nudum
1769 1485 1902 1527 sane
1931 1484 2057 1525 cor-

475 1589 576 1646 pus
607 1589 710 1629 non
739 1573 1113 1644 permisissent
1146 1571 1409 1628 dedecore
1441 1565 1599 1622 allici.
1632 1564 1783 1634 Quod
1812 1562 1857 1619 si
1891 1561 2057 1618 disci-

477 1666 584 1735 puli
617 1665 845 1720 fuissent
875 1675 1142 1733 raptores,
1176 1660 1437 1734 fugissent
1485 1659 1670 1728 utique
1704 1664 1925 1727 propter
1955 1652 2061 1705 mi-

476 1756 598 1812 lites
623 1771 688 1810 ac
720 1754 936 1811 Judaeos
963 1753 1236 1822 custodes,
1285 1766 1387 1808 nec
1437 1749 1805 1805 substitissent
1839 1754 1896 1798 ut
1935 1758 2059 1798 cor-

477 1864 577 1919 pus
608 1849 903 1914 solverent,
958 1856 1012 1903 ct
1064 1845 1293 1902 seorsim
1345 1843 1656 1898 linteamina
1689 1838 2045 1905 collocarent,
2082 1832 2127 1889 Β

475 1950 532 1995 et
559 1939 849 2010 separatim
879 1939 1181 1996 sudarium.
1228 1934 1475 1992 Ostendit
1527 1933 1729 2003 itaque,
1782 1944 1891 2009 non
1924 1944 2056 1982 am-

478 2031 620 2102 plius
666 2031 997 2087 vestimentis
1046 2044 1181 2099 upns
1229 2042 1349 2083 esse
1395 2025 1612 2096 corpori
1686 2023 1753 2078 ad
1807 2023 2056 2077 incorru-

477 2124 713 2194 ptionem
752 2121 1177 2192 transmigranti.
1212 2119 1327 2175 Non
1362 2124 1762 2189 conspexerunt
1805 2131 1927 2172 eum
1966 2129 2055 2170 re-

471 2222 805 2282 surgentem,
830 2213 929 2269 sed
974 2228 1037 2268 ex
1068 2212 1296 2269 vestium
1326 2211 1721 2281 compositione
1747 2207 2055 2278 intelligunt

472 2305 951 2369 resurrectionem,
1004 2318 1236 2375 eamque
1299 2303 1547 2368 credunt,
1600 2316 1756 2358 sacra
1806 2299 1862 2355 id
1926 2308 2057 2353 atte-

470 2404 652 2451 stante
685 2396 986 2464 Scriptura.
1014 2394 1241 2463 Quando
1272 2393 1494 2465 angelus
1520 2391 1834 2463 apparebant,
1878 2387 2055 2443 territi

470 2488 723 2542 custodes
752 2486 1099 2556 aufugerunt,
1153 2486 1357 2542 idcirco
1390 2486 1484 2556 qui
1512 2500 1637 2541 cum
1682 2482 1845 2539 Petro
1873 2489 2054 2547 erant,

472 2580 841 2648 imperterrite
867 2579 932 2633 ad
964 2580 1273 2649 sepulcrum
1309 2588 1681 2636 accesserunt.

546 2666 710 2722 Vsus.
747 2669 800 2726 8.
855 2688 873 2720 ι
904 2669 1058 2725 Tunc
1090 2683 1222 2740 ergo
1252 2669 1500 2724 introivit
1531 2677 1585 2723 et
1621 2666 1711 2722 ille
1754 2662 2054 2735 discipulus

477 2759 569 2828 qui
605 2768 827 2813 venerat
859 2758 1069 2829 primus
1114 2760 1180 2815 ad
1218 2766 1673 2815 monumentum:
1725 2765 1781 2812 et
1815 2755 1972 2822 vidit,
2003 2763 2059 2808 et

478 2851 722 2907 credidit.
757 2868 776 2904 ι

547 2941 663 2996 Non
714 2946 816 2999 boc
872 2953 1195 2999 adversatur
1252 2941 1413 2998 Luca:
1442 2941 1664 3009 dicenti,
1725 2942 1852 3012 quia
1906 2939 2058 2997 solus

474 3032 667 3090 Petrus
687 3033 820 3089 abiit
841 3037 906 3089 ad
940 3042 1372 3089 monumentum.
1388 3033 1523 3090 Cum
1544 3034 1690 3090 enim
1719 3033 1849 3088 visis
1870 3032 2058 3087 lintea-

474 3123 713 3178 minibus
764 3123 1085 3190 abirissent,
1117 3123 1456 3193 postmodum
1502 3128 1769 3179 venerunt
1799 3119 2059 3175 mulieres

475 3214 619 3284 apud
644 3212 912 3269 Joannem
943 3188 1205 3281 dicent—cs,
1237 3215 1492 3285 quoniam
1515 3214 1751 3271 surrexit
1776 3210 2048 3267 Dominus.
2081 3188 2130 3252 (ἶ

476 3305 543 3360 Et
572 3307 813 3360 accurrit
866 3306 1015 3360 solus
1042 3305 1236 3363 Petrus
1267 3308 1459 3363 iterum
1508 3308 1577 3362 ad
1627 3311 2056 3367 monumentum,

474 3412 707 3453 suerans
745 3398 1015 3463 fortassis,
1055 3397 1171 3455 fore
1203 3408 1340 3456 utet
1371 3400 1494 3471 ipse
1529 3396 1794 3451 visionem
1828 3392 2057 3448 videret.

555 3487 718 3543 Vens.
746 3488 803 3545 9.
858 3506 879 3540 ι
910 3488 1159 3545 Nondum
1206 3491 1353 3547 enim
1401 3489 1647 3547 sciebant
1697 3484 2059 3555 Scripturatn,

475 3580 602 3651 quia
637 3580 921 3650 oportebat
950 3598 1073 3638 eum
1104 3601 1133 3640 a
1165 3585 1398 3641 mortuis
1430 3592 1736 3650 resurgere.
1767 3596 1787 3629 ι

543 3670 923 3741 Cognoverunt
970 3674 1153 3746 itaque
1203 3685 1259 3731 et
1313 3672 1665 3729 crediderunt
1714 3669 1940 3726 verbum
1973 3687 2061 3726 re-

476 3766 852 3835 surrectionis,
908 3769 1054 3839 quod
1109 3771 1262 3839 prius
1308 3761 1637 3836 ignorabant
1682 3761 1959 3834 discipuli,
2008 3775 2064 3820 et

476 3859 586 3915 Deo
639 3860 713 3915 ita
758 3861 1079 3932 disponente
1108 3862 1175 3916 ad
1225 3856 1549 3925 semetipsos
1597 3854 1949 3926 aufugerunt,
1995 3870 2063 3911 ne

479 3953 772 4024 quidquam
820 3953 931 4010 illis
960 3965 1085 4009 ante
1131 3947 1573 4023 prmdicationem
1605 3946 1729 4001 mali
1765 3947 2063 4003 accideret.

484 4044 651 4100 Maria
685 4060 814 4103 vero
848 4046 979 4102 nihil
1011 4042 1235 4116 perfecti
1265 4038 1536 4110 cOgitans,
1562 4038 1816 4094 manebat
1843 4038 2063 4110 plorans

480 4139 533 4193 in
562 4150 937 4205 monumento,
970 4153 1078 4194 non
1110 4135 1285 4191 solum
1334 4131 1461 4203 quia
1493 4141 1740 4188 mortuus
1784 4140 1924 4194 erat,
1968 4145 2062 4185 ve-

483 4246 601 4285 rum
630 4232 796 4286 etiam
829 4231 956 4302 quia
1007 4229 1233 4299 putabat
1279 4237 1481 4293 corpus
1528 4222 1740 4277 Domini
1789 4222 2064 4278 sublatum

427 4388 433 4397 I
477 4337 617 4379 esse.
675 4322 814 4391 Quia
867 4334 1047 4376 tamen
1095 4316 1297 4373 amoris
1322 4314 1499 4384 gratia
1526 4312 1866 4381 remanebat,
1895 4328 2064 4384 ange-

482 4416 655 4471 lorum
693 4412 1038 4485 apparitione
1066 4410 1225 4478 digna
1261 4406 1381 4461 fuit.

2159 562 2259 636 τὴν
2277 563 2600 629 ἀνάστασιν,
2623 562 2718 616 τοῦ
2746 562 2804 615 δὲ
2835 562 3087 616 Ἰωάννου
3118 559 3264 631 πρωῒ
3300 558 3522 621 σκοτίας
3549 556 3744 629 οὔσης,

2160 655 2233 724 οὐ,
2253 654 2585 724 διαφωνοῦσι
2615 671 2681 708 πε
2692 654 2744 724 ρ“ι
2768 653 2862 706 τὸν
2884 653 2979 724 τῆς
3003 653 3355 714 ἀναστάσεως
3387 649 3602 721 καιρὸν,
3627 648 3747 702 ἀλλ’

2161 747 2243 812 είς
2274 748 2365 802 τὸν
2397 748 2560 809 αὐτὸν
2611 747 2719 801 τῶν
2752 744 2910 817 ώρῶν
2948 745 3288 816 συνέδραμον
3322 741 3537 815 καιρὸν,
3566 742 3594 793 δ
3639 740 3744 811 μὲν

2160 839 2271 911 γάρ
2305 840 2412 894 ἀπὸ
2448 840 2544 893 τοῦ
2576 839 2780 905 τέλους,
2808 840 2836 891 ὁ
2864 838 2920 892 δὲ
2942 838 3051 892 ἀπὸ
3078 837 3178 907 τῆς
3213 835 3390 906 ἀρχῆς
3418 835 3498 895 είς
3522 832 3655 888 αὐτὸ
3681 832 3744 889 τὸ

2163 930 2461 1000 μεσότατον
2492 930 2591 1002 τῆς
2614 930 2808 993 νυκτὸς
2839 932 3027 1002 χωρεῖ.
3060 925 3283 1002 [Clum]

2238 1041 2257 1072 ‹
2293 1021 2403 1075 Καὶ
2436 1022 2495 1074 τὸ
2527 1022 2833 1092 σουδάριον,
2869 1020 2897 1073 δ
2924 1016 2992 1091 ἦν
3027 1020 3120 1073 ἐπὶ
3144 1018 3244 1089 τῆς
3277 1015 3519 1087 κεφαλῆς
3549 1014 3743 1082 αὑτοῦ,

2159 1112 2220 1166 οὐ
2242 1113 2381 1182 μετά
2406 1113 2514 1167 τῶν
2536 1112 2755 1166 ὀθονίων
2784 1113 3060 1184 κείμενον,
3084 1111 3221 1165 ἀλλὰ
3246 1111 3414 1183 χωρὶς
3438 1110 3746 1178 ἐντετυλιγ-

2163 1206 2327 1276 μένον
2359 1206 2438 1270 εἰς
2464 1205 2560 1259 ἕνα
2586 1205 2773 1261 τόπον.
2816 1224 2835 1258 ι
3344 1231 3355 1241 -

2230 1298 2527 1368 Γνώρισμα
2585 1293 2654 1368 ἦν
2709 1297 2874 1351 τοῦτο
2925 1297 3026 1367 τῆς
3082 1295 3456 1359 ἀναστάσεως.
3512 1294 3575 1347 Ei
3630 1295 3745 1365 γάρ

2160 1390 2374 1462 ὲκλάπη
2406 1389 2510 1442 ὑπὸ
2537 1388 2772 1460 ἐχθρῶν,
2804 1387 2907 1442 οὐκ
2934 1389 3001 1441 ἂν
3027 1386 3153 1441 εἴων
3181 1386 3250 1440 τά
3282 1386 3472 1456 ίμάτια
3493 1384 3580 1438 διά
3610 1386 3743 1457 κέρ-

2158 1481 2247 1546 δος
2267 1498 2281 1513 ο
2317 1483 2365 1534 εί
2391 1482 2448 1535 δὲ
2476 1481 2623 1550 φίλοι
2646 1477 2810 1553 ἦσαν,
2843 1480 2946 1534 οὐκ
2989 1479 3269 1550 ἠνείχοντο
3294 1479 3498 1549 γυμνὸν
3524 1478 3745 1549 ἐνυϐρί-

2161 1590 2252 1626 σαι
2278 1573 2341 1626 τὸ
2371 1573 2548 1644 σῶμα.
2581 1574 2643 1628 Ei
2677 1573 2785 1646 γάρ
2822 1568 2962 1645 ἦσαν
2997 1573 3047 1625 οί
3086 1571 3332 1643 μαθηταὶ
3364 1571 3744 1641 ἁρπάσαντες,

2158 1664 2360 1736 ἔφυγον
2393 1665 2505 1740 [ἂν]
2534 1666 2621 1720 διὰ
2663 1668 2792 1730 τοὺς
2834 1664 3212 1736 φυλάσσοντας
3264 1662 3604 1738 στρατιώτας
3652 1662 3751 1715 καὶ

2174 1759 2486 1823 Ἰουδαίους,
2512 1759 2605 1813 καὶ
2632 1760 2735 1812 οὐκ
2773 1758 2839 1813 ἂν
2870 1758 3091 1813 ἵσταντο
3120 1758 3446 1819 ἀποδύοντες
3474 1756 3535 1808 τὸ
3559 1755 3744 1825 σῶμα,

2159 1852 2255 1906 καὶ
2282 1851 2388 1922 ίδίᾳ
2413 1850 2651 1914 τιθέντες
2675 1850 2743 1904 τά
2768 1850 2975 1913 ὀθόνια,
3002 1850 3108 1922 ίδίᾳ
3132 1849 3190 1904 δὲ
3215 1849 3277 1903 τὸ
3302 1848 3605 1919 σουδάριον.
3624 1846 3746 1898 Δεί-

2158 1958 2317 1998 κνυσι
2343 1942 2422 2007 δὲ,
2439 1941 2521 1995 ὅτι
2538 1940 2662 1995 οὔτε
2684 1942 2917 2012 ἱματίων
2941 1940 3129 1995 λοιπὸν
3151 1943 3311 2013 χρεία
3331 1940 3410 2012 τῷ
3428 1942 3509 2003 είς
3530 1938 3744 2010 ἀφθαρ-

2159 2035 2279 2089 σίαν
2311 2035 2765 2108 μεταχωρήσαντι
2799 2032 3039 2106 σώματι.
3084 2035 3198 2087 Οὐκ
3228 2030 3371 2087 εἶδον
3409 2033 3575 2087 αὑτὸν
3604 2032 3745 2084 άνα-

2157 2129 2379 2194 στάντα,
2412 2128 2520 2182 ἀπὸ
2563 2126 2619 2180 δὲ
2644 2126 2746 2197 τῆς
2780 2126 2891 2181 τῶν
2925 2127 3157 2198 ἱματίων
3191 2127 3458 2196 συλλογῆς
3492 2125 3738 2179 έννοοῦσι

2154 2222 2254 2293 τὴν
2292 2221 2615 2285 ἀνάστασιν,
2668 2220 2765 2274 καὶ
2806 2219 3123 2274 πιστεύουσι
3164 2219 3357 2284 τοῦτο,
3394 2217 3608 2289 βοώσης
3640 2217 3745 2288 τῆς

2155 2315 2321 2383 ἁγίας
2372 2313 2620 2384 Γραφῆς.
2661 2314 2792 2368 Ὅτε
2826 2312 2985 2385 ώφθη
3028 2314 3058 2367 δ
3107 2312 3371 2382 ἄγγελος,
3413 2311 3746 2381 πτοηθέντες

2154 2409 2205 2461 οἱ
2236 2407 2475 2476 φύλακες
2497 2407 2720 2476 ἔφυγον,
2757 2407 2853 2460 καὶ
2879 2406 2969 2460 διὰ
2996 2405 3156 2461 τοῦτο
3186 2407 3237 2459 οἱ
3262 2406 3391 2475 περὶ
3416 2403 3509 2458 τὸν
3536 2403 3746 2474 Πέτρον

2155 2492 2318 2572 ἦλθον
2343 2499 2422 2562 εἰς
2447 2497 2537 2552 τὸν
2561 2498 2732 2568 τάφον
2761 2496 2957 2562 ἀδεῶς.

2235 2691 2253 2723 ι
2294 2671 2427 2725 Τότε
2456 2667 2549 2727 οὖν
2570 2671 2792 2743 εἰσῆλθε
2819 2671 2913 2725 καὶ
2945 2671 2973 2724 ὁ
3006 2669 3166 2735 ἄλλος
3203 2671 3478 2743 μαθητὴς,
3511 2673 3540 2727 ὁ
3570 2671 3748 2727 ἐλθὼν

2158 2763 2375 2836 πρῶτος
2405 2766 2484 2828 είς
2506 2763 2569 2818 τὸ
2598 2766 2887 2835 μνημεῖον,
2913 2764 3009 2817 καὶ
3038 2758 3170 2830 εἶδε,
3196 2764 3292 2816 καὶ
3327 2765 3674 2819 ἐπίστευσεν.
3722 2784 3742 2817 ο

2232 2942 2345 2996 Οὐκ
2392 2942 2509 2995 ἐστι
2558 2939 2718 2994 τοῦτο
2767 2940 3010 2995 ἐναντίον
3055 2939 3132 3010 τῷ
3187 2940 3394 3010 Λουκᾷ,
3446 2940 3531 2994 ὅτι
3583 2941 3749 3012 μόνος

2160 3036 2367 3107 Πέτρος
2394 3033 2636 3104 ἀπῆλθεν
2675 3034 2755 3094 είς
2784 3031 2847 3085 τὸ
2881 3034 3173 3102 μνημεῖον.
3212 3031 3343 3083 Ὅτε
3375 3031 3485 3103 γάρ
3516 3030 3657 3102 μετὰ
3686 3030 3753 3083 τὸ

2164 3129 2292 3182 ίδείν
2307 3126 2377 3181 τά
2398 3125 2582 3179 ὀθόνια
2598 3123 2864 3193 ἀπῆλθον.
2886 3120 3055 3196 ἦλθον
3081 3123 3311 3196 ὕστερον
3330 3126 3385 3177 αἱ
3415 3141 3479 3177 πε
3487 3123 3543 3195 ρὶ
3571 3122 3754 3177 Ἰωάν-

2162 3235 2263 3289 νην
2289 3217 2567 3286 λέγουσαι,
2598 3215 2680 3269 ὂτι
2709 3214 2911 3286 ἀνέστη
2945 3217 2973 3268 ὁ
3009 3216 3239 3287 Κύριος.
3275 3214 3385 3270 Καὶ
3412 3214 3617 3287 ἔδραμε
3656 3215 3756 3285 μό-

2162 3326 2252 3373 νος
2278 3308 2443 3362 πάλιν
2472 3309 2551 3371 είς
2590 3307 2653 3361 τὸ
2702 3310 2968 3380 μνημεῖον
2999 3308 3027 3360 ό
3058 3308 3268 3380 Πέτρος
3293 3347 3307 3371 ,
3338 3306 3578 3371 ἐλπίζων
3610 3307 3745 3370 ίσως

2163 3398 2259 3455 καὶ
2283 3398 2446 3463 αὐτός
2466 3414 2590 3452 τινα
2613 3397 2881 3453 ὀπτασίαν
2903 3399 3059 3469 δρᾷν.

2238 3508 2259 3543 r
2298 3488 2525 3545 Οὐδέπω
2553 3486 2911 3561 γάρ’ᾕδεισαν
2940 3491 3039 3563 τὴν
3070 3490 3296 3565 Γραφὴν
3323 3532 3338 3557 ,
3362 3490 3445 3545 ὅτι
3473 3490 3555 3544 δεῖ
3584 3490 3754 3544 αὐτὸν

2160 3584 2226 3638 ὲκ
2251 3580 2463 3654 νεκρῶν
2492 3582 2814 3652 ἀναστῆναι.
2859 3601 2878 3634 ι

2233 3674 2481 3746 Συνῆκαν
2517 3670 2611 3728 οὖν
2639 3674 2735 3727 καὶ
2778 3672 3108 3727 ἐπίστευσαν
3134 3672 3213 3745 τῷ
3257 3673 3359 3743 τῆς
3390 3673 3755 3737 ἀναστάσεως

2160 3767 2329 3839 λόγῳ,
2362 3767 2423 3821 δν
2452 3766 2644 3839 πρώην
2679 3766 2909 3837 ἠγνόουν
2946 3769 2996 3819 οἱ
3030 3766 3295 3837 μαθηταὶ,
3325 3768 3423 3820 καὶ
3449 3769 3584 3837 πρὶς
3617 3767 3753 3818 ἑαυ-

2161 3860 2290 3923 τοὺς
2318 3858 2521 3929 ἔφυγον
2558 3859 2625 3913 δι’
2669 3859 2982 3930 οἰκονομίαν
3025 3858 3184 3924 Θεοῦ,
3213 3859 3300 3912 ἵνα
3333 3860 3409 3930 μή
3438 3875 3493 3911 τι
3533 3856 3754 3911 πάθωσι

2163 3949 2272 4022 πρὸ
2306 3948 2401 4005 τοῦ
2437 3948 2816 4021 κηρύγματος.
2852 3950 2919 4002 Ἠ
2938 3949 2994 4002 δὲ
3026 3950 3217 4020 Μαρία
3246 3951 3412 4020 μηδὲν
3444 3950 3753 4021 ὲννοήσασα

2163 4043 2392 4109 τέλειον,
2435 4042 2619 4113 ἔμεινε
2649 4041 2962 4113 δακρύουσα
2999 4044 3057 4095 ὲν
3078 4042 3156 4113 τῷ
3185 4042 3459 4112 μνημείῳ,
3493 4041 3556 4094 οὐ
3587 4042 3753 4112 μόνον

2164 4132 2246 4186 ὅτι
2276 4130 2555 4204 τεθνήκει,
2588 4131 2802 4186 ἀλλ’ὅτι
2834 4133 2926 4186 καὶ
2950 4132 3090 4203 (uaso
3120 4130 3541 4203 μετατεθεῖσθαι
3570 4132 3630 4185 τδ
3651 4132 3751 4186 τοῦ

2165 4226 2373 4296 Κυρίου
2399 4226 2582 4295 σῶμα.
2622 4222 2723 4277 Διά
2749 4225 3134 4298 φιλοστοργίαν
3155 4226 3212 4278 δὲ
3249 4225 3514 4296 μείνασα,
3539 4223 3753 4295 ἠξιώθη

2166 4320 2263 4372 καὶ
2300 4317 2400 4387 τῆς
2432 4316 2541 4371 τῶν
2578 4314 2829 4386 ἀγγέλων
2857 4315 3148 4380 ὀπτασίας.

546 4506 720 4565 Neas.
751 4505 841 4562 Η.
892 4524 912 4557 ι
941 4503 1109 4559 Maria
1138 4506 1319 4555 autem
1347 4498 1530 4553 stabat
1557 4498 1624 4552 ad
1657 4506 2060 4554 monumentum

2243 4514 2263 4549 ι
2304 4494 2509 4582 Μαρία
2525 4491 2589 4582 δὲ,
2629 4491 2878 4582 εἱστήκει
2922 4492 3061 4563 πρὸς
3094 4493 3160 4547 τὸ
3189 4495 3457 4565 μνημεῖον
3486 4492 3756 4547 κλαίουσα

487 4604 641 4668 foris,
688 4602 930 4674 plorans.
966 4595 1105 4650 Dum
1153 4607 1284 4663 ergo
1335 4584 1511 4659 ﬂeret,
1567 4591 1847 4648 inclinavit
1878 4607 1958 4661 se,
2006 4603 2062 4649 et

2167 4585 2293 4656 ἔξω.
2337 4585 2425 4649 Ὧς
2448 4577 2543 4637 οὖν
2565 4580 2774 4648 ἔκλαιε,
2803 4581 3090 4654 παρέκυψε
3115 4585 3196 4647 εἰς
3220 4583 3280 4637 τὸ
3313 4585 3603 4655 μνημεῖον.
3636 4602 3655 4635 ι

482 4695 761 4766 prospexit
788 4696 840 4748 in
873 4694 1304 4747 monumentum.
1334 4703 1353 4736 ι

557 4786 625 4842 Ut
657 4786 889 4841 ubertim
920 4785 1097 4848 ﬂeret,
1134 4777 1386 4834 incubuit
1420 4777 1472 4831 in
1510 4786 1945 4833 monumentum.
1978 4777 2062 4832 Ad

480 4895 641 4950 quam
679 4878 876 4934 blande
904 4873 1079 4943 angeli
1107 4887 1120 4923 :
1153 4870 1290 4937 Quid
1321 4867 1439 4934 lies,
1476 4868 1774 4938 inquiunt?
1822 4867 2065 4923 allicien-

485 4984 567 5028 tes
598 4985 716 5025 eam
750 4968 816 5022 ad
851 4964 1129 5035 quidpiam
1164 4960 1635 5031 interrogandum,
1663 4969 1719 5015 et
1745 4960 2062 5015 discendum

495 5063 566 5116 de
599 5056 1022 5116 resurrectione,
1083 5060 1492 5121 propterquam
1549 5052 1711 5106 etiam
1765 5051 2065 5108 albicantes

486 5152 875 5220 apparuerunt.
945 5140 1050 5195 Per
1105 5139 1397 5195 candorem
1447 5139 1687 5209 intellige
1749 5141 2064 5210 angelorum

485 5240 797 5308 puritatem.
832 5235 1174 5302 lnterrogant
1202 5240 1404 5298 autem,
1433 5247 1537 5287 non
1570 5240 1628 5286 ut
1655 5233 1867 5288 discant
1894 5247 2067 5302 quare

485 5332 664 5392 iteret,
698 5328 791 5381 sed
812 5334 869 5378 ut
904 5333 1081 5379 cesset
1109 5340 1139 5377 a
1172 5322 1294 5378 ﬂetu
1322 5340 1337 5378 :
1378 5338 1485 5378 non
1519 5323 1740 5379 decebat
1770 5326 1914 5379 enim
1945 5339 2069 5380 eam

488 5422 578 5475 tali
610 5429 851 5485 tempore
879 5415 1027 5480 flere,
1074 5424 1129 5470 et
1164 5414 1468 5471 celebritati
1519 5415 1657 5469 hanc
1694 5413 1947 5486 iniuriam
1981 5416 2053 5470 in-

491 5510 657 5565 t'erre.
708 5504 819 5560 lluc
869 5506 986 5575 ipso
1036 5515 1216 5559 autem
1261 5504 1405 5575 quod
1437 5503 1769 5575 apparebant
1819 5505 1923 5561 isto
1951 5505 2070 5563 loco

491 5599 691 5670 angeli,
742 5598 1119 5670 significabant
1188 5596 1486 5662 neminem,
1542 5598 1719 5667 angeli
1784 5598 1947 5654 istum
1994 5598 2069 5654 loc

492 5707 615 5745 cum
654 5689 1146 5760 frequentantibtts,
1201 5690 1443 5745 divinttm
1473 5702 1672 5759 corpus
1720 5689 1938 5746 auferre
1966 5706 2068 5761 po-

496 5780 708 5853 tuisse;
758 5793 811 5839 et
860 5784 1177 5856 mysterium
1232 5785 1650 5841 resurrectionis
1698 5782 1774 5841 illi
1829 5787 2068 5858 esplica-

2236 4775 2356 4830 Ἵνα
2373 4773 2651 4829 ὲπιπλείον
2663 4773 2934 4847 δακρύσῃ,
2952 4772 3269 4847 παρέκυψεν
3286 4774 3364 4836 είς
3382 4772 3442 4826 τὸ
3462 4774 3753 4844 μνημεῖον·

2166 4868 2304 4940 πρὸς
2354 4868 2421 4940 ἢν
2482 4867 2893 4939 ψυχαγωγικῶς
2948 4867 2999 4920 οἱ
3052 4866 3278 4936 ἄγγελοι
3333 4865 3756 4936 διαλεγόμενοι,

2168 4959 2303 5031 φασί
2328 4976 2341 4990 ·
2376 4959 2443 5013 Τί
2471 4958 2717 5024 κλαίεις;
2747 4956 3183 5029 προτρεπόμενοι
3216 4956 3388 5029 αὐτὴν
3416 4958 3499 5021 εἰς
3529 4958 3591 5010 τὸ
3617 4958 3760 5027 ἐρω-

2165 5051 2331 5123 τῆσαί
2363 5069 2435 5117 τι,
2477 5051 2572 5104 καὶ
2620 5050 2815 5122 μαθεῖν
2847 5050 2981 5121 περὶ
3002 5049 3107 5120 τῆς
3148 5050 3526 5116 ἀναστάσεως,
3570 5049 3640 5103 δι’
3686 5050 3758 5119 ῆν

2170 5146 2267 5199 καὶ
2288 5143 2762 5215 λευχειμονοῦντες
2782 5142 3086 5213 ἐφαίνοντο.
3109 5141 3209 5196 Διά
3227 5141 3321 5195 τοῦ
3342 5142 3539 5195 λευκοῦ
3558 5140 3759 5212 θεώρει

2169 5235 2231 5289 τὸ
2280 5235 2391 5289 τῶν
2433 5234 2685 5305 ἀγγέλων
2744 5233 3006 5301 καθαρόν.
3063 5233 3343 5305 Ἐρωτῶσι
3391 5234 3471 5300 δὲ,
3513 5235 3613 5305 οὐχ
3668 5233 3761 5287 ’ίνα

2174 5328 2389 5398 μάθωσι
2425 5329 2481 5380 τί
2514 5327 2712 5395 κλαίει,
2740 5326 2856 5382 ἀλλ’
2885 5327 2972 5381 ἴνα
3003 5328 3281 5397 παύσηται
3305 5343 3320 5358 ·
3349 5327 3412 5381 οὺ
3446 5327 3556 5400 γάρ
3586 5327 3759 5398 έπρεο

2170 5439 2272 5475 πεν
2306 5421 2477 5491 αὐτὴν
2515 5420 2573 5473 ἐν
2601 5419 2831 5491 τοιούτῳ
2853 5418 3112 5492 δακρύειν
3138 5419 3338 5492 καιρῷ,
3369 5420 3464 5475 καὶ
3485 5420 3584 5494 τὴν
3620 5436 3762 5475 παν-

2171 5513 2371 5584 ήγυριν
2425 5510 2757 5584 ἐνυϐρίζειν.
2813 5511 2892 5564 Δι’
2938 5504 3015 5566 ὧν
3058 5511 3114 5565 δὲ
3160 5512 3443 5585 ἐφάνησαν
3497 5516 3559 5570 ὲν
3604 5513 3761 5584 τόπῳ

2174 5605 2369 5677 ἐκείνῳ
2402 5606 2452 5657 οἱ
2484 5603 2728 5672 ἄγγελοι,
2775 5604 3137 5675 σημαίνουσιν
3190 5605 3274 5659 ὅτι
3308 5605 3561 5675 ἀγγέλων
3590 5621 3764 5677 προσ-

2175 5698 2500 5769 εδρευόντων
2529 5697 2608 5769 τῷ
2644 5697 2795 5769 τόπῳ
2838 5697 3015 5763 οὐδεὶς
3043 5697 3278 5769 ἠδύνατο
3324 5698 3386 5753 τὸ
3418 5700 3564 5753 θεῖον
3599 5698 3761 5767 σῶμα

2178 5793 2559 5864 μετακινῆσαι,
2593 5792 2689 5846 καὶ
2721 5792 3179 5866 μυσταγωγοῦσιν
3209 5792 3349 5865 αὐτῇ
3379 5791 3441 5848 τὸ
3481 5791 3583 5863 τῆς
3624 5788 3759 5845 ἀνα-
