4064 6404
252 363 382 432 1517

1301 346 1769 411 FRAGMENTA
1811 343 1895 404 ΙΝ
1932 343 1995 405 5.
2034 341 2416 405 JOANNEM.

3384 324 3520 403 1518

250 488 492 546 στάσεως
526 477 846 553 μυστήριον,
875 471 951 537 ὼς
988 469 1065 542 μὴ
1093 468 1293 523 εἰδυῖαν
1314 467 1414 535 τὴν
1442 462 1663 536 Γραφὴν
1691 456 1831 513 κατὰ

1960 466 2085 521 iant,
2147 464 2334 527 utpote
2387 469 2506 525 qua:
2584 452 2920 525 Scripturam
2979 449 3307 521 ignorabm,
3350 448 3426 501 uti
3461 457 3515 498 et

247 582 376 643 τοὺς
408 573 678 647 μαθητάς.

326 689 346 721 ι
394 644 507 724 Καὶ
533 663 710 719 ταῦτα
742 658 974 715 εἰποῦσα
1003 653 1251 728 ἐστράφη
1292 652 1373 714 είς
1401 648 1472 701 τὰ
1507 646 1702 705 ὀπίσω,
1737 644 1832 696 καὶ

250 758 451 830 θεωρεῖ
489 755 581 808 τὸν
622 748 830 822 Ἰησοῦν
862 747 1097 825 ἑστῶτα,
1132 743 1229 798 καὶ
1258 742 1361 795 οὐκ
1400 738 1520 811 ᾔδει
1551 737 1632 790 ὅτι
1661 737 1689 789 ὁ
1735 734 1833 804 Ἰη-

254 851 382 914 σοῦς
412 851 549 903 ἐστι.
595 864 614 897 ι
807 904 817 913 ,

334 939 597 1002 Ἐκείνοις
622 936 721 1007 μὲν
748 932 903 1004 ὤφθη
928 924 1401 999 θαυμασιώτερος,
1431 924 1500 994 τῇ
1529 920 1587 975 δὲ
1613 915 1835 988 γυναικὶ

250 1036 308 1090 ὲν
324 1028 565 1100 ταπεινῷ
576 1028 671 1081 καὶ
691 1022 854 1093 κοινῷ
875 1022 1136 1093 σχήματι,
1163 1018 1252 1071 ἵνα
1268 1015 1343 1085 μὴ
1364 1012 1534 1082 αὐτὴν

250 1126 333 1179 διὸ
372 1124 467 1177 καὶ
500 1096 778 1190 κηπουρὸν
812 1110 952 1167 εἶναι
985 1108 1150 1164 αὐτὸν
1187 1105 1365 1177 ᾠήθη.
1411 1100 1546 1172 ’0ρᾷ
1579 1097 1674 1152 τὸν
1722 1096 1837 1190 Πύ-

257 1234 394 1289 ριον,
431 1213 525 1268 καὶ⁸
557 1188 662 1263 οὐκ
680 1207 919 1274 ἐπέγνω,
954 1203 988 1272 ἢ
1016 1202 1105 1256 διὰ
1135 1199 1235 1270 τὴν
1272 1194 1516 1258 σκοτίαν,
1551 1192 1586 1261 ἢ
1619 1192 1703 1244 ὅτι
1725 1188 1841 1289 θεο-

254 1279 459 1381 πρεπεῖ
488 1301 716 1372 δυνάμει
746 1297 1050 1351 ἐκάλυπτεν
1100 1290 1314 1344 ἑαυτόν.
1351 1286 1488 1342 Κατ’
1522 1279 1838 1352 οἰκονομίαν

256 1371 528 1471 ἐστράφη,
552 1371 649 1448 καῖ
672 1388 780 1445 εῐδε
810 1389 901 1442 τὸν
926 1385 1150 1457 Κύριον,
1176 1382 1318 1452 πλὴν
1343 1380 1447 1432 οὐκ
1474 1375 1715 1447 ἐπέγνω,
1747 1371 1839 1471 {va

262 1495 339 1566 μὴ
359 1463 646 1562 ’θορυϐηθῇ
686 1484 762 1548 ὡς
791 1478 1109 1566 φαντασίαν
1124 1473 1310 1547 ὁρῶσα
1350 1466 1682 1542 δαιμονιὼδη
1706 1482 1719 1495 ’
1756 1463 1838 1517 ἔτι

257 1561 367 1655 γὰρ
392 1561 717 1636 ὑπώπτευεν
744 1574 827 1627 ὅτι
860 1568 1052 1641 νεκρὸς
1081 1561 1170 1638 ἦν.

341 1777 361 1809 ι
410 1754 521 1809 Καὶ
547 1750 705 1806 τοῦτο
725 1746 915 1808 εἰπὼν,
945 1741 1144 1808 ἔδειξεν
1174 1740 1355 1802 αὐτοῖς
1385 1737 1482 1800 τὰς
1511 1735 1722 1806 χεῖρας,
1744 1731 1840 1785 καὶ

1938 549 2185 615 apostoli.

2018 642 2174 696 Vens.
2231 642 2316 695 ιι.
2360 661 2378 693 ι
2410 640 2537 697 Haec
2563 655 2684 695 cum
2715 640 2979 703 dixisset,
3009 651 3267 694 conversa
3305 643 3389 690 est
3429 644 3520 690 re-

1943 746 2197 801 trorsum,
2244 746 2300 791 et
2333 735 2467 790 vidit
2492 732 2675 789 Jesum
2727 739 3003 787 stantem:
3052 739 3108 786 et
3160 741 3264 782 non
3311 724 3523 780 sciebat

1941 829 2068 898 quia
2101 826 2259 882 Jesus
2286 836 2390 883 est.
2421 845 2440 878 ι

2013 917 2122 974 illis
2152 918 2368 989 quidem
2399 914 2793 979 admirabilior,
2844 910 3058 966 feminae
3088 920 3216 963 vero
3245 904 3523 960 humiliori

1955 1024 2019 1066 ac
2050 1009 2323 1065 communi
2372 1008 2553 1079 specie
2596 1005 2864 1077 apparuit,
2905 1017 2971 1057 ne
3000 1000 3144 1056 illam
3173 997 3523 1069 percelleret;

1942 1115 2114 1171 quare
2172 1099 2339 1154 etiam
2393 1096 2741 1153 hortulanum
2801 1109 2931 1149 eum
2996 1105 3117 1146 esse
3162 1088 3521 1144 existimavit.

1945 1191 2111 1249 Videt
2141 1191 2451 1259 Dominum,
2488 1200 2543 1247 et
2574 1204 2681 1245 non
2700 1186 2961 1258 cognovit
2988 1198 3135 1248 etnu,
3162 1181 3249 1237 vel
3279 1180 3405 1251 quia
3443 1189 3513 1234 te-

1947 1286 2127 1341 nebrae
2159 1292 2339 1349 erant,
2386 1281 2471 1337 vel
2509 1281 2636 1351 quia
2662 1280 2844 1334 divina
2907 1277 3109 1330 virtute
3136 1286 3257 1329 sese
3288 1270 3531 1327 occulta-

1946 1373 2056 1429 bat.
2090 1372 2500 1444 Dispensatorie
2527 1384 2792 1426 conversa
2823 1377 2915 1447 est.
2950 1375 3004 1419 et
3042 1363 3177 1418 vidit
3212 1361 3527 1424 Dominum,

1947 1468 2042 1522 sed
2074 1481 2180 1521 non
2216 1466 2493 1537 cognovit,
2544 1476 2610 1518 ne
2644 1461 3078 1532 perturbaretur,
3130 1454 3288 1526 quasi
3326 1455 3532 1508 demo-

1950 1558 2166 1615 niacum
2198 1567 2472 1629 speotrum
2507 1555 2745 1621 videns;
2787 1553 2897 1623 jam
2934 1549 3140 1620 pridem
3184 1547 3332 1603 enim
3378 1557 3528 1601 tuor-

1950 1661 2099 1706 tuum
2127 1648 2527 1720 suspicabatur.

2023 1740 2189 1797 Vsus.
2238 1740 2332 1796 20.
2384 1758 2403 1793 ι
2440 1738 2508 1794 Ει
2554 1752 2678 1793 cum
2713 1736 2819 1791 hoc
2866 1733 3114 1796 dixisset,
3159 1731 3400 1786 ostendit
3451 1732 3534 1787 eis

259 1851 361 1917 τὴν
393 1848 634 1917 πλευρὰν
672 1838 860 1897 αὑτοῦ.
890 1836 1202 1908 Ἐχάρησαν
1232 1826 1324 1885 οὖν
1355 1829 1404 1882 οἱ
1433 1823 1676 1897 μαθηταὶ
1706 1821 1842 1874 ἰδόν-

1960 1851 2167 1901 manus,
2215 1843 2272 1889 et
2320 1833 2487 1889 latus.
2533 1829 2722 1887 Gavisi
2775 1838 2906 1885 sunt
2934 1840 3066 1895 ergo
3107 1823 3385 1892 discipuli,
3418 1824 3536 1881 viso

260 1959 355 2005 τες
380 1940 472 1993 τὸν
503 1936 733 2008 Κύριον.
774 1950 794 1984 ι

336 2031 578 2098 Ἔδειξεν
611 2028 796 2090 αὐτοῖς
833 2022 933 2085 τὰς
962 2021 1152 2093 χεῖρας
1177 2058 1192 2083 ,
1223 2012 1524 2076 τουτέστιν,
1555 2006 1725 2073 ἔδειξε
1751 2003 1847 2058 τοῦ

264 2125 479 2187 πάθους
522 2121 592 2175 τὰ
622 2116 987 2190 γνωρίσματα
1016 2153 1032 2179 ,
1085 2110 1173 2165 ἶνα
1203 2101 1723 2190 πληροφορηθὸξσιν,
1764 2099 1849 2152 ὅτι

262 2215 397 2270 αὐτὸ
428 2209 495 2286 ἦν
525 2211 585 2264 τδ
621 2187 916 2270 πεπσνθδς,
950 2204 1000 2255 εί
1047 2199 1141 2254 καὶ
1180 2193 1553 2286 πνευματικδν
1690 2206 1849 2260 γεγο-

263 2306 376 2371 νὸς,
401 2280 496 2358 καὶ
524 2303 605 2365 εἰς
633 2295 943 2369 ἀφθαρσίαν
978 2288 1406 2363 μεταχωρῆσαν.
1433 2282 1532 2337 Διὰ
1565 2281 1724 2335 τοῦτο
1749 2280 1851 2334 αὐτ»

263 2400 381 2459 τοῖς
437 2393 663 2461 ἔδειξεν,
715 2390 806 2444 ἵνα
854 2387 1038 2441 πᾶσαν
1087 2379 1268 2437 αὐτῶν
1306 2374 1553 2449 ταραχὴν
1600 2389 1852 2427 κατακοιο

271 2691 386 2748 ριος
407 2691 420 2703 ·
442 2669 696 2738 Μικρὸν,
718 2666 816 2721 καί
842 2661 1070 2733 ὄψεσθὲ
1084 2676 1181 2730 με,
1208 2656 1306 2712 καὶ
1327 2651 1658 2726 χαρήσεται
1679 2646 1848 2748 ὑμᾶζν

267 2738 310 2835 ἦ
331 2763 562 2833 καρδία.
596 2760 695 2812 Διά
722 2754 817 2809 τοῦ
850 2755 1092 2826 ῥήματος
1111 2749 1213 2820 τῆς
1244 2746 1492 2835 εἰρήνης,
1526 2742 1645 2835 λύει
1676 2738 1855 2835 αὐτῶν

267 2831 370 2929 τὴν
403 2831 636 2908 δειλίαν*
671 2846 835 2908 abab;
884 2841 984 2914 μὲν
1020 2842 1170 2894 ἐστιν
1217 2837 1247 2890 6
1297 2833 1564 2905 Χριστὸς,
1596 2832 1630 2901 ή
1663 2831 1857 2902 εἰρήνη

265 2922 454 3019 ἡμῶν.
510 2940 658 3012 Πλὴν
707 2938 797 2992 διὰ
831 2936 1024 2989 τούτου
1067 2930 1166 2986 καὶ
1214 2929 1379 3000 ἡμεῖς
1408 2923 1770 2994 ἐδιδάχθημεν
1800 2922 1857 2974 ἐν

263 3012 394 3100 ταῖς
443 3034 734 3107 μυστικαῖς
780 3027 1020 3090 συνόδοις
1066 3018 1502 3107 ἐπιφθέγγεσθαι
1552 3016 1765 3079 ἑαυτοῖς
1798 3012 1858 3066 τὸ

266 3129 373 3198 τῆς
409 3126 634 3197 εἰρήνης
666 3123 838 3194 ῥῆμα-

1950 1927 2200 1982 Domino.
2237 1944 2256 1978 ι

1956 2064 1959 2067 .
2018 2017 2268 2074 Ostendit
2296 2015 2378 2071 eis
2402 2028 2618 2079 manus,
2651 2013 2756 2068 hoc
2783 2018 2892 2077 est,
2918 2010 3158 2067 ostendit
3188 2012 3273 2068 eis
3298 2008 3530 2080 vestigia

1950 2106 2242 2179 passionis,
2296 2113 2357 2159 ut
2403 2103 2668 2158 certiores
2715 2101 2971 2157 redderet
3013 2100 3117 2155 hoc
3158 2101 3348 2171 ipsum
3413 2113 3541 2154 esse

1952 2211 2150 2267 corpus
2174 2196 2317 2267 quod
2348 2209 2568 2265 passum
2594 2191 2793 2258 fuerat,
2852 2190 2955 2245 etsi
2989 2204 3132 2245 nunc
3163 2198 3309 2246 esset
3335 2187 3540 2244 factum

1954 2288 2225 2362 spiritale,
2261 2297 2428 2356 atque
2455 2299 2652 2356 expers
2682 2281 3080 2353 corruptionis.
3131 2281 3347 2338 Idcirco
3377 2280 3430 2336 id
3458 2280 3542 2336 eis

1955 2380 2210 2447 ostendit,
2239 2386 2297 2433 ut
2324 2390 2541 2434 omnem
2571 2375 2784 2431 illorum
2809 2372 3025 2430 sedaret
3052 2372 3538 2444 perturbationem.

2030 2560 2131 2616 Per
2174 2559 2276 2614 hoc
2327 2557 2494 2614 etiam
2550 2555 2805 2626 impletus
2853 2563 2940 2611 est
2982 2567 3164 2611 sermo
3191 2568 3354 2626 quem
3404 2552 3544 2609 dixit

1960 2652 2264 2709 Dominus:
2301 2649 2575 2704 Hodicum
2604 2660 2654 2702 et
2679 2647 2922 2703 videbitis
2956 2663 3062 2711 me,
3097 2654 3147 2700 et
3178 2644 3426 2716 gaudebit
3454 2660 3549 2699 cor

1959 2753 2212 2801 vestrum.
2272 2742 2455 2800 Verbo
2488 2740 2639 2812 pacis
2698 2738 2861 2795 solvit
2891 2754 3080 2795 eorum
3129 2747 3379 2794 metum:
3432 2737 3551 2809 ipsa

1959 2837 2228 2908 siquidem
2262 2834 2518 2892 Christus
2559 2842 2644 2889 est
2685 2848 2792 2903 pax
2823 2842 3032 2889 nostra.
3068 2829 3468 2888 Verumtamen
3494 2839 3553 2886 et

1962 2944 2063 2984 nos
2091 2943 2309 2998 quoque
2335 2941 2433 2997 per
2458 2926 2564 2981 hoc
2597 2925 2778 2980 edocti
2810 2939 3000 2980 sumus
3027 2924 3082 2979 in
3112 2924 3287 2980 sacris
3320 2936 3552 2993 congre-

1961 3019 2269 3090 gationibus
2299 3017 2455 3074 nobis
2482 3016 2715 3072 invicem
2751 3028 2937 3086 pacem
2977 3013 3284 3085 apprecari.

350 3174 373 3274 ξ
721 3174 911 3274 ⁸αὐτοῖς
945 3210 974 3263 6
1008 3203 1214 3279 Ἰησοῦς
1238 3201 1433 3257 πάλιν
1467 3198 1673 3272 Εἰρήνη
1703 3196 1855 3267 ὑμῖν.

2035 3199 2197 3258 Vens.
2226 3199 2320 3255 21.
2369 3218 2389 3252 ι
2419 3198 2567 3254 Dixit
2614 3212 2748 3270 ergo
2798 3197 2881 3254 eis
2921 3196 3157 3253 iterum:
3215 3193 3326 3249 Pax
3371 3192 3549 3251 vobis.

270 3310 474 3375 Καθὼς
492 3303 805 3364 ἀπέσταλκὲ
829 3319 897 3375 με
916 3303 944 3355 6
970 3298 1183 3370 Πατὴρ,
1213 3293 1371 3365 κάγὼ
1398 3292 1606 3364 πέμπω
1633 3289 1811 3361 ὑμᾶς.ι
1832 3305 1852 3340 ι

346 3403 622 3474 Οὑδεμίαν
653 3399 810 3471 ἔχετε
847 3393 1160 3458 δυσκολίαν,
1191 3389 1302 3445 άπό
1328 3406 1387 3443 τε
1424 3385 1535 3442 τῶν
1565 3385 1667 3457 ἠδη
1704 3399 1864 3453 γεγε-

274 3498 551 3571 νημένων,
582 3493 692 3548 ἀπό
715 3508 774 3545 τε
802 3490 901 3559 τῆς
922 3487 1082 3554 ἀξίας
1113 3483 1248 3555 ἐμοῦ
1278 3481 1373 3536 τοῦ
1401 3479 1735 3551 πέμποντος.
1758 3475 1865 3530 Διά

275 3565 572 3659 τίηφησιη
612 3579 880 3637 Ἐνταῦθα
915 3576 1135 3647 ἐπαίρει
1169 3571 1351 3628 αὐτῶν
1387 3573 1487 3642 τὴν
1518 3569 1724 3639 ψυχὴν,
1761 3565 1862 3620 καὶ

274 3658 520 3738 δείκνυσι
560 3676 698 3731 πολὺ
733 3674 797 3728 τὸ
838 3670 1152 3737 ἀξιόπιστον
1176 3682 1193 3699 ·
1236 3665 1352 3735 εῐγε
1409 3661 1658 3734 μέλλοιεν
1710 3658 1865 3713 αὐτοὶ

275 3777 338 3831 τὸ
365 3775 527 3847 ἔργον
550 3766 904 3839 ἀναδέχεσθαι
930 3779 946 3794 ο
978 3762 1075 3817 καὶ
1115 3760 1300 3814 οὐκέτι
1330 3755 1684 3827 παράκλησις
1721 3750 1863 3823 πρὸς

274 3868 371 3923 τὸν
400 3844 625 3937 Πατέρα
662 3860 935 3932 γίγνεται,
987 3853 1103 3908 ἀλλ’
1139 3849 1400 3920 αὐθεντίᾳ
1425 3848 1640 3902 δίδωσιν
1671 3844 1864 3907 αὐτοῖς

273 3959 377 4029 τὴν
405 3935 659 4026 δύναμιν.
712 3946 957 4017 Ἐπειδὴ,
982 3942 1142 4016 φησι,
1170 3939 1261 3994 διὰ
1288 3938 1382 3993 τοῦ
1421 3935 1657 4008 σταυροῦ
1685 3935 1865 3989 πάντα

284 4023 484 4100 εῦκολα
529 4023 745 4113 γέγονε,
791 4038 995 4108 πέμπω
1039 4034 1184 4105 ὑμᾶς
1236 4032 1461 4102 ποιῆσαι
1510 4026 1572 4081 τὸ
1631 4025 1794 4097 ἔργον
1835 4023 1865 4077 δ

283 4134 535 4207 ἐποίησα.

356 4248 375 4280 ι
418 4226 533 4281 Καὶ
567 4222 727 4279 τοῦτο
756 4219 948 4284 εἰπὼν,
976 4215 1303 4287 ἐνεφύσησε,
1333 4211 1428 4267 καὶ
1448 4209 1599 4280 λέγει
1638 4207 1823 4271 αὐτοῖς
1844 4221 1857 4235 ’

276 4319 489 4374 Λάϐετε
518 4314 746 4386 Πνεῦμα
767 4312 945 4380 ᾶγιον.
980 4329 1000 4362 ι

355 4430 375 4463 ι
423 4410 526 4462 ’Av
573 4423 735 4461 τινων
773 4404 950 4474 ἀφῆτε
991 4401 1090 4464 τὰς
1132 4395 1433 4469 ἁμαρτίας,
1458 4393 1722 4466 ἀφίενται
1767 4391 1865 4444 αὑ-

279 4506 391 4567 τοῖς
413 4518 428 4534 ο
461 4502 527 4557 ἄν
554 4516 716 4554 τινων
741 4496 1004 4569 κρατῆτε,
1043 4491 1434 4563 κεκράτηνται.
1475 4506 1493 4540 ι

354 4585 732 4659 Πνευματικδν
774 4580 957 4646 αὐτοῖς
1005 4581 1208 4636 δέδωκε
1254 4580 1504 4652 χάρισμα
1530 4616 1545 4641 ,
1576 4576 1672 4631 τοῦ
1718 4573 1866 4629 λύειν

281 4681 562 4752 ἁμαρτίας
606 4679 700 4733 ml.
739 4672 1116 4746 κατακρίνειν.
1150 4670 1336 4725 Ἄλλοι
1380 4669 1437 4722 δὲ
1478 4668 1749 4737 λέγουσιν,
1783 4668 1865 4723 ὅτι

284 4769 630 4843 ἐπιτηδείους
704 4767 902 4829 αὐτοὺς
958 4763 1187 4834 ἐποίησε
1247 4760 1385 4833 πρὸς
1442 4758 1713 4829 ὑποδοχὴν
1773 4757 1868 4811 τοῦ

285 4863 607 4935 Πνεύματος
633 4902 647 4928 ,
680 4856 742 4914 οῦ
791 4857 1025 4930 ἣμελλον
1057 4853 1360 4926 λαμϐάνειν
1409 4851 1548 4923 μετὰ
1595 4850 1697 4923 τὴν
1737 4850 1872 4904 ἀνά-

285 4956 469 5009 ϐασιν·
500 4953 566 5007 δι’
586 4953 614 5007 δ
641 4953 743 5006 οὐκ
770 4949 943 5013 εἶπεν,
962 4947 1217 5001 Ἑλάϐετε
1244 4943 1471 5014 Πνεῦμα
1499 4943 1681 5012 ἅγιον,
1709 4943 1866 4999 ἀλλὰ.

282 5050 531 5107 Λάϐετε.
581 5047 729 5119 Πλὴν
768 5044 997 5100 δυνατὸν
1043 5042 1242 5105 είπεῖν,
1287 5039 1370 5093 ὅτι
1402 5038 1484 5101 είς
1519 5038 1618 5108 μὲν
1658 5032 1755 5090 οὖν
1811 5035 1872 5089 τὸ

282 5144 506 5211 ἀφεῖναι
546 5139 823 5213 ἁμαρτίας
847 5134 1042 5190 ἔλαϐον
1091 5133 1153 5186 τὸ
1182 5133 1455 5204 χάρισμα,
1499 5129 1638 5199 μετὰ
1681 5127 1739 5180 δὲ
1770 5127 1869 5199 τὴν

282 5233 670 5306 Πεντηκοστὴν
707 5233 769 5287 τὸ
800 5233 1013 5301 ἐγεῖραι
1053 5227 1181 5291 τοὺς
1209 5225 1461 5296 νεκροὺς,
1508 5224 1606 5275 καὶ
1647 5223 1749 5276 ὅσα
1780 5236 1871 5273 τε-

281 5327 555 5399 λειότερα.
585 5326 663 5379 Δι’
694 5317 770 5378 ὧν
798 5321 1145 5394 ὲμφυσήσας,
1179 5317 1350 5372 ἔδωκε
1379 5316 1440 5369 τὸ
1466 5313 1711 5385 Πνεῦμα,
1736 5313 1872 5367 ἔδει·

285 5417 379 5482 ξεν
415 5418 498 5469 ὅτι
542 5413 833 5487 ὁμοούσιον
879 5411 1046 5466 αὑτοῦ
1085 5412 1237 5473 ἐστι,
1274 5407 1372 5462 καὶ
1416 5406 1519 5459 οὐκ
1562 5405 1867 5477 ἀλλότριον,

282 5511 382 5564 καὶ
407 5508 474 5563 δι’
505 5507 674 5563 αὑτοῦ
715 5504 922 5578 προῖὼν
949 5506 1014 5558 ἐκ
1046 5500 1285 5572 Πατρδς,
1319 5500 1459 5569 ὅπερ
1486 5499 1687 5562 αὐτοὺς
1713 5497 1870 5551 ἐνεύ-

286 5617 468 5672 ρωσεν
497 5603 578 5664 εἰς
606 5600 671 5653 τὸ
706 5598 935 5668 ποιῆσαι
977 5596 1048 5650 τὰ
1088 5593 1209 5665 Θεῷ
1254 5592 1489 5664 ἀρεστὰ,
1533 5591 1629 5644 καὶ⁸
1669 5591 1871 5660 γνῶναι

281 5690 385 5744 τοῦ
423 5690 567 5745 κατὰ
619 5687 856 5761 Χριστὸν
906 5684 1210 5759 μυστηρίου
1249 5684 1348 5754 τὴν
1397 5679 1648 5753 δύναμιν.
1704 5680 1778 5735 Τὸ
1814 5680 1872 5734 δὲ

282 5782 596 5856 ἐμφύσημα
638 5782 863 5854 ἐποίησε
909 5780 1000 5836 τὸν
1040 5776 1436 5848 άνακαινισμδν
1470 5779 1535 5848 τῇ
1585 5774 1869 5856 ἀνθρωπᾷῗ

1966 3291 2121 3349 Sicut
2147 3293 2294 3349 misit
2328 3307 2413 3348 me
2438 3291 2621 3357 Pater,
2648 3298 2706 3346 et
2731 3304 2833 3362 ego
2862 3287 3017 3345 mitto
3042 3302 3161 3345 vos.
3197 3305 3219 3340 ι
3550 3336 3553 3340 ι

2039 3381 2255 3437 Nullum
2299 3381 2511 3437 habetis
2561 3380 3034 3451 impedimentum,
3102 3387 3160 3434 et
3205 3388 3430 3450 propter
3484 3390 3550 3432 ea

1966 3496 2089 3552 quae
2116 3479 2233 3550 jam
2268 3478 2412 3535 facta
2443 3487 2593 3543 sunt,
2646 3487 2700 3533 et
2733 3486 2956 3547 propter
2989 3491 3164 3532 meam
3199 3492 3297 3534 vos
3329 3476 3556 3533 mitten-

1968 3573 2037 3628 tis
2067 3572 2409 3641 dignitatem.
2462 3567 2645 3635 Quare
2700 3568 2804 3642 hoc
2857 3567 3038 3623 dixit?
3091 3566 3294 3624 Eorum
3345 3567 3558 3622 animos

1967 3664 2058 3719 hic
2083 3662 2267 3729 erigit,
2289 3670 2345 3716 et
2372 3674 2525 3715 suam
2555 3658 2813 3730 proponit
2845 3658 3259 3722 auctoritatem,
3282 3657 3555 3726 siquidem

1965 3766 2122 3808 suum
2169 3750 2248 3807 eis
2296 3749 2590 3805 relicturus
2665 3755 2785 3803 erat
2828 3745 3233 3802 ministerium:
3297 3760 3399 3801 nec
3441 3744 3556 3814 jam

1967 3844 2204 3914 amplius
2251 3838 2563 3911 interpellat
2584 3838 2826 3904 Patrem,
2862 3836 2957 3894 sed
2983 3851 3083 3893 sua
3116 3837 3199 3893 eis
3231 3835 3559 3892 auctoritate

1967 3943 2289 4008 potestatem
2325 3932 2548 4003 praebet.
2578 3931 2738 3996 Cum,
2764 3929 2962 3998 inquit,
2996 3931 3184 3984 omnia
3209 3941 3307 3997 per
3336 3940 3554 3983 crucem

1968 4041 2145 4084 meam
2176 4025 2318 4081 facta
2353 4023 2463 4079 sint
2490 4021 2695 4087 facilia,
2725 4019 2884 4076 mitto
2917 4033 3034 4087 vos,
3069 4027 3132 4079 ut
3176 4016 3393 4073 faciatis
3419 4030 3558 4086 opus

1968 4120 2110 4192 quod
2141 4133 2242 4187 ego
2275 4116 2399 4173 feci.

2038 4213 2204 4269 Vens.
2259 4210 2353 4264 22.
2408 4209 2588 4274 «haec
2636 4222 2762 4264 cum
2806 4205 3060 4272 dixisset,
3110 4205 3446 4261 insuﬂlavit:
3501 4216 3560 4262 et

1969 4305 2107 4361 dixit
2135 4303 2251 4358 eis:
2284 4299 2524 4371 Accipite
2553 4298 2817 4370 Spiritum
2850 4306 3123 4354 sanctum.
3163 4316 3182 4350 ι

2041 4396 2206 4451 Vens.
2235 4394 2329 4450 23.
2384 4412 2403 4445 ι
2433 4391 2676 4460 Quorum
2714 4390 3038 4448 remiseritis
3071 4400 3319 4461 peccata,
3368 4390 3557 4445 remit-

1898 4516 1946 4575 υ
1972 4497 2162 4546 tnntur
2185 4487 2266 4542 eis
2293 4504 2308 4541 :
2349 4493 2407 4541 et
2435 4500 2667 4556 quorum
2706 4483 3067 4552 retinueritis,
3100 4492 3310 4539 retenta
3346 4492 3496 4539 sunt.
3530 4500 3551 4535 ι

2041 4577 2300 4650 Spiritale
2330 4576 2436 4633 illis
2481 4577 2680 4633 donum
2730 4577 2880 4632 dedit
2931 4575 3176 4632 solvendi
3212 4585 3461 4646 peccata,
3504 4585 3561 4630 et

1974 4672 2329 4742 dijudicandi.
2379 4671 2485 4726 Alii
2524 4680 2705 4726 autem
2760 4668 2974 4733 dicunt,
3026 4667 3169 4738 quod
3201 4668 3291 4723 hic
3333 4667 3558 4723 idoneos

1976 4764 2098 4819 illos
2154 4762 2347 4818 fecerit
2396 4763 2463 4815 ad
2494 4760 2755 4831 Spiritum
2786 4758 3219 4830 suscipiendum,
3277 4764 3438 4829 quem
3469 4773 3560 4814 ac-

1975 4854 2186 4925 cepturi
2211 4861 2371 4907 erant
2387 4863 2508 4921 post
2530 4851 2906 4907 ascensionem
2931 4867 2945 4904 :
2973 4850 3230 4919 quocirca
3254 4864 3361 4905 non
3384 4850 3558 4905 dixit:

1974 4945 2278 5016 Accepislis
2312 4942 2577 5012 Spiritum
2609 4951 2880 5006 sanctum,
2917 4940 3013 4996 sed
3044 4940 3301 5009 Accipite.
3360 4938 3559 4995 Verum

1976 5040 2084 5095 dici
2137 5045 2333 5108 potest,
2387 5050 2483 5090 cos
2521 5033 2680 5088 modo
2732 5036 2932 5089 donum
2977 5040 3196 5101 peccata
3251 5030 3560 5085 remittendi

1981 5127 2282 5197 accepisse,
2316 5132 2439 5195 post
2464 5122 2823 5178 Pentecosten
2855 5135 2986 5176 vero
3016 5131 3258 5176 mortuos
3286 5120 3562 5174 suscitan-

1976 5220 2052 5285 di,
2086 5230 2142 5275 et
2192 5230 2381 5272 eorum
2414 5230 2534 5284 qua».
2577 5215 2903 5284 perfectiora
2950 5224 3096 5282 sunt,
3130 5213 3412 5284 accepisse
3459 5228 3561 5283 po-

1958 5320 2253 5367 ~testalem.
2307 5307 2463 5376 Quod
2517 5317 2697 5362 autent
2741 5305 3086 5373 insulilando,
3119 5306 3383 5379 Spiritum
3414 5319 3558 5376 prse-

1975 5404 2177 5470 huerit,
2206 5402 2445 5459 ostendit
2479 5402 2584 5456 sibi
2620 5401 3139 5457 consubstantialem
3171 5415 3315 5469 esse,
3365 5408 3421 5456 et
3461 5414 3560 5456 ne-

1975 5512 2251 5569 quaquam
2278 5512 2309 5551 a
2339 5510 2398 5551 se
2425 5495 2662 5550 alienum
2692 5512 2707 5562 ;
2760 5503 2820 5549 ut
2848 5495 2939 5564 qui
2995 5509 3093 5565 per
3121 5510 3246 5551 eum
3300 5494 3563 5565 procedat

1974 5607 2041 5647 ex
2089 5591 2271 5658 Patre,
2308 5587 2454 5660 quod
2485 5602 2579 5644 eos
2628 5587 2987 5643 confirmabat
3034 5595 3094 5641 ut
3147 5587 3394 5644 facerent
3441 5601 3564 5659 quae

1975 5685 2173 5756 placita
2202 5679 2487 5745 suntDeo,
2532 5690 2590 5735 et
2618 5681 2877 5736 virtutem
2903 5678 3110 5735 Christi
3164 5680 3407 5752 mysterii
3471 5694 3566 5735 co.

1973 5785 2328 5857 .guoscerent.
2372 5771 2671 5857 lusumatio
2717 5782 2897 5829 autem
2951 5773 3244 5830 humanam
3308 5782 3558 5830 naturam
