4064 6388
540 300 676 369 1519

1635 311 1904 375 AMMON
1918 314 1968 373 Il
2013 315 2547 384 ALEXANDRINI

3686 344 3823 414 1520

538 419 667 473 fecit
694 416 966 480 innovari,
995 423 1049 471 et
1076 429 1196 471 eam
1226 430 1390 487 quam
1425 427 1556 474 ante
1590 420 1784 476 Adami
1819 433 2122 496 transgres-

2231 446 2376 501 τητι,
2410 435 2505 485 καὶ
2536 433 2833 492 ἀναλαϐεῖν
2857 438 2920 493 τὸ
2941 442 3063 495 κατ’
3093 444 3289 499 εικὸνα
3308 446 3448 519 ὅπερ
3469 439 3616 523 εἶχεν
3651 454 3824 529 Ἀδὰμ

536 513 749 567 sionem
779 512 1032 577 habebat,
1058 525 1338 568 resumere
1368 512 1805 570 similitudinem.
1849 517 1994 574 Dixit
2028 536 2125 576 au-

540 614 649 658 tem
703 604 941 669 mittere,
974 612 1033 658 ut
1066 603 1387 660 crederetur
1421 605 1525 661 hoc
1561 607 1615 660 in
1665 609 1925 666 omnibus
1979 610 2127 667 lutu-

536 713 657 751 rum
690 705 932 765 tempore
963 695 1213 753 deﬁnito.

610 786 769 842 Vnus.
795 785 895 842 24.
950 806 969 839 ι
1002 786 1243 846 Thomas
1300 797 1480 844 autem
1512 805 1653 847 unus
1705 805 1773 847 ex
1816 791 2124 862 duodecim,

532 879 625 946 qui
656 878 856 935 dicitur
881 877 1170 951 Didymus,
1213 894 1324 936 non
1361 888 1484 937 erat
1510 894 1635 937 cum
1669 881 1753 939 eis
1783 883 2004 954 quando
2035 899 2128 941 ve-

534 973 616 1026 nit
640 972 821 1028 Jesus.
856 990 876 1023 ι

610 1063 726 1119 Etsi
769 1064 968 1119 absens
996 1069 1144 1117 esset
1170 1060 1433 1130 Thomas,
1472 1060 1713 1133 Spiritus
1761 1072 1941 1122 tamen
1993 1080 2123 1137 gra-

543 1156 677 1211 tiam
698 1169 795 1224 per
826 1152 1241 1211 insumationem
1273 1154 1505 1224 accepit,
1530 1153 1785 1224 quoniam
1815 1155 1870 1211 in
1904 1156 2124 1213 univer-

540 1263 663 1301 sum
694 1244 1063 1316 apostolorum
1112 1244 1345 1315 chorum
1393 1246 1654 1302 Dominus
1704 1248 1844 1304 hanc
1888 1250 2123 1320 gratiam

535 1337 819 1395 ell'uderat.

608 1429 770 1485 Vsus.
806 1429 899 1484 27.
952 1446 971 1481 ι
1004 1428 1207 1484 Deinde
1232 1428 1366 1484 dicit
1392 1427 1649 1484 Thomrc:
1706 1429 1851 1487 lnl’er
1893 1432 2123 1503 digitum

524 1531 689 1576 «mum
731 1522 860 1587 huc,
909 1529 965 1576 et
998 1522 1122 1576 vide
1156 1535 1352 1577 manus
1400 1536 1572 1587 meas,
1609 1532 1668 1578 et
1717 1523 1852 1580 αποι-
1900 1541 2121 1583 manum

525 1624 704 1679 tuam,
734 1622 790 1667 et
828 1612 986 1667 mitte
1014 1613 1069 1668 in
1106 1612 1248 1669 latus
1277 1628 1500 1669 meum:
1538 1624 1594 1671 et
1634 1616 1743 1672 soli
1788 1632 1911 1675 esse
1940 1618 2121 1676 incre-

530 1704 714 1769 dulus,
748 1704 845 1759 sed
878 1702 1075 1761 ﬁdelis.
1109 1722 1131 1757 ι

603 1795 780 1866 Supra
832 1795 1051 1851 modum
1088 1794 1328 1850 Thomas
1369 1808 1601 1865 operose
1650 1798 1925 1865 curiosus,
1972 1801 2120 1871 quod
2151 1785 2196 1847 Β

530 1903 648 1945 rem
678 1887 1072 1957 impossibilem
1101 1887 1464 1952 existimaret,
1519 1890 1961 1960 reprehenditur,
1993 1894 2123 1963 quia

532 1995 641 2035 non
672 1979 809 2036 dixit
840 1978 1017 2035 solum
1053 1993 1069 2034 :
1100 1998 1119 2031 ι
1146 1976 1263 2034 Nisi
1285 1979 1490 2048 videro,
1524 1998 1543 2032 ι
1584 1995 1773 2037 verum
1804 1983 1989 2051 etiam,
2008 1983 2124 2041 Nisi

529 2072 844 2143 palpavero,
897 2086 966 2127 ne
1017 2072 1158 2128 forte
1188 2072 1516 2142 phantasma
1567 2073 1641 2129 sit
1688 2075 1835 2144 quod
1882 2075 2121 2143 videtur.

527 2166 664 2222 Cum
712 2166 881 2237 igitur
924 2164 1169 2221 audisset
1212 2180 1282 2221 ex
1314 2164 1624 2235 discipulis,
1658 2165 1849 2223 lancea
1899 2176 2123 2225 contos-

526 2273 672 2326 sum,
712 2260 877 2315 ﬁdem
908 2259 1182 2324 adhibuit,
1211 2258 1318 2315 etsi
1356 2274 1464 2314 non
1495 2259 1764 2329 vidisset;
1804 2263 1901 2316 sed
1932 2276 2121 2319 resur-

526 2353 855 2417 rectionem,
884 2362 947 2407 ut
977 2366 1105 2422 quas
1132 2350 1401 2406 rationem
1434 2350 1747 2420 excederet,
1782 2367 1890 2409 non
1938 2354 2117 2410 credi-

525 2444 647 2499 dit:
698 2442 844 2514 quod
876 2456 983 2498 non
1015 2450 1126 2496 tam
1158 2456 1223 2497 ex
1261 2441 1667 2509 incredulitate,
1722 2457 1885 2513 quam
1920 2458 1987 2499 ex
2019 2444 2117 2500 de-

534 2536 656 2593 lere
683 2535 910 2602 dictum,
939 2534 1086 2604 quod
1113 2548 1223 2588 non
1250 2542 1307 2589 et
1336 2533 1453 2603 ipse
1474 2548 1691 2605 quoque
1717 2536 1915 2592 visioui
1949 2538 2117 2592 inter-

524 2630 744 2685 fuisset.
768 2626 875 2682 Per
895 2612 1360 2697 dispensationem
1390 2634 1573 2681 autem
1600 2627 1840 2684 Thomas
1864 2644 1968 2684 non
1997 2645 2116 2686 cre-

526 2722 685 2788 didit,
738 2730 800 2777 ut
833 2734 934 2776 nos
952 2733 1145 2776 omnes
1196 2734 1295 2791 per
1337 2720 1513 2791 ipsum
1541 2720 1796 2777 ﬁercmus
1824 2723 2112 2788 certiores,

527 2814 587 2869 id
612 2813 790 2885 ipsum
820 2811 963 2884 quod
1012 2812 1159 2867 cruci
1208 2812 1423 2871 aﬂixutn
1471 2812 1651 2868 fuerat
1677 2828 1883 2883 corpus
1928 2830 2116 2872 resur-

526 2904 759 2960 rexisse.
794 2900 1102 2970 Quarendo
1148 2901 1294 2956 enim
1328 2902 1515 2959 videre
1568 2905 1751 2962 carnis
1802 2906 2114 2976 cicatrices,

525 3011 656 3051 num
691 2994 809 3065 ipsa
839 2992 1031 3049 eadem
1060 3007 1190 3049 care
1218 2994 1632 3064 resurrexisset,
1659 2995 1965 3067 inquisivit.

595 3084 852 3143 Ostendit
885 3099 945 3140 se
989 3084 1276 3141 cicatrices
1329 3086 1551 3154 habere,
1607 3090 1985 3161 permittitque
2034 3092 2110 3148 illi

524 3187 587 3237 ut
612 3194 675 3237 se
696 3185 911 3251 tangat.
951 3175 1044 3233 Sic
1073 3176 1219 3231 enim
1241 3178 1732 3236 condescendendo
1762 3179 1988 3237 Thomas
2016 3199 2112 3252 ap-

524 3273 727 3345 paruit,
776 3273 992 3327 tametsi
1023 3284 1222 3342 corpus
1270 3271 1389 3344 ejus
1438 3274 1618 3329 omnis
1655 3282 1805 3329 esset
1844 3272 2111 3331 craSsitiei

524 3376 745 3435 expers,
776 3372 833 3418 et
878 3361 1100 3418 omnino
1148 3362 1293 3432 agile
1343 3364 1636 3432 redditum,
1690 3372 1750 3418 ut
1797 3365 2114 3421 crederetur

528 3456 674 3511 idem
705 3468 826 3510 esse
857 3454 1003 3524 quod
1048 3451 1227 3508 fuerat
1269 3456 1618 3511 cruciﬁxum.
1670 3453 1882 3510 Exinde
1931 3463 2111 3515 autem

527 3547 756 3604 Thomas
788 3547 966 3604 verbis
1002 3563 1154 3613 usus,
1201 3548 1440 3604 ostendit
1491 3548 1790 3614 Christum,
1838 3562 1962 3604 cum
2000 3549 2115 3606 hzee

527 3640 769 3697 Thomas
800 3639 1028 3706 diceret,
1058 3639 1317 3695 adfuisse.
1373 3637 1574 3695 Verum
1605 3653 1674 3694 ne
1704 3653 1827 3709 qua:
1856 3639 2114 3723 incredu-

527 3734 666 3790 litati
699 3733 908 3803 reliqua
943 3741 1091 3787 esset
1120 3730 1284 3795 ratio,
1315 3729 1774 3800 quemadmodum
1804 3730 1995 3799 petivit
2030 3730 2079 3785 vi
2110 3762 2117 3771 ι

527 3829 659 3884 dere
682 3824 945 3890 Thomas,
976 3822 1057 3879 sic
1085 3823 1329 3879 ostendit
1354 3836 1460 3876 non
1497 3820 1762 3875 Thomam
1825 3824 2110 3893 duntaxat,

530 3921 627 3977 sed
656 3927 711 3975 et
746 3918 970 3990 angelos
1011 3915 1406 3973 incarnationis
1455 3912 1913 3985 dispensationem
1963 3919 2115 3986 igno-

529 4026 681 4068 rasse
704 4025 767 4066 ac
790 4011 1043 4081 petivisse
1066 4029 1079 4065 :
1105 4009 1237 4075 Quis
1259 4017 1334 4063 est
1357 4008 1456 4062 iste
1487 4007 1578 4078 qui
1605 4009 1739 4063 venit
1764 4010 1828 4064 de
1855 4008 2116 4068 Edent"?

529 4105 599 4160 Et
625 4104 752 4160 alibi
785 4121 801 4159 :
859 4102 1129 4170 Quidnam
1176 4110 1298 4155 sunt
1345 4099 1518 4170 plaga:
1558 4101 1678 4155 ista:
1706 4102 1761 4156 in
1794 4105 1964 4158 medio
1996 4120 2114 4159 m1-

530 4212 694 4253 nuum
743 4198 1011 4251 tuarum?
1070 4195 1138 4250 Et
1180 4193 1424 4249 docendo
1475 4192 1650 4249 dicit:
1712 4192 1816 4249 His
1870 4195 2115 4267 plagulas

528 4305 645 4345 sum
678 4290 735 4343 in
771 4287 927 4343 doma
954 4298 1136 4342 eorum
1169 4284 1259 4356 qui
1289 4283 1578 4353 diligebant
1611 4299 1692 4339 me
1717 4285 1779 4340 ³³.

593 4381 729 4437 Cum
761 4388 945 4436 autem
968 4378 1170 4434 clausis
1193 4375 1377 4445 januis
1410 4375 1687 4445 ingressus
1712 4385 1879 4440 esset,
1925 4394 2113 4435 ansam

2231 524 2339 594 πρὸ
2369 528 2761 595 παραϐάσεως.
2803 527 2969 588 Εἶπεν
3007 535 3062 589 δὲ
3100 539 3362 607 πέμπειν,
3402 542 3492 598 ἵνα
3535 524 3797 622 πιστὼση
3821 581 3827 590 ο

2230 632 2320 668 ται
2347 618 2428 670 ὅτι
2457 616 2610 674 ἔσται
2643 621 2802 677 τοῦτο
2831 625 2927 679 ἐπὶ
2966 630 3111 683 πᾶσι
3141 629 3221 702 τῷ
3251 633 3527 705 ὁρισθέντι
3549 640 3747 711 καιρῷ.

2304 813 2323 847 ι
2358 794 2563 867 Θωμᾶς
2597 797 2655 852 δὲ
2682 800 2765 865 είς
2795 805 2859 856 ἐκ
2886 803 2997 857 τῶν
3028 805 3260 876 δώδεκα,
3289 811 3319 863 ὁ
3343 809 3640 884 λεγόμενος
3660 819 3789 873 Δίδυ

2229 904 2355 959 μσς,
2386 890 2491 944 οὐκ
2518 885 2590 963 ἦν
2625 892 2745 963 μετ’
2777 894 2979 962 αὐτῶν,
3020 899 3111 953 ὅτε
3146 895 3309 972 ἦλθεν
3333 905 3365 957 ὁ
3413 904 3647 977 Ἰησοῦς.
3685 930 3707 962 ι

2296 1072 2409 1126 Καὶ
2453 1072 2611 1129 ἀπὼν
2666 1077 2694 1129 ὁ
2737 1077 2941 1151 Θωμᾶς
2985 1081 3146 1156 ἔτυχε
3204 1086 3306 1158 τῆς
3360 1088 3459 1144 τοῦ
3498 1092 3825 1166 Πνεύματος

2225 1164 2452 1257 χάριτος
2493 1166 2584 1222 διὰ
2633 1170 2733 1241 τῆς
2776 1174 3181 1247 ἐμφυσήσεωςο
3232 1180 3322 1250 ἐφ’
3371 1182 3496 1237 δλον
3537 1164 3661 1257 γὰρ⁷
3707 1189 3823 1243 τῶν

2225 1254 2538 1311 ἀποστόλων
2569 1258 2661 1313 τὸν
2691 1262 2849 1333 χορὸν
2887 1264 2918 1315 ὁ
2962 1266 3167 1339 Κύριος
3220 1269 3322 1343 τὴν
3371 1273 3533 1345 χάριν
3578 1254 3817 1348 ἐξέχεεν.

2298 1452 2318 1487 ι
2357 1433 2492 1491 Εἶτα
2535 1438 2685 1509 λέγει
2714 1440 2795 1512 τῷ
2840 1441 3048 1517 Θωμᾷ*
3085 1446 3227 1519 Φέρε
3272 1448 3366 1503 τὸν
3420 1450 3687 1509 δάκτυλόν
3719 1474 3819 1511 σου

2223 1521 2354 1597 ὧδε,
2388 1534 2489 1624 καὶ,
2518 1532 2595 1624 [es
2647 1535 2747 1599 τὰς
2781 1540 2973 1609 χεῖράς
3021 1557 3126 1611 μου
3154 1584 3169 1608 ,
3215 1544 3313 1597 καὶ
3346 1547 3479 1618 φέρε
3512 1550 3613 1620 τὴν
3656 1555 3822 1624 χεῖρά

2226 1637 2357 1687 σου,
2407 1623 2504 1676 καὶ
2535 1622 2665 1694 βάλε
2702 1628 2782 1690 εἰς
2816 1627 2917 1699 τὴν
2948 1628 3194 1703 πλευράν
3246 1650 3375 1704 μου,
3412 1638 3508 1692 καὶ
3553 1640 3631 1711 μὴ
3662 1622 3819 1711 γίνου

2223 1713 2477 1778 ἄπιστος,
2509 1716 2648 1772 ἀλλά
2678 1721 2890 1785 πιστός.
2936 1741 2956 1774 ι

2306 1803 2481 1877 Ὑπὲρ
2514 1807 2716 1879 μέτρον
2743 1811 2773 1863 ὁ
2798 1808 3003 1883 Θωμᾶς
3031 1815 3598 1893 πολυπραγμονήσας,
3630 1826 3718 1879 διὰ
3753 1828 3820 1881 τὺ

2223 1896 2471 1967 νομίζειν
2505 1899 2787 1967 ἀδύνατον,
2818 1904 3156 1973 ἐγκαλεῖται,
3179 1910 3262 1964 διὸ
3291 1914 3393 1966 οὐκ
3429 1910 3585 1970 εἶπεν
3625 1919 3817 1990 μόνον,

2228 2004 2248 2041 ι
2286 1987 2412 2044 Ἐὰν
2444 1991 2520 2062 μὴ
2552 1993 2666 2062 tam,
2691 2013 2710 2047 ι
2745 1995 2904 2062 ἀλλὰ,
2941 1999 3068 2053 Ἐὰν
3099 2002 3176 2075 μὴ
3203 2003 3549 2077 ψηλαφήσω’
3576 1987 3653 2081 μή
3696 2029 3820 2076 πως

2223 2082 2522 2153 φάντασμά
2554 2084 2673 2138 ἐστι
2715 2086 2777 2140 τὸ
2819 2087 3121 2161 ὁρώμενον.
3181 2094 3450 2159 Ἀκούσας
3491 2098 3594 2168 μὲν
3622 2095 3719 2155 οὖν
3749 2103 3822 2156 ὲκ.

2220 2172 2331 2227 τῶν
2367 2176 2650 2248 μαθητῶν,
2682 2179 2777 2233 ’ὅτι
2813 2179 2985 2254 λόγχῃ
3034 2183 3262 2254 ἔλαϐεν,
3292 2187 3523 2260 ἐπείσθη
3551 2230 3567 2257 ,
3598 2192 3696 2245 καὶ
3732 2193 3817 2264 μὴ

2220 2265 2508 2338 ἑωρακὼς,
2540 2270 2600 2324 τὸ
2650 2270 2709 2325 δὲ
2757 2274 2859 2345 τῆς
2907 2275 3300 2345 ἀναστάσεως,
3343 2281 3422 2346 ὡς
3451 2282 3595 2354 ὑπὲρ
3629 2284 3815 2355 λόγον,

2224 2360 2560 2433 ἠπίστησεν·
2620 2363 2683 2417 οὐ
2741 2366 2998 2423 τοσοῦτον
3048 2369 3126 2435 ὡς
3159 2373 3410 2429 ἀπιστῶν
3452 2373 3627 2444 εἶπεν,
3682 2381 3815 2435 ὅσον

2221 2452 2596 2526 λυπούμενος,
2637 2457 2719 2511 ὅτι
2765 2461 2841 2532 μὴ
2888 2463 2983 2515 καὶ
3024 2463 3190 2528 αὐτὸς
3231 2466 3437 2540 ἠξιώθη
3499 2469 3602 2541 τῆς
3654 2472 3811 2537 θέας.

2219 2547 2598 2619 οἰκονομικῶς
2632 2550 2690 2604 δὲ
2717 2553 3028 2625 ἠπίστησεν
3057 2559 3086 2610 ὁ
3122 2557 3349 2631 Θωμᾶς,
3382 2563 3470 2616 ἴνα
3498 2566 3705 2631 πάντες
3739 2568 3815 2621 δι’

2217 2640 2386 2695 αὐτοῦ
2412 2632 2667 2716 γνῶμεῖ
2683 2646 2768 2700 ὅτι
2804 2646 2867 2701 τὸ
2908 2652 3222 2722 σταυρωθὲν
3252 2655 3452 2730 ἀνέστη
3491 2659 3677 2732 σῶμα.
3708 2664 3814 2717 Διά

2217 2736 2325 2806 γὰρ
2352 2734 2447 2790 τοῦ
2475 2736 2681 2807 ζητεῖν,
2711 2737 2843 2794 ἰδεῖν
2868 2740 2937 2795 τὰ
2978 2744 3108 2815 περὶ
3129 2744 3232 2819 τὴν
3268 2747 3451 2820 σάρκα
3484 2751 3809 2824 τραύματα,

2218 2826 2387 2901 αὐτὴν
2417 2828 2513 2902 τὴν
2544 2829 2747 2903 σάρκα,
2766 2834 2813 2886 εἰ
2839 2833 3064 2907 ἀνέστη,
3086 2836 3293 2909 ἐζήτει.

2288 3095 2574 3149 Δείκνυσιν
2598 3096 2793 3151 ἑαυτὸν
2815 3100 3112 3172 τραύματα
3142 3103 3361 3176 ἔχοντα,
3396 3110 3494 3164 καὶ
3526 3116 3815 3187 συγχωρεῑ

2216 3184 2367 3256 αὐτῷ
2389 3184 2716 3259 ψηλαφῆσαι
2742 3190 2928 3247 αὐτόν.
2975 3195 3076 3250 Διά
3113 3198 3225 3269 γὰρ
3261 3184 3683 3269 συγκατάὸασιν
3712 3184 3811 3262 οὒ-

2214 3293 2325 3367 τως
2350 3275 2506 3349 ὤφθη
2538 3280 2618 3350 τῷ
2653 3279 2856 3354 Θωμᾷ,
2891 3285 3096 3358 καίπερ
3141 3289 3326 3362 πάσης
3358 3295 3677 3367 παχύτητος
3706 3299 3811 3354 τοῦ

2217 3364 2471 3436 σώματος
2497 3367 2945 3443 ἀπηλλαγμένου,
2983 3379 3077 3431 καὶ
3116 3380 3326 3451 κούφου
3355 3364 3672 3454 γεγονότος,
3720 3392 3810 3447 ἵνα

2216 3456 2440 3542 πεισθῇ,
2470 3458 2554 3513 ὅτι
2585 3460 2719 3514 αὐτὸ
2756 3458 2825 3535 ἦν
2859 3464 2920 3519 τὸ
2950 3470 3267 3540 σταυρωοὲν
3298 3473 3480 3546 σῶμα.
3523 3477 3615 3543 Ἐξ
3638 3474 3715 3535 ὧν
3745 3482 3808 3536 δὲ

2213 3536 2329 3612 τοῖς
2363 3549 2459 3604 τοῦ
2509 3551 2686 3624 Θωμᾶ
2729 3556 2999 3628 κέχρηται
3026 3536 3234 3628 λόγοις,
3266 3536 3550 3623 δείκνυσιν
3589 3536 3674 3625 ἐτι
3710 3573 3815 3628 καλ⁵

2213 3644 2304 3699 ὅτε
2334 3644 2365 3697 6
2395 3644 2600 3715 Θωμᾶς
2636 3646 2819 3701 ἐλάλει
2848 3650 3047 3714 ταῦτα,
3084 3656 3290 3726 παρῆν.
3312 3658 3460 3713 Ἀλλ’
3489 3656 3577 3716 ἵνα
3613 3666 3814 3734 μηδεὶς

2215 3737 2473 3802 ἀπιστίας
2504 3738 2892 3811 περιλείπηται
2934 3742 3121 3813 λόγος,
3174 3749 3253 3813 ὡς
3296 3749 3565 3824 ἐζήτησεν
3602 3756 3741 3812 ίδείν
3771 3764 3804 3815 ὁ

2216 3829 2454 3901 Θωμᾶς,
2487 3830 2663 3895 οὕτως
2697 3834 3002 3904 ὑπέδειξεν,
3038 3839 3101 3892 οὐ
3145 3841 3308 3911 μόνον
3346 3844 3407 3899 δὲ
3440 3836 3535 3902 τὸν
3574 3849 3811 3923 Θωμᾶν,

2217 3921 2355 3976 ἀλλὰ
2385 3924 2480 3976 καὶ
2505 3923 2634 3988 τοὺς
2664 3926 2934 3994 ἀγγέλους
2971 3933 3308 4000 ἀγνοοῦντας
3330 3937 3436 4007 τῆς
3469 3921 3812 4014 σαρκώσεως

2216 4013 2317 4085 τὴν
2345 4015 2688 4088 οἰκονομίαν,
2720 4020 2816 4073 καὶ
2839 4019 3105 4090 λέγοντας
3124 4040 3139 4055 ⁸
3181 4028 3280 4095 Τις
3322 4026 3506 4101 οὗτος
3605 4053 3805 4107 παίει.

2215 4106 2542 4175 γενόμενος
2587 4108 2660 4173 ἐξ
2723 4109 2947 4181 Ἐὃώμ;
2999 4114 3113 4169 Καὶ
3165 4118 3350 4176 πάλιν.
3409 4127 3472 4178 Τί
3515 4106 3699 4184 αὗται
3744 4135 3811 4185 al

2217 4196 2445 4269 πληγαὶ
2470 4200 2780 4271 ἀναμέσων·
2804 4202 2925 4259 τῶν
2948 4204 3169 4277 χειρῶν
3207 4228 3355 4279 σου;
3388 4217 3498 4272 Καὶ
3530 4206 3811 4282 διδάσκων

2219 4288 2369 4386 λέγει
2390 4306 2405 4320 ·
2443 4293 2555 4386 ᾊς¹
2577 4292 2858 4386 ἐπλήγην
2884 4297 2955 4351 ἐν
2976 4299 3056 4365 τῷ
3081 4302 3224 4371 οἴκῳ
3245 4305 3326 4373 τῷ
3348 4308 3637 4381 ἀγαπητῷ
3659 4336 3811 4386 μου.

2301 4383 2523 4455 Ἐπειδὴ
2550 4383 2630 4439 ’δὲ
2677 4387 3087 4461 κεκλεισμένων
3135 4396 3246 4451 τῶν
3292 4398 3476 4473 θυρῶν
3520 4383 3814 4473 εἰσελθὼν.

530 4474 677 4530 dedit
726 4474 834 4528 illis
867 4469 1175 4541 ambigendi
1225 4482 1354 4521 num
1410 4480 1539 4522 vere
1568 4483 1768 4538 corpus
1796 4480 1943 4526 esset
1975 4475 2117 4544 quod

2224 4475 2723 4573 ἐποίησεδιστὰσαι
2748 4480 2878 4573 ⁴τοὺς
2912 4483 3189 4556 μαθητὰς,
3216 4469 3417 4563 μήπως
3437 4499 3538 4552 οὐκ
3554 4495 3623 4571 ἦν
3646 4469 3816 4573 σῶμτ

530 4567 868 4635 apparebat,
956 4562 1061 4616 hoc
1112 4558 1399 4614 declarans
1454 4558 1596 4629 apud
1657 4559 1860 4615 Lucam
1937 4563 2116 4621 dixit:

531 4655 759 4723 Palpate
790 4669 890 4718 me,
921 4661 971 4706 et
1005 4650 1194 4713 uidete,
1239 4649 1363 4716 quia
1407 4651 1627 4718 spiritus
1660 4668 1871 4709 carnem
1915 4665 1966 4711 et
1999 4673 2119 4713 ossa

532 4762 635 4800 non
666 4746 817 4798 habet
845 4745 928 4809 “;
982 4755 1033 4798 et
1081 4741 1339 4805 comedit,
1374 4756 1438 4797 ac
1482 4745 1662 4799 carnis
1692 4761 1804 4801 sum
1833 4748 2120 4807 cicatrices

531 4835 788 4892 ostendit.
1968 4848 1971 4849 ⁷

1157 4938 1313 5004 CAP.
1345 4946 1488 5003 XXI.

532 5153 553 5159 φ
604 5084 772 5141 Vsus.
802 5082 891 5136 ll.
930 5099 951 5133 ι
981 5082 1237 5138 Ascendit
1272 5083 1459 5140 Simon
1488 5083 1702 5155 Petrus,
1734 5097 1789 5144 et
1817 5090 1982 5145 traxit
2009 5101 2124 5148 rete

539 5176 593 5231 in
627 5186 847 5239 terram,
906 5173 1120 5243 plenum
1168 5177 1383 5246 magnis
1439 5178 1681 5248 piscibus
1708 5189 1925 5237 centum
1961 5184 2124 5253 quia.

538 5265 799 5336 quaginta
828 5264 1018 5320 tribus.
1054 5265 1124 5322 Et
1153 5281 1274 5327 cum
1308 5271 1443 5326 tanti
1469 5280 1675 5339 essent,
1724 5288 1831 5328 non
1869 5284 1954 5331 est
1983 5276 2120 5333 sciss

537 5369 657 5413 sum
696 5362 830 5407 ῐθῑθ.
865 5370 885 5405 ι

607 5444 803 5500 Petrus
833 5463 937 5502 una
964 5461 1086 5503 cum
1123 5450 1287 5506 sociis
1320 5458 1443 5506 retc'
1469 5452 1710 5523 spiritale
1750 5455 1997 5523 attrahit,
2052 5460 2120 5513 ad

537 5538 815 5595 Christum
862 5545 1138 5611 capturum
1197 5542 1493 5601 adducens.
1552 5544 1658 5600 Per
1686 5540 1902 5604 centum
1936 5559 2119 5607 autem

2217 4565 2281 4619 τὸ
2303 4566 2653 4637 φαινόμενον,
2684 4570 2848 4624 τοῦτο
2875 4577 3191 4646 σαφηνίζων
3223 4586 3366 4639 κατὰ
3394 4588 3614 4644 Λουκᾶν
3645 4565 3773 4649 εἷπε
3797 4615 3811 4627 ·

2223 4658 2644 4758 Ψηλςιφτξσατᾍέ
2667 4680 2744 4758 με
2766 4703 2782 4730 ,
2830 4665 2932 4721 καὶ
2973 4667 3156 4734 ῑδετε,
3213 4674 3303 4731 ὅτι
3338 4681 3576 4751 πνεῦμα
3608 4687 3814 4758 σάρκα

2221 4748 2319 4853 ira!
2338 4751 2528 4853 dorsa
2546 4755 2669 4853 ,οὐκ
2698 4755 2825 4825 ἔχει
2849 4774 2863 4791 ο
2899 4760 2994 4814 καὶ
3026 4762 3220 4835 ἔφαγε,
3257 4773 3353 4826 καὶ
3373 4774 3442 4829 τὰ
3472 4748 3571 4848 τῆς
3599 4748 3812 4853 σαρκὸς

2221 4840 2390 4909 ἔδειξε
2420 4844 2739 4917 τραύματα.

2785 4960 3037 5020 ΚΕΦΑΛ.
3072 4970 3208 5025 KA'.

2295 5108 2316 5143 ι
2368 5090 2563 5164 Ἀνέϐη
2593 5093 2779 5165 Σίμων
2823 5098 3052 5172 Πέτρος,
3094 5106 3190 5160 καὶ
3232 5110 3451 5168 εἵλκυσε
3503 5119 3565 5172 τὸ
3592 5120 3815 5180 δῖκτυον

2221 5181 2315 5235 ἐπὶ
2344 5183 2445 5253 τῆς
2488 5187 2622 5255 γῆς,
2661 5189 2861 5258 μεστὸν
2910 5193 3114 5263 ἰχθύων
3156 5203 3411 5271 μεγάλων
3441 5210 3643 5265 ἑκατὸν
3673 5233 3813 5271 πεῖν⁴

2219 5279 2649 5419 Ιἓηκοντατριῶν.
2676 5282 2789 5337 Καὶ
2821 5288 3095 5345 τοσούτων
3125 5293 3317 5366 ὄντων,
3351 5303 3452 5359 οὐκ
3486 5304 3712 5380 ἐσχίσθη
3749 5314 3817 5366 τὸ

2284 5384 2467 5419 κτυον.
2506 5387 2527 5419 ι

2284 5384 2467 5424 κτυον.
2506 5387 2527 5421 ι

2303 5461 2493 5566 ῖΈλκει
2541 5462 2640 5535 τὴν
2686 5472 3069 5547 πνευματικὴν
3117 5484 3366 5558 σαγήνην
3395 5489 3424 5542 ὁ
3462 5491 3673 5566 Πέτρος
3714 5503 3816 5559 σὺν

2228 5554 2342 5617 τοῖς
2371 5554 2573 5625 ἄλλοις,
2600 5562 2898 5632 προσάγων
2917 5565 3233 5648 τῷΧριστῷ
3262 5554 3361 5653 τήν
3380 5554 3822 5657 ἄγραν..

574 5726 621 5758 ³¹
649 5721 755 5781 lsa.
778 5742 934 5796 um,
971 5730 1019 5786 l.
1088 5730 1135 5764 ³³
1170 5730 1403 5789 Zachar.
1436 5747 1557 5801 xm,
1586 5733 1641 5790 6.
1708 5736 1754 5771 “
1778 5735 1915 5794 Luc.
1948 5756 2101 5810 xxiv,
2125 5743 2214 5803 39.
