4064 6390
319 323 457 392 1521

1384 329 1847 390 FRAGMENTA
1880 328 1963 390 IN
2002 329 2066 388 S.
2107 327 2481 388 JOANNEM.

3451 323 3588 383 15.22

316 453 409 490 ται
437 436 495 491 δὲ
521 437 569 490 oi
590 436 786 490 ἑκατὸν
816 438 877 491 τὸ
898 438 1004 492 τῶν
1029 438 1201 492 ἐθνῶν
1227 438 1525 510 πλήρωμα,
1561 439 1687 493 οἰδὲ
1722 450 1745 478 ⁸³
1772 457 1882 493 πεν·

2006 438 2321 507 intelligitur
2369 437 2645 506 plenitudo
2695 436 2979 507 gentium;
3029 448 3124 504 per
3170 431 3583 503 quinquaginta,

315 528 589 597 τήκοντα,
623 529 686 582 τὸ
718 530 840 582 κατ’
886 532 1119 602 ἐκλογὴν
1161 532 1223 584 τὸ
1276 530 1295 570 ι’
1338 531 1397 596 ἐξ
1458 532 1679 602 Ἰσραὴλ
1725 531 1898 585 σωθὲν

315 620 475 688 γένος
500 637 516 651 ·
552 621 604 673 οί
631 620 687 674 δὲ
723 624 873 692 τρεῖς
899 663 916 689 ,
944 627 1043 687 τῆς
1072 624 1236 693 ἁγίας
1264 624 1496 695 Τριάδος
1535 623 1629 694 τὴν
1657 623 1898 694 δήλωσιν

317 708 698 779 σημαίνουσιν,
733 704 799 783 ἧς
832 714 914 776 είς
942 713 1098 781 δόξαν
1134 715 1166 785 ή
1196 713 1305 767 τῶν
1337 713 1586 767 ἀπίστων
1621 712 1736 785 ζωὴ
1774 713 1886 769 τῶν

317 800 768 868 σαγηνευθέντων
807 807 1010 858 νοεῖται
1038 804 1512 877 συνεξευγμένως.

386 893 479 957 Τὸ,
509 893 700 959 δεῦτε,
719 896 1138 964 ἀριστεύσατε,
1166 897 1397 969 αίνιγμα
1417 897 1530 970 ἔχει
1554 900 1583 952 6
1604 898 1762 967 λόγος
1780 939 1795 963 ,
1814 897 1899 953 ὅτι

315 986 459 1054 μετὰ
484 986 612 1050 τοὺς
641 989 838 1053 πόνους
863 989 1164 1055 διαδέξεται
1193 993 1320 1056 τοὺς
1360 992 1552 1062 ἁγίους
1586 991 1899 1052 ἀνάπαυσις

310 1079 411 1133 καὶ
444 1080 625 1152 τρυφὴ
655 1081 749 1135 καί
781 1082 1103 1148 ἀπόλαυσις.
1130 1081 1365 1156 [αλιι]

390 1214 412 1248 ι
451 1196 710 1267 Ἔρχεται
738 1196 834 1250 οὖν
859 1200 888 1251 6
923 1198 1133 1270 Ἰησοῦς
1156 1242 1170 1264 ,
1219 1201 1314 1253 καὶ
1347 1199 1617 1270 λαμϐάνει
1647 1199 1760 1270 τδνί
1788 1199 1892 1271 ἄρ-

309 1303 426 1351 τον,
462 1288 556 1340 καὶ
584 1287 804 1341 δίδωσιν
842 1289 1058 1356 αὐτοῖς,
1095 1290 1192 1343 καὶ
1235 1290 1298 1345 τὸ
1334 1289 1565 1361 ὀψάριον
1600 1292 1832 1361 ὁμοίως.
1870 1309 1889 1343 ι

381 1375 496 1429 Οὐκ
525 1374 732 1445 ηὔξατο
770 1377 865 1432 νῦν
898 1379 1041 1433 κλῶν
1060 1380 1154 1437 τὸν
1183 1382 1371 1452 ἄρτον,
1400 1380 1619 1446 δεικνὺς
1645 1382 1729 1437 ὅτι
1761 1398 1897 1452 συγ-

310 1465 674 1530 καταϐἀσεως
703 1464 772 1538 ἦν
799 1469 871 1523 τὰ
906 1469 1103 1541 πρῶτα
1127 1486 1141 1501 ’
1193 1473 1264 1526 τὰ
1295 1472 1620 1544 ἀνθρῴπινα
1657 1473 1715 1527 δὲ
1747 1476 1897 1528 ποιεῖ

310 1554 423 1624 πρὸ
454 1554 550 1607 τοῦ
585 1556 784 1610 παθεῖν
816 1560 863 1611 ε.
902 1560 965 1614 El
988 1560 1046 1613 δὲ
1085 1561 1181 1614 καὶ
1223 1561 1251 1601 h
1280 1563 1309 1615 6
1338 1563 1555 1625 Λουκᾶς
1600 1559 1779 1628 εἶπεν,
1810 1563 1894 1618 ὅτι

310 1644 409 1698 καὶ
440 1645 604 1710 αὐτὸς
633 1646 856 1717 ἔφαγεν,
887 1652 987 1721 οὐχ
1020 1651 1097 1715 ῶς
1129 1651 1210 1706 ἔτι
1239 1653 1340 1723 τῆς
1370 1655 1576 1725 σαρκὸς
1606 1654 1892 1726 δεομένης,

304 1734 448 1803 ἀλλὰ
474 1736 612 1808 πρὸς
641 1738 922 1806 ἀπόδειξιν
970 1744 988 1783 ί
1021 1743 1122 1813 τῆς
1155 1743 1536 1809 ἀναστάσεως.

388 1958 407 1991 ι
438 1940 601 2006 Λέγει
627 1940 777 2012 αὐτῷ
802 1943 862 1996 τὸ
892 1944 1078 2015 τρίτον
1097 1961 1112 1976 ο
1135 1945 1319 2016 Σίμων
1360 1946 1536 2011 Ἰωνᾶ,
1565 1944 1744 2013 φιλεῖς
1771 1960 1840 2014 με
1869 1960 1885 2008 ;

319 2032 596 2104 Ἐλυπήθη
627 2035 658 2088 6
696 2035 932 2106 Πέτρος,
974 2037 1059 2089 ὅτι
1087 2030 1243 2090 εἶπεν
1277 2037 1426 2109 αὐτῷ
1460 2037 1522 2091 τὺ
1552 2039 1754 2109 τρίτον,
1794 2039 1891 2093 Φι-

305 2121 421 2186 λεῖς
444 2140 547 2192 με;
579 2124 674 2177 καί
698 2121 852 2179 εἶπεν
871 2125 1025 2195 αὐτῷ
1050 2143 1064 2157 ·
1098 2127 1294 2196 Κύριε,
1314 2130 1380 2183 σὺ
1408 2130 1587 2182 πάντα
1609 2123 1789 2193 οἶδας·
1824 2130 1888 2183 σὺ

306 2212 601 2280 γινώσκεις
626 2216 709 2268 ὅτι
740 2217 880 2284 φιλῶ
904 2234 984 2270 σε.
1017 2216 1179 2287 Λέγει
1213 2219 1365 2290 αὐτῷ
1384 2222 1412 2274 ό
1452 2220 1683 2291 Ἰησοῦς.
1716 2220 1889 2274 Βόσκε

303 2302 377 2358 τὰ
402 2305 657 2375 πρόϐατά
688 2324 814 2376 μου.
856 2326 876 2360 ι

391 2394 848 2470 Ἀναζωπυρῆσαι
870 2401 1035 2455 αὐτὸν
1066 2400 1392 2472 βουλόμενος
1412 2404 1477 2456 ἐκ
1497 2401 1599 2472 τῆς
1621 2402 1761 2457 κατά
1790 2402 1889 2473 τὴν

302 2488 535 2559 ἁρνησιν
565 2490 861 2562 ῥᾳθυμίας,
887 2493 1070 2564 ἐρωτᾷ
1108 2493 1293 2558 αὐτὸν,
1323 2493 1417 2547 καὶ
1445 2493 1534 2546 διὰ
1570 2493 1674 2546 τῶν
1716 2495 1887 2563 τριῶν

301 2580 656 2650 ἐρωτήσεων.
701 2584 799 2636 καὶ
836 2584 1212 2649 καταθέσεων,
1260 2583 1535 2654 ἐξαλείφει
1588 2584 1691 2648 τὰς
1738 2588 1887 2653 τρεῖς

302 2668 493 2736 φωνὰς
531 2671 630 2741 τῆς
660 2672 977 2742 ἀρνήσεως,
1008 2676 1102 2726 καὶ
1130 2674 1222 2727 διὰ
1267 2675 1442 2742 λόγων
1474 2673 1774 2744 ἐπανορθοῖ
1819 2676 1889 2730 τὰ

300 2759 361 2812 ἂν
393 2757 573 2828 λόγοις
604 2760 875 2829 γενόμενα
909 2763 1253 2832 πταίσματα.
1284 2764 1448 2826 Ἐθος
1485 2763 1542 2816 δὲ
1571 2764 1796 2830 γέγονεν
1822 2767 1888 2819 ἐκ

298 2848 519 2913 τούτου,
552 2852 703 2918 τρεῖς
736 2850 1029 2920 ὁμολογίας
1059 2852 1411 2906 ἀπαιτεῖσθαι
1440 2854 1566 2914 τοὺς
1592 2852 1887 2920 μέλλοντας

302 2937 694 3010 βαπτισθῆναι.

388 3028 600 3101 Ἐρωτᾷ
633 3030 799 3084 αὐτὸν
827 3032 1032 3102 τρίτον,
1063 3032 1161 3102 οὐχ
1210 3034 1285 3095 ὼς
1331 3032 1542 3100 ἀγνοῶν
1580 3032 1738 3104 (πῶς
1776 3036 1889 3107 γὰρ

300 3121 398 3177 καὶ
419 3122 449 3173 6
485 3122 768 3192 προειπὼν
793 3122 888 3176 τοῦ
914 3123 1078 3176 αὑτοῦ
1117 3122 1356 3190 πάθους;
1378 3122 1420 3193 ),
1440 3124 1558 3177 ἀλλ’
1597 3125 1683 3179 ἵνα
1710 3126 1883 3199 δείξῃ,

298 3213 387 3267 ὅτι
444 3212 591 3267 πάνυ
647 3214 803 3283 μέλει
847 3214 999 3285 αὐτῷ
1044 3215 1147 3286 τῆς
1185 3217 1521 3286 προστασίας
1570 3218 1685 3270 τῶν
1718 3218 1884 3273 αὐτοῦ

302 3305 618 3377 προϐάτων,
657 3308 751 3360 καὶ
778 3309 863 3362 ὅτι
896 3309 1040 3363 πάνυ
1071 3308 1232 3363 αὑτὸν
1261 3310 1454 3379 ἠγάπα
1476 3313 1504 3363 6
1528 3310 1755 3383 Πέτρος.

376 3436 395 3468 ι
444 3418 639 3490 Ἀμὴν,
676 3419 825 3489 ἀμὴν
857 3419 1002 3488 λέγω
1031 3437 1111 3474 σοι
1135 3433 1151 3448 ⁶
1179 3421 1268 3474 ὅτε
1297 3416 1365 3491 ἦς
1393 3420 1685 3492 νεώτερος,
1717 3420 1886 3486 ἐζών-

299 3524 427 3571 νυες
465 3509 715 3575 σεαυτὸν,
773 3511 868 3563 καὶ
905 3510 1258 3581 περιεπάτεις
1302 3513 1437 3565 ὅπου
1477 3512 1673 3583 ἤθελες
1697 3527 1714 3544 ο
1754 3514 1885 3567 ὅταν

302 3596 362 3651 δὲ
396 3599 686 3672 γηράσῃς,
718 3602 957 3663 ἐκτενεῖς
993 3600 1094 3663 τὰς
1119 3600 1309 3671 χεῖράς
1341 3618 1435 3653 σου
1461 3642 1475 3664 ,
1510 3602 1605 3654 καὶ
1634 3602 1795 3665 ἄλλος
1823 3620 1883 3656 σε

299 3689 486 3755 (tinet,
517 3694 610 3747 καὶ
633 3693 772 3747 οἴσει
803 3694 937 3747 ὅπου
968 3694 1029 3748 οὑ
1060 3693 1256 3758 θέλεις.
1298 3712 1317 3746 ι

371 3782 545 3836 Τοῦτο
570 3784 663 3837 τὸν
692 3784 781 3837 διὰ
814 3788 1047 3856 σταυροῦ
1073 3785 1304 3840 θάνατον
1340 3786 1615 3858 σημαίνει,
1643 3788 1703 3842 ὃν
1733 3788 1883 3843 ἄκων

298 3872 532 3943 ὑπέστη,
571 3874 621 3927 εί
663 3874 758 3929 καὶ
782 3875 872 3931 διὰ
901 3877 971 3930 τὰ
1003 3875 1339 3947 ἐλπιζόμενα
1367 3877 1510 3932 ἑκὼν
1540 3879 1879 3952 ἐθανατώθη.

299 3966 457 4029 Τινὲς
484 3968 550 4019 ἐκ
572 3966 764 4021 τούτου
792 3968 1053 4040 ᾠήθησαν
1080 3970 1159 4022 ὅτι
1181 3969 1331 4025 ἄκων
1359 3971 1389 4023 6
1415 3970 1622 4042 Πέτρος
1651 3970 1875 4027 ἔπαθεν·

300 4056 363 4108 τὸ
392 4057 451 4110 δὲ
477 4058 576 4127 οὐχ
621 4058 796 4122 οὕτως
841 4059 978 4129 ἔχει,
1010 4058 1125 4113 ἀλλ’
1168 4059 1326 4130 ἤθελε
1371 4059 1471 4130 μὲν
1514 4061 1730 4129 παθεῖν,
1780 4063 1881 4117 οὐκ

298 4147 456 4219 ἤθελε
482 4150 538 4203 δὲ
564 4152 958 4221 σταυρωθῆναι,
986 4153 1073 4205 ἵνα
1099 4154 1176 4223 μὴ
1199 4153 1327 4225 δόξῃ
1356 4153 1511 4222 παρὰ
1532 4156 1648 4218 τοῖς
1671 4155 1872 4210 ἁπλου-

298 4239 515 4310 στέροις
538 4241 636 4313 τῆς
666 4244 838 4314 αὐτῆς
874 4243 953 4314 τῷ
980 4244 1229 4316 Δεσπότῃ
1260 4244 1526 4314 ἠξιῶσθαι
1556 4238 1751 4317 τιμῆς.
1790 4248 1879 4301 Διι-

292 4328 487 4384 δάσκει
515 4331 609 4386 οὖν
643 4333 808 4387 αὐτὸν
843 4333 919 4406 μὴ
946 4334 1347 4405 ταράττεσθαιο
1385 4335 1446 4388 οὗ
1478 4336 1587 4408 γὰρ
1616 4355 1879 4410 προαιρε-

292 4420 446 4476 τικὸν
469 4420 532 4476 τὸ
563 4423 752 4496 σχῆμα
773 4425 867 4478 τοῦ
894 4425 1123 4495 πάθους,
1153 4424 1290 4480 ἀλλα
1328 4427 1434 4481 ὑπὸ
1464 4427 1641 4482 ἄλλων
1668 4429 1876 4499 ἐπαγό·

294 4528 481 4583 μενον.

370 4652 390 4687 ι
426 4636 590 4704 Λέγει
618 4637 768 4709 αὑτῴ
800 4639 829 4690 6
868 4638 1098 4711 Ἰησοῦς·
1146 4640 1272 4694 Ἐὰν
1313 4639 1477 4694 αὐτὸν
1517 4640 1657 4696 θέλω
1692 4644 1878 4714 μένειν

192 4714 207 4721 ’
288 4724 397 4788 ἕως
423 4725 676 4799 ἔρχομαι,
707 4728 760 4781 τί
784 4728 923 4801 πρὸς
962 4728 1052 4794 σὲ;
1080 4730 1143 4783 σὺ
1174 4730 1458 4784 ἀκολούθει
1480 4750 1593 4802 μοι.
1633 4753 1651 4786 ι

272 4838 277 4841 -
362 4817 540 4870 Τοῦτο
581 4815 761 4885 εἶπεν,
799 4820 1250 4890 ἐκκόψαιλθέλων
1277 4823 1378 4891 τὴν
1412 4824 1549 4893 πρὸς
1578 4825 1776 4889 αὐτοὺς
1805 4828 1872 4897 ἢν

289 4903 439 4976 εἶχον
477 4906 709 4981 ἄκαιρον
759 4912 1126 4983 συμπάθειαν.
1174 4914 1238 4967 Ei
1274 4915 1384 4985 γὰρ
1430 4914 1506 4986 μὴ
1542 4916 1870 4986 ἐχωρίζοντο

291 4997 649 5068 ἀλλήλων,τὰ
682 5001 920 5072 μέγιστα
938 4997 1084 5073 εἶχεν
1104 5004 1138 5074 ή
1171 5004 1469 5075 οἰκουμένη
1498 5005 1870 5077 ζημιωθῆναι.

288 5086 410 5144 Οὐκ
445 5084 569 5144 εἷπε
599 5091 679 5161 δὲ,
706 5093 830 5148 οὐκ
868 5092 1207 5165 ἀποθνήσκει
1229 5137 1245 5161 ,
1294 5095 1431 5152 ἀλλὰ
1452 5136 1471 5161 .
1511 5096 1654 5151 Ἐὰν
1681 5099 1869 5155 αὐτὸν

289 5182 444 5238 θέλω
461 5186 672 5254 μένειν
690 5203 704 5219 ο
724 5190 1235 5263 τουτέστιν,Ἔργον
1254 5192 1284 5246 ὃ
1309 5193 1690 5265 ὲνεχειρίσθης
1708 5195 1869 5249 τοῦτο

287 5274 459 5342 ποίει,
486 5277 557 5331 τὰ
591 5281 796 5334 σαυτοῦ.
837 5283 1099 5353 μερίμνα.
1133 5284 1198 5338 Τί
1244 5285 1357 5356 γὰρ
1389 5286 1453 5340 σὺ
1483 5284 1681 5354 θέλεις,
1706 5289 1757 5341 εί
1789 5289 1865 5359 μὴ

291 5363 554 5438 βούλομαι
606 5371 769 5426 αὑτὸν
813 5375 1132 5429 ἀποστεῖλαι
1171 5377 1271 5431 σὺν
1324 5377 1443 5441 σοὶ,
1492 5377 1630 5433 ἀλλὰ
1682 5382 1866 5450 μεῖναι

287 5450 438 5521 ὧδε;

366 5564 387 5600 ι
428 5542 598 5618 Οὗτός
620 5554 738 5607 ἐστι
771 5556 798 5608 6
824 5555 1073 5629 μαθητὴς
1105 5558 1449 5630 δμαρτυρῶν
1482 5561 1607 5630 περὶ
1638 5559 1865 5626 τούτων,

369 5730 397 5765 ε
424 5722 514 5781 Cr.
552 5726 690 5783 οὐδὲ.

2001 528 2234 583 electum
2286 542 2458 595 genus
2508 526 2746 591 lsraelts,
2790 523 2933 595 quod
2979 523 3245 578 salvatum
3301 521 3434 589 fuit;
3488 539 3583 591 per

2004 619 2106 672 tria
2138 617 2395 686 denique,
2451 615 2794 672 sanctissima
2841 612 3086 669 Trinitas
3131 610 3465 676 declaratur,
3527 612 3580 666 in

2000 711 2157 782 cujus
2188 712 2434 782 gloriam,
2466 720 2747 780 captorum
2780 704 3076 761 inﬁdelium
3109 705 3217 760 vita
3248 702 3577 774 conjunctitu

1999 806 2195 861 cedere
2221 803 2562 874 intelligitur.

2069 891 2199 947 [late
2228 891 2411 959 verba,
2445 894 2629 957 venite,
2672 890 2960 961 prandete,
3014 886 3412 959 aenigmaticum
3463 901 3580 942 seu-

1999 1000 2118 1039 sum
2153 985 2353 1039 habent
2382 983 2746 1055 {signiﬁcant
2772 992 2895 1054 post
2926 982 3137 1037 labores
3166 981 3425 1051 quietem,
3452 976 3581 1032 deli-

1998 1076 2113 1132 cias
2140 1085 2195 1132 et
2216 1076 2410 1147 gaudia
2441 1086 2663 1132 sanctos
2687 1090 2935 1132 manere.

2064 1188 2229 1243 Vsus.
2259 1188 2348 1243 l5.
2408 1206 2428 1240 ι
2458 1188 2523 1243 Ει
2553 1190 2701 1243 venit
2728 1187 2908 1254 Iesus,
2957 1196 3016 1244 et
3040 1186 3250 1256 accepit
3280 1197 3500 1255 panem,
3526 1190 3579 1237 et

1998 1280 2091 1334 dat
2119 1280 2225 1347 eis,
2245 1288 2298 1335 et
2326 1280 2530 1349 piscem
2558 1279 2832 1334 similiter.
2865 1298 2888 1332 ι

2063 1368 2183 1425 Non
2210 1369 2385 1426 oravit
2421 1370 2604 1436 modo,
2636 1383 2832 1439 panem
2860 1368 3138 1439 frangens,
3183 1375 3241 1422 ut
3262 1366 3579 1422 ostenderet

1996 1463 2179 1533 priora
2224 1460 2396 1517 fuisse
2447 1460 2859 1531 permissionis;
2912 1476 3011 1531 pro
3060 1460 3339 1517 hominum
3393 1468 3577 1511 autem

1997 1566 2149 1607 more
2196 1554 2309 1621 agit
2363 1561 2490 1606 ante
2544 1552 2870 1623 passionem.
2921 1550 3161 1607 Tametsi
3218 1564 3348 1604 vero
3401 1549 3576 1603 Lucas

1996 1641 2198 1699 dixerit
2222 1656 2347 1697 eum
2378 1656 2595 1713 quoque
2640 1643 2966 1710 comedisse,
2998 1658 3105 1697 non
3141 1649 3321 1695 tamen
3358 1641 3410 1695 id
3440 1640 3577 1693 fecit

1998 1743 2222 1804 propter
2269 1735 2455 1793 carnis
2506 1734 2884 1807 indigentiam,
2931 1736 3027 1791 sed
3073 1734 3140 1789 ad
3188 1732 3571 1789 declarandam

1924 1840 1967 1891 Β
2000 1826 2480 1883 resurrectionem.

2063 1936 2226 1993 Vsus.
2266 1938 2353 1992 ιτ.
2392 1956 2413 1990 ι
2441 1938 2581 1993 Dicit
2606 1938 2655 1993 ei
2689 1938 2892 1993 tertio:
2929 1937 3117 1994 Simon
3148 1937 3396 2003 Joannis,
3424 1950 3576 1993 amas

1992 2030 2130 2082 me?
2184 2029 2553 2084 Cmnristatus
2586 2040 2669 2085 est
2710 2030 2920 2096 Petrus,
2966 2031 3096 2101 quia
3128 2030 3262 2086 dixit
3292 2030 3345 2085 ei
3393 2029 3573 2096 tertio,

1992 2121 2156 2175 Amas
2186 2135 2270 2174 me
2290 2120 2319 2173 ?
2345 2129 2401 2174 et
2430 2121 2566 2174 dixit
2597 2120 2645 2174 ei
2675 2134 2691 2173 :
2741 2121 2990 2185 Domine,
3023 2130 3080 2173 tu
3115 2120 3297 2174 omnia
3329 2120 3478 2174 scis:
3517 2125 3573 2172 tu

1990 2210 2099 2264 scis
2129 2212 2255 2279 quia
2286 2224 2410 2291 amo
2443 2221 2515 2265 te.
2549 2210 2692 2265 Dixit
2724 2211 2816 2267 ei:
2851 2210 3021 2267 Pasce
3054 2225 3182 2267 oves
3221 2226 3391 2265 meas.
3425 2227 3447 2261 ι

2062 2398 2262 2452 Volens
2291 2398 2367 2452 illi
2401 2406 2676 2469 torporem
2722 2400 3026 2470 negationis
3068 2408 3348 2467 excutere,
3393 2401 3572 2455 inter-

1993 2500 2143 2560 rogat
2173 2504 2321 2557 eum,
2373 2500 2426 2544 et
2472 2506 2569 2560 per
2618 2492 2812 2545 trinam
2869 2493 3378 2562 interrogationem,
3408 2501 3574 2562 atque

1992 2577 2157 2631 animi
2185 2578 2595 2645 demissionem,
2647 2580 2844 2633 trinam
2878 2578 3156 2634 oblitterat
3203 2580 3571 2649 negationem,

1990 2678 2047 2725 et
2075 2669 2255 2724 verbis
2300 2670 2554 2725 emendat
2585 2684 2706 2737 quae
2752 2670 2938 2725 verbis
2980 2680 3253 2739 peccat-at.
3308 2670 3443 2725 Hinc
3477 2684 3577 2725 au-

1992 2769 2100 2815 tem
2128 2770 2249 2814 orta
2282 2739 2643 2825 Eousuetudo,
2668 2758 2864 2814 trinam
2896 2775 2925 2814 ιι
2951 2760 3296 2830 baptizandis
3322 2759 3573 2831 exigendi

1992 2850 2415 2908 confessionem.

2061 3027 2368 3099 interrogat
2392 3044 2518 3085 eum
2564 3032 2749 3098 tertio,
2791 3047 2897 3087 non
2944 3042 3007 3089 ut
3046 3032 3306 3102 ignorans
3355 3029 3569 3102 (utpote

1990 3122 2081 3190 qui
2119 3122 2172 3176 id
2204 3132 2331 3177 ante
2376 3123 2686 3194 passionem
2717 3125 3096 3197 praedixerat),
3145 3125 3246 3180 sed
3290 3134 3351 3178 ut
3378 3133 3576 3179 osten-

1991 3216 2085 3269 dat
2108 3214 2212 3269 sibi
2245 3215 2400 3271 valde
2426 3230 2578 3272 cum
2598 3231 2727 3277 esse
2769 3216 2952 3273 ovium
3004 3232 3228 3273 suarum
3278 3216 3572 3286 praefectu-

1990 3320 2129 3372 ram,
2157 3316 2214 3361 et
2238 3307 2493 3375 quoniam
2524 3307 2720 3365 Petrus
2744 3324 2871 3365 eum
2907 3309 3064 3367 valde
3086 3311 3329 3364 amabat.

2054 3416 2218 3475 Vens.
2254 3421 2343 3476 18.
2401 3439 2421 3473 ι
2453 3421 2645 3487 Amen,
2682 3437 2839 3479 amen
2892 3424 3018 3479 dico
3060 3421 3201 3480 tibi:
3255 3438 3377 3479 cum
3424 3436 3576 3495 esses

1978 3506 2184 3575 junior,
2235 3509 2490 3580 cingebas
2543 3519 2621 3576 te,
2674 3520 2726 3566 et
2787 3514 3105 3569 ambulalias
3153 3514 3245 3569 ubi
3307 3514 3567 3570 volebas:

1983 3614 2105 3653 cum
2135 3611 2316 3654 autem
2351 3604 2620 3667 senueris,
2652 3604 2914 3660 extendes
2944 3620 3143 3661 manus
3175 3618 3316 3672 tuas,
3354 3618 3407 3661 et
3432 3607 3575 3662 alius

1986 3690 2038 3743 te
2067 3691 2273 3760 cinget,
2308 3700 2363 3747 et
2388 3692 2550 3747 ducet
2577 3708 2685 3760 quo
2714 3704 2772 3748 tu
2809 3709 2916 3749 non
2950 3697 3050 3751 vis.
3090 3715 3109 3747 ι

2056 3781 2170 3837 Hoc
2191 3784 2375 3839 crucis
2402 3793 2632 3839 mortem
2664 3784 2958 3856 signiﬁcat,
2986 3800 3147 3857 quam
3178 3788 3376 3844 invitus
3404 3790 3568 3845 susti-

1984 3873 2119 3936 nuit,
2153 3875 2363 3929 tametsi
2397 3884 2619 3944 propter
2643 3891 2706 3930 ea
2735 3890 2856 3946 qua:
2895 3876 3153 3945 sperabat
3202 3878 3380 3934 libens
3412 3894 3566 3935 mor-

1984 3974 2109 4020 tuus
2137 3966 2231 4020 sit.
2271 3965 2502 4033 Quidam
2532 3967 2662 4023 hinc
2703 3976 2965 4037 putarunt
2999 3971 3218 4026 Petrum
3250 3971 3415 4026 invite
3447 3987 3573 4041 pas-

1981 4070 2104 4110 sum
2135 4071 2150 4111 :
2195 4066 2573 4113 verumtamen
2629 4073 2737 4114 non
2788 4059 2860 4114 ita
2891 4058 2991 4115 fuit
3021 4078 3036 4127 ;
3089 4061 3183 4117 sed
3218 4061 3299 4117 vel
3331 4063 3569 4117 maxime

1981 4150 2091 4218 pati
2121 4149 2488 4217 desiderabat,
2523 4167 2631 4206 non
2664 4159 2843 4206 tamen
2877 4153 3089 4206 volebat
3122 4153 3387 4223 cruciﬁgi,
3439 4168 3508 4208 ne
3533 4170 3564 4215 a

1980 4241 2408 4313 simplicioribus
2434 4243 2556 4312 pari
2586 4257 2710 4299 cum
2748 4242 2976 4299 Domino
3006 4243 3209 4298 honore
3239 4242 3564 4300 adiceretur.

1983 4335 2249 4390 Securum
2290 4349 2420 4405 ergo
2473 4350 2595 4392 esse
2635 4335 2810 4406 jubet,
2867 4344 2924 4391 ut
2978 4335 3069 4405 qui
3101 4351 3205 4389 non
3242 4335 3344 4390 hoc
3395 4351 3565 4406 genus

1980 4425 2249 4496 passionis
2277 4436 2472 4496 sponte
2500 4438 2601 4483 sua
2637 4425 2939 4498 electurus)
2990 4430 3084 4483 sed
3116 4428 3183 4484 ab
3211 4428 3331 4482 aliis
3368 4444 3434 4484 eo
3478 4429 3565 4484 af-

1903 4530 1947 4587 D
1980 4521 2242 4575 liciendus
2277 4530 2445 4576 esset.

2057 4637 2220 4693 Vsus.
2250 4638 2339 4693 22.
2396 4657 2416 4690 ι
2446 4638 2588 4695 Dicit
2636 4641 2684 4695 ei
2744 4637 2905 4695 Jesus
2946 4657 2959 4694 :
3010 4638 3067 4694 Si
3118 4653 3238 4692 eum
3277 4637 3399 4693 volo
3443 4651 3564 4692 ma-

1983 4746 2114 4785 nere
2144 4731 2317 4786 donec
2348 4731 2587 4798 veniam,
2638 4733 2764 4802 quid
2804 4732 2870 4787 ad
2909 4731 3007 4786 te?
3052 4741 3105 4786 tu
3139 4746 3226 4787 me
3255 4746 3504 4800 sequere.
3541 4750 3559 4783 ι

2048 4818 2163 4874 Hoc
2192 4820 2349 4884 dixit,
2398 4830 2461 4875 ιιι
2493 4820 2959 4890 intempestivam,
2997 4836 3160 4891 quam
3207 4822 3276 4876 ad
3328 4822 3561 4877 invicem

1980 4911 2276 4976 habebant,
2307 4910 2712 4966 condoleutiatn
2734 4914 3108 4968 rescinderet.
3141 4911 3277 4966 Nam
3309 4913 3414 4967 nisi
3443 4928 3471 4964 a
3502 4928 3564 4967 se

1981 5015 2166 5057 mutuo
2199 5001 2428 5057 fuissent
2475 5003 2737 5071 separati,
2788 5004 3086 5058 maximum
3122 5002 3371 5072 profecto
3400 5002 3559 5056 dam-
3653 5059 3656 5062 ,

1981 5110 2107 5146 ιιιιιιι
2159 5103 2303 5150 totus
2350 5094 2504 5150 orbis
2552 5096 2876 5164 accepisset.
2946 5093 3061 5149 Non
3133 5094 3272 5149 dixit
3327 5102 3555 5150 autem:

1981 5185 2097 5241 Non
2138 5186 2390 5255 moritur,
2441 5186 2560 5255 sed,
2596 5185 2663 5242 Si
2698 5203 2818 5242 eum
2867 5186 2981 5243 volo
3026 5203 3265 5251 manere,
3314 5185 3420 5241 hoc
3446 5195 3554 5249 est,

1970 5294 2109 5348 Opus
2139 5279 2285 5349 quod
2316 5280 2555 5351 cmpisti,
2606 5280 2835 5349 perﬁce,
2884 5295 2998 5335 rem
3035 5287 3185 5335 tuam
3217 5290 3371 5334 cura.
3412 5274 3556 5343 Quid

1971 5375 2115 5428 enim
2167 5373 2232 5427 ad
2281 5383 2355 5440 te,
2410 5373 2455 5429 si
2493 5388 2599 5431 non
2637 5372 2764 5429 volo
2792 5388 2916 5428 eum
2954 5380 3133 5428 tecum
3182 5372 3424 5436 mittere,
3456 5370 3561 5426 sed

1970 5465 2059 5521 hic
2095 5480 2314 5520 manere
2338 5466 2362 5520 ?

2040 5558 2202 5616 Vsus.
2236 5560 2325 5616 24.
2388 5581 2407 5615 ι
2435 5561 2536 5618 llic
2584 5572 2665 5618 cst
2697 5560 2992 5634 discipulus
3027 5561 3136 5632 ille,
3172 5562 3266 5637 qui
3305 5558 3562 5619 testimo-

763 5730 779 5768 ί
813 5730 904 5787 Cr.
938 5733 1066 5789 τῶν.
1155 5741 1181 5783 ι
1209 5733 1300 5789 Cr.
1334 5732 1561 5799 πάθους.
1627 5734 1656 5776 h
1690 5732 1783 5788 Cr.
1805 5750 1913 5792 om.
1945 5736 2055 5795 καί.
2136 5739 2153 5780 ί
2198 5736 2288 5795 Cr.
2310 5738 2590 5805 ἐπῖδειξιν.
