4064 6394
540 342 675 408 1523

1629 339 1966 400 ΑΜΜΟΝΙῙ
2008 336 2536 399 ALEXANDRINI

3658 330 3681 395 1
3692 328 3796 396 524

537 457 681 509 nium
720 455 966 526 perbibet
998 457 1062 507 de
1092 453 1199 516 bis,
1236 460 1290 505 ct
1325 452 1551 521 scripsit
1574 452 1729 507 haec:
1785 461 1840 506 et
1887 452 2110 515 scimus,

2221 450 2311 504 καὶ
2345 449 2562 521 γράψας
2591 446 2765 501 ταῦτα
2787 486 2802 515 ,
2836 443 2931 498 καὶ
2955 443 3177 515 οἴδαμεν
3214 442 3295 498 ὅτι
3333 441 3539 515 ἀληθής
3568 440 3717 495 ἐστιν
3759 445 3795 512 ἡ

537 549 660 617 quia
698 562 879 601 verum
916 554 998 600 est
1030 545 1398 600 testimonium
1431 545 1564 613 eius.
1601 564 1621 598 ι

602 637 765 704 Quasi
800 636 1072 691 veraciter
1097 635 1284 691 locuto
1308 635 1410 690 sibi
1444 636 1545 708 ipsi
1579 636 1828 707 perhibet
1864 634 2111 689 testimo-

536 727 684 780 nium
713 725 984 781 veritatis.
1017 722 1226 780 Idcirco
1256 740 1377 779 cum
1411 740 1787 796 smpenumero
1834 725 2114 781 indeliuite

536 817 824 885 semetipse
854 815 1208 884 nominasset,
1235 817 1322 874 hic
1343 831 1402 871 se
1434 815 1721 872 manifesle
1750 819 1926 888 signat
1953 836 1967 873 :
2000 818 2115 888 ipse

535 908 803 979 siquidem
855 918 939 964 est
973 909 1209 979 scriptor
1241 907 1401 979 hujus
1445 909 1741 981 Evangelii.
1790 909 1906 965 Non
1959 925 2112 978 ergo,

538 1014 664 1053 cum
698 1014 726 1052 a
757 998 866 1053 Deo
898 1008 1195 1062 amart-tur,
1230 999 1489 1053 mentitus
1522 998 1726 1063 fuerit;
1760 999 2113 1070 quamobrem

540 1088 709 1143 nolite
737 1087 1004 1143 dubitare.
1048 1085 1161 1141 Non
1208 1087 1350 1141 enim
1404 1089 1577 1159 ipsum
1614 1088 1825 1146 Veritas
1855 1097 2111 1153 amasset,

539 1181 586 1235 si
614 1180 899 1234 veritatem
930 1179 1200 1234 violasset.

606 1270 772 1327 Vens.
801 1271 893 1326 25.
950 1290 969 1323 ι
998 1270 1141 1327 Sunt
1168 1281 1351 1327 autem
1383 1280 1440 1327 et
1477 1271 1579 1326 alia
1616 1271 1807 1339 multa,
1841 1287 1959 1342 qua:
1988 1270 2118 1328 fecit

536 1362 740 1419 Jesus:
789 1377 910 1434 quae
957 1363 1002 1418 si
1055 1363 1367 1418 scribantur
1411 1378 1508 1434 per
1537 1362 1766 1435 singula,
1801 1378 1902 1419 nec
1934 1364 2110 1433 ipsum

538 1455 781 1510 arbitror
812 1454 1074 1509 mundum
1104 1470 1299 1528 capere
1328 1470 1490 1527 posse
1534 1470 1649 1523 eos,
1704 1459 1793 1530 qui
1843 1455 2115 1521 scribendi

546 1555 699 1612 sunt,
732 1544 922 1602 libros.
957 1563 977 1596 ι

607 1636 784 1693 Tanta
814 1645 997 1691 autem
1049 1645 1175 1692 sunt
1207 1636 1349 1692 dicta
1377 1645 1432 1694 et
1464 1637 1604 1695 faeta
1650 1654 1682 1695 a
1717 1637 2021 1705 Salvatore,
2056 1648 2116 1696 ut

538 1727 747 1794 omnia,
784 1726 982 1795 inquit,
1019 1726 1279 1783 libroruin
1310 1729 1695 1795 loculamenta,
1745 1730 1904 1802 plena
1937 1731 2115 1790 futura

539 1827 724 1889 putem
772 1817 929 1874 libris
975 1818 1341 1887 historiarum,
1395 1836 1483 1876 res
1523 1830 1702 1891 gestas
1730 1831 1784 1877 et
1832 1837 2115 1880 sermones

540 1912 756 1968 Domini
785 1912 1213 1989 continentibus,
1247 1915 1292 1969 si
1339 1916 1520 1971 omnia
1568 1919 1687 1985 ejus
1740 1916 1884 1972 dicta
1913 1918 2116 1989 sigilla-

545 2005 638 2060 tim
672 1982 940 2075 quispiam
969 2005 1364 2074 descripsisset.

608 2093 893 2151 Diversum
945 2093 1294 2167 intelligimus
1343 2095 1528 2152 mundi
1581 2111 1818 2155 nomen:
1878 2106 1935 2155 et
1990 2098 2111 2154 ﬁeri

540 2183 736 2255 possit,
769 2192 827 2237 ut
857 2188 1152 2239 secundum
1200 2199 1362 2239 unam
1407 2186 1864 2257 signiﬁcationem
1896 2189 2119 2244 denotet

541 2273 692 2331 verbi
720 2275 1034 2341 veritatem,
1065 2285 1227 2346 atque
1255 2287 1446 2347 arguat
1476 2280 1807 2350 proterviam
1855 2296 2117 2351 quorum-

539 2367 687 2432 dam,
717 2366 1061 2437 impudenter
1107 2367 1372 2424 divinitus
1416 2369 1710 2441 inspiratus
1754 2374 2120 2445 evangelista-

540 2473 661 2514 rum
693 2471 974 2514 sermones
1004 2457 1431 2517 traducentium.

614 2547 730 2605 Non
761 2548 1088 2619 proferenda
1118 2560 1244 2605 sunt
1272 2550 1465 2606 altiora
1503 2568 1665 2621 quam
1696 2569 1818 2624 quas
1855 2555 1909 2609 in
1940 2554 2116 2611 sacris

540 2638 767 2696 Litteris
794 2628 1171 2711 perhibentur,
1201 2650 1389 2712 utpote
1414 2659 1538 2698 cum
1564 2660 1627 2699 ea
1660 2647 1894 2701 mundus
1922 2661 2120 2716 capere

539 2746 650 2787 non
681 2731 878 2799 valeat,
934 2747 1046 2803 prae
1078 2734 1455 2802 magnitudine
1501 2737 1912 2807 mysteriorum.
1966 2737 2119 2805 Quod

540 2821 587 2877 si
623 2821 805 2877 omnia
836 2822 1040 2893 scripta
1073 2835 1283 2890 essent,
1332 2825 1517 2881 nullus
1566 2827 1880 2882 mortalium
1928 2828 2120 2885 Bibliis

538 2913 821 2984 capiendis
845 2912 1155 2971 subiceret:
1187 2916 1388 2973 idcirco
1409 2928 1588 2975 autem
1614 2935 1718 2975 non
1740 2928 1868 2976 sunt
1893 2922 2117 2992 scripta,

538 3018 611 3059 ne
658 3004 972 3061 auditorum
1019 3006 1338 3062 memoriam
1381 3009 1755 3078 excederent;
1806 3011 1850 3065 si
1899 3011 2117 3080 quidem

2218 539 2494 611 μαρτυρία
2522 539 2711 593 αὑτοῦ.
2753 559 2772 592 ι
3516 608 3525 615 Ι

2295 633 2383 696 Ὦς
2414 632 2663 703 ἀψευδῶς
2698 632 2939 703 λαλήσας
2980 631 3163 704 ἑαυτῷ
3206 630 3481 702 μαρτυρεῖ
3512 628 3611 697 τὴν
3657 626 3795 698 ἀλή-

2216 724 2392 779 θειαν.
2441 723 2533 778 Διδ
2570 727 2630 780 ὲν
2674 725 2893 789 πολλοῖς
2933 726 3203 797 ἀορίστως
3255 722 3449 776 ἑαυτὸν
3486 720 3792 789 ὀνομάσας,

2215 811 2319 874 ὧδε
2361 817 2615 890 φανερῶς
2656 818 2915 889 σημαίνει
2948 817 3142 871 ἑαυτόν
3167 832 3181 846 ⁶
3239 814 3402 878 αὐτὸς
3432 813 3542 883 γάρ
3577 814 3727 866 ἐστιν
3767 813 3797 865 ό

2215 910 2435 981 γράψας
2465 911 2527 964 τδ
2554 910 2910 978 Εὑαγγέλιον.
2947 910 3062 962 Οὐκ
3091 908 3157 962 ἂν
3198 907 3305 961 ὑπὸ
3328 905 3465 959 Θεοῦ
3493 904 3798 975 ἀγαπώμε-

2216 1017 2327 1063 νος,
2365 997 2479 1070 εἶχε
2506 998 2854 1069 ψεύσασθαι,
2883 998 2963 1053 διδ
3011 998 3086 1069 μὴ
3110 996 3439 1065 ὲνδοιάσητε.
3470 997 3545 1049 Οὐ
3581 996 3690 1067 γὰρ
3730 996 3799 1050 ἂν

2217 1092 2378 1146 αὑτὸν
2415 1092 2709 1164 ἠγάπησεν
2746 1094 2781 1166 ἡ
2825 1089 3056 1163 ἀλήθεια
3078 1130 3095 1157 ,
3130 1087 3481 1161 παραλύοντα
3530 1088 3628 1160 τὴν
3662 1089 3800 1160 ἀλή-

2218 1184 2390 1239 θειαν.

2293 1294 2312 1328 ι
2354 1275 2513 1331 Ἐστι
2542 1276 2600 1331 δὲ
2625 1274 2721 1330 καὶ
2745 1275 2881 1332 ἄλλα
2909 1275 3081 1329 πολλὰ
3101 1277 3203 1330 ὅσα
3225 1274 3481 1347 ἐποίησεν
3500 1276 3529 1327 ὁ
3565 1271 3795 1343 Ἰησοῦς,

2217 1372 2376 1426 ἆτινα
2407 1369 2502 1423 ἐὰν
2538 1369 2823 1441 γράφηται
2862 1368 2986 1422 καθ’
3032 1368 3115 1433 ἓν,
3156 1367 3279 1422 οὐδὲ
3322 1366 3485 1421 αὐτὸν
3522 1365 3676 1438 οἶμαι
3705 1365 3799 1421 τόν

2219 1462 2423 1535 κόσμον
2447 1462 2696 1535 χωρῆσαι
2716 1462 2785 1515 τά
2812 1460 3140 1532 γραφόμενα
3173 1458 3373 1531 βιϐλία.
3406 1477 3425 1512 s

2288 1641 2543 1699 Τοσαῦτα
2578 1642 2636 1698 δέ
2687 1644 2804 1697 ἐστι
2849 1641 2919 1696 τὰ
2951 1641 3224 1713 γενόμενα
3248 1640 3344 1694 καὶ
3380 1637 3653 1711 εἰρημένα
3690 1637 3796 1691 uno

2218 1734 2313 1789 τοῦ
2337 1736 2614 1805 Σωτῆρος,
2647 1733 2789 1788 ὥστε
2815 1735 2997 1787 πάντα
3025 1732 3474 1803 βιόλιοφυλάκεια
3496 1730 3680 1801 πλήρη
3704 1729 3793 1794 ἂν,

2220 1830 2410 1899 φησὶν,
2446 1821 2603 1898 οἴμαι
2652 1825 2911 1895 γενέσθαι
2965 1824 3220 1895 βιϐλίων,
3264 1824 3361 1887 τὰς
3408 1821 3653 1893 ἱστορίας
3702 1818 3801 1874 τοῦ

2218 1920 2429 1991 Κυρίου
2463 1917 2826 1990 περιεχούσας
2845 1918 2864 1937 ¹
2897 1917 3077 1989 ἔργων
3115 1916 3209 1969 καὶ
3243 1915 3352 1968 τῶν
3384 1902 3471 1967 ἐπ’
3496 1914 3677 1975 αὐτοῖς
3707 1910 3802 1964 λό-

2219 2027 2358 2080 γων,
2391 2010 2441 2062 εί
2472 2008 2594 2064 καθ’
2627 2008 2861 2061 ἕκαστόν
2892 2024 2977 2069 τις
3009 2006 3189 2061 πάντα
3221 2004 3402 2077 μέλλει
3441 2004 3798 2074 συγγράφειν.

2291 2101 2559 2172 Διάφορον
2578 2100 2808 2170 νοοῦμεν
2834 2098 2896 2152 τὸ
2921 2096 3015 2151 τοῦ
3048 2097 3254 2166 κόσμου
3281 2096 3454 2166 ὄνομα
3478 2112 3493 2127 ·
3521 2094 3619 2147 καὶ
3640 2093 3804 2146 δυνα-

2218 2195 2312 2249 τὸν
2342 2192 2485 2247 κατὰ
2519 2192 2652 2263 μίαν
2682 2190 2960 2260 σημασίαν
2987 2186 3340 2260 παραστῆσαι
3368 2186 3428 2239 τὸ
3453 2183 3685 2255 ἀψευδὲς
3704 2182 3803 2236 τοῦ

2218 2286 2379 2356 λόγου
2405 2327 2419 2349 ,
2463 2283 2560 2337 καὶ
2605 2281 2822 2351 ἐλέγξαι
2870 2282 2969 2350 τὴν
3007 2279 3344 2352 προπέτειαν
3372 2276 3483 2331 τῶν
3524 2274 3802 2336 ἀσυνέτως

2216 2374 2584 2447 διασυρόντων
2622 2374 2750 2438 τοὺς
2787 2369 3183 2435 θεοπνεύστους
3235 2368 3347 2424 τῶν
3389 2363 3800 2437 εὐαγγελιστῶν

2217 2468 2434 2537 λόγους.

2289 2558 2662 2632 Παραιτητέον
2694 2557 2875 2612 λαλεῖν
2920 2555 2987 2610 τά
3039 2553 3328 2626 κρείττονα
3379 2551 3564 2620 πάσης
3601 2548 3700 2617 τῆς
3743 2548 3805 2600 ὲν

2219 2654 2437 2716 Βίϐλοις
2461 2652 2699 2721 γραφῆς,
2739 2651 2885 2720 ἅπερ
2910 2648 3036 2702 οὔτε
3071 2646 3235 2709 αὐτὸς
3263 2646 3292 2698 ὁ
3316 2643 3523 2715 κόσμος
3549 2640 3805 2713 χωρῆσαι

2217 2744 2465 2807 δύναται,
2514 2741 2601 2796 διὰ
2635 2742 2867 2812 μέγεθος
2895 2738 3297 2809 θεωρημάτων.
3336 2736 3399 2789 Et
3429 2734 3609 2789 πάντα
3636 2731 3807 2801 ἐγρά-

2224 2852 2378 2906 φετο,
2410 2834 2590 2897 οὐδεὶς
2620 2833 2929 2905 ἀνθρώπιον
2957 2832 3117 2903 ἢρκει
3148 2829 3285 2901 πρὸς
3312 2828 3410 2898 τὴν
3435 2826 3545 2880 τῶν
3580 2824 3807 2895 βιϐλίων

2219 2926 2455 2996 κτῆσιν
2492 2925 2581 2979 διὰ
2622 2925 2782 2979 τοῦτο
2819 2925 2922 2979 οὐκ
2948 2924 3187 2995 ἐγράφη,
3221 2922 3309 2975 ἴνα
3336 2921 3412 2991 μὴ
3450 2918 3666 2988 ὑπερϐῇ
3705 2913 3808 2987 τὴν

2222 3017 2445 3087 μνήμην
2475 3017 2586 3069 τῶν
2616 3015 2942 3069 ἀκουόντων.
2975 3016 3134 3067 Ἤτοι
3183 3013 3401 3083 ἐγράφη
3436 3009 3636 3073 πάντα,
3671 3008 3810 3061 ἀνα-

538 3098 726 3153 omnia
774 3100 981 3169 scripto
1013 3101 1209 3156 tradita
1254 3111 1461 3168 essent,
1515 3102 1941 3160 innumerabiles
1994 3103 2114 3158 libri

2225 3104 2471 3176 ρίθμητα
2498 3103 2735 3175 ἤμελλον
2761 3098 2987 3156 εἶναιτὰ
3016 3100 3216 3172 suam,
3250 3101 3346 3154 ml.
3377 3098 3554 3160 οὐδεὶς
3575 3096 3811 3165 ἠδύνατο

540 3188 738 3256 forent,
771 3197 824 3244 et
855 3203 1017 3245 nemo
1045 3204 1235 3246 omnes
1265 3205 1426 3248 nosse
1455 3194 1742 3263 potuisset.
1791 3192 2005 3249 Etenim
2067 3194 2114 3250 si

539 3279 665 3349 quis
696 3293 879 3334 rerum
902 3279 1033 3335 velit
1060 3291 1336 3350 gestarum
1370 3297 1646 3353 exponere
1671 3283 2119 3355 magnitudinem,

540 3383 886 3440 nequaquam
931 3371 1110 3442 capiet
1155 3373 1409 3439 mundus,
1444 3390 1546 3432 nec
1578 3376 1849 3431 humanus
1881 3374 2117 3430 auditus.

541 3461 778 3528 Quidam
834 3463 1002 3519 etiam
1058 3464 1266 3533 dicunt,
1320 3467 1659 3523 saeculariter
1710 3466 1957 3522 viventes
2009 3480 2116 3521 non

542 3565 705 3622 posse
750 3550 935 3611 divina
990 3552 1143 3624 signa
1190 3554 1520 3627 intelligere,
1566 3554 1721 3623 juxta
1771 3553 1913 3623 quod
1964 3554 2120 3611 initio

540 3643 750 3699 dictum
809 3654 948 3703 est:
1023 3645 1093 3705 Et
1145 3648 1376 3705 mundus
1431 3661 1552 3701 eum
1618 3660 1722 3699 non
1782 3644 2116 3715 cognovit”.

543 3735 1011 3808 Quemadmodum
1072 3752 1292 3809 quoque
1346 3738 1461 3807 ipse
1504 3734 1766 3795 Dominus
1815 3736 1932 3793 ait:
1993 3734 2120 3795 Non

541 3844 719 3884 outnes
750 3832 964 3900 capiunt
999 3831 1211 3886 verbum
1243 3830 1340 3885 hoc
1362 3830 1427 3887 ".

2223 3196 2400 3249 πάντα
2433 3195 2659 3264 γνῶναι·
2708 3195 2848 3264 ἦτοι,
2883 3193 2979 3247 ἐὰν
3026 3192 3157 3263 θέλῃ
3201 3208 3285 3254 τις
3325 3190 3387 3243 τὸ
3414 3186 3651 3257 μέγεθος
3697 3185 3810 3239 τῶν

2225 3285 2532 3354 γεγονότων
2576 3287 2927 3356 παραστῆσαι
2949 3323 2965 3347 ,
3013 3284 3073 3336 οὺ
3108 3283 3279 3352 χωρεῖ
3315 3280 3457 3334 αὐτὰ
3505 3279 3536 3331 ό
3574 3277 3804 3346 κόσμος,

2226 3374 2351 3433 οὔτε
2382 3378 2415 3448 ἡ
2458 3376 2776 3448 ἀνθρωπίνη
2815 3378 2976 3448 ἀκοή.
3012 3376 3169 3439 Τινὲς
3199 3375 3473 3444 λέγουσιν,
3509 3373 3595 3425 ὅτι
3631 3370 3680 3423 oi
3715 3385 3807 3421 κο-

2228 3468 2444 3539 σμικῶς
2478 3468 2682 3534 ζῶντες
2708 3470 2770 3522 οὐ
2792 3469 3031 3540 χωροῦσι
3060 3467 3159 3531 τὰς
3188 3466 3521 3538 θεοσημείας
3547 3464 3801 3525 ἀκοῦσαι,

2225 3560 2369 3614 κατὰ
2395 3559 2456 3615 τὸ
2497 3560 2556 3613 ὲν
2588 3561 2733 3632 ἀρχῇ
2765 3558 3056 3631 εἰρημένον
3085 3564 3100 3579 ⁸
3135 3557 3246 3613 Kal
3284 3560 3317 3612 ό
3353 3559 3583 3626 κόσμος
3617 3554 3810 3609 αὐτὸν·

2225 3652 2340 3705 οὐκ
2383 3648 2573 3720 ἔγνω·
2608 3651 2684 3714 ὡς
2727 3649 2824 3703 καὶ
2866 3648 3025 3712 αὐτὸς
3065 3648 3094 3700 ό
3132 3647 3336 3718 Κύριος
3374 3641 3551 3708 εἶπεν,
3592 3646 3674 3699 ὅτι
3722 3643 3809 3697 οὐ

2226 3740 2449 3807 πάντες
2469 3739 2731 3810 χωροῦσι
2758 3737 2867 3794 τὸν
2892 3737 3079 3811 λόγον
3098 3735 3333 3791 τοῦτον.

2886 4014 3804 4044 Μ

1032 4114 1757 4281 FRAGMENTA
1832 4192 1954 4281 IN
2030 4188 2319 4297 ACTA
2392 4181 3328 4279 APOSTOLORUM.

786 4389 1053 4452 (Excerpta
1087 4398 1117 4436 e
1148 4389 1321 4437 catena
1352 4386 1401 4436 in
1431 4384 1552 4438 Acta
1577 4382 1916 4451 apostolorum
1941 4397 2086 4446 quam
2111 4395 2141 4435 e
2164 4385 2284 4437 Cod.
2319 4384 2444 4436 Nov.
2466 4383 2591 4435 Coll.
2613 4376 2877 4441 descripsit
2899 4384 2953 4429 et
2984 4377 3144 4430 edidit
3162 4378 3209 4428 J.
3243 4374 3308 4427 Δ.
3330 4373 3572 4435 Cramer.)

1081 4687 1310 4746 CAPUT
1373 4684 1670 4742 PRIMUM.

623 4807 788 4863 Vsus.
829 4803 918 4862 12.
977 4821 997 4855 ι
1028 4797 1180 4858 Tunc
1230 4798 1437 4857 reversi
1487 4810 1615 4855 sunt
1662 4797 2053 4868 Jerosolymam
2093 4811 2123 4853 a

550 4910 737 4955 monte
763 4896 856 4967 qui
877 4902 1104 4950 vocatur
1126 4891 1348 4958 Oliveti,
1381 4890 1475 4962 qui
1509 4899 1593 4946 est
1612 4889 1769 4960 juxta
1796 4887 2125 4954 Jerusalem,

552 4989 773 5047 Subbati
797 4987 1002 5042 habens
1032 4986 1155 5042 iter.
1182 5002 1203 5038 ι

617 5081 784 5137 Forte
812 5087 1020 5148 septem
1048 5077 1221 5133 stadia
1244 5076 1396 5143 dicit,
1414 5075 1615 5148 quibus
1636 5074 1875 5131 distabat
1896 5075 1965 5129 ab
1993 5074 2128 5130 urbe

547 5173 850 5230 Jerusalem
897 5186 1053 5229 mons
1076 5169 1376 5240 Olivarum,
1394 5183 1503 5226 non
1528 5182 1659 5223 sane
1682 5177 1890 5239 septem
1913 5166 2123 5223 dierum

2637 4679 3036 4736 ΚΕΦΑΛΑΙΟΝ
3089 4674 3362 4732 ΠΡΩΤΟΝ
3368 4715 3415 4731 .-

2312 4827 2330 4858 ι
2373 4807 2507 4861 Τότε
2557 4799 2904 4873 ὑπέστρεψαν
2946 4799 3026 4861 τίς
3084 4793 3441 4869 Ἰερουσαλὴμ
3484 4791 3593 4847 ἀπὸ
3650 4790 3815 4860 ὅρους

2229 4898 2326 4951 τοῦ
2348 4895 2685 4967 καλουμένου
2718 4888 3072 4957 Ἐλαιῶνος,ὃ
3088 4888 3236 4942 ἐστιν
3254 4886 3423 4956 ἐγγὺς
3452 4880 3815 4954 Ἰερουσαλὴμ

2230 4990 2510 5045 Σαόὁάτου
2540 4987 2662 5059 ἔχον
2687 4985 2825 5040 ὁδόν.
2858 5003 2879 5037 ι
3336 4984 3341 4990 ’

2215 5100 2221 5106 ’
2302 5083 2458 5153 Τάχα
2494 5079 2634 5134 ἑπτά
2657 5077 2904 5142 σταδίους
2932 5074 3102 5144 λέγει,
3130 5074 3213 5127 ὅτι
3247 5072 3441 5141 ἀπεῖχε
3470 5070 3570 5142 τῆς
3601 5066 3815 5129 πόλεως

2244 5172 2603 5246 Ἰερουσαλὴμ
2645 5168 2709 5224 τὺ
2747 5170 2875 5241 ὅρος
2923 5165 3032 5220 τῶν
3092 5161 3338 5228 Ἐλαιῶν,
3389 5162 3451 5215 οὐ
3508 5160 3615 5232 μὴν
3668 5155 3815 5211 ἑπτὰ

548 5265 714 5330 viam,
744 5261 1176 5334 quandoquidem
1208 5254 1348 5318 intra
1380 5260 1495 5318 fere
1534 5259 1727 5317 horam
1759 5275 1920 5314 uuam
1951 5268 2117 5330 potest

2233 5264 2458 5336 ἡμερῶν
2486 5263 2625 5327 ὁδὸν,
2659 5263 2793 5316 ὅπου
2822 5258 3009 5330 σχεδὸν
3044 5258 3124 5320 εἰς
3150 5256 3281 5327 μίαν
3305 5254 3452 5326 ὥραν
3477 5249 3701 5307 δύναταί
3725 5265 3815 5313 τις

549 5358 748 5428 aliquis
768 5371 798 5411 a
820 5363 1003 5411 monte
1026 5357 1079 5411 in
1101 5353 1402 5411 Jerusalem
1425 5353 1774 5411 descendere.
1801 5352 1973 5408 Distat
1997 5366 2128 5423 ergo

2233 5358 2345 5413 ἀπὸ
2379 5357 2475 5413 τοῦ
2522 5356 2686 5426 ὅρους
2722 5352 3006 5409 κατελθεῖν
3037 5352 3118 5415 εἰς
3155 5348 3532 5421 Ἰερουσαλήμ.
3587 5343 3813 5414 Ἀπέχει

550 5449 705 5518 quasi
729 5447 981 5504 miliiario
1003 5464 1112 5504 uno
1134 5448 1278 5519 quod
1302 5448 1602 5504 stadiorum
1630 5456 1837 5515 septem
1855 5446 2016 5513 dicit;
2050 5447 2117 5502 sit

2234 5445 2331 5504 οὖν
2360 5449 2437 5514 ὡς
2478 5448 2652 5519 μίλιον
2695 5447 2772 5513 ἓν,
2806 5445 2835 5499 ὃ
2872 5445 3018 5500 ποιεῖ
3049 5442 3298 5506 σταδίους
3337 5440 3513 5495 ἑπτά·
3557 5437 3676 5509 ἦτοι
3716 5450 3813 5489 τοσ-

550 5551 709 5597 extra
762 5554 948 5597 muros
996 5548 1148 5596 tanto
1190 5537 1428 5594 distabat
1477 5538 1765 5593 intervallo
1797 5547 2001 5608 quanto
2026 5536 2128 5593 Ju-

632 5655 677 5688 ³³
703 5654 859 5711 Joan.
883 5668 924 5718 ι,
954 5653 1040 5708 10.
1100 5651 1148 5683 ³⁸
1174 5649 1365 5705 Matth.
1444 5664 1561 5713 xu,
1590 5647 1679 5701 ii.

648 5777 667 5796 '
695 5772 837 5847 Lege
865 5773 1243 5845 περιεχόντων,
1270 5780 1326 5826 οι
1351 5785 1472 5827 mox
1509 5767 1707 5842 μέλλοι.
1743 5765 1898 5824 Eutr.
1943 5769 1945 5772 ⁴

2239 5541 2428 5595 σοῦτον
2459 5541 2682 5610 ἀπεῖχεν
2710 5538 2816 5607 ἔξω
2844 5536 2954 5592 τῶν
2985 5533 3179 5606 τειχῶν
3206 5533 3505 5605 διάστημα,
3535 5524 3658 5584 ὅσον
3684 5524 3815 5598 ἐξῆν
