4064 6470
362 342 509 408 1525

1284 337 1757 402 FRAGMENTA
1802 335 1886 397 1N
1925 333 2116 396 ACTA
2153 317 2739 399 APOSTOLORUM.

3519 321 3653 388 {53.6

372 456 621 529 Ἰουδαίῳ
646 456 705 510 ὲν
732 455 998 526 Σαδὸἀτῳ
1029 455 1379 526 περιπατεῖν,
1411 452 1550 525 πρὸς
1576 451 1640 505 τὺ
1664 448 1945 519 ἀδολεσχῆ-

2065 445 2196 502 datis
2238 445 2435 501 licebat
2480 444 2719 499 Sabbato
2779 440 3104 508 ambulare,
3150 441 3220 495 ad
3271 438 3648 497 ollertandmn

359 552 461 603 σαι
490 548 696 603 ὡσανεὶ
723 546 1087 603 διακινοῦντα.

977 659 1232 715 ΚΕΦΑΛ.
1267 655 1343 714 Β⁵.

442 800 462 833 ε
504 779 614 835 Καὶ
648 778 718 833 τὰ
748 777 1004 851 κτήματα
1034 778 1130 831 καὶ
1161 777 1262 839 τὰς
1293 775 1559 846 ὑπάρξεις
1592 773 1958 845 ἐπίπρασκον,

357 873 465 926 καὶ
508 868 823 943 διεμέριζον
871 870 1016 923 αὐτὰ
1060 869 1228 935 πᾶσι,
1281 867 1472 922 καθότι
1527 865 1594 920 ἄν
1629 883 1715 930 τις
1769 865 1962 938 χρείαν

354 961 503 1019 εἴγε.
538 982 556 1016 ι

416 984 430 996 ι
456 984 503 1019 ε.
538 984 556 1016 ι
884 987 899 1001 ι

416 984 801 1127 gustatio-raw,
840 1056 923 1110 δτι
951 1056 1027 1120 ὡς
1064 1055 1158 1109 ἐπὶ
1200 1055 1328 1126 μιᾶς
1368 1053 1548 1125 ψυχῆς
1585 1052 1682 1107 καὶ
1711 1052 1806 1105 ἐπὶ
1842 1051 1962 1115 ὲνδς

356 1150 645 1221 σώματος,
674 1149 819 1204 οῦτω
856 1149 941 1203 δεῖ
969 1150 1188 1221 φρονεῖν
1219 1147 1350 1220 περὶ
1380 1146 1583 1210 παντὸς
1608 1142 1836 1199 πιστοῦ’
1865 1145 1961 1199 καὶ

353 1244 386 1295 ὁ
437 1243 537 1313 τῆς
599 1242 930 1314 Ἑκκλησίας
980 1242 1181 1313 θεσμὸς
1225 1240 1407 1296 κοινὸν
1463 1238 1579 1311 βίον
1623 1237 1770 1293 ϐέλει
1813 1236 1960 1309 ἔχειν

356 1335 614 1400 ἅπαντας
643 1335 766 1408 μεθ’
800 1336 1030 1390 ἑαυτῶν.

324 1416 327 1419 ’
999 1447 1253 1504 Imma.
1281 1447 1356 1502 r'.

437 1579 458 1614 ι
492 1561 720 1629 Ἄνδρες
756 1561 1110 1634 Ἰσραηλῖται,
1135 1561 1190 1616 τί
1220 1560 1532 1634 θαυμάζετε
1561 1560 1653 1615 ἐπὶ
1682 1559 1891 1632 enimp;
1933 1579 1953 1613 ι

429 1739 780 1811 Σημειωτέον
818 1742 901 1796 ὅτι
931 1742 1036 1796 κᾶν
1069 1742 1274 1813 σημεϊά
1300 1759 1386 1807 τις
1424 1744 1578 1814 ποιῇ,
1609 1742 1717 1798 οὐκ
1750 1742 1957 1814 ὀφείλει

349 1832 714 1905 ἐπαίρεσθαι.

437 1945 459 1978 ι
498 1927 612 1980 Καὶ
640 1927 674 1997 ή
704 1926 890 1991 πίστις
922 1927 956 1998 ἡ
982 1927 1050 1981 δι’
1079 1926 1247 1980 αὐτοῦ
1277 1927 1476 1983 ἔδωκεν
1515 1927 1673 2000 αὐτῷ
1695 1928 1794 2001 τὴν
1833 1928 1952 1984 ὀλο-

350 2017 595 2090 κληρίαν
632 2017 840 2090 ταύτην
867 2018 1128 2074 ἀπέναντι
1164 2019 1383 2074 πάντων
1410 2020 1589 2092 ὑμῶν.
1631 2039 1650 2072 ι

426 2190 540 2246 Καὶ
577 2190 615 2259 ἡ
652 2190 857 2258 πίστις
900 2193 939 2262 ἠ
977 2191 1053 2245 δι’
1086 2193 1275 2247 αὑτοῦ
1296 2210 1310 2224 ·
1344 2193 1425 2246 ὅτι
1457 2192 1546 2247 διὰ
1588 2192 1823 2257 πίστεως
1852 2194 1953 2265 τῆς

348 2282 437 2345 εἰς
468 2283 706 2354 Χριστὸν
736 2282 1020 2354 ὑγιάζεται
1060 2303 1180 2350 τις⁸
1226 2286 1308 2339 δεῖ
1349 2281 1444 2340 οὖν
1487 2285 1815 2357 ἀμφοτέρων
1852 2286 1953 2355 τὴν

347 2373 544 2428 πίστιν
594 2375 956 2448 συνδραμεῖν,
1006 2378 1104 2432 καὶ
1160 2377 1257 2432 τοῦ
1296 2377 1663 2448 ὑγιαζομένου
1712 2378 1807 2430 καὶ
1856 2377 1952 2430 τοῦ

348 2467 832 2539 ὑπερευχομένου·
868 2470 1057 2541 ὅμοιον
1100 2470 1197 2525 ἐπὶ
1227 2468 1324 2524 τοῦ
1372 2467 1684 2541 παραλύτου
1730 2469 1953 2541 καὶτῆς

346 2561 783 2634 αίμορῤοούσης.

965 2675 1226 2731 ΚΕΦΑΛ.
1258 2677 1334 2732 Ε’.

430 2807 449 2838 ι
496 2786 659 2857 Ἀνὴρ
687 2786 748 2839 δέ
787 2803 872 2850 τις
909 2787 1137 2859 ὀνόματι
1188 2787 1469 2854 Ἀνανίας,
1518 2790 1616 2843 σὺν
1659 2791 1952 2861 Σαπφείρα

344 2880 421 2948 τῇ
455 2878 679 2944 γυναικὶ
708 2877 905 2943 αὑτοῦ,
931 2879 1187 2952 ὲπώλησε
1228 2881 1445 2953 κτῆμα,
1491 2881 1586 2934 καὶ
1631 2883 1952 2952 ἐνοσφῖσατο

346 2967 462 3021 ἀπὸ
498 2968 598 3039 τῆς
626 2970 815 3042 τιμῆς.
845 2988 866 3022 r

424 3058 490 3112 Εί
515 3060 681 3131 μέρος
709 3062 977 3134 ἀργυρίου
1001 3075 1029 3104 ι
1064 3066 1533 3139 σφετερισάμενος
1557 3068 1621 3122 ὲκ
1642 3068 1752 3124 τῶν
1777 3069 1944 3136 ἰδίων,

2066 540 2222 611 quasi
2255 548 2584 597 moventem.

2726 647 2879 704 CAP.
2919 645 2986 702 ll.

2134 765 2297 820 Vens.
2348 765 2438 820 45.
2498 783 2516 816 ι
2551 763 2934 819 Possessiones
2977 769 3032 817 ct
3073 758 3406 815 substantias
3452 757 3655 811 vende-

2063 859 2232 924 bant,
2296 867 2353 914 ct
2405 856 2721 911 dividebant
2778 854 2867 909 illa
2923 853 3173 910 omnibus
3236 858 3398 923 prout
3452 849 3654 919 cuique

2061 964 2199 1017 opus
2227 959 2366 1005 erat.
2400 968 2418 1002 ι

2134 1042 2442 1098 Notandum
2484 1041 2631 1113 quod
2658 1041 2812 1108 quasi
2860 1040 2928 1096 de
2976 1055 3083 1095 nna
3117 1038 3297 1093 anima
3342 1044 3398 1090 et
3437 1035 3503 1090 de
3543 1049 3654 1090 uno

2064 1152 2295 1207 corpore
2323 1137 2402 1192 sic
2429 1144 2648 1207 oportet
2693 1134 2938 1206 cogitare
2972 1136 3041 1190 de
3080 1132 3228 1189 omni
3258 1130 3441 1197 ﬁdeli;
3474 1137 3527 1183 et
3549 1129 3653 1183 Ee-

2061 1228 2242 1284 clesize
2278 1227 2360 1283 lex
2392 1228 2506 1282 vult
2542 1235 2601 1282 ut
2626 1240 2817 1282 omnes
2851 1236 3195 1281 comnnmem
3225 1222 3369 1276 inter
3413 1233 3473 1274 se
3514 1216 3657 1273 invi-

2063 1335 2179 1378 cem
2208 1328 2374 1393 agant
2401 1319 2591 1378 vitam.

2705 1429 2865 1488 CAP.
2911 1429 3000 1484 Ili.

2132 1548 2299 1605 Vens.
2331 1520 2445 1602 η.
2485 1545 2525 1598 ἰ
2559 1542 2673 1600 Viri
2723 1542 2987 1600 lsraelitae
3013 1580 3030 1609 ,
3074 1538 3204 1612 quid
3270 1534 3546 1593 miramini
3592 1531 3647 1589 in

2062 1642 2441 1792 llolciiit’andum
2464 1732 2610 1806 quod
2637 1729 2742 1788 etsi
2770 1729 2926 1800 signa
2950 1727 3073 1798 quis
3105 1725 3295 1793 faciat,
3326 1722 3644 1794 superbien-

1985 1817 2031 1878 Β
2060 1830 2188 1885 dum
2223 1843 2328 1882 non
2355 1836 2460 1884 est.

2129 1918 2295 1974 Vens.
2326 1918 2414 1974 16.
2444 1938 2463 1971 ι
2497 1918 2562 1972 Et
2591 1918 2746 1981 ﬁdes,
2774 1930 2896 1986 quae
2921 1929 3019 1985 per
3048 1928 3173 1971 eum
3201 1920 3307 1976 est,
3337 1907 3483 1965 dedit
3507 1899 3650 1962 inle-

2056 2027 2211 2083 gram
2256 2010 2567 2067 sanitatem.
2600 2014 2760 2067 istam
2806 2010 2861 2064 in
2913 2016 3208 2077 conspectu
3257 2002 3502 2059 omnium
3554 2014 3649 2054 ve-

2054 2115 2254 2162 ΒῑΓΙΙΙΙὶ.

2130 2197 2196 2251 Et
2227 2196 2362 2267 ﬁdes
2385 2214 2503 2265 qua:
2531 2213 2624 2267 per
2645 2212 2764 2252 eum
2790 2205 2864 2251 est
2890 2210 2909 2251 :
2939 2192 3066 2263 quia
3100 2204 3198 2262 per
3220 2188 3380 2243 ﬁdem
3408 2199 3529 2256 quae
3554 2197 3650 2254 per

2055 2289 2338 2346 Christum
2380 2301 2466 2346 est
2510 2299 2737 2346 sanatur
2773 2287 2970 2356 aliquis
3000 2290 3255 2355 :oporlct
3287 2293 3421 2349 ergo
3448 2285 3506 2330 ut
3531 2290 3651 2328 am-

2057 2385 2247 2440 borum
2282 2384 2416 2440 fides
2455 2392 2767 2449 concurrat,
2817 2390 2873 2437 et
2916 2378 3087 2436 sanati
3129 2388 3181 2431 et
3229 2371 3436 2430 orantis
3482 2382 3651 2437 super

2057 2475 2371 2543 inﬁrmum;
2415 2474 2497 2530 sic
2540 2484 2594 2530 et
2623 2475 2691 2528 de
2731 2471 3031 2542 paralytico
3074 2478 3130 2522 et
3161 2468 3227 2521 de
3258 2463 3488 2518 muliere
3525 2473 3647 2528 quae

2058 2564 2343 2636 sanguinis
2370 2563 2572 2619 ﬂuxum
2602 2562 2931 2632 patiebatur.

2722 2672 2878 2728 CAP.
2919 2671 2986 2727 γ.

2134 2789 2297 2846 Vens.
2332 2789 2452 2845 1-2.
2497 2806 2515 2841 ι
2546 2786 2643 2843 Vir
2675 2793 2858 2841 autem
2882 2782 3103 2853 quidam
3132 2777 3351 2835 nomine
3383 2775 3647 2841 Ananias,

2054 2898 2178 2939 cum
2227 2881 2460 2953 Saphira
2496 2894 2669 2937 uxore
2702 2893 2825 2945 sua,
2865 2874 3112 2933 vendidit
3150 2886 3367 2943 agrum,
3409 2878 3465 2924 et
3492 2867 3646 2923 frau-

2053 2973 2204 3029 davit
2229 2973 2296 3029 de
2328 2971 2670 3043 pretioagri.
2703 2989 2723 3023 ι

2127 3065 2186 3122 Si
2220 3075 2447 3132 partem.
2467 3066 2676 3136 argenti
2708 3079 2741 3121 e
2774 3062 3014 3135 propriis
3061 3072 3354 3116 reservans
3384 3054 3511 3122 sibi,
3546 3068 3647 3109 nec

346 3150 507 3245 καὶξι
539 3150 615 3224 μὴ
655 3153 721 3207 τὸ
766 3155 877 3209 πᾶν
925 3153 1078 3225 παρά
1111 3158 1243 3222 τοὺς
1281 3158 1448 3224 πόδας
1481 3160 1592 3214 τῶν
1633 3161 1945 3215 ἀποστόλων

2057 3169 2230 3213 totum
2280 3160 2347 3216 ad
2379 3157 2753 3228 apostolorum
2795 3156 2963 3228 pedes
2994 3167 3204 3225 ponens
3240 3159 3490 3205 mortuus
3536 3155 3641 3209 est,

343 3239 524 3306 τιθεὶς
547 3251 570 3281 ε
619 3242 894 3311 ἀπέθανε,
930 3244 983 3298 τί
1015 3245 1081 3317 δὴ
1119 3249 1219 3301 καὶ
1253 3250 1501 3322 φήσομεν
1539 3252 1671 3322 περὶ
1708 3251 1821 3306 τῶν
1869 3251 1947 3324 μὴ

342 3332 657 3404 ὁλοσχερῶς
690 3334 922 3399 ἑαυτοὺς
952 3339 1344 3410 προσαγόντων
1374 3340 1452 3413 τῷ
1490 3340 1611 3413 Θεῷ
1630 3384 1644 3407 ,
1677 3342 1816 3397 ἀλλὰ
1851 3360 1948 3413 με-

347 3421 524 3492 ρικῶς
557 3424 655 3494 μὲν
685 3425 755 3479 τὰ
777 3425 872 3479 τοῦ
900 3426 1043 3481 Θεοῦ
1061 3429 1385 3493 ποιούντων,
1417 3432 1669 3503 εἰτύχοι,
1701 3435 1946 3505 μερικῶς

338 3513 402 3567 δὲ
429 3516 548 3580 ταῖς
582 3514 741 3581 ἰδίαις
765 3517 1086 3588 ἐπιθυμίαις
1113 3521 1511 3588 δουλευόντωνς
1536 3520 1618 3588 οἷς
1642 3525 1946 3596 ἀπαντήσει

340 3605 487 3659 πολὺ
529 3608 733 3678 μείζων
775 3610 1048 3680 τιμωρίαο
1082 3611 1158 3675 ὡς
1202 3612 1432 3666 δυνατοῦ
1473 3613 1629 3680 ὄντος
1663 3615 1760 3668 τοῦ
1808 3617 1945 3670 Θεοῦ

339 3697 446 3750 καὶ
475 3697 654 3769 ψυχὴν
683 3700 780 3753 καὶ
812 3699 975 3771 σῶμα
1015 3702 1073 3754 ὲν
1107 3702 1302 3774 γεέννῃ
1337 3703 1633 3758 ἀπολέσαιο
1676 3705 1853 3760 ταῦτα
1884 3706 1943 3760 δὲ

338 3788 516 3856 λέγω,
543 3790 633 3844 διὰ
663 3792 791 3856 τοὺς
822 3793 899 3864 μὴ
923 3792 1149 3866 θερμῶς
1168 3794 1539 3862 ἀπαιτοῦντας
1561 3797 1691 3862 τοὺς
1715 3801 1944 3864 πιστοὺς

338 3881 471 3955 ζῇν·

425 3994 444 4025 ι
483 3975 796 4040 Συνειδυίας
824 3978 921 4031 καὶ
946 3979 1047 4049 τῆς
1072 3978 1355 4048 γυναικὸς,
1379 3980 1477 4033 καὶ
1508 3979 1741 4050 ἐνέγκας
1775 3981 1943 4055 μέρος

336 4084 394 4120 τι
433 4067 585 4138 παρὰ
610 4068 737 4133 τοὺς
769 4069 937 4134 πόδας
966 4070 1077 4125 τῶν
1110 4070 1426 4126 ἀποστόλων
1459 4071 1676 4144 έθηκεν.
1716 4093 1735 4127 ι

419 4160 768 4229 Σημειωτέον
820 4162 905 4216 ὅτι
953 4163 1049 4217 καὶ
1088 4164 1153 4217 τὸ
1205 4164 1506 4219 συνειδέναι
1549 4183 1604 4219 τι
1651 4166 1939 4239 γινόμενον

337 4253 479 4323 παρ’
512 4252 672 4307 ἄλλου
705 4254 897 4319 κακὸν,
929 4258 1024 4309 καὶ
1063 4258 1309 4329 σιωπᾷν,
1335 4258 1585 4328 ἁμαρτία
1624 4260 1792 4314 ἐστίν.

424 4366 442 4396 ι
492 4341 629 4397 Εἷπε
671 4346 726 4399 δὲ
770 4347 799 4399 ό
831 4348 1068 4420 Πέτρος·
1120 4349 1363 4415 Ἁνανία,
1388 4350 1531 4404 διατί
1559 4351 1882 4424 ἐπλήρωσεν
1909 4368 1939 4407 ο

337 4437 591 4500 Σατανᾶς
619 4437 719 4509 τὴν
751 4439 983 4510 καρδίαν
1014 4456 1132 4505 σου,
1170 4440 1478 4511 ψεύσασθαί
1511 4460 1571 4496 σε
1602 4444 1663 4497 τὸ
1709 4445 1937 4516 Πνεῦμα

2052 3250 2465 3321 qniddicemus
2496 3252 2564 3306 de
2607 3251 2674 3306 iis
2720 3251 2812 3321 qui
2854 3248 3066 3320 seipsos
3097 3261 3204 3300 non
3250 3241 3491 3298 totaliter
3534 3239 3646 3294 Deo

2048 3343 2319 3410 oll‘erunt,
2369 3343 2467 3399 sed
2510 3343 2711 3413 partim
2755 3343 2899 3397 forte
2945 3354 3069 3410 quae
3106 3336 3202 3392 Dei
3247 3344 3377 3391 sunt
3416 3331 3642 3395 faciunt,

2049 3444 2261 3506 partem
2292 3435 2530 3505 propriis
2559 3433 3026 3505 concupiscentiis
3061 3427 3404 3485 inserviunt?
3434 3424 3645 3492 Quibus

2048 3525 2323 3597 inﬂigeth
2362 3529 2534 3581 inulto
2576 3526 2750 3597 major
2791 3539 2977 3596 poena,
3024 3538 3148 3577 cum
3210 3519 3383 3591 possit
3412 3518 3554 3572 Deus
3588 3525 3645 3570 et

2047 3618 2285 3672 animam
2330 3627 2387 3672 et
2414 3632 2613 3686 corpus
2657 3617 2709 3672 in
2747 3618 3050 3686 gehennam
3079 3612 3351 3683 perdere:
3381 3611 3498 3665 haec
3538 3623 3641 3663 au-

2046 3717 2156 3764 tem
2198 3709 2343 3778 dico,
2374 3719 2600 3781 propter
2638 3722 2736 3765 eos
2784 3707 2879 3779 qui
2929 3721 3038 3762 non
3079 3705 3304 3775 exigunt
3347 3710 3407 3756 ut
3450 3700 3645 3756 ﬁdeles

2046 3816 2168 3856 cum
2194 3800 2408 3858 fervore
2432 3801 2640 3858 vivant.

2123 4002 2142 4036 ι
2174 3983 2404 4041 Conscia
2429 3996 2600 4038 uxore
2623 3996 2719 4037 sua
2748 3990 2803 4036 et
2825 3979 3059 4036 aﬂ'ercns
3083 3987 3290 4049 partem
3320 3977 3635 4047 quamdam,

2045 4077 2113 4132 ad
2156 4078 2326 4148 pedes
2357 4073 2726 4145 apostolorum
2762 4073 2963 4143 posuit.
3000 4090 3020 4122 ι

2116 4166 2426 4223 Notandum
2461 4165 2605 4237 quod
2641 4166 2922 4221 conscium
2965 4179 3088 4221 esse
3120 4165 3186 4219 de
3227 4162 3370 4217 malo
3410 4160 3637 4216 alterius

2043 4269 2099 4317 et
2122 4259 2285 4316 silere
2310 4268 2594 4330 peccatum
2624 4269 2734 4316 est.
3332 4328 3341 4331 ν

2119 4353 2286 4409 Vens.
2314 4354 2370 4409 5.
2421 4373 2440 4406 ι
2472 4351 2828 4409 Dixitautem
2867 4352 3103 4410 Petrus:
3135 4350 3369 4418 Anania,
3410 4365 3507 4406 cur
3554 4365 3640 4404 rc-

2045 4447 2216 4517 plevit
2246 4446 2481 4503 Satanas
2511 4461 2610 4503 cor
2636 4457 2791 4503 tuum
2817 4446 3035 4503 mentiri
3069 4454 3122 4502 te
3160 4444 3388 4515 Spiritui
3419 4453 3633 4508 sancto,

337 4530 408 4582 τὸ
449 4527 636 4598 ἅγιον,
677 4531 773 4585 καὶ
806 4532 1167 4602 νοσφίσασθαι
1198 4534 1307 4587 ἀπὸ
1348 4534 1450 4607 τῆς
1498 4536 1664 4609 τιμῆς
1697 4537 1794 4590 τοῦ
1837 4555 1938 4609 χω-

2050 4550 2100 4596 et
2129 4539 2393 4597 fraudare
2417 4541 2484 4596 de
2515 4541 2692 4611 pretio
2717 4539 2865 4609 agri?
2898 4558 2925 4592 ι

343 4635 502 4691 ριους
529 4639 547 4671 ι

420 4712 496 4783 (1)
529 4713 592 4764 Εί
619 4714 648 4766 ό
678 4713 925 4779 Σατανᾶς
953 4714 1114 4770 τοῦτο
1159 4718 1418 4790 ἐποίησε,
1460 4719 1519 4772 τί
1550 4719 1713 4784 αὐτὸς
1762 4719 1936 4786 αἴτιος

338 4803 572 4874 γέγονεν
592 4844 607 4871 ,
636 4807 665 4860 ὁ
690 4806 986 4878 δεξάμενος
1021 4808 1188 4862 αὑτοῦ
1218 4809 1320 4881 τὴν
1355 4811 1638 4881 ἐνέργειαν
1668 4813 1763 4865 καὶ⁸
1799 4812 1937 4882 πλη-

343 4897 575 4969 ρωθείςς
638 4899 779 4953 Ἀλλ’
809 4899 915 4954 ἔδει
950 4900 1276 4971 διορθῶσαι.
1323 4903 1510 4974 φησίν·
1558 4903 1675 4957 ἀλλ’
1721 4904 1824 4957 οὐκ
1869 4904 1936 4957 ἂν

339 4988 654 5064 διωρθώθη·
702 4995 731 5047 ὁ
764 4993 874 5065 γὰρ
916 4992 1147 5048 τοιαῦτα
1188 4995 1335 5067 ὀρῶν
1376 4995 1473 5049 καὶ
1513 4994 1589 5066 μὴ
1643 4996 1933 5067 κερδάνας,

343 5081 530 5154 πολλῷ
563 5084 767 5155 μᾶλλον
803 5085 906 5139 οὐκ
943 5083 1012 5140 ἂν
1049 5086 1257 5158 ἑτέρως
1299 5087 1613 5159 ἐκέρδανεν.
1664 5089 1780 5143 Οὐκ
1823 5089 1933 5144 ἔδει

343 5174 526 5229 τοίνυν
547 5175 738 5241 ἁπλῶς
762 5177 1055 5249 παρελθεῖν
1075 5179 1136 5232 τὺ
1155 5179 1400 5249 γεγονὸς,
1423 5178 1542 5233 ἀλλ’
1559 5179 1637 5245 ὡς
1659 5180 1933 5251 σηπεδόνα

343 5267 730 5339 ἐκτμηθῆναι,
761 5270 851 5324 ἶνα
888 5269 965 5344 μὴ
997 5270 1076 5342 τῷ
1118 5270 1293 5343 λοιπῷ
1338 5271 1657 5344 λυμήνηται
1693 5271 1930 5342 σώματι.

342 5356 462 5412 Νῦν
489 5360 590 5431 μὲν
612 5361 724 5431 γὰρ
744 5362 840 5417 καὶ
856 5356 1014 5429 οὗτος
1035 5363 1314 5434 ὠφέληται
1339 5364 1413 5435 μὴ
1437 5361 1936 5436 προελθὼν-περαι-

343 5448 491 5520 τέρω
520 5452 721 5517 κακίας
740 5494 754 5518 ,
785 5454 880 5508 καὶ⁵
911 5457 961 5509 οί
987 5454 1166 5510 λοιποὶ
1200 5456 1611 5527 σπουδαιότεροι
1646 5455 1930 5525 γεγόνασι·

415 5636 441 5669 ἀ
470 5626 533 5682 C.
559 5626 620 5683 C.
647 5630 916 5701 ἀργύρου.
993 5632 1023 5672 ³)
1062 5632 1127 5688 C.
1154 5631 1218 5688 C.
1245 5634 1340 5686 καὶ
1370 5634 1417 5687 ό.
1501 5641 1522 5671 ο
1557 5630 1619 5687 C.
1655 5631 1721 5688 C.
1758 5632 1894 5697 θείς.

2118 4717 2185 4774 Si
2210 4717 2342 4773 illud
2369 4717 2499 4774 fecit
2541 4716 2796 4784 Satanas,
2826 4717 3100 4789 quomodo
3156 4731 3282 4773 rens
3323 4715 3414 4772 ille
3454 4715 3637 4771 factus

2043 4819 2154 4875 est,
2176 4810 2270 4881 qui
2299 4809 2469 4879 ipsius
2497 4810 2877 4879 operationem
2910 4809 3138 4880 recepit,
3165 4809 3395 4879 ipsoque
3424 4818 3510 4864 est
3547 4822 3637 4863 re-

2046 4901 2266 4971 pletus?
2308 4900 2417 4955 Sed
2451 4902 2744 4970 oportebat
2773 4913 2832 4956 ut
2873 4901 3264 4972 corrigeretur,
3306 4899 3506 4970 inquit,
3540 4899 3635 4954 scd

2049 5008 2154 5049 non
2181 5000 2461 5048 correctus
2489 5003 2608 5057 est;
2639 4990 2761 5046 talia
2785 4992 2930 5046 enim
2954 4992 3165 5055 videns,
3191 5005 3293 5045 nec
3318 4990 3631 5059 proﬁciens.

2045 5085 2220 5141 multo
2253 5085 2427 5156 magis
2453 5099 2557 5139 nec
2581 5084 2743 5139 aliter
2764 5083 3016 5155 profecit.
3046 5083 3164 5139 Non
3193 5098 3325 5153 ergo
3346 5080 3635 5151 oportebat

2042 5177 2367 5250 simpliciter
2411 5176 2687 5233 dimittere
2721 5176 2864 5246 quod
2897 5174 3102 5231 factum
3152 5183 3261 5241 est,
3299 5176 3401 5230 sed
3435 5182 3494 5228 ut
3539 5189 3633 5243 pu-

2042 5272 2199 5327 tredo
2220 5271 2394 5326 secari
2420 5270 2674 5335 debebat,
2706 5283 2775 5324 ne
2821 5267 3087 5338 reliquum
3119 5281 3318 5336 corpus
3360 5265 3628 5321 inliceret.

2044 5363 2198 5418 Nunc
2230 5362 2375 5417 enim
2407 5370 2461 5416 et
2487 5361 2574 5415 isti
2606 5359 2929 5422 consulitur,
2968 5359 3021 5414 in
3047 5374 3111 5414 eo
3137 5358 3281 5429 quod
3305 5357 3373 5413 ad
3400 5357 3630 5412 ulterio-

2045 5470 2160 5512 rem
2205 5454 2469 5509 malitiam
2516 5469 2622 5510 non
2654 5451 3037 5525 progreditur;
3079 5460 3135 5508 ct
3177 5450 3371 5522 reliqui
3402 5449 3630 5522 diligen-

422 5784 501 5860 (I)
529 5781 644 5861 Hoc
695 5788 959 5849 scholium
992 5791 1276 5864 Clirysosl.
1323 5793 1413 5851 dat
1459 5794 1579 5853 cod'.
1633 5794 1802 5852 Cois].
1836 5793 1922 5853 Ci.
1964 5794 2160 5861 Chrys.
2196 5793 2336 5866 Opp.
2376 5802 2416 5851 ι.
2450 5789 2541 5863 IX,
2575 5792 2669 5875 99‘.
