  <div class='ocr_page' id='page_1' title='image "/cluster/home/n/w/nwhite01/storage/ocr_20150623/85/coo.31924054869866/771.png"; bbox 0 0 4064 6410; ppageno 0'>
   <div class='ocr_carea' id='block_1_1' title="bbox 434 311 3720 395">
    <p class='ocr_par' dir='ltr' id='par_1_1' title="bbox 434 311 3720 395">
     <span class='ocr_line' id='line_1_1' title="bbox 434 311 3720 395; baseline 0.005 -15"><span class='ocrx_word' id='word_1_1' title='bbox 434 311 573 383; x_wconf 76' lang='lat'><strong>1527</strong></span> <span class='ocrx_word' id='word_1_2' title='bbox 1532 322 1870 385; x_wconf 84' lang='lat' dir='ltr'><strong>AMMONII</strong></span> <span class='ocrx_word' id='word_1_3' title='bbox 1911 324 2450 387; x_wconf 76' lang='lat' dir='ltr'><strong>ALEXANDRINI</strong></span> <span class='ocrx_word' id='word_1_4' title='bbox 3583 312 3720 395; x_wconf 70' lang='lat' dir='ltr'><strong>152&#39;s</strong></span> 
     </span>
    </p>
   </div>
   <div class='ocr_carea' id='block_1_2' title="bbox 434 430 2039 512">
    <p class='ocr_par' dir='ltr' id='par_1_2' title="bbox 434 430 2021 492">
     <span class='ocr_line' id='line_1_2' title="bbox 434 430 2021 492; baseline 0.004 -9"><span class='ocrx_word' id='word_1_5' title='bbox 434 431 602 485; x_wconf 79' lang='lat' dir='ltr'><strong>tiores</strong></span> <span class='ocrx_word' id='word_1_6' title='bbox 631 430 790 487; x_wconf 85' lang='lat' dir='ltr'><strong>ﬁunt.</strong></span> <span class='ocrx_word' id='word_1_7' title='bbox 827 430 981 491; x_wconf 83' lang='lat' dir='ltr'><strong>Tunc</strong></span> <span class='ocrx_word' id='word_1_8' title='bbox 1016 451 1145 492; x_wconf 85' lang='lat' dir='ltr'><strong>vero</strong></span> <span class='ocrx_word' id='word_1_9' title='bbox 1179 433 1363 489; x_wconf 83' lang='lat' dir='ltr'><strong>evenit</strong></span> <span class='ocrx_word' id='word_1_10' title='bbox 1403 435 1739 488; x_wconf 85' lang='lat' dir='ltr'><strong>contrarium</strong></span> <span class='ocrx_word' id='word_1_11' title='bbox 1771 453 1786 489; x_wconf 91' lang='lat'><strong>:</strong></span> <span class='ocrx_word' id='word_1_12' title='bbox 1821 450 2021 491; x_wconf 86' lang='lat' dir='ltr'><strong>secun-</strong></span> 
     </span>
    </p>
   </div>
   <div class='ocr_carea' id='block_1_3' title="bbox 2159 430 3723 512">
    <p class='ocr_par' dir='ltr' id='par_1_3' title="bbox 2160 434 3723 512">
     <span class='ocr_line' id='line_1_3' title="bbox 2160 434 3723 512; baseline 0.006 -26"><span class='ocrx_word' id='word_1_13' title='bbox 2160 435 2246 487; x_wconf 79' lang='grc' dir='ltr'>ὀτε</span> <span class='ocrx_word' id='word_1_14' title='bbox 2271 435 2327 488; x_wconf 80' lang='grc' dir='ltr'><strong>δὲ</strong></span> <span class='ocrx_word' id='word_1_15' title='bbox 2353 435 2419 489; x_wconf 85' lang='grc' dir='ltr'><strong>ἂν</strong></span> <span class='ocrx_word' id='word_1_16' title='bbox 2449 434 2764 491; x_wconf 79' lang='grc' dir='ltr'>τούναντίον</span> <span class='ocrx_word' id='word_1_17' title='bbox 2794 437 3016 512; x_wconf 76' lang='grc' dir='ltr'>συνέϐη·</span> <span class='ocrx_word' id='word_1_18' title='bbox 3041 440 3298 512; x_wconf 81' lang='grc' dir='ltr'>δεύτερον</span> <span class='ocrx_word' id='word_1_19' title='bbox 3325 439 3590 512; x_wconf 76' lang='grc' dir='ltr'><strong>ἠλέγχθη,</strong></span> <span class='ocrx_word' id='word_1_20' title='bbox 3624 445 3723 496; x_wconf 64' lang='grc' dir='ltr'>καὶ.</span> 
     </span>
    </p>
   </div>
   <div class='ocr_carea' id='block_1_4' title="bbox 435 522 2039 601">
    <p class='ocr_par' dir='ltr' id='par_1_4' title="bbox 435 522 2027 593">
     <span class='ocr_line' id='line_1_4' title="bbox 435 522 2027 593; baseline 0.004 -19"><span class='ocrx_word' id='word_1_21' title='bbox 435 522 564 575; x_wconf 90' lang='lat' dir='ltr'><strong>dum</strong></span> <span class='ocrx_word' id='word_1_22' title='bbox 595 533 825 593; x_wconf 87' lang='lat' dir='ltr'><strong>argutus</strong></span> <span class='ocrx_word' id='word_1_23' title='bbox 867 535 973 591; x_wconf 91' lang='lat' dir='ltr'><strong>est,</strong></span> <span class='ocrx_word' id='word_1_24' title='bbox 1017 535 1074 581; x_wconf 91' lang='lat' dir='ltr'><strong>et</strong></span> <span class='ocrx_word' id='word_1_25' title='bbox 1101 525 1339 582; x_wconf 89' lang='lat' dir='ltr'><strong>ostendit</strong></span> <span class='ocrx_word' id='word_1_26' title='bbox 1371 527 1515 593; x_wconf 88' lang='lat' dir='ltr'><strong>quod</strong></span> <span class='ocrx_word' id='word_1_27' title='bbox 1547 523 1695 578; x_wconf 91' lang='lat' dir='ltr'><strong>illum</strong></span> <span class='ocrx_word' id='word_1_28' title='bbox 1728 540 1833 579; x_wconf 90' lang='lat' dir='ltr'><strong>non</strong></span> <span class='ocrx_word' id='word_1_29' title='bbox 1869 525 2027 580; x_wconf 78' lang='lat' dir='ltr'><strong>latuit</strong></span> 
     </span>
    </p>
   </div>
   <div class='ocr_carea' id='block_1_5' title="bbox 2159 522 3724 601">
    <p class='ocr_par' dir='ltr' id='par_1_5' title="bbox 2160 525 3724 601">
     <span class='ocr_line' id='line_1_5' title="bbox 2160 525 3724 601; baseline 0.004 -22"><span class='ocrx_word' id='word_1_30' title='bbox 2160 525 2402 581; x_wconf 81' lang='grc' dir='ltr'>είκνυσιν</span> <span class='ocrx_word' id='word_1_31' title='bbox 2431 528 2512 582; x_wconf 87' lang='grc' dir='ltr'><strong>ὅτι</strong></span> <span class='ocrx_word' id='word_1_32' title='bbox 2541 528 2643 583; x_wconf 82' lang='grc' dir='ltr'><strong>οὐκ</strong></span> <span class='ocrx_word' id='word_1_33' title='bbox 2672 528 2865 583; x_wconf 78' lang='grc' dir='ltr'><strong>ἔλαθεν</strong></span> <span class='ocrx_word' id='word_1_34' title='bbox 2894 531 3058 584; x_wconf 78' lang='grc' dir='ltr'>αὐτὸν</span> <span class='ocrx_word' id='word_1_35' title='bbox 3087 531 3149 585; x_wconf 86' lang='grc' dir='ltr'><strong>τὸ</strong></span> <span class='ocrx_word' id='word_1_36' title='bbox 3180 533 3434 601; x_wconf 86' lang='grc' dir='ltr'>γεγονός·</span> <span class='ocrx_word' id='word_1_37' title='bbox 3470 533 3565 585; x_wconf 76' lang='grc' dir='ltr'><strong>καὶ</strong></span> <span class='ocrx_word' id='word_1_38' title='bbox 3599 532 3724 587; x_wconf 75' lang='grc' dir='ltr'>τότε</span> 
     </span>
    </p>
   </div>
   <div class='ocr_carea' id='block_1_6' title="bbox 435 613 2039 695">
    <p class='ocr_par' dir='ltr' id='par_1_6' title="bbox 435 613 2028 689">
     <span class='ocr_line' id='line_1_6' title="bbox 435 613 2028 689; baseline 0.003 -21"><span class='ocrx_word' id='word_1_39' title='bbox 435 617 581 683; x_wconf 88' lang='lat' dir='ltr'><strong>quod</strong></span> <span class='ocrx_word' id='word_1_40' title='bbox 613 613 818 670; x_wconf 76' lang='lat' dir='ltr'><strong>factum</strong></span> <span class='ocrx_word' id='word_1_41' title='bbox 846 624 962 683; x_wconf 91' lang='lat' dir='ltr'><strong>est;</strong></span> <span class='ocrx_word' id='word_1_42' title='bbox 1000 625 1057 673; x_wconf 92' lang='lat' dir='ltr'><strong>et</strong></span> <span class='ocrx_word' id='word_1_43' title='bbox 1088 626 1221 674; x_wconf 89' lang='lat' dir='ltr'><strong>tunc</strong></span> <span class='ocrx_word' id='word_1_44' title='bbox 1246 616 1511 689; x_wconf 82' lang='lat' dir='ltr'><strong>judicium</strong></span> <span class='ocrx_word' id='word_1_45' title='bbox 1541 615 1652 672; x_wconf 81' lang='lat' dir='ltr'><strong>fert</strong></span> <span class='ocrx_word' id='word_1_46' title='bbox 1679 635 1693 671; x_wconf 92' lang='lat'><strong>:</strong></span> <span class='ocrx_word' id='word_1_47' title='bbox 1726 617 1862 672; x_wconf 83' lang='lat' dir='ltr'><strong>cur?</strong></span> <span class='ocrx_word' id='word_1_48' title='bbox 1893 632 2028 687; x_wconf 85' lang='lat' dir='ltr'><strong>qua-</strong></span> 
     </span>
    </p>
   </div>
   <div class='ocr_carea' id='block_1_7' title="bbox 2159 613 3727 695">
    <p class='ocr_par' dir='ltr' id='par_1_7' title="bbox 2159 619 3727 695">
     <span class='ocr_line' id='line_1_7' title="bbox 2159 619 3727 695; baseline 0.004 -23"><span class='ocrx_word' id='word_1_49' title='bbox 2159 619 2509 686; x_wconf 74' lang='grc' dir='ltr'>εαταδικάζει.</span> <span class='ocrx_word' id='word_1_50' title='bbox 2546 622 2700 687; x_wconf 84' lang='grc' dir='ltr'>Διατί</span> <span class='ocrx_word' id='word_1_51' title='bbox 2726 622 2819 690; x_wconf 88' lang='grc' dir='ltr'>δέ;</span> <span class='ocrx_word' id='word_1_52' title='bbox 2857 625 2921 677; x_wconf 83' lang='grc' dir='ltr'>ὲκ</span> <span class='ocrx_word' id='word_1_53' title='bbox 2961 624 3123 688; x_wconf 84' lang='grc' dir='ltr'>ποίας</span> <span class='ocrx_word' id='word_1_54' title='bbox 3156 624 3539 695; x_wconf 77' lang='grc' dir='ltr'>προαιρέσεως</span> <span class='ocrx_word' id='word_1_55' title='bbox 3565 625 3727 679; x_wconf 80' lang='grc' dir='ltr'>τοῦτο</span> 
     </span>
    </p>
   </div>
   <div class='ocr_carea' id='block_1_8' title="bbox 437 707 2039 789">
    <p class='ocr_par' dir='ltr' id='par_1_8' title="bbox 437 707 2029 779">
     <span class='ocr_line' id='line_1_8' title="bbox 437 707 2029 779; baseline 0.004 -19"><span class='ocrx_word' id='word_1_56' title='bbox 437 722 562 761; x_wconf 88' lang='lat' dir='ltr'><strong>nam</strong></span> <span class='ocrx_word' id='word_1_57' title='bbox 598 707 901 766; x_wconf 70' lang='lat' dir='ltr'><strong>intentione</strong></span> <span class='ocrx_word' id='word_1_58' title='bbox 933 709 989 765; x_wconf 90' lang='lat' dir='ltr'><strong>id</strong></span> <span class='ocrx_word' id='word_1_59' title='bbox 1036 709 1257 768; x_wconf 78' lang='lat' dir='ltr'><strong>fecisti?</strong></span> <span class='ocrx_word' id='word_1_60' title='bbox 1296 710 1498 768; x_wconf 87' lang='lat' dir='ltr'><strong>habere</strong></span> <span class='ocrx_word' id='word_1_61' title='bbox 1542 710 1796 779; x_wconf 84' lang='lat' dir='ltr'><strong>volebas;</strong></span> <span class='ocrx_word' id='word_1_62' title='bbox 1828 711 2029 768; x_wconf 89' lang='lat' dir='ltr'><strong>habere</strong></span> 
     </span>
    </p>
   </div>
   <div class='ocr_carea' id='block_1_9' title="bbox 2159 707 3726 789">
    <p class='ocr_par' dir='ltr' id='par_1_9' title="bbox 2159 712 3726 789">
     <span class='ocr_line' id='line_1_9' title="bbox 2159 712 3726 789; baseline 0.001 -23"><span class='ocrx_word' id='word_1_63' title='bbox 2159 712 2475 783; x_wconf 79' lang='grc' dir='ltr'>ιεποίηκαςς</span> <span class='ocrx_word' id='word_1_64' title='bbox 2501 713 2731 778; x_wconf 78' lang='grc' dir='ltr'>Ἦθελες</span> <span class='ocrx_word' id='word_1_65' title='bbox 2756 714 2924 786; x_wconf 77' lang='grc' dir='ltr'>ἔχειν’</span> <span class='ocrx_word' id='word_1_66' title='bbox 2947 714 3056 770; x_wconf 79' lang='grc' dir='ltr'>ἔδει</span> <span class='ocrx_word' id='word_1_67' title='bbox 3074 715 3219 785; x_wconf 78' lang='grc' dir='ltr'>ἔχειν</span> <span class='ocrx_word' id='word_1_68' title='bbox 3235 714 3298 784; x_wconf 70' lang='grc' dir='ltr'>εξ</span> <span class='ocrx_word' id='word_1_69' title='bbox 3317 716 3515 788; x_wconf 80' lang='grc' dir='ltr'>ἀρχῆς,</span> <span class='ocrx_word' id='word_1_70' title='bbox 3532 715 3627 769; x_wconf 80' lang='grc' dir='ltr'>καὶ</span> <span class='ocrx_word' id='word_1_71' title='bbox 3648 714 3726 789; x_wconf 73' lang='grc' dir='ltr'><strong>μὴ</strong></span> 
     </span>
    </p>
   </div>
   <div class='ocr_carea' id='block_1_10' title="bbox 433 795 2039 879">
    <p class='ocr_par' dir='ltr' id='par_1_10' title="bbox 433 795 2028 872">
     <span class='ocr_line' id='line_1_10' title="bbox 433 795 2028 872; baseline 0.002 -22"><span class='ocrx_word' id='word_1_72' title='bbox 433 795 669 852; x_wconf 80' lang='lat' dir='ltr'><strong>debebas</strong></span> <span class='ocrx_word' id='word_1_73' title='bbox 704 798 773 854; x_wconf 90' lang='lat' dir='ltr'><strong>ab</strong></span> <span class='ocrx_word' id='word_1_74' title='bbox 819 799 977 855; x_wconf 90' lang='lat' dir='ltr'><strong>initio</strong></span> <span class='ocrx_word' id='word_1_75' title='bbox 1015 815 1118 857; x_wconf 89' lang='lat' dir='ltr'><strong>nee</strong></span> <span class='ocrx_word' id='word_1_76' title='bbox 1166 800 1445 872; x_wconf 80' lang='lat' dir='ltr'><strong>polliceri;</strong></span> <span class='ocrx_word' id='word_1_77' title='bbox 1482 799 1773 853; x_wconf 75' lang='lat' dir='ltr'><strong>exitiosum</strong></span> <span class='ocrx_word' id='word_1_78' title='bbox 1806 797 2028 853; x_wconf 65' lang='lat' dir='ltr'><strong>sacrile«</strong></span> 
     </span>
    </p>
   </div>
   <div class='ocr_carea' id='block_1_11' title="bbox 2159 795 3723 879">
    <p class='ocr_par' dir='ltr' id='par_1_11' title="bbox 2159 804 3723 879">
     <span class='ocr_line' id='line_1_11' title="bbox 2159 804 3723 879; baseline 0.001 -21"><span class='ocrx_word' id='word_1_79' title='bbox 2159 804 2487 877; x_wconf 82' lang='grc' dir='ltr'>ιποσχέσθαι’</span> <span class='ocrx_word' id='word_1_80' title='bbox 2515 806 2729 879; x_wconf 85' lang='grc' dir='ltr'>χαλεπή</span> <span class='ocrx_word' id='word_1_81' title='bbox 2754 809 2840 871; x_wconf 89' lang='grc' dir='ltr'><strong>τίς</strong></span> <span class='ocrx_word' id='word_1_82' title='bbox 2868 809 3017 861; x_wconf 76' lang='grc' dir='ltr'>ἐστιν</span> <span class='ocrx_word' id='word_1_83' title='bbox 3036 809 3070 879; x_wconf 83' lang='grc' dir='ltr'>ὴ</span> <span class='ocrx_word' id='word_1_84' title='bbox 3107 807 3414 878; x_wconf 73' lang='grc' dir='ltr'><strong>ἱεροσυλία,</strong></span> <span class='ocrx_word' id='word_1_85' title='bbox 3443 807 3723 878; x_wconf 80' lang='grc' dir='ltr'>ἀγαπητέ·</span> 
     </span>
    </p>
   </div>
   <div class='ocr_carea' id='block_1_12' title="bbox 433 888 2039 971">
    <p class='ocr_par' dir='ltr' id='par_1_12' title="bbox 433 888 2028 962">
     <span class='ocr_line' id='line_1_12' title="bbox 433 888 2028 962; baseline 0.004 -21"><span class='ocrx_word' id='word_1_86' title='bbox 433 888 603 958; x_wconf 84' lang='lat' dir='ltr'><strong>gium,</strong></span> <span class='ocrx_word' id='word_1_87' title='bbox 629 905 662 945; x_wconf 91' lang='grc' dir='ltr'><strong>ο</strong></span> <span class='ocrx_word' id='word_1_88' title='bbox 686 891 921 962; x_wconf 80' lang='lat' dir='ltr'><strong>Optime!</strong></span> <span class='ocrx_word' id='word_1_89' title='bbox 948 892 1053 949; x_wconf 82' lang='lat' dir='ltr'><strong>llic</strong></span> <span class='ocrx_word' id='word_1_90' title='bbox 1092 895 1237 950; x_wconf 88' lang='lat' dir='ltr'><strong>enim</strong></span> <span class='ocrx_word' id='word_1_91' title='bbox 1270 892 1522 949; x_wconf 79' lang='lat' dir='ltr'><strong>fortassis</strong></span> <span class='ocrx_word' id='word_1_92' title='bbox 1562 892 1739 947; x_wconf 90' lang='lat' dir='ltr'><strong>aliena</strong></span> <span class='ocrx_word' id='word_1_93' title='bbox 1769 892 2028 962; x_wconf 89' lang='lat' dir='ltr'><strong>concupi-</strong></span> 
     </span>
    </p>
   </div>
   <div class='ocr_carea' id='block_1_13' title="bbox 2159 888 3729 971">
    <p class='ocr_par' dir='ltr' id='par_1_13' title="bbox 2190 894 3729 971">
     <span class='ocr_line' id='line_1_13' title="bbox 2190 894 3729 971; baseline 0.001 -21"><span class='ocrx_word' id='word_1_94' title='bbox 2190 898 2288 968; x_wconf 81' lang='grc' dir='ltr'><strong>μὲν</strong></span> <span class='ocrx_word' id='word_1_95' title='bbox 2319 896 2428 969; x_wconf 81' lang='grc' dir='ltr'>γὰρ</span> <span class='ocrx_word' id='word_1_96' title='bbox 2462 898 2813 969; x_wconf 74' lang='grc' dir='ltr'>ἐπεθύμησεν</span> <span class='ocrx_word' id='word_1_97' title='bbox 2844 899 2975 964; x_wconf 79' lang='grc' dir='ltr'>ἴσως</span> <span class='ocrx_word' id='word_1_98' title='bbox 3017 898 3339 971; x_wconf 79' lang='grc' dir='ltr'><strong>ἀλλοτρίων,</strong></span> <span class='ocrx_word' id='word_1_99' title='bbox 3378 900 3463 952; x_wconf 76' lang='grc' dir='ltr'><strong>σοὶ</strong></span> <span class='ocrx_word' id='word_1_100' title='bbox 3498 899 3557 952; x_wconf 77' lang='grc' dir='ltr'>δὲ</span> <span class='ocrx_word' id='word_1_101' title='bbox 3596 894 3729 971; x_wconf 75' lang='grc' dir='ltr'>ἐξῆν</span> 
     </span>
    </p>
   </div>
   <div class='ocr_carea' id='block_1_14' title="bbox 432 982 2039 1063">
    <p class='ocr_par' dir='ltr' id='par_1_14' title="bbox 432 982 2028 1058">
     <span class='ocr_line' id='line_1_14' title="bbox 432 982 2028 1058; baseline 0.003 -22"><span class='ocrx_word' id='word_1_102' title='bbox 432 982 531 1050; x_wconf 86' lang='lat' dir='ltr'><strong>vit,</strong></span> <span class='ocrx_word' id='word_1_103' title='bbox 582 984 679 1040; x_wconf 87' lang='lat' dir='ltr'><strong>tibi</strong></span> <span class='ocrx_word' id='word_1_104' title='bbox 711 993 801 1041; x_wconf 85' lang='lat' dir='ltr'><strong>tua</strong></span> <span class='ocrx_word' id='word_1_105' title='bbox 840 988 1121 1057; x_wconf 89' lang='lat' dir='ltr'><strong>possidere</strong></span> <span class='ocrx_word' id='word_1_106' title='bbox 1170 988 1402 1054; x_wconf 88' lang='lat' dir='ltr'><strong>licebat;</strong></span> <span class='ocrx_word' id='word_1_107' title='bbox 1449 1002 1550 1043; x_wconf 88' lang='lat' dir='ltr'><strong>cur</strong></span> <span class='ocrx_word' id='word_1_108' title='bbox 1587 987 1756 1058; x_wconf 83' lang='lat' dir='ltr'><strong>igitur</strong></span> <span class='ocrx_word' id='word_1_109' title='bbox 1798 1001 1861 1042; x_wconf 86' lang='lat' dir='ltr'><strong>ea</strong></span> <span class='ocrx_word' id='word_1_110' title='bbox 1904 1000 2028 1057; x_wconf 73' lang='lat' dir='ltr'><strong>quze</strong></span> 
     </span>
    </p>
   </div>
   <div class='ocr_carea' id='block_1_15' title="bbox 2159 982 3726 1063">
    <p class='ocr_par' dir='ltr' id='par_1_15' title="bbox 2161 989 3726 1063">
     <span class='ocr_line' id='line_1_15' title="bbox 2161 989 3726 1063; baseline -0.001 -20"><span class='ocrx_word' id='word_1_111' title='bbox 2161 1008 2278 1061; x_wconf 83' lang='grc' dir='ltr'>χειν</span> <span class='ocrx_word' id='word_1_112' title='bbox 2299 989 2367 1045; x_wconf 81' lang='grc' dir='ltr'>τὰ</span> <span class='ocrx_word' id='word_1_113' title='bbox 2409 990 2499 1045; x_wconf 86' lang='grc' dir='ltr'><strong>σά·</strong></span> <span class='ocrx_word' id='word_1_114' title='bbox 2527 990 2582 1044; x_wconf 89' lang='grc' dir='ltr'><strong>τί</strong></span> <span class='ocrx_word' id='word_1_115' title='bbox 2611 992 2791 1046; x_wconf 80' lang='grc' dir='ltr'>τοίνυν</span> <span class='ocrx_word' id='word_1_116' title='bbox 2821 992 3087 1063; x_wconf 78' lang='grc' dir='ltr'>ἐποίησας</span> <span class='ocrx_word' id='word_1_117' title='bbox 3118 991 3258 1045; x_wconf 81' lang='grc' dir='ltr'>αὐτὰ</span> <span class='ocrx_word' id='word_1_118' title='bbox 3301 991 3441 1063; x_wconf 84' lang='grc' dir='ltr'>ίερὰ,</span> <span class='ocrx_word' id='word_1_119' title='bbox 3476 991 3573 1045; x_wconf 73' lang='grc' dir='ltr'>καὶ</span> <span class='ocrx_word' id='word_1_120' title='bbox 3600 990 3726 1044; x_wconf 83' lang='grc' dir='ltr'>τότε</span> 
     </span>
    </p>
   </div>
   <div class='ocr_carea' id='block_1_16' title="bbox 436 1074 2039 1152">
    <p class='ocr_par' dir='ltr' id='par_1_16' title="bbox 436 1074 2028 1149">
     <span class='ocr_line' id='line_1_16' title="bbox 436 1074 2028 1149; baseline 0.004 -24"><span class='ocrx_word' id='word_1_121' title='bbox 436 1089 668 1133; x_wconf 75' lang='lat' dir='ltr'><strong>voveras</strong></span> <span class='ocrx_word' id='word_1_122' title='bbox 710 1077 867 1145; x_wconf 68' lang='lat' dir='ltr'><strong>Deo,L</strong></span> <span class='ocrx_word' id='word_1_123' title='bbox 912 1078 1269 1149; x_wconf 79' lang='lat' dir='ltr'><strong>subripuisti?</strong></span> <span class='ocrx_word' id='word_1_124' title='bbox 1336 1077 1507 1133; x_wconf 90' lang='lat' dir='ltr'><strong>multo</strong></span> <span class='ocrx_word' id='word_1_125' title='bbox 1567 1087 1880 1146; x_wconf 88' lang='lat' dir='ltr'><strong>contemptu</strong></span> <span class='ocrx_word' id='word_1_126' title='bbox 1944 1074 2028 1131; x_wconf 85' lang='lat' dir='ltr'><strong>sic</strong></span> 
     </span>
    </p>
   </div>
   <div class='ocr_carea' id='block_1_17' title="bbox 2159 1074 3728 1152">
    <p class='ocr_par' dir='ltr' id='par_1_17' title="bbox 2159 1077 3728 1152">
     <span class='ocr_line' id='line_1_17' title="bbox 2159 1077 3728 1152; baseline 0.001 -22"><span class='ocrx_word' id='word_1_127' title='bbox 2159 1077 2322 1142; x_wconf 79' lang='grc' dir='ltr'>λαϐες</span> <span class='ocrx_word' id='word_1_128' title='bbox 2352 1078 2523 1145; x_wconf 76' lang='grc' dir='ltr'>αὑτάς</span> <span class='ocrx_word' id='word_1_129' title='bbox 2558 1079 2667 1132; x_wconf 84' lang='grc' dir='ltr'>ἀπὸ</span> <span class='ocrx_word' id='word_1_130' title='bbox 2698 1078 2902 1151; x_wconf 82' lang='grc' dir='ltr'>πολλῆς</span> <span class='ocrx_word' id='word_1_131' title='bbox 2932 1080 3400 1152; x_wconf 80' lang='grc' dir='ltr'>καταφρονήσεως</span> <span class='ocrx_word' id='word_1_132' title='bbox 3431 1080 3591 1134; x_wconf 74' lang='grc' dir='ltr'>τοῦτο</span> <span class='ocrx_word' id='word_1_133' title='bbox 3625 1096 3728 1133; x_wconf 86' lang='grc' dir='ltr'>πε-</span> 
     </span>
    </p>
   </div>
   <div class='ocr_carea' id='block_1_18' title="bbox 436 1168 2039 1243">
    <p class='ocr_par' dir='ltr' id='par_1_18' title="bbox 436 1168 2027 1237">
     <span class='ocr_line' id='line_1_18' title="bbox 436 1168 2027 1237; baseline 0.001 -16"><span class='ocrx_word' id='word_1_134' title='bbox 436 1168 625 1237; x_wconf 87' lang='lat' dir='ltr'><strong>egisti;</strong></span> <span class='ocrx_word' id='word_1_135' title='bbox 656 1169 870 1224; x_wconf 87' lang='lat' dir='ltr'><strong>veniam</strong></span> <span class='ocrx_word' id='word_1_136' title='bbox 913 1186 1020 1227; x_wconf 88' lang='lat' dir='ltr'><strong>non</strong></span> <span class='ocrx_word' id='word_1_137' title='bbox 1069 1180 1311 1228; x_wconf 85' lang='lat' dir='ltr'><strong>meretur</strong></span> <span class='ocrx_word' id='word_1_138' title='bbox 1335 1171 1574 1236; x_wconf 80' lang='lat' dir='ltr'><strong>factum;</strong></span> <span class='ocrx_word' id='word_1_139' title='bbox 1617 1168 2027 1225; x_wconf 78' lang='lat' dir='ltr'><strong>excusationem</strong></span> 
     </span>
    </p>
   </div>
   <div class='ocr_carea' id='block_1_19' title="bbox 2159 1168 3726 1243">
    <p class='ocr_par' dir='ltr' id='par_1_19' title="bbox 2159 1169 3726 1243">
     <span class='ocr_line' id='line_1_19' title="bbox 2159 1169 3726 1243; baseline 0.001 -21"><span class='ocrx_word' id='word_1_140' title='bbox 2159 1169 2386 1241; x_wconf 76' lang='grc' dir='ltr'>τοίηκας·</span> <span class='ocrx_word' id='word_1_141' title='bbox 2430 1171 2533 1227; x_wconf 84' lang='grc' dir='ltr'><strong>οὐκ</strong></span> <span class='ocrx_word' id='word_1_142' title='bbox 2570 1170 2687 1242; x_wconf 73' lang='grc' dir='ltr'>ἔχει</span> <span class='ocrx_word' id='word_1_143' title='bbox 2718 1173 2779 1226; x_wconf 79' lang='grc' dir='ltr'>τὸ</span> <span class='ocrx_word' id='word_1_144' title='bbox 2815 1173 3113 1242; x_wconf 80' lang='grc' dir='ltr'>γενόμενον</span> <span class='ocrx_word' id='word_1_145' title='bbox 3159 1171 3498 1243; x_wconf 80' lang='grc' dir='ltr'><strong>συγγνώμην</strong></span> <span class='ocrx_word' id='word_1_146' title='bbox 3521 1188 3535 1204; x_wconf 88' lang='grc'><strong>·</strong></span> <span class='ocrx_word' id='word_1_147' title='bbox 3566 1171 3726 1237; x_wconf 78' lang='grc' dir='ltr'>ἐκτός</span> 
     </span>
    </p>
   </div>
   <div class='ocr_carea' id='block_1_20' title="bbox 438 1259 2039 1339">
    <p class='ocr_par' dir='ltr' id='par_1_20' title="bbox 438 1259 2026 1333">
     <span class='ocr_line' id='line_1_20' title="bbox 438 1259 2026 1333; baseline 0.003 -20"><span class='ocrx_word' id='word_1_148' title='bbox 438 1274 545 1314; x_wconf 89' lang='lat' dir='ltr'><strong>non</strong></span> <span class='ocrx_word' id='word_1_149' title='bbox 572 1259 754 1316; x_wconf 88' lang='lat' dir='ltr'><strong>habet.</strong></span> <span class='ocrx_word' id='word_1_150' title='bbox 785 1260 862 1317; x_wconf 82' lang='lat' dir='ltr'><strong>Ne</strong></span> <span class='ocrx_word' id='word_1_151' title='bbox 888 1277 1017 1333; x_wconf 88' lang='lat' dir='ltr'><strong>ergo</strong></span> <span class='ocrx_word' id='word_1_152' title='bbox 1045 1263 1494 1319; x_wconf 86' lang='lat' dir='ltr'><strong>scandalizemini</strong></span> <span class='ocrx_word' id='word_1_153' title='bbox 1515 1264 1561 1318; x_wconf 92' lang='lat' dir='ltr'><strong>si</strong></span> <span class='ocrx_word' id='word_1_154' title='bbox 1589 1264 1682 1332; x_wconf 91' lang='lat' dir='ltr'><strong>qui</strong></span> <span class='ocrx_word' id='word_1_155' title='bbox 1710 1277 1855 1318; x_wconf 89' lang='lat' dir='ltr'><strong>nunc</strong></span> <span class='ocrx_word' id='word_1_156' title='bbox 1886 1277 2026 1333; x_wconf 82' lang='lat' dir='ltr'><strong>quo-</strong></span> 
     </span>
    </p>
   </div>
   <div class='ocr_carea' id='block_1_21' title="bbox 2159 1259 3728 1339">
    <p class='ocr_par' dir='ltr' id='par_1_21' title="bbox 2164 1264 3728 1339">
     <span class='ocr_line' id='line_1_21' title="bbox 2164 1264 3728 1339; baseline 0 -20"><span class='ocrx_word' id='word_1_157' title='bbox 2164 1282 2279 1319; x_wconf 92' lang='grc' dir='ltr'>στιν</span> <span class='ocrx_word' id='word_1_158' title='bbox 2314 1266 2630 1335; x_wconf 83' lang='grc' dir='ltr'>ἀπολογίας.</span> <span class='ocrx_word' id='word_1_159' title='bbox 2672 1267 2766 1339; x_wconf 86' lang='grc' dir='ltr'><strong>Μὴ</strong></span> <span class='ocrx_word' id='word_1_160' title='bbox 2808 1266 3234 1332; x_wconf 75' lang='grc' dir='ltr'>σκανδαλίζεσθε</span> <span class='ocrx_word' id='word_1_161' title='bbox 3264 1266 3469 1330; x_wconf 83' lang='grc' dir='ltr'>τοίνυν,</span> <span class='ocrx_word' id='word_1_162' title='bbox 3500 1264 3555 1318; x_wconf 83' lang='grc' dir='ltr'>εἴ</span> <span class='ocrx_word' id='word_1_163' title='bbox 3579 1281 3728 1327; x_wconf 82' lang='grc' dir='ltr'>τινες</span> 
     </span>
    </p>
   </div>
   <div class='ocr_carea' id='block_1_22' title="bbox 438 1354 2039 1431">
    <p class='ocr_par' dir='ltr' id='par_1_22' title="bbox 438 1354 2031 1425">
     <span class='ocr_line' id='line_1_22' title="bbox 438 1354 2031 1425; baseline 0.004 -22"><span class='ocrx_word' id='word_1_164' title='bbox 438 1366 545 1420; x_wconf 90' lang='lat' dir='ltr'><strong>que</strong></span> <span class='ocrx_word' id='word_1_165' title='bbox 582 1359 713 1407; x_wconf 88' lang='lat' dir='ltr'><strong>sunt</strong></span> <span class='ocrx_word' id='word_1_166' title='bbox 762 1354 1015 1425; x_wconf 77' lang='lat' dir='ltr'><strong>sacrilegi</strong></span> <span class='ocrx_word' id='word_1_167' title='bbox 1051 1374 1063 1409; x_wconf 93' lang='lat'><strong>:</strong></span> <span class='ocrx_word' id='word_1_168' title='bbox 1099 1357 1146 1410; x_wconf 92' lang='lat' dir='ltr'><strong>si</strong></span> <span class='ocrx_word' id='word_1_169' title='bbox 1198 1357 1344 1411; x_wconf 88' lang='lat' dir='ltr'><strong>enim</strong></span> <span class='ocrx_word' id='word_1_170' title='bbox 1394 1365 1524 1411; x_wconf 90' lang='lat' dir='ltr'><strong>tunc</strong></span> <span class='ocrx_word' id='word_1_171' title='bbox 1562 1356 1815 1423; x_wconf 90' lang='lat' dir='ltr'><strong>aderant,</strong></span> <span class='ocrx_word' id='word_1_172' title='bbox 1862 1354 2031 1409; x_wconf 90' lang='lat' dir='ltr'><strong>multo</strong></span> 
     </span>
    </p>
   </div>
   <div class='ocr_carea' id='block_1_23' title="bbox 2159 1354 3729 1431">
    <p class='ocr_par' dir='ltr' id='par_1_23' title="bbox 2159 1355 3729 1431">
     <span class='ocr_line' id='line_1_23' title="bbox 2159 1355 3729 1431; baseline 0 -20"><span class='ocrx_word' id='word_1_173' title='bbox 2159 1360 2226 1411; x_wconf 74' lang='grc' dir='ltr'>ιαὶ</span> <span class='ocrx_word' id='word_1_174' title='bbox 2265 1357 2361 1411; x_wconf 76' lang='grc' dir='ltr'>νῦν</span> <span class='ocrx_word' id='word_1_175' title='bbox 2404 1359 2543 1413; x_wconf 76' lang='grc' dir='ltr'>εἰσὶν</span> <span class='ocrx_word' id='word_1_176' title='bbox 2589 1360 2892 1431; x_wconf 75' lang='grc' dir='ltr'>ἱερόσυλοι·</span> <span class='ocrx_word' id='word_1_177' title='bbox 2935 1362 2985 1414; x_wconf 81' lang='grc' dir='ltr'>εἰ</span> <span class='ocrx_word' id='word_1_178' title='bbox 3029 1358 3141 1431; x_wconf 80' lang='grc' dir='ltr'><strong>γὰρ</strong></span> <span class='ocrx_word' id='word_1_179' title='bbox 3178 1358 3298 1413; x_wconf 90' lang='grc' dir='ltr'>τότε</span> <span class='ocrx_word' id='word_1_180' title='bbox 3327 1355 3505 1428; x_wconf 83' lang='grc' dir='ltr'>ἦσαν,</span> <span class='ocrx_word' id='word_1_181' title='bbox 3544 1357 3729 1427; x_wconf 80' lang='grc' dir='ltr'>πολλῷ</span> 
     </span>
    </p>
   </div>
   <div class='ocr_carea' id='block_1_24' title="bbox 442 1444 2039 1523">
    <p class='ocr_par' dir='ltr' id='par_1_24' title="bbox 442 1444 2030 1517">
     <span class='ocr_line' id='line_1_24' title="bbox 442 1444 2030 1517; baseline 0.004 -23"><span class='ocrx_word' id='word_1_182' title='bbox 442 1444 614 1515; x_wconf 88' lang='lat' dir='ltr'><strong>magis</strong></span> <span class='ocrx_word' id='word_1_183' title='bbox 661 1460 840 1511; x_wconf 89' lang='lat' dir='ltr'><strong>nunc,</strong></span> <span class='ocrx_word' id='word_1_184' title='bbox 882 1448 1104 1517; x_wconf 83' lang='lat' dir='ltr'><strong>quando</strong></span> <span class='ocrx_word' id='word_1_185' title='bbox 1162 1447 1333 1503; x_wconf 89' lang='lat' dir='ltr'><strong>multa</strong></span> <span class='ocrx_word' id='word_1_186' title='bbox 1382 1446 1521 1502; x_wconf 86' lang='lat' dir='ltr'><strong>mala</strong></span> <span class='ocrx_word' id='word_1_187' title='bbox 1568 1445 1870 1517; x_wconf 85' lang='lat' dir='ltr'><strong>pullulant;</strong></span> <span class='ocrx_word' id='word_1_188' title='bbox 1936 1446 2030 1501; x_wconf 86' lang='lat' dir='ltr'><strong>sed</strong></span> 
     </span>
    </p>
   </div>
   <div class='ocr_carea' id='block_1_25' title="bbox 2159 1444 3729 1523">
    <p class='ocr_par' dir='ltr' id='par_1_25' title="bbox 2159 1450 3729 1522">
     <span class='ocr_line' id='line_1_25' title="bbox 2159 1450 3729 1522; baseline 0 -18"><span class='ocrx_word' id='word_1_189' title='bbox 2159 1451 2334 1506; x_wconf 81' lang='grc' dir='ltr'>ιᾶλλον</span> <span class='ocrx_word' id='word_1_190' title='bbox 2367 1450 2486 1515; x_wconf 84' lang='grc' dir='ltr'>νῦν,</span> <span class='ocrx_word' id='word_1_191' title='bbox 2520 1454 2610 1507; x_wconf 87' lang='grc' dir='ltr'>ὅτε</span> <span class='ocrx_word' id='word_1_192' title='bbox 2640 1452 2812 1507; x_wconf 83' lang='grc' dir='ltr'>πολλὰ</span> <span class='ocrx_word' id='word_1_193' title='bbox 2836 1452 2904 1507; x_wconf 80' lang='grc' dir='ltr'>τὰ</span> <span class='ocrx_word' id='word_1_194' title='bbox 2929 1453 3101 1508; x_wconf 73' lang='grc' dir='ltr'>κακά’</span> <span class='ocrx_word' id='word_1_195' title='bbox 3140 1452 3257 1507; x_wconf 75' lang='grc' dir='ltr'>ἀλλ’</span> <span class='ocrx_word' id='word_1_196' title='bbox 3284 1452 3603 1522; x_wconf 81' lang='grc' dir='ltr'>ἐλέγχωμεν</span> <span class='ocrx_word' id='word_1_197' title='bbox 3630 1452 3729 1505; x_wconf 86' lang='grc' dir='ltr'><strong>αὑ-</strong></span> 
     </span>
    </p>
   </div>
   <div class='ocr_carea' id='block_1_26' title="bbox 442 1522 2039 1615">
    <p class='ocr_par' dir='ltr' id='par_1_26' title="bbox 442 1522 2030 1611">
     <span class='ocr_line' id='line_1_26' title="bbox 442 1522 2030 1611; baseline 0 -19"><span class='ocrx_word' id='word_1_198' title='bbox 442 1538 587 1606; x_wconf 90' lang='lat' dir='ltr'><strong>ipsos</strong></span> <span class='ocrx_word' id='word_1_199' title='bbox 605 1552 901 1611; x_wconf 83' lang='lat' dir='ltr'><strong>arguamus</strong></span> <span class='ocrx_word' id='word_1_200' title='bbox 929 1546 1113 1597; x_wconf 84' lang='lat' dir='ltr'><strong>eoram</strong></span> <span class='ocrx_word' id='word_1_201' title='bbox 1144 1522 1418 1606; x_wconf 79' lang='lat' dir='ltr'><strong>omnibus,</strong></span> <span class='ocrx_word' id='word_1_202' title='bbox 1454 1550 1511 1596; x_wconf 92' lang='lat' dir='ltr'><strong>ut</strong></span> <span class='ocrx_word' id='word_1_203' title='bbox 1551 1550 1607 1596; x_wconf 94' lang='lat' dir='ltr'><strong>et</strong></span> <span class='ocrx_word' id='word_1_204' title='bbox 1632 1538 1826 1611; x_wconf 84' lang='lat' dir='ltr'><strong>reliqui</strong></span> <span class='ocrx_word' id='word_1_205' title='bbox 1868 1541 2030 1593; x_wconf 84' lang='lat' dir='ltr'><strong>timo-</strong></span> 
     </span>
    </p>
   </div>
   <div class='ocr_carea' id='block_1_27' title="bbox 2159 1522 3618 1615">
    <p class='ocr_par' dir='ltr' id='par_1_27' title="bbox 2159 1545 3618 1615">
     <span class='ocr_line' id='line_1_27' title="bbox 2159 1545 3618 1615; baseline 0.001 -16"><span class='ocrx_word' id='word_1_206' title='bbox 2159 1547 2260 1610; x_wconf 79' lang='grc' dir='ltr'><strong>οὺς</strong></span> <span class='ocrx_word' id='word_1_207' title='bbox 2292 1546 2385 1600; x_wconf 78' lang='grc' dir='ltr'><strong>ἐπὶ</strong></span> <span class='ocrx_word' id='word_1_208' title='bbox 2418 1546 2660 1611; x_wconf 83' lang='grc' dir='ltr'>πάντων,</span> <span class='ocrx_word' id='word_1_209' title='bbox 2688 1546 2775 1600; x_wconf 74' lang='grc' dir='ltr'>ἵνα</span> <span class='ocrx_word' id='word_1_210' title='bbox 2804 1547 2900 1601; x_wconf 74' lang='grc' dir='ltr'>καὶ</span> <span class='ocrx_word' id='word_1_211' title='bbox 2931 1547 2981 1601; x_wconf 74' lang='lat' dir='ltr'><strong>oi</strong></span> <span class='ocrx_word' id='word_1_212' title='bbox 3020 1545 3203 1599; x_wconf 60' lang='grc' dir='ltr'><strong>λοιποὶ¹</strong></span> <span class='ocrx_word' id='word_1_213' title='bbox 3233 1546 3398 1615; x_wconf 80' lang='grc' dir='ltr'>φόϐον</span> <span class='ocrx_word' id='word_1_214' title='bbox 3429 1547 3618 1615; x_wconf 78' lang='grc' dir='ltr'>ἔχωσι.</span> 
     </span>
    </p>
   </div>
   <div class='ocr_carea' id='block_1_28' title="bbox 442 1632 840 1689">
    <p class='ocr_par' dir='ltr' id='par_1_28' title="bbox 442 1632 840 1689">
     <span class='ocr_line' id='line_1_28' title="bbox 442 1632 840 1689; baseline 0.01 -6"><span class='ocrx_word' id='word_1_215' title='bbox 442 1647 554 1685; x_wconf 88' lang='lat' dir='ltr'><strong>rem</strong></span> <span class='ocrx_word' id='word_1_216' title='bbox 585 1632 840 1689; x_wconf 79' lang='lat' dir='ltr'><strong>habeant.</strong></span> 
     </span>
    </p>
   </div>
   <div class='ocr_carea' id='block_1_29' title="bbox 513 1719 2039 1801">
    <p class='ocr_par' dir='ltr' id='par_1_29' title="bbox 513 1723 2031 1788">
     <span class='ocr_line' id='line_1_29' title="bbox 513 1723 2031 1788; baseline -0.004 -7"><span class='ocrx_word' id='word_1_217' title='bbox 513 1723 676 1781; x_wconf 69' lang='lat' dir='ltr'><strong>Vens.</strong></span> <span class='ocrx_word' id='word_1_218' title='bbox 714 1726 768 1782; x_wconf 90' lang='lat'><strong>8.</strong></span> <span class='ocrx_word' id='word_1_219' title='bbox 818 1745 836 1778; x_wconf 85' lang='grc' dir='ltr'><strong>ι</strong></span> <span class='ocrx_word' id='word_1_220' title='bbox 866 1725 1014 1781; x_wconf 80' lang='lat' dir='ltr'><strong>Dixit</strong></span> <span class='ocrx_word' id='word_1_221' title='bbox 1036 1737 1216 1782; x_wconf 87' lang='lat' dir='ltr'><strong>autem</strong></span> <span class='ocrx_word' id='word_1_222' title='bbox 1247 1727 1295 1782; x_wconf 91' lang='lat' dir='ltr'><strong>ci</strong></span> <span class='ocrx_word' id='word_1_223' title='bbox 1334 1726 1526 1781; x_wconf 85' lang='lat' dir='ltr'><strong>Petrus</strong></span> <span class='ocrx_word' id='word_1_224' title='bbox 1560 1745 1573 1779; x_wconf 90' lang='lat'><strong>:</strong></span> <span class='ocrx_word' id='word_1_225' title='bbox 1605 1726 1699 1781; x_wconf 90' lang='lat' dir='ltr'><strong>Dic</strong></span> <span class='ocrx_word' id='word_1_226' title='bbox 1733 1724 1889 1788; x_wconf 84' lang='lat' dir='ltr'><strong>mihi,</strong></span> <span class='ocrx_word' id='word_1_227' title='bbox 1918 1739 2031 1777; x_wconf 89' lang='lat' dir='ltr'><strong>mu-</strong></span> 
     </span>
    </p>
   </div>
   <div class='ocr_carea' id='block_1_30' title="bbox 2159 1719 3728 1801">
    <p class='ocr_par' dir='ltr' id='par_1_30' title="bbox 2210 1719 3728 1801">
     <span class='ocr_line' id='line_1_30' title="bbox 2210 1719 3728 1801; baseline -0.002 -23"><span class='ocrx_word' id='word_1_228' title='bbox 2210 1744 2228 1777; x_wconf 86' lang='grc' dir='ltr'><strong>ι</strong></span> <span class='ocrx_word' id='word_1_229' title='bbox 2275 1725 2577 1797; x_wconf 70' lang='grc' dir='ltr'>Ἀπεκρίθη</span> <span class='ocrx_word' id='word_1_230' title='bbox 2605 1725 2661 1778; x_wconf 82' lang='grc' dir='ltr'>δὲ</span> <span class='ocrx_word' id='word_1_231' title='bbox 2695 1726 2908 1798; x_wconf 79' lang='grc' dir='ltr'>Πέτρος</span> <span class='ocrx_word' id='word_1_232' title='bbox 2944 1726 3081 1801; x_wconf 82' lang='grc' dir='ltr'>πρὸς</span> <span class='ocrx_word' id='word_1_233' title='bbox 3109 1719 3313 1794; x_wconf 73' lang='grc' dir='ltr'>αὐτὴν·</span> <span class='ocrx_word' id='word_1_234' title='bbox 3349 1721 3488 1776; x_wconf 83' lang='grc' dir='ltr'>Εἰπέ</span> <span class='ocrx_word' id='word_1_235' title='bbox 3521 1738 3636 1793; x_wconf 79' lang='grc' dir='ltr'>μοι,</span> <span class='ocrx_word' id='word_1_236' title='bbox 3677 1722 3728 1775; x_wconf 79' lang='grc' dir='ltr'><strong>εί</strong></span> 
     </span>
    </p>
   </div>
   <div class='ocr_carea' id='block_1_31' title="bbox 440 1797 2039 1889">
    <p class='ocr_par' dir='ltr' id='par_1_31' title="bbox 440 1816 2025 1889">
     <span class='ocr_line' id='line_1_31' title="bbox 440 1816 2025 1889; baseline 0.003 -23"><span class='ocrx_word' id='word_1_237' title='bbox 440 1816 579 1882; x_wconf 75' lang='grc' dir='ltr'>Ιιεν,</span> <span class='ocrx_word' id='word_1_238' title='bbox 634 1819 679 1874; x_wconf 88' lang='lat' dir='ltr'><strong>si</strong></span> <span class='ocrx_word' id='word_1_239' title='bbox 738 1818 877 1873; x_wconf 89' lang='lat' dir='ltr'><strong>tanti</strong></span> <span class='ocrx_word' id='word_1_240' title='bbox 925 1834 1113 1889; x_wconf 86' lang='lat' dir='ltr'><strong>agrum</strong></span> <span class='ocrx_word' id='word_1_241' title='bbox 1173 1819 1533 1875; x_wconf 78' lang='lat' dir='ltr'><strong>vendidistis?</strong></span> <span class='ocrx_word' id='word_1_242' title='bbox 1579 1820 1650 1872; x_wconf 86' lang='lat' dir='ltr'><strong>At</strong></span> <span class='ocrx_word' id='word_1_243' title='bbox 1703 1816 1791 1871; x_wconf 90' lang='lat' dir='ltr'><strong>illa</strong></span> <span class='ocrx_word' id='word_1_244' title='bbox 1842 1816 2025 1873; x_wconf 89' lang='lat' dir='ltr'><strong>dixit:</strong></span> 
     </span>
    </p>
   </div>
   <div class='ocr_carea' id='block_1_32' title="bbox 2159 1797 3730 1889">
    <p class='ocr_par' dir='ltr' id='par_1_32' title="bbox 2159 1811 3730 1889">
     <span class='ocr_line' id='line_1_32' title="bbox 2159 1811 3730 1889; baseline -0.002 -21"><span class='ocrx_word' id='word_1_245' title='bbox 2159 1817 2391 1871; x_wconf 73' lang='grc' dir='ltr'>τοσούτου</span> <span class='ocrx_word' id='word_1_246' title='bbox 2421 1817 2482 1871; x_wconf 78' lang='grc' dir='ltr'>τὸ</span> <span class='ocrx_word' id='word_1_247' title='bbox 2512 1818 2711 1889; x_wconf 81' lang='grc' dir='ltr'>χωρίον</span> <span class='ocrx_word' id='word_1_248' title='bbox 2739 1817 3035 1885; x_wconf 74' lang='grc' dir='ltr'>ἀπέδοσθες</span> <span class='ocrx_word' id='word_1_249' title='bbox 3067 1818 3129 1872; x_wconf 85' lang='grc' dir='ltr'><strong>Ἦ</strong></span> <span class='ocrx_word' id='word_1_250' title='bbox 3147 1817 3202 1872; x_wconf 87' lang='grc' dir='ltr'>δὲ</span> <span class='ocrx_word' id='word_1_251' title='bbox 3220 1811 3362 1870; x_wconf 82' lang='grc' dir='ltr'>εἷπε·</span> <span class='ocrx_word' id='word_1_252' title='bbox 3380 1815 3510 1881; x_wconf 69' lang='grc' dir='ltr'>Ναὶ,</span> <span class='ocrx_word' id='word_1_253' title='bbox 3538 1812 3730 1868; x_wconf 77' lang='grc' dir='ltr'>τοσούο</span> 
     </span>
    </p>
   </div>
   <div class='ocr_carea' id='block_1_33' title="bbox 441 1897 2039 1964">
    <p class='ocr_par' dir='ltr' id='par_1_33' title="bbox 441 1907 866 1964">
     <span class='ocr_line' id='line_1_33' title="bbox 441 1907 866 1964; baseline 0 -3"><span class='ocrx_word' id='word_1_254' title='bbox 441 1907 617 1962; x_wconf 81' lang='lat' dir='ltr'><strong>Etiam</strong></span> <span class='ocrx_word' id='word_1_255' title='bbox 656 1910 812 1964; x_wconf 80' lang='lat' dir='ltr'><strong>tanti.</strong></span> <span class='ocrx_word' id='word_1_256' title='bbox 850 1929 866 1961; x_wconf 80' lang='grc' dir='ltr'><strong>ι</strong></span> 
     </span>
    </p>
   </div>
   <div class='ocr_carea' id='block_1_34' title="bbox 2159 1897 2400 1964">
    <p class='ocr_par' dir='ltr' id='par_1_34' title="bbox 2159 1897 2400 1962">
     <span class='ocr_line' id='line_1_34' title="bbox 2159 1897 2400 1962; baseline -0.008 -3"><span class='ocrx_word' id='word_1_257' title='bbox 2159 1924 2249 1962; x_wconf 73' lang='grc' dir='ltr'>του.</span> <span class='ocrx_word' id='word_1_258' title='bbox 2280 1925 2298 1958; x_wconf 81' lang='grc' dir='ltr'><strong>ι</strong></span> <span class='ocrx_word' id='word_1_259' title='bbox 2392 1897 2400 1903; x_wconf 77' lang='grc'><strong>’</strong></span> 
     </span>
    </p>
   </div>
   <div class='ocr_carea' id='block_1_35' title="bbox 511 1999 2039 2074">
    <p class='ocr_par' dir='ltr' id='par_1_35' title="bbox 511 1999 2031 2074">
     <span class='ocr_line' id='line_1_35' title="bbox 511 1999 2031 2074; baseline 0 -19"><span class='ocrx_word' id='word_1_260' title='bbox 511 2002 880 2074; x_wconf 88' lang='lat' dir='ltr'><strong>luterrogari,</strong></span> <span class='ocrx_word' id='word_1_261' title='bbox 935 2019 1037 2058; x_wconf 89' lang='lat' dir='ltr'><strong>nec</strong></span> <span class='ocrx_word' id='word_1_262' title='bbox 1090 2003 1363 2073; x_wconf 86' lang='lat' dir='ltr'><strong>propriam</strong></span> <span class='ocrx_word' id='word_1_263' title='bbox 1417 2002 1629 2073; x_wconf 90' lang='lat' dir='ltr'><strong>culpam</strong></span> <span class='ocrx_word' id='word_1_264' title='bbox 1685 1999 1881 2067; x_wconf 81' lang='lat' dir='ltr'><strong>fateri,</strong></span> <span class='ocrx_word' id='word_1_265' title='bbox 1935 2001 2031 2057; x_wconf 90' lang='lat' dir='ltr'><strong>scd</strong></span> 
     </span>
    </p>
   </div>
   <div class='ocr_carea' id='block_1_36' title="bbox 2159 1999 3730 2074">
    <p class='ocr_par' dir='ltr' id='par_1_36' title="bbox 2206 1999 3730 2074">
     <span class='ocr_line' id='line_1_36' title="bbox 2206 1999 3730 2074; baseline -0.002 -20"><span class='ocrx_word' id='word_1_266' title='bbox 2206 2000 2280 2055; x_wconf 85' lang='grc' dir='ltr'><strong>Τὸ</strong></span> <span class='ocrx_word' id='word_1_267' title='bbox 2349 2002 2692 2074; x_wconf 77' lang='grc' dir='ltr'>ἐρωτηθῆναι</span> <span class='ocrx_word' id='word_1_268' title='bbox 2763 2005 2860 2058; x_wconf 73' lang='grc' dir='ltr'><strong>καὶ</strong></span> <span class='ocrx_word' id='word_1_269' title='bbox 2938 2001 3013 2074; x_wconf 85' lang='grc' dir='ltr'><strong>μὴ</strong></span> <span class='ocrx_word' id='word_1_270' title='bbox 3067 2001 3404 2072; x_wconf 80' lang='grc' dir='ltr'>ὁμολογῆσαι</span> <span class='ocrx_word' id='word_1_271' title='bbox 3467 2000 3529 2053; x_wconf 72' lang='grc' dir='ltr'>τὸ</span> <span class='ocrx_word' id='word_1_272' title='bbox 3594 1999 3730 2052; x_wconf 71' lang='grc' dir='ltr'>ἴδιον</span> 
     </span>
    </p>
   </div>
   <div class='ocr_carea' id='block_1_37' title="bbox 438 2094 2039 2168">
    <p class='ocr_par' dir='ltr' id='par_1_37' title="bbox 438 2095 2034 2165">
     <span class='ocr_line' id='line_1_37' title="bbox 438 2095 2034 2165; baseline 0.001 -18"><span class='ocrx_word' id='word_1_273' title='bbox 438 2111 468 2147; x_wconf 88' lang='lat' dir='ltr'><strong>e</strong></span> <span class='ocrx_word' id='word_1_274' title='bbox 496 2102 685 2149; x_wconf 87' lang='lat' dir='ltr'><strong>contra</strong></span> <span class='ocrx_word' id='word_1_275' title='bbox 728 2108 976 2164; x_wconf 71' lang='lat' dir='ltr'><strong>qumrere</strong></span> <span class='ocrx_word' id='word_1_276' title='bbox 1013 2098 1286 2164; x_wconf 91' lang='lat' dir='ltr'><strong>quomodo</strong></span> <span class='ocrx_word' id='word_1_277' title='bbox 1322 2095 1567 2165; x_wconf 88' lang='lat' dir='ltr'><strong>ign0tum</strong></span> <span class='ocrx_word' id='word_1_278' title='bbox 1614 2103 1898 2151; x_wconf 88' lang='lat' dir='ltr'><strong>remaneat</strong></span> <span class='ocrx_word' id='word_1_279' title='bbox 1937 2108 2034 2162; x_wconf 87' lang='lat' dir='ltr'><strong>per</strong></span> 
     </span>
    </p>
   </div>
   <div class='ocr_carea' id='block_1_38' title="bbox 2159 2094 3730 2168">
    <p class='ocr_par' dir='ltr' id='par_1_38' title="bbox 2159 2094 3730 2168">
     <span class='ocr_line' id='line_1_38' title="bbox 2159 2094 3730 2168; baseline -0.001 -19"><span class='ocrx_word' id='word_1_280' title='bbox 2159 2097 2419 2167; x_wconf 68' lang='grc' dir='ltr'>πταῖσμα,</span> <span class='ocrx_word' id='word_1_281' title='bbox 2479 2097 2617 2151; x_wconf 82' lang='grc' dir='ltr'>ἀλλὰ</span> <span class='ocrx_word' id='word_1_282' title='bbox 2661 2098 2758 2153; x_wconf 74' lang='grc' dir='ltr'><strong>καὶ</strong></span> <span class='ocrx_word' id='word_1_283' title='bbox 2810 2099 2870 2152; x_wconf 83' lang='grc' dir='ltr'><strong>τὸ</strong></span> <span class='ocrx_word' id='word_1_284' title='bbox 2912 2097 3154 2151; x_wconf 76' lang='grc' dir='ltr'>ἐναντίον</span> <span class='ocrx_word' id='word_1_285' title='bbox 3204 2097 3390 2168; x_wconf 81' lang='grc' dir='ltr'>ζητεῖν</span> <span class='ocrx_word' id='word_1_286' title='bbox 3434 2094 3623 2149; x_wconf 77' lang='grc' dir='ltr'>λαθεῖν</span> <span class='ocrx_word' id='word_1_287' title='bbox 3657 2095 3730 2148; x_wconf 83' lang='grc' dir='ltr'>δι’</span> 
     </span>
    </p>
   </div>
   <div class='ocr_carea' id='block_1_39' title="bbox 439 2185 2039 2260">
    <p class='ocr_par' dir='ltr' id='par_1_39' title="bbox 439 2185 2033 2256">
     <span class='ocr_line' id='line_1_39' title="bbox 439 2185 2033 2256; baseline 0.004 -20"><span class='ocrx_word' id='word_1_288' title='bbox 439 2185 883 2256; x_wconf 68' lang='lat' dir='ltr'><strong>ile-negationem,</strong></span> <span class='ocrx_word' id='word_1_289' title='bbox 936 2186 1093 2240; x_wconf 75' lang='lat' dir='ltr'><strong>venia</strong></span> <span class='ocrx_word' id='word_1_290' title='bbox 1148 2187 1432 2256; x_wconf 83' lang='lat' dir='ltr'><strong>indignum</strong></span> <span class='ocrx_word' id='word_1_291' title='bbox 1467 2186 1704 2255; x_wconf 86' lang='lat' dir='ltr'><strong>malum;</strong></span> <span class='ocrx_word' id='word_1_292' title='bbox 1744 2188 1929 2256; x_wconf 85' lang='lat' dir='ltr'><strong>itaque</strong></span> <span class='ocrx_word' id='word_1_293' title='bbox 1977 2195 2033 2242; x_wconf 89' lang='lat' dir='ltr'><strong>et</strong></span> 
     </span>
    </p>
   </div>
   <div class='ocr_carea' id='block_1_40' title="bbox 2159 2185 3729 2260">
    <p class='ocr_par' dir='ltr' id='par_1_40' title="bbox 2159 2187 3729 2260">
     <span class='ocr_line' id='line_1_40' title="bbox 2159 2187 3729 2260; baseline 0 -19"><span class='ocrx_word' id='word_1_294' title='bbox 2159 2189 2459 2260; x_wconf 82' lang='grc' dir='ltr'>ιρνήσεως,</span> <span class='ocrx_word' id='word_1_295' title='bbox 2509 2189 2900 2260; x_wconf 86' lang='grc' dir='ltr'>ἁσύγγνωστον</span> <span class='ocrx_word' id='word_1_296' title='bbox 2936 2189 3140 2243; x_wconf 81' lang='grc' dir='ltr'>κακόν’</span> <span class='ocrx_word' id='word_1_297' title='bbox 3176 2189 3258 2243; x_wconf 75' lang='grc' dir='ltr'>διὸ</span> <span class='ocrx_word' id='word_1_298' title='bbox 3298 2189 3394 2243; x_wconf 76' lang='grc' dir='ltr'><strong>καὶ</strong></span> <span class='ocrx_word' id='word_1_299' title='bbox 3434 2187 3729 2255; x_wconf 78' lang='grc' dir='ltr'>ὲπιφθάνει</span> 
     </span>
    </p>
   </div>
   <div class='ocr_carea' id='block_1_41' title="bbox 435 2275 2039 2355">
    <p class='ocr_par' dir='ltr' id='par_1_41' title="bbox 435 2275 2028 2347">
     <span class='ocr_line' id='line_1_41' title="bbox 435 2275 2028 2347; baseline 0.001 -15"><span class='ocrx_word' id='word_1_300' title='bbox 435 2275 725 2332; x_wconf 79' lang='lat' dir='ltr'><strong>confestim</strong></span> <span class='ocrx_word' id='word_1_301' title='bbox 775 2277 979 2346; x_wconf 82' lang='lat' dir='ltr'><strong>ingruit</strong></span> <span class='ocrx_word' id='word_1_302' title='bbox 1009 2292 1190 2347; x_wconf 63' lang='lat' dir='ltr'><strong>paena.</strong></span> <span class='ocrx_word' id='word_1_303' title='bbox 1239 2277 1333 2335; x_wconf 92' lang='lat' dir='ltr'><strong>Sic</strong></span> <span class='ocrx_word' id='word_1_304' title='bbox 1365 2279 1676 2335; x_wconf 84' lang='lat' dir='ltr'><strong>invenimus</strong></span> <span class='ocrx_word' id='word_1_305' title='bbox 1707 2289 1761 2334; x_wconf 91' lang='lat' dir='ltr'><strong>et</strong></span> <span class='ocrx_word' id='word_1_306' title='bbox 1791 2280 1857 2335; x_wconf 87' lang='lat' dir='ltr'><strong>de</strong></span> <span class='ocrx_word' id='word_1_307' title='bbox 1896 2279 2028 2335; x_wconf 87' lang='lat' dir='ltr'><strong>Cain</strong></span> 
     </span>
    </p>
   </div>
   <div class='ocr_carea' id='block_1_42' title="bbox 2159 2275 3728 2355">
    <p class='ocr_par' dir='ltr' id='par_1_42' title="bbox 2159 2278 3728 2355">
     <span class='ocr_line' id='line_1_42' title="bbox 2159 2278 3728 2355; baseline -0.001 -19"><span class='ocrx_word' id='word_1_308' title='bbox 2159 2281 2300 2347; x_wconf 55' lang='grc' dir='ltr'>ηὺθὺς</span> <span class='ocrx_word' id='word_1_309' title='bbox 2341 2285 2377 2354; x_wconf 79' lang='grc' dir='ltr'>ἡ</span> <span class='ocrx_word' id='word_1_310' title='bbox 2421 2283 2688 2355; x_wconf 86' lang='grc' dir='ltr'>τιμωρία.</span> <span class='ocrx_word' id='word_1_311' title='bbox 2742 2281 2932 2345; x_wconf 77' lang='grc' dir='ltr'>Οὕτως</span> <span class='ocrx_word' id='word_1_312' title='bbox 2980 2283 3314 2353; x_wconf 77' lang='grc' dir='ltr'>εὑρίσκομεν</span> <span class='ocrx_word' id='word_1_313' title='bbox 3365 2283 3460 2335; x_wconf 75' lang='grc' dir='ltr'><strong>καὶ</strong></span> <span class='ocrx_word' id='word_1_314' title='bbox 3494 2280 3588 2334; x_wconf 78' lang='grc' dir='ltr'>ἐπὶ</span> <span class='ocrx_word' id='word_1_315' title='bbox 3629 2278 3728 2334; x_wconf 79' lang='grc' dir='ltr'>τοῦ</span> 
     </span>
    </p>
   </div>
   <div class='ocr_carea' id='block_1_43' title="bbox 436 2368 2039 2444">
    <p class='ocr_par' dir='ltr' id='par_1_43' title="bbox 436 2368 2027 2441">
     <span class='ocr_line' id='line_1_43' title="bbox 436 2368 2027 2441; baseline 0.001 -18"><span class='ocrx_word' id='word_1_316' title='bbox 436 2370 526 2440; x_wconf 85' lang='lat' dir='ltr'><strong>qui</strong></span> <span class='ocrx_word' id='word_1_317' title='bbox 551 2369 776 2426; x_wconf 87' lang='lat' dir='ltr'><strong>audiens</strong></span> <span class='ocrx_word' id='word_1_318' title='bbox 800 2388 814 2425; x_wconf 82' lang='lat'><strong>:</strong></span> <span class='ocrx_word' id='word_1_319' title='bbox 842 2368 944 2425; x_wconf 80' lang='lat' dir='ltr'><strong>Ubi</strong></span> <span class='ocrx_word' id='word_1_320' title='bbox 970 2380 1045 2427; x_wconf 80' lang='lat' dir='ltr'><strong>est</strong></span> <span class='ocrx_word' id='word_1_321' title='bbox 1070 2371 1198 2425; x_wconf 80' lang='lat' dir='ltr'><strong>Abel</strong></span> <span class='ocrx_word' id='word_1_322' title='bbox 1221 2372 1389 2441; x_wconf 79' lang='lat' dir='ltr'><strong>frater</strong></span> <span class='ocrx_word' id='word_1_323' title='bbox 1416 2372 1578 2426; x_wconf 79' lang='lat' dir='ltr'><strong>tuus?</strong></span> <span class='ocrx_word' id='word_1_324' title='bbox 1603 2371 1739 2428; x_wconf 79' lang='lat' dir='ltr'><strong>dixit</strong></span> <span class='ocrx_word' id='word_1_325' title='bbox 1766 2391 1778 2425; x_wconf 94' lang='lat'>:</span> <span class='ocrx_word' id='word_1_326' title='bbox 1811 2370 2027 2438; x_wconf 81' lang='lat' dir='ltr'><strong>Nescio,</strong></span> 
     </span>
    </p>
   </div>
   <div class='ocr_carea' id='block_1_44' title="bbox 2159 2368 3731 2444">
    <p class='ocr_par' dir='ltr' id='par_1_44' title="bbox 2159 2374 3731 2444">
     <span class='ocr_line' id='line_1_44' title="bbox 2159 2374 3731 2444; baseline -0.002 -14"><span class='ocrx_word' id='word_1_327' title='bbox 2159 2378 2299 2442; x_wconf 71' lang='grc' dir='ltr'>ίάῖν,</span> <span class='ocrx_word' id='word_1_328' title='bbox 2346 2376 2405 2440; x_wconf 83' lang='grc' dir='ltr'>ὃς</span> <span class='ocrx_word' id='word_1_329' title='bbox 2449 2376 2729 2444; x_wconf 87' lang='grc' dir='ltr'>ἀκούσας,</span> <span class='ocrx_word' id='word_1_330' title='bbox 2765 2378 2889 2433; x_wconf 88' lang='grc' dir='ltr'><strong>Ποῦ</strong></span> <span class='ocrx_word' id='word_1_331' title='bbox 2941 2378 3114 2431; x_wconf 77' lang='grc' dir='ltr'>ἐστιν</span> <span class='ocrx_word' id='word_1_332' title='bbox 3171 2378 3344 2431; x_wconf 69' lang='grc' dir='ltr'>Ἅϐελ</span> <span class='ocrx_word' id='word_1_333' title='bbox 3390 2378 3423 2430; x_wconf 84' lang='grc' dir='ltr'><em>ὀ</em></span> <span class='ocrx_word' id='word_1_334' title='bbox 3462 2374 3731 2444; x_wconf 68' lang='grc' dir='ltr'>ἀδελφός</span> 
     </span>
    </p>
   </div>
   <div class='ocr_carea' id='block_1_45' title="bbox 437 2463 2039 2541">
    <p class='ocr_par' dir='ltr' id='par_1_45' title="bbox 437 2464 1741 2537">
     <span class='ocr_line' id='line_1_45' title="bbox 437 2464 1741 2537; baseline 0.002 -19"><span class='ocrx_word' id='word_1_335' title='bbox 437 2471 494 2519; x_wconf 90' lang='lat' dir='ltr'><strong>ct</strong></span> <span class='ocrx_word' id='word_1_336' title='bbox 518 2464 700 2519; x_wconf 89' lang='lat' dir='ltr'><strong>statim</strong></span> <span class='ocrx_word' id='word_1_337' title='bbox 732 2472 854 2536; x_wconf 92' lang='lat' dir='ltr'><strong>post</strong></span> <span class='ocrx_word' id='word_1_338' title='bbox 882 2465 998 2520; x_wconf 67' lang='lat' dir='ltr'><strong>haec</strong></span> <span class='ocrx_word' id='word_1_339' title='bbox 1028 2465 1341 2521; x_wconf 87' lang='lat' dir='ltr'><strong>maledictio</strong></span> <span class='ocrx_word' id='word_1_340' title='bbox 1367 2464 1741 2537; x_wconf 88' lang='lat' dir='ltr'><strong>subsequitur.</strong></span> 
     </span>
    </p>
   </div>
   <div class='ocr_carea' id='block_1_46' title="bbox 2159 2463 3733 2541">
    <p class='ocr_par' dir='ltr' id='par_1_46' title="bbox 2159 2463 3733 2541">
     <span class='ocr_line' id='line_1_46' title="bbox 2159 2463 3733 2541; baseline 0.001 -23"><span class='ocrx_word' id='word_1_341' title='bbox 2159 2484 2251 2523; x_wconf 82' lang='grc' dir='ltr'>ι-ου</span> <span class='ocrx_word' id='word_1_342' title='bbox 2272 2467 2320 2536; x_wconf 74' lang='grc' dir='ltr'>ἀ,</span> <span class='ocrx_word' id='word_1_343' title='bbox 2353 2463 2529 2535; x_wconf 78' lang='grc' dir='ltr'>εἶπεν,</span> <span class='ocrx_word' id='word_1_344' title='bbox 2557 2471 2682 2523; x_wconf 79' lang='grc' dir='ltr'><strong>Οὐκ</strong></span> <span class='ocrx_word' id='word_1_345' title='bbox 2716 2465 2870 2523; x_wconf 78' lang='grc' dir='ltr'>οἶδα·</span> <span class='ocrx_word' id='word_1_346' title='bbox 2896 2468 2992 2523; x_wconf 78' lang='grc' dir='ltr'><strong>καὶ</strong></span> <span class='ocrx_word' id='word_1_347' title='bbox 3036 2467 3222 2522; x_wconf 72' lang='grc' dir='ltr'>λοιπὸν</span> <span class='ocrx_word' id='word_1_348' title='bbox 3255 2470 3289 2539; x_wconf 83' lang='grc' dir='ltr'><strong>ἡ</strong></span> <span class='ocrx_word' id='word_1_349' title='bbox 3332 2469 3546 2541; x_wconf 83' lang='grc' dir='ltr'>κατάρα</span> <span class='ocrx_word' id='word_1_350' title='bbox 3590 2466 3733 2539; x_wconf 79' lang='grc' dir='ltr'>μετὰ</span> 
     </span>
    </p>
   </div>
   <div class='ocr_carea' id='block_1_47' title="bbox 2134 2560 2649 2630">
    <p class='ocr_par' dir='ltr' id='par_1_47' title="bbox 2134 2560 2649 2630">
     <span class='ocr_line' id='line_1_47' title="bbox 2134 2560 2649 2630; baseline 0.002 -16"><span class='ocrx_word' id='word_1_351' title='bbox 2134 2560 2309 2616; x_wconf 80' lang='grc' dir='ltr'>ταῦτα</span> <span class='ocrx_word' id='word_1_352' title='bbox 2337 2560 2649 2630; x_wconf 76' lang='grc' dir='ltr'>ὲπιφθάνει.</span> 
     </span>
    </p>
   </div>
   <div class='ocr_carea' id='block_1_48' title="bbox 510 2647 1879 2716">
    <p class='ocr_par' dir='ltr' id='par_1_48' title="bbox 510 2647 1879 2716">
     <span class='ocr_line' id='line_1_48' title="bbox 510 2647 1879 2716; baseline -0.003 -12"><span class='ocrx_word' id='word_1_353' title='bbox 510 2650 677 2705; x_wconf 71' lang='lat' dir='ltr'><strong>Vens.</strong></span> <span class='ocrx_word' id='word_1_354' title='bbox 711 2649 799 2704; x_wconf 79' lang='grc'><strong>17.</strong></span> <span class='ocrx_word' id='word_1_355' title='bbox 841 2648 972 2716; x_wconf 64' lang='lat' dir='ltr'><strong>Quae</strong></span> <span class='ocrx_word' id='word_1_356' title='bbox 1004 2658 1088 2705; x_wconf 90' lang='lat' dir='ltr'><strong>est</strong></span> <span class='ocrx_word' id='word_1_357' title='bbox 1116 2649 1343 2706; x_wconf 67' lang='lat' dir='ltr'><strong>hteresis</strong></span> <span class='ocrx_word' id='word_1_358' title='bbox 1376 2647 1825 2705; x_wconf 84' lang='lat' dir='ltr'><strong>Sadducaeorum.</strong></span> <span class='ocrx_word' id='word_1_359' title='bbox 1859 2666 1879 2699; x_wconf 71' lang='grc' dir='ltr'><strong>ι</strong></span> 
     </span>
    </p>
   </div>
   <div class='ocr_carea' id='block_1_49' title="bbox 511 2740 1778 2814">
    <p class='ocr_par' dir='ltr' id='par_1_49' title="bbox 511 2740 1778 2814">
     <span class='ocr_line' id='line_1_49' title="bbox 511 2740 1778 2814; baseline -0.003 -16"><span class='ocrx_word' id='word_1_360' title='bbox 511 2740 827 2798; x_wconf 79' lang='lat' dir='ltr'><strong>Nmandum</strong></span> <span class='ocrx_word' id='word_1_361' title='bbox 860 2742 1005 2814; x_wconf 90' lang='lat' dir='ltr'><strong>quod</strong></span> <span class='ocrx_word' id='word_1_362' title='bbox 1034 2742 1279 2798; x_wconf 65' lang='lat' dir='ltr'><strong>haeretici</strong></span> <span class='ocrx_word' id='word_1_363' title='bbox 1314 2751 1443 2798; x_wconf 91' lang='lat' dir='ltr'><strong>sunt</strong></span> <span class='ocrx_word' id='word_1_364' title='bbox 1472 2741 1778 2798; x_wconf 64' lang='lat' dir='ltr'><strong>Sa’dducmi.</strong></span> 
     </span>
    </p>
   </div>
   <div class='ocr_carea' id='block_1_50' title="bbox 510 2830 2036 2901">
    <p class='ocr_par' dir='ltr' id='par_1_50' title="bbox 510 2830 2036 2901">
     <span class='ocr_line' id='line_1_50' title="bbox 510 2830 2036 2901; baseline -0.003 -12"><span class='ocrx_word' id='word_1_365' title='bbox 510 2834 678 2889; x_wconf 70' lang='lat' dir='ltr'><strong>Vens.</strong></span> <span class='ocrx_word' id='word_1_366' title='bbox 714 2834 804 2889; x_wconf 77' lang='grc'><strong>18.</strong></span> <span class='ocrx_word' id='word_1_367' title='bbox 851 2852 870 2887; x_wconf 86' lang='grc' dir='ltr'><strong>ι</strong></span> <span class='ocrx_word' id='word_1_368' title='bbox 898 2833 966 2889; x_wconf 88' lang='grc' dir='ltr'>Ει</span> <span class='ocrx_word' id='word_1_369' title='bbox 995 2833 1299 2901; x_wconf 75' lang='lat' dir='ltr'><strong>iniecerunt</strong></span> <span class='ocrx_word' id='word_1_370' title='bbox 1338 2847 1531 2888; x_wconf 88' lang='lat' dir='ltr'><strong>manus</strong></span> <span class='ocrx_word' id='word_1_371' title='bbox 1560 2832 1614 2886; x_wconf 92' lang='lat' dir='ltr'><strong>in</strong></span> <span class='ocrx_word' id='word_1_372' title='bbox 1649 2830 1943 2900; x_wconf 82' lang='lat' dir='ltr'><strong>apostolos,</strong></span> <span class='ocrx_word' id='word_1_373' title='bbox 1979 2840 2036 2886; x_wconf 86' lang='lat' dir='ltr'><strong>et</strong></span> 
     </span>
    </p>
   </div>
   <div class='ocr_carea' id='block_1_51' title="bbox 441 2924 1559 2996">
    <p class='ocr_par' dir='ltr' id='par_1_51' title="bbox 441 2924 1559 2996">
     <span class='ocr_line' id='line_1_51' title="bbox 441 2924 1559 2996; baseline -0.007 -14"><span class='ocrx_word' id='word_1_374' title='bbox 441 2934 741 2994; x_wconf 87' lang='lat' dir='ltr'><strong>posuerunt</strong></span> <span class='ocrx_word' id='word_1_375' title='bbox 769 2940 866 2982; x_wconf 88' lang='lat' dir='ltr'><strong>eos</strong></span> <span class='ocrx_word' id='word_1_376' title='bbox 904 2926 956 2980; x_wconf 91' lang='lat' dir='ltr'><strong>in</strong></span> <span class='ocrx_word' id='word_1_377' title='bbox 982 2926 1233 2981; x_wconf 90' lang='lat' dir='ltr'><strong>custodia</strong></span> <span class='ocrx_word' id='word_1_378' title='bbox 1266 2924 1504 2996; x_wconf 89' lang='lat' dir='ltr'><strong>publica.</strong></span> <span class='ocrx_word' id='word_1_379' title='bbox 1540 2943 1559 2974; x_wconf 71' lang='grc' dir='ltr'><strong>ι</strong></span> 
     </span>
    </p>
   </div>
   <div class='ocr_carea' id='block_1_52' title="bbox 444 3016 2032 3089">
    <p class='ocr_par' dir='ltr' id='par_1_52' title="bbox 444 3016 2032 3089">
     <span class='ocr_line' id='line_1_52' title="bbox 444 3016 2032 3089; baseline -0.002 -16"><span class='ocrx_word' id='word_1_380' title='bbox 444 3028 455 3043; x_wconf 87' lang='grc'><strong>·</strong></span> <span class='ocrx_word' id='word_1_381' title='bbox 511 3018 667 3075; x_wconf 82' lang='lat' dir='ltr'><strong>Nunc</strong></span> <span class='ocrx_word' id='word_1_382' title='bbox 694 3018 1070 3075; x_wconf 82' lang='lat' dir='ltr'><strong>vehementius</strong></span> <span class='ocrx_word' id='word_1_383' title='bbox 1102 3032 1198 3073; x_wconf 91' lang='lat' dir='ltr'><strong>eos</strong></span> <span class='ocrx_word' id='word_1_384' title='bbox 1237 3016 1660 3089; x_wconf 86' lang='lat' dir='ltr'><strong>aggrediuntur;</strong></span> <span class='ocrx_word' id='word_1_385' title='bbox 1710 3031 1818 3073; x_wconf 91' lang='lat' dir='ltr'><strong>non</strong></span> <span class='ocrx_word' id='word_1_386' title='bbox 1849 3016 2032 3072; x_wconf 84' lang='lat' dir='ltr'><strong>statim</strong></span> 
     </span>
    </p>
   </div>
   <div class='ocr_carea' id='block_1_53' title="bbox 2213 2650 3381 2725">
    <p class='ocr_par' dir='ltr' id='par_1_53' title="bbox 2213 2650 3381 2725">
     <span class='ocr_line' id='line_1_53' title="bbox 2213 2650 3381 2725; baseline -0.002 -18"><span class='ocrx_word' id='word_1_387' title='bbox 2213 2672 2233 2707; x_wconf 69' lang='grc' dir='ltr'><strong>ε</strong></span> <span class='ocrx_word' id='word_1_388' title='bbox 2275 2654 2341 2711; x_wconf 87' lang='grc' dir='ltr'><strong>Ἦ</strong></span> <span class='ocrx_word' id='word_1_389' title='bbox 2363 2650 2499 2709; x_wconf 78' lang='grc' dir='ltr'>οὖσα</span> <span class='ocrx_word' id='word_1_390' title='bbox 2530 2655 2743 2725; x_wconf 80' lang='grc' dir='ltr'>αἵρεσις</span> <span class='ocrx_word' id='word_1_391' title='bbox 2772 2654 2884 2707; x_wconf 90' lang='grc' dir='ltr'><strong>τῶν</strong></span> <span class='ocrx_word' id='word_1_392' title='bbox 2924 2652 3324 2708; x_wconf 86' lang='grc' dir='ltr'>Σαδδουκαίων.</span> <span class='ocrx_word' id='word_1_393' title='bbox 3361 2673 3381 2705; x_wconf 75' lang='grc' dir='ltr'><strong>ι</strong></span> 
     </span>
    </p>
   </div>
   <div class='ocr_carea' id='block_1_54' title="bbox 2207 2740 3621 2819">
    <p class='ocr_par' dir='ltr' id='par_1_54' title="bbox 2207 2740 3621 2819">
     <span class='ocr_line' id='line_1_54' title="bbox 2207 2740 3621 2819; baseline -0.003 -18"><span class='ocrx_word' id='word_1_394' title='bbox 2207 2746 2551 2819; x_wconf 83' lang='grc' dir='ltr'>Σημειωτέον</span> <span class='ocrx_word' id='word_1_395' title='bbox 2576 2748 2658 2800; x_wconf 84' lang='grc' dir='ltr'>ὅτι</span> <span class='ocrx_word' id='word_1_396' title='bbox 2684 2745 2952 2816; x_wconf 76' lang='grc' dir='ltr'>αἱρετικοί</span> <span class='ocrx_word' id='word_1_397' title='bbox 2992 2747 3138 2799; x_wconf 85' lang='grc' dir='ltr'>εἰσιν</span> <span class='ocrx_word' id='word_1_398' title='bbox 3166 2747 3216 2799; x_wconf 81' lang='grc' dir='ltr'>οἱ</span> <span class='ocrx_word' id='word_1_399' title='bbox 3246 2740 3621 2799; x_wconf 75' lang='grc' dir='ltr'>Σαδδουκαῖοι.</span> 
     </span>
    </p>
   </div>
   <div class='ocr_carea' id='block_1_55' title="bbox 2214 2834 3730 2910">
    <p class='ocr_par' dir='ltr' id='par_1_55' title="bbox 2214 2834 3730 2910">
     <span class='ocr_line' id='line_1_55' title="bbox 2214 2834 3730 2910; baseline -0.004 -16"><span class='ocrx_word' id='word_1_400' title='bbox 2214 2859 2233 2894; x_wconf 87' lang='grc' dir='ltr'><strong>ι</strong></span> <span class='ocrx_word' id='word_1_401' title='bbox 2268 2839 2382 2895; x_wconf 81' lang='grc' dir='ltr'><strong>Καὶ</strong></span> <span class='ocrx_word' id='word_1_402' title='bbox 2418 2838 2687 2895; x_wconf 73' lang='grc' dir='ltr'>έπέὸαλον</span> <span class='ocrx_word' id='word_1_403' title='bbox 2719 2836 2819 2901; x_wconf 73' lang='grc' dir='ltr'><strong>τὰς</strong></span> <span class='ocrx_word' id='word_1_404' title='bbox 2854 2838 3060 2910; x_wconf 83' lang='grc' dir='ltr'>χεῖρας·</span> <span class='ocrx_word' id='word_1_405' title='bbox 3081 2838 3177 2892; x_wconf 74' lang='grc' dir='ltr'>ἐπὶ</span> <span class='ocrx_word' id='word_1_406' title='bbox 3211 2837 3341 2900; x_wconf 77' lang='grc' dir='ltr'>τοὺς</span> <span class='ocrx_word' id='word_1_407' title='bbox 3373 2834 3730 2902; x_wconf 77' lang='grc' dir='ltr'>ἀποστόλους,</span> 
     </span>
    </p>
   </div>
   <div class='ocr_carea' id='block_1_56' title="bbox 2072 2925 3373 2997">
    <p class='ocr_par' dir='ltr' id='par_1_56' title="bbox 2072 2925 3373 2997">
     <span class='ocr_line' id='line_1_56' title="bbox 2072 2925 3373 2997; baseline -0.009 -8"><span class='ocrx_word' id='word_1_408' title='bbox 2072 2986 2073 2989; x_wconf 44' lang='grc' dir='ltr'><strong>η</strong></span> <span class='ocrx_word' id='word_1_409' title='bbox 2138 2931 2234 2988; x_wconf 79' lang='grc' dir='ltr'><strong>καὶ</strong></span> <span class='ocrx_word' id='word_1_410' title='bbox 2263 2929 2450 2985; x_wconf 79' lang='grc' dir='ltr'>ἔθεντο</span> <span class='ocrx_word' id='word_1_411' title='bbox 2477 2929 2761 2992; x_wconf 79' lang='grc' dir='ltr'>αὐτοὺς·ὲν</span> <span class='ocrx_word' id='word_1_412' title='bbox 2792 2931 3026 2997; x_wconf 80' lang='grc' dir='ltr'>τηρήσει</span> <span class='ocrx_word' id='word_1_413' title='bbox 3053 2925 3117 2996; x_wconf 89' lang='grc' dir='ltr'><strong>δη</strong></span> <span class='ocrx_word' id='word_1_414' title='bbox 3129 2926 3312 2996; x_wconf 76' lang='grc' dir='ltr'>μοσίᾳ.</span> <span class='ocrx_word' id='word_1_415' title='bbox 3352 2942 3373 2977; x_wconf 67' lang='grc' dir='ltr'><strong>ι</strong></span> 
     </span>
    </p>
   </div>
   <div class='ocr_carea' id='block_1_57' title="bbox 2207 3013 3735 3093">
    <p class='ocr_par' dir='ltr' id='par_1_57' title="bbox 2207 3013 3735 3093">
     <span class='ocr_line' id='line_1_57' title="bbox 2207 3013 3735 3093; baseline -0.007 -16"><span class='ocrx_word' id='word_1_416' title='bbox 2207 3021 2327 3078; x_wconf 79' lang='grc' dir='ltr'><strong>Νῦν</strong></span> <span class='ocrx_word' id='word_1_417' title='bbox 2363 3021 2723 3093; x_wconf 86' lang='grc' dir='ltr'>σφοδρότερον</span> <span class='ocrx_word' id='word_1_418' title='bbox 2751 3018 2938 3080; x_wconf 80' lang='grc' dir='ltr'>αὐτοῖς</span> <span class='ocrx_word' id='word_1_419' title='bbox 2979 3016 3353 3072; x_wconf 74' lang='grc' dir='ltr'>ἐπιτίθενταιο</span> <span class='ocrx_word' id='word_1_420' title='bbox 3394 3016 3498 3070; x_wconf 83' lang='grc' dir='ltr'><strong>οὐκ</strong></span> <span class='ocrx_word' id='word_1_421' title='bbox 3526 3013 3735 3077; x_wconf 81' lang='grc' dir='ltr'>εὐθέως</span> 
     </span>
    </p>
   </div>
   <div class='ocr_carea' id='block_1_58' title="bbox 439 3104 2039 3205">
    <p class='ocr_par' dir='ltr' id='par_1_58' title="bbox 439 3112 2035 3186">
     <span class='ocr_line' id='line_1_58' title="bbox 439 3112 2035 3186; baseline -0.002 -16"><span class='ocrx_word' id='word_1_422' title='bbox 439 3114 590 3185; x_wconf 86' lang='lat' dir='ltr'><strong>ipsos</strong></span> <span class='ocrx_word' id='word_1_423' title='bbox 613 3115 901 3186; x_wconf 82' lang='lat' dir='ltr'><strong>judicavit,</strong></span> <span class='ocrx_word' id='word_1_424' title='bbox 952 3128 1183 3183; x_wconf 84' lang='lat' dir='ltr'><strong>sperans</strong></span> <span class='ocrx_word' id='word_1_425' title='bbox 1220 3115 1365 3184; x_wconf 86' lang='lat' dir='ltr'><strong>quod</strong></span> <span class='ocrx_word' id='word_1_426' title='bbox 1408 3114 1568 3172; x_wconf 87' lang='lat' dir='ltr'><strong>mites</strong></span> <span class='ocrx_word' id='word_1_427' title='bbox 1613 3112 1780 3169; x_wconf 80' lang='lat' dir='ltr'><strong>futuri</strong></span> <span class='ocrx_word' id='word_1_428' title='bbox 1822 3121 2035 3179; x_wconf 86' lang='lat' dir='ltr'><strong>essent,</strong></span> 
     </span>
    </p>
   </div>
   <div class='ocr_carea' id='block_1_59' title="bbox 2159 3104 3738 3205">
    <p class='ocr_par' dir='ltr' id='par_1_59' title="bbox 2159 3104 3738 3185">
     <span class='ocr_line' id='line_1_59' title="bbox 2159 3104 3738 3185; baseline -0.008 -16"><span class='ocrx_word' id='word_1_429' title='bbox 2159 3115 2338 3178; x_wconf 83' lang='grc' dir='ltr'>ιύτοὺς</span> <span class='ocrx_word' id='word_1_430' title='bbox 2358 3112 2565 3185; x_wconf 73' lang='grc' dir='ltr'>ἔκρινε,</span> <span class='ocrx_word' id='word_1_431' title='bbox 2593 3112 2913 3183; x_wconf 83' lang='grc' dir='ltr'>προσδοκῶν</span> <span class='ocrx_word' id='word_1_432' title='bbox 2938 3111 3103 3165; x_wconf 80' lang='grc' dir='ltr'>πάλιν</span> <span class='ocrx_word' id='word_1_433' title='bbox 3129 3109 3340 3180; x_wconf 76' lang='grc' dir='ltr'>πράους</span> <span class='ocrx_word' id='word_1_434' title='bbox 3369 3105 3613 3171; x_wconf 73' lang='grc' dir='ltr'>ἔσεσθαι,</span> <span class='ocrx_word' id='word_1_435' title='bbox 3637 3104 3738 3159; x_wconf 68' lang='grc' dir='ltr'>καὶ</span> 
     </span>
    </p>
   </div>
   <div class='ocr_carea' id='block_1_60' title="bbox 440 3208 1315 3266">
    <p class='ocr_par' dir='ltr' id='par_1_60' title="bbox 440 3208 1315 3266">
     <span class='ocr_line' id='line_1_60' title="bbox 440 3208 1315 3266; baseline 0.001 -3"><span class='ocrx_word' id='word_1_436' title='bbox 440 3218 498 3264; x_wconf 91' lang='lat' dir='ltr'><strong>et</strong></span> <span class='ocrx_word' id='word_1_437' title='bbox 518 3209 900 3266; x_wconf 74' lang='lat' dir='ltr'><strong>vehementius</strong></span> <span class='ocrx_word' id='word_1_438' title='bbox 923 3223 1019 3264; x_wconf 88' lang='lat' dir='ltr'><strong>eos</strong></span> <span class='ocrx_word' id='word_1_439' title='bbox 1048 3208 1315 3264; x_wconf 88' lang='lat' dir='ltr'><strong>adoritur.</strong></span> 
     </span>
    </p>
   </div>
   <div class='ocr_carea' id='block_1_61' title="bbox 513 3299 2034 3371">
    <p class='ocr_par' dir='ltr' id='par_1_61' title="bbox 513 3299 2034 3371">
     <span class='ocr_line' id='line_1_61' title="bbox 513 3299 2034 3371; baseline -0.001 -14"><span class='ocrx_word' id='word_1_440' title='bbox 513 3299 681 3357; x_wconf 70' lang='lat' dir='ltr'><strong>Vatis.</strong></span> <span class='ocrx_word' id='word_1_441' title='bbox 721 3300 813 3368; x_wconf 71' lang='lat' dir='ltr'><strong>t9,</strong></span> <span class='ocrx_word' id='word_1_442' title='bbox 843 3300 935 3355; x_wconf 73' lang='lat'><strong>20.</strong></span> <span class='ocrx_word' id='word_1_443' title='bbox 984 3318 1003 3353; x_wconf 83' lang='grc' dir='ltr'><strong>ι</strong></span> <span class='ocrx_word' id='word_1_444' title='bbox 1035 3300 1276 3371; x_wconf 78' lang='lat' dir='ltr'><strong>Angelus</strong></span> <span class='ocrx_word' id='word_1_445' title='bbox 1316 3308 1501 3357; x_wconf 90' lang='lat' dir='ltr'><strong>autem</strong></span> <span class='ocrx_word' id='word_1_446' title='bbox 1533 3300 1750 3357; x_wconf 88' lang='lat' dir='ltr'><strong>Domini</strong></span> <span class='ocrx_word' id='word_1_447' title='bbox 1790 3314 1887 3368; x_wconf 89' lang='lat' dir='ltr'><strong>per</strong></span> <span class='ocrx_word' id='word_1_448' title='bbox 1930 3313 2034 3355; x_wconf 89' lang='lat' dir='ltr'><strong>no-</strong></span> 
     </span>
    </p>
   </div>
   <div class='ocr_carea' id='block_1_62' title="bbox 445 3389 2033 3463">
    <p class='ocr_par' dir='ltr' id='par_1_62' title="bbox 445 3389 2033 3463">
     <span class='ocr_line' id='line_1_62' title="bbox 445 3389 2033 3463; baseline -0.001 -16"><span class='ocrx_word' id='word_1_449' title='bbox 445 3401 588 3449; x_wconf 90' lang='lat' dir='ltr'><strong>ctem</strong></span> <span class='ocrx_word' id='word_1_450' title='bbox 616 3392 828 3463; x_wconf 88' lang='lat' dir='ltr'><strong>aperuit</strong></span> <span class='ocrx_word' id='word_1_451' title='bbox 852 3390 1049 3462; x_wconf 85' lang='lat' dir='ltr'><strong>januas</strong></span> <span class='ocrx_word' id='word_1_452' title='bbox 1070 3392 1337 3460; x_wconf 82' lang='lat' dir='ltr'><strong>carceris,</strong></span> <span class='ocrx_word' id='word_1_453' title='bbox 1375 3400 1431 3447; x_wconf 92' lang='lat' dir='ltr'><strong>et</strong></span> <span class='ocrx_word' id='word_1_454' title='bbox 1459 3392 1700 3448; x_wconf 87' lang='lat' dir='ltr'><strong>educens</strong></span> <span class='ocrx_word' id='word_1_455' title='bbox 1728 3404 1825 3445; x_wconf 86' lang='lat' dir='ltr'><strong>eos</strong></span> <span class='ocrx_word' id='word_1_456' title='bbox 1851 3389 1993 3445; x_wconf 81' lang='lat' dir='ltr'><strong>dixit</strong></span> <span class='ocrx_word' id='word_1_457' title='bbox 2018 3407 2033 3445; x_wconf 84' lang='lat'><strong>:</strong></span> 
     </span>
    </p>
   </div>
   <div class='ocr_carea' id='block_1_63' title="bbox 446 3480 2035 3554">
    <p class='ocr_par' dir='ltr' id='par_1_63' title="bbox 446 3480 2035 3554">
     <span class='ocr_line' id='line_1_63' title="bbox 446 3480 2035 3554; baseline -0.001 -16"><span class='ocrx_word' id='word_1_458' title='bbox 446 3484 564 3549; x_wconf 87' lang='lat' dir='ltr'><strong>Ite,</strong></span> <span class='ocrx_word' id='word_1_459' title='bbox 613 3492 668 3540; x_wconf 90' lang='lat' dir='ltr'><strong>et</strong></span> <span class='ocrx_word' id='word_1_460' title='bbox 714 3492 926 3540; x_wconf 87' lang='lat' dir='ltr'><strong>stantes</strong></span> <span class='ocrx_word' id='word_1_461' title='bbox 981 3483 1262 3554; x_wconf 89' lang='lat' dir='ltr'><strong>loquimini</strong></span> <span class='ocrx_word' id='word_1_462' title='bbox 1307 3484 1361 3538; x_wconf 92' lang='lat' dir='ltr'><strong>in</strong></span> <span class='ocrx_word' id='word_1_463' title='bbox 1412 3483 1613 3554; x_wconf 88' lang='lat' dir='ltr'><strong>templo</strong></span> <span class='ocrx_word' id='word_1_464' title='bbox 1656 3480 1800 3551; x_wconf 89' lang='lat' dir='ltr'><strong>plebi</strong></span> <span class='ocrx_word' id='word_1_465' title='bbox 1851 3482 2035 3538; x_wconf 86' lang='lat' dir='ltr'><strong>omnia</strong></span> 
     </span>
    </p>
   </div>
   <div class='ocr_carea' id='block_1_64' title="bbox 446 3576 1024 3648">
    <p class='ocr_par' dir='ltr' id='par_1_64' title="bbox 446 3576 1024 3648">
     <span class='ocr_line' id='line_1_64' title="bbox 446 3576 1024 3648; baseline 0.002 -18"><span class='ocrx_word' id='word_1_466' title='bbox 446 3576 612 3634; x_wconf 88' lang='lat' dir='ltr'><strong>verba</strong></span> <span class='ocrx_word' id='word_1_467' title='bbox 638 3577 763 3633; x_wconf 67' lang='lat' dir='ltr'><strong>vitae</strong></span> <span class='ocrx_word' id='word_1_468' title='bbox 794 3578 973 3648; x_wconf 84' lang='lat' dir='ltr'><strong>hujus.</strong></span> <span class='ocrx_word' id='word_1_469' title='bbox 1006 3597 1024 3631; x_wconf 76' lang='grc' dir='ltr'><strong>ι</strong></span> 
     </span>
    </p>
   </div>
   <div class='ocr_carea' id='block_1_65' title="bbox 522 3666 2042 3731">
    <p class='ocr_par' dir='ltr' id='par_1_65' title="bbox 522 3666 2042 3731">
     <span class='ocr_line' id='line_1_65' title="bbox 522 3666 2042 3731; baseline -0.001 -6"><span class='ocrx_word' id='word_1_470' title='bbox 522 3669 576 3726; x_wconf 89' lang='lat' dir='ltr'><strong>ld</strong></span> <span class='ocrx_word' id='word_1_471' title='bbox 616 3680 672 3726; x_wconf 88' lang='lat' dir='ltr'><strong>et</strong></span> <span class='ocrx_word' id='word_1_472' title='bbox 714 3672 767 3727; x_wconf 93' lang='lat' dir='ltr'><strong>in</strong></span> <span class='ocrx_word' id='word_1_473' title='bbox 827 3672 1042 3727; x_wconf 89' lang='lat' dir='ltr'><strong>illorum</strong></span> <span class='ocrx_word' id='word_1_474' title='bbox 1095 3670 1533 3727; x_wconf 81' lang='lat' dir='ltr'><strong>consolationem</strong></span> <span class='ocrx_word' id='word_1_475' title='bbox 1579 3666 1782 3722; x_wconf 79' lang='lat' dir='ltr'><strong>factum</strong></span> <span class='ocrx_word' id='word_1_476' title='bbox 1825 3674 1946 3731; x_wconf 84' lang='lat' dir='ltr'><strong>est,</strong></span> <span class='ocrx_word' id='word_1_477' title='bbox 1985 3676 2042 3723; x_wconf 89' lang='lat' dir='ltr'><strong>et</strong></span> 
     </span>
    </p>
   </div>
   <div class='ocr_carea' id='block_1_66' title="bbox 452 3757 2040 3831">
    <p class='ocr_par' dir='ltr' id='par_1_66' title="bbox 452 3757 2040 3831">
     <span class='ocr_line' id='line_1_66' title="bbox 452 3757 2040 3831; baseline -0.003 -14"><span class='ocrx_word' id='word_1_478' title='bbox 452 3768 642 3819; x_wconf 87' lang='lat' dir='ltr'><strong>horum</strong></span> <span class='ocrx_word' id='word_1_479' title='bbox 684 3764 891 3820; x_wconf 90' lang='lat' dir='ltr'><strong>utilitas</strong></span> <span class='ocrx_word' id='word_1_480' title='bbox 934 3765 1449 3831; x_wconf 90' lang='lat' dir='ltr'><strong>documentumque.</strong></span> <span class='ocrx_word' id='word_1_481' title='bbox 1474 3757 1545 3813; x_wconf 87' lang='lat' dir='ltr'><strong>Et</strong></span> <span class='ocrx_word' id='word_1_482' title='bbox 1583 3758 1743 3828; x_wconf 80' lang='lat' dir='ltr'><strong>paulo</strong></span> <span class='ocrx_word' id='word_1_483' title='bbox 1769 3767 1887 3829; x_wconf 82' lang='lat' dir='ltr'><strong>post</strong></span> <span class='ocrx_word' id='word_1_484' title='bbox 1914 3758 2040 3813; x_wconf 88' lang='lat' dir='ltr'><strong>:lu-</strong></span> 
     </span>
    </p>
   </div>
   <div class='ocr_carea' id='block_1_67' title="bbox 448 3846 2041 3926">
    <p class='ocr_par' dir='ltr' id='par_1_67' title="bbox 448 3846 2041 3926">
     <span class='ocr_line' id='line_1_67' title="bbox 448 3846 2041 3926; baseline -0.003 -19"><span class='ocrx_word' id='word_1_485' title='bbox 448 3854 774 3923; x_wconf 87' lang='lat' dir='ltr'><strong>quirendum</strong></span> <span class='ocrx_word' id='word_1_486' title='bbox 815 3869 946 3926; x_wconf 87' lang='lat' dir='ltr'><strong>ergo</strong></span> <span class='ocrx_word' id='word_1_487' title='bbox 982 3856 1219 3923; x_wconf 91' lang='lat' dir='ltr'><strong>primum</strong></span> <span class='ocrx_word' id='word_1_488' title='bbox 1257 3859 1399 3915; x_wconf 87' lang='lat' dir='ltr'><strong>erat,</strong></span> <span class='ocrx_word' id='word_1_489' title='bbox 1439 3849 1721 3915; x_wconf 83' lang='lat' dir='ltr'><strong>Quomodo</strong></span> <span class='ocrx_word' id='word_1_490' title='bbox 1751 3846 2041 3905; x_wconf 76' lang='lat' dir='ltr'><strong>cxivistis?</strong></span> 
     </span>
    </p>
   </div>
   <div class='ocr_carea' id='block_1_68' title="bbox 449 3937 2042 4014">
    <p class='ocr_par' dir='ltr' id='par_1_68' title="bbox 449 3937 2042 4014">
     <span class='ocr_line' id='line_1_68' title="bbox 449 3937 2042 4014; baseline -0.003 -16"><span class='ocrx_word' id='word_1_491' title='bbox 449 3944 488 3998; x_wconf 91' lang='lat' dir='ltr'><strong>li</strong></span> <span class='ocrx_word' id='word_1_492' title='bbox 543 3958 673 3999; x_wconf 90' lang='lat' dir='ltr'><strong>vero</strong></span> <span class='ocrx_word' id='word_1_493' title='bbox 708 3945 863 4014; x_wconf 87' lang='lat' dir='ltr'><strong>quasi</strong></span> <span class='ocrx_word' id='word_1_494' title='bbox 912 3942 1049 3998; x_wconf 79' lang='lat' dir='ltr'><strong>nihil</strong></span> <span class='ocrx_word' id='word_1_495' title='bbox 1086 3942 1379 4008; x_wconf 84' lang='lat' dir='ltr'><strong>evenisset,</strong></span> <span class='ocrx_word' id='word_1_496' title='bbox 1429 3939 1767 4008; x_wconf 77' lang='lat' dir='ltr'><strong>interrogant</strong></span> <span class='ocrx_word' id='word_1_497' title='bbox 1799 3957 1813 3993; x_wconf 92' lang='lat'><strong>:</strong></span> <span class='ocrx_word' id='word_1_498' title='bbox 1848 3937 2042 3994; x_wconf 82' lang='lat' dir='ltr'><strong>Nonne</strong></span> 
     </span>
    </p>
   </div>
   <div class='ocr_carea' id='block_1_69' title="bbox 448 4031 2042 4106">
    <p class='ocr_par' dir='ltr' id='par_1_69' title="bbox 448 4031 2042 4106">
     <span class='ocr_line' id='line_1_69' title="bbox 448 4031 2042 4106; baseline -0.001 -17"><span class='ocrx_word' id='word_1_499' title='bbox 448 4036 807 4105; x_wconf 79' lang='lat' dir='ltr'><strong>prwcipiendo</strong></span> <span class='ocrx_word' id='word_1_500' title='bbox 833 4036 1181 4106; x_wconf 68' lang='lat' dir='ltr'><strong>praecepimus</strong></span> <span class='ocrx_word' id='word_1_501' title='bbox 1211 4034 1355 4089; x_wconf 75' lang='lat' dir='ltr'><strong>vobis</strong></span> <span class='ocrx_word' id='word_1_502' title='bbox 1387 4048 1449 4087; x_wconf 79' lang='lat' dir='ltr'><strong>ne</strong></span> <span class='ocrx_word' id='word_1_503' title='bbox 1480 4032 1783 4088; x_wconf 69' lang='lat' dir='ltr'><strong>docentis?</strong></span> <span class='ocrx_word' id='word_1_504' title='bbox 1816 4031 1884 4086; x_wconf 83' lang='lat' dir='ltr'><strong>Et</strong></span> <span class='ocrx_word' id='word_1_505' title='bbox 1912 4045 2042 4087; x_wconf 89' lang='lat' dir='ltr'><strong>ecce</strong></span> 
     </span>
    </p>
   </div>
   <div class='ocr_carea' id='block_1_70' title="bbox 452 4121 2040 4197">
    <p class='ocr_par' dir='ltr' id='par_1_70' title="bbox 452 4121 2040 4197">
     <span class='ocr_line' id='line_1_70' title="bbox 452 4121 2040 4197; baseline -0.006 -13"><span class='ocrx_word' id='word_1_506' title='bbox 452 4142 550 4197; x_wconf 89' lang='lat' dir='ltr'><strong>per</strong></span> <span class='ocrx_word' id='word_1_507' title='bbox 575 4128 713 4184; x_wconf 87' lang='lat' dir='ltr'><strong>alios</strong></span> <span class='ocrx_word' id='word_1_508' title='bbox 752 4129 982 4183; x_wconf 88' lang='lat' dir='ltr'><strong>audiunt</strong></span> <span class='ocrx_word' id='word_1_509' title='bbox 1012 4127 1195 4183; x_wconf 88' lang='lat' dir='ltr'><strong>omnia</strong></span> <span class='ocrx_word' id='word_1_510' title='bbox 1222 4142 1237 4180; x_wconf 87' lang='lat'><strong>:</strong></span> <span class='ocrx_word' id='word_1_511' title='bbox 1269 4123 1455 4179; x_wconf 84' lang='lat' dir='ltr'><strong>vident</strong></span> <span class='ocrx_word' id='word_1_512' title='bbox 1490 4121 1734 4178; x_wconf 86' lang='lat' dir='ltr'><strong>clausum</strong></span> <span class='ocrx_word' id='word_1_513' title='bbox 1762 4136 2040 4177; x_wconf 88' lang='lat' dir='ltr'><strong>carcerem</strong></span> 
     </span>
    </p>
   </div>
   <div class='ocr_carea' id='block_1_71' title="bbox 453 4212 1894 4292">
    <p class='ocr_par' dir='ltr' id='par_1_71' title="bbox 453 4212 1894 4292">
     <span class='ocr_line' id='line_1_71' title="bbox 453 4212 1894 4292; baseline -0.005 -17"><span class='ocrx_word' id='word_1_514' title='bbox 453 4235 576 4276; x_wconf 88' lang='lat' dir='ltr'><strong>cum</strong></span> <span class='ocrx_word' id='word_1_515' title='bbox 599 4219 899 4292; x_wconf 77' lang='lat' dir='ltr'><strong>diligentia,</strong></span> <span class='ocrx_word' id='word_1_516' title='bbox 934 4229 989 4275; x_wconf 91' lang='lat' dir='ltr'><strong>et</strong></span> <span class='ocrx_word' id='word_1_517' title='bbox 1018 4221 1272 4275; x_wconf 87' lang='lat' dir='ltr'><strong>custodes</strong></span> <span class='ocrx_word' id='word_1_518' title='bbox 1296 4224 1508 4273; x_wconf 90' lang='lat' dir='ltr'><strong>stantes</strong></span> <span class='ocrx_word' id='word_1_519' title='bbox 1528 4223 1654 4270; x_wconf 86' lang='lat' dir='ltr'><strong>ante</strong></span> <span class='ocrx_word' id='word_1_520' title='bbox 1673 4212 1894 4285; x_wconf 86' lang='lat' dir='ltr'><strong>januas.</strong></span> 
     </span>
    </p>
   </div>
   <div class='ocr_carea' id='block_1_72' title="bbox 529 4396 2040 4462">
    <p class='ocr_par' dir='ltr' id='par_1_72' title="bbox 529 4396 2040 4462">
     <span class='ocr_line' id='line_1_72' title="bbox 529 4396 2040 4462; baseline -0.002 -8"><span class='ocrx_word' id='word_1_521' title='bbox 529 4399 695 4456; x_wconf 75' lang='lat' dir='ltr'><strong>Vens.</strong></span> <span class='ocrx_word' id='word_1_522' title='bbox 738 4399 831 4456; x_wconf 69' lang='lat'><strong>22.</strong></span> <span class='ocrx_word' id='word_1_523' title='bbox 877 4418 897 4453; x_wconf 80' lang='grc' dir='ltr'><strong>ι</strong></span> <span class='ocrx_word' id='word_1_524' title='bbox 926 4399 1061 4455; x_wconf 86' lang='lat' dir='ltr'><strong>Cum</strong></span> <span class='ocrx_word' id='word_1_525' title='bbox 1093 4406 1275 4455; x_wconf 88' lang='lat' dir='ltr'><strong>autem</strong></span> <span class='ocrx_word' id='word_1_526' title='bbox 1318 4396 1597 4453; x_wconf 88' lang='lat' dir='ltr'><strong>venissent</strong></span> <span class='ocrx_word' id='word_1_527' title='bbox 1634 4396 1892 4462; x_wconf 89' lang='lat' dir='ltr'><strong>ministri,</strong></span> <span class='ocrx_word' id='word_1_528' title='bbox 1936 4414 2040 4454; x_wconf 91' lang='lat' dir='ltr'><strong>non</strong></span> 
     </span>
    </p>
   </div>
   <div class='ocr_carea' id='block_1_73' title="bbox 338 4490 1396 4550">
    <p class='ocr_par' dir='ltr' id='par_1_73' title="bbox 338 4490 1396 4550">
     <span class='ocr_line' id='line_1_73' title="bbox 338 4490 1396 4550; baseline -0.003 -3"><span class='ocrx_word' id='word_1_529' title='bbox 338 4490 342 4495; x_wconf 55' lang='grc'>⁴</span> <span class='ocrx_word' id='word_1_530' title='bbox 453 4494 779 4549; x_wconf 89' lang='lat' dir='ltr'><strong>invenerunt</strong></span> <span class='ocrx_word' id='word_1_531' title='bbox 818 4492 941 4550; x_wconf 90' lang='lat' dir='ltr'><strong>illos</strong></span> <span class='ocrx_word' id='word_1_532' title='bbox 979 4494 1033 4549; x_wconf 89' lang='lat' dir='ltr'><strong>in</strong></span> <span class='ocrx_word' id='word_1_533' title='bbox 1067 4491 1337 4549; x_wconf 87' lang='lat' dir='ltr'><strong>custodia.</strong></span> <span class='ocrx_word' id='word_1_534' title='bbox 1374 4508 1396 4545; x_wconf 73' lang='grc' dir='ltr'><strong>ι</strong></span> 
     </span>
    </p>
   </div>
   <div class='ocr_carea' id='block_1_74' title="bbox 523 4582 2042 4654">
    <p class='ocr_par' dir='ltr' id='par_1_74' title="bbox 523 4582 2042 4654">
     <span class='ocr_line' id='line_1_74' title="bbox 523 4582 2042 4654; baseline -0.001 -13"><span class='ocrx_word' id='word_1_535' title='bbox 523 4585 581 4641; x_wconf 88' lang='lat' dir='ltr'><strong>Si</strong></span> <span class='ocrx_word' id='word_1_536' title='bbox 616 4585 741 4643; x_wconf 86' lang='lat' dir='ltr'><strong>illos</strong></span> <span class='ocrx_word' id='word_1_537' title='bbox 768 4585 1091 4642; x_wconf 80' lang='lat' dir='ltr'><strong>eduxissent</strong></span> <span class='ocrx_word' id='word_1_538' title='bbox 1137 4583 1418 4651; x_wconf 84' lang='lat' dir='ltr'><strong>custodes,</strong></span> <span class='ocrx_word' id='word_1_539' title='bbox 1452 4582 1595 4637; x_wconf 88' lang='lat' dir='ltr'><strong>sicut</strong></span> <span class='ocrx_word' id='word_1_540' title='bbox 1624 4583 1713 4638; x_wconf 88' lang='lat' dir='ltr'><strong>isti</strong></span> <span class='ocrx_word' id='word_1_541' title='bbox 1756 4585 2042 4654; x_wconf 89' lang='lat' dir='ltr'><strong>putabant,</strong></span> 
     </span>
    </p>
   </div>
   <div class='ocr_carea' id='block_1_75' title="bbox 2141 3203 3188 3276">
    <p class='ocr_par' dir='ltr' id='par_1_75' title="bbox 2141 3203 3188 3276">
     <span class='ocr_line' id='line_1_75' title="bbox 2141 3203 3188 3276; baseline -0.001 -15"><span class='ocrx_word' id='word_1_542' title='bbox 2141 3205 2501 3276; x_wconf 84' lang='grc' dir='ltr'>σφοδρότερον</span> <span class='ocrx_word' id='word_1_543' title='bbox 2528 3203 2713 3268; x_wconf 84' lang='grc' dir='ltr'>αὐτοῖς</span> <span class='ocrx_word' id='word_1_544' title='bbox 2743 3204 3052 3261; x_wconf 74' lang='grc' dir='ltr'>ἐπιτίθεται</span> <span class='ocrx_word' id='word_1_545' title='bbox 3085 3203 3188 3276; x_wconf 74' lang='grc'><strong>(2).</strong></span> 
     </span>
    </p>
   </div>
   <div class='ocr_carea' id='block_1_76' title="bbox 2217 3293 3736 3368">
    <p class='ocr_par' dir='ltr' id='par_1_76' title="bbox 2217 3293 3736 3368">
     <span class='ocr_line' id='line_1_76' title="bbox 2217 3293 3736 3368; baseline -0.003 -17"><span class='ocrx_word' id='word_1_546' title='bbox 2217 3318 2236 3351; x_wconf 80' lang='grc' dir='ltr'><strong>ι</strong></span> <span class='ocrx_word' id='word_1_547' title='bbox 2276 3298 2543 3368; x_wconf 78' lang='grc' dir='ltr'><strong>ΙἈγγελος</strong></span> <span class='ocrx_word' id='word_1_548' title='bbox 2575 3297 2633 3352; x_wconf 74' lang='grc' dir='ltr'>δὲ</span> <span class='ocrx_word' id='word_1_549' title='bbox 2669 3298 2879 3368; x_wconf 84' lang='grc' dir='ltr'>Κυρίου</span> <span class='ocrx_word' id='word_1_550' title='bbox 2907 3298 3000 3353; x_wconf 76' lang='grc' dir='ltr'>διὰ</span> <span class='ocrx_word' id='word_1_551' title='bbox 3031 3298 3131 3368; x_wconf 87' lang='grc' dir='ltr'>τῆς</span> <span class='ocrx_word' id='word_1_552' title='bbox 3161 3294 3357 3359; x_wconf 72' lang='grc' dir='ltr'>νυκτὸς</span> <span class='ocrx_word' id='word_1_553' title='bbox 3383 3294 3606 3361; x_wconf 80' lang='grc' dir='ltr'>ἀνοίξας</span> <span class='ocrx_word' id='word_1_554' title='bbox 3634 3293 3736 3356; x_wconf 74' lang='grc' dir='ltr'>τὰς</span> 
     </span>
    </p>
   </div>
   <div class='ocr_carea' id='block_1_77' title="bbox 2140 3381 3736 3464">
    <p class='ocr_par' dir='ltr' id='par_1_77' title="bbox 2140 3381 3736 3464">
     <span class='ocr_line' id='line_1_77' title="bbox 2140 3381 3736 3464; baseline -0.006 -19"><span class='ocrx_word' id='word_1_555' title='bbox 2140 3392 2312 3464; x_wconf 85' lang='grc' dir='ltr'>θύρας</span> <span class='ocrx_word' id='word_1_556' title='bbox 2343 3392 2446 3462; x_wconf 80' lang='grc' dir='ltr'>τῆς</span> <span class='ocrx_word' id='word_1_557' title='bbox 2475 3391 2748 3462; x_wconf 77' lang='grc' dir='ltr'>φυλακῆς,</span> <span class='ocrx_word' id='word_1_558' title='bbox 2774 3389 3065 3459; x_wconf 77' lang='grc' dir='ltr'>ἐξαγαγών</span> <span class='ocrx_word' id='word_1_559' title='bbox 3101 3405 3161 3442; x_wconf 80' lang='grc' dir='ltr'><strong>τε</strong></span> <span class='ocrx_word' id='word_1_560' title='bbox 3221 3387 3421 3447; x_wconf 74' lang='grc' dir='ltr'>αὐτοὺς</span> <span class='ocrx_word' id='word_1_561' title='bbox 3451 3381 3597 3439; x_wconf 74' lang='grc' dir='ltr'>εἴπεο</span> <span class='ocrx_word' id='word_1_562' title='bbox 3630 3385 3736 3437; x_wconf 84' lang='grc' dir='ltr'><strong>Πο-</strong></span> 
     </span>
    </p>
   </div>
   <div class='ocr_carea' id='block_1_78' title="bbox 2142 3472 3736 3556">
    <p class='ocr_par' dir='ltr' id='par_1_78' title="bbox 2142 3472 3736 3556">
     <span class='ocr_line' id='line_1_78' title="bbox 2142 3472 3736 3556; baseline -0.006 -19"><span class='ocrx_word' id='word_1_563' title='bbox 2142 3482 2390 3556; x_wconf 81' lang='grc' dir='ltr'>ρεύεσθε,</span> <span class='ocrx_word' id='word_1_564' title='bbox 2413 3484 2507 3549; x_wconf 69' lang='grc' dir='ltr'>καὶ</span> <span class='ocrx_word' id='word_1_565' title='bbox 2531 3482 2820 3547; x_wconf 80' lang='grc' dir='ltr'>σταθέντες</span> <span class='ocrx_word' id='word_1_566' title='bbox 2860 3482 3077 3536; x_wconf 82' lang='grc' dir='ltr'>λαλεῖτε</span> <span class='ocrx_word' id='word_1_567' title='bbox 3113 3482 3172 3534; x_wconf 80' lang='grc' dir='ltr'>ἐν</span> <span class='ocrx_word' id='word_1_568' title='bbox 3208 3478 3288 3551; x_wconf 81' lang='grc' dir='ltr'>τῷ</span> <span class='ocrx_word' id='word_1_569' title='bbox 3327 3476 3460 3549; x_wconf 82' lang='grc' dir='ltr'>ἱερῷ</span> <span class='ocrx_word' id='word_1_570' title='bbox 3503 3475 3584 3546; x_wconf 84' lang='grc' dir='ltr'>τῷ</span> <span class='ocrx_word' id='word_1_571' title='bbox 3620 3472 3736 3545; x_wconf 80' lang='grc' dir='ltr'>λαῷ</span> 
     </span>
    </p>
   </div>
   <div class='ocr_carea' id='block_1_79' title="bbox 2140 3570 3312 3645">
    <p class='ocr_par' dir='ltr' id='par_1_79' title="bbox 2140 3570 3312 3645">
     <span class='ocr_line' id='line_1_79' title="bbox 2140 3570 3312 3645; baseline -0.007 -15"><span class='ocrx_word' id='word_1_572' title='bbox 2140 3575 2318 3630; x_wconf 72' lang='grc' dir='ltr'>πάντα</span> <span class='ocrx_word' id='word_1_573' title='bbox 2350 3574 2418 3628; x_wconf 80' lang='grc' dir='ltr'>τὰ</span> <span class='ocrx_word' id='word_1_574' title='bbox 2449 3575 2673 3645; x_wconf 77' lang='grc' dir='ltr'>ῥήματα</span> <span class='ocrx_word' id='word_1_575' title='bbox 2704 3574 2805 3644; x_wconf 85' lang='grc' dir='ltr'>τῆς</span> <span class='ocrx_word' id='word_1_576' title='bbox 2840 3572 2988 3645; x_wconf 81' lang='grc' dir='ltr'>ζωῆς</span> <span class='ocrx_word' id='word_1_577' title='bbox 3026 3570 3256 3643; x_wconf 79' lang='grc' dir='ltr'>ταύτης.</span> <span class='ocrx_word' id='word_1_578' title='bbox 3295 3589 3312 3622; x_wconf 78' lang='grc' dir='ltr'><strong>ι</strong></span> 
     </span>
    </p>
   </div>
   <div class='ocr_carea' id='block_1_80' title="bbox 2212 3659 3738 3737">
    <p class='ocr_par' dir='ltr' id='par_1_80' title="bbox 2212 3659 3738 3737">
     <span class='ocr_line' id='line_1_80' title="bbox 2212 3659 3738 3737; baseline -0.007 -15"><span class='ocrx_word' id='word_1_579' title='bbox 2212 3667 2385 3722; x_wconf 82' lang='grc' dir='ltr'>Τοῦτο</span> <span class='ocrx_word' id='word_1_580' title='bbox 2423 3668 2519 3721; x_wconf 76' lang='grc' dir='ltr'>καὶ</span> <span class='ocrx_word' id='word_1_581' title='bbox 2557 3667 2639 3730; x_wconf 87' lang='grc' dir='ltr'><strong>είς</strong></span> <span class='ocrx_word' id='word_1_582' title='bbox 2672 3666 2900 3721; x_wconf 78' lang='grc' dir='ltr'>ἐκείνων</span> <span class='ocrx_word' id='word_1_583' title='bbox 2939 3664 3296 3737; x_wconf 84' lang='grc' dir='ltr'>παραμυθίαν</span> <span class='ocrx_word' id='word_1_584' title='bbox 3334 3662 3593 3732; x_wconf 84' lang='grc' dir='ltr'>γέγονεν·</span> <span class='ocrx_word' id='word_1_585' title='bbox 3641 3659 3738 3713; x_wconf 72' lang='grc' dir='ltr'><strong>καὶ</strong></span> 
     </span>
    </p>
   </div>
   <div class='ocr_carea' id='block_1_81' title="bbox 2140 3752 3733 3830">
    <p class='ocr_par' dir='ltr' id='par_1_81' title="bbox 2140 3752 3733 3830">
     <span class='ocr_line' id='line_1_81' title="bbox 2140 3752 3733 3830; baseline -0.008 -15"><span class='ocrx_word' id='word_1_586' title='bbox 2140 3760 2345 3816; x_wconf 87' lang='grc' dir='ltr'>τούτων</span> <span class='ocrx_word' id='word_1_587' title='bbox 2379 3760 2621 3830; x_wconf 83' lang='grc' dir='ltr'>ὠφέλεια</span> <span class='ocrx_word' id='word_1_588' title='bbox 2666 3758 2761 3812; x_wconf 72' lang='grc' dir='ltr'>καὶ</span> <span class='ocrx_word' id='word_1_589' title='bbox 2795 3756 3140 3813; x_wconf 83' lang='grc' dir='ltr'>διδασκαλία.</span> <span class='ocrx_word' id='word_1_590' title='bbox 3189 3755 3300 3810; x_wconf 79' lang='grc' dir='ltr'><strong>Καὶ</strong></span> <span class='ocrx_word' id='word_1_591' title='bbox 3345 3753 3473 3824; x_wconf 81' lang='grc' dir='ltr'>μετ’</span> <span class='ocrx_word' id='word_1_592' title='bbox 3520 3752 3733 3818; x_wconf 78' lang='grc' dir='ltr'>ὀλίγα·</span> 
     </span>
    </p>
   </div>
   <div class='ocr_carea' id='block_1_82' title="bbox 2143 3840 3738 3923">
    <p class='ocr_par' dir='ltr' id='par_1_82' title="bbox 2143 3840 3738 3923">
     <span class='ocr_line' id='line_1_82' title="bbox 2143 3840 3738 3923; baseline -0.006 -17"><span class='ocrx_word' id='word_1_593' title='bbox 2143 3853 2273 3906; x_wconf 80' lang='grc' dir='ltr'>Δέον</span> <span class='ocrx_word' id='word_1_594' title='bbox 2304 3852 2485 3906; x_wconf 86' lang='grc' dir='ltr'>τοίνυν</span> <span class='ocrx_word' id='word_1_595' title='bbox 2515 3853 2791 3923; x_wconf 81' lang='grc' dir='ltr'>ἐρωτῆσαι</span> <span class='ocrx_word' id='word_1_596' title='bbox 2821 3848 3041 3921; x_wconf 89' lang='grc' dir='ltr'>πρῶτον</span> <span class='ocrx_word' id='word_1_597' title='bbox 3063 3889 3079 3915; x_wconf 89' lang='grc'><strong>,</strong></span> <span class='ocrx_word' id='word_1_598' title='bbox 3107 3847 3234 3911; x_wconf 88' lang='grc' dir='ltr'>Πῶς</span> <span class='ocrx_word' id='word_1_599' title='bbox 3267 3846 3522 3916; x_wconf 80' lang='grc' dir='ltr'>ἐξήλθετε</span> <span class='ocrx_word' id='word_1_600' title='bbox 3549 3863 3563 3912; x_wconf 88' lang='grc'>;</span> <span class='ocrx_word' id='word_1_601' title='bbox 3602 3844 3652 3898; x_wconf 86' lang='grc' dir='ltr'>οἱ</span> <span class='ocrx_word' id='word_1_602' title='bbox 3677 3840 3738 3897; x_wconf 78' lang='grc' dir='ltr'>δὲ</span> 
     </span>
    </p>
   </div>
   <div class='ocr_carea' id='block_1_83' title="bbox 2143 3933 3807 4015">
    <p class='ocr_par' dir='ltr' id='par_1_83' title="bbox 2143 3933 3807 4015">
     <span class='ocr_line' id='line_1_83' title="bbox 2143 3933 3807 4015; baseline -0.008 -15"><span class='ocrx_word' id='word_1_603' title='bbox 2143 3946 2219 4007; x_wconf 84' lang='grc' dir='ltr'>ὡς</span> <span class='ocrx_word' id='word_1_604' title='bbox 2282 3945 2498 4008; x_wconf 75' lang='grc' dir='ltr'>οὐδενὸς</span> <span class='ocrx_word' id='word_1_605' title='bbox 2555 3943 2850 4015; x_wconf 83' lang='grc' dir='ltr'>γενομένου</span> <span class='ocrx_word' id='word_1_606' title='bbox 2909 3939 3161 4013; x_wconf 76' lang='grc' dir='ltr'>ἐρωτῶσι</span> <span class='ocrx_word' id='word_1_607' title='bbox 3231 3939 3509 4009; x_wconf 88' lang='grc' dir='ltr'>λέγοντες,</span> <span class='ocrx_word' id='word_1_608' title='bbox 3588 3933 3735 4004; x_wconf 71' lang='grc' dir='ltr'><strong>Οὐχὶ</strong></span> <span class='ocrx_word' id='word_1_609' title='bbox 3804 3944 3807 3945; x_wconf 67' lang='grc'><strong><em>⁷</em></strong></span> 
     </span>
    </p>
   </div>
   <div class='ocr_carea' id='block_1_84' title="bbox 2145 4025 3740 4108">
    <p class='ocr_par' dir='ltr' id='par_1_84' title="bbox 2145 4025 3740 4108">
     <span class='ocr_line' id='line_1_84' title="bbox 2145 4025 3740 4108; baseline -0.008 -16"><span class='ocrx_word' id='word_1_610' title='bbox 2145 4036 2509 4108; x_wconf 70' lang='grc' dir='ltr'>παραγγελία</span> <span class='ocrx_word' id='word_1_611' title='bbox 2530 4035 3019 4107; x_wconf 74' lang='grc' dir='ltr'>παρηγγείλαμεν</span> <span class='ocrx_word' id='word_1_612' title='bbox 3046 4033 3192 4103; x_wconf 82' lang='grc' dir='ltr'><strong>ὑμῖν</strong></span> <span class='ocrx_word' id='word_1_613' title='bbox 3225 4030 3312 4101; x_wconf 80' lang='grc' dir='ltr'><strong>μὴ</strong></span> <span class='ocrx_word' id='word_1_614' title='bbox 3339 4029 3590 4095; x_wconf 72' lang='grc' dir='ltr'>λαλεῖν-ς</span> <span class='ocrx_word' id='word_1_615' title='bbox 3625 4025 3740 4081; x_wconf 73' lang='grc' dir='ltr'><strong>Καὶ</strong></span> 
     </span>
    </p>
   </div>
   <div class='ocr_carea' id='block_1_85' title="bbox 2146 4122 3741 4202">
    <p class='ocr_par' dir='ltr' id='par_1_85' title="bbox 2146 4122 3741 4202">
     <span class='ocr_line' id='line_1_85' title="bbox 2146 4122 3741 4202; baseline -0.009 -17"><span class='ocrx_word' id='word_1_616' title='bbox 2146 4131 2249 4202; x_wconf 82' lang='grc' dir='ltr'>ὅρα</span> <span class='ocrx_word' id='word_1_617' title='bbox 2287 4131 2357 4184; x_wconf 84' lang='grc' dir='ltr'>δι’</span> <span class='ocrx_word' id='word_1_618' title='bbox 2412 4128 2617 4200; x_wconf 80' lang='grc' dir='ltr'>ἑτέρων</span> <span class='ocrx_word' id='word_1_619' title='bbox 2678 4126 3046 4199; x_wconf 77' lang='grc' dir='ltr'>μανθάνουσιν</span> <span class='ocrx_word' id='word_1_620' title='bbox 3098 4124 3359 4180; x_wconf 69' lang='grc' dir='ltr'><strong>ἅπαντα.⁹</strong></span> <span class='ocrx_word' id='word_1_621' title='bbox 3418 4122 3587 4194; x_wconf 79' lang='grc' dir='ltr'>ὁρῶσι</span> <span class='ocrx_word' id='word_1_622' title='bbox 3642 4135 3741 4173; x_wconf 86' lang='grc' dir='ltr'>κε-</span> 
     </span>
    </p>
   </div>
   <div class='ocr_carea' id='block_1_86' title="bbox 2147 4212 3742 4292">
    <p class='ocr_par' dir='ltr' id='par_1_86' title="bbox 2147 4212 3742 4292">
     <span class='ocr_line' id='line_1_86' title="bbox 2147 4212 3742 4292; baseline -0.006 -17"><span class='ocrx_word' id='word_1_623' title='bbox 2147 4221 2478 4291; x_wconf 85' lang='grc' dir='ltr'>κλεισμένην</span> <span class='ocrx_word' id='word_1_624' title='bbox 2519 4218 2621 4292; x_wconf 86' lang='grc' dir='ltr'>τὴν</span> <span class='ocrx_word' id='word_1_625' title='bbox 2667 4217 2921 4291; x_wconf 82' lang='grc' dir='ltr'>φυλακὴν</span> <span class='ocrx_word' id='word_1_626' title='bbox 2968 4217 3088 4289; x_wconf 82' lang='grc' dir='ltr'>μετ’</span> <span class='ocrx_word' id='word_1_627' title='bbox 3119 4215 3424 4288; x_wconf 83' lang='grc' dir='ltr'>ἀσφαλείας</span> <span class='ocrx_word' id='word_1_628' title='bbox 3469 4214 3564 4269; x_wconf 74' lang='grc' dir='ltr'><strong>καὶ</strong></span> <span class='ocrx_word' id='word_1_629' title='bbox 3610 4212 3742 4275; x_wconf 75' lang='grc' dir='ltr'>τοὺς</span> 
     </span>
    </p>
   </div>
   <div class='ocr_carea' id='block_1_87' title="bbox 2148 4310 3169 4388">
    <p class='ocr_par' dir='ltr' id='par_1_87' title="bbox 2148 4310 3169 4388">
     <span class='ocr_line' id='line_1_87' title="bbox 2148 4310 3169 4388; baseline -0.003 -19"><span class='ocrx_word' id='word_1_630' title='bbox 2148 4315 2396 4388; x_wconf 85' lang='grc' dir='ltr'>φύλακας</span> <span class='ocrx_word' id='word_1_631' title='bbox 2419 4314 2661 4376; x_wconf 73' lang='grc' dir='ltr'>ἑστῶτας</span> <span class='ocrx_word' id='word_1_632' title='bbox 2691 4311 2798 4384; x_wconf 76' lang='grc' dir='ltr'><strong>πρὸ</strong></span> <span class='ocrx_word' id='word_1_633' title='bbox 2819 4310 2929 4365; x_wconf 89' lang='grc' dir='ltr'><strong>τῶν</strong></span> <span class='ocrx_word' id='word_1_634' title='bbox 2967 4310 3169 4384; x_wconf 83' lang='grc' dir='ltr'>θυρῶν.</span> 
     </span>
    </p>
   </div>
   <div class='ocr_carea' id='block_1_88' title="bbox 2225 4394 3745 4477">
    <p class='ocr_par' dir='ltr' id='par_1_88' title="bbox 2225 4394 3745 4477">
     <span class='ocr_line' id='line_1_88' title="bbox 2225 4394 3745 4477; baseline -0.009 -14"><span class='ocrx_word' id='word_1_635' title='bbox 2225 4427 2244 4462; x_wconf 86' lang='grc' dir='ltr'><strong>ι</strong></span> <span class='ocrx_word' id='word_1_636' title='bbox 2283 4409 2347 4462; x_wconf 84' lang='lat' dir='ltr'><strong>0i</strong></span> <span class='ocrx_word' id='word_1_637' title='bbox 2376 4407 2434 4461; x_wconf 78' lang='grc' dir='ltr'><strong>δὲ</strong></span> <span class='ocrx_word' id='word_1_638' title='bbox 2457 4403 2730 4477; x_wconf 80' lang='grc' dir='ltr'>ὑπηρέται</span> <span class='ocrx_word' id='word_1_639' title='bbox 2755 4404 3199 4476; x_wconf 77' lang='grc' dir='ltr'>παραγενόμενοι</span> <span class='ocrx_word' id='word_1_640' title='bbox 3230 4402 3330 4475; x_wconf 80' lang='grc' dir='ltr'>οὐχ</span> <span class='ocrx_word' id='word_1_641' title='bbox 3356 4394 3516 4474; x_wconf 72' lang='grc' dir='ltr'>εὗρον</span> <span class='ocrx_word' id='word_1_642' title='bbox 3540 4396 3745 4461; x_wconf 76' lang='grc' dir='ltr'>αὐτοὺς</span> 
     </span>
    </p>
   </div>
   <div class='ocr_carea' id='block_1_89' title="bbox 2077 4497 2651 4570">
    <p class='ocr_par' dir='ltr' id='par_1_89' title="bbox 2077 4497 2651 4570">
     <span class='ocr_line' id='line_1_89' title="bbox 2077 4497 2651 4570; baseline -0.007 -18"><span class='ocrx_word' id='word_1_643' title='bbox 2077 4497 2123 4552; x_wconf 89' lang='lat' dir='ltr'><strong>D</strong></span> <span class='ocrx_word' id='word_1_644' title='bbox 2151 4504 2211 4557; x_wconf 76' lang='grc' dir='ltr'>ὲν</span> <span class='ocrx_word' id='word_1_645' title='bbox 2242 4502 2309 4570; x_wconf 79' lang='grc' dir='ltr'>τῇ</span> <span class='ocrx_word' id='word_1_646' title='bbox 2350 4497 2593 4567; x_wconf 84' lang='grc' dir='ltr'>φυλακῇ.</span> <span class='ocrx_word' id='word_1_647' title='bbox 2633 4515 2651 4547; x_wconf 73' lang='grc' dir='ltr'><strong>ι</strong></span> 
     </span>
    </p>
   </div>
   <div class='ocr_carea' id='block_1_90' title="bbox 2214 4581 3745 4655">
    <p class='ocr_par' dir='ltr' id='par_1_90' title="bbox 2214 4581 3745 4655">
     <span class='ocr_line' id='line_1_90' title="bbox 2214 4581 3745 4655; baseline -0.007 -11"><span class='ocrx_word' id='word_1_648' title='bbox 2214 4593 2277 4645; x_wconf 68' lang='lat' dir='ltr'><strong>Et</strong></span> <span class='ocrx_word' id='word_1_649' title='bbox 2319 4588 2578 4655; x_wconf 77' lang='grc' dir='ltr'>ἐξέϐαλον</span> <span class='ocrx_word' id='word_1_650' title='bbox 2612 4586 2811 4650; x_wconf 78' lang='grc' dir='ltr'>αὐτοὺς</span> <span class='ocrx_word' id='word_1_651' title='bbox 2856 4582 2905 4639; x_wconf 78' lang='grc' dir='ltr'>οι</span> <span class='ocrx_word' id='word_1_652' title='bbox 2948 4585 3217 4654; x_wconf 84' lang='grc' dir='ltr'>φύλακες,</span> <span class='ocrx_word' id='word_1_653' title='bbox 3258 4584 3335 4648; x_wconf 82' lang='grc' dir='ltr'>ὡς</span> <span class='ocrx_word' id='word_1_654' title='bbox 3378 4583 3578 4637; x_wconf 76' lang='grc' dir='ltr'>ἐκεῖνοι</span> <span class='ocrx_word' id='word_1_655' title='bbox 3624 4581 3745 4635; x_wconf 54' lang='grc' dir='ltr'><strong>ὲνόω</strong></span> 
     </span>
    </p>
   </div>
   <div class='ocr_carea' id='block_1_91' title="bbox 362 4671 2039 4751">
    <p class='ocr_par' dir='ltr' id='par_1_91' title="bbox 362 4676 2039 4751">
     <span class='ocr_line' id='line_1_91' title="bbox 362 4676 2039 4751; baseline 0.002 -19"><span class='ocrx_word' id='word_1_656' title='bbox 362 4694 365 4699; x_wconf 94' lang='grc'>·</span> <span class='ocrx_word' id='word_1_657' title='bbox 456 4679 816 4751; x_wconf 84' lang='lat' dir='ltr'><strong>anl&#39;ugissent,</strong></span> <span class='ocrx_word' id='word_1_658' title='bbox 845 4680 891 4736; x_wconf 90' lang='lat' dir='ltr'><strong>si</strong></span> <span class='ocrx_word' id='word_1_659' title='bbox 926 4681 1094 4737; x_wconf 85' lang='lat' dir='ltr'><strong>etiam</strong></span> <span class='ocrx_word' id='word_1_660' title='bbox 1122 4676 1400 4734; x_wconf 86' lang='lat' dir='ltr'><strong>conciliati</strong></span> <span class='ocrx_word' id='word_1_661' title='bbox 1423 4676 1711 4745; x_wconf 86' lang='lat' dir='ltr'><strong>abiissent,</strong></span> <span class='ocrx_word' id='word_1_662' title='bbox 1752 4689 1809 4734; x_wconf 90' lang='lat' dir='ltr'><strong>et</strong></span> <span class='ocrx_word' id='word_1_663' title='bbox 1834 4679 1882 4734; x_wconf 88' lang='lat' dir='ltr'><strong>si</strong></span> <span class='ocrx_word' id='word_1_664' title='bbox 1925 4679 2039 4736; x_wconf 83' lang='lat' dir='ltr'><strong>illos</strong></span> 
     </span>
    </p>
   </div>
   <div class='ocr_carea' id='block_1_92' title="bbox 2159 4671 3745 4751">
    <p class='ocr_par' dir='ltr' id='par_1_92' title="bbox 2159 4671 3745 4749">
     <span class='ocr_line' id='line_1_92' title="bbox 2159 4671 3745 4749; baseline -0.006 -15"><span class='ocrx_word' id='word_1_665' title='bbox 2159 4679 2336 4748; x_wconf 62' lang='lat' dir='ltr'><strong>atCov,</strong></span> <span class='ocrx_word' id='word_1_666' title='bbox 2371 4678 2574 4749; x_wconf 66' lang='grc' dir='ltr'>ἔφυγον</span> <span class='ocrx_word' id='word_1_667' title='bbox 2608 4676 2696 4742; x_wconf 86' lang='grc' dir='ltr'><strong>ἂν,</strong></span> <span class='ocrx_word' id='word_1_668' title='bbox 2738 4675 2859 4746; x_wconf 82' lang='grc' dir='ltr'>εῐγε</span> <span class='ocrx_word' id='word_1_669' title='bbox 2902 4675 3219 4740; x_wconf 78' lang='grc' dir='ltr'>πεισθέντες</span> <span class='ocrx_word' id='word_1_670' title='bbox 3265 4673 3493 4746; x_wconf 72' lang='grc' dir='ltr'>ἐξῆλθον</span> <span class='ocrx_word' id='word_1_671' title='bbox 3516 4689 3530 4702; x_wconf 90' lang='grc'><strong>·</strong></span> <span class='ocrx_word' id='word_1_672' title='bbox 3560 4671 3657 4726; x_wconf 78' lang='grc' dir='ltr'>καὶ</span> <span class='ocrx_word' id='word_1_673' title='bbox 3693 4673 3745 4725; x_wconf 89' lang='grc' dir='ltr'>εἰ</span> 
     </span>
    </p>
   </div>
   <div class='ocr_carea' id='block_1_93' title="bbox 455 4766 2044 4838">
    <p class='ocr_par' dir='ltr' id='par_1_93' title="bbox 455 4766 2044 4838">
     <span class='ocr_line' id='line_1_93' title="bbox 455 4766 2044 4838; baseline -0.001 -13"><span class='ocrx_word' id='word_1_674' title='bbox 455 4770 778 4827; x_wconf 82' lang='lat' dir='ltr'><strong>eduxissent</strong></span> <span class='ocrx_word' id='word_1_675' title='bbox 819 4770 935 4838; x_wconf 90' lang='lat' dir='ltr'><strong>isti,</strong></span> <span class='ocrx_word' id='word_1_676' title='bbox 991 4785 1096 4825; x_wconf 91' lang='lat' dir='ltr'><strong>non</strong></span> <span class='ocrx_word' id='word_1_677' title='bbox 1142 4781 1277 4823; x_wconf 82' lang='lat' dir='ltr'><strong>sane</strong></span> <span class='ocrx_word' id='word_1_678' title='bbox 1321 4769 1374 4823; x_wconf 93' lang='lat' dir='ltr'><strong>in</strong></span> <span class='ocrx_word' id='word_1_679' title='bbox 1410 4766 1610 4838; x_wconf 88' lang='lat' dir='ltr'><strong>templo</strong></span> <span class='ocrx_word' id='word_1_680' title='bbox 1651 4769 2044 4836; x_wconf 88' lang='lat' dir='ltr'><strong>constitissent,</strong></span> 
     </span>
    </p>
   </div>
   <div class='ocr_carea' id='block_1_94' title="bbox 2146 4764 3740 4838">
    <p class='ocr_par' dir='ltr' id='par_1_94' title="bbox 2146 4764 3740 4838">
     <span class='ocr_line' id='line_1_94' title="bbox 2146 4764 3740 4838; baseline -0.004 -15"><span class='ocrx_word' id='word_1_681' title='bbox 2146 4769 2405 4836; x_wconf 70' lang='grc' dir='ltr'>ἐξέϐαλον</span> <span class='ocrx_word' id='word_1_682' title='bbox 2425 4766 2624 4831; x_wconf 73' lang='grc' dir='ltr'>αὐτοὺς</span> <span class='ocrx_word' id='word_1_683' title='bbox 2646 4768 2870 4833; x_wconf 73' lang='grc' dir='ltr'>ἐκεῖνοι,</span> <span class='ocrx_word' id='word_1_684' title='bbox 2891 4767 2994 4822; x_wconf 72' lang='grc' dir='ltr'><strong>οὐκ</strong></span> <span class='ocrx_word' id='word_1_685' title='bbox 3020 4766 3089 4821; x_wconf 82' lang='grc' dir='ltr'><strong>ἂν</strong></span> <span class='ocrx_word' id='word_1_686' title='bbox 3114 4768 3196 4830; x_wconf 90' lang='grc' dir='ltr'>εἰς</span> <span class='ocrx_word' id='word_1_687' title='bbox 3220 4766 3283 4820; x_wconf 82' lang='grc' dir='ltr'><strong>τὸ</strong></span> <span class='ocrx_word' id='word_1_688' title='bbox 3304 4765 3452 4838; x_wconf 77' lang='grc' dir='ltr'>ἱερὸν</span> <span class='ocrx_word' id='word_1_689' title='bbox 3472 4764 3740 4834; x_wconf 71' lang='grc' dir='ltr'>ἔστησαν,</span> 
     </span>
    </p>
   </div>
   <div class='ocr_carea' id='block_1_95' title="bbox 458 4857 2039 4936">
    <p class='ocr_par' dir='ltr' id='par_1_95' title="bbox 458 4862 2039 4936">
     <span class='ocr_line' id='line_1_95' title="bbox 458 4862 2039 4936; baseline 0 -18"><span class='ocrx_word' id='word_1_690' title='bbox 458 4864 554 4919; x_wconf 86' lang='lat' dir='ltr'><strong>sed</strong></span> <span class='ocrx_word' id='word_1_691' title='bbox 584 4863 958 4936; x_wconf 86' lang='lat' dir='ltr'><strong>aul&#39;ugissent;</strong></span> <span class='ocrx_word' id='word_1_692' title='bbox 994 4862 1048 4919; x_wconf 89' lang='lat' dir='ltr'><strong>id</strong></span> <span class='ocrx_word' id='word_1_693' title='bbox 1080 4871 1265 4918; x_wconf 90' lang='lat' dir='ltr'><strong>autem</strong></span> <span class='ocrx_word' id='word_1_694' title='bbox 1305 4872 1462 4917; x_wconf 88' lang='lat' dir='ltr'><strong>nemo</strong></span> <span class='ocrx_word' id='word_1_695' title='bbox 1491 4869 1601 4916; x_wconf 90' lang='lat' dir='ltr'><strong>tam</strong></span> <span class='ocrx_word' id='word_1_696' title='bbox 1629 4870 1814 4916; x_wconf 86' lang='lat' dir='ltr'><strong>mente</strong></span> <span class='ocrx_word' id='word_1_697' title='bbox 1853 4869 2039 4933; x_wconf 79' lang='lat' dir='ltr'><strong>captus</strong></span> 
     </span>
    </p>
   </div>
   <div class='ocr_carea' id='block_1_96' title="bbox 2159 4857 3742 4936">
    <p class='ocr_par' dir='ltr' id='par_1_96' title="bbox 2159 4857 3742 4935">
     <span class='ocr_line' id='line_1_96' title="bbox 2159 4857 3742 4935; baseline -0.006 -17"><span class='ocrx_word' id='word_1_698' title='bbox 2159 4863 2264 4920; x_wconf 71' lang='grc' dir='ltr'>ξιλλ’</span> <span class='ocrx_word' id='word_1_699' title='bbox 2300 4862 2620 4935; x_wconf 78' lang='grc' dir='ltr'>ἀπέδρασαν</span> <span class='ocrx_word' id='word_1_700' title='bbox 2652 4860 2718 4916; x_wconf 72' lang='grc' dir='ltr'>ἄν</span> <span class='ocrx_word' id='word_1_701' title='bbox 2742 4876 2757 4890; x_wconf 72' lang='grc' dir='ltr'><strong>ο</strong></span> <span class='ocrx_word' id='word_1_702' title='bbox 2793 4860 2953 4915; x_wconf 79' lang='grc' dir='ltr'>τοῦτο</span> <span class='ocrx_word' id='word_1_703' title='bbox 2978 4859 3036 4915; x_wconf 83' lang='grc' dir='ltr'>δὲ</span> <span class='ocrx_word' id='word_1_704' title='bbox 3065 4859 3243 4925; x_wconf 76' lang='grc' dir='ltr'>οὐδεὶς</span> <span class='ocrx_word' id='word_1_705' title='bbox 3281 4858 3457 4923; x_wconf 69' lang='grc' dir='ltr'>οὕτως</span> <span class='ocrx_word' id='word_1_706' title='bbox 3485 4857 3742 4928; x_wconf 85' lang='grc' dir='ltr'>ἀνόητος,</span> 
     </span>
    </p>
   </div>
   <div class='ocr_carea' id='block_1_97' title="bbox 454 4956 1031 5027">
    <p class='ocr_par' dir='ltr' id='par_1_97' title="bbox 454 4956 1031 5027">
     <span class='ocr_line' id='line_1_97' title="bbox 454 4956 1031 5027; baseline -0.002 -17"><span class='ocrx_word' id='word_1_707' title='bbox 454 4956 548 5025; x_wconf 87' lang='lat' dir='ltr'><strong>qui</strong></span> <span class='ocrx_word' id='word_1_708' title='bbox 584 4972 692 5014; x_wconf 89' lang='lat' dir='ltr'><strong>non</strong></span> <span class='ocrx_word' id='word_1_709' title='bbox 721 4956 1031 5027; x_wconf 89' lang='lat' dir='ltr'><strong>intelligat.‘</strong></span> 
     </span>
    </p>
   </div>
   <div class='ocr_carea' id='block_1_98' title="bbox 530 5043 2044 5113">
    <p class='ocr_par' dir='ltr' id='par_1_98' title="bbox 530 5043 2044 5113">
     <span class='ocr_line' id='line_1_98' title="bbox 530 5043 2044 5113; baseline 0 -12"><span class='ocrx_word' id='word_1_710' title='bbox 530 5043 697 5103; x_wconf 74' lang='lat' dir='ltr'><strong>Vens.</strong></span> <span class='ocrx_word' id='word_1_711' title='bbox 750 5045 843 5103; x_wconf 75' lang='lat'><strong>56.</strong></span> <span class='ocrx_word' id='word_1_712' title='bbox 893 5044 1165 5101; x_wconf 66' lang='lat' dir='ltr'><strong>«Exstitit</strong></span> <span class='ocrx_word' id='word_1_713' title='bbox 1216 5044 1505 5113; x_wconf 80' lang='lat' dir='ltr'><strong>Tlieodas,</strong></span> <span class='ocrx_word' id='word_1_714' title='bbox 1565 5046 1752 5104; x_wconf 87' lang='lat' dir='ltr'><strong>dicens</strong></span> <span class='ocrx_word' id='word_1_715' title='bbox 1797 5061 1860 5103; x_wconf 90' lang='lat' dir='ltr'><strong>se</strong></span> <span class='ocrx_word' id='word_1_716' title='bbox 1918 5060 2044 5102; x_wconf 88' lang='lat' dir='ltr'><strong>esse</strong></span> 
     </span>
    </p>
   </div>
   <div class='ocr_carea' id='block_1_99' title="bbox 456 5134 770 5207">
    <p class='ocr_par' dir='ltr' id='par_1_99' title="bbox 456 5134 770 5207">
     <span class='ocr_line' id='line_1_99' title="bbox 456 5134 770 5207; baseline 0 -18"><span class='ocrx_word' id='word_1_717' title='bbox 456 5134 715 5207; x_wconf 76' lang='lat' dir='ltr'><strong>aliquem.</strong></span> <span class='ocrx_word' id='word_1_718' title='bbox 750 5154 770 5189; x_wconf 71' lang='grc' dir='ltr'><strong>ι</strong></span> 
     </span>
    </p>
   </div>
   <div class='ocr_carea' id='block_1_100' title="bbox 531 5226 2045 5317">
    <p class='ocr_par' dir='ltr' id='par_1_100' title="bbox 531 5226 2045 5317">
     <span class='ocr_line' id='line_1_100' title="bbox 531 5226 2045 5317; baseline 0.005 -36"><span class='ocrx_word' id='word_1_719' title='bbox 531 5226 786 5285; x_wconf 87' lang='lat' dir='ltr'><strong>Theodas</strong></span> <span class='ocrx_word' id='word_1_720' title='bbox 820 5230 1183 5287; x_wconf 74' lang='lat' dir='ltr'><strong>hazresiarcha</strong></span> <span class='ocrx_word' id='word_1_721' title='bbox 1227 5231 1473 5290; x_wconf 80' lang='lat' dir='ltr'><strong>etJudas</strong></span> <span class='ocrx_word' id='word_1_722' title='bbox 1501 5233 1758 5290; x_wconf 79' lang='lat' dir='ltr'><strong>Galilauts</strong></span> <span class='ocrx_word' id='word_1_723' title='bbox 1806 5233 1860 5317; x_wconf 83' lang='lat' dir='ltr'><strong>in</strong></span> <span class='ocrx_word' id='word_1_724' title='bbox 1908 5240 2045 5289; x_wconf 91' lang='lat' dir='ltr'><strong>tem-</strong></span> 
     </span>
    </p>
   </div>
   <div class='ocr_carea' id='block_1_101' title="bbox 459 5321 1371 5389">
    <p class='ocr_par' dir='ltr' id='par_1_101' title="bbox 459 5321 1371 5389">
     <span class='ocr_line' id='line_1_101' title="bbox 459 5321 1371 5389; baseline 0.007 -14"><span class='ocrx_word' id='word_1_725' title='bbox 459 5334 594 5389; x_wconf 87' lang='lat' dir='ltr'><strong>pore</strong></span> <span class='ocrx_word' id='word_1_726' title='bbox 630 5321 970 5378; x_wconf 88' lang='lat' dir='ltr'><strong>recensionis</strong></span> <span class='ocrx_word' id='word_1_727' title='bbox 999 5324 1198 5380; x_wconf 92' lang='lat' dir='ltr'><strong>mortui</strong></span> <span class='ocrx_word' id='word_1_728' title='bbox 1228 5337 1371 5381; x_wconf 87' lang='lat' dir='ltr'><strong>sunt.</strong></span> 
     </span>
    </p>
   </div>
   <div class='ocr_carea' id='block_1_102' title="bbox 533 5471 1341 5547">
    <p class='ocr_par' dir='ltr' id='par_1_102' title="bbox 533 5471 1341 5547">
     <span class='ocr_line' id='line_1_102' title="bbox 533 5471 1341 5547; baseline 0.005 -19"><span class='ocrx_word' id='word_1_729' title='bbox 533 5473 560 5513; x_wconf 73' lang='grc' dir='ltr'>ἆ</span> <span class='ocrx_word' id='word_1_730' title='bbox 586 5472 650 5528; x_wconf 89' lang='lat' dir='ltr'><strong>C.</strong></span> <span class='ocrx_word' id='word_1_731' title='bbox 686 5471 747 5529; x_wconf 89' lang='lat' dir='ltr'><strong>C.</strong></span> <span class='ocrx_word' id='word_1_732' title='bbox 776 5488 886 5527; x_wconf 90' lang='lat' dir='ltr'><strong>om.</strong></span> <span class='ocrx_word' id='word_1_733' title='bbox 918 5476 946 5529; x_wconf 87' lang='grc' dir='ltr'><strong>ὁ</strong></span> <span class='ocrx_word' id='word_1_734' title='bbox 968 5475 1194 5547; x_wconf 78' lang='grc' dir='ltr'>ἁδελφός</span> <span class='ocrx_word' id='word_1_735' title='bbox 1225 5494 1341 5533; x_wconf 92' lang='grc' dir='ltr'>σου.</span> 
     </span>
    </p>
   </div>
   <div class='ocr_carea' id='block_1_103' title="bbox 539 5633 2049 5712">
    <p class='ocr_par' dir='ltr' id='par_1_103' title="bbox 539 5633 2049 5712">
     <span class='ocr_line' id='line_1_103' title="bbox 539 5633 2049 5712; baseline 0.002 -24"><span class='ocrx_word' id='word_1_736' title='bbox 539 5633 612 5706; x_wconf 70' lang='grc' dir='ltr'><strong>(Ξ)</strong></span> <span class='ocrx_word' id='word_1_737' title='bbox 646 5634 768 5692; x_wconf 67' lang='lat' dir='ltr'><strong>Haec</strong></span> <span class='ocrx_word' id='word_1_738' title='bbox 791 5647 845 5692; x_wconf 90' lang='lat' dir='ltr'><strong>et</strong></span> <span class='ocrx_word' id='word_1_739' title='bbox 863 5641 1129 5712; x_wconf 79' lang='lat' dir='ltr'><strong>scliolium</strong></span> <span class='ocrx_word' id='word_1_740' title='bbox 1155 5657 1390 5712; x_wconf 83' lang='lat' dir='ltr'><strong>sequens</strong></span> <span class='ocrx_word' id='word_1_741' title='bbox 1408 5641 1543 5697; x_wconf 85' lang='lat' dir='ltr'><strong>Cod.</strong></span> <span class='ocrx_word' id='word_1_742' title='bbox 1569 5638 1855 5712; x_wconf 83' lang='lat' dir='ltr'><strong>Coisl._dat</strong></span> <span class='ocrx_word' id='word_1_743' title='bbox 1875 5638 2049 5712; x_wconf 70' lang='lat' dir='ltr'><strong>Chry-</strong></span> 
     </span>
    </p>
   </div>
   <div class='ocr_carea' id='block_1_104' title="bbox 462 5708 2045 5787">
    <p class='ocr_par' dir='ltr' id='par_1_104' title="bbox 462 5708 2045 5787">
     <span class='ocr_line' id='line_1_104' title="bbox 462 5708 2045 5787; baseline 0.003 -27"><span class='ocrx_word' id='word_1_744' title='bbox 462 5716 724 5787; x_wconf 63' lang='lat' dir='ltr'><strong>sgstomo,</strong></span> <span class='ocrx_word' id='word_1_745' title='bbox 748 5711 1009 5787; x_wconf 58' lang='lat' dir='ltr'><strong>etrcipsa</strong></span> <span class='ocrx_word' id='word_1_746' title='bbox 1030 5714 1215 5782; x_wconf 84' lang='lat' dir='ltr'><strong>paucis</strong></span> <span class='ocrx_word' id='word_1_747' title='bbox 1235 5708 1464 5770; x_wconf 55' lang='lat' dir='ltr'><strong>&#39;mutatis</strong></span> <span class='ocrx_word' id='word_1_748' title='bbox 1486 5720 1703 5769; x_wconf 83' lang='lat' dir='ltr'><strong>exstant</strong></span> <span class='ocrx_word' id='word_1_749' title='bbox 1737 5709 1879 5767; x_wconf 86' lang='lat' dir='ltr'><strong>inter</strong></span> <span class='ocrx_word' id='word_1_750' title='bbox 1909 5708 2045 5781; x_wconf 89' lang='lat' dir='ltr'><strong>Opp.</strong></span> 
     </span>
    </p>
   </div>
   <div class='ocr_carea' id='block_1_105' title="bbox 464 5774 1033 5857">
    <p class='ocr_par' dir='ltr' id='par_1_105' title="bbox 464 5774 1033 5857">
     <span class='ocr_line' id='line_1_105' title="bbox 464 5774 1033 5857; baseline 0.016 -24"><span class='ocrx_word' id='word_1_751' title='bbox 464 5774 749 5857; x_wconf 56' lang='lat' dir='ltr'><strong>Chrysost.</strong></span> <span class='ocrx_word' id='word_1_752' title='bbox 785 5778 849 5835; x_wconf 75' lang='lat' dir='ltr'><strong>IX</strong></span> <span class='ocrx_word' id='word_1_753' title='bbox 864 5821 878 5848; x_wconf 85' lang='lat'><strong>,</strong></span> <span class='ocrx_word' id='word_1_754' title='bbox 911 5774 1033 5843; x_wconf 77' lang='grc'><strong>105.</strong></span> 
     </span>
    </p>
   </div>
   <div class='ocr_carea' id='block_1_106' title="bbox 2149 4950 2679 5024">
    <p class='ocr_par' dir='ltr' id='par_1_106' title="bbox 2149 4950 2679 5024">
     <span class='ocr_line' id='line_1_106' title="bbox 2149 4950 2679 5024; baseline -0.008 -15"><span class='ocrx_word' id='word_1_755' title='bbox 2149 4953 2292 5010; x_wconf 81' lang='grc' dir='ltr'>ὥστε</span> <span class='ocrx_word' id='word_1_756' title='bbox 2322 4952 2398 5024; x_wconf 78' lang='grc' dir='ltr'><strong>μὴ</strong></span> <span class='ocrx_word' id='word_1_757' title='bbox 2428 4950 2679 5005; x_wconf 79' lang='grc' dir='ltr'>συνιδεῖν.</span> 
     </span>
    </p>
   </div>
   <div class='ocr_carea' id='block_1_107' title="bbox 2227 5035 3740 5136">
    <p class='ocr_par' dir='ltr' id='par_1_107' title="bbox 2227 5035 3740 5136">
     <span class='ocr_line' id='line_1_107' title="bbox 2227 5035 3740 5136; baseline -0.006 -38"><span class='ocrx_word' id='word_1_758' title='bbox 2227 5062 2248 5098; x_wconf 81' lang='grc' dir='ltr'><strong>ι</strong></span> <span class='ocrx_word' id='word_1_759' title='bbox 2299 5044 2526 5115; x_wconf 83' lang='grc' dir='ltr'>’Δνέστη</span> <span class='ocrx_word' id='word_1_760' title='bbox 2562 5041 2768 5106; x_wconf 79' lang='grc' dir='ltr'>Θευδᾶς</span> <span class='ocrx_word' id='word_1_761' title='bbox 2811 5040 2988 5112; x_wconf 84' lang='grc' dir='ltr'>λέγων</span> <span class='ocrx_word' id='word_1_762' title='bbox 3029 5036 3170 5136; x_wconf 70' lang='grc' dir='ltr'>εἷναί</span> <span class='ocrx_word' id='word_1_763' title='bbox 3223 5057 3349 5098; x_wconf 86' lang='grc' dir='ltr'>τινα</span> <span class='ocrx_word' id='word_1_764' title='bbox 3398 5037 3593 5094; x_wconf 71' lang='grc' dir='ltr'>ἑαυτὸν</span> <span class='ocrx_word' id='word_1_765' title='bbox 3642 5035 3740 5108; x_wconf 77' lang='grc' dir='ltr'><strong>μέ-</strong></span> 
     </span>
    </p>
   </div>
   <div class='ocr_carea' id='block_1_108' title="bbox 2192 5154 2345 5193">
    <p class='ocr_par' dir='ltr' id='par_1_108' title="bbox 2192 5154 2345 5193">
     <span class='ocr_line' id='line_1_108' title="bbox 2192 5154 2345 5193; baseline -0.013 -1"><span class='ocrx_word' id='word_1_766' title='bbox 2192 5154 2277 5193; x_wconf 90' lang='grc' dir='ltr'><strong>αν.</strong></span> <span class='ocrx_word' id='word_1_767' title='bbox 2324 5155 2345 5190; x_wconf 72' lang='grc' dir='ltr'><strong>ι</strong></span> 
     </span>
    </p>
   </div>
   <div class='ocr_carea' id='block_1_109' title="bbox 2154 5154 3746 5305">
    <p class='ocr_par' dir='ltr' id='par_1_109' title="bbox 2154 5154 3746 5305">
     <span class='ocr_line' id='line_1_109' title="bbox 2192 5154 2345 5193; baseline -0.013 -1"><span class='ocrx_word' id='word_1_768' title='bbox 2192 5154 2277 5193; x_wconf 90' lang='grc' dir='ltr'><strong>αν.</strong></span> <span class='ocrx_word' id='word_1_769' title='bbox 2324 5155 2345 5190; x_wconf 73' lang='grc' dir='ltr'><strong>ι</strong></span> 
     </span>
     <span class='ocr_line' id='line_1_110' title="bbox 2154 5154 3746 5305; baseline -0.005 -19"><span class='ocrx_word' id='word_1_770' title='bbox 2154 5154 2188 5207; x_wconf 68' lang='grc' dir='ltr'><strong>γ</strong></span> <span class='ocrx_word' id='word_1_771' title='bbox 2224 5231 2431 5297; x_wconf 82' lang='grc' dir='ltr'>Θευδᾶς</span> <span class='ocrx_word' id='word_1_772' title='bbox 2484 5234 2561 5304; x_wconf 81' lang='lat'><strong>(&#39;5)</strong></span> <span class='ocrx_word' id='word_1_773' title='bbox 2615 5232 2975 5305; x_wconf 82' lang='grc' dir='ltr'>αίρεσιάρχης</span> <span class='ocrx_word' id='word_1_774' title='bbox 3033 5230 3128 5284; x_wconf 81' lang='grc' dir='ltr'>καὶ</span> <span class='ocrx_word' id='word_1_775' title='bbox 3201 5226 3405 5292; x_wconf 81' lang='grc' dir='ltr'>Ἰούδας</span> <span class='ocrx_word' id='word_1_776' title='bbox 3453 5224 3746 5290; x_wconf 82' lang='grc' dir='ltr'>Γαλιλαῖος</span> 
     </span>
    </p>
   </div>
   <div class='ocr_carea' id='block_1_110' title="bbox 2155 5319 3557 5397">
    <p class='ocr_par' dir='ltr' id='par_1_110' title="bbox 2155 5319 3557 5397">
     <span class='ocr_line' id='line_1_111' title="bbox 2155 5319 3557 5397; baseline -0.004 -19"><span class='ocrx_word' id='word_1_777' title='bbox 2155 5325 2250 5379; x_wconf 71' lang='grc' dir='ltr'><strong>ἐπὶ</strong></span> <span class='ocrx_word' id='word_1_778' title='bbox 2271 5322 2381 5378; x_wconf 88' lang='grc' dir='ltr'><strong>τῶν</strong></span> <span class='ocrx_word' id='word_1_779' title='bbox 2409 5325 2621 5397; x_wconf 85' lang='grc' dir='ltr'>χρόνων</span> <span class='ocrx_word' id='word_1_780' title='bbox 2661 5323 2763 5395; x_wconf 79' lang='grc' dir='ltr'>τῆς</span> <span class='ocrx_word' id='word_1_781' title='bbox 2793 5320 3121 5397; x_wconf 77' lang='grc' dir='ltr'>ἀπογραφῆς</span> <span class='ocrx_word' id='word_1_782' title='bbox 3149 5319 3557 5392; x_wconf 88' lang='grc' dir='ltr'>κατελύθησαν.</span> 
     </span>
    </p>
   </div>
   <div class='ocr_carea' id='block_1_111' title="bbox 2236 5634 3748 5714">
    <p class='ocr_par' dir='ltr' id='par_1_111' title="bbox 2236 5634 3748 5714">
     <span class='ocr_line' id='line_1_112' title="bbox 2236 5634 3748 5714; baseline -0.001 -20"><span class='ocrx_word' id='word_1_783' title='bbox 2236 5641 2308 5713; x_wconf 77' lang='grc'><strong>(5)</strong></span> <span class='ocrx_word' id='word_1_784' title='bbox 2337 5640 2463 5698; x_wconf 71' lang='lat' dir='ltr'><strong>llmc</strong></span> <span class='ocrx_word' id='word_1_785' title='bbox 2490 5643 2630 5699; x_wconf 89' lang='lat' dir='ltr'><strong>inter</strong></span> <span class='ocrx_word' id='word_1_786' title='bbox 2652 5635 3321 5714; x_wconf 60' lang='lat' dir='ltr'><strong>anonymahabet&#39;catena</strong></span> <span class='ocrx_word' id='word_1_787' title='bbox 3349 5634 3619 5711; x_wconf 80' lang='lat' dir='ltr'><strong>Crameri,</strong></span> <span class='ocrx_word' id='word_1_788' title='bbox 3645 5635 3748 5696; x_wconf 90' lang='lat' dir='ltr'><strong>sed</strong></span> 
     </span>
    </p>
   </div>
   <div class='ocr_carea' id='block_1_112' title="bbox 2159 5713 3068 5773">
    <p class='ocr_par' dir='ltr' id='par_1_112' title="bbox 2159 5713 3068 5773">
     <span class='ocr_line' id='line_1_113' title="bbox 2159 5713 3068 5773; baseline -0.001 -3"><span class='ocrx_word' id='word_1_789' title='bbox 2159 5714 2293 5772; x_wconf 81' lang='lat' dir='ltr'><strong>Cod.</strong></span> <span class='ocrx_word' id='word_1_790' title='bbox 2326 5714 2494 5772; x_wconf 75' lang='lat' dir='ltr'><strong>Coisl.</strong></span> <span class='ocrx_word' id='word_1_791' title='bbox 2525 5713 2816 5773; x_wconf 75' lang='lat' dir='ltr'><strong>Ammouio</strong></span> <span class='ocrx_word' id='word_1_792' title='bbox 2857 5713 3068 5771; x_wconf 83' lang='lat' dir='ltr'><strong>tribuit.</strong></span> 
     </span>
    </p>
   </div>
  </div>
