4064 6462
302 347 449 412 1529

1221 346 1690 409 FRAGMENTA
1729 348 1812 410 IN
1851 346 2042 410 ACTA
2078 349 2661 415 APOSTOLORUM.

3419 398 3425 402 -
3452 351 3604 419 1530

382 480 405 514 ι
447 461 511 516 Ol
544 459 645 534 μὲν
669 454 763 517 οῦν
788 458 1119 534 ἐπορεύοντο
1137 461 1426 533 χαίροντες
1457 462 1571 517 ἀπὸ
1598 461 1917 535 προσώπου»

2096 465 2255 522 Vens.
2306 465 2396 520 di.
2442 485 2463 519 ι
2495 464 2563 521 Ει
2612 466 2686 521 illi
2733 465 2949 538 quidem
3007 465 3160 523 ibant
3207 463 3508 538 gaudentes
3574 477 3603 512 ει

304 553 407 608 τοῦ
441 552 745 627 συνεδρίου.
778 573 798 607 ι

395 645 566 715 Ὑπὲρ
593 646 702 701 τοῦ
735 646 1029 717 ὀνόματος
1070 645 1437 717 ἀτιμασθῆναι
1458 665 1472 679 ο
1512 643 1592 718 τῷ
1628 644 1905 717 καθολικῷ

306 740 666 812 χρησάμενος
693 739 989 810 ἐδήλωσεν,
1016 740 1099 794 ὅτι
1118 739 1251 805 Θεὸς
1272 736 1340 812 ἦν
1366 743 1396 795 6
1432 740 1662 812 Ἰησοῦς.
1688 741 1903 811 Ὥσπερ

308 833 421 904 γάρ
449 848 535 896 τις
580 831 777 900 λέγων,
815 832 987 896 Αὐτὸς
1024 828 1201 897 εἶπεν,
1245 833 1305 886 Ὀ
1334 831 1411 886 ὢν
1444 828 1591 901 εἷπε,
1631 832 1724 887 τὸν
1770 831 1907 886 Θεὸν

309 921 598 993 σημαίνειο
630 920 806 987 οὕτως
836 923 930 976 καὶ
960 925 990 977 6
1018 923 1288 993 ἀορίστως
1318 922 1379 977 τὸ
1416 923 1592 995 όνομα
1626 924 1790 996 μόνον
1820 923 1905 981 εί-

307 1012 453 1080 πὼν,
485 1012 686 1084 ὁμοίως
719 1014 820 1085 τὴν
849 1014 998 1069 θείαν
1032 1015 1127 1069 τοῦ
1167 1013 1345 1087 Ἰησοῦ
1374 1016 1565 1070 obuia»
1595 1018 1898 1089 ἐσήμανεν.

893 1190 1148 1247 Imma.
1192 1195 1285 1260 (τ’.

453 1302 564 1355 Καὶ
601 1299 1038 1372 προσευξάμενοι
1072 1300 1351 1373 ἐπέθηκαν
1402 1302 1589 1364 αὐτοῖς
1635 1301 1735 1366 τὰς
1786 1302 1904 1373 χεῖ-

314 1408 439 1466 ρας.
487 1411 508 1447 ι

382 1483 736 1555 Σημειωτέον
770 1482 852 1537 ὅτι
889 1482 958 1537 δι’
989 1484 1158 1554 εὐχῆς
1195 1483 1291 1538 καὶ
1323 1482 1625 1548 ἐπιθέσεως
1646 1481 1757 1537 τῶν
1792 1499 1909 1555 χει-

312 1576 428 1649 ρῶν
447 1576 560 1630 τῶν
584 1576 909 1649 ἡγουμένων
932 1575 1010 1647 τῷ
1041 1576 1185 1647 λόγῳ
1209 1577 1243 1649 ή
1264 1576 1589 1648 χειροτονία,
1614 1575 1709 1630 καὶ
1728 1578 1762 1647 ή
1790 1575 1915 1639 ἀξία

307 1671 412 1741 τῆς
456 1671 737 1735 διακονίας
778 1671 937 1743 ἐδόθη
986 1671 1044 1737 ἐξ
1077 1670 1254 1741 ἀρχῆς
1299 1672 1413 1733 τοῖς
1458 1669 1768 1737 διακόνοις,
1815 1671 1913 1723 καὶ¹

308 1763 477 1816 τοῦτο
514 1761 680 1826 ’ἔθος
708 1762 873 1833 μέχρι
902 1763 999 1817 καὶ
1035 1761 1131 1816 νῦν
1161 1760 1417 1827 σώζεται.

388 1875 409 1909 ι
460 1855 520 1910 '0
548 1854 568 1895 ί
601 1855 889 1927 ἄνθρωπος
920 1850 1075 1920 οὗτος
1111 1854 1172 1909 οὐ
1217 1854 1452 1909 παύεται
1482 1853 1661 1914 λαλῶν
1689 1855 1913 1925 ῥήματα

313 1946 623 2018 βλάσφημα
655 1948 795 2001 κατά
827 1946 924 2001 τοῦ
952 1947 1117 2001 τόπου
1151 1946 1246 2001 τοῦ
1282 1947 1440 2016 ἁγίου
1469 1946 1664 2001 τούτου
1693 1947 1790 2001 καὶ
1820 1946 1915 2001 τοῦ

310 2034 510 2105 νόμου⁸
541 2028 866 2106 ἀκηκόαμεν
904 2036 1013 2106 γὰρ
1048 2036 1216 2089 αὑτοῦ
1248 2036 1524 2105 λέγοντος.
1569 2056 1588 2089 ›
1811 2082 1817 2088 .

384 2126 737 2209 Σημειῳτέον
794 2127 877 2181 ὃτι
927 2128 1082 2181 αὐτοὶ
1134 2130 1183 2182 οἱ
1238 2129 1690 2201 ψευδομάρτυρες
1741 2128 1918 2201 ἀληθῆ

311 2218 718 2289 προεφήτευον,
761 2219 857 2272 καὶ¹
890 2218 964 2290 μὴ
1002 2219 1344 2290 βουλόμενοι,
1373 2220 1505 2294 περὶ
1532 2221 1635 2291 τῆς
1656 2220 1752 2274 τοῦ
1789 2220 1919 2275 ναοῦ

308 2309 600 2374 ἀπωλείας
641 2312 736 2365 καὶ
786 2313 888 2383 τῆς
932 2312 1242 2384 ἐναλλαγῆς
1282 2313 1384 2383 τῆς
1431 2312 1574 2366 κατά
1618 2312 1714 2368 τὸν
1754 2313 1921 2383 νόμον

315 2402 600 2473 σαρκικῆς
627 2401 909 2475 λατρείας.

393 2512 415 2547 ι
452 2496 564 2548 Καὶ
597 2496 967 2567 μετετέθησαν
1001 2497 1083 2560 είς
1118 2496 1325 2568 Συχὲμ,
1358 2496 1453 2550 καὶ
1483 2496 1748 2568 ἐτέθησαν
1766 2497 1826 2552 ἐν
1845 2495 1925 2567 τῷ

317 2589 573 2658 μνήματι
601 2581 645 2656 ᾧ
673 2588 929 2659 ὠνήσατο
972 2588 1227 2659 Ἀϐραὰμ
1247 2588 1415 2659 τιμῆς
1439 2587 1734 2661 ἀργυρίου,
1768 2588 1925 2660 παρὰ

313 2679 430 2732 τῶν
471 2678 607 2732 υἱῶν
648 2676 883 2749 Ἑμμὼρ
914 2679 973 2731 ἐν
997 2679 1210 2747 Συχέμ.
1255 2698 1276 2731 ι

392 2771 745 2840 Σημειωτέον
775 2769 853 2839 (4)
906 2770 989 2822 ὅτι
1032 2771 1113 2831 είς
1147 2769 1334 2839 Συχὲμ
1370 2769 1657 2839 ἐτάφησαν
1702 2772 1754 2824 oi
1791 2774 1924 2842 περὶ

314 2859 419 2913 τὸν
457 2857 714 2927 Ἀϐραὰμ
749 2857 843 2909 καὶ
867 2858 918 2910 οἱ
949 2857 1313 2928 πατριάρχαι·
1341 2858 1465 2928 ἥτις
1500 2858 1750 2913 ἐκαλεῖτο
1778 2858 1923 2929 τάχα

319 2947 553 3015 Σίκιμα·
572 2946 743 3016 αὐτὴν
760 2946 868 3016 γὰρ
890 2945 1140 3017 ὠνήσατο
1156 2947 1312 3018 παρά
1343 2946 1576 3019 Ἑμμὼρ
1590 2951 1619 3002 6
1646 2948 1920 3019 Ἀϐραὰμ,

322 3035 418 3090 ῑνα
444 3034 592 3110 ϐάψῃ
619 3037 737 3089 ἐκεῖ
761 3036 1001 3109 Σάρραν.

949 3150 1204 3206 ΚΕΦΑΛ.
1241 3152 1317 3206 Z'.

405 3278 426 3313 ι
462 3261 574 3315 Καὶ
602 3259 944 3332 ἀνεθρέψατο
974 3262 1138 3316 αὑτὸν
1163 3263 1331 3333 ἑαυτῇ
1358 3262 1439 3326 είς
1473 3262 1612 3317 υἱόν.
1654 3282 1673 3317 ι

398 3352 541 3407 Οῦτε
576 3354 846 3424 Μωῦσῆς,
874 3352 1001 3407 οὗτε
1032 3356 1080 3408 oi
1110 3354 1241 3424 περὶ
1288 3355 1543 3409 Ἀνανίαν
1589 3355 1687 3410 καὶ
1729 3355 1930 3428 Δανιὴλ

323 3443 538 3517 ἔμαθον
565 3444 631 3499 ἂν
660 3445 759 3513 τὴν
788 3443 948 3515 ξένην
973 3444 1248 3508 παιδείαν,
1279 3446 1326 3498 εί
1359 3446 1434 3517 μὴ
1461 3446 1679 3520 ἀνάγκῃ
1709 3448 1806 3500 καὶ
1836 3447 1931 3519 βίᾳ⁸

323 3536 633 3592 δεσποτῶνο
679 3536 773 3591 καὶ
807 3537 916 3608 γάρ
953 3537 1011 3590 ἐν
1038 3536 1217 3590 οὐδενὶ
1243 3536 1383 3608 αὐτῇ
1412 3537 1733 3607 κέχρηνται·
1763 3539 1813 3590 εί
1846 3540 1924 3610 μή

325 3646 439 3683 που
482 3629 626 3683 εἴποι
650 3646 768 3694 τις,
796 3629 883 3682 ὅτι
918 3627 1082 3683 καλὸν
1115 3626 1310 3700 μαθεῖν
1349 3628 1489 3699 πρὸς
1527 3630 1589 3682 τὸ
1626 3630 1930 3701 ἀνατρέψαι

323 3723 434 3786 τάς
460 3721 688 3776 ἐκείνων
715 3719 956 3784 ἀπάτας.

413 3940 433 3975 ι
474 3920 627 3985 Ἰδοὺ,
645 3917 838 3991 θεωρῶ
853 3917 981 3981 τοὺς
1000 3917 1266 3989 οὐρανοὺς
1293 3915 1699 3987 ἀνεῳγμένους,
1728 3915 1823 3969 καὶ
1838 3915 1931 3972 τδν

325 4012 468 4069 Υίὸν
494 4011 591 4065 τοῦ
625 4009 914 4081 ἀνθρώπου
941 4007 1154 4061 ἑστῶτα
1185 4009 1249 4060 ἐκ
1281 4007 1471 4072 δεξιῶν
1500 4007 1596 4061 τοῦ
1628 4006 1787 4060 Θεοῦ.
1826 4026 1846 4059 ›

404 4102 539 4157 Θεὸν
573 4101 701 4155 ίδεῖν
729 4098 1011 4154 ἀδύνατον·
1045 4096 1125 4152 διὸ
1151 4092 1294 4162 εἶπε,
1326 4096 1703 4162 δόξανΘεοῦο
1726 4094 1932 4168 ταύτην

325 4194 435 4266 τὴν
471 4191 630 4259 δόξαν
675 4187 835 4243 καλεῖ
863 4187 998 4241 Θεὸν
1038 4185 1519 4258 καταχρηστικῶς.
1565 4184 1657 4238 Διὸ
1696 4201 1936 4256 σημειω-

327 4286 459 4340 τέον
492 4284 574 4338 ὅτι
608 4282 660 4336 οἱ
688 4280 977 4352 λεγόμενοι
1014 4279 1324 4350 ἑωρακέναι
1350 4276 1505 4345 Θεὸν,
1545 4276 1703 4343 δόξαν
1729 4275 1916 4348 ἑώρων

330 4378 513 4442 θείαν,
541 4376 574 4449 ἢ
616 4378 673 4429 ἐν
696 4372 909 4445 stupidi
942 4374 1002 4428 ἐν
1037 4370 1217 4444 στὺλῳ
1248 4370 1503 4442 νεφέλης,
1539 4368 1573 4442 ἢ
1604 4373 1663 4425 ἐν
1704 4387 1938 4441 σάπφει-

335 4468 538 4542 ροειδεῖ
561 4465 820 4537 ὁράματι,
852 4462 887 4534 ἢ
915 4463 1309 4535 ήλεκτροειδεῖ.

945 4577 1204 4632 ΚΕΦΔΛ.
1238 4577 1326 4632 ιιι.

418 4717 438 4750 ι
492 4698 793 4770 Προσεῖχον
835 4695 894 4750 δὲ
928 4691 1103 4764 αὐτῷ,
1133 4690 1225 4746 διὰ
1265 4691 1329 4746 τὸ
1378 4690 1553 4763 ίκανῷ
1587 4690 1770 4762 χρόνῳ
1816 4692 1940 4754 ταῖς

339 4789 604 4862 μαγείαις
633 4787 989 4857 ἐξεστακέναι
1017 4784 1238 4849 αὐτούς.
1278 4804 1300 4838 ι

415 4880 761 4953 Σημειωτέον
780 4879 944 4934 ὅτιού
968 4879 1051 4933 δεῖ
1068 4876 1170 4949 μὲν
1199 4877 1527 4948 πλησιάζειν
1549 4877 1767 4949 μάγοις·
1798 4876 1940 4949 πλὴν

340 4975 395 5028 εἰ
420 4971 725 5044 ἀπατηθείς
750 4989 834 5037 τις
854 4970 1133 5042 ἐποίησεν,
1160 4969 1484 5041 ἀφιστάσθω
1509 4970 1744 5043 ταχέωςο
1773 4972 1807 5041 ἡ
1827 4971 1938 5044 γὰρ

340 5065 582 5137 ἐπιμονὴ
610 5066 646 5135 ἡ
679 5065 740 5119 ἐν
771 5065 888 5128 τοῖς
918 5064 1112 5126 κακοῖς
1141 5064 1225 5128 είς
1251 5062 1511 5119 ἔκστασιν
1540 5062 1666 5133 άγει
1692 5064 1912 5136 φρενῶν

342 5159 491 5213 ὥστε
522 5160 599 5229 μὴ
630 5156 866 5211 συνιέναι
895 5155 966 5210 τά
992 5156 1258 5228 γινόμενα
1283 5155 1586 5227 διακρῖναι.

426 5357 446 5391 ι
480 5338 617 5393 Τότε
664 5338 1002 5393 ἐπετίθεσαν
1047 5338 1148 5403 τὰς
1182 5340 1374 5409 χεῖρας
1421 5338 1512 5391 ἐπ’
1557 5338 1794 5408 αὐτοὺς,
1846 5343 1941 5396 καὶ

351 5427 659 5501 ἐλάμϐανον
692 5427 922 5501 Πνεῦμα
952 5429 1131 5499 ἆγιον.
1167 5448 1186 5483 ι

427 5647 451 5677 ε
476 5634 540 5691 C.
668 5630 829 5686 τοῦτο
850 5632 930 5686 τό.
1014 5631 1033 5671 ί
1073 5630 1207 5688 Cod.
1231 5631 1313 5686 ὄτι
1346 5633 1395 5685 6.

427 5813 505 5885 (ι)
538 5814 656 5872 Hoc
693 5811 962 5902 scholium
992 5812 1232 5901 assignat
1268 5809 1559 5870 Atumonio
1598 5809 1736 5872 Cod.
1764 5810 1935 5873 Coisi.

2007 567 2306 628 conspectu
2342 558 2591 616 concilii.
2632 577 2651 611 ι

2068 649 2192 704 -Pro
2241 650 2451 704 nomine
2494 647 2678 722 [Iesu]
2722 646 3107 705 contumeliam
3156 648 3301 718 pati;
3352 645 3597 716 generali

2010 750 2173 797 utens
2214 743 2607 797 demonstravit
2645 741 2787 812 quod
2822 741 2969 796 Deus
3011 748 3135 795 erat
3171 737 3331 793 Jesus
3359 751 3374 791 :
3405 748 3601 806 quem-

2010 835 2300 890 admodum
2326 835 2511 890 dicens
2543 835 2800 904 quidam;
2835 834 2952 903 ipse
2980 831 3138 899 dixit,
3177 828 3283 898 Qui
3319 837 3404 884 est
3430 826 3598 892 dixit;

2011 929 2183 986 Deum
2228 928 2526 1000 signiﬁcat,
2561 929 2643 984 sic
2681 938 2737 983 et
2765 927 2860 997 qui
2893 925 3100 996 absque
3138 921 3456 979 deﬁnitione
3501 932 3601 973 no-

2010 1036 2133 1076 men
2168 1029 2377 1076 tantum
2411 1021 2567 1087 dicit,
2592 1019 2844 1075 similiter
2871 1017 3108 1074 divinam
3137 1013 3264 1072 Jesu
3294 1010 3593 1069 essentiam

2012 1109 2363 1181 signiﬁcavit.

2653 1199 2812 1258 CAP.
2856 1196 2945 1257 Vl.

2088 1317 2252 1375 VEBS.
2283 1318 2337 1374 5.
2387 1336 2405 1369 :
2447 1317 2514 1373 Et
2541 1325 2763 1373 orantes
2802 1316 3181 1387 imposuerunt
3212 1313 3295 1369 eis
3323 1325 3540 1368 manus.
3579 1327 3599 1361 ι

2086 1494 2393 1553 Notandum
2437 1493 2585 1565 quod
2616 1507 2712 1564 per
2743 1505 2933 1563 preces
2986 1499 3040 1546 et
3086 1503 3341 1544 manuum
3386 1487 3453 1543 ad
3485 1502 3606 1553 vcr-

2014 1588 2143 1645 bum
2182 1585 2561 1643 accedentium
2606 1581 3009 1651 impositionem
3037 1576 3345 1641 ordinatio,
3393 1585 3449 1629 et
3488 1575 3606 1629 dia-

2015 1686 2246 1734 conatus
2270 1674 2507 1746 dignitas
2531 1672 2778 1730 diaconis
2818 1671 2886 1726 ab
2909 1670 3066 1726 initio
3094 1669 3218 1723 data
3251 1676 3366 1733 est;
3406 1676 3461 1721 et
3490 1681 3609 1720 mus

2016 1768 2106 1823 ille
2136 1783 2305 1838 usque
2332 1767 2398 1823 ad
2422 1781 2523 1823 nos
2551 1771 2891 1834 perseverat.

2101 1859 2270 1916 Vens.
2316 1858 2406 1913 l5.
2450 1875 2469 1909 ι
2522 1854 2699 1912 Homo
2740 1856 2846 1910 iste
2887 1868 2993 1908 non
3033 1860 3210 1907 cessat
3258 1849 3402 1919 loqui
3450 1849 3610 1902 verba

2021 1951 2373 2021 blasphemia;
2404 1950 2670 2005 adversus
2709 1948 2885 2001 locum
2928 1953 3176 1999 sanctum
3214 1953 3270 1996 et
3307 1942 3476 2012 legent
3513 1939 3611 2011 (ό).

2022 2043 2340 2101 Audivimus
2372 2043 2518 2098 enim
2550 2055 2674 2094 eum
2709 2024 3003 2094 dicentem.
3035 2054 3054 2084 ι
3111 2020 3116 2029 ’

2090 2134 2402 2191 Notandum
2452 2134 2597 2203 quod
2637 2132 2739 2202 ipsi
2774 2129 2894 2184 falsi
2932 2136 3100 2183 testes
3146 2141 3273 2180 vera
3320 2124 3617 2195 prolihctao

2023 2229 2156 2284 bant
2182 2237 2239 2283 et
2267 2226 2446 2291 inviti,
2477 2226 2545 2280 de
2573 2222 2759 2293 templi
2791 2222 2947 2276 ruina
2986 2226 3042 2273 et
3078 2216 3459 2272 immutatione
3490 2229 3613 2270 car-

2025 2321 2166 2377 nalis
2192 2320 2347 2391 juxta
2372 2318 2547 2388 legem
2582 2315 2775 2371 latriaz.

2097 2497 2267 2554 Vens.
2308 2493 2398 2550 lﬁ.
2463 2510 2482 2545 ι
2520 2493 2587 2547 Ει
2641 2489 2891 2546 translati
2942 2488 2996 2543 in
3052 2484 3299 2550 Sichem.
3346 2491 3404 2539 et
3452 2480 3618 2552 positi

2026 2593 2153 2643 sunt
2198 2588 2254 2639 in
2301 2583 2553 2654 sepulcro
2586 2580 2730 2650 quod
2787 2578 2923 2632 emit
2969 2576 3246 2631 Abraham
3303 2570 3478 2642 pretio
3530 2584 3620 2623 ar-

2024 2677 2175 2748 genti
2208 2691 2240 2730 a
2268 2673 2395 2730 ﬁliis
2432 2670 2634 2727 Hemor
2659 2668 2755 2724 ﬁlii
2786 2667 3031 2724 Sichem.
3062 2684 3084 2718 ι

2099 2767 2407 2824 Notandum
2437 2772 2521 2821 est
2543 2764 2594 2819 in
2642 2760 2862 2817 Sicbem
2889 2757 3162 2814 Abraham
3195 2763 3251 2810 et
3282 2752 3622 2825 patriarchas

2024 2858 2269 2930 sepultos
2298 2856 2493 2911 fuisse.
2548 2852 2771 2910 Sichem
2823 2850 3014 2905 eadem
3066 2845 3207 2902 forte
3243 2837 3309 2900 a'c
3353 2842 3620 2899 Sicbima.

2029 2951 2180 3007 lianc
2222 2949 2368 3006 enim
2410 2947 2481 3003 ab
2513 2947 2714 3003 Hemor
2753 2942 2888 3000 emit
2920 2939 3196 2998 Abraham
3246 2936 3316 2994 ad
3351 2932 3623 3006 sepelien-

2029 3042 2158 3098 dum
2184 3055 2382 3111 corpus
2406 3039 2580 3095 Sara.

2677 3145 2832 3203 CAP.
2880 3143 2990 3200 VII.

2101 3265 2268 3323 Vens.
2302 3265 2398 3323 21.
2444 3283 2463 3319 ι
2492 3264 2559 3319 Et
2597 3261 2824 3318 nutrivit
2854 3274 2978 3316 eum
3007 3257 3113 3314 sibi
3141 3256 3195 3312 in
3225 3255 3416 3311 ﬁlium.
3455 3273 3475 3307 ι

2100 3359 2215 3417 Nec
2244 3359 2487 3432 Moyses,
2514 3371 2615 3412 nec
2645 3355 2888 3411 Ananias
2917 3363 2971 3410 et
3005 3349 3191 3407 Daniel
3225 3358 3281 3406 et
3317 3347 3451 3404 socii
3484 3344 3625 3401 didi-

2031 3454 2238 3511 cissent
2277 3467 2418 3507 vana
2448 3451 2796 3513 documenta,
2840 3447 2947 3503 nisi
2992 3460 3059 3501 ex
3092 3442 3418 3500 necessitate
3445 3446 3498 3495 et
3529 3438 3630 3493 im-

2031 3546 2183 3617 perio
2205 3542 2639 3607 dominantium;
2690 3540 2895 3595 etenim
2938 3536 3136 3592 talibus
3179 3530 3525 3590 documentis
3554 3529 3623 3585 ad

2032 3634 2261 3689 nihilum
2300 3632 2383 3687 nsi
2413 3639 2574 3694 sunt,-
2612 3630 2666 3683 ni
2702 3628 2843 3683 forte
2871 3626 3016 3681 dicat
3048 3625 3271 3695 quidam
3311 3623 3455 3691 quod
3505 3619 3628 3689 pul-

2032 3724 2225 3781 chrum
2289 3723 2360 3777 sit
2402 3721 2619 3776 discere
2671 3719 2738 3773 ad
2800 3714 3162 3771 conlutandas
3223 3712 3418 3766 borum
3467 3708 3627 3764 vani-

2035 3824 2196 3873 tates.

2103 3927 2272 3981 Vens.
2308 3922 2399 3979 55.
2445 3941 2467 3976 ι
2498 3922 2638 3979 Ecce
2670 3921 2826 3975 video
2857 3917 3031 3974 cmlos
3063 3925 3306 3989 apertos,
3344 3920 3401 3969 et
3430 3910 3629 3967 Filium

2035 4017 2269 4074 hominis
2297 4025 2530 4073 stantem
2561 4030 2590 4068 a
2614 4014 2821 4070 dextris
2845 4013 2958 4067 Dei.
2989 4030 3008 4063 ι

2107 4110 2279 4165 Deum
2304 4108 2489 4164 videre
2512 4104 2850 4177 impossibile
2879 4122 2894 4160 :
2920 4103 3041 4159 ideo
3071 4102 3148 4157 ait
3177 4118 3192 4155 :
3220 4097 3460 4154 Gloriam
3492 4094 3629 4162 Dei;

2036 4204 2179 4259 hanc
2208 4202 2440 4272 gloriam
2468 4208 2629 4255 vocat
2658 4198 2849 4263 Deum,
2883 4211 2983 4267 per
3019 4191 3422 4260 catachresim;
3448 4190 3632 4256 itaque

2042 4295 2341 4353 notandum
2368 4293 2516 4364 quod
2548 4294 2641 4364 qui
2665 4292 2870 4348 vidisse
2903 4289 3070 4343 Deum
3103 4289 3377 4353 dicuntur,
3399 4282 3629 4355 gloriam

2004 4450 2010 4454 ,
2040 4396 2446 4457 conspexerunt
2469 4386 2709 4441 divinam
2734 4426 2750 4453 ,
2785 4393 2881 4439 aut
2911 4383 2965 4438 in
2998 4382 3143 4453 igne,
3171 4387 3265 4434 aut
3298 4377 3354 4431 in
3379 4375 3630 4431 columna

1960 4505 2018 4569 Β
2043 4479 2224 4547 nubis,
2249 4478 2422 4535 autin
2453 4477 2662 4534 visione
2691 4476 2847 4547 quasi
2873 4473 3111 4546 sapphiri
3137 4480 3232 4526 aut
3254 4467 3466 4526 electri.

2671 4589 2824 4647 CAP.
2866 4587 3005 4646 Vill.

2112 4706 2281 4762 Vens.
2306 4706 2365 4761 ll
2382 4745 2395 4759 .
2442 4723 2461 4757 ι
2493 4702 2863 4759 Attendebant
2885 4708 3066 4756 autem
3090 4713 3214 4753 eum
3241 4702 3467 4767 propter
3488 4692 3635 4765 quod

2040 4808 2195 4856 certo
2227 4807 2474 4865 tempore
2513 4793 2709 4865 magiis
2741 4793 3112 4847 dementasset
3140 4802 3257 4844 eos.
3297 4805 3318 4840 ι

2121 4886 2429 4944 Notandum
2464 4885 2609 4955 quod
2654 4883 2911 4954 magicos‘
2932 4880 3286 4949 frequentare
3328 4889 3435 4931 non
3473 4888 3637 4945 θροις

2049 4989 2164 5048 tet;
2211 4989 2451 5033 attamen
2499 4977 2545 5031 si
2598 4974 2864 5044 deceptus
2903 4971 3125 5040 quidam
3169 4967 3302 5032 fuit,
3345 4966 3634 5021 confestim

2049 5072 2309 5138 recedat;
2365 5082 2604 5139 namque
2651 5079 2802 5121 mora
2848 5062 2991 5133 apud
3047 5059 3241 5123 malos,
3296 5057 3350 5111 iu
3388 5069 3633 5112 errorem

2042 5160 2254 5216 inducit
2295 5158 2580 5225 mentium,
2629 5154 2704 5210 ita
2751 5162 2810 5209 ut
2860 5166 2970 5208 non
2998 5148 3338 5218 intelligatur
3383 5154 3442 5201 ut
3488 5144 3635 5199 facta

2064 5253 2380 5310 udicentur-

2064 5254 2380 5310 udicentur-

2037 5254 2055 5325 ἰ
2115 5341 2285 5398 Vens.
2318 5340 2407 5396 l7.
2449 5357 2469 5392 ι
2501 5338 2655 5394 Tunc
2687 5335 3047 5409 imponebant
3070 5348 3264 5390 manus
3289 5343 3453 5400 super
3485 5328 3634 5394 illos,

2047 5446 2103 5496 et
2126 5432 2466 5507 accipiebant
2496 5431 2761 5506 Spiritum
2790 5438 3062 5489 sanctum.
3100 5446 3121 5482 ι
