4064 6424
505 313 632 380 1531

501 520 732 588 ptizatus
783 519 850 573 ab
897 518 1014 588 ipso
1071 532 1177 572 non
1224 517 1449 587 Spiritui
1505 528 1694 574 sancto
1741 521 2070 592 participare

503 612 664 666 fecit?
691 610 757 666 ad
783 624 944 680 quem
971 618 1184 679 oportet
1205 611 1558 679 respondere,
1591 610 1680 664 Dei
1706 612 1882 680 gratia
1917 612 2070 682 adju-

499 713 678 768 vante,
710 701 832 769 quia
867 702 911 756 si
946 702 999 756 in
1030 701 1299 772 principio
1343 715 1467 756 cum
1495 701 1788 770 baptizavit
1822 701 2071 759 Samari-

502 806 662 850 tanos
687 793 993 864 Philippus,
1038 809 1198 849 nemo
1233 793 1494 863 Spiritum
1532 805 1780 851 sanctum
1827 798 2068 866 accepit;

499 887 592 940 sed
636 886 833 940 deinde
881 885 1041 941 simul
1099 894 1263 956 atque
1311 887 1514 954 precati
1557 897 1684 941 sunt
1727 885 1964 943 Joannes
2015 898 2072 943 et

499 976 713 1039 Petrus,
741 975 888 1030 dedit
920 990 1015 1045 per
1038 989 1291 1029 manuum
1320 975 1490 1045 ipsius
1524 975 1922 1044 impositionem
1949 993 2072 1032 sau-

499 1079 644 1121 ctum
683 1067 943 1136 Spiritum
982 1067 1306 1136 baptizatis;
1350 1070 1622 1122 communi
1673 1069 1816 1123 enim
1848 1072 2069 1125 nomine

497 1168 550 1210 «ιι
581 1173 684 1211 non
721 1157 944 1212 definito
976 1158 1111 1212 dixit
1147 1157 1448 1227 Scriptura,
1478 1159 1602 1228 quia
1649 1158 1895 1214 manibus
1936 1175 2066 1228 apo-

498 1248 760 1302 stolorum
795 1263 959 1318 super
1014 1247 1201 1303 ﬁdeles
1235 1249 1502 1319 impositis
1533 1251 1784 1319 apparuit
1829 1249 2066 1320 Spiritus

495 1339 702 1406 gratia;
743 1354 846 1391 non
891 1338 1027 1392 dixit
1059 1338 1182 1406 quia
1219 1353 1313 1408 per
1345 1340 1518 1393 solum
1557 1338 1774 1394 Petrum
1827 1350 1882 1396 et
1911 1339 2070 1396 Joan-

496 1447 644 1494 nem,
682 1431 777 1485 sed
805 1429 1009 1500 absque
1034 1431 1375 1486 restrictiouc
1407 1433 1635 1502 loquens
1668 1433 1976 1504 Philippum
2013 1443 2068 1490 et

494 1520 946 1590 tompreliendit;
1003 1521 1197 1575 deinde
1252 1537 1357 1576 non
1415 1532 1599 1590 utpote
1647 1523 1930 1593 imperitus
1986 1525 2067 1580 vel

496 1614 748 1682 indignus
797 1612 1079 1683 Philippus
1122 1613 1382 1682 Spiritum
1429 1631 1533 1669 non
1574 1630 1735 1685 super
1764 1618 2068 1685 baptizatos

493 1705 560 1756 ah
588 1702 703 1770 ipso
731 1702 1066 1758 descendere
1098 1703 1246 1769 fecit,
1281 1705 1498 1774 quando
1532 1714 1588 1760 et
1623 1707 1736 1774 ipse
1773 1707 2065 1776 inscriptus

1564 321 1899 383 AMMONII
1941 323 2471 383 ALEXANDRINI

578 426 715 482 lllud
759 428 1070 483 sciscitatus
1115 435 1200 482 est
1227 427 1444 496 quidam
1473 444 1486 481 :
1512 426 1621 482 Cur
1666 429 1944 499 Philippus
1975 431 2066 484 ba-
2095 435 2144 489 A

3608 315 3748 382 i532

2251 428 2514 500 Ἐζήτησέ
2547 444 2630 492 τις
2657 425 2840 483 τοῦτο·
2869 428 3022 481 Διατί
3046 429 3074 481 ὁ
3102 426 3368 490 Φίλιππος
3400 425 3502 480 οὐκ
3526 427 3750 498 ἐποίησε

2176 520 2302 582 τοὺς
2345 519 2436 573 ὑπ’
2474 519 2638 572 αὑτοῦ
2671 519 3066 591 βαπτισθέντας
3104 521 3396 589 μετασχεῖν
3430 517 3752 587 Πνεῦματος

2175 611 2362 678 άγίου;
2387 611 2530 682 Πρδς
2552 611 2610 665 ὃν
2634 620 2660 661 σ
2693 612 2774 665 δεῖ
2799 610 3244 680 ἀπολογήσασθαι
3267 609 3402 663 Θεοῦ
3433 610 3614 681 χάριτι
3632 623 3648 641 ⁸
3670 611 3753 662 ὅτι

2172 707 2221 759 εί
2250 704 2345 758 καὶ
2380 705 2479 774 τὴν
2517 703 2693 774 ἀρχὴν
2733 705 2822 757 ὅτε
2853 703 3115 756 ὲϐάπτισε
3145 702 3270 764 τοὺς
3310 702 3367 753 ἐν
3413 701 3696 771 Σαμαρείᾳ
3723 701 3753 755 ὁ

2171 795 2453 858 Φίλιππος,
2487 793 2663 856 οὐδεὶς
2694 793 2851 846 ἔλαϐε
2878 793 3102 862 Πνεῦμα
3127 792 3298 861 ἅγιον·
3327 791 3442 845 ἀλλ’
3469 791 3562 845 οὖν
3596 791 3754 844 ὓστε-

2175 904 2268 958 ρον
2293 886 2432 956 μετὰ
2473 884 2533 938 τὸ
2561 884 2823 949 εὔξασθαι
2853 884 3105 950 Ἰωάννην
3141 883 3237 936 καὶ
3276 883 3506 954 Πέτρον,
3549 883 3751 935 δέδωκε

2170 976 2257 1030 διὰ
2307 976 2406 1046 τῆς
2455 976 2564 1028 τῶν
2603 975 2801 1046 χειρῶν
2850 973 3016 1029 αὐτοῦ
3055 976 3082 1015 ιι
3139 974 3444 1039 ἐπιθέσεως
3479 975 3541 1028 τὸ
3591 975 3752 1043 ἆγιον

2172 1065 2398 1135 Πνεῦμα
2438 1067 2551 1128 τοῖς
2598 1064 2963 1134 βαπτισθεῖσι·
3013 1063 3178 1134 κοινῷ
3234 1063 3345 1136 γάρ
3385 1064 3612 1135 ὀνόματι
3659 1065 3754 1117 καὶ

2170 1157 2408 1228 ἀορίστῳ
2455 1152 2670 1226 εἷπενὴ
2721 1155 2950 1225 Γραφὴ,
2994 1157 3077 1210 ὅτι
3122 1155 3212 1208 διὰ
3252 1155 3362 1208 τῶν
3407 1154 3608 1226 χειρῶν
3642 1155 3754 1208 τῶν

2171 1248 2484 1302 ἀποστόλων
2524 1246 2914 1317 ἐπιτιθεμένων
2944 1248 3037 1299 ἐπὶ
3079 1248 3191 1310 τοῖς
3222 1248 3436 1309 πιστοῖς
3457 1289 3472 1312 ,
3505 1245 3753 1316 ἐπέλαμ-

2169 1341 2270 1410 ψεν
2303 1341 2320 1380 ί
2359 1341 2393 1409 ἡ
2425 1339 2516 1393 τοῦ
2543 1337 2864 1408 Πνεύματος
2897 1337 3079 1409 χάρις.
3106 1336 3224 1392 Οὐκ
3253 1333 3405 1391 εἰπεν
3437 1338 3519 1391 ὅτι
3549 1337 3636 1390 διὰ
3665 1337 3755 1406 μό-

2169 1449 2263 1485 νου
2294 1429 2502 1501 Πέτρου
2537 1431 2629 1484 καὶ
2676 1429 2949 1492 Ἰωάννου,
2983 1428 3099 1482 ἀλλ’
3130 1425 3631 1498 ἀπροσδιορίστωςὶ
3669 1429 3752 1478 εἰ·

2171 1523 2289 1577 πὼν
2323 1520 2730 1593 συμπεριέλαϐε
2760 1520 2852 1575 καὶ
2891 1520 2983 1573 τὸν
3017 1520 3306 1580 Φίλιππον·
3340 1520 3533 1572 ἔπειτα
3566 1519 3623 1572 δὲ
3651 1518 3753 1588 οὐχ

2169 1613 2244 1677 ὼς
2279 1613 2503 1683 εὐτελὴς
2550 1612 2584 1682 ἦ
2620 1611 2838 1677 ἀνάξιος
2877 1615 2905 1665 ὁ
2947 1612 3216 1676 Φίλιππος
3259 1612 3322 1664 οὐ
3370 1612 3655 1681 κατήγαγε
3689 1610 3752 1662 τὸ

2170 1704 2396 1775 Πνεῦμα
2437 1705 2530 1758 ἐπὶ
2578 1705 2706 1768 τοὺς
2757 1703 2849 1756 ὑπ’
2901 1703 3066 1756 αὑτοῦ
3111 1701 3554 1774 βαπτισθέντας,
3589 1701 3753 1754 ὁπότε

489 1804 574 1847 cst
617 1796 769 1864 signa
806 1794 1034 1860 faciens,
1090 1795 1142 1849 in
1191 1797 1502 1850 morborum
1548 1798 1861 1852 sanationes
1907 1808 1960 1853 et
2001 1800 2066 1854 ad

2172 1797 2268 1850 καὶ
2314 1794 2478 1859 αὐτὸς
2522 1794 2808 1864 ἀνεγράφη
2857 1795 3060 1862 σημεῖα
3105 1790 3427 1862 πεποιηκὼς
3471 1792 3529 1842 ὲν
3577 1789 3750 1842 ἰάσεσι

491 1887 768 1937 dunnoncs
802 1884 1187 1952 espellendos;
1219 1887 1310 1940 sed
1341 1887 1465 1954 quia
1504 1886 1608 1941 illis
1634 1888 1684 1942 id
1717 1889 1935 1944 evenire
1960 1905 2064 1943 non

493 1987 748 2043 precatus
777 1984 882 2039 est,
915 1977 993 2029 sic
1025 1991 1166 2045 saepe
1214 1988 1470 2046 reputans
1516 1978 1620 2033 illis
1653 1989 1861 2034 tantum
1900 1997 2068 2052 usque

490 2067 556 2120 ad
584 2067 684 2120 hoc
710 2069 963 2134 expedire
1019 2078 1271 2136 tanquam
1306 2069 1395 2138 qui
1428 2071 1603 2126 adhuc
1631 2073 1806 2127 idonei
1847 2089 1951 2128 non
1983 2089 2068 2130 es-

489 2168 609 2212 sent
640 2158 729 2228 qui
761 2157 1022 2228 Spiritum
1055 2161 1378 2229 reciperent.

1130 2273 1283 2331 CAP.
1330 2275 1424 2330 IX.

564 2382 721 2436 Vatis.
748 2385 802 2438 5.
850 2403 868 2436 t
898 2383 1090 2440 Subito
1136 2385 1501 2441 circummisit
1541 2405 1661 2444 etttn
1693 2389 1778 2444 lux
1811 2393 1877 2448 de
1907 2394 2064 2449 cmlo.

485 2471 552 2527 Et
585 2475 789 2529 cadens
817 2475 869 2528 in
897 2484 1097 2529 terram
1129 2475 1336 2530 audivit
1362 2493 1552 2533 vocem
1586 2481 1852 2536 dicentem
1883 2484 2008 2540 sibi.
2042 2504 2061 2538 ι

560 2645 704 2701 Vidit
731 2649 914 2704 Jesum
961 2664 1058 2706 nec
1086 2652 1308 2708 luminis
1339 2652 1728 2710 abundantiam
1769 2656 2064 2723 sustinens,

484 2739 663 2804 quoad
695 2740 892 2795 mentis
935 2741 1348 2814 intelligentiam
1381 2755 1436 2801 et
1461 2747 1846 2803 animationem
1890 2756 2066 2818 stupe-

487 2827 665 2883 factus
695 2838 813 2895 est;
853 2832 1038 2902 itaque
1069 2844 1124 2889 et
1171 2838 1359 2892 oculos
1390 2838 1591 2894 habere
1633 2842 1725 2911 qui
1769 2843 2064 2911 apparebat

483 2933 590 2972 non
621 2920 856 2989 videbat,
892 2933 946 2977 et
972 2938 1033 2978 os
1059 2924 1262 2982 habens
1289 2943 1397 2982 non
1431 2931 1822 2997 tnanducabat;
1859 2948 2062 3002 usque-

480 3011 866 3079 quo'Ananiaa
914 3014 1016 3084 ipsi
1065 3017 1290 3072 verbum
1336 3019 1575 3091 loquenti
1630 3025 2058 3094 obtemperans,

2173 1885 2344 1939 νόσων
2377 1885 2471 1938 καὶ
2501 1883 2751 1944 ἐκϐολαῖς
2779 1881 3072 1952 δαιμόνωνο
3125 1878 3242 1932 ἀλλ’
3276 1881 3358 1932 ὅτι
3402 1877 3502 1930 οὐκ
3549 1875 3754 1948 ηὔξατο

2170 1976 2328 2030 τοῦτο
2372 1976 2555 2038 αὐτοῖς
2593 1973 2835 2043 ὑπάρξαι
2859 2013 2874 2038 ,
2910 1973 3052 2026 οὕτω
3097 1971 3358 2033 πολλάκις
3390 1969 3751 2039 λογισάμενος

2171 2063 2311 2119 εἶναι
2341 2064 2478 2128 τέως
2509 2065 2692 2127 αὐτοῖς
2718 2064 3016 2134 συμφέρον,
3039 2061 3114 2126 ὡς
3144 2061 3326 2132 ἀκμὴν
3351 2061 3425 2131 μὴ
3454 2055 3602 2113 οὖσιν
3628 2061 3751 2111 ἐπι-

2168 2157 2400 2228 τηδείοις
2437 2156 2568 2226 πρὸς
2593 2155 2688 2226 τὴν
2721 2155 2814 2208 τοῦ
2846 2152 3167 2224 Πνεύματος
3199 2153 3489 2222 ὑποδοχήν.

2777 2273 3032 2326 ΚΕΦΑΛ.
3071 2271 3152 2323 8'.

2247 2402 2265 2436 ι
2310 2380 2597 2452 Ἐξαίφνης
2634 2397 2693 2435 τε
2727 2379 2891 2435 αὐτὸν
2937 2375 3316 2450 περιήστραψε
3359 2373 3476 2445 φῶς
3530 2374 3595 2428 ὲκ
3651 2373 3746 2427 τοῦ

2169 2475 2424 2545 οὐρανοῦ,
2471 2473 2569 2527 καὶ
2635 2471 2818 2526 πεσὼν
2863 2471 2956 2524 ἐπὶ
3003 2470 3102 2541 τὴν
3153 2470 3256 2541 γῆν
3307 2468 3510 2538 ἤκουσε
3562 2466 3748 2536 φωνὴν

2170 2566 2440 2635 λέγουσαν
2463 2566 2633 2636 αὐτῷ.
2666 2584 2685 2617 ι

2255 2656 2552 2729 Ἐωρακὼς
2581 2657 2672 2711 τὸν
2711 2654 2938 2728 Ἰησοῦν,
2974 2653 3068 2707 καὶ
3101 2653 3176 2725 μὴ
3201 2652 3382 2723 φέρων
3403 2651 3464 2705 τὸ
3488 2652 3622 2705 πολὺ
3650 2649 3744 2703 τοῦ

2169 2748 2371 2818 φωτὸς,
2401 2747 2715 2819 ἀπελιθώθη
2746 2747 2808 2801 τὺ
2837 2747 3151 2817 διορατικδν
3200 2744 3302 2814 τῆς
3329 2743 3513 2814 ψυχῆς
3543 2743 3640 2796 καὶ
3682 2741 3744 2795 τὸ

2168 2839 2397 2905 ζωτικόν
2422 2856 2435 2871 ·
2471 2840 2553 2894 διὸ
2584 2840 2680 2893 καὶ
2703 2839 2877 2893 δοκῶν
2909 2839 3054 2910 ἔχειν
3085 2836 3401 2905 ὀφθαλμοὺς
3428 2835 3528 2904 οὐχ
3569 2833 3740 2904 ἑώρα,

2166 2932 2260 2986 καὶ
2291 2932 2431 3003 ἔχων
2459 2932 2633 3002 στόμα
2680 2932 2781 2984 οὐκ
2813 2931 3033 3002 ἢσθιεν
3078 2930 3184 2992 ἕως
3224 2922 3286 2981 οὗ
3331 2927 3632 2989 πιστεύσας
3664 2923 3744 2994 τῷ

2178 3023 2398 3093 Ἀνανίᾳ
2442 3021 2650 3090 λέγοντι
2689 3021 2840 3092 αὐτῷ
2888 3022 2977 3074 τὸν
3008 3020 3191 3088 λόγον,
3258 3018 3419 3089 ίάθη·
3462 3017 3600 3086 μετὰ
3632 3017 3744 3086 γὰρ

479 3113 705 3159 sanatus
743 3114 863 3172 est;
914 3121 1037 3162 cum
1077 3109 1184 3164 [ide
1225 3113 1371 3166 enim
1413 3114 1600 3169 videre
1640 3117 1838 3185 coepit;
1874 3129 2056 3186 postea

2166 3114 2263 3184 τὴν
2293 3114 2476 3166 πίστιν
2523 3113 2726 3184 ἧρξατο
2755 3112 2973 3181 βλέπειν
2999 3130 3013 3144 ο
3045 3111 3234 3164 λοιπὸν
3272 3108 3602 3179 ἐϐαπτίσθη,
3646 3109 3745 3162 καὶ

479 3192 788 3262 baptizatus
822 3205 940 3252 est:
974 3198 1162 3268 sicque
1203 3203 1376 3271 magis
1417 3205 1524 3260 cibi
1561 3207 1858 3276 spiritualis
1885 3208 2058 3275 parti-

479 3301 608 3356 ceps
631 3303 798 3343 sanus
823 3291 1096 3359 surrexit;
1127 3296 1426 3350 notandum
1452 3311 1580 3352 vero
1609 3299 1750 3366 quod
1781 3299 2059 3367 baptizare

479 3377 656 3444 primo
686 3385 921 3445 oportet,
954 3390 1010 3434 et
1052 3384 1130 3436 sic
1165 3385 1484 3456 participem
1525 3387 1631 3442 cibi
1680 3388 1891 3453 facere;
1939 3389 2059 3444 idco

481 3465 621 3520 male
642 3477 807 3537 agunt
834 3469 925 3540 qui
956 3482 1078 3539 post
1100 3473 1276 3528 cibum
1309 3477 1520 3531 adultos
1543 3477 1840 3545 baptizant.

553 3555 720 3611 Vens.
758 3557 844 3614 l0.
891 3580 910 3612 ι
939 3560 1070 3617 Erat
1118 3573 1297 3619 autem
1342 3566 1560 3636 quidam
1611 3565 1905 3636 discipulus
1959 3566 2094 3622 Da-‘

480 3649 673 3714 masci,
703 3651 922 3707 nomine
947 3653 1206 3710 Ananias.
1241 3673 1260 3708 ›

551 3738 690 3806 Quia
740 3751 792 3796 et
844 3743 1083 3800 Ananias
1135 3747 1395 3802 diaconus
1440 3756 1590 3814 erat;
1646 3748 1788 3804 sicut
1837 3759 1889 3805 et
1941 3752 2056 3820 ipse

481 3831 681 3888 Paulus
715 3840 951 3889 testatur
984 3837 1038 3891 in
1085 3838 1387 3894 cauonibus
1423 3840 1676 3907 quoniam
1707 3844 2054 3914 presbytero-

481 3937 596 3974 rum
633 3923 684 3975 in
717 3923 960 3980 Samaria
992 3927 1173 3996 inopia
1220 3937 1338 3982 erat
1371 3937 1594 3998 propter
1622 3929 1821 3986 factam
1869 3948 2055 4003 perse—

476 4024 772 4069 cntionem.

549 4101 710 4160 Vens.
762 4106 849 4161 12.
893 4125 913 4158 ι
946 4105 1084 4163 Ecce
1128 4108 1269 4163 enim
1301 4119 1440 4172 orat.
1489 4119 1542 4166 et
1592 4111 1726 4166 vidit
1762 4113 1814 4166 in
1849 4113 2056 4169 visione

475 4193 652 4247 virum
683 4197 900 4251 nomine
939 4199 1227 4265 Ananiam,
1272 4198 1637 4256 introeuntem
1676 4212 1731 4258 et
1765 4203 2051 4273 imponen-

479 4295 582 4339 tem
611 4286 712 4342 sibi
741 4304 932 4345 manus
967 4301 1023 4344 ut
1055 4292 1228 4346 visum
1261 4294 1512 4363 recipiat.
1549 4315 1567 4349 ι

547 4377 852 4434 Notandum
887 4384 1031 4451 quod
1064 4384 1177 4439 haec
1226 4385 1389 4439 verba
1436 4386 1689 4441 dicuntur
1733 4403 1854 4458 quae
1899 4404 2052 4445 com-

2163 3205 2306 3258 οὕτω
2340 3205 2549 3275 τροφῆς
2581 3204 2780 3274 μᾶλλον
2845 3208 2945 3273 τῆς
2997 3203 3379 3274 πνευματικῆς
3421 3199 3737 3270 μετασχὼν,

2161 3295 2482 3366 ἅνέσφηλεν.
2526 3294 2866 3365 Σημειωτέον
2917 3295 2996 3354 δὲ,
3029 3295 3110 3347 ὅτι
3149 3294 3230 3346 δεῖ
3278 3293 3497 3362 πρῶτον
3544 3291 3740 3362 βαπτί-

2163 3387 2299 3450 ζειν,
2358 3385 2453 3437 καὶ
2505 3385 2647 3438 οὕτω
2711 3385 3054 3456 μεταδιδόναι
3112 3385 3354 3456 τροφῆς·
3413 3383 3495 3436 διὸ
3551 3382 3738 3446 κακῶς

2161 3475 2407 3533 ποιοῦσιν
2443 3481 2493 3532 οἱ
2516 3479 2655 3547 μετὰ
2679 3479 2885 3550 τροφὴν
2908 3479 3033 3542 τοὺς
3078 3479 3319 3541 τελείους
3355 3477 3737 3547 βαπτίζοντες.

2237 3593 2257 3624 ‹
2301 3567 2410 3625 Ἦν
2431 3573 2488 3625 δέ
2515 3590 2595 3636 τις
2621 3571 2871 3642 μαθητὴς
2905 3573 2964 3623 ὲν
2995 3569 3272 3641 Δαμασκῷ
3298 3569 3527 3638 ὀνόματι
3583 3569 3740 3619 Ἀνα-

2160 3669 2302 3733 νίας.
2344 3687 2362 3720 ι

2233 3761 2356 3813 Ὅτι
2395 3761 2488 3813 καὶ
2529 3761 2780 3825 Ἀνανίας
2813 3761 3061 3822 διάκονος
3106 3755 3211 3831 ἦν·
3250 3759 3324 3822 ὡς
3375 3759 3468 3811 καὶ
3518 3758 3544 3796 k
3573 3757 3739 3818 αὐτὸς

2160 3853 2376 3916 Παῦλος
2432 3856 2701 3925 μαρτυρεῖ
2747 3855 2805 3907 ἐν
2851 3856 2964 3917 τοῖς
3015 3854 3204 3906 κανόσι
3241 3851 3332 3905 διὰ
3373 3851 3434 3906 τὸ
3480 3851 3675 3904 σπάνιν
3714 3846 3732 3886 ι

2159 3940 2302 3998 εἶναι
2347 3945 2740 4016 πρεσϐυτέρων
2793 3947 2850 3999 ὲν
2883 3943 3170 4016 Σαμαρείᾳ
3208 3943 3298 3998 διὰ
3321 3942 3415 3996 τὸν
3467 3943 3731 4013 γεγονότα

2157 4032 2415 4104 διωγμόν.

2235 4146 2254 4178 t
2305 4127 2436 4179 Ἰδοὺ
2469 4125 2578 4197 γάρ
2627 4125 3017 4197 προσεύχεται,
3055 4128 3151 4181 καὶ
3205 4122 3347 4180 εἴδεν
3390 4127 3448 4180 ἐν
3496 4125 3738 4195 ὁράματι

2155 4215 2325 4288 ἄνδρα
2377 4217 2630 4271 Ἀνανίαν
2676 4217 2907 4287 ὀνόματι
2964 4217 3277 4271 εἰσελθόντα
3329 4217 3422 4270 καὶ
3477 4215 3736 4270 ἐπιθέντα

2159 4307 2305 4378 αὐτῷ
2342 4311 2522 4379 χεῖρα,
2559 4309 2708 4370 ὅπως
2735 4307 3034 4381 ἀναϐλέψῃ.
3069 4327 3087 4359 ι

2226 4398 2570 4469 Σημειωτέον
2627 4398 2710 4450 ὅτι
2774 4399 2958 4451 ἐκεῖνα
3006 4397 3073 4450 τὰ
3129 4397 3413 4468 ρήματαω
3479 4395 3736 4464 λέγεται,

475 4472 654 4527 munis
703 4475 952 4529 utilitatis
992 4485 1122 4530 sunt
1170 4484 1225 4530 et
1273 4477 1338 4531 ad
1400 4479 1655 4547 pietatem
1706 4480 2046 4549 inserviunt;

2166 4489 2300 4559 ὶπερ
2343 4488 2648 4560 κοινωφελῆ
2688 4491 2828 4553 ἑστι,
2875 4489 2971 4542 καὶ
3015 4488 3387 4558 συμϐάλλεται
3430 4489 3511 4552 είς
3543 4488 3733 4540 θεοσέ-

474 4578 597 4630 quae
632 4563 796 4620 habet
835 4565 888 4619 in
925 4568 1132 4638 visjone
1167 4566 1376 4622 Domini
1407 4579 1499 4623 aut
1531 4569 1744 4639 angeli;
1793 4571 1846 4625 in
1876 4587 2050 4642 quan-

478 4663 588 4707 tum
633 4669 758 4710 vero
801 4667 928 4711 sunt
982 4657 1258 4726 specialia,
1313 4674 1418 4715 non
1462 4660 1560 4715 fari
1611 4663 1740 4718 utile
1773 4663 1902 4731 fuit;
1945 4666 2050 4721 nisi

444 4737 614 4798 'forte
653 4758 797 4800 esset
823 4749 1040 4817 propria
1073 4745 1223 4802 Sauli
1258 4750 1482 4805 utilitas.
1523 4748 1628 4806 Sed
1663 4755 1878 4810 sanatio
1909 4758 2045 4810 mira

474 4839 870 4905 superveniens
897 4841 960 4893 ad
989 4841 1246 4909 pietatem
1282 4843 1554 4898 hominem
1586 4845 1833 4901 advocat.

545 5019 710 5074 Vens.
745 5022 831 5075 15.
876 5041 894 5073 ι
927 5022 1228 5092 Respondit
1269 5036 1449 5082 autem
1483 5027 1722 5084 Ananias
1751 5048 1764 5084 :
1797 5030 2046 5098 Domine,

476 5113 653 5167 audivi
703 5131 732 5169 a
783 5114 967 5168 multis
1001 5115 1068 5170 de
1095 5118 1212 5171 viro
1255 5120 1378 5184 hoc,
1427 5132 1628 5191 quanta
1677 5123 1814 5176 mala
1863 5122 2054 5178 fecerit

476 5202 679 5256 sanctis
704 5203 809 5256 tuis
836 5204 886 5256 in
913 5202 1236 5262 Jerusalem.
1275 5227 1292 5258 ι

551 5290 690 5356 Quid
734 5293 906 5348 dicis?
958 5295 1096 5350 Deus
1139 5299 1288 5364 dicit,
1320 5312 1374 5355 et
1419 5310 1473 5356 tu
1508 5301 1762 5357 dubitas?
1804 5301 2054 5358 Nondum

2157 4581 2310 4635 ϐειαν
2335 4597 2349 4612 ο
2381 4582 2480 4634 ὅσα
2518 4579 2632 4649 ἔχει
2659 4581 2756 4633 τοῦ
2789 4580 2998 4650 Κυρίου
3032 4580 3133 4651 τὴν
3183 4581 3532 4650 παράστασιν
3563 4580 3595 4649 ἦ
3631 4580 3736 4645 ἀγ-

2155 4671 2320 4740 γέλου
2347 4686 2360 4701 ⁶
2395 4669 2517 4722 καθ’
2537 4671 2597 4722 ὃν
2627 4668 2693 4723 ἂν
2721 4671 2779 4724 δέ
2806 4672 2954 4725 ἐστιν
2986 4671 3151 4737 tam,
3185 4673 3286 4725 οὐκ
3310 4671 3519 4740 ὀφείλει
3547 4670 3732 4723 λαλεῖ-

2156 4763 2280 4816 σθαι
2302 4779 2316 4792 ο
2351 4762 2491 4833 πλὴν
2525 4763 2573 4815 εί
2605 4763 2703 4815 καὶ
2737 4763 2878 4834 ίδικὴ
2912 4762 3007 4816 τοῦ
3035 4763 3244 4817 Σαύλου
3275 4760 3344 4833 ἦν
3389 4765 3420 4832 ἡ
3458 4762 3729 4831 ὠφέλεια,

2156 4856 2270 4910 ἀλλ’
2301 4849 2575 4919 οῦνίασις
2599 4855 2900 4926 παράδοξος
2922 4855 3183 4925 συμϐᾶσα
3224 4855 3389 4909 πάλιν
3419 4858 3502 4918 εἰς
3541 4853 3733 4907 θεοσέ-

2153 4948 2306 5001 ϐειαν
2321 4948 2412 5001 τὸν
2444 4947 2736 5018 ἄνθρωπον
2772 4948 3196 5018 προσκαλεῖται.

2229 5055 2248 5089 t
2312 5039 2609 5110 Ἀπεκρίθη
2651 5039 2708 5091 δὲ
2764 5039 3046 5104 Ἀνανίας,
3101 5039 3297 5110 Κύριε,
3352 5040 3564 5108 ἥκουσα
3621 5039 3734 5092 ἀπὸ

2154 5127 2365 5182 πολλῶν
2418 5127 2674 5198 περὶτοῦ
2732 5128 2926 5198 ἀνδρὸς
2991 5129 3206 5192 τούτου,
3274 5131 3376 5183 ὅσα
3423 5129 3572 5182 κακὰ
3619 5131 3733 5191 τοῖς

2156 5219 2330 5287 ἁγίοις
2355 5236 2447 5272 σου
2476 5219 2732 5290 ἐποίησεν
2765 5222 2822 5272 ὲν
2866 5221 3246 5290 Ἰερουσαλήμ.
3282 5239 3299 5271 ι

2225 5310 2291 5363 Τί
2323 5310 2501 5380 λέγεις
2528 5311 2637 5381 (5);
2678 5313 2706 5364 ὁ
2739 5311 2871 5374 Θεὸς
2891 5310 3060 5378 λέγει,
3085 5313 3181 5364 καὶ
3221 5314 3286 5364 σὺ
3318 5312 3686 5382 ἀμφιϐάλλεις
3713 5329 3730 5377 ;

551 5435 746 5524 ἕρμα.
780 5439 828 5524 ξε
905 5438 934 5524 ξι
966 5441 1028 5495 C.
1060 5441 1365 5524 ῦιέαυτοῦ,
1418 5444 1465 5524 ,ί
1496 5445 1554 5500 C.
1585 5445 1646 5501 Ο.
1674 5447 2011 5524 ἐπέλαμπενι

2175 5494 2186 5505 .
2221 5451 2279 5505 C.
2304 5453 2466 5524 {illi
2484 5451 2692 5524 προσδ.Δ
2732 5452 2782 5524 ,κ
2808 5451 2867 5506 C.
2897 5451 2958 5506 C.
2987 5466 3096 5506 om.
3124 5451 3236 5506 καί.
3307 5449 3324 5489 ί
3358 5451 3418 5505 C.
3455 5451 3518 5505 C.
3565 5451 3728 5503 κανό-

476 5520 530 5556 σι
549 5523 562 5536 ο
594 5509 750 5560 τοῦτο
781 5509 837 5562 δὲ
862 5513 1081 5580 γέγονεν
1111 5513 1199 5567 διὰ
1228 5515 1288 5567 τὸ
1326 5515 1556 5587 σπάνην.
1636 5528 1675 5554 ω
1701 5518 1756 5570 In
1781 5509 1950 5588 marg.
1977 5520 2064 5572 ὀνε

2167 5539 2254 5577 τα.
2299 5522 2390 5576 Sic
2429 5509 2561 5578 ϐοά.
2600 5521 2767 5578 Coisl.

551 5643 1108 5731 l(§)Cod_.ﬂ(30isl-.mltaac
1137 5651 1509 5724 Chrysostnmi
1548 5670 1665 5710 esse
1693 5654 1842 5722 dicit,
1869 5668 1916 5710 ct
1949 5659 2122 5728 rcipsa
2157 5661 2341 5729 paucis
2380 5659 2600 5716 mutatis
2655 5659 2992 5731 reperiuntur
3055 5659 3193 5714 inter
3257 5657 3392 5730 Opp.
3438 5657 3728 5730 Chrysest.

476 5722 516 5772 ι.
543 5714 632 5783 ut,
666 5733 718 5790 ρ.
755 5717 871 5786 157,
909 5721 1057 5799 εδδ.-

2117 5794 2281 5841 .Lie.)
