  <div class='ocr_page' id='page_1' title='image "/cluster/home/n/w/nwhite01/storage/ocr_20150623/85/coo.31924054869866/774.png"; bbox 0 0 4064 6478; ppageno 0'>
   <div class='ocr_carea' id='block_1_1' title="bbox 432 379 572 442">
    <p class='ocr_par' dir='ltr' id='par_1_1' title="bbox 432 379 572 442">
     <span class='ocr_line' id='line_1_1' title="bbox 432 379 572 442; baseline -0.021 0"><span class='ocrx_word' id='word_1_1' title='bbox 432 379 572 442; x_wconf 79' lang='grc'><strong>1533</strong></span> 
     </span>
    </p>
   </div>
   <div class='ocr_carea' id='block_1_2' title="bbox 1339 386 2770 458">
    <p class='ocr_par' dir='ltr' id='par_1_2' title="bbox 1339 386 2770 458">
     <span class='ocr_line' id='line_1_2' title="bbox 1339 386 2770 458; baseline 0.009 -14"><span class='ocrx_word' id='word_1_2' title='bbox 1339 386 1802 450; x_wconf 73' lang='lat' dir='ltr'><strong>FRAGMENTA</strong></span> <span class='ocrx_word' id='word_1_3' title='bbox 1847 392 1930 454; x_wconf 84' lang='lat' dir='ltr'><strong>IN</strong></span> <span class='ocrx_word' id='word_1_4' title='bbox 1969 395 2159 455; x_wconf 83' lang='lat' dir='ltr'><strong>ACTA</strong></span> <span class='ocrx_word' id='word_1_5' title='bbox 2195 394 2770 458; x_wconf 80' lang='lat' dir='ltr'><strong>APOSTOLORUM.</strong></span> 
     </span>
    </p>
   </div>
   <div class='ocr_carea' id='block_1_3' title="bbox 3548 396 3684 463">
    <p class='ocr_par' dir='ltr' id='par_1_3' title="bbox 3548 396 3684 463">
     <span class='ocr_line' id='line_1_3' title="bbox 3548 396 3684 463; baseline 0 -2"><span class='ocrx_word' id='word_1_6' title='bbox 3548 396 3684 463; x_wconf 66' lang='grc'>1534</span> 
     </span>
    </p>
   </div>
   <div class='ocr_carea' id='block_1_4' title="bbox 428 490 2008 576">
    <p class='ocr_par' dir='ltr' id='par_1_4' title="bbox 428 490 1998 575">
     <span class='ocr_line' id='line_1_4' title="bbox 428 490 1998 575; baseline 0.012 -31"><span class='ocrx_word' id='word_1_7' title='bbox 428 491 585 545; x_wconf 65' lang='grc' dir='ltr'><strong>οὔπω</strong></span> <span class='ocrx_word' id='word_1_8' title='bbox 633 490 814 557; x_wconf 83' lang='grc' dir='ltr'><strong>καλῶς</strong></span> <span class='ocrx_word' id='word_1_9' title='bbox 872 493 1139 566; x_wconf 70' lang='grc' dir='ltr'><strong>ᾔδεισανυ</strong></span> <span class='ocrx_word' id='word_1_10' title='bbox 1196 496 1296 568; x_wconf 82' lang='grc' dir='ltr'><strong>τὴν</strong></span> <span class='ocrx_word' id='word_1_11' title='bbox 1323 498 1552 572; x_wconf 86' lang='grc' dir='ltr'><strong>δύναμιν</strong></span> <span class='ocrx_word' id='word_1_12' title='bbox 1596 504 1691 558; x_wconf 82' lang='grc' dir='ltr'><strong>τοῦ</strong></span> <span class='ocrx_word' id='word_1_13' title='bbox 1739 506 1998 575; x_wconf 74' lang='grc' dir='ltr'><strong>Χριστοῦ.</strong></span> 
     </span>
    </p>
   </div>
   <div class='ocr_carea' id='block_1_5' title="bbox 2116 490 3681 576">
    <p class='ocr_par' dir='ltr' id='par_1_5' title="bbox 2116 506 3681 576">
     <span class='ocr_line' id='line_1_5' title="bbox 2116 506 3681 576; baseline -0.001 -13"><span class='ocrx_word' id='word_1_14' title='bbox 2116 509 2243 564; x_wconf 77' lang='lat' dir='ltr'><strong>bene</strong></span> <span class='ocrx_word' id='word_1_15' title='bbox 2284 518 2544 564; x_wconf 84' lang='lat' dir='ltr'><strong>noverant</strong></span> <span class='ocrx_word' id='word_1_16' title='bbox 2574 508 2773 564; x_wconf 89' lang='lat' dir='ltr'><strong>Christi</strong></span> <span class='ocrx_word' id='word_1_17' title='bbox 2815 508 3089 563; x_wconf 90' lang='lat' dir='ltr'><strong>virtutem.</strong></span> <span class='ocrx_word' id='word_1_18' title='bbox 3146 507 3210 561; x_wconf 85' lang='lat' dir='ltr'><strong>Et</strong></span> <span class='ocrx_word' id='word_1_19' title='bbox 3240 506 3402 576; x_wconf 84' lang='lat' dir='ltr'><strong>paulo</strong></span> <span class='ocrx_word' id='word_1_20' title='bbox 3433 517 3546 576; x_wconf 78' lang='lat' dir='ltr'><strong>post</strong></span> <span class='ocrx_word' id='word_1_21' title='bbox 3573 523 3592 561; x_wconf 91' lang='lat'><strong><em>:</em></strong></span> <span class='ocrx_word' id='word_1_22' title='bbox 3620 506 3681 563; x_wconf 90' lang='lat' dir='ltr'><strong>Si</strong></span> 
     </span>
    </p>
   </div>
   <div class='ocr_carea' id='block_1_6' title="bbox 430 581 1999 670">
    <p class='ocr_par' dir='ltr' id='par_1_6' title="bbox 430 581 1999 670">
     <span class='ocr_line' id='line_1_6' title="bbox 430 581 1999 670; baseline 0.011 -36"><span class='ocrx_word' id='word_1_23' title='bbox 430 581 541 635; x_wconf 77' lang='lat' dir='ltr'><strong>Kal</strong></span> <span class='ocrx_word' id='word_1_24' title='bbox 590 582 720 650; x_wconf 83' lang='grc' dir='ltr'><strong>μετ’</strong></span> <span class='ocrx_word' id='word_1_25' title='bbox 775 584 951 653; x_wconf 59' lang='grc' dir='ltr'>ὀλίγα</span> <span class='ocrx_word' id='word_1_26' title='bbox 985 603 999 616; x_wconf 88' lang='grc'><strong>·</strong></span> <span class='ocrx_word' id='word_1_27' title='bbox 1031 587 1094 641; x_wconf 71' lang='lat' dir='ltr'><strong>Et</strong></span> <span class='ocrx_word' id='word_1_28' title='bbox 1130 587 1267 658; x_wconf 81' lang='grc' dir='ltr'><strong>πρὸς</strong></span> <span class='ocrx_word' id='word_1_29' title='bbox 1309 591 1476 644; x_wconf 76' lang='grc' dir='ltr'><strong>αὑτὸν</strong></span> <span class='ocrx_word' id='word_1_30' title='bbox 1509 593 1754 660; x_wconf 78' lang='grc' dir='ltr'><strong>ἀντεῖπε,</strong></span> <span class='ocrx_word' id='word_1_31' title='bbox 1820 596 1999 670; x_wconf 92' lang='grc' dir='ltr'>πολλῷ</span> 
     </span>
    </p>
   </div>
   <div class='ocr_carea' id='block_1_7' title="bbox 435 674 2002 760">
    <p class='ocr_par' dir='ltr' id='par_1_7' title="bbox 435 674 2002 760">
     <span class='ocr_line' id='line_1_7' title="bbox 435 674 2002 760; baseline 0.011 -34"><span class='ocrx_word' id='word_1_32' title='bbox 435 674 640 745; x_wconf 82' lang='grc' dir='ltr'><strong>μᾶλλον</strong></span> <span class='ocrx_word' id='word_1_33' title='bbox 677 677 725 727; x_wconf 86' lang='grc' dir='ltr'><strong>εί</strong></span> <span class='ocrx_word' id='word_1_34' title='bbox 771 674 1003 745; x_wconf 80' lang='grc' dir='ltr'><strong>ἄγγελον</strong></span> <span class='ocrx_word' id='word_1_35' title='bbox 1067 678 1317 751; x_wconf 68' lang='grc' dir='ltr'><strong>ἔπεμψεο</strong></span> <span class='ocrx_word' id='word_1_36' title='bbox 1375 683 1466 736; x_wconf 73' lang='grc' dir='ltr'><strong>διὰ</strong></span> <span class='ocrx_word' id='word_1_37' title='bbox 1505 684 1666 738; x_wconf 81' lang='grc' dir='ltr'><strong>τοῦτο</strong></span> <span class='ocrx_word' id='word_1_38' title='bbox 1716 688 1837 741; x_wconf 78' lang='grc' dir='ltr'><strong>οὐδὲ</strong></span> <span class='ocrx_word' id='word_1_39' title='bbox 1895 690 2002 760; x_wconf 82' lang='grc' dir='ltr'><strong>πρὸ</strong></span> 
     </span>
    </p>
   </div>
   <div class='ocr_carea' id='block_1_8' title="bbox 323 764 1994 853">
    <p class='ocr_par' dir='ltr' id='par_1_8' title="bbox 323 764 1994 853">
     <span class='ocr_line' id='line_1_8' title="bbox 323 764 1994 853; baseline 0.011 -37"><span class='ocrx_word' id='word_1_40' title='bbox 323 827 334 838; x_wconf 43' lang='grc'><strong><em>⁸</em></strong></span> <span class='ocrx_word' id='word_1_41' title='bbox 429 764 622 820; x_wconf 83' lang='grc' dir='ltr'><strong>τούτου</strong></span> <span class='ocrx_word' id='word_1_42' title='bbox 662 769 690 820; x_wconf 89' lang='grc' dir='ltr'><strong>ό</strong></span> <span class='ocrx_word' id='word_1_43' title='bbox 719 767 987 831; x_wconf 78' lang='grc' dir='ltr'><strong>Φίλιππος</strong></span> <span class='ocrx_word' id='word_1_44' title='bbox 1018 769 1206 824; x_wconf 88' lang='grc' dir='ltr'><strong>ἀκούει</strong></span> <span class='ocrx_word' id='word_1_45' title='bbox 1255 773 1317 825; x_wconf 73' lang='grc' dir='ltr'><strong>τὸ</strong></span> <span class='ocrx_word' id='word_1_46' title='bbox 1372 774 1675 846; x_wconf 86' lang='grc' dir='ltr'><strong>γινόμενον,</strong></span> <span class='ocrx_word' id='word_1_47' title='bbox 1734 777 1849 833; x_wconf 77' lang='grc' dir='ltr'><strong>ἀλλ’</strong></span> <span class='ocrx_word' id='word_1_48' title='bbox 1892 782 1994 853; x_wconf 79' lang='grc' dir='ltr'><strong>ὀρᾷ</strong></span> 
     </span>
    </p>
   </div>
   <div class='ocr_carea' id='block_1_9' title="bbox 428 856 2002 941">
    <p class='ocr_par' dir='ltr' id='par_1_9' title="bbox 428 856 2002 941">
     <span class='ocr_line' id='line_1_9' title="bbox 428 856 2002 941; baseline 0.01 -33"><span class='ocrx_word' id='word_1_49' title='bbox 428 857 523 909; x_wconf 63' lang='grc' dir='ltr'><strong>τὸν</strong></span> <span class='ocrx_word' id='word_1_50' title='bbox 552 856 817 926; x_wconf 58' lang='grc' dir='ltr'><strong>ἄγγελον</strong></span> <span class='ocrx_word' id='word_1_51' title='bbox 847 860 942 913; x_wconf 70' lang='grc' dir='ltr'><strong>καὶ</strong></span> <span class='ocrx_word' id='word_1_52' title='bbox 970 861 1095 914; x_wconf 86' lang='grc' dir='ltr'><strong>τότε</strong></span> <span class='ocrx_word' id='word_1_53' title='bbox 1126 862 1187 916; x_wconf 82' lang='grc' dir='ltr'><strong>τὸ</strong></span> <span class='ocrx_word' id='word_1_54' title='bbox 1234 864 1461 936; x_wconf 81' lang='grc' dir='ltr'><strong>Πνεῦμα</strong></span> <span class='ocrx_word' id='word_1_55' title='bbox 1495 869 1818 937; x_wconf 78' lang='grc' dir='ltr'><strong>προστάττει</strong></span> <span class='ocrx_word' id='word_1_56' title='bbox 1852 870 2002 941; x_wconf 84' lang='grc' dir='ltr'><strong>αύτῷ</strong></span> 
     </span>
    </p>
   </div>
   <div class='ocr_carea' id='block_1_10' title="bbox 429 944 1999 1023">
    <p class='ocr_par' dir='ltr' id='par_1_10' title="bbox 429 944 1999 1023">
     <span class='ocr_line' id='line_1_10' title="bbox 429 944 1999 1023; baseline 0.011 -27"><span class='ocrx_word' id='word_1_57' title='bbox 429 944 758 1016; x_wconf 59' lang='grc' dir='ltr'><strong>κολληθηῖψαι</strong></span> <span class='ocrx_word' id='word_1_58' title='bbox 799 947 878 1017; x_wconf 83' lang='grc' dir='ltr'><strong>τῷ</strong></span> <span class='ocrx_word' id='word_1_59' title='bbox 926 949 1170 1021; x_wconf 76' lang='grc' dir='ltr'><strong>ἅρματιο</strong></span> <span class='ocrx_word' id='word_1_60' title='bbox 1201 952 1303 1023; x_wconf 80' lang='grc' dir='ltr'><strong>ὅρα</strong></span> <span class='ocrx_word' id='word_1_61' title='bbox 1340 954 1396 1006; x_wconf 80' lang='grc' dir='ltr'><strong>δὲ</strong></span> <span class='ocrx_word' id='word_1_62' title='bbox 1431 955 1663 1011; x_wconf 75' lang='grc' dir='ltr'><strong>ἐνταῦθα</strong></span> <span class='ocrx_word' id='word_1_63' title='bbox 1696 958 1813 1022; x_wconf 86' lang='grc' dir='ltr'><strong>πῶς</strong></span> <span class='ocrx_word' id='word_1_64' title='bbox 1835 959 1999 1013; x_wconf 79' lang='grc' dir='ltr'><strong>αὑτοῦ</strong></span> 
     </span>
    </p>
   </div>
   <div class='ocr_carea' id='block_1_11' title="bbox 426 1036 2006 1123">
    <p class='ocr_par' dir='ltr' id='par_1_11' title="bbox 426 1036 2006 1123">
     <span class='ocr_line' id='line_1_11' title="bbox 426 1036 2006 1123; baseline 0.011 -33"><span class='ocrx_word' id='word_1_65' title='bbox 426 1037 525 1109; x_wconf 25' lang='grc' dir='ltr'><strong>κτὸν</strong></span> <span class='ocrx_word' id='word_1_66' title='bbox 547 1036 710 1106; x_wconf 88' lang='grc' dir='ltr'><strong>φόϐον</strong></span> <span class='ocrx_word' id='word_1_67' title='bbox 730 1039 1090 1110; x_wconf 82' lang='grc' dir='ltr'><strong>ὑποτέμνεται</strong></span> <span class='ocrx_word' id='word_1_68' title='bbox 1113 1059 1125 1072; x_wconf 89' lang='grc'><strong>·</strong></span> <span class='ocrx_word' id='word_1_69' title='bbox 1162 1044 1344 1116; x_wconf 86' lang='grc' dir='ltr'><strong>Πηρός</strong></span> <span class='ocrx_word' id='word_1_70' title='bbox 1372 1047 1510 1112; x_wconf 78' lang='grc' dir='ltr'><strong>ἐστι,</strong></span> <span class='ocrx_word' id='word_1_71' title='bbox 1541 1049 1694 1117; x_wconf 79' lang='grc' dir='ltr'><strong>φησὶ,</strong></span> <span class='ocrx_word' id='word_1_72' title='bbox 1728 1051 1822 1104; x_wconf 81' lang='grc' dir='ltr'><strong>καὶ</strong></span> <span class='ocrx_word' id='word_1_73' title='bbox 1850 1051 2006 1123; x_wconf 76' lang='grc' dir='ltr'><strong>εὔχε-</strong></span> 
     </span>
    </p>
   </div>
   <div class='ocr_carea' id='block_1_12' title="bbox 384 1130 1996 1210">
    <p class='ocr_par' dir='ltr' id='par_1_12' title="bbox 384 1130 1996 1210">
     <span class='ocr_line' id='line_1_12' title="bbox 384 1130 1996 1210; baseline 0.011 -30"><span class='ocrx_word' id='word_1_74' title='bbox 384 1168 393 1171; x_wconf 67' lang='lat'><strong>-</strong></span> <span class='ocrx_word' id='word_1_75' title='bbox 430 1146 544 1193; x_wconf 84' lang='grc' dir='ltr'><strong>ται,</strong></span> <span class='ocrx_word' id='word_1_76' title='bbox 583 1130 677 1184; x_wconf 73' lang='grc' dir='ltr'>καὶ</span> <span class='ocrx_word' id='word_1_77' title='bbox 707 1130 772 1184; x_wconf 76' lang='grc' dir='ltr'><strong>σὺ</strong></span> <span class='ocrx_word' id='word_1_78' title='bbox 821 1131 1100 1201; x_wconf 83' lang='grc' dir='ltr'><strong>δέδοικας;</strong></span> <span class='ocrx_word' id='word_1_79' title='bbox 1138 1135 1280 1190; x_wconf 77' lang='grc' dir='ltr'><strong>οὕτω</strong></span> <span class='ocrx_word' id='word_1_80' title='bbox 1325 1138 1419 1192; x_wconf 75' lang='grc' dir='ltr'><strong>καὶ</strong></span> <span class='ocrx_word' id='word_1_81' title='bbox 1443 1140 1685 1207; x_wconf 82' lang='grc' dir='ltr'><strong>Μωῡσῆς</strong></span> <span class='ocrx_word' id='word_1_82' title='bbox 1716 1142 1996 1210; x_wconf 78' lang='grc' dir='ltr'><strong>φοϐεῖταιο</strong></span> 
     </span>
    </p>
   </div>
   <div class='ocr_carea' id='block_1_13' title="bbox 429 1217 1998 1305">
    <p class='ocr_par' dir='ltr' id='par_1_13' title="bbox 429 1217 1998 1305">
     <span class='ocr_line' id='line_1_13' title="bbox 429 1217 1998 1305; baseline 0.011 -34"><span class='ocrx_word' id='word_1_83' title='bbox 429 1217 575 1272; x_wconf 80' lang='grc' dir='ltr'><strong>ὥστε</strong></span> <span class='ocrx_word' id='word_1_84' title='bbox 612 1219 682 1273; x_wconf 83' lang='grc' dir='ltr'><strong>τὰ</strong></span> <span class='ocrx_word' id='word_1_85' title='bbox 711 1223 931 1292; x_wconf 79' lang='grc' dir='ltr'><strong>ῥήματα</strong></span> <span class='ocrx_word' id='word_1_86' title='bbox 954 1225 1292 1297; x_wconf 81' lang='grc' dir='ltr'>φοϐουμένου</span> <span class='ocrx_word' id='word_1_87' title='bbox 1321 1223 1389 1299; x_wconf 80' lang='grc' dir='ltr'><strong>ἦν</strong></span> <span class='ocrx_word' id='word_1_88' title='bbox 1419 1230 1511 1283; x_wconf 61' lang='grc' dir='ltr'><strong>καὶ¹</strong></span> <span class='ocrx_word' id='word_1_89' title='bbox 1532 1231 1998 1305; x_wconf 79' lang='grc' dir='ltr'><strong>ἀναϐαλλομένου,</strong></span> 
     </span>
    </p>
   </div>
   <div class='ocr_carea' id='block_1_14' title="bbox 430 1310 954 1377">
    <p class='ocr_par' dir='ltr' id='par_1_14' title="bbox 430 1310 954 1377">
     <span class='ocr_line' id='line_1_14' title="bbox 430 1310 954 1377; baseline 0.008 -15"><span class='ocrx_word' id='word_1_90' title='bbox 430 1310 534 1362; x_wconf 82' lang='grc' dir='ltr'><strong>οὐκ</strong></span> <span class='ocrx_word' id='word_1_91' title='bbox 569 1310 954 1377; x_wconf 76' lang='grc' dir='ltr'><strong>ἀπιστοῦντος.</strong></span> 
     </span>
    </p>
   </div>
   <div class='ocr_carea' id='block_1_15' title="bbox 508 1396 2001 1485">
    <p class='ocr_par' dir='ltr' id='par_1_15' title="bbox 508 1396 2001 1485">
     <span class='ocr_line' id='line_1_15' title="bbox 508 1396 2001 1485; baseline 0.009 -32"><span class='ocrx_word' id='word_1_92' title='bbox 508 1421 527 1453; x_wconf 80' lang='grc' dir='ltr'><strong>ι</strong></span> <span class='ocrx_word' id='word_1_93' title='bbox 562 1402 674 1455; x_wconf 79' lang='grc' dir='ltr'><strong>Καὶ</strong></span> <span class='ocrx_word' id='word_1_94' title='bbox 707 1396 810 1457; x_wconf 82' lang='grc' dir='ltr'><strong>ὦδε</strong></span> <span class='ocrx_word' id='word_1_95' title='bbox 871 1403 985 1475; x_wconf 80' lang='grc' dir='ltr'><strong>ἔχει</strong></span> <span class='ocrx_word' id='word_1_96' title='bbox 1034 1404 1286 1471; x_wconf 77' lang='grc' dir='ltr'>ἐξουσίαν</span> <span class='ocrx_word' id='word_1_97' title='bbox 1326 1410 1478 1482; x_wconf 73' lang='grc' dir='ltr'><strong>παρὰ</strong></span> <span class='ocrx_word' id='word_1_98' title='bbox 1516 1409 1627 1464; x_wconf 87' lang='grc' dir='ltr'><strong>τῶν</strong></span> <span class='ocrx_word' id='word_1_99' title='bbox 1674 1412 2001 1485; x_wconf 80' lang='grc' dir='ltr'><strong>ἀρχιερέων,</strong></span> 
     </span>
    </p>
   </div>
   <div class='ocr_carea' id='block_1_16' title="bbox 430 1490 2001 1574">
    <p class='ocr_par' dir='ltr' id='par_1_16' title="bbox 430 1490 2001 1574">
     <span class='ocr_line' id='line_1_16' title="bbox 430 1490 2001 1574; baseline 0.007 -28"><span class='ocrx_word' id='word_1_100' title='bbox 430 1490 593 1564; x_wconf 78' lang='grc' dir='ltr'><strong>δῆσαι</strong></span> <span class='ocrx_word' id='word_1_101' title='bbox 629 1494 840 1559; x_wconf 81' lang='grc' dir='ltr'>πάντας</span> <span class='ocrx_word' id='word_1_102' title='bbox 860 1496 989 1560; x_wconf 82' lang='grc' dir='ltr'><strong>τοὺς</strong></span> <span class='ocrx_word' id='word_1_103' title='bbox 1013 1496 1484 1570; x_wconf 74' lang='grc' dir='ltr'>ἐπικαλουμένους</span> <span class='ocrx_word' id='word_1_104' title='bbox 1515 1501 1574 1554; x_wconf 69' lang='grc' dir='ltr'><strong>τὸ</strong></span> <span class='ocrx_word' id='word_1_105' title='bbox 1610 1501 1782 1574; x_wconf 76' lang='grc' dir='ltr'><strong>ὄνομά</strong></span> <span class='ocrx_word' id='word_1_106' title='bbox 1812 1520 1931 1559; x_wconf 92' lang='grc' dir='ltr'><strong>σου.</strong></span> <span class='ocrx_word' id='word_1_107' title='bbox 1981 1523 2001 1557; x_wconf 71' lang='grc' dir='ltr'><strong>ι</strong></span> 
     </span>
    </p>
   </div>
   <div class='ocr_carea' id='block_1_17' title="bbox 504 1673 2009 1754">
    <p class='ocr_par' dir='ltr' id='par_1_17' title="bbox 504 1673 2009 1754">
     <span class='ocr_line' id='line_1_17' title="bbox 504 1673 2009 1754; baseline 0.005 -25"><span class='ocrx_word' id='word_1_108' title='bbox 504 1673 677 1729; x_wconf 84' lang='grc' dir='ltr'><strong>Πόθεν</strong></span> <span class='ocrx_word' id='word_1_109' title='bbox 712 1674 789 1747; x_wconf 85' lang='grc'><strong>(6)</strong></span> <span class='ocrx_word' id='word_1_110' title='bbox 815 1676 972 1729; x_wconf 79' lang='grc' dir='ltr'><strong>τοῦτο</strong></span> <span class='ocrx_word' id='word_1_111' title='bbox 1013 1677 1207 1748; x_wconf 84' lang='grc' dir='ltr'><strong>δῆλον;</strong></span> <span class='ocrx_word' id='word_1_112' title='bbox 1238 1677 1401 1743; x_wconf 78' lang='grc' dir='ltr'><strong>Εἰκὸς</strong></span> <span class='ocrx_word' id='word_1_113' title='bbox 1424 1675 1493 1752; x_wconf 75' lang='grc' dir='ltr'><strong>ἦν</strong></span> <span class='ocrx_word' id='word_1_114' title='bbox 1526 1681 1723 1746; x_wconf 77' lang='grc' dir='ltr'><strong>αὐτοὺς</strong></span> <span class='ocrx_word' id='word_1_115' title='bbox 1766 1682 1826 1737; x_wconf 81' lang='grc' dir='ltr'><strong>ὲν</strong></span> <span class='ocrx_word' id='word_1_116' title='bbox 1858 1682 2009 1754; x_wconf 87' lang='grc' dir='ltr'><strong>φόϐῳ</strong></span> 
     </span>
    </p>
   </div>
   <div class='ocr_carea' id='block_1_18' title="bbox 430 1767 2008 1842">
    <p class='ocr_par' dir='ltr' id='par_1_18' title="bbox 430 1767 2008 1842">
     <span class='ocr_line' id='line_1_18' title="bbox 430 1767 2008 1842; baseline 0.007 -23"><span class='ocrx_word' id='word_1_117' title='bbox 430 1767 593 1831; x_wconf 71' lang='grc' dir='ltr'>ὄντας</span> <span class='ocrx_word' id='word_1_118' title='bbox 641 1769 1145 1840; x_wconf 76' lang='grc' dir='ltr'><strong>περιεργάζεσθαιο</strong></span> <span class='ocrx_word' id='word_1_119' title='bbox 1197 1771 1297 1842; x_wconf 84' lang='grc' dir='ltr'><strong>οὐχ</strong></span> <span class='ocrx_word' id='word_1_120' title='bbox 1349 1771 1426 1836; x_wconf 85' lang='grc' dir='ltr'><strong>ὡς</strong></span> <span class='ocrx_word' id='word_1_121' title='bbox 1498 1773 1599 1827; x_wconf 82' lang='grc' dir='ltr'><strong>οὐκ</strong></span> <span class='ocrx_word' id='word_1_122' title='bbox 1656 1774 1858 1840; x_wconf 77' lang='grc' dir='ltr'><strong>εἰδότος</strong></span> <span class='ocrx_word' id='word_1_123' title='bbox 1911 1775 2008 1830; x_wconf 83' lang='grc' dir='ltr'><strong>τοῦ</strong></span> 
     </span>
    </p>
   </div>
   <div class='ocr_carea' id='block_1_19' title="bbox 2107 598 3681 667">
    <p class='ocr_par' dir='ltr' id='par_1_19' title="bbox 2107 598 3681 667">
     <span class='ocr_line' id='line_1_19' title="bbox 2107 598 3681 667; baseline -0.002 -13"><span class='ocrx_word' id='word_1_124' title='bbox 2107 614 2289 654; x_wconf 88' lang='lat' dir='ltr'><strong>coram</strong></span> <span class='ocrx_word' id='word_1_125' title='bbox 2344 600 2434 654; x_wconf 93' lang='lat' dir='ltr'><strong>illo</strong></span> <span class='ocrx_word' id='word_1_126' title='bbox 2478 600 2840 664; x_wconf 89' lang='lat' dir='ltr'><strong>contradicit,</strong></span> <span class='ocrx_word' id='word_1_127' title='bbox 2895 599 3065 653; x_wconf 88' lang='lat' dir='ltr'><strong>multo</strong></span> <span class='ocrx_word' id='word_1_128' title='bbox 3114 598 3289 667; x_wconf 90' lang='lat' dir='ltr'><strong>magis</strong></span> <span class='ocrx_word' id='word_1_129' title='bbox 3336 599 3381 654; x_wconf 88' lang='lat' dir='ltr'><strong>si</strong></span> <span class='ocrx_word' id='word_1_130' title='bbox 3434 599 3681 667; x_wconf 77' lang='lat' dir='ltr'><strong>angelum</strong></span> 
     </span>
    </p>
   </div>
   <div class='ocr_carea' id='block_1_20' title="bbox 2111 687 3683 760">
    <p class='ocr_par' dir='ltr' id='par_1_20' title="bbox 2111 687 3683 760">
     <span class='ocr_line' id='line_1_20' title="bbox 2111 687 3683 760; baseline -0.004 -14"><span class='ocrx_word' id='word_1_131' title='bbox 2111 690 2388 755; x_wconf 83' lang='lat' dir='ltr'><strong>misisset;</strong></span> <span class='ocrx_word' id='word_1_132' title='bbox 2418 701 2707 760; x_wconf 83' lang='lat' dir='ltr'><strong>propterea</strong></span> <span class='ocrx_word' id='word_1_133' title='bbox 2743 704 2842 743; x_wconf 86' lang='lat' dir='ltr'><strong>nec</strong></span> <span class='ocrx_word' id='word_1_134' title='bbox 2867 696 2991 742; x_wconf 84' lang='lat' dir='ltr'><strong>ante</strong></span> <span class='ocrx_word' id='word_1_135' title='bbox 3019 688 3193 756; x_wconf 86' lang='lat' dir='ltr'><strong>ipsum</strong></span> <span class='ocrx_word' id='word_1_136' title='bbox 3221 687 3500 756; x_wconf 86' lang='lat' dir='ltr'><strong>Philippus</strong></span> <span class='ocrx_word' id='word_1_137' title='bbox 3530 688 3683 741; x_wconf 80' lang='lat' dir='ltr'><strong>audit</strong></span> 
     </span>
    </p>
   </div>
   <div class='ocr_carea' id='block_1_21' title="bbox 2109 777 3683 850">
    <p class='ocr_par' dir='ltr' id='par_1_21' title="bbox 2109 777 3683 850">
     <span class='ocr_line' id='line_1_21' title="bbox 2109 777 3683 850; baseline -0.003 -16"><span class='ocrx_word' id='word_1_138' title='bbox 2109 781 2329 846; x_wconf 81' lang='lat' dir='ltr'><strong>factum,</strong></span> <span class='ocrx_word' id='word_1_139' title='bbox 2355 783 2450 836; x_wconf 91' lang='lat' dir='ltr'><strong>scd</strong></span> <span class='ocrx_word' id='word_1_140' title='bbox 2481 781 2628 835; x_wconf 81' lang='lat' dir='ltr'><strong>videt</strong></span> <span class='ocrx_word' id='word_1_141' title='bbox 2655 779 2942 850; x_wconf 79' lang='lat' dir='ltr'><strong>angelum;</strong></span> <span class='ocrx_word' id='word_1_142' title='bbox 2971 789 3027 832; x_wconf 92' lang='lat' dir='ltr'><strong>et</strong></span> <span class='ocrx_word' id='word_1_143' title='bbox 3064 789 3193 833; x_wconf 92' lang='lat' dir='ltr'><strong>tunc</strong></span> <span class='ocrx_word' id='word_1_144' title='bbox 3222 777 3456 845; x_wconf 85' lang='lat' dir='ltr'><strong>Spiritus</strong></span> <span class='ocrx_word' id='word_1_145' title='bbox 3483 777 3683 845; x_wconf 65' lang='lat' dir='ltr'><strong>praeci-</strong></span> 
     </span>
    </p>
   </div>
   <div class='ocr_carea' id='block_1_22' title="bbox 2106 868 3685 944">
    <p class='ocr_par' dir='ltr' id='par_1_22' title="bbox 2106 868 3685 944">
     <span class='ocr_line' id='line_1_22' title="bbox 2106 868 3685 944; baseline -0.003 -17"><span class='ocrx_word' id='word_1_146' title='bbox 2106 873 2184 944; x_wconf 89' lang='lat' dir='ltr'><strong>pit</strong></span> <span class='ocrx_word' id='word_1_147' title='bbox 2217 873 2316 942; x_wconf 89' lang='lat' dir='ltr'><strong>ipsi</strong></span> <span class='ocrx_word' id='word_1_148' title='bbox 2366 881 2424 926; x_wconf 90' lang='lat' dir='ltr'><strong>ut</strong></span> <span class='ocrx_word' id='word_1_149' title='bbox 2458 872 2521 926; x_wconf 90' lang='lat' dir='ltr'><strong>ad</strong></span> <span class='ocrx_word' id='word_1_150' title='bbox 2573 887 2792 926; x_wconf 90' lang='lat' dir='ltr'><strong>currum</strong></span> <span class='ocrx_word' id='word_1_151' title='bbox 2840 870 3100 941; x_wconf 74' lang='lat' dir='ltr'><strong>adiungat</strong></span> <span class='ocrx_word' id='word_1_152' title='bbox 3144 884 3239 935; x_wconf 89' lang='lat' dir='ltr'><strong>se;</strong></span> <span class='ocrx_word' id='word_1_153' title='bbox 3287 868 3357 923; x_wconf 91' lang='lat' dir='ltr'><strong>ibi</strong></span> <span class='ocrx_word' id='word_1_154' title='bbox 3385 882 3516 924; x_wconf 90' lang='lat' dir='ltr'><strong>vero</strong></span> <span class='ocrx_word' id='word_1_155' title='bbox 3561 868 3685 922; x_wconf 90' lang='lat' dir='ltr'><strong>vide</strong></span> 
     </span>
    </p>
   </div>
   <div class='ocr_carea' id='block_1_23' title="bbox 2107 958 3684 1033">
    <p class='ocr_par' dir='ltr' id='par_1_23' title="bbox 2107 958 3684 1033">
     <span class='ocr_line' id='line_1_23' title="bbox 2107 958 3684 1033; baseline -0.003 -16"><span class='ocrx_word' id='word_1_156' title='bbox 2107 964 2373 1033; x_wconf 90' lang='lat' dir='ltr'><strong>quomodo</strong></span> <span class='ocrx_word' id='word_1_157' title='bbox 2416 963 2661 1018; x_wconf 89' lang='lat' dir='ltr'><strong>timorem</strong></span> <span class='ocrx_word' id='word_1_158' title='bbox 2708 970 2955 1017; x_wconf 85' lang='lat' dir='ltr'><strong>avertere</strong></span> <span class='ocrx_word' id='word_1_159' title='bbox 3001 970 3398 1016; x_wconf 68' lang='lat' dir='ltr'><strong>curet:caecus</strong></span> <span class='ocrx_word' id='word_1_160' title='bbox 3443 968 3550 1025; x_wconf 89' lang='lat' dir='ltr'><strong>est,</strong></span> <span class='ocrx_word' id='word_1_161' title='bbox 3599 958 3684 1012; x_wconf 91' lang='lat' dir='ltr'><strong>in-</strong></span> 
     </span>
    </p>
   </div>
   <div class='ocr_carea' id='block_1_24' title="bbox 2107 1049 3682 1125">
    <p class='ocr_par' dir='ltr' id='par_1_24' title="bbox 2107 1049 3682 1125">
     <span class='ocr_line' id='line_1_24' title="bbox 2107 1049 3682 1125; baseline -0.005 -17"><span class='ocrx_word' id='word_1_162' title='bbox 2107 1056 2244 1125; x_wconf 88' lang='lat' dir='ltr'><strong>quit,</strong></span> <span class='ocrx_word' id='word_1_163' title='bbox 2282 1063 2337 1109; x_wconf 91' lang='lat' dir='ltr'><strong>et</strong></span> <span class='ocrx_word' id='word_1_164' title='bbox 2362 1062 2502 1120; x_wconf 89' lang='lat' dir='ltr'><strong>orat,</strong></span> <span class='ocrx_word' id='word_1_165' title='bbox 2536 1062 2590 1108; x_wconf 90' lang='lat' dir='ltr'><strong>et</strong></span> <span class='ocrx_word' id='word_1_166' title='bbox 2634 1062 2688 1107; x_wconf 91' lang='lat' dir='ltr'><strong>tu</strong></span> <span class='ocrx_word' id='word_1_167' title='bbox 2724 1053 2921 1107; x_wconf 86' lang='lat' dir='ltr'><strong>times?</strong></span> <span class='ocrx_word' id='word_1_168' title='bbox 2947 1051 3038 1106; x_wconf 91' lang='lat' dir='ltr'><strong>Sic</strong></span> <span class='ocrx_word' id='word_1_169' title='bbox 3065 1061 3118 1105; x_wconf 89' lang='lat' dir='ltr'><strong>et</strong></span> <span class='ocrx_word' id='word_1_170' title='bbox 3156 1049 3366 1120; x_wconf 76' lang='lat' dir='ltr'><strong>Moyses</strong></span> <span class='ocrx_word' id='word_1_171' title='bbox 3392 1049 3682 1117; x_wconf 76' lang='lat' dir='ltr'><strong>formidat;</strong></span> 
     </span>
    </p>
   </div>
   <div class='ocr_carea' id='block_1_25' title="bbox 2107 1138 3686 1214">
    <p class='ocr_par' dir='ltr' id='par_1_25' title="bbox 2107 1138 3686 1214">
     <span class='ocr_line' id='line_1_25' title="bbox 2107 1138 3686 1214; baseline -0.006 -11"><span class='ocrx_word' id='word_1_172' title='bbox 2107 1146 2249 1203; x_wconf 89' lang='lat' dir='ltr'><strong>unde</strong></span> <span class='ocrx_word' id='word_1_173' title='bbox 2275 1146 2525 1202; x_wconf 87' lang='lat' dir='ltr'><strong>timentes</strong></span> <span class='ocrx_word' id='word_1_174' title='bbox 2551 1144 2716 1201; x_wconf 80' lang='lat' dir='ltr'><strong>verba</strong></span> <span class='ocrx_word' id='word_1_175' title='bbox 2759 1152 2917 1200; x_wconf 90' lang='lat' dir='ltr'><strong>erant</strong></span> <span class='ocrx_word' id='word_1_176' title='bbox 2949 1153 3004 1199; x_wconf 90' lang='lat' dir='ltr'><strong>et</strong></span> <span class='ocrx_word' id='word_1_177' title='bbox 3028 1138 3481 1214; x_wconf 86' lang='lat' dir='ltr'><strong>procrastinantis</strong></span> <span class='ocrx_word' id='word_1_178' title='bbox 3517 1148 3573 1194; x_wconf 94' lang='lat' dir='ltr'><strong>et</strong></span> <span class='ocrx_word' id='word_1_179' title='bbox 3603 1140 3686 1194; x_wconf 86' lang='lat' dir='ltr'><strong>in-</strong></span> 
     </span>
    </p>
   </div>
   <div class='ocr_carea' id='block_1_26' title="bbox 2106 1237 2336 1297">
    <p class='ocr_par' dir='ltr' id='par_1_26' title="bbox 2106 1237 2336 1297">
     <span class='ocr_line' id='line_1_26' title="bbox 2106 1237 2336 1297; baseline -0.017 0"><span class='ocrx_word' id='word_1_180' title='bbox 2106 1237 2336 1297; x_wconf 88' lang='lat' dir='ltr'><strong>creduli.</strong></span> 
     </span>
    </p>
   </div>
   <div class='ocr_carea' id='block_1_27' title="bbox 2177 1407 3686 1479">
    <p class='ocr_par' dir='ltr' id='par_1_27' title="bbox 2177 1407 3686 1479">
     <span class='ocr_line' id='line_1_27' title="bbox 2177 1407 3686 1479; baseline -0.004 -10"><span class='ocrx_word' id='word_1_181' title='bbox 2177 1413 2347 1470; x_wconf 72' lang='lat' dir='ltr'><strong>Vsus.</strong></span> <span class='ocrx_word' id='word_1_182' title='bbox 2379 1412 2469 1468; x_wconf 75' lang='grc'><strong>14.</strong></span> <span class='ocrx_word' id='word_1_183' title='bbox 2518 1428 2538 1464; x_wconf 84' lang='grc' dir='ltr'><strong>ι</strong></span> <span class='ocrx_word' id='word_1_184' title='bbox 2570 1410 2639 1466; x_wconf 86' lang='grc' dir='ltr'><strong>Ει</strong></span> <span class='ocrx_word' id='word_1_185' title='bbox 2687 1409 2779 1466; x_wconf 90' lang='lat' dir='ltr'><strong>hic</strong></span> <span class='ocrx_word' id='word_1_186' title='bbox 2816 1408 2978 1465; x_wconf 83' lang='lat' dir='ltr'><strong>habet</strong></span> <span class='ocrx_word' id='word_1_187' title='bbox 3009 1416 3333 1479; x_wconf 90' lang='lat' dir='ltr'><strong>potestatem</strong></span> <span class='ocrx_word' id='word_1_188' title='bbox 3369 1423 3399 1463; x_wconf 89' lang='lat' dir='ltr'><strong>a</strong></span> <span class='ocrx_word' id='word_1_189' title='bbox 3425 1407 3686 1479; x_wconf 85' lang='lat' dir='ltr'><strong>principi-</strong></span> 
     </span>
    </p>
   </div>
   <div class='ocr_carea' id='block_1_28' title="bbox 2108 1500 3684 1573">
    <p class='ocr_par' dir='ltr' id='par_1_28' title="bbox 2108 1500 3684 1573">
     <span class='ocr_line' id='line_1_28' title="bbox 2108 1500 3684 1573; baseline -0.007 -8"><span class='ocrx_word' id='word_1_190' title='bbox 2108 1508 2211 1565; x_wconf 87' lang='lat' dir='ltr'><strong>bus</strong></span> <span class='ocrx_word' id='word_1_191' title='bbox 2253 1504 2597 1561; x_wconf 86' lang='lat' dir='ltr'><strong>sacerdotum</strong></span> <span class='ocrx_word' id='word_1_192' title='bbox 2640 1500 2894 1573; x_wconf 88' lang='lat' dir='ltr'><strong>alligandi</strong></span> <span class='ocrx_word' id='word_1_193' title='bbox 2940 1515 3131 1557; x_wconf 90' lang='lat' dir='ltr'><strong>omnes</strong></span> <span class='ocrx_word' id='word_1_194' title='bbox 3163 1500 3254 1571; x_wconf 87' lang='lat' dir='ltr'><strong>qui</strong></span> <span class='ocrx_word' id='word_1_195' title='bbox 3295 1500 3553 1556; x_wconf 86' lang='lat' dir='ltr'><strong>invocant</strong></span> <span class='ocrx_word' id='word_1_196' title='bbox 3582 1512 3684 1555; x_wconf 90' lang='lat' dir='ltr'><strong>no-</strong></span> 
     </span>
    </p>
   </div>
   <div class='ocr_carea' id='block_1_29' title="bbox 2109 1617 2488 1666">
    <p class='ocr_par' dir='ltr' id='par_1_29' title="bbox 2109 1617 2488 1666">
     <span class='ocr_line' id='line_1_29' title="bbox 2109 1617 2488 1666; baseline -0.018 0"><span class='ocrx_word' id='word_1_197' title='bbox 2109 1624 2232 1666; x_wconf 85' lang='lat' dir='ltr'><strong>men</strong></span> <span class='ocrx_word' id='word_1_198' title='bbox 2263 1617 2435 1663; x_wconf 87' lang='lat' dir='ltr'><strong>tuum.</strong></span> <span class='ocrx_word' id='word_1_199' title='bbox 2468 1625 2488 1659; x_wconf 73' lang='grc' dir='ltr'><strong>ι</strong></span> 
     </span>
    </p>
   </div>
   <div class='ocr_carea' id='block_1_30' title="bbox 2157 1679 3684 1764">
    <p class='ocr_par' dir='ltr' id='par_1_30' title="bbox 2157 1679 3684 1764">
     <span class='ocr_line' id='line_1_30' title="bbox 2157 1679 3684 1764; baseline -0.012 -12"><span class='ocrx_word' id='word_1_200' title='bbox 2157 1689 2164 1697; x_wconf 84' lang='grc'><em>’</em></span> <span class='ocrx_word' id='word_1_201' title='bbox 2185 1696 2340 1753; x_wconf 90' lang='lat' dir='ltr'><strong>Unde</strong></span> <span class='ocrx_word' id='word_1_202' title='bbox 2368 1694 2497 1749; x_wconf 91' lang='lat' dir='ltr'><strong>illud</strong></span> <span class='ocrx_word' id='word_1_203' title='bbox 2529 1690 2850 1764; x_wconf 75' lang='lat' dir='ltr'><strong>cognitum?</strong></span> <span class='ocrx_word' id='word_1_204' title='bbox 2878 1688 3102 1744; x_wconf 82' lang='lat' dir='ltr'><strong>Videtur</strong></span> <span class='ocrx_word' id='word_1_205' title='bbox 3129 1683 3273 1756; x_wconf 86' lang='lat' dir='ltr'><strong>quod</strong></span> <span class='ocrx_word' id='word_1_206' title='bbox 3298 1679 3567 1739; x_wconf 87' lang='lat' dir='ltr'><strong>curiosius</strong></span> <span class='ocrx_word' id='word_1_207' title='bbox 3591 1679 3684 1735; x_wconf 86' lang='lat' dir='ltr'><strong>ob-</strong></span> 
     </span>
    </p>
   </div>
   <div class='ocr_carea' id='block_1_31' title="bbox 2112 1769 3683 1856">
    <p class='ocr_par' dir='ltr' id='par_1_31' title="bbox 2112 1769 3683 1856">
     <span class='ocr_line' id='line_1_31' title="bbox 2112 1769 3683 1856; baseline -0.013 -11"><span class='ocrx_word' id='word_1_208' title='bbox 2112 1788 2405 1845; x_wconf 86' lang='lat' dir='ltr'><strong>servabant</strong></span> <span class='ocrx_word' id='word_1_209' title='bbox 2450 1791 2639 1856; x_wconf 79' lang='lat' dir='ltr'><strong>utpote</strong></span> <span class='ocrx_word' id='word_1_210' title='bbox 2694 1785 2747 1838; x_wconf 90' lang='lat' dir='ltr'><strong>in</strong></span> <span class='ocrx_word' id='word_1_211' title='bbox 2800 1781 3000 1836; x_wconf 89' lang='lat' dir='ltr'><strong>timore</strong></span> <span class='ocrx_word' id='word_1_212' title='bbox 3041 1778 3325 1848; x_wconf 76' lang='lat' dir='ltr'><strong>degentes;</strong></span> <span class='ocrx_word' id='word_1_213' title='bbox 3375 1787 3484 1828; x_wconf 87' lang='lat' dir='ltr'><strong>non</strong></span> <span class='ocrx_word' id='word_1_214' title='bbox 3524 1769 3683 1838; x_wconf 84' lang='lat' dir='ltr'><strong>quasi</strong></span> 
     </span>
    </p>
   </div>
   <div class='ocr_carea' id='block_1_32' title="bbox 430 1860 2008 1945">
    <p class='ocr_par' dir='ltr' id='par_1_32' title="bbox 430 1860 2007 1931">
     <span class='ocr_line' id='line_1_32' title="bbox 430 1860 2007 1931; baseline 0.004 -18"><span class='ocrx_word' id='word_1_215' title='bbox 430 1860 672 1931; x_wconf 83' lang='grc' dir='ltr'><strong>Χριστοῦ</strong></span> <span class='ocrx_word' id='word_1_216' title='bbox 694 1860 867 1914; x_wconf 78' lang='grc' dir='ltr'><strong>ταῦτα</strong></span> <span class='ocrx_word' id='word_1_217' title='bbox 890 1861 1061 1931; x_wconf 80' lang='grc' dir='ltr'><strong>λέγει,</strong></span> <span class='ocrx_word' id='word_1_218' title='bbox 1082 1861 1240 1930; x_wconf 83' lang='grc' dir='ltr'><strong>ἀλλὰ,</strong></span> <span class='ocrx_word' id='word_1_219' title='bbox 1264 1862 1482 1916; x_wconf 86' lang='grc' dir='ltr'><strong>Τούτων</strong></span> <span class='ocrx_word' id='word_1_220' title='bbox 1497 1863 1686 1931; x_wconf 75' lang='grc' dir='ltr'><strong>ὄντων,</strong></span> <span class='ocrx_word' id='word_1_221' title='bbox 1709 1865 1825 1929; x_wconf 86' lang='grc' dir='ltr'><strong>πῶς</strong></span> <span class='ocrx_word' id='word_1_222' title='bbox 1849 1866 2007 1920; x_wconf 92' lang='grc' dir='ltr'><strong>δύνα-</strong></span> 
     </span>
    </p>
   </div>
   <div class='ocr_carea' id='block_1_33' title="bbox 2116 1860 3687 1945">
    <p class='ocr_par' dir='ltr' id='par_1_33' title="bbox 2116 1863 3687 1938">
     <span class='ocr_line' id='line_1_33' title="bbox 2116 1863 3687 1938; baseline -0.013 -3"><span class='ocrx_word' id='word_1_223' title='bbox 2116 1882 2347 1935; x_wconf 83' lang='lat' dir='ltr'><strong>nesciret</strong></span> <span class='ocrx_word' id='word_1_224' title='bbox 2373 1877 2627 1935; x_wconf 88' lang='lat' dir='ltr'><strong>Christus</strong></span> <span class='ocrx_word' id='word_1_225' title='bbox 2668 1876 2783 1930; x_wconf 59' lang='lat' dir='ltr'><strong>hate</strong></span> <span class='ocrx_word' id='word_1_226' title='bbox 2827 1873 2994 1938; x_wconf 88' lang='lat' dir='ltr'><strong>dicit;</strong></span> <span class='ocrx_word' id='word_1_227' title='bbox 3037 1870 3132 1926; x_wconf 88' lang='lat' dir='ltr'><strong>sed</strong></span> <span class='ocrx_word' id='word_1_228' title='bbox 3182 1867 3271 1923; x_wconf 86' lang='lat' dir='ltr'><strong>his</strong></span> <span class='ocrx_word' id='word_1_229' title='bbox 3300 1863 3515 1935; x_wconf 84' lang='lat' dir='ltr'><strong>positis,</strong></span> <span class='ocrx_word' id='word_1_230' title='bbox 3550 1875 3687 1933; x_wconf 85' lang='lat' dir='ltr'><strong>quo-</strong></span> 
     </span>
    </p>
   </div>
   <div class='ocr_carea' id='block_1_34' title="bbox 431 1955 2001 2026">
    <p class='ocr_par' dir='ltr' id='par_1_34' title="bbox 431 1955 2001 2026">
     <span class='ocr_line' id='line_1_34' title="bbox 431 1955 2001 2026; baseline 0.003 -18"><span class='ocrx_word' id='word_1_231' title='bbox 431 1972 544 2020; x_wconf 86' lang='grc' dir='ltr'><strong>ται,</strong></span> <span class='ocrx_word' id='word_1_232' title='bbox 564 1957 720 2026; x_wconf 83' lang='grc' dir='ltr'><strong>φησὶ,</strong></span> <span class='ocrx_word' id='word_1_233' title='bbox 751 1956 925 2009; x_wconf 77' lang='grc' dir='ltr'><strong>ταῦτα</strong></span> <span class='ocrx_word' id='word_1_234' title='bbox 950 1955 1207 2024; x_wconf 82' lang='grc' dir='ltr'><strong>γενέσθαι</strong></span> <span class='ocrx_word' id='word_1_235' title='bbox 1230 1973 1244 2021; x_wconf 90' lang='lat'><strong>;</strong></span> <span class='ocrx_word' id='word_1_236' title='bbox 1278 1957 1401 2010; x_wconf 76' lang='grc' dir='ltr'><strong>ἐπεὶ</strong></span> <span class='ocrx_word' id='word_1_237' title='bbox 1423 1956 1518 2010; x_wconf 66' lang='grc' dir='ltr'><strong>καὶ¹</strong></span> <span class='ocrx_word' id='word_1_238' title='bbox 1547 1959 1745 2011; x_wconf 78' lang='grc' dir='ltr'><strong>ἐκεῖνοι</strong></span> <span class='ocrx_word' id='word_1_239' title='bbox 1762 1957 2001 2026; x_wconf 79' lang='grc' dir='ltr'><strong>λέγουσι,</strong></span> 
     </span>
    </p>
   </div>
   <div class='ocr_carea' id='block_1_35' title="bbox 439 2047 2005 2123">
    <p class='ocr_par' dir='ltr' id='par_1_35' title="bbox 439 2047 2005 2123">
     <span class='ocr_line' id='line_1_35' title="bbox 439 2047 2005 2123; baseline 0.001 -20"><span class='ocrx_word' id='word_1_240' title='bbox 439 2049 539 2116; x_wconf 78' lang='grc' dir='ltr'><strong>Τίς</strong></span> <span class='ocrx_word' id='word_1_241' title='bbox 570 2047 823 2104; x_wconf 79' lang='grc' dir='ltr'><strong>δύναται</strong></span> <span class='ocrx_word' id='word_1_242' title='bbox 856 2048 1123 2120; x_wconf 82' lang='grc' dir='ltr'><strong>σωθῆναι</strong></span> <span class='ocrx_word' id='word_1_243' title='bbox 1138 2068 1158 2118; x_wconf 88' lang='grc'><strong><em>;</em></strong></span> <span class='ocrx_word' id='word_1_244' title='bbox 1186 2049 1346 2105; x_wconf 81' lang='grc' dir='ltr'><strong>τοῦτο</strong></span> <span class='ocrx_word' id='word_1_245' title='bbox 1365 2050 1654 2123; x_wconf 81' lang='grc' dir='ltr'><strong>γεγένηται</strong></span> <span class='ocrx_word' id='word_1_246' title='bbox 1671 2051 1761 2105; x_wconf 83' lang='grc' dir='ltr'><strong>ἵνα</strong></span> <span class='ocrx_word' id='word_1_247' title='bbox 1781 2051 2005 2105; x_wconf 88' lang='grc' dir='ltr'><strong>πιστεύ-</strong></span> 
     </span>
    </p>
   </div>
   <div class='ocr_carea' id='block_1_36' title="bbox 434 2136 2003 2213">
    <p class='ocr_par' dir='ltr' id='par_1_36' title="bbox 434 2136 2003 2213">
     <span class='ocr_line' id='line_1_36' title="bbox 434 2136 2003 2213; baseline 0.001 -20"><span class='ocrx_word' id='word_1_248' title='bbox 434 2156 505 2210; x_wconf 84' lang='grc' dir='ltr'><strong>σῃ</strong></span> <span class='ocrx_word' id='word_1_249' title='bbox 537 2139 617 2210; x_wconf 85' lang='grc' dir='ltr'><strong>τῷ</strong></span> <span class='ocrx_word' id='word_1_250' title='bbox 640 2140 924 2213; x_wconf 77' lang='grc' dir='ltr'><strong>ἐρχομένῳ</strong></span> <span class='ocrx_word' id='word_1_251' title='bbox 944 2157 957 2170; x_wconf 89' lang='grc'>·</span> <span class='ocrx_word' id='word_1_252' title='bbox 981 2142 1039 2195; x_wconf 79' lang='grc' dir='ltr'><strong>ὲν</strong></span> <span class='ocrx_word' id='word_1_253' title='bbox 1064 2141 1257 2212; x_wconf 78' lang='grc' dir='ltr'><strong>ὀνείρῳ</strong></span> <span class='ocrx_word' id='word_1_254' title='bbox 1278 2136 1406 2207; x_wconf 77' lang='grc' dir='ltr'><strong>εἶδε,</strong></span> <span class='ocrx_word' id='word_1_255' title='bbox 1431 2143 1808 2213; x_wconf 85' lang='grc' dir='ltr'><strong>προεμήνυσεν</strong></span> <span class='ocrx_word' id='word_1_256' title='bbox 1833 2141 2003 2213; x_wconf 78' lang='grc' dir='ltr'><strong>αύτῷ-</strong></span> 
     </span>
    </p>
   </div>
   <div class='ocr_carea' id='block_1_37' title="bbox 433 2229 2057 2303">
    <p class='ocr_par' dir='ltr' id='par_1_37' title="bbox 433 2229 2057 2303">
     <span class='ocr_line' id='line_1_37' title="bbox 433 2229 2057 2303; baseline 0.004 -21"><span class='ocrx_word' id='word_1_257' title='bbox 433 2229 821 2302; x_wconf 80' lang='grc' dir='ltr'><strong>προσεύχεται,</strong></span> <span class='ocrx_word' id='word_1_258' title='bbox 858 2233 1047 2302; x_wconf 69' lang='grc' dir='ltr'><strong>φησιν,</strong></span> <span class='ocrx_word' id='word_1_259' title='bbox 1078 2232 1153 2303; x_wconf 76' lang='grc' dir='ltr'><strong>μὴ</strong></span> <span class='ocrx_word' id='word_1_260' title='bbox 1195 2231 1385 2301; x_wconf 81' lang='grc' dir='ltr'><strong>φοϐοῦ.</strong></span> <span class='ocrx_word' id='word_1_261' title='bbox 1419 2232 1529 2286; x_wconf 72' lang='grc' dir='ltr'><strong>Καὶ</strong></span> <span class='ocrx_word' id='word_1_262' title='bbox 1550 2233 1677 2299; x_wconf 81' lang='grc' dir='ltr'><strong>μετ’</strong></span> <span class='ocrx_word' id='word_1_263' title='bbox 1709 2233 1904 2302; x_wconf 74' lang='grc' dir='ltr'><strong>ὀλίγα.</strong></span> <span class='ocrx_word' id='word_1_264' title='bbox 1938 2262 2009 2273; x_wconf 92' lang='grc'><strong>-</strong></span> <span class='ocrx_word' id='word_1_265' title='bbox 2050 2258 2057 2265; x_wconf 91' lang='grc'>·</span> 
     </span>
    </p>
   </div>
   <div class='ocr_carea' id='block_1_38' title="bbox 425 2319 2009 2395">
    <p class='ocr_par' dir='ltr' id='par_1_38' title="bbox 425 2319 2009 2395">
     <span class='ocr_line' id='line_1_38' title="bbox 425 2319 2009 2395; baseline 0.003 -20"><span class='ocrx_word' id='word_1_266' title='bbox 425 2319 589 2387; x_wconf 79' lang='grc' dir='ltr'><strong>Εἷδε,</strong></span> <span class='ocrx_word' id='word_1_267' title='bbox 621 2324 809 2395; x_wconf 72' lang='grc' dir='ltr'><strong>φησὶν,</strong></span> <span class='ocrx_word' id='word_1_268' title='bbox 839 2324 909 2377; x_wconf 81' lang='grc' dir='ltr'><strong>ἐν</strong></span> <span class='ocrx_word' id='word_1_269' title='bbox 928 2323 1173 2394; x_wconf 75' lang='grc' dir='ltr'><strong>ὁράματι</strong></span> <span class='ocrx_word' id='word_1_270' title='bbox 1200 2324 1391 2394; x_wconf 82' lang='grc' dir='ltr'>ἄνδρα</span> <span class='ocrx_word' id='word_1_271' title='bbox 1424 2326 1707 2380; x_wconf 79' lang='grc' dir='ltr'>Ἀνανίαν</span> <span class='ocrx_word' id='word_1_272' title='bbox 1729 2341 1743 2357; x_wconf 72' lang='grc'><strong><em>⁸</em></strong></span> <span class='ocrx_word' id='word_1_273' title='bbox 1762 2326 1853 2380; x_wconf 81' lang='grc' dir='ltr'><strong>διὰ</strong></span> <span class='ocrx_word' id='word_1_274' title='bbox 1885 2326 2009 2380; x_wconf 81' lang='grc' dir='ltr'><strong>τοῦ-</strong></span> 
     </span>
    </p>
   </div>
   <div class='ocr_carea' id='block_1_39' title="bbox 432 2413 2008 2489">
    <p class='ocr_par' dir='ltr' id='par_1_39' title="bbox 432 2413 2008 2489">
     <span class='ocr_line' id='line_1_39' title="bbox 432 2413 2008 2489; baseline 0.003 -21"><span class='ocrx_word' id='word_1_275' title='bbox 432 2432 496 2468; x_wconf 85' lang='grc' dir='ltr'><strong>το</strong></span> <span class='ocrx_word' id='word_1_276' title='bbox 525 2416 635 2486; x_wconf 80' lang='grc' dir='ltr'><strong>γὰρ</strong></span> <span class='ocrx_word' id='word_1_277' title='bbox 665 2418 724 2470; x_wconf 79' lang='grc' dir='ltr'><strong>ὲν</strong></span> <span class='ocrx_word' id='word_1_278' title='bbox 772 2418 1030 2488; x_wconf 85' lang='grc' dir='ltr'><strong>ὁράματι,</strong></span> <span class='ocrx_word' id='word_1_279' title='bbox 1061 2417 1250 2489; x_wconf 76' lang='grc' dir='ltr'><strong>ἐπειδὴ</strong></span> <span class='ocrx_word' id='word_1_280' title='bbox 1287 2416 1462 2489; x_wconf 79' lang='grc' dir='ltr'><strong>πηρδς</strong></span> <span class='ocrx_word' id='word_1_281' title='bbox 1496 2413 1566 2489; x_wconf 82' lang='grc' dir='ltr'><strong>ἦν</strong></span> <span class='ocrx_word' id='word_1_282' title='bbox 1587 2435 1602 2450; x_wconf 78' lang='grc' dir='ltr'><strong>ο</strong></span> <span class='ocrx_word' id='word_1_283' title='bbox 1638 2418 1734 2472; x_wconf 76' lang='grc' dir='ltr'>καὶ</span> <span class='ocrx_word' id='word_1_284' title='bbox 1762 2417 1884 2471; x_wconf 76' lang='grc' dir='ltr'><strong>οὐδὲ</strong></span> <span class='ocrx_word' id='word_1_285' title='bbox 1913 2416 2008 2472; x_wconf 80' lang='grc' dir='ltr'><strong>τοῦ</strong></span> 
     </span>
    </p>
   </div>
   <div class='ocr_carea' id='block_1_40' title="bbox 434 2501 2011 2581">
    <p class='ocr_par' dir='ltr' id='par_1_40' title="bbox 434 2501 2011 2581">
     <span class='ocr_line' id='line_1_40' title="bbox 434 2501 2011 2581; baseline 0.002 -21"><span class='ocrx_word' id='word_1_286' title='bbox 434 2506 716 2577; x_wconf 82' lang='grc' dir='ltr'><strong>θαύματος</strong></span> <span class='ocrx_word' id='word_1_287' title='bbox 744 2508 777 2576; x_wconf 83' lang='grc' dir='ltr'><strong>ἡ</strong></span> <span class='ocrx_word' id='word_1_288' title='bbox 811 2506 1086 2579; x_wconf 81' lang='grc' dir='ltr'><strong>ὑπερϐολὴ</strong></span> <span class='ocrx_word' id='word_1_289' title='bbox 1111 2501 1224 2561; x_wconf 81' lang='grc' dir='ltr'><strong>εἷλε</strong></span> <span class='ocrx_word' id='word_1_290' title='bbox 1255 2509 1347 2562; x_wconf 81' lang='grc' dir='ltr'><strong>τὸν</strong></span> <span class='ocrx_word' id='word_1_291' title='bbox 1381 2508 1653 2581; x_wconf 80' lang='grc' dir='ltr'><strong>μαθητὴν,</strong></span> <span class='ocrx_word' id='word_1_292' title='bbox 1689 2507 1863 2572; x_wconf 76' lang='grc' dir='ltr'><strong>οὕτως</strong></span> <span class='ocrx_word' id='word_1_293' title='bbox 1884 2511 2011 2579; x_wconf 82' lang='grc' dir='ltr'><strong>ὲφο-</strong></span> 
     </span>
    </p>
   </div>
   <div class='ocr_carea' id='block_1_41' title="bbox 437 2598 2013 2671">
    <p class='ocr_par' dir='ltr' id='par_1_41' title="bbox 437 2598 2013 2671">
     <span class='ocr_line' id='line_1_41' title="bbox 437 2598 2013 2671; baseline 0.001 -20"><span class='ocrx_word' id='word_1_294' title='bbox 437 2598 585 2669; x_wconf 85' lang='grc' dir='ltr'><strong>βεῖτο</strong></span> <span class='ocrx_word' id='word_1_295' title='bbox 611 2615 624 2630; x_wconf 72' lang='grc'><strong><em>⁸</em></strong></span> <span class='ocrx_word' id='word_1_296' title='bbox 652 2598 754 2671; x_wconf 85' lang='grc' dir='ltr'><strong>ὅρα</strong></span> <span class='ocrx_word' id='word_1_297' title='bbox 783 2598 862 2665; x_wconf 83' lang='grc' dir='ltr'><strong>δὲ,</strong></span> <span class='ocrx_word' id='word_1_298' title='bbox 904 2598 1116 2653; x_wconf 73' lang='grc' dir='ltr'><strong>Παῦλον</strong></span> <span class='ocrx_word' id='word_1_299' title='bbox 1139 2599 1339 2669; x_wconf 77' lang='grc' dir='ltr'><strong>τυφλὸν</strong></span> <span class='ocrx_word' id='word_1_300' title='bbox 1366 2598 1496 2653; x_wconf 75' lang='grc' dir='ltr'><strong>ὄντα</strong></span> <span class='ocrx_word' id='word_1_301' title='bbox 1518 2599 1817 2670; x_wconf 80' lang='grc' dir='ltr'><strong>ἀναϐλέψαι</strong></span> <span class='ocrx_word' id='word_1_302' title='bbox 1837 2599 2013 2665; x_wconf 79' lang='grc' dir='ltr'><strong>οὕτως</strong></span> 
     </span>
    </p>
   </div>
   <div class='ocr_carea' id='block_1_42' title="bbox 434 2688 791 2760">
    <p class='ocr_par' dir='ltr' id='par_1_42' title="bbox 434 2688 791 2760">
     <span class='ocr_line' id='line_1_42' title="bbox 434 2688 791 2760; baseline -0.003 -18"><span class='ocrx_word' id='word_1_303' title='bbox 434 2689 659 2760; x_wconf 77' lang='grc' dir='ltr'><strong>ἐποίησε</strong></span> <span class='ocrx_word' id='word_1_304' title='bbox 693 2688 791 2758; x_wconf 85' lang='lat'><strong>(7).</strong></span> 
     </span>
    </p>
   </div>
   <div class='ocr_carea' id='block_1_43' title="bbox 508 2801 2008 2875">
    <p class='ocr_par' dir='ltr' id='par_1_43' title="bbox 508 2801 2008 2875">
     <span class='ocr_line' id='line_1_43' title="bbox 508 2801 2008 2875; baseline -0.001 -18"><span class='ocrx_word' id='word_1_305' title='bbox 508 2804 674 2874; x_wconf 89' lang='grc' dir='ltr'><strong>Ὅρα,</strong></span> <span class='ocrx_word' id='word_1_306' title='bbox 734 2803 889 2872; x_wconf 79' lang='grc' dir='ltr'><strong>φησὶ,</strong></span> <span class='ocrx_word' id='word_1_307' title='bbox 946 2801 1053 2856; x_wconf 87' lang='grc' dir='ltr'><strong>τίνι</strong></span> <span class='ocrx_word' id='word_1_308' title='bbox 1104 2819 1172 2872; x_wconf 87' lang='grc' dir='ltr'><strong>με</strong></span> <span class='ocrx_word' id='word_1_309' title='bbox 1208 2801 1559 2873; x_wconf 71' lang='grc' dir='ltr'>παραδίδως*</span> <span class='ocrx_word' id='word_1_310' title='bbox 1610 2802 1884 2872; x_wconf 81' lang='grc' dir='ltr'><strong>φοϐοῦμαι</strong></span> <span class='ocrx_word' id='word_1_311' title='bbox 1933 2805 2008 2875; x_wconf 75' lang='grc' dir='ltr'><strong>μή</strong></span> 
     </span>
    </p>
   </div>
   <div class='ocr_carea' id='block_1_44' title="bbox 436 2893 2012 2964">
    <p class='ocr_par' dir='ltr' id='par_1_44' title="bbox 436 2893 2012 2964">
     <span class='ocr_line' id='line_1_44' title="bbox 436 2893 2012 2964; baseline 0 -17"><span class='ocrx_word' id='word_1_312' title='bbox 436 2894 570 2947; x_wconf 74' lang='grc' dir='ltr'><strong>ποτέ</strong></span> <span class='ocrx_word' id='word_1_313' title='bbox 629 2910 696 2964; x_wconf 83' lang='grc' dir='ltr'><strong>με</strong></span> <span class='ocrx_word' id='word_1_314' title='bbox 754 2895 837 2957; x_wconf 73' lang='grc' dir='ltr'><strong>εἰς</strong></span> <span class='ocrx_word' id='word_1_315' title='bbox 893 2893 1247 2964; x_wconf 81' lang='grc' dir='ltr'><strong>Ἰεροσόλυμα</strong></span> <span class='ocrx_word' id='word_1_316' title='bbox 1303 2893 1603 2964; x_wconf 79' lang='grc' dir='ltr'><strong>ἀπαγάγῃ·</strong></span> <span class='ocrx_word' id='word_1_317' title='bbox 1654 2894 1709 2947; x_wconf 89' lang='grc' dir='ltr'><strong>τί</strong></span> <span class='ocrx_word' id='word_1_318' title='bbox 1740 2910 1809 2963; x_wconf 89' lang='grc' dir='ltr'><strong>με</strong></span> <span class='ocrx_word' id='word_1_319' title='bbox 1843 2896 1925 2957; x_wconf 83' lang='grc' dir='ltr'><strong>είς</strong></span> <span class='ocrx_word' id='word_1_320' title='bbox 1951 2895 2012 2947; x_wconf 86' lang='grc' dir='ltr'><strong>τὸ</strong></span> 
     </span>
    </p>
   </div>
   <div class='ocr_carea' id='block_1_45' title="bbox 440 2983 2011 3057">
    <p class='ocr_par' dir='ltr' id='par_1_45' title="bbox 440 2983 2011 3057">
     <span class='ocr_line' id='line_1_45' title="bbox 440 2983 2011 3057; baseline -0.001 -17"><span class='ocrx_word' id='word_1_321' title='bbox 440 2986 615 3057; x_wconf 84' lang='grc' dir='ltr'><strong>στόμα</strong></span> <span class='ocrx_word' id='word_1_322' title='bbox 644 2984 940 3056; x_wconf 69' lang='grc' dir='ltr'><strong>ἐμϐάλλεις</strong></span> <span class='ocrx_word' id='word_1_323' title='bbox 983 2983 1077 3039; x_wconf 82' lang='grc' dir='ltr'><strong>τοῦ</strong></span> <span class='ocrx_word' id='word_1_324' title='bbox 1105 2985 1357 3049; x_wconf 84' lang='grc' dir='ltr'><strong>λέοντος;</strong></span> <span class='ocrx_word' id='word_1_325' title='bbox 1403 2985 1679 3051; x_wconf 78' lang='grc' dir='ltr'><strong>Φοϐεῖται,</strong></span> <span class='ocrx_word' id='word_1_326' title='bbox 1707 2986 1804 3038; x_wconf 73' lang='grc' dir='ltr'><strong>καὶ</strong></span> <span class='ocrx_word' id='word_1_327' title='bbox 1837 2984 2011 3039; x_wconf 78' lang='grc' dir='ltr'><strong>ταῦτα</strong></span> 
     </span>
    </p>
   </div>
   <div class='ocr_carea' id='block_1_46' title="bbox 436 3076 2009 3148">
    <p class='ocr_par' dir='ltr' id='par_1_46' title="bbox 436 3076 2009 3148">
     <span class='ocr_line' id='line_1_46' title="bbox 436 3076 2009 3148; baseline 0 -17"><span class='ocrx_word' id='word_1_328' title='bbox 436 3078 609 3148; x_wconf 84' lang='grc' dir='ltr'><strong>λέγει,</strong></span> <span class='ocrx_word' id='word_1_329' title='bbox 638 3078 726 3132; x_wconf 76' lang='grc' dir='ltr'>ἵνα</span> <span class='ocrx_word' id='word_1_330' title='bbox 759 3077 1023 3148; x_wconf 82' lang='grc' dir='ltr'><strong>μάθωμεν</strong></span> <span class='ocrx_word' id='word_1_331' title='bbox 1041 3077 1138 3148; x_wconf 79' lang='grc' dir='ltr'><strong>τὴν</strong></span> <span class='ocrx_word' id='word_1_332' title='bbox 1161 3077 1363 3148; x_wconf 81' lang='grc' dir='ltr'><strong>ἀρετὴν</strong></span> <span class='ocrx_word' id='word_1_333' title='bbox 1384 3077 1652 3133; x_wconf 81' lang='grc' dir='ltr'>πάντοθεν</span> <span class='ocrx_word' id='word_1_334' title='bbox 1675 3076 1770 3130; x_wconf 79' lang='grc' dir='ltr'><strong>τοῦ</strong></span> <span class='ocrx_word' id='word_1_335' title='bbox 1794 3077 2009 3148; x_wconf 76' lang='grc' dir='ltr'><strong>ἀνδρόςο</strong></span> 
     </span>
    </p>
   </div>
   <div class='ocr_carea' id='block_1_47' title="bbox 434 3168 2010 3242">
    <p class='ocr_par' dir='ltr' id='par_1_47' title="bbox 434 3168 2010 3242">
     <span class='ocr_line' id='line_1_47' title="bbox 434 3168 2010 3242; baseline 0.001 -19"><span class='ocrx_word' id='word_1_336' title='bbox 434 3170 498 3224; x_wconf 83' lang='grc' dir='ltr'><strong>τὸ</strong></span> <span class='ocrx_word' id='word_1_337' title='bbox 544 3170 644 3242; x_wconf 76' lang='grc' dir='ltr'><strong>μὲν</strong></span> <span class='ocrx_word' id='word_1_338' title='bbox 678 3169 787 3240; x_wconf 78' lang='grc' dir='ltr'><strong>γὰρ</strong></span> <span class='ocrx_word' id='word_1_339' title='bbox 819 3173 973 3242; x_wconf 68' lang='grc' dir='ltr'><strong>παρὰ</strong></span> <span class='ocrx_word' id='word_1_340' title='bbox 1024 3169 1301 3222; x_wconf 81' lang='grc' dir='ltr'>Ἰουδαίων</span> <span class='ocrx_word' id='word_1_341' title='bbox 1320 3168 1493 3223; x_wconf 76' lang='grc' dir='ltr'><strong>ταῦτα</strong></span> <span class='ocrx_word' id='word_1_342' title='bbox 1520 3169 2010 3241; x_wconf 78' lang='grc' dir='ltr'><strong>λέγεσθαιθαυμα-</strong></span> 
     </span>
    </p>
   </div>
   <div class='ocr_carea' id='block_1_48' title="bbox 438 3259 2012 3334">
    <p class='ocr_par' dir='ltr' id='par_1_48' title="bbox 438 3259 2012 3334">
     <span class='ocr_line' id='line_1_48' title="bbox 438 3259 2012 3334; baseline 0.001 -19"><span class='ocrx_word' id='word_1_343' title='bbox 438 3262 564 3315; x_wconf 83' lang='grc' dir='ltr'><strong>στδν</strong></span> <span class='ocrx_word' id='word_1_344' title='bbox 593 3261 780 3315; x_wconf 80' lang='grc' dir='ltr'><strong>οὐδέν’</strong></span> <span class='ocrx_word' id='word_1_345' title='bbox 813 3259 876 3314; x_wconf 84' lang='grc' dir='ltr'><strong>τό</strong></span> <span class='ocrx_word' id='word_1_346' title='bbox 908 3262 963 3315; x_wconf 87' lang='grc' dir='ltr'><strong>δὲ</strong></span> <span class='ocrx_word' id='word_1_347' title='bbox 991 3261 1088 3315; x_wconf 80' lang='grc' dir='ltr'>καὶ</span> <span class='ocrx_word' id='word_1_348' title='bbox 1123 3260 1349 3326; x_wconf 83' lang='grc' dir='ltr'>τούτους</span> <span class='ocrx_word' id='word_1_349' title='bbox 1386 3261 1532 3316; x_wconf 72' lang='grc' dir='ltr'><strong>οὕτω</strong></span> <span class='ocrx_word' id='word_1_350' title='bbox 1572 3262 1855 3331; x_wconf 84' lang='grc' dir='ltr'><strong>φοϐεῖσθαι</strong></span> <span class='ocrx_word' id='word_1_351' title='bbox 1915 3261 2012 3334; x_wconf 82' lang='grc' dir='ltr'><strong>μέ-</strong></span> 
     </span>
    </p>
   </div>
   <div class='ocr_carea' id='block_1_49' title="bbox 436 3355 2010 3428">
    <p class='ocr_par' dir='ltr' id='par_1_49' title="bbox 436 3355 2010 3428">
     <span class='ocr_line' id='line_1_49' title="bbox 436 3355 2010 3428; baseline 0.003 -21"><span class='ocrx_word' id='word_1_352' title='bbox 436 3370 622 3424; x_wconf 87' lang='grc' dir='ltr'><strong>γιστον</strong></span> <span class='ocrx_word' id='word_1_353' title='bbox 654 3356 956 3425; x_wconf 79' lang='grc' dir='ltr'><strong>τεκμήριον</strong></span> <span class='ocrx_word' id='word_1_354' title='bbox 983 3355 1083 3427; x_wconf 79' lang='grc' dir='ltr'><strong>τῆς</strong></span> <span class='ocrx_word' id='word_1_355' title='bbox 1100 3355 1196 3409; x_wconf 80' lang='grc' dir='ltr'><strong>τοῦ</strong></span> <span class='ocrx_word' id='word_1_356' title='bbox 1219 3356 1354 3410; x_wconf 79' lang='grc' dir='ltr'><strong>Θεοῦ</strong></span> <span class='ocrx_word' id='word_1_357' title='bbox 1385 3356 1670 3428; x_wconf 84' lang='grc' dir='ltr'><strong>δυνάμεως</strong></span> <span class='ocrx_word' id='word_1_358' title='bbox 1699 3356 1975 3411; x_wconf 78' lang='grc' dir='ltr'><strong>δείκνυται</strong></span> <span class='ocrx_word' id='word_1_359' title='bbox 1996 3373 2010 3388; x_wconf 90' lang='grc'><strong>·</strong></span> 
     </span>
    </p>
   </div>
   <div class='ocr_carea' id='block_1_50' title="bbox 438 3443 2015 3517">
    <p class='ocr_par' dir='ltr' id='par_1_50' title="bbox 438 3443 2015 3517">
     <span class='ocr_line' id='line_1_50' title="bbox 438 3443 2015 3517; baseline 0.003 -20"><span class='ocrx_word' id='word_1_360' title='bbox 438 3445 535 3498; x_wconf 78' lang='grc' dir='ltr'><strong>καὶ</strong></span> <span class='ocrx_word' id='word_1_361' title='bbox 560 3444 725 3514; x_wconf 85' lang='grc' dir='ltr'><strong>φόϐος</strong></span> <span class='ocrx_word' id='word_1_362' title='bbox 754 3443 1065 3510; x_wconf 78' lang='grc' dir='ltr'><strong>δείκνυται,</strong></span> <span class='ocrx_word' id='word_1_363' title='bbox 1112 3446 1209 3497; x_wconf 82' lang='grc' dir='ltr'><strong>καὶ</strong></span> <span class='ocrx_word' id='word_1_364' title='bbox 1240 3445 1459 3516; x_wconf 82' lang='grc' dir='ltr'>ὑπακοὴ</span> <span class='ocrx_word' id='word_1_365' title='bbox 1501 3445 1704 3517; x_wconf 80' lang='grc' dir='ltr'><strong>μείζων</strong></span> <span class='ocrx_word' id='word_1_366' title='bbox 1748 3447 1888 3517; x_wconf 81' lang='grc' dir='ltr'><strong>μετὰ</strong></span> <span class='ocrx_word' id='word_1_367' title='bbox 1922 3447 2015 3501; x_wconf 80' lang='grc' dir='ltr'><strong>τὸν</strong></span> 
     </span>
    </p>
   </div>
   <div class='ocr_carea' id='block_1_51' title="bbox 438 3533 1413 3607">
    <p class='ocr_par' dir='ltr' id='par_1_51' title="bbox 438 3533 1413 3607">
     <span class='ocr_line' id='line_1_51' title="bbox 438 3533 1413 3607; baseline 0.002 -20"><span class='ocrx_word' id='word_1_368' title='bbox 438 3533 603 3603; x_wconf 85' lang='grc' dir='ltr'><strong>φόϐον</strong></span> <span class='ocrx_word' id='word_1_369' title='bbox 623 3550 639 3565; x_wconf 90' lang='grc'><strong>·</strong></span> <span class='ocrx_word' id='word_1_370' title='bbox 685 3534 857 3598; x_wconf 78' lang='grc' dir='ltr'><strong>ὅντως</strong></span> <span class='ocrx_word' id='word_1_371' title='bbox 888 3535 998 3606; x_wconf 83' lang='grc' dir='ltr'><strong>γὰρ</strong></span> <span class='ocrx_word' id='word_1_372' title='bbox 1021 3534 1204 3605; x_wconf 78' lang='grc' dir='ltr'><strong>ἰσχύος</strong></span> <span class='ocrx_word' id='word_1_373' title='bbox 1231 3534 1413 3607; x_wconf 77' lang='grc' dir='ltr'><strong>χρεία.</strong></span> 
     </span>
    </p>
   </div>
   <div class='ocr_carea' id='block_1_52' title="bbox 515 3644 2016 3721">
    <p class='ocr_par' dir='ltr' id='par_1_52' title="bbox 515 3644 2016 3721">
     <span class='ocr_line' id='line_1_52' title="bbox 515 3644 2016 3721; baseline 0.002 -20"><span class='ocrx_word' id='word_1_374' title='bbox 515 3668 534 3701; x_wconf 84' lang='grc' dir='ltr'><strong>ι</strong></span> <span class='ocrx_word' id='word_1_375' title='bbox 562 3644 696 3703; x_wconf 83' lang='grc' dir='ltr'><strong>Εἴπε</strong></span> <span class='ocrx_word' id='word_1_376' title='bbox 712 3648 767 3703; x_wconf 82' lang='grc' dir='ltr'><strong>δὲ</strong></span> <span class='ocrx_word' id='word_1_377' title='bbox 781 3650 918 3721; x_wconf 84' lang='grc' dir='ltr'><strong>πρὸς</strong></span> <span class='ocrx_word' id='word_1_378' title='bbox 938 3648 1102 3703; x_wconf 78' lang='grc' dir='ltr'>αὐτὸν</span> <span class='ocrx_word' id='word_1_379' title='bbox 1126 3648 1156 3701; x_wconf 90' lang='grc' dir='ltr'><strong>ό</strong></span> <span class='ocrx_word' id='word_1_380' title='bbox 1172 3650 1378 3720; x_wconf 85' lang='grc' dir='ltr'><strong>Κύριος</strong></span> <span class='ocrx_word' id='word_1_381' title='bbox 1396 3664 1411 3679; x_wconf 73' lang='grc' dir='ltr'><strong>ο</strong></span> <span class='ocrx_word' id='word_1_382' title='bbox 1431 3648 1699 3720; x_wconf 83' lang='grc' dir='ltr'><strong>Πορεύου,</strong></span> <span class='ocrx_word' id='word_1_383' title='bbox 1716 3650 1801 3704; x_wconf 83' lang='grc' dir='ltr'><strong>δτι</strong></span> <span class='ocrx_word' id='word_1_384' title='bbox 1823 3651 2016 3714; x_wconf 78' lang='grc' dir='ltr'><strong>σκεῦος</strong></span> 
     </span>
    </p>
   </div>
   <div class='ocr_carea' id='block_1_53' title="bbox 439 3733 2005 3814">
    <p class='ocr_par' dir='ltr' id='par_1_53' title="bbox 439 3733 2005 3814">
     <span class='ocr_line' id='line_1_53' title="bbox 439 3733 2005 3814; baseline 0.001 -19"><span class='ocrx_word' id='word_1_385' title='bbox 439 3741 670 3813; x_wconf 69' lang='grc' dir='ltr'><strong>ἐκλογῆς</strong></span> <span class='ocrx_word' id='word_1_386' title='bbox 701 3740 818 3794; x_wconf 80' lang='grc' dir='ltr'><strong>ἐστί</strong></span> <span class='ocrx_word' id='word_1_387' title='bbox 850 3758 941 3811; x_wconf 87' lang='grc' dir='ltr'><strong>μοι</strong></span> <span class='ocrx_word' id='word_1_388' title='bbox 981 3733 1155 3803; x_wconf 75' lang='grc' dir='ltr'><strong>οὗτος,</strong></span> <span class='ocrx_word' id='word_1_389' title='bbox 1189 3739 1281 3794; x_wconf 81' lang='grc' dir='ltr'><strong>τοῦ</strong></span> <span class='ocrx_word' id='word_1_390' title='bbox 1311 3739 1579 3810; x_wconf 81' lang='grc' dir='ltr'><strong>βαστάσαι</strong></span> <span class='ocrx_word' id='word_1_391' title='bbox 1606 3741 1670 3795; x_wconf 81' lang='grc' dir='ltr'><strong>τδ</strong></span> <span class='ocrx_word' id='word_1_392' title='bbox 1692 3742 1868 3814; x_wconf 79' lang='grc' dir='ltr'><strong>δνομά</strong></span> <span class='ocrx_word' id='word_1_393' title='bbox 1903 3760 2005 3814; x_wconf 88' lang='grc' dir='ltr'><strong>μου</strong></span> 
     </span>
    </p>
   </div>
   <div class='ocr_carea' id='block_1_54' title="bbox 438 3832 2007 3906">
    <p class='ocr_par' dir='ltr' id='par_1_54' title="bbox 438 3832 2007 3906">
     <span class='ocr_line' id='line_1_54' title="bbox 438 3832 2007 3906; baseline -0.001 -18"><span class='ocrx_word' id='word_1_394' title='bbox 438 3832 674 3889; x_wconf 71' lang='grc' dir='ltr'><strong>ἐνώπιον</strong></span> <span class='ocrx_word' id='word_1_395' title='bbox 710 3832 881 3889; x_wconf 80' lang='grc' dir='ltr'>ἐθνῶν</span> <span class='ocrx_word' id='word_1_396' title='bbox 920 3851 980 3888; x_wconf 89' lang='grc' dir='ltr'><strong>τε</strong></span> <span class='ocrx_word' id='word_1_397' title='bbox 1017 3834 1109 3887; x_wconf 79' lang='grc' dir='ltr'><strong>καὶ</strong></span> <span class='ocrx_word' id='word_1_398' title='bbox 1139 3832 1425 3904; x_wconf 84' lang='grc' dir='ltr'><strong>βασιλέων,</strong></span> <span class='ocrx_word' id='word_1_399' title='bbox 1462 3832 1598 3888; x_wconf 78' lang='grc' dir='ltr'><strong>υἱῶν</strong></span> <span class='ocrx_word' id='word_1_400' title='bbox 1621 3851 1681 3889; x_wconf 81' lang='grc' dir='ltr'><strong>τε</strong></span> <span class='ocrx_word' id='word_1_401' title='bbox 1717 3834 1954 3906; x_wconf 85' lang='grc' dir='ltr'><strong>Ἰσραήλ.</strong></span> <span class='ocrx_word' id='word_1_402' title='bbox 1987 3852 2007 3887; x_wconf 78' lang='grc' dir='ltr'><strong>ι</strong></span> 
     </span>
    </p>
   </div>
   <div class='ocr_carea' id='block_1_55' title="bbox 516 4035 2013 4109">
    <p class='ocr_par' dir='ltr' id='par_1_55' title="bbox 516 4035 2013 4109">
     <span class='ocr_line' id='line_1_55' title="bbox 516 4035 2013 4109; baseline -0.001 -16"><span class='ocrx_word' id='word_1_403' title='bbox 612 4037 689 4109; x_wconf 89' lang='grc'><strong>(8)</strong></span> <span class='ocrx_word' id='word_1_404' title='bbox 751 4038 846 4091; x_wconf 87' lang='grc' dir='ltr'><strong>Ἐκ</strong></span> <span class='ocrx_word' id='word_1_405' title='bbox 902 4037 1227 4108; x_wconf 87' lang='grc' dir='ltr'><strong>περιουσίας</strong></span> <span class='ocrx_word' id='word_1_406' title='bbox 1266 4037 1359 4091; x_wconf 79' lang='grc' dir='ltr'><strong>τὸν</strong></span> <span class='ocrx_word' id='word_1_407' title='bbox 1418 4037 1584 4107; x_wconf 85' lang='grc' dir='ltr'><strong>φόϐον</strong></span> <span class='ocrx_word' id='word_1_408' title='bbox 1646 4035 1859 4103; x_wconf 77' lang='grc' dir='ltr'><strong>ἔλυσεν,</strong></span> <span class='ocrx_word' id='word_1_409' title='bbox 1895 4037 2013 4107; x_wconf 82' lang='grc' dir='ltr'><strong>είγε</strong></span> 
     </span>
    </p>
   </div>
   <div class='ocr_carea' id='block_1_56' title="bbox 445 4128 2013 4203">
    <p class='ocr_par' dir='ltr' id='par_1_56' title="bbox 445 4128 2013 4203">
     <span class='ocr_line' id='line_1_56' title="bbox 445 4128 2013 4203; baseline -0.001 -19"><span class='ocrx_word' id='word_1_410' title='bbox 445 4131 631 4203; x_wconf 81' lang='grc' dir='ltr'><strong>μέλλοι</strong></span> <span class='ocrx_word' id='word_1_411' title='bbox 666 4128 808 4184; x_wconf 79' lang='grc' dir='ltr'><strong>οὕτω</strong></span> <span class='ocrx_word' id='word_1_412' title='bbox 846 4128 1144 4201; x_wconf 83' lang='grc' dir='ltr'><strong>προθύμως</strong></span> <span class='ocrx_word' id='word_1_413' title='bbox 1171 4129 1241 4183; x_wconf 75' lang='grc' dir='ltr'><strong>τὰ</strong></span> <span class='ocrx_word' id='word_1_414' title='bbox 1261 4129 1507 4201; x_wconf 79' lang='grc' dir='ltr'><strong>ἡμέτερα</strong></span> <span class='ocrx_word' id='word_1_415' title='bbox 1532 4132 1775 4201; x_wconf 87' lang='grc' dir='ltr'><strong>φρονεῖν,</strong></span> <span class='ocrx_word' id='word_1_416' title='bbox 1812 4129 1890 4193; x_wconf 82' lang='grc' dir='ltr'>ὡς</span> <span class='ocrx_word' id='word_1_417' title='bbox 1918 4129 2013 4184; x_wconf 59' lang='grc' dir='ltr'><strong>καὶ⁸</strong></span> 
     </span>
    </p>
   </div>
   <div class='ocr_carea' id='block_1_57' title="bbox 443 4219 2010 4291">
    <p class='ocr_par' dir='ltr' id='par_1_57' title="bbox 443 4219 2010 4291">
     <span class='ocr_line' id='line_1_57' title="bbox 443 4219 2010 4291; baseline -0.001 -15"><span class='ocrx_word' id='word_1_418' title='bbox 443 4221 617 4276; x_wconf 77' lang='grc' dir='ltr'><strong>πολλὰ</strong></span> <span class='ocrx_word' id='word_1_419' title='bbox 650 4220 902 4291; x_wconf 83' lang='grc' dir='ltr'><strong>πάσχειν.</strong></span> <span class='ocrx_word' id='word_1_420' title='bbox 940 4221 1168 4287; x_wconf 83' lang='grc' dir='ltr'><strong>Σκεῦος</strong></span> <span class='ocrx_word' id='word_1_421' title='bbox 1202 4221 1260 4274; x_wconf 80' lang='grc' dir='ltr'><strong>δὲ</strong></span> <span class='ocrx_word' id='word_1_422' title='bbox 1317 4221 1566 4275; x_wconf 85' lang='grc' dir='ltr'><strong>καλεῖται</strong></span> <span class='ocrx_word' id='word_1_423' title='bbox 1616 4219 1862 4286; x_wconf 87' lang='grc' dir='ltr'>δικαίως,</span> <span class='ocrx_word' id='word_1_424' title='bbox 1895 4221 2010 4275; x_wconf 86' lang='grc' dir='ltr'><strong>δει-</strong></span> 
     </span>
    </p>
   </div>
   <div class='ocr_carea' id='block_1_58' title="bbox 442 4313 2015 4387">
    <p class='ocr_par' dir='ltr' id='par_1_58' title="bbox 442 4313 2015 4387">
     <span class='ocr_line' id='line_1_58' title="bbox 442 4313 2015 4387; baseline 0.001 -19"><span class='ocrx_word' id='word_1_425' title='bbox 442 4314 669 4377; x_wconf 81' lang='grc' dir='ltr'><strong>κνύντος</strong></span> <span class='ocrx_word' id='word_1_426' title='bbox 706 4313 801 4368; x_wconf 82' lang='grc' dir='ltr'><strong>τοῦ</strong></span> <span class='ocrx_word' id='word_1_427' title='bbox 849 4314 1009 4383; x_wconf 85' lang='grc' dir='ltr'><strong>λόγου</strong></span> <span class='ocrx_word' id='word_1_428' title='bbox 1062 4314 1137 4378; x_wconf 82' lang='grc' dir='ltr'><strong>ὡς</strong></span> <span class='ocrx_word' id='word_1_429' title='bbox 1192 4314 1293 4368; x_wconf 76' lang='grc' dir='ltr'><strong>οὐκ</strong></span> <span class='ocrx_word' id='word_1_430' title='bbox 1328 4314 1445 4368; x_wconf 77' lang='grc' dir='ltr'><strong>ἐστι</strong></span> <span class='ocrx_word' id='word_1_431' title='bbox 1484 4314 1688 4385; x_wconf 83' lang='grc' dir='ltr'><strong>φυσικὴ</strong></span> <span class='ocrx_word' id='word_1_432' title='bbox 1731 4315 1764 4387; x_wconf 72' lang='grc' dir='ltr'><strong>ἡ</strong></span> <span class='ocrx_word' id='word_1_433' title='bbox 1824 4313 2015 4369; x_wconf 80' lang='grc' dir='ltr'><strong>κακία.</strong></span> 
     </span>
    </p>
   </div>
   <div class='ocr_carea' id='block_1_59' title="bbox 442 4405 2015 4480">
    <p class='ocr_par' dir='ltr' id='par_1_59' title="bbox 442 4405 2015 4480">
     <span class='ocr_line' id='line_1_59' title="bbox 442 4405 2015 4480; baseline -0.001 -17"><span class='ocrx_word' id='word_1_434' title='bbox 442 4407 692 4475; x_wconf 75' lang='grc' dir='ltr'><strong>Σκεῦας,</strong></span> <span class='ocrx_word' id='word_1_435' title='bbox 720 4408 907 4479; x_wconf 74' lang='grc' dir='ltr'><strong>φησὶν,</strong></span> <span class='ocrx_word' id='word_1_436' title='bbox 941 4405 1199 4477; x_wconf 76' lang='grc' dir='ltr'><strong>ἐκλογῆς</strong></span> <span class='ocrx_word' id='word_1_437' title='bbox 1225 4424 1241 4439; x_wconf 78' lang='grc' dir='ltr'><strong>ο</strong></span> <span class='ocrx_word' id='word_1_438' title='bbox 1275 4407 1335 4461; x_wconf 80' lang='grc' dir='ltr'><strong>τὸ</strong></span> <span class='ocrx_word' id='word_1_439' title='bbox 1366 4408 1591 4479; x_wconf 80' lang='grc' dir='ltr'><strong>δόκιμον</strong></span> <span class='ocrx_word' id='word_1_440' title='bbox 1633 4408 1741 4480; x_wconf 79' lang='grc' dir='ltr'><strong>γὰρ</strong></span> <span class='ocrx_word' id='word_1_441' title='bbox 1791 4408 2015 4476; x_wconf 81' lang='grc' dir='ltr'><strong>ἐκλεγό-</strong></span> 
     </span>
    </p>
   </div>
   <div class='ocr_carea' id='block_1_60' title="bbox 444 4497 2017 4571">
    <p class='ocr_par' dir='ltr' id='par_1_60' title="bbox 444 4497 2017 4571">
     <span class='ocr_line' id='line_1_60' title="bbox 444 4497 2017 4571; baseline 0 -20"><span class='ocrx_word' id='word_1_442' title='bbox 444 4498 605 4569; x_wconf 87' lang='grc' dir='ltr'><strong>μεθα.</strong></span> <span class='ocrx_word' id='word_1_443' title='bbox 641 4497 794 4568; x_wconf 81' lang='grc' dir='ltr'><strong>Μηδὲ</strong></span> <span class='ocrx_word' id='word_1_444' title='bbox 822 4497 1021 4571; x_wconf 83' lang='grc' dir='ltr'><strong>νομίσῃ</strong></span> <span class='ocrx_word' id='word_1_445' title='bbox 1057 4515 1143 4562; x_wconf 83' lang='grc' dir='ltr'><strong>τις</strong></span> <span class='ocrx_word' id='word_1_446' title='bbox 1174 4498 1258 4552; x_wconf 84' lang='grc' dir='ltr'><strong>ὅτι</strong></span> <span class='ocrx_word' id='word_1_447' title='bbox 1290 4499 1541 4553; x_wconf 82' lang='grc' dir='ltr'><strong>ἀπιστῶν</strong></span> <span class='ocrx_word' id='word_1_448' title='bbox 1568 4501 1682 4562; x_wconf 84' lang='grc' dir='ltr'><strong>τοῖς</strong></span> <span class='ocrx_word' id='word_1_449' title='bbox 1700 4498 2017 4568; x_wconf 74' lang='grc' dir='ltr'><strong>λεγομένοις</strong></span> 
     </span>
    </p>
   </div>
   <div class='ocr_carea' id='block_1_61' title="bbox 2106 1951 3681 2039">
    <p class='ocr_par' dir='ltr' id='par_1_61' title="bbox 2106 1951 3681 2039">
     <span class='ocr_line' id='line_1_61' title="bbox 2106 1951 3681 2039; baseline -0.015 -11"><span class='ocrx_word' id='word_1_450' title='bbox 2106 1973 2266 2028; x_wconf 86' lang='lat' dir='ltr'><strong>modo</strong></span> <span class='ocrx_word' id='word_1_451' title='bbox 2315 1977 2565 2039; x_wconf 87' lang='lat' dir='ltr'><strong>possunt,</strong></span> <span class='ocrx_word' id='word_1_452' title='bbox 2612 1966 2713 2030; x_wconf 88' lang='lat' dir='ltr'><strong>ait,</strong></span> <span class='ocrx_word' id='word_1_453' title='bbox 2759 1964 2861 2018; x_wconf 86' lang='lat' dir='ltr'><strong>ista</strong></span> <span class='ocrx_word' id='word_1_454' title='bbox 2911 1959 3072 2016; x_wconf 81' lang='lat' dir='ltr'><strong>esse?</strong></span> <span class='ocrx_word' id='word_1_455' title='bbox 3116 1966 3378 2027; x_wconf 88' lang='lat' dir='ltr'><strong>tanquam</strong></span> <span class='ocrx_word' id='word_1_456' title='bbox 3437 1967 3561 2009; x_wconf 84' lang='lat' dir='ltr'><strong>cum</strong></span> <span class='ocrx_word' id='word_1_457' title='bbox 3604 1951 3681 2005; x_wconf 88' lang='lat' dir='ltr'><strong>illi</strong></span> 
     </span>
    </p>
   </div>
   <div class='ocr_carea' id='block_1_62' title="bbox 2107 2044 3690 2129">
    <p class='ocr_par' dir='ltr' id='par_1_62' title="bbox 2107 2044 3690 2129">
     <span class='ocr_line' id='line_1_62' title="bbox 2107 2044 3690 2129; baseline -0.016 -8"><span class='ocrx_word' id='word_1_458' title='bbox 2107 2068 2291 2122; x_wconf 89' lang='lat' dir='ltr'><strong>dicunt</strong></span> <span class='ocrx_word' id='word_1_459' title='bbox 2324 2080 2340 2117; x_wconf 87' lang='lat'><strong>:</strong></span> <span class='ocrx_word' id='word_1_460' title='bbox 2374 2061 2507 2128; x_wconf 82' lang='lat' dir='ltr'><strong>Quis</strong></span> <span class='ocrx_word' id='word_1_461' title='bbox 2551 2066 2714 2129; x_wconf 78' lang='lat' dir='ltr'><strong>potest</strong></span> <span class='ocrx_word' id='word_1_462' title='bbox 2750 2055 2927 2110; x_wconf 76' lang='lat' dir='ltr'><strong>salvus</strong></span> <span class='ocrx_word' id='word_1_463' title='bbox 2968 2052 3125 2122; x_wconf 73' lang='lat' dir='ltr'><strong>ﬁeri?</strong></span> <span class='ocrx_word' id='word_1_464' title='bbox 3150 2048 3355 2104; x_wconf 75' lang='lat' dir='ltr'><strong>factum</strong></span> <span class='ocrx_word' id='word_1_465' title='bbox 3403 2054 3488 2100; x_wconf 89' lang='lat' dir='ltr'><strong>est</strong></span> <span class='ocrx_word' id='word_1_466' title='bbox 3535 2044 3590 2098; x_wconf 89' lang='lat' dir='ltr'><strong>id</strong></span> <span class='ocrx_word' id='word_1_467' title='bbox 3630 2052 3690 2096; x_wconf 89' lang='lat' dir='ltr'><strong>ut</strong></span> 
     </span>
    </p>
   </div>
   <div class='ocr_carea' id='block_1_63' title="bbox 2109 2132 3689 2210">
    <p class='ocr_par' dir='ltr' id='par_1_63' title="bbox 2109 2132 3689 2210">
     <span class='ocr_line' id='line_1_63' title="bbox 2109 2132 3689 2210; baseline -0.017 0"><span class='ocrx_word' id='word_1_468' title='bbox 2109 2154 2358 2210; x_wconf 85' lang='lat' dir='ltr'><strong>llduciam</strong></span> <span class='ocrx_word' id='word_1_469' title='bbox 2387 2151 2587 2205; x_wconf 89' lang='lat' dir='ltr'><strong>habeat</strong></span> <span class='ocrx_word' id='word_1_470' title='bbox 2610 2145 2848 2203; x_wconf 89' lang='lat' dir='ltr'><strong>venienti</strong></span> <span class='ocrx_word' id='word_1_471' title='bbox 2876 2161 2892 2198; x_wconf 87' lang='lat'><strong>:</strong></span> <span class='ocrx_word' id='word_1_472' title='bbox 2923 2143 2978 2197; x_wconf 94' lang='lat' dir='ltr'><strong>in</strong></span> <span class='ocrx_word' id='word_1_473' title='bbox 3007 2140 3215 2197; x_wconf 88' lang='lat' dir='ltr'><strong>somnis</strong></span> <span class='ocrx_word' id='word_1_474' title='bbox 3238 2135 3394 2200; x_wconf 89' lang='lat' dir='ltr'><strong>vidit,</strong></span> <span class='ocrx_word' id='word_1_475' title='bbox 3428 2132 3689 2189; x_wconf 88' lang='lat' dir='ltr'><strong>iudicavit</strong></span> 
     </span>
    </p>
   </div>
   <div class='ocr_carea' id='block_1_64' title="bbox 2108 2231 3688 2318">
    <p class='ocr_par' dir='ltr' id='par_1_64' title="bbox 2108 2231 3688 2318">
     <span class='ocr_line' id='line_1_64' title="bbox 2108 2231 3688 2318; baseline -0.019 -14"><span class='ocrx_word' id='word_1_476' title='bbox 2108 2249 2209 2318; x_wconf 88' lang='lat' dir='ltr'><strong>ipsi</strong></span> <span class='ocrx_word' id='word_1_477' title='bbox 2239 2264 2255 2301; x_wconf 90' lang='lat'><strong>:</strong></span> <span class='ocrx_word' id='word_1_478' title='bbox 2284 2253 2424 2309; x_wconf 88' lang='lat' dir='ltr'><strong>orat,</strong></span> <span class='ocrx_word' id='word_1_479' title='bbox 2470 2242 2666 2312; x_wconf 80' lang='lat' dir='ltr'><strong>inquit,</strong></span> <span class='ocrx_word' id='word_1_480' title='bbox 2716 2253 2785 2295; x_wconf 92' lang='lat' dir='ltr'><strong>ne</strong></span> <span class='ocrx_word' id='word_1_481' title='bbox 2818 2237 3031 2291; x_wconf 86' lang='lat' dir='ltr'><strong>timeas.</strong></span> <span class='ocrx_word' id='word_1_482' title='bbox 3084 2231 3152 2285; x_wconf 85' lang='lat' dir='ltr'><strong>Et</strong></span> <span class='ocrx_word' id='word_1_483' title='bbox 3208 2238 3326 2299; x_wconf 80' lang='lat' dir='ltr'><strong>post</strong></span> <span class='ocrx_word' id='word_1_484' title='bbox 3369 2239 3688 2318; x_wconf 33' lang='lat' dir='ltr'><strong>paucas——</strong></span> 
     </span>
    </p>
   </div>
   <div class='ocr_carea' id='block_1_65' title="bbox 2121 2311 3688 2402">
    <p class='ocr_par' dir='ltr' id='par_1_65' title="bbox 2121 2311 3688 2402">
     <span class='ocr_line' id='line_1_65' title="bbox 2121 2311 3688 2402; baseline -0.016 -11"><span class='ocrx_word' id='word_1_485' title='bbox 2121 2311 2287 2401; x_wconf 73' lang='lat' dir='ltr'><strong>l’idit,</strong></span> <span class='ocrx_word' id='word_1_486' title='bbox 2325 2311 2626 2402; x_wconf 72' lang='lat' dir='ltr'><strong>inquit,in</strong></span> <span class='ocrx_word' id='word_1_487' title='bbox 2668 2328 2866 2384; x_wconf 76' lang='lat' dir='ltr'><strong>visione</strong></span> <span class='ocrx_word' id='word_1_488' title='bbox 2913 2324 3179 2378; x_wconf 81' lang='lat' dir='ltr'><strong>hominem</strong></span> <span class='ocrx_word' id='word_1_489' title='bbox 3228 2317 3517 2372; x_wconf 76' lang='lat' dir='ltr'><strong>Anartium.</strong></span> <span class='ocrx_word' id='word_1_490' title='bbox 3560 2311 3688 2367; x_wconf 87' lang='lat' dir='ltr'><strong>Ideo</strong></span> 
     </span>
    </p>
   </div>
   <div class='ocr_carea' id='block_1_66' title="bbox 2109 2402 3687 2491">
    <p class='ocr_par' dir='ltr' id='par_1_66' title="bbox 2109 2402 3687 2491">
     <span class='ocr_line' id='line_1_66' title="bbox 2109 2402 3687 2491; baseline -0.018 -8"><span class='ocrx_word' id='word_1_491' title='bbox 2109 2425 2254 2483; x_wconf 88' lang='lat' dir='ltr'><strong>enim</strong></span> <span class='ocrx_word' id='word_1_492' title='bbox 2289 2425 2341 2479; x_wconf 92' lang='lat' dir='ltr'><strong>in</strong></span> <span class='ocrx_word' id='word_1_493' title='bbox 2376 2422 2605 2486; x_wconf 89' lang='lat' dir='ltr'><strong>visione,</strong></span> <span class='ocrx_word' id='word_1_494' title='bbox 2652 2418 2782 2491; x_wconf 86' lang='lat' dir='ltr'><strong>quia</strong></span> <span class='ocrx_word' id='word_1_495' title='bbox 2816 2430 2994 2473; x_wconf 61' lang='lat' dir='ltr'><strong>caecus</strong></span> <span class='ocrx_word' id='word_1_496' title='bbox 3023 2419 3181 2479; x_wconf 87' lang='lat' dir='ltr'><strong>erat;</strong></span> <span class='ocrx_word' id='word_1_497' title='bbox 3216 2424 3316 2464; x_wconf 89' lang='lat' dir='ltr'><strong>uec</strong></span> <span class='ocrx_word' id='word_1_498' title='bbox 3336 2403 3566 2478; x_wconf 75' lang='lat' dir='ltr'><strong>prodigii</strong></span> <span class='ocrx_word' id='word_1_499' title='bbox 3599 2402 3687 2457; x_wconf 86' lang='lat' dir='ltr'><strong>in-</strong></span> 
     </span>
    </p>
   </div>
   <div class='ocr_carea' id='block_1_67' title="bbox 2110 2498 3690 2584">
    <p class='ocr_par' dir='ltr' id='par_1_67' title="bbox 2110 2498 3690 2584">
     <span class='ocr_line' id='line_1_67' title="bbox 2110 2498 3690 2584; baseline -0.018 -10"><span class='ocrx_word' id='word_1_500' title='bbox 2110 2516 2326 2574; x_wconf 85' lang='lat' dir='ltr'><strong>solitum</strong></span> <span class='ocrx_word' id='word_1_501' title='bbox 2367 2512 2691 2584; x_wconf 83' lang='lat' dir='ltr'><strong>discipulum</strong></span> <span class='ocrx_word' id='word_1_502' title='bbox 2738 2507 2943 2577; x_wconf 83' lang='lat' dir='ltr'><strong>rapuit,</strong></span> <span class='ocrx_word' id='word_1_503' title='bbox 2991 2503 3086 2574; x_wconf 88' lang='lat' dir='ltr'><strong>qui</strong></span> <span class='ocrx_word' id='word_1_504' title='bbox 3138 2502 3218 2559; x_wconf 87' lang='lat' dir='ltr'><strong>sic</strong></span> <span class='ocrx_word' id='word_1_505' title='bbox 3254 2498 3524 2555; x_wconf 85' lang='lat' dir='ltr'><strong>timebat:</strong></span> <span class='ocrx_word' id='word_1_506' title='bbox 3559 2506 3690 2550; x_wconf 88' lang='lat' dir='ltr'><strong>ecce</strong></span> 
     </span>
    </p>
   </div>
   <div class='ocr_carea' id='block_1_68' title="bbox 2112 2586 3597 2667">
    <p class='ocr_par' dir='ltr' id='par_1_68' title="bbox 2112 2586 3597 2667">
     <span class='ocr_line' id='line_1_68' title="bbox 2112 2586 3597 2667; baseline -0.02 0"><span class='ocrx_word' id='word_1_507' title='bbox 2112 2617 2292 2667; x_wconf 87' lang='lat' dir='ltr'><strong>autem</strong></span> <span class='ocrx_word' id='word_1_508' title='bbox 2317 2606 2544 2663; x_wconf 86' lang='lat' dir='ltr'><strong>Paulum</strong></span> <span class='ocrx_word' id='word_1_509' title='bbox 2577 2617 2784 2659; x_wconf 66' lang='lat' dir='ltr'><strong>erecum</strong></span> <span class='ocrx_word' id='word_1_510' title='bbox 2808 2599 2984 2655; x_wconf 89' lang='lat' dir='ltr'><strong>visum</strong></span> <span class='ocrx_word' id='word_1_511' title='bbox 3013 2594 3260 2663; x_wconf 84' lang='lat' dir='ltr'><strong>recipere</strong></span> <span class='ocrx_word' id='word_1_512' title='bbox 3282 2590 3364 2647; x_wconf 84' lang='lat' dir='ltr'><strong>sic</strong></span> <span class='ocrx_word' id='word_1_513' title='bbox 3395 2586 3597 2644; x_wconf 77' lang='lat' dir='ltr'><strong>eﬂ‘ecit.</strong></span> 
     </span>
    </p>
   </div>
   <div class='ocr_carea' id='block_1_69' title="bbox 2184 2785 3687 2877">
    <p class='ocr_par' dir='ltr' id='par_1_69' title="bbox 2184 2785 3687 2877">
     <span class='ocr_line' id='line_1_69' title="bbox 2184 2785 3687 2877; baseline -0.02 -9"><span class='ocrx_word' id='word_1_514' title='bbox 2184 2811 2345 2877; x_wconf 87' lang='lat' dir='ltr'><strong>Ecce,</strong></span> <span class='ocrx_word' id='word_1_515' title='bbox 2379 2809 2479 2873; x_wconf 87' lang='lat' dir='ltr'><strong>ait,</strong></span> <span class='ocrx_word' id='word_1_516' title='bbox 2510 2806 2598 2863; x_wconf 92' lang='lat' dir='ltr'><strong>cui</strong></span> <span class='ocrx_word' id='word_1_517' title='bbox 2649 2818 2739 2860; x_wconf 91' lang='lat' dir='ltr'><strong>me</strong></span> <span class='ocrx_word' id='word_1_518' title='bbox 2774 2798 2977 2864; x_wconf 87' lang='lat' dir='ltr'><strong>tradis;</strong></span> <span class='ocrx_word' id='word_1_519' title='bbox 3008 2808 3201 2852; x_wconf 90' lang='lat' dir='ltr'><strong>vereor</strong></span> <span class='ocrx_word' id='word_1_520' title='bbox 3231 2805 3300 2846; x_wconf 89' lang='lat' dir='ltr'><strong>ne</strong></span> <span class='ocrx_word' id='word_1_521' title='bbox 3328 2788 3469 2844; x_wconf 77' lang='lat' dir='ltr'><strong>forte</strong></span> <span class='ocrx_word' id='word_1_522' title='bbox 3501 2800 3596 2877; x_wconf 17' lang='lat' dir='ltr'><strong>me;</strong></span> <span class='ocrx_word' id='word_1_523' title='bbox 3631 2785 3687 2839; x_wconf 90' lang='lat' dir='ltr'><strong>in</strong></span> 
     </span>
    </p>
   </div>
   <div class='ocr_carea' id='block_1_70' title="bbox 2111 2875 3693 2962">
    <p class='ocr_par' dir='ltr' id='par_1_70' title="bbox 2111 2875 3693 2962">
     <span class='ocr_line' id='line_1_70' title="bbox 2111 2875 3693 2962; baseline -0.021 0"><span class='ocrx_word' id='word_1_524' title='bbox 2111 2875 2414 2962; x_wconf 83' lang='lat' dir='ltr'><strong>Jerusalem</strong></span> <span class='ocrx_word' id='word_1_525' title='bbox 2450 2900 2669 2962; x_wconf 87' lang='lat' dir='ltr'><strong>trahat;</strong></span> <span class='ocrx_word' id='word_1_526' title='bbox 2708 2910 2806 2949; x_wconf 90' lang='lat' dir='ltr'><strong>cur</strong></span> <span class='ocrx_word' id='word_1_527' title='bbox 2836 2907 2921 2946; x_wconf 89' lang='lat' dir='ltr'><strong>me</strong></span> <span class='ocrx_word' id='word_1_528' title='bbox 2950 2890 3003 2945; x_wconf 92' lang='lat' dir='ltr'><strong>in</strong></span> <span class='ocrx_word' id='word_1_529' title='bbox 3030 2903 3092 2944; x_wconf 90' lang='lat' dir='ltr'><strong>os</strong></span> <span class='ocrx_word' id='word_1_530' title='bbox 3112 2884 3287 2941; x_wconf 91' lang='lat' dir='ltr'><strong>leonis</strong></span> <span class='ocrx_word' id='word_1_531' title='bbox 3314 2879 3530 2950; x_wconf 80' lang='lat' dir='ltr'><strong>injicis?</strong></span> <span class='ocrx_word' id='word_1_532' title='bbox 3558 2875 3693 2932; x_wconf 86' lang='lat' dir='ltr'><strong>For-</strong></span> 
     </span>
    </p>
   </div>
   <div class='ocr_carea' id='block_1_71' title="bbox 2113 2966 3689 3059">
    <p class='ocr_par' dir='ltr' id='par_1_71' title="bbox 2113 2966 3689 3059">
     <span class='ocr_line' id='line_1_71' title="bbox 2113 2966 3689 3059; baseline -0.019 -9"><span class='ocrx_word' id='word_1_533' title='bbox 2113 2995 2304 3059; x_wconf 89' lang='lat' dir='ltr'><strong>midat,</strong></span> <span class='ocrx_word' id='word_1_534' title='bbox 2349 3000 2405 3047; x_wconf 91' lang='lat' dir='ltr'><strong>et</strong></span> <span class='ocrx_word' id='word_1_535' title='bbox 2455 2992 2570 3044; x_wconf 61' lang='lat' dir='ltr'><strong>haec</strong></span> <span class='ocrx_word' id='word_1_536' title='bbox 2609 2986 2756 3041; x_wconf 82' lang='lat' dir='ltr'><strong>fatur</strong></span> <span class='ocrx_word' id='word_1_537' title='bbox 2796 2994 2855 3038; x_wconf 88' lang='lat' dir='ltr'><strong>ut</strong></span> <span class='ocrx_word' id='word_1_538' title='bbox 2903 2982 3182 3036; x_wconf 85' lang='lat' dir='ltr'><strong>discamus</strong></span> <span class='ocrx_word' id='word_1_539' title='bbox 3228 2970 3542 3029; x_wconf 88' lang='lat' dir='ltr'><strong>omnimodo</strong></span> <span class='ocrx_word' id='word_1_540' title='bbox 3585 2966 3689 3059; x_wconf 82' lang='lat' dir='ltr'><strong>viri</strong></span> 
     </span>
    </p>
   </div>
   <div class='ocr_carea' id='block_1_72' title="bbox 2111 3056 3692 3159">
    <p class='ocr_par' dir='ltr' id='par_1_72' title="bbox 2111 3056 3692 3159">
     <span class='ocr_line' id='line_1_72' title="bbox 2111 3056 3692 3159; baseline -0.017 -20"><span class='ocrx_word' id='word_1_541' title='bbox 2111 3056 2407 3149; x_wconf 81' lang='lat' dir='ltr'><strong>virtutem;</strong></span> <span class='ocrx_word' id='word_1_542' title='bbox 2452 3089 2692 3159; x_wconf 70' lang='lat' dir='ltr'><strong>pamque</strong></span> <span class='ocrx_word' id='word_1_543' title='bbox 2747 3089 2777 3127; x_wconf 89' lang='lat' dir='ltr'><strong>a</strong></span> <span class='ocrx_word' id='word_1_544' title='bbox 2821 3071 3024 3127; x_wconf 57' lang='lat' dir='ltr'><strong>Judais</strong></span> <span class='ocrx_word' id='word_1_545' title='bbox 3068 3069 3185 3123; x_wconf 69' lang='lat' dir='ltr'><strong>haec</strong></span> <span class='ocrx_word' id='word_1_546' title='bbox 3227 3064 3499 3126; x_wconf 85' lang='lat' dir='ltr'><strong>dicantur,</strong></span> <span class='ocrx_word' id='word_1_547' title='bbox 3552 3056 3692 3159; x_wconf 71' lang='lat' dir='ltr'><strong>nihil</strong></span> 
     </span>
    </p>
   </div>
   <div class='ocr_carea' id='block_1_73' title="bbox 2123 3149 3691 3243">
    <p class='ocr_par' dir='ltr' id='par_1_73' title="bbox 2123 3149 3691 3243">
     <span class='ocr_line' id='line_1_73' title="bbox 2123 3149 3691 3243; baseline -0.019 -12"><span class='ocrx_word' id='word_1_548' title='bbox 2123 3177 2358 3239; x_wconf 90' lang='lat' dir='ltr'><strong>mirum;</strong></span> <span class='ocrx_word' id='word_1_549' title='bbox 2389 3149 2530 3243; x_wconf 74' lang='lat' dir='ltr'><strong>quod</strong></span> <span class='ocrx_word' id='word_1_550' title='bbox 2576 3182 2704 3223; x_wconf 88' lang='lat' dir='ltr'><strong>vero</strong></span> <span class='ocrx_word' id='word_1_551' title='bbox 2732 3165 2807 3219; x_wconf 90' lang='lat' dir='ltr'><strong>illi</strong></span> <span class='ocrx_word' id='word_1_552' title='bbox 2856 3163 2933 3218; x_wconf 89' lang='lat' dir='ltr'><strong>sic</strong></span> <span class='ocrx_word' id='word_1_553' title='bbox 2978 3161 3227 3224; x_wconf 88' lang='lat' dir='ltr'><strong>timeant,</strong></span> <span class='ocrx_word' id='word_1_554' title='bbox 3275 3153 3570 3210; x_wconf 75' lang='lat' dir='ltr'><strong>niaximum</strong></span> <span class='ocrx_word' id='word_1_555' title='bbox 3611 3149 3691 3204; x_wconf 89' lang='lat' dir='ltr'><strong>si-</strong></span> 
     </span>
    </p>
   </div>
   <div class='ocr_carea' id='block_1_74' title="bbox 2118 3246 3694 3343">
    <p class='ocr_par' dir='ltr' id='par_1_74' title="bbox 2118 3246 3694 3343">
     <span class='ocr_line' id='line_1_74' title="bbox 2118 3246 3694 3343; baseline -0.02 -16"><span class='ocrx_word' id='word_1_556' title='bbox 2118 3286 2281 3343; x_wconf 83' lang='lat' dir='ltr'><strong>gnum</strong></span> <span class='ocrx_word' id='word_1_557' title='bbox 2316 3266 2555 3323; x_wconf 88' lang='lat' dir='ltr'><strong>ostendit</strong></span> <span class='ocrx_word' id='word_1_558' title='bbox 2600 3261 2696 3317; x_wconf 89' lang='lat' dir='ltr'><strong>Dei</strong></span> <span class='ocrx_word' id='word_1_559' title='bbox 2728 3257 2975 3323; x_wconf 89' lang='lat' dir='ltr'><strong>virtutis;</strong></span> <span class='ocrx_word' id='word_1_560' title='bbox 3005 3263 3060 3310; x_wconf 90' lang='lat' dir='ltr'><strong>et</strong></span> <span class='ocrx_word' id='word_1_561' title='bbox 3090 3254 3254 3309; x_wconf 90' lang='lat' dir='ltr'><strong>timor</strong></span> <span class='ocrx_word' id='word_1_562' title='bbox 3280 3246 3607 3343; x_wconf 79' lang='lat' dir='ltr'><strong>ostenditur,</strong></span> <span class='ocrx_word' id='word_1_563' title='bbox 3638 3250 3694 3297; x_wconf 91' lang='lat' dir='ltr'><strong>et</strong></span> 
     </span>
    </p>
   </div>
   <div class='ocr_carea' id='block_1_75' title="bbox 2117 3336 3694 3430">
    <p class='ocr_par' dir='ltr' id='par_1_75' title="bbox 2117 3336 3694 3430">
     <span class='ocr_line' id='line_1_75' title="bbox 2117 3336 3694 3430; baseline -0.018 -13"><span class='ocrx_word' id='word_1_564' title='bbox 2117 3336 2514 3430; x_wconf 71' lang='lat' dir='ltr'><strong>obtemperatio</strong></span> <span class='ocrx_word' id='word_1_565' title='bbox 2574 3354 2768 3410; x_wconf 91' lang='lat' dir='ltr'><strong>timore</strong></span> <span class='ocrx_word' id='word_1_566' title='bbox 2827 3347 3038 3419; x_wconf 80' lang='lat' dir='ltr'><strong>major;</strong></span> <span class='ocrx_word' id='word_1_567' title='bbox 3100 3359 3234 3401; x_wconf 89' lang='lat' dir='ltr'><strong>sane</strong></span> <span class='ocrx_word' id='word_1_568' title='bbox 3294 3341 3440 3396; x_wconf 88' lang='lat' dir='ltr'><strong>enim</strong></span> <span class='ocrx_word' id='word_1_569' title='bbox 3493 3336 3694 3391; x_wconf 86' lang='lat' dir='ltr'><strong>virtute</strong></span> 
     </span>
    </p>
   </div>
   <div class='ocr_carea' id='block_1_76' title="bbox 2116 3459 2413 3526">
    <p class='ocr_par' dir='ltr' id='par_1_76' title="bbox 2116 3459 2413 3526">
     <span class='ocr_line' id='line_1_76' title="bbox 2116 3459 2413 3526; baseline -0.013 -17"><span class='ocrx_word' id='word_1_570' title='bbox 2116 3468 2251 3526; x_wconf 87' lang='lat' dir='ltr'><strong>opus</strong></span> <span class='ocrx_word' id='word_1_571' title='bbox 2273 3459 2413 3509; x_wconf 89' lang='lat' dir='ltr'><strong>erat.</strong></span> 
     </span>
    </p>
   </div>
   <div class='ocr_carea' id='block_1_77' title="bbox 2190 3621 3694 3707">
    <p class='ocr_par' dir='ltr' id='par_1_77' title="bbox 2190 3621 3694 3707">
     <span class='ocr_line' id='line_1_77' title="bbox 2190 3621 3694 3707; baseline -0.021 0"><span class='ocrx_word' id='word_1_572' title='bbox 2190 3651 2358 3707; x_wconf 75' lang='lat' dir='ltr'><strong>Vens.</strong></span> <span class='ocrx_word' id='word_1_573' title='bbox 2389 3648 2478 3704; x_wconf 74' lang='grc'><strong>15.</strong></span> <span class='ocrx_word' id='word_1_574' title='bbox 2520 3665 2540 3699; x_wconf 85' lang='grc' dir='ltr'><strong>ι</strong></span> <span class='ocrx_word' id='word_1_575' title='bbox 2570 3645 2717 3700; x_wconf 77' lang='lat' dir='ltr'><strong>Dixit</strong></span> <span class='ocrx_word' id='word_1_576' title='bbox 2742 3651 2922 3696; x_wconf 88' lang='lat' dir='ltr'><strong>autem</strong></span> <span class='ocrx_word' id='word_1_577' title='bbox 2950 3636 3017 3693; x_wconf 89' lang='lat' dir='ltr'><strong>ad</strong></span> <span class='ocrx_word' id='word_1_578' title='bbox 3043 3649 3166 3691; x_wconf 89' lang='lat' dir='ltr'><strong>eum</strong></span> <span class='ocrx_word' id='word_1_579' title='bbox 3195 3630 3493 3688; x_wconf 88' lang='lat' dir='ltr'><strong>Dominus:</strong></span> <span class='ocrx_word' id='word_1_580' title='bbox 3521 3621 3694 3687; x_wconf 88' lang='lat' dir='ltr'><strong>Vade,</strong></span> 
     </span>
    </p>
   </div>
   <div class='ocr_carea' id='block_1_78' title="bbox 2116 3725 3692 3816">
    <p class='ocr_par' dir='ltr' id='par_1_78' title="bbox 2116 3725 3692 3816">
     <span class='ocr_line' id='line_1_78' title="bbox 2116 3725 3692 3816; baseline -0.022 -14"><span class='ocrx_word' id='word_1_581' title='bbox 2116 3744 2377 3816; x_wconf 85' lang='lat' dir='ltr'><strong>quoniam</strong></span> <span class='ocrx_word' id='word_1_582' title='bbox 2409 3754 2508 3795; x_wconf 91' lang='lat' dir='ltr'><strong>vas</strong></span> <span class='ocrx_word' id='word_1_583' title='bbox 2535 3734 2820 3795; x_wconf 88' lang='lat' dir='ltr'><strong>electionis</strong></span> <span class='ocrx_word' id='word_1_584' title='bbox 2854 3739 2940 3787; x_wconf 83' lang='lat' dir='ltr'><strong>est</strong></span> <span class='ocrx_word' id='word_1_585' title='bbox 2980 3727 3115 3783; x_wconf 91' lang='lat' dir='ltr'><strong>mihi</strong></span> <span class='ocrx_word' id='word_1_586' title='bbox 3150 3725 3360 3816; x_wconf 37' lang='lat' dir='ltr'><strong>istc‘ut</strong></span> <span class='ocrx_word' id='word_1_587' title='bbox 3387 3725 3692 3816; x_wconf 42' lang='lat' dir='ltr'><strong>portetnn&#39;o-</strong></span> 
     </span>
    </p>
   </div>
   <div class='ocr_carea' id='block_1_79' title="bbox 2115 3803 3694 3895">
    <p class='ocr_par' dir='ltr' id='par_1_79' title="bbox 2115 3803 3694 3895">
     <span class='ocr_line' id='line_1_79' title="bbox 2115 3803 3694 3895; baseline -0.022 -3"><span class='ocrx_word' id='word_1_588' title='bbox 2115 3803 2241 3892; x_wconf 74' lang='lat' dir='ltr'><strong>men</strong></span> <span class='ocrx_word' id='word_1_589' title='bbox 2300 3846 2481 3888; x_wconf 87' lang='lat' dir='ltr'><strong>meum</strong></span> <span class='ocrx_word' id='word_1_590' title='bbox 2544 3841 2732 3885; x_wconf 84' lang='lat' dir='ltr'><strong>coram</strong></span> <span class='ocrx_word' id='word_1_591' title='bbox 2775 3821 3026 3895; x_wconf 76' lang='lat' dir='ltr'><strong>gentibus</strong></span> <span class='ocrx_word' id='word_1_592' title='bbox 3082 3824 3137 3872; x_wconf 91' lang='lat' dir='ltr'><strong>et</strong></span> <span class='ocrx_word' id='word_1_593' title='bbox 3183 3811 3403 3884; x_wconf 76' lang='lat' dir='ltr'><strong>regibus</strong></span> <span class='ocrx_word' id='word_1_594' title='bbox 3469 3815 3526 3861; x_wconf 91' lang='lat' dir='ltr'><strong>et</strong></span> <span class='ocrx_word' id='word_1_595' title='bbox 3565 3803 3694 3859; x_wconf 89' lang='lat' dir='ltr'><strong>llliis</strong></span> 
     </span>
    </p>
   </div>
   <div class='ocr_carea' id='block_1_80' title="bbox 2116 3926 2364 3983">
    <p class='ocr_par' dir='ltr' id='par_1_80' title="bbox 2116 3926 2364 3983">
     <span class='ocr_line' id='line_1_80' title="bbox 2116 3926 2364 3983; baseline -0.02 0"><span class='ocrx_word' id='word_1_596' title='bbox 2116 3926 2303 3983; x_wconf 83' lang='lat' dir='ltr'><strong>Israel.</strong></span> <span class='ocrx_word' id='word_1_597' title='bbox 2344 3942 2364 3978; x_wconf 82' lang='grc'>›</span> 
     </span>
    </p>
   </div>
   <div class='ocr_carea' id='block_1_81' title="bbox 2188 4006 3695 4096">
    <p class='ocr_par' dir='ltr' id='par_1_81' title="bbox 2188 4006 3695 4096">
     <span class='ocr_line' id='line_1_81' title="bbox 2188 4006 3695 4096; baseline -0.025 0"><span class='ocrx_word' id='word_1_598' title='bbox 2188 4037 2540 4096; x_wconf 83' lang='lat' dir='ltr'><strong>Abundanter</strong></span> <span class='ocrx_word' id='word_1_599' title='bbox 2571 4031 2820 4086; x_wconf 90' lang='lat' dir='ltr'><strong>timorem</strong></span> <span class='ocrx_word' id='word_1_600' title='bbox 2847 4021 3110 4087; x_wconf 78' lang='lat' dir='ltr'><strong>excussit,</strong></span> <span class='ocrx_word' id='word_1_601' title='bbox 3151 4019 3195 4076; x_wconf 90' lang='lat' dir='ltr'><strong>si</strong></span> <span class='ocrx_word' id='word_1_602' title='bbox 3233 4025 3413 4071; x_wconf 89' lang='lat' dir='ltr'><strong>tamen</strong></span> <span class='ocrx_word' id='word_1_603' title='bbox 3440 4009 3522 4067; x_wconf 86' lang='lat' dir='ltr'><strong>sic</strong></span> <span class='ocrx_word' id='word_1_604' title='bbox 3549 4006 3695 4061; x_wconf 83' lang='lat' dir='ltr'><strong>futu-</strong></span> 
     </span>
    </p>
   </div>
   <div class='ocr_carea' id='block_1_82' title="bbox 2119 4097 3694 4200">
    <p class='ocr_par' dir='ltr' id='par_1_82' title="bbox 2119 4097 3694 4200">
     <span class='ocr_line' id='line_1_82' title="bbox 2119 4097 3694 4200; baseline -0.027 -8"><span class='ocrx_word' id='word_1_605' title='bbox 2119 4150 2215 4191; x_wconf 89' lang='lat' dir='ltr'><strong>rus</strong></span> <span class='ocrx_word' id='word_1_606' title='bbox 2242 4140 2328 4189; x_wconf 89' lang='lat' dir='ltr'><strong>est</strong></span> <span class='ocrx_word' id='word_1_607' title='bbox 2355 4128 2560 4200; x_wconf 90' lang='lat' dir='ltr'><strong>optime</strong></span> <span class='ocrx_word' id='word_1_608' title='bbox 2604 4122 2886 4178; x_wconf 88' lang='lat' dir='ltr'><strong>nobiscum</strong></span> <span class='ocrx_word' id='word_1_609' title='bbox 2930 4115 3194 4185; x_wconf 85' lang='lat' dir='ltr'><strong>cogitare,</strong></span> <span class='ocrx_word' id='word_1_610' title='bbox 3234 4108 3376 4163; x_wconf 84' lang='lat' dir='ltr'><strong>sicut</strong></span> <span class='ocrx_word' id='word_1_611' title='bbox 3419 4110 3475 4158; x_wconf 91' lang='lat' dir='ltr'><strong>et</strong></span> <span class='ocrx_word' id='word_1_612' title='bbox 3522 4097 3694 4154; x_wconf 88' lang='lat' dir='ltr'><strong>multa</strong></span> 
     </span>
    </p>
   </div>
   <div class='ocr_carea' id='block_1_83' title="bbox 2117 4200 3693 4302">
    <p class='ocr_par' dir='ltr' id='par_1_83' title="bbox 2117 4200 3693 4302">
     <span class='ocr_line' id='line_1_83' title="bbox 2117 4200 3693 4302; baseline -0.029 -16"><span class='ocrx_word' id='word_1_613' title='bbox 2117 4229 2252 4302; x_wconf 90' lang='lat' dir='ltr'><strong>pati.</strong></span> <span class='ocrx_word' id='word_1_614' title='bbox 2282 4225 2390 4281; x_wconf 80' lang='lat' dir='ltr'><strong>Vas</strong></span> <span class='ocrx_word' id='word_1_615' title='bbox 2425 4234 2559 4277; x_wconf 90' lang='lat' dir='ltr'><strong>vero</strong></span> <span class='ocrx_word' id='word_1_616' title='bbox 2602 4223 2752 4273; x_wconf 88' lang='lat' dir='ltr'><strong>recte</strong></span> <span class='ocrx_word' id='word_1_617' title='bbox 2785 4217 3032 4273; x_wconf 83' lang='lat' dir='ltr'><strong>vocatur,</strong></span> <span class='ocrx_word' id='word_1_618' title='bbox 3074 4200 3416 4302; x_wconf 40' lang='lat' dir='ltr'><strong>ostendente-</strong></span> <span class='ocrx_word' id='word_1_619' title='bbox 3438 4201 3693 4302; x_wconf 48' lang='lat' dir='ltr'><strong>sermone</strong></span> 
     </span>
    </p>
   </div>
   <div class='ocr_carea' id='block_1_84' title="bbox 2118 4279 3689 4391">
    <p class='ocr_par' dir='ltr' id='par_1_84' title="bbox 2118 4279 3689 4391">
     <span class='ocr_line' id='line_1_84' title="bbox 2118 4279 3689 4391; baseline -0.032 -14"><span class='ocrx_word' id='word_1_620' title='bbox 2283 4279 2391 4372; x_wconf 80' lang='lat' dir='ltr'><strong>non</strong></span> <span class='ocrx_word' id='word_1_621' title='bbox 2416 4320 2501 4368; x_wconf 82' lang='lat' dir='ltr'><strong>est</strong></span> <span class='ocrx_word' id='word_1_622' title='bbox 2539 4304 2803 4367; x_wconf 85' lang='lat' dir='ltr'><strong>naturalis</strong></span> <span class='ocrx_word' id='word_1_623' title='bbox 2829 4297 3055 4355; x_wconf 88' lang='lat' dir='ltr'><strong>malitia.</strong></span> <span class='ocrx_word' id='word_1_624' title='bbox 3071 4293 3222 4391; x_wconf 55' lang='lat' dir='ltr'><strong>“Vas,</strong></span> <span class='ocrx_word' id='word_1_625' title='bbox 3247 4284 3443 4354; x_wconf 87' lang='lat' dir='ltr'><strong>inquit,</strong></span> <span class='ocrx_word' id='word_1_626' title='bbox 3461 4279 3689 4391; x_wconf 41' lang='lat' dir='ltr'><strong>fleet-ip:</strong></span> 
     </span>
    </p>
   </div>
   <div class='ocr_carea' id='block_1_85' title="bbox 2118 4377 3687 4475">
    <p class='ocr_par' dir='ltr' id='par_1_85' title="bbox 2118 4377 3687 4475">
     <span class='ocr_line' id='line_1_85' title="bbox 2118 4377 3687 4475; baseline -0.031 -12"><span class='ocrx_word' id='word_1_627' title='bbox 2118 4377 2201 4463; x_wconf 62' lang='lat' dir='ltr'><strong>riis</strong></span> <span class='ocrx_word' id='word_1_628' title='bbox 2233 4419 2252 4459; x_wconf 90' lang='lat'><strong><em>:</em></strong></span> <span class='ocrx_word' id='word_1_629' title='bbox 2280 4403 2562 4475; x_wconf 87' lang='lat' dir='ltr'><strong>probatum</strong></span> <span class='ocrx_word' id='word_1_630' title='bbox 2594 4395 2737 4451; x_wconf 88' lang='lat' dir='ltr'><strong>enim</strong></span> <span class='ocrx_word' id='word_1_631' title='bbox 2772 4388 3040 4459; x_wconf 87' lang='lat' dir='ltr'><strong>eligimus.</strong></span> <span class='ocrx_word' id='word_1_632' title='bbox 3071 4380 3151 4435; x_wconf 82' lang='lat' dir='ltr'><strong>Ne</strong></span> <span class='ocrx_word' id='word_1_633' title='bbox 3177 4386 3358 4433; x_wconf 89' lang='lat' dir='ltr'><strong>autem</strong></span> <span class='ocrx_word' id='word_1_634' title='bbox 3385 4377 3541 4475; x_wconf 64' lang='lat' dir='ltr'><strong>putet</strong></span> 
     </span>
    </p>
   </div>
   <div class='ocr_carea' id='block_1_86' title="bbox 2119 4462 3707 4571">
    <p class='ocr_par' dir='ltr' id='par_1_86' title="bbox 2119 4462 3707 4571">
     <span class='ocr_line' id='line_1_86' title="bbox 2119 4462 3707 4571; baseline -0.026 -21"><span class='ocrx_word' id='word_1_635' title='bbox 2119 4500 2263 4571; x_wconf 87' lang='lat' dir='ltr'><strong>quod</strong></span> <span class='ocrx_word' id='word_1_636' title='bbox 2282 4462 2455 4553; x_wconf 50' lang='lat' dir='ltr'><strong>&#39;dictis</strong></span> <span class='ocrx_word' id='word_1_637' title='bbox 2487 4485 2796 4545; x_wconf 84' lang='lat' dir='ltr'><strong>incredulus</strong></span> <span class='ocrx_word' id='word_1_638' title='bbox 2823 4482 2937 4536; x_wconf 72' lang='lat' dir='ltr'><strong>haec</strong></span> <span class='ocrx_word' id='word_1_639' title='bbox 2963 4477 3236 4571; x_wconf 75' lang='lat' dir='ltr'><strong>loquatur,</strong></span> <span class='ocrx_word' id='word_1_640' title='bbox 3280 4481 3387 4571; x_wconf 80' lang='lat' dir='ltr'><strong>non</strong></span> <span class='ocrx_word' id='word_1_641' title='bbox 3412 4462 3691 4571; x_wconf 52' lang='lat' dir='ltr'><strong>Christum</strong></span> 
     </span>
    </p>
   </div>
   <div class='ocr_carea' id='block_1_87' title="bbox 437 4550 2008 4661">
    <p class='ocr_par' dir='ltr' id='par_1_87' title="bbox 437 4550 2008 4661">
     <span class='ocr_line' id='line_1_87' title="bbox 437 4550 2008 4661; baseline 0.002 -21"><span class='ocrx_word' id='word_1_642' title='bbox 437 4550 614 4643; x_wconf 45' lang='lat' dir='ltr'><strong>ea;</strong></span> <span class='ocrx_word' id='word_1_643' title='bbox 636 4550 838 4659; x_wconf 66' lang='grc' dir='ltr'><strong>φησιν,</strong></span> <span class='ocrx_word' id='word_1_644' title='bbox 854 4550 975 4643; x_wconf 48' lang='grc' dir='ltr'><strong>εδ.</strong></span> <span class='ocrx_word' id='word_1_645' title='bbox 993 4550 1324 4661; x_wconf 49' lang='lat' dir='ltr'><strong>‘hmkﬁaea;</strong></span> <span class='ocrx_word' id='word_1_646' title='bbox 1353 4550 1591 4660; x_wconf 51' lang='lat' dir='ltr'><strong>me...</strong></span> <span class='ocrx_word' id='word_1_647' title='bbox 1612 4550 1705 4645; x_wconf 43' lang='lat' dir='ltr'><strong>ait.</strong></span> <span class='ocrx_word' id='word_1_648' title='bbox 1723 4550 2008 4661; x_wconf 58' lang='grc' dir='ltr'><strong>Χριστόν;</strong></span> 
     </span>
    </p>
   </div>
   <div class='ocr_carea' id='block_1_88' title="bbox 2116 4550 3692 4661">
    <p class='ocr_par' dir='ltr' id='par_1_88' title="bbox 2118 4550 3692 4661">
     <span class='ocr_line' id='line_1_88' title="bbox 2118 4550 3692 4661; baseline -0.03 -12"><span class='ocrx_word' id='word_1_649' title='bbox 2118 4550 2640 4649; x_wconf 28' lang='lat' dir='ltr'><strong>Etllere‘arbitrans;</strong></span> <span class='ocrx_word' id='word_1_650' title='bbox 2669 4577 2811 4635; x_wconf 88' lang='lat' dir='ltr'><strong>absit</strong></span> <span class='ocrx_word' id='word_1_651' title='bbox 2846 4594 2862 4631; x_wconf 89' lang='lat'><strong>:</strong></span> <span class='ocrx_word' id='word_1_652' title='bbox 2897 4573 2993 4629; x_wconf 87' lang='lat' dir='ltr'><strong>sed</strong></span> <span class='ocrx_word' id='word_1_653' title='bbox 3020 4569 3218 4623; x_wconf 90' lang='lat' dir='ltr'><strong>timens</strong></span> <span class='ocrx_word' id='word_1_654' title='bbox 3249 4569 3304 4618; x_wconf 84' lang='lat' dir='ltr'><strong>et</strong></span> <span class='ocrx_word' id='word_1_655' title='bbox 3342 4566 3583 4661; x_wconf 48' lang='lat' dir='ltr'><strong>tremens</strong></span> <span class='ocrx_word' id='word_1_656' title='bbox 3611 4550 3692 4604; x_wconf 77' lang='lat' dir='ltr'><strong>di-</strong></span> 
     </span>
    </p>
   </div>
   <div class='ocr_carea' id='block_1_89' title="bbox 443 4679 2004 4753">
    <p class='ocr_par' dir='ltr' id='par_1_89' title="bbox 443 4679 2004 4753">
     <span class='ocr_line' id='line_1_89' title="bbox 443 4679 2004 4753; baseline 0.002 -21"><span class='ocrx_word' id='word_1_657' title='bbox 443 4680 518 4751; x_wconf 85' lang='grc' dir='ltr'><strong>μὴ</strong></span> <span class='ocrx_word' id='word_1_658' title='bbox 576 4680 823 4749; x_wconf 80' lang='grc' dir='ltr'><strong>γένοιτοο</strong></span> <span class='ocrx_word' id='word_1_659' title='bbox 888 4679 1028 4734; x_wconf 78' lang='grc' dir='ltr'><strong>ἀλλὰ</strong></span> <span class='ocrx_word' id='word_1_660' title='bbox 1091 4680 1430 4751; x_wconf 88' lang='grc' dir='ltr'><strong>φοϐούμενος</strong></span> <span class='ocrx_word' id='word_1_661' title='bbox 1478 4682 1575 4735; x_wconf 76' lang='grc' dir='ltr'>καὶ</span> <span class='ocrx_word' id='word_1_662' title='bbox 1603 4683 1849 4753; x_wconf 75' lang='grc' dir='ltr'><strong>τρέμων,</strong></span> <span class='ocrx_word' id='word_1_663' title='bbox 1879 4682 2004 4736; x_wconf 80' lang='grc' dir='ltr'><strong>οὐδὲ</strong></span> 
     </span>
    </p>
   </div>
   <div class='ocr_carea' id='block_1_90' title="bbox 439 4769 2007 4846">
    <p class='ocr_par' dir='ltr' id='par_1_90' title="bbox 439 4769 2007 4846">
     <span class='ocr_line' id='line_1_90' title="bbox 439 4769 2007 4846; baseline 0.003 -23"><span class='ocrx_word' id='word_1_664' title='bbox 439 4774 697 4842; x_wconf 83' lang='grc' dir='ltr'><strong>προσεῖχε</strong></span> <span class='ocrx_word' id='word_1_665' title='bbox 729 4774 842 4835; x_wconf 84' lang='grc' dir='ltr'><strong>τοῖς</strong></span> <span class='ocrx_word' id='word_1_666' title='bbox 871 4769 1205 4842; x_wconf 79' lang='grc' dir='ltr'><strong>λεγομένοις,</strong></span> <span class='ocrx_word' id='word_1_667' title='bbox 1234 4773 1473 4837; x_wconf 86' lang='grc' dir='ltr'><strong>ἀκούσας</strong></span> <span class='ocrx_word' id='word_1_668' title='bbox 1500 4777 1561 4827; x_wconf 85' lang='grc' dir='ltr'><strong>τὸ</strong></span> <span class='ocrx_word' id='word_1_669' title='bbox 1584 4777 1754 4846; x_wconf 85' lang='grc' dir='ltr'><strong>δνομα</strong></span> <span class='ocrx_word' id='word_1_670' title='bbox 1773 4775 2007 4828; x_wconf 89' lang='grc' dir='ltr'><strong>Παύλου.</strong></span> 
     </span>
    </p>
   </div>
   <div class='ocr_carea' id='block_1_91' title="bbox 451 4862 2013 4938">
    <p class='ocr_par' dir='ltr' id='par_1_91' title="bbox 451 4862 2013 4938">
     <span class='ocr_line' id='line_1_91' title="bbox 451 4862 2013 4938; baseline 0.001 -22"><span class='ocrx_word' id='word_1_671' title='bbox 451 4862 512 4916; x_wconf 79' lang='grc' dir='ltr'><strong>ἰ)</strong></span> <span class='ocrx_word' id='word_1_672' title='bbox 553 4863 788 4933; x_wconf 84' lang='grc' dir='ltr'><strong>διώκτης</strong></span> <span class='ocrx_word' id='word_1_673' title='bbox 831 4864 926 4917; x_wconf 79' lang='grc' dir='ltr'><strong>καὶ</strong></span> <span class='ocrx_word' id='word_1_674' title='bbox 975 4863 1298 4935; x_wconf 78' lang='grc' dir='ltr'><strong>βλάσφημος</strong></span> <span class='ocrx_word' id='word_1_675' title='bbox 1348 4867 1444 4920; x_wconf 67' lang='grc' dir='ltr'><strong>καὶ</strong></span> <span class='ocrx_word' id='word_1_676' title='bbox 1496 4865 1802 4938; x_wconf 79' lang='grc' dir='ltr'><strong>ὑϐριστὴς,</strong></span> <span class='ocrx_word' id='word_1_677' title='bbox 1835 4867 2013 4938; x_wconf 79' lang='grc' dir='ltr'><strong>κῆρυξ</strong></span> 
     </span>
    </p>
   </div>
   <div class='ocr_carea' id='block_1_92' title="bbox 440 4955 1330 5028">
    <p class='ocr_par' dir='ltr' id='par_1_92' title="bbox 440 4955 1330 5028">
     <span class='ocr_line' id='line_1_92' title="bbox 440 4955 1330 5028; baseline 0.003 -19"><span class='ocrx_word' id='word_1_678' title='bbox 440 4956 541 5026; x_wconf 75' lang='grc' dir='ltr'><strong>τῆς</strong></span> <span class='ocrx_word' id='word_1_679' title='bbox 571 4955 898 5028; x_wconf 80' lang='grc' dir='ltr'><strong>οἰκουμένης</strong></span> <span class='ocrx_word' id='word_1_680' title='bbox 922 4956 1330 5012; x_wconf 89' lang='grc' dir='ltr'><strong>ἀποδείκνυται.</strong></span> 
     </span>
    </p>
   </div>
   <div class='ocr_carea' id='block_1_93' title="bbox 518 5048 2009 5122">
    <p class='ocr_par' dir='ltr' id='par_1_93' title="bbox 518 5048 2009 5122">
     <span class='ocr_line' id='line_1_93' title="bbox 518 5048 2009 5122; baseline 0.002 -21"><span class='ocrx_word' id='word_1_681' title='bbox 518 5069 537 5101; x_wconf 83' lang='grc' dir='ltr'><strong>ι</strong></span> <span class='ocrx_word' id='word_1_682' title='bbox 581 5049 756 5102; x_wconf 78' lang='grc' dir='ltr'><strong>Σαοὺλ</strong></span> <span class='ocrx_word' id='word_1_683' title='bbox 780 5049 996 5118; x_wconf 82' lang='grc' dir='ltr'><strong>ἁδελφὲ,</strong></span> <span class='ocrx_word' id='word_1_684' title='bbox 1026 5051 1056 5103; x_wconf 82' lang='grc' dir='ltr'><strong>ὁ</strong></span> <span class='ocrx_word' id='word_1_685' title='bbox 1083 5048 1289 5120; x_wconf 84' lang='grc' dir='ltr'><strong>Κύριος</strong></span> <span class='ocrx_word' id='word_1_686' title='bbox 1320 5048 1631 5105; x_wconf 71' lang='grc' dir='ltr'><strong>ἀπέσταλκε</strong></span> <span class='ocrx_word' id='word_1_687' title='bbox 1661 5067 1731 5122; x_wconf 84' lang='grc' dir='ltr'><strong>με</strong></span> <span class='ocrx_word' id='word_1_688' title='bbox 1777 5050 2009 5121; x_wconf 82' lang='grc' dir='ltr'><strong>Ἰησοῦς,</strong></span> 
     </span>
    </p>
   </div>
   <div class='ocr_carea' id='block_1_94' title="bbox 444 5134 2005 5215">
    <p class='ocr_par' dir='ltr' id='par_1_94' title="bbox 444 5134 2005 5215">
     <span class='ocr_line' id='line_1_94' title="bbox 444 5134 2005 5215; baseline 0.003 -22"><span class='ocrx_word' id='word_1_689' title='bbox 444 5142 472 5194; x_wconf 87' lang='grc' dir='ltr'><strong>ό</strong></span> <span class='ocrx_word' id='word_1_690' title='bbox 505 5142 690 5211; x_wconf 82' lang='grc' dir='ltr'><strong>ὀφθείς</strong></span> <span class='ocrx_word' id='word_1_691' title='bbox 725 5159 805 5196; x_wconf 91' lang='grc' dir='ltr'><strong>σοι</strong></span> <span class='ocrx_word' id='word_1_692' title='bbox 836 5143 897 5195; x_wconf 83' lang='grc' dir='ltr'><strong>ὲν</strong></span> <span class='ocrx_word' id='word_1_693' title='bbox 946 5143 1014 5213; x_wconf 80' lang='grc' dir='ltr'><strong>τῇ</strong></span> <span class='ocrx_word' id='word_1_694' title='bbox 1066 5140 1172 5211; x_wconf 84' lang='grc' dir='ltr'><strong>ὁδῷ</strong></span> <span class='ocrx_word' id='word_1_695' title='bbox 1211 5134 1468 5215; x_wconf 72' lang='grc' dir='ltr'><strong>ᾖῆρχου,</strong></span> <span class='ocrx_word' id='word_1_696' title='bbox 1501 5143 1652 5207; x_wconf 86' lang='grc' dir='ltr'><strong>ὅπως</strong></span> <span class='ocrx_word' id='word_1_697' title='bbox 1690 5142 2005 5214; x_wconf 76' lang='grc' dir='ltr'><strong>ἀναϐλέψῃς</strong></span> 
     </span>
    </p>
   </div>
   <div class='ocr_carea' id='block_1_95' title="bbox 441 5234 1420 5308">
    <p class='ocr_par' dir='ltr' id='par_1_95' title="bbox 441 5234 1420 5308">
     <span class='ocr_line' id='line_1_95' title="bbox 441 5234 1420 5308; baseline -0.001 -18"><span class='ocrx_word' id='word_1_698' title='bbox 441 5236 538 5290; x_wconf 74' lang='grc' dir='ltr'>καὶ</span> <span class='ocrx_word' id='word_1_699' title='bbox 565 5235 811 5308; x_wconf 78' lang='grc' dir='ltr'><strong>πλησθῇς</strong></span> <span class='ocrx_word' id='word_1_700' title='bbox 835 5234 1151 5308; x_wconf 84' lang='grc' dir='ltr'><strong>Πνεύματος</strong></span> <span class='ocrx_word' id='word_1_701' title='bbox 1180 5235 1357 5305; x_wconf 85' lang='grc' dir='ltr'><strong>ἁγίου.</strong></span> <span class='ocrx_word' id='word_1_702' title='bbox 1402 5256 1420 5289; x_wconf 74' lang='grc' dir='ltr'><strong>ι</strong></span> 
     </span>
    </p>
   </div>
   <div class='ocr_carea' id='block_1_96' title="bbox 512 5326 2007 5401">
    <p class='ocr_par' dir='ltr' id='par_1_96' title="bbox 512 5326 2007 5401">
     <span class='ocr_line' id='line_1_96' title="bbox 512 5326 2007 5401; baseline 0.001 -20"><span class='ocrx_word' id='word_1_703' title='bbox 512 5328 625 5382; x_wconf 73' lang='grc' dir='ltr'><strong>Καὶ</strong></span> <span class='ocrx_word' id='word_1_704' title='bbox 649 5330 682 5400; x_wconf 82' lang='grc' dir='ltr'>ὴ</span> <span class='ocrx_word' id='word_1_705' title='bbox 713 5327 857 5392; x_wconf 87' lang='grc' dir='ltr'><strong>ίασις</strong></span> <span class='ocrx_word' id='word_1_706' title='bbox 882 5328 972 5382; x_wconf 80' lang='grc' dir='ltr'><strong>διὰ</strong></span> <span class='ocrx_word' id='word_1_707' title='bbox 986 5329 1084 5401; x_wconf 80' lang='grc' dir='ltr'><strong>τῆς</strong></span> <span class='ocrx_word' id='word_1_708' title='bbox 1098 5326 1206 5381; x_wconf 86' lang='grc' dir='ltr'><strong>τῶν</strong></span> <span class='ocrx_word' id='word_1_709' title='bbox 1222 5328 1424 5400; x_wconf 84' lang='grc' dir='ltr'><strong>χειρῶν</strong></span> <span class='ocrx_word' id='word_1_710' title='bbox 1450 5327 1748 5394; x_wconf 80' lang='grc' dir='ltr'><strong>ἐπιθέσεως</strong></span> <span class='ocrx_word' id='word_1_711' title='bbox 1776 5328 2007 5399; x_wconf 87' lang='grc' dir='ltr'><strong>γίνεται,</strong></span> 
     </span>
    </p>
   </div>
   <div class='ocr_carea' id='block_1_97' title="bbox 519 5480 1028 5555">
    <p class='ocr_par' dir='ltr' id='par_1_97' title="bbox 519 5480 1028 5555">
     <span class='ocr_line' id='line_1_97' title="bbox 519 5480 1028 5555; baseline 0.01 -20"><span class='ocrx_word' id='word_1_712' title='bbox 519 5488 547 5520; x_wconf 76' lang='grc'>³</span> <span class='ocrx_word' id='word_1_713' title='bbox 582 5480 772 5541; x_wconf 76' lang='grc' dir='ltr'><strong>Μοηιΐ.</strong></span> <span class='ocrx_word' id='word_1_714' title='bbox 799 5482 1028 5555; x_wconf 71' lang='grc' dir='ltr'><strong>ᾗδησαν.</strong></span> 
     </span>
    </p>
   </div>
   <div class='ocr_carea' id='block_1_98' title="bbox 447 5636 2009 5767">
    <p class='ocr_par' dir='ltr' id='par_1_98' title="bbox 447 5636 2009 5767">
     <span class='ocr_line' id='line_1_98' title="bbox 447 5636 2009 5767; baseline -0.031 -22"><span class='ocrx_word' id='word_1_715' title='bbox 447 5638 761 5767; x_wconf 44' lang='grc' dir='ltr'><strong>ιχίθξ</strong></span> <span class='ocrx_word' id='word_1_716' title='bbox 790 5638 955 5695; x_wconf 63' lang='lat' dir='ltr'><strong>cois&quot;</strong></span> <span class='ocrx_word' id='word_1_717' title='bbox 987 5638 1077 5694; x_wconf 66' lang='grc' dir='ltr'><strong>δίη</strong></span> <span class='ocrx_word' id='word_1_718' title='bbox 1107 5638 1517 5710; x_wconf 70' lang='lat' dir='ltr'><strong>Cl&quot;’i&#39;sostomo.</strong></span> <span class='ocrx_word' id='word_1_719' title='bbox 1546 5636 1631 5696; x_wconf 78' lang='lat' dir='ltr'><strong>Cf.</strong></span> <span class='ocrx_word' id='word_1_720' title='bbox 1651 5636 1788 5711; x_wconf 87' lang='lat' dir='ltr'><strong>Opp.</strong></span> <span class='ocrx_word' id='word_1_721' title='bbox 1816 5637 2009 5713; x_wconf 81' lang='lat' dir='ltr'><strong>Chrys.</strong></span> 
     </span>
    </p>
   </div>
   <div class='ocr_carea' id='block_1_99' title="bbox 518 5779 1355 5858">
    <p class='ocr_par' dir='ltr' id='par_1_99' title="bbox 518 5779 1355 5858">
     <span class='ocr_line' id='line_1_99' title="bbox 518 5779 1355 5858; baseline 0.004 -23"><span class='ocrx_word' id='word_1_722' title='bbox 518 5780 595 5851; x_wconf 83' lang='lat'><strong>(7)</strong></span> <span class='ocrx_word' id='word_1_723' title='bbox 630 5779 713 5834; x_wconf 75' lang='lat' dir='ltr'><strong>Cf.</strong></span> <span class='ocrx_word' id='word_1_724' title='bbox 747 5779 881 5850; x_wconf 76' lang='lat' dir='ltr'><strong>Opp.</strong></span> <span class='ocrx_word' id='word_1_725' title='bbox 913 5782 1103 5858; x_wconf 77' lang='lat' dir='ltr'><strong>Chrys.</strong></span> <span class='ocrx_word' id='word_1_726' title='bbox 1134 5779 1225 5836; x_wconf 74' lang='lat' dir='ltr'><strong>IX.</strong></span> <span class='ocrx_word' id='word_1_727' title='bbox 1256 5781 1355 5838; x_wconf 81' lang='grc'><strong>158</strong></span> 
     </span>
    </p>
   </div>
   <div class='ocr_carea' id='block_1_100' title="bbox 2119 4645 3693 4745">
    <p class='ocr_par' dir='ltr' id='par_1_100' title="bbox 2119 4645 3693 4745">
     <span class='ocr_line' id='line_1_100' title="bbox 2119 4645 3693 4745; baseline -0.031 -4"><span class='ocrx_word' id='word_1_728' title='bbox 2119 4645 2358 4741; x_wconf 65' lang='lat' dir='ltr'><strong>ctisnon</strong></span> <span class='ocrx_word' id='word_1_729' title='bbox 2383 4645 2798 4745; x_wconf 83' lang='lat' dir='ltr'><strong>obtemperavit,</strong></span> <span class='ocrx_word' id='word_1_730' title='bbox 2827 4663 2981 4722; x_wconf 86' lang='lat' dir='ltr'><strong>Pauli</strong></span> <span class='ocrx_word' id='word_1_731' title='bbox 3013 4656 3229 4717; x_wconf 91' lang='lat' dir='ltr'><strong>nomine</strong></span> <span class='ocrx_word' id='word_1_732' title='bbox 3252 4649 3459 4707; x_wconf 87' lang='lat' dir='ltr'><strong>audito.</strong></span> <span class='ocrx_word' id='word_1_733' title='bbox 3491 4645 3693 4745; x_wconf 72' lang='lat' dir='ltr'><strong>Perse-</strong></span> 
     </span>
    </p>
   </div>
   <div class='ocr_carea' id='block_1_101' title="bbox 2119 4732 3693 4837">
    <p class='ocr_par' dir='ltr' id='par_1_101' title="bbox 2119 4732 3693 4837">
     <span class='ocr_line' id='line_1_101' title="bbox 2119 4732 3693 4837; baseline -0.03 -6"><span class='ocrx_word' id='word_1_734' title='bbox 2382 4732 2728 4837; x_wconf 70' lang='lat' dir='ltr'><strong>blaspheutus</strong></span> <span class='ocrx_word' id='word_1_735' title='bbox 2767 4732 2822 4816; x_wconf 85' lang='lat' dir='ltr'><strong>et</strong></span> <span class='ocrx_word' id='word_1_736' title='bbox 2852 4748 3274 4814; x_wconf 85' lang='lat' dir='ltr'><strong>contumeliosus</strong></span> <span class='ocrx_word' id='word_1_737' title='bbox 3298 4784 3316 4812; x_wconf 91' lang='lat'><strong>,</strong></span> <span class='ocrx_word' id='word_1_738' title='bbox 3342 4749 3520 4812; x_wconf 62' lang='lat' dir='ltr'><strong>praeco</strong></span> <span class='ocrx_word' id='word_1_739' title='bbox 3544 4732 3693 4789; x_wconf 89' lang='lat' dir='ltr'><strong>orbis</strong></span> 
     </span>
    </p>
   </div>
   <div class='ocr_carea' id='block_1_102' title="bbox 2123 4864 2523 4922">
    <p class='ocr_par' dir='ltr' id='par_1_102' title="bbox 2123 4864 2523 4922">
     <span class='ocr_line' id='line_1_102' title="bbox 2123 4864 2523 4922; baseline -0.018 0"><span class='ocrx_word' id='word_1_740' title='bbox 2123 4864 2523 4922; x_wconf 81' lang='lat' dir='ltr'><strong>manifestatur.</strong></span> 
     </span>
    </p>
   </div>
   <div class='ocr_carea' id='block_1_103' title="bbox 2190 5014 3694 5104">
    <p class='ocr_par' dir='ltr' id='par_1_103' title="bbox 2190 5014 3694 5104">
     <span class='ocr_line' id='line_1_103' title="bbox 2190 5014 3694 5104; baseline -0.027 -1"><span class='ocrx_word' id='word_1_741' title='bbox 2190 5048 2355 5104; x_wconf 70' lang='lat' dir='ltr'><strong>Vens.</strong></span> <span class='ocrx_word' id='word_1_742' title='bbox 2415 5044 2503 5098; x_wconf 76' lang='lat' dir='ltr'><strong>i7.</strong></span> <span class='ocrx_word' id='word_1_743' title='bbox 2548 5037 2760 5095; x_wconf 69' lang='lat' dir='ltr'><strong>«Saule</strong></span> <span class='ocrx_word' id='word_1_744' title='bbox 2821 5035 3009 5098; x_wconf 79' lang='lat' dir='ltr'><strong>frater,</strong></span> <span class='ocrx_word' id='word_1_745' title='bbox 3082 5024 3341 5084; x_wconf 85' lang='lat' dir='ltr'><strong>Dominus</strong></span> <span class='ocrx_word' id='word_1_746' title='bbox 3396 5014 3546 5073; x_wconf 87' lang='lat' dir='ltr'><strong>misit</strong></span> <span class='ocrx_word' id='word_1_747' title='bbox 3582 5023 3694 5104; x_wconf 8' lang='lat' dir='ltr'><strong>gme</strong></span> 
     </span>
    </p>
   </div>
   <div class='ocr_carea' id='block_1_104' title="bbox 2120 5102 3692 5207">
    <p class='ocr_par' dir='ltr' id='par_1_104' title="bbox 2120 5102 3692 5207">
     <span class='ocr_line' id='line_1_104' title="bbox 2120 5102 3692 5207; baseline -0.027 -11"><span class='ocrx_word' id='word_1_748' title='bbox 2120 5102 2276 5197; x_wconf 75' lang='lat' dir='ltr'><strong>Iesus</strong></span> <span class='ocrx_word' id='word_1_749' title='bbox 2299 5136 2391 5207; x_wconf 92' lang='lat' dir='ltr'><strong>qui</strong></span> <span class='ocrx_word' id='word_1_750' title='bbox 2416 5132 2667 5204; x_wconf 85' lang='lat' dir='ltr'><strong>apparuit</strong></span> <span class='ocrx_word' id='word_1_751' title='bbox 2687 5128 2779 5183; x_wconf 91' lang='lat' dir='ltr'><strong>tibi</strong></span> <span class='ocrx_word' id='word_1_752' title='bbox 2812 5126 2866 5182; x_wconf 91' lang='lat' dir='ltr'><strong>in</strong></span> <span class='ocrx_word' id='word_1_753' title='bbox 2893 5125 2981 5179; x_wconf 86' lang='lat' dir='ltr'><strong>via</strong></span> <span class='ocrx_word' id='word_1_754' title='bbox 3005 5134 3112 5192; x_wconf 90' lang='lat' dir='ltr'><strong>qua</strong></span> <span class='ocrx_word' id='word_1_755' title='bbox 3132 5113 3389 5173; x_wconf 85' lang='lat' dir='ltr'><strong>veniebas</strong></span> <span class='ocrx_word' id='word_1_756' title='bbox 3419 5117 3477 5164; x_wconf 92' lang='lat' dir='ltr'><strong>ut</strong></span> <span class='ocrx_word' id='word_1_757' title='bbox 3507 5102 3692 5158; x_wconf 83' lang='lat' dir='ltr'><strong>videas</strong></span> 
     </span>
    </p>
   </div>
   <div class='ocr_carea' id='block_1_105' title="bbox 2123 5221 3030 5300">
    <p class='ocr_par' dir='ltr' id='par_1_105' title="bbox 2123 5221 3030 5300">
     <span class='ocr_line' id='line_1_105' title="bbox 2123 5221 3030 5300; baseline -0.029 -10"><span class='ocrx_word' id='word_1_758' title='bbox 2123 5243 2172 5290; x_wconf 84' lang='lat' dir='ltr'><strong>et</strong></span> <span class='ocrx_word' id='word_1_759' title='bbox 2201 5228 2479 5300; x_wconf 84' lang='lat' dir='ltr'><strong>implearis</strong></span> <span class='ocrx_word' id='word_1_760' title='bbox 2509 5221 2745 5293; x_wconf 86' lang='lat' dir='ltr'><strong>Spiritus</strong></span> <span class='ocrx_word' id='word_1_761' title='bbox 2771 5226 2979 5273; x_wconf 81' lang='lat' dir='ltr'><strong>sancto.</strong></span> <span class='ocrx_word' id='word_1_762' title='bbox 3009 5231 3030 5264; x_wconf 70' lang='grc' dir='ltr'><strong>ι</strong></span> 
     </span>
    </p>
   </div>
   <div class='ocr_carea' id='block_1_106' title="bbox 2191 5306 3690 5387">
    <p class='ocr_par' dir='ltr' id='par_1_106' title="bbox 2191 5306 3690 5387">
     <span class='ocr_line' id='line_1_106' title="bbox 2191 5306 3690 5387; baseline -0.011 -8"><span class='ocrx_word' id='word_1_763' title='bbox 2191 5324 2258 5379; x_wconf 85' lang='grc' dir='ltr'><strong>Ει</strong></span> <span class='ocrx_word' id='word_1_764' title='bbox 2296 5319 2507 5379; x_wconf 86' lang='lat' dir='ltr'><strong>sanatio</strong></span> <span class='ocrx_word' id='word_1_765' title='bbox 2540 5331 2639 5387; x_wconf 86' lang='lat' dir='ltr'><strong>per</strong></span> <span class='ocrx_word' id='word_1_766' title='bbox 2685 5328 2939 5369; x_wconf 88' lang='lat' dir='ltr'><strong>manuum</strong></span> <span class='ocrx_word' id='word_1_767' title='bbox 2982 5311 3383 5382; x_wconf 85' lang='lat' dir='ltr'><strong>impositiouem</strong></span> <span class='ocrx_word' id='word_1_768' title='bbox 3426 5307 3506 5372; x_wconf 86' lang='lat' dir='ltr'><strong>lit,</strong></span> <span class='ocrx_word' id='word_1_769' title='bbox 3538 5306 3690 5384; x_wconf 78' lang='lat' dir='ltr'><strong>quasi</strong></span> 
     </span>
    </p>
   </div>
   <div class='ocr_carea' id='block_1_107' title="bbox 2188 5636 3813 5709">
    <p class='ocr_par' dir='ltr' id='par_1_107' title="bbox 2188 5636 3813 5709">
     <span class='ocr_line' id='line_1_107' title="bbox 2188 5636 3813 5709; baseline -0.001 -14"><span class='ocrx_word' id='word_1_770' title='bbox 2188 5639 2265 5709; x_wconf 88' lang='lat'><strong>(8)</strong></span> <span class='ocrx_word' id='word_1_771' title='bbox 2297 5639 2428 5707; x_wconf 68' lang='lat' dir='ltr'><strong>Qum</strong></span> <span class='ocrx_word' id='word_1_772' title='bbox 2456 5640 2525 5695; x_wconf 88' lang='lat' dir='ltr'><strong>de</strong></span> <span class='ocrx_word' id='word_1_773' title='bbox 2575 5638 3052 5709; x_wconf 27' lang='lat' dir='ltr'><strong>catenaﬁCrameri</strong></span> <span class='ocrx_word' id='word_1_774' title='bbox 3083 5638 3168 5694; x_wconf 90' lang='lat' dir='ltr'><strong>hic</strong></span> <span class='ocrx_word' id='word_1_775' title='bbox 3218 5650 3527 5696; x_wconf 85' lang='lat' dir='ltr'><strong>resccamus</strong></span> <span class='ocrx_word' id='word_1_776' title='bbox 3570 5636 3685 5709; x_wconf 81' lang='lat' dir='ltr'><strong>iege</strong></span> <span class='ocrx_word' id='word_1_777' title='bbox 3802 5650 3813 5662; x_wconf 85' lang='lat'><strong>&#39;</strong></span> 
     </span>
    </p>
   </div>
   <div class='ocr_carea' id='block_1_108' title="bbox 2117 5707 3005 5783">
    <p class='ocr_par' dir='ltr' id='par_1_108' title="bbox 2117 5707 3005 5783">
     <span class='ocr_line' id='line_1_108' title="bbox 2117 5707 3005 5783; baseline -0.005 -15"><span class='ocrx_word' id='word_1_778' title='bbox 2117 5707 2255 5768; x_wconf 84' lang='lat' dir='ltr'><strong>inter</strong></span> <span class='ocrx_word' id='word_1_779' title='bbox 2289 5717 2422 5783; x_wconf 78' lang='lat' dir='ltr'><strong>Opp.</strong></span> <span class='ocrx_word' id='word_1_780' title='bbox 2449 5710 2732 5782; x_wconf 85' lang='lat' dir='ltr'><strong>Chrysost.</strong></span> <span class='ocrx_word' id='word_1_781' title='bbox 2757 5708 2850 5777; x_wconf 73' lang='lat' dir='ltr'><strong>IX,</strong></span> <span class='ocrx_word' id='word_1_782' title='bbox 2885 5707 3005 5764; x_wconf 76' lang='grc'><strong>158.</strong></span> 
     </span>
    </p>
   </div>
  </div>
