4064 6394
486 292 624 362 1535

1551 346 1571 369 .
1642 307 1979 370 AMMONII
2011 309 2541 376 ALEXANDRINI

3589 318 3732 385 1536

480 401 744 460 aﬁerente
772 403 1010 462 divinam
1041 408 1341 468 sanationis
1376 411 1669 470 ciiicaciam
1697 415 1868 471 forma
1896 417 1993 474 ord

2101 427 2121 485 ι
2148 416 2225 481 ὡς
2251 419 2583 489 κατάγοντος
2613 419 2766 476 θείαν
2794 420 3027 493 δύναμιν
3074 416 3291 499 ίατικὴν
3313 426 3408 482 τοῦ
3441 427 3722 498 σχήματος

480 493 734 561 nationis,
762 503 817 552 et
844 511 1100 554 manuum
1129 514 1296 572 super
1325 502 1629 573 baptizatos
1659 506 2043 578 impositionis.

547 665 712 723 Vsus.
760 669 851 724 56.
902 690 922 723 t
952 671 1008 727 lu
1042 673 1213 746 Joppe
1253 687 1434 737 autem
1475 681 1580 737 fuit
1606 684 1848 753 quaedam
1880 685 2044 744 disci-

2148 507 2239 561 ἐπὶ
2258 510 2357 579 τῆς
2385 512 2740 583 χειροτονίας,
2767 512 2864 568 καὶ
2895 513 2995 584 τῆς
3025 516 3120 569 ἐπὶ
3150 516 3259 571 τῶν
3305 516 3715 588 βαπτισθέντων

2146 598 2359 670 χειροθε
2368 600 2506 665 σίας.
3134 614 3143 623 ⁸

2221 709 2240 741 t
2289 690 2378 744 Ἐν
2420 692 2613 766 Ἰόππῃ
2629 694 2687 748 δέ
2726 713 2811 759 τις
2838 691 2908 767 ἦν
2943 697 3238 771 ’μαθήτρια
3277 698 3505 768 ὀνόματι
3544 696 3717 753 Ταϐι-

473 753 629 859 pula,
685 758 911 816 nomine
957 762 1190 822 Tabitha
1231 783 1398 839 :qua:
1446 770 1797 843 interpretata
1844 776 1999 833 dicitu

2143 780 2242 836 θάο
2277 782 2311 854 ἢ
2344 753 2811 858 διερμηνευομένη
2834 753 3053 859 λέγεται
3083 753 3334 856 Ᾱόρκάς.

469 842 695 899 Dorcas.
729 864 748 897 ι

537 931 846 993 Notandum
904 950 987 998 est
1035 943 1178 1014 ipsas
1236 945 1462 1005 feminas
1508 950 1887 1022 discipularum
1940 970 2038 1011 no-

465 1023 613 1080 mine
639 1036 693 1082 et
728 1036 1066 1101 cognominis
1089 1036 1292 1094 honore
1318 1040 1555 1111 dignari.
1583 1042 1849 1101 Miseruut
1873 1062 2036 1117 porro

464 1114 571 1169 duo
620 1118 862 1176 homines
897 1125 963 1179 ad
1011 1126 1158 1182 illum
1187 1145 1205 1183 :
1236 1130 1346 1185 imo
1398 1130 1531 1187 ﬁdes
1571 1146 1756 1189 eorum
1792 1114 1888 1205 qui
1933 1136 2035 1192 ali-

464 1205 591 1272 quid
626 1208 751 1262 mali
796 1212 1096 1281 patiuntur,
1143 1219 1453 1275 sanationes
1478 1221 1675 1289 eﬁicit;
1710 1238 1839 1280 ecce
1885 1226 2029 1281 enim

461 1303 517 1349 et
571 1296 659 1351 hic
717 1300 811 1369 qui
875 1303 1105 1360 credunt
1148 1307 1263 1363 sola
1325 1308 1473 1366 Petri
1523 1315 1809 1384 praesentia
1883 1331 2029 1372 mor-

462 1395 609 1440 tuum
643 1402 803 1457 posse
840 1397 1116 1465 suscitari,
1150 1403 1258 1457 voti
1294 1403 1429 1460 fiunt
1463 1418 1762 1478 compotes.
1802 1408 2057 1467 νει-υπη-⁴

458 1479 635 1573 tamen
673 1494 777 1535 non
822 1486 1214 1561 qualiscunque
1250 1492 1385 1551 ﬁdes
1412 1494 1599 1551 eﬁicax
1628 1505 1733 1565 est,
1770 1499 1864 1555 sed
1895 1500 2026 1558 ﬁdes

457 1578 511 1619 ιη
537 1578 779 1627 sanctos.

521 1673 817 1776 νῆα-42.
865 1702 885 1738 ι
914 1685 1110 1745 Νοιυιη
1151 1703 1329 1751 autem
1375 1697 1583 1757 factum
1626 1712 1712 1760 est
1755 1722 1853 1776 per
1901 1709 2021 1766 uni-

449 1776 661 1856 versam
685 1767 913 1843 Joppeu,
950 1789 1004 1833 et
1047 1782 1394 1841 crediderunt
1438 1790 1591 1846 multi
1623 1791 1677 1849 in
1715 1767 1965 1856 Domino.
1996 1819 2016 1853 ι

518 1854 823 1916 Notandum
870 1876 976 1934 est,
1020 1885 1126 1926 non
1164 1876 1322 1932 modo
1345 1892 1471 1949 erga
1517 1880 1781 1953 inﬁdeles,
1831 1903 2018 1946 verum

444 1946 611 2040 etiam
660 1965 788 2023 erga
837 1968 1057 2017 sanctos
1111 1965 1371 2023 miracula
1408 1946 1635 2040 patrari,
1685 1946 2020 2037 ut'videlicet

443 2036 537 2092 alii
594 2044 816 2100 credant
859 2065 1033 2108 :ecce
1083 2056 1249 2122 enim,
1298 2060 1405 2116 hoc
1456 2062 1720 2122 miraculo
1777 2081 2013 2139 patrato,

441 2130 595 2226 animi
640 2138 905 2206 credunt;
934 2143 1120 2214 sicque
1164 2147 1472 2209 inﬁdelibus
1513 2155 1603 2210 illa
1636 2130 1867 2226 prosunt
1910 2130 2046 2218 ιυίί.

439 2222 644 2289 racula,
685 2242 790 2284 non
832 2232 1086 2292 videlicet
1126 2228 1442 2311 creditoris,
1475 2249 1605 2318 quin
1636 2222 1793 2321 signa
1842 2254 2013 2310 vidis-

438 2321 587 2380 sent,
642 2332 764 2373 cum
813 2326 988 2383 sancti
1045 2330 1131 2386 vel
1193 2333 1397 2405 absque
1446 2339 1708 2395 miraculo
1763 2344 2006 2408 credant,

435 2403 582 2503 quod
611 2405 707 2464 Dei
752 2425 945 2472 servus
988 2430 1260 2478 mortuum
1296 2403 1458 2483 facile
1499 2430 1767 2489 suscitare
1808 2403 2004 2503 possit.

431 2492 682 2568 Alioquin
712 2504 929 2571 quinam
953 2522 1077 2565 eum
1106 2515 1542 2573 arcessiverunt?

1083 2725 1238 2786 CAP.
1282 2731 1350 2787 Χ.

507 2842 667 2904 Vens.
720 2849 776 2906 ι.
820 2852 1156 2917 «Orationes
1206 2873 1311 2921 tua:
1374 2875 1430 2923 et
1481 2869 1843 2946 eleemosyna‘.
1894 2886 2000 2935 tua:

420 2940 788 3000 ascenderunt
818 2946 871 3001 in
902 2953 1222 3017 memoriam
1257 2958 1313 3011 in
1350 2972 1642 3031 conspectu
1679 2940 1792 3023 Dei.
1828 2986 1849 3021 ι

486 3028 792 3092 Notandum
841 3042 984 3110 quod
1034 3046 1127 3115 qui
1180 3056 1292 3105 toto
1338 3028 1501 3107 corde
1549 3065 1606 3111 et
1658 3060 1991 3117 conscientia

414 3135 549 3193 pura
584 3124 753 3182 Deum
791 3144 1048 3201 precatur
1088 3146 1145 3194 et
1183 3140 1583 3215 eleemosynam
1615 3148 1728 3216 dat,
1777 3166 1882 3206 non
1913 3153 1991 3209 sic

415 3226 682 3307 remanet,
719 3222 814 3277 sed
842 3223 986 3282 Deus
1032 3242 1131 3299 per
1179 3232 1353 3303 angeli
1388 3243 1482 3289 aut
1527 3238 1599 3307 pii
1632 3241 1868 3297 hominis
1909 3243 1990 3297 vi-

413 3302 619 3361 sionem
650 3308 751 3378 ipsi
779 3327 962 3370 vesam
1006 3322 1244 3376 ostendit
1268 3302 1430 3380 ﬁdem
1458 3302 1562 3396 qua
1591 3332 1711 3399 quis
1755 3332 1988 3389 salutem

411 3400 803 3492 consequitur;
838 3403 1017 3476 itaque
1049 3409 1103 3464 in
1133 3426 1239 3476 quo
1266 3417 1387 3484 quis
1420 3417 1524 3473 hoc
1557 3420 1638 3476 vel
1671 3421 1801 3476 illud
1829 3422 1986 3492 igno-

412 3494 520 3552 rat,
554 3490 602 3543 si
634 3490 746 3547 Deo
776 3494 1032 3563 placitum
1083 3511 1166 3559 est
1196 3506 1280 3561 vel
1308 3523 1436 3574 non,
1468 3518 1579 3566 toto
1610 3515 1776 3569 corde
1811 3512 1982 3571 Deum

408 3579 618 3643 precari
645 3585 880 3654 expedit,
912 3600 965 3645 et
989 3595 1247 3663 panditur
1288 3599 1387 3669 ipsi
1422 3602 1654 3670 veritas;
1682 3608 1981 3673 prasertim

404 3678 535 3723 vero
563 3671 610 3727 si
654 3674 796 3731 circa
831 3677 989 3737 ﬁdem
1024 3694 1205 3755 egeat,
1237 3691 1509 3760 quomodo
1540 3671 1785 3764 cogitare
1819 3711 1982 3767 opor-

405 3765 504 3850 tet,
534 3771 627 3818 aut
656 3764 709 3820 in
736 3780 895 3837 quem
925 3772 1177 3833 ﬁduciam
1210 3794 1447 3850 ponere;
1489 3782 1610 3838 ideo
1638 3786 1819 3843 multa:
1853 3764 1981 3846 sunt

403 3849 637 3911 haereses
687 3856 741 3913 in
784 3861 871 3918 his
916 3866 1009 3935 qui
1055 3867 1351 3927 Christiani
1401 3887 1524 3929 esse
1569 3876 1866 3935 videntur:
1899 3882 1978 3937 sic

400 3939 554 3998 aiunt
591 3954 649 4001 et
693 3948 839 4006 inter
877 3966 1099 4014 sanctos
1130 3959 1349 4017 Patrem
1398 3973 1451 4019 et
1488 3965 1801 4038 episcopum
1839 3970 1978 4028 Gre-

398 4034 647 4106 gorium,
698 4054 794 4110 per
846 4046 1114 4106 visionem
1166 4062 1327 4109 nocte
1383 4034 1642 4116 didicisse
1677 4034 1977 4121 Trinitatis

397 4130 713 4194 mysterium
742 4142 1017 4205 quomodo
1042 4142 1270 4200 credere
1299 4155 1534 4217 oportet.

470 4234 631 4296 Vens.
680 4241 735 4297 8.
783 4246 1035 4315 «Quibus
1085 4265 1211 4310 cum
1262 4268 1546 4315 narrasset
1574 4262 1781 4333 omnia,
1820 4266 1974 4323 misit

394 4323 516 4383 illos
544 4330 597 4384 in
627 4329 853 4404 Joppen.
887 4357 907 4392 ι

461 4417 766 4543 N'otanduiii
789 4422 934 4543 quod
961 4448 1067 4543 non
1095 4435 1321 4506 impedit
1354 4441 1546 4499 militia
1578 4446 1881 4519 pietatem;
1915 4464 1970 4511 et
1999 4487 2044 4543 υ

2209 956 2549 1026 Σημειωτέον
2576 958 2651 1030 (9)
2685 961 2766 1014 ὅτι
2794 962 2888 1015 καὶ
2920 963 3081 1035 μέχρι
3109 961 3394 1032 γυναικῶν)
3424 961 3620 1031 φθάνει
3650 961 3707 1015 τὸ

2136 1043 2247 1097 τῶν
2287 1045 2606 1117 μαθητριῶν
2642 1048 2813 1120 ὄνομα
2845 1050 2939 1105 καὶ
2968 1054 3001 1122 ἡ
3039 1051 3168 1119 ἀξία
3206 1053 3304 1122 τῆς
3342 1051 3662 1120 ἐπωνυμίας
3690 1067 3705 1082 ·

2134 1133 2461 1189 ἀπέστειλαν
2504 1138 2562 1191 δὲ
2617 1138 2711 1192 δύο
2744 1141 2945 1212 ἄνδρας
2998 1143 3137 1214 πρὸς
3194 1143 3358 1196 αὐτόν
3384 1158 3397 1171 °
3438 1141 3640 1212 μᾶλλον
3670 1142 3704 1210 ἢ

2134 1224 2313 1289 πίστις
2342 1226 2453 1279 τῶν
2492 1230 2812 1299 πασχόντων
2864 1232 2962 1297 τὰς
3001 1234 3175 1298 ἰάσεις
3226 1233 3555 1304 ἐργάζεται·
3594 1233 3704 1286 ἰδοῦ

2129 1313 2238 1385 γὰρ
2273 1316 2368 1369 καὶ
2396 1311 2498 1373 ὧδε
2532 1321 2580 1373 oi
2625 1321 3049 1387 πιστεύσαντες.
3082 1326 3161 1377 ὅτι
3210 1324 3297 1378 διὰ
3323 1325 3423 1395 τῆς
3468 1323 3563 1375 τοῦ
3595 1324 3699 1376 Πέ-

2127 1423 2255 1480 τρου
2288 1410 2589 1481 παρουσίας
2612 1412 2839 1467 δύναται
2863 1400 3162 1486 ἀναστῆναὶ
3187 1414 3402 1486 νεκρὸς,
3430 1414 3699 1484 ἐπέτυχον

2125 1496 2220 1551 τοῦ
2255 1498 2467 1553 σκοποῦ
2493 1518 2507 1531 ⁸
2538 1500 2677 1573 πλὴν
2710 1504 2808 1575 οὐχ
2859 1507 3148 1576 οίαδήποτε
3174 1507 3357 1571 πίστις
3389 1505 3696 1576 συμϐάλλε-

2123 1604 2233 1653 ται,
2261 1588 2427 1659 ἀλλ’ἢ
2454 1592 2535 1655 είς
2560 1593 2687 1657 τοὺς
2715 1594 2873 1659 ὄντας
2905 1596 3122 1665 ἁγίους.
3152 1674 3157 1681 Ι

2201 1717 2219 1751 ‹
2259 1699 2504 1754 Γνωστὸν
2539 1701 2596 1755 δὲ
2629 1704 2845 1772 ἐγένετο
2874 1705 2995 1760 καθ’
3025 1705 3153 1777 ὅλης
3175 1706 3272 1775 τῆς
3310 1704 3559 1775 Ἰόππης,
3592 1703 3690 1758 καὶ

2125 1788 2311 1843 πολλοὶ
2345 1791 2633 1846 ἐπίστευον
2663 1794 2755 1848 ἐπὶ
2776 1795 2865 1849 τὸν
2897 1798 3126 1867 Κύριον.
3164 1815 3182 1849 ι

2196 1878 2540 1949 Σημειωτέον
2571 1880 2682 1951 (10)
2715 1882 2797 1935 ὅτι
2826 1882 2888 1934 οὐ
2914 1882 3098 1954 μόνοις
3123 1884 3236 1945 τοῖς
3270 1882 3521 1944 ἀπίστοις
3555 1879 3693 1933 ἀλλὰ

2122 1969 2218 2021 καὶ
2266 1971 2381 2034 τοῖς
2437 1971 2613 2039 ἁγίοις
2654 1971 2864 2040 ἐγίνετο
2898 1974 3101 2043 σημεῖα
3137 1972 3523 2041 ,οἰκονψικῶς
3551 1987 3565 2002 °
3606 1971 3701 2025 ἵνα

2118 2062 2268 2118 ἄλλοι
2300 2065 2462 2118 πάλιν
2489 2065 2854 2121 πιστεύσωσιν
2876 2085 2890 2099 ·
2925 2065 3035 2120 ἰδοῦ
3066 2066 3175 2138 γὰρ
3206 2069 3344 2137 μετὰ
3362 2065 3424 2120 τὸ
3461 2067 3699 2136 σημεῖον

2118 2153 2277 2208 τοῦτο
2321 2154 2483 2209 πάλιν
2532 2155 2718 2209 πολλοὶ
2762 2157 3124 2211 ἐπίστευσαν*
3152 2157 3228 2218 ὡς
3259 2152 3402 2211 εἶναι
3428 2157 3591 2211 πάλιν
3623 2157 3693 2209 τὰ

2117 2248 2318 2318 σημεῖα
2335 2249 2448 2311 τοῖς
2471 2248 2737 2312 ἀπίστοις,
2757 2248 2806 2303 οἳ
2825 2249 2923 2303 οὐκ
2942 2247 3055 2321 [ἂν]
3075 2248 3247 2314 ἄλλως
3271 2249 3620 2314 ἐπίστευσαν,
3640 2251 3690 2303 εί

2115 2336 2190 2407 μὴ
2220 2337 2382 2390 πάλιν
2423 2331 2565 2391 εἶδον
2615 2341 2819 2408 σημεῖα
2848 2355 2863 2370 ⁸
2908 2339 3018 2393 τῶν
3069 2340 3241 2407 ἁγίων
3296 2340 3391 2394 καὶ
3439 2340 3562 2411 δίχα
3592 2340 3696 2392 τοῦ

2116 2427 2348 2497 σημείου
2394 2428 2781 2497 πιστευόντων,
2816 2430 2900 2483 ὅτι
2926 2430 3153 2494 δυνατός
3184 2432 3331 2485 ἐστιν
3365 2431 3393 2483 ὁ
3420 2429 3515 2483 τοῦ
3544 2430 3687 2483 Θεοῦ

2106 2516 2292 2582 δοῦλος
2321 2519 2623 2589 ἀναστῆσαι
2653 2518 2923 2590 ἀμελλητὶ
2953 2520 3149 2593 νεκρόν
3170 2536 3185 2551 ο
3217 2520 3341 2574 ἐπεὶ
3374 2520 3488 2583 πῶς
3518 2520 3687 2573 αὐτὸν

2119 2608 2537 2678 μετεστείλαντο
2564 2623 2581 2674 ;

2719 2742 2971 2797 ΚΕΦΑΛ.
3006 2742 3064 2800 1⁷.

2178 2890 2198 2925 ι
2234 2872 2309 2925 Δί
2347 2873 2645 2945 προσευχαί
2680 2890 2773 2927 σου
2805 2873 2901 2927 καὶ
2937 2872 2994 2927 ai
3050 2873 3414 2943 ἐλεημοσύναι
3455 2874 3546 2927 σου
3583 2875 3682 2927 ἀν-

2101 2959 2307 3029 έσησαν
2336 2963 2417 3025 είς
2448 2963 2791 3033 μνημόσυνον
2828 2960 3139 3033 ἔμπροσθεν
3168 2959 3262 3015 τοῦ
3299 2959 3461 3014 Θεοῦ.
3493 2978 3514 3011 ι
3596 2990 3633 3029 τε

2168 3053 2515 3122 Σημειωτέον
2558 3055 2641 3107 ὅτι
2681 3054 2919 3117 ἐκτενῶς
2963 3054 3059 3108 καὶ
3101 3053 3358 3123 καθαρῶς
3390 3051 3681 3118 συνειδότι,

2101 3142 2354 3213 δεόμενος
2390 3143 2483 3196 τοῦ
2503 3144 2642 3197 Θεοῦ
2672 3146 2768 3199 καὶ
2792 3144 2963 3198 ποιῶν
2993 3141 3391 3214 ἐλεημοσύνας,
3422 3141 3483 3195 οῦ
3520 3142 3675 3212 μένει

2097 3231 2290 3295 οὕτως,
2320 3232 2438 3286 ἀλλ’
2467 3236 2496 3288 ὁ
2516 3234 2648 3298 Θεὸς
2671 3235 2741 3289 δι’
2770 3236 3039 3300 ὀπτασίας
3062 3235 3296 3304 ἀγγέλου
3321 3237 3354 3304 ἢ
3379 3232 3673 3305 ἀνθρώπου

2097 3326 2404 3392 θεοσεϐοῦς,
2471 3328 2719 3383 δείκνυσι
2764 3330 2865 3400 τὴν
2911 3329 3091 3401 ἀληθῆ
3131 3328 3337 3389 πίστιν.
3367 3326 3437 3380 δι’
3487 3321 3555 3396 ἧς
3587 3342 3672 3389 τις

2097 3416 2331 3482 σώζεται
2350 3434 2364 3449 ’
2405 3418 2547 3473 ὥστε
2573 3416 2668 3475 οὖν
2695 3425 2754 3477 ὲν
2800 3415 2845 3491 ᾧ
2892 3438 2976 3485 τις
3030 3422 3218 3490 ἀγνοεῖ
3242 3418 3362 3473 τόδε
3385 3417 3421 3488 ἢ
3447 3416 3567 3471 τόδε
3607 3416 3670 3470 τὸ

2091 3510 2345 3580 πρᾶγμα,
2378 3511 2566 3583 είΘεῷ
2603 3513 2839 3585 ἀρέσκον
2869 3515 3021 3569 ἐστὶν
3068 3513 3101 3584 ἢ
3139 3512 3227 3609 οῦ,
3260 3509 3664 3609 ὀφείλει-ἐκτε-

2089 3598 2195 3663 νῶς
2220 3600 2480 3673 δεηθῆναι
2509 3603 2602 3657 τοῦ
2632 3602 2791 3669 Θεοῦ,
2836 3603 2930 3658 καὶ
2960 3600 3404 3658 ἀποκαλύπτεται
3428 3598 3579 3668 αὐτῷ
3602 3598 3662 3650 ea

2086 3691 2303 3760 ἀληθέςο
2337 3693 2572 3763 μάλιστα
2600 3694 2658 3747 δὲ
2689 3695 2739 3748 εί
2781 3702 2806 3731 ο
2832 3694 2964 3767 περ)⁸
2996 3694 3096 3764 τὴν
3135 3693 3322 3746 πίστιν
3348 3692 3567 3760 ἀπορεῖ,
3598 3690 3661 3742 τὸ

2087 3782 2205 3848 πῶς
2229 3784 2313 3839 δεῖ
2333 3788 2550 3856 φρονεῖν
2572 3786 2605 3856 ἢ
2626 3786 2730 3841 τίνι
2773 3786 3066 3841 πιστεῦσαι
3088 3801 3102 3817 ⁸
3126 3784 3262 3839 διότι
3287 3782 3483 3838 πολλαί
3515 3785 3656 3837 εἰσιν

2085 3875 2324 3946 αἱρέσεις
2376 3878 2435 3931 ὲν
2465 3879 2575 3942 τοῖς
2613 3877 2864 3933 δοκοῦσιν
2893 3873 3034 3933 εἶναι
3060 3878 3411 3947 Χριστιανοῖς
3442 3891 3455 3905 ·
3485 3874 3659 3939 οὓτως

2082 3964 2299 4035 λέγουσι
2337 3968 2433 4021 καὶ
2495 3968 2587 4024 τὸν
2618 3969 2677 4022 ἐν
2715 3969 2893 4039 ἁγίοις
2938 3968 3161 4040 Πατέρα
3219 3968 3314 4023 καὶ
3358 3967 3661 4021 ἐπίσκοπον

2081 4054 2122 4109 Γ
2128 4057 2405 4128 ρηγόριον,
2463 4057 2530 4112 δι’
2578 4059 2849 4123 ὀπτασίας
2895 4060 3115 4131 νύκτωρ
3174 4057 3555 4131 κατηχηθῆναι
3596 4056 3659 4108 τὸ

2083 4150 2380 4221 μυστήριον
2415 4150 2517 4220 τῆς
2551 4150 2781 4220 Τριάδος
2816 4152 2965 4215 ὅπως
2990 4151 3071 4205 δεῖ
3108 4153 3347 4222 φρονεῖν.

2155 4278 2175 4313 t
2209 4260 2317 4315 Καὶ
2362 4259 2774 4334 ἐξηγησάμενος
2814 4264 2999 4329 αὐτοῖς
3039 4266 3280 4325 ἅπαντα.
3329 4262 3657 4319 ἀπέστειλεν

2076 4350 2275 4417 αὐτοὺς
2297 4354 2376 4417 εἰς
2394 4357 2496 4425 τὴν
2539 4351 2790 4425 Ἰόππην.
2822 4372 2841 4404 ι

2145 4444 2491 4515 Σημειωτέον
2518 4446 2601 4499 ὅτι
2651 4445 2753 4499 οὐκ
2799 4444 3087 4517 ἐμποδίζει
3120 4447 3154 4516 ἡ
3196 4447 3459 4517 στρατεία
3506 4444 3643 4516 πρὸς

391 4505 539 4607 illud,
561 4514 705 4581 quod
739 4531 837 4607 nec
862 4519 1157 4581 dissolutos
1175 4505 1287 4583 inec
1310 4529 1525 4600 impios,
1554 4505 1650 4593 sed
1673 4539 1793 4607 pios
1810 4505 1968 4599 misit—

2101 4505 2386 4591 εοσέῦειαν
2412 4554 2427 4570 ·
2464 4539 2687 4592 κάκεῖνο
2714 4538 2791 4603 δὲ,
2829 4505 2912 4591 ότι
2951 4539 3053 4591 οὐκ
3070 4505 3341 4602 ἀτάκτους
3363 4539 3484 4592 οὐδὲ
3507 4539 3639 4590 ἀσε-

388 4598 456 4652 ad
492 4597 710 4658 Petrum
742 4604 1058 4678 Cornelius;
1089 4620 1144 4668 et
1171 4618 1315 4685 quod
1353 4597 1409 4674 et
1441 4621 1572 4680 illud
1609 4597 1952 4687 manifestam

388 4689 554 4791 ipsius
600 4698 966 4768 sanctitatem,
1020 4718 1213 4777 nempe
1253 4711 1346 4779 qui
1380 4713 1483 4767 sibi
1525 4718 1857 4791 adjungebat
1900 4732 1957 4780 et

386 4777 695 4851 frequentes
748 4787 982 4846 habebat
1019 4795 1138 4863 pios
1176 4777 1359 4868 viros,
1394 4804 1550 4874 juxta
1592 4777 1726 4865 illud
1766 4829 1780 4867 :
1820 4777 1953 4868 Cum

384 4878 568 4923 sancto
598 4881 811 4929 sanctus
838 4878 968 4947 eris,
991 4890 1046 4937 et
1066 4897 1186 4953 quas
1212 4902 1531 4960 sequuntur.

450 5041 616 5103 Vsus.
668 5050 755 5147 1-5..
802 5068 822 5104 ι
851 5051 919 5109 Et
956 5054 1099 5114 facta
1147 5070 1231 5119 est
1273 5080 1372 5122 vox
1420 5068 1489 5124 ad
1536 5084 1659 5128 eum
1694 5091 1707 5128 :
1740 5074 1945 5147 Surge,
2022 5131 2025 5134 ι

371 5132 556 5202 Petre,
591 5140 800 5208 occide,
832 5152 887 5199 et
924 5149 1207 5208 manduca.
1238 5156 1328 5211 Ait
1354 5167 1535 5217 autetn
1566 5161 1761 5222 Petrus

446 5296 471 5323 ο
501 5288 633 5345 Cod.
658 5291 825 5349 Coisl.
856 5296 913 5352 δὲ
948 5300 1009 5371 ἠ.

443 5445 679 5537 (θλξίοο.
715 5455 980 5537 schoiium
1026 5466 1219 5515 catena
1260 5460 1501 5518 Cramcri
1549 5464 1642 5519 dat
1690 5465 1940 5537 Didyme,

371 5512 511 5567 Cod:
537 5516 701 5575 Coisl.
728 5523 1032 5581 Ammouio.

445 5582 559 5656 (l0)
592 5587 704 5644 Hoc
719 5593 983 5649 scliolium
1012 5598 1063 5652 in
1087 5607 1279 5654 catena
1307 5601 1552 5657 Crameri
1586 5605 1685 5660 sub
1717 5607 1937 5661 nomine
2034 5582 2533 5676 ηυξ-άοιάυάῖήξιίυ
2556 5582 2649 5673 diali

445 5661 741 5725 irysostomi
794 5663 1143 5736 inscribitur;
1173 5669 1268 5726 scd
1310 5672 1446 5730 Cod.
1475 5673 1642 5730 Coisl.
1678 5674 1769 5731 dat
1812 5677 1933 5733 Am»
2035 5680 2230 5752 Chrys.
2262 5683 2397 5757 Opp.
2425 5684 2518 5756 lx,
2554 5688 2654 5743 172

2217 5721 2230 5736 ο
2266 5721 2397 5756 νινιη
2425 5721 2518 5756 ..1,
2557 5721 2673 5746 Il‘.

374 5650 741 5725 Chrysostomi
794 5650 1112 5724 inscribitur
1122 5650 1279 5736 E'ééli
1310 5650 1783 5731 ὸὸῖιῖῑὶόίξιῗυξίἴ
1793 5650 1933 5733 alii:

2064 4625 2200 4694 δεῖς,
2257 4625 2397 4680 ἀλλά
2452 4625 2724 4693 θεοσεϐεῖς
2772 4629 2987 4701 έπεμψε
3032 4631 3173 4703 πρὸς
3210 4631 3315 4685 τδν⁴
3356 4631 3563 4701 Πέτρον
3611 4631 3645 4683 ὀ

2062 4718 2392 4790 Κορνήλιος*
2430 4720 2527 4773 καὶ
2551 4720 2633 4775 ὅτι
2668 4722 2764 4776 καὶ
2795 4722 2957 4778 τοῦτο
2995 4724 3196 4795 δεῖγμα
3246 4719 3316 4796 ἦν
3347 4724 3445 4794 τῆς
3469 4724 3647 4777 αὐτοῦ

2058 4808 2355 4879 ὁσιότητος,
2388 4809 2450 4863 τὸ
2480 4810 2879 4877 συγωλλᾶσθαι
2913 4816 3006 4868 καὶ
3035 4814 3186 4885 ἔχειν
3227 4816 3397 4885 ἐγγὺς
3438 4815 3635 4868 ἑαυτοῦ

2061 4894 2333 4960 θεοσεὸεῖς
2356 4896 2574 4970 ἀνδρας,
2592 4899 2682 4954 διὰ
2705 4901 2784 4969 τὸ,
2800 4902 2960 4957 Μετὰ
2979 4906 3158 4960 ὁσίου
3179 4904 3349 4972 ὅσιος
3370 4906 3510 4974 ἔσῃ,
3541 4904 3636 4959 καὶ

2059 4985 2129 5041 τὰ
2162 4986 2288 5058 ἑξῆς
2312 4986 2447 5062 (lt).

2133 5095 2153 5129 ι
2186 5079 2297 5133 Καὶ
2314 5078 2533 5147 ἐγένετο
2555 5081 2706 5153 φωνὴ
2733 5082 2869 5155 πρὸς
2893 5083 3090 5140 αὐτόν’
3118 5084 3405 5152 Ἀναστὰς,
3430 5086 3635 5157 Πέτρε,

2050 5169 2213 5225 θῦσον
2240 5171 2335 5225 καὶ
2362 5172 2525 5241 φάγε.
2570 5172 2631 5227 '0
2665 5173 2723 5229 δὲ
2757 5176 2964 5249 Πέτρος
2983 5172 3138 5233 εἴπεο
3175 5178 3480 5251 Μηδαμῶς,
3508 5178 3626 5233 Κύο
3740 5228 3747 5234 .

2054 5485 2413 5616 ωῗίηῖἶιηυη
2445 5547 2533 5604 hic
2567 5549 2854 5608 Ammonio
2881 5555 3105 5611 ascribit
3145 5567 3337 5616 catena
3366 5558 3618 5615 Cramcri

2266 5615 2510 5700 51.00311].
2556 5619 2652 5700 dat
2695 5621 3103 5694 Cbrysostomo.
3134 5615 3259 5687 Haec
3301 5630 3421 5700 lege
3465 5631 3612 5687 inter
