4064 6436
387 345 522 412 1537

379 574 495 612 τον.
535 574 557 608 1

450 650 672 706 Μᾶλλον
722 650 756 723 ἢ
797 650 997 705 πάντα·
1033 650 1325 725 ἀκάθαρτα
1355 645 1425 724 ἦν
1456 652 1514 705 ἐν
1544 652 1640 724 τῷ
1672 652 1857 706 σκεύει
1887 654 1969 725 τῷ

378 742 670 799 ὀθονοειδεϊ
703 753 756 811 t‘,
786 743 821 814 ἢ
859 742 1149 807 δεικτικῶς
1182 745 1215 813 ἠ
1260 743 1414 813 φωνὴ
1454 743 1610 810 αὐτῷ
1634 753 1663 795 (ι
1690 746 1970 816 ἐσήμανεν

379 838 447 889 ὲκ
492 834 605 888 τῶν
649 833 983 906 ἀκαθάρτων
1028 836 1227 904 φαγεῖν
1249 849 1264 864 ο
1300 834 1334 905 ἢ
1383 834 1482 888 καὶ
1524 832 1692 905 κοινῷ
1745 834 1968 906 ὀνόματι

378 930 647 1002 ἀορίστως
698 925 931 980 εἰποῦσα
977 926 1012 995 ἡ
1047 926 1236 996 φωνή·
1257 924 1521 988 ’Δναστὰς
1541 964 1557 990 ,
1599 926 1740 995 φάγε
1762 924 1791 978 ὃ
1821 925 1972 980 δοκεῖ

380 1040 465 1076 σοι
514 1023 580 1073 ὲκ
603 1018 715 1072 τῶν
732 1016 1102 1087 φαινομένων,
1141 1016 1370 1086 ἐποίησε
1404 1018 1498 1072 τὸν
1526 1018 1736 1088 Πέτρον
1760 1020 1962 1072 εἰπεῖν·

378 1107 698 1180 Μηδαμῶς,
730 1108 931 1175 Κύριε,
965 1106 1055 1159 ὅτι
1094 1105 1386 1161 οὐδέποτε
1416 1106 1645 1177 ἔφαγον
1668 1105 1796 1164 πᾶν
1840 1125 1966 1163 κοι-

377 1206 509 1258 νόν.
537 1229 610 1241 -—
644 1198 825 1254 Τοῦτο
847 1197 917 1251 δὲ
942 1196 1182 1268 ἐγένετο
1222 1196 1322 1252 ἐπὶ
1357 1198 1486 1268 τρίς
1514 1207 1560 1253 ὀ

456 1396 477 1430 ι
521 1376 698 1431 Τοῦτο
739 1374 798 1429 δὲ
846 1375 1068 1443 ἐγένετο
1111 1374 1207 1429 ἐπὶ
1244 1374 1401 1446 τρίς·
1437 1375 1535 1430 καὶ
1583 1376 1866 1449 ἀνελήφθη
1903 1379 1968 1433 τὸ

385 1469 577 1533 σκεῦος
613 1470 695 1533 είς
719 1468 813 1522 τὸν
841 1467 1097 1539 οὐρανόν.
1129 1485 1150 1519 ι

447 1564 523 1617 Τὸ
551 1563 653 1634 τῆς
695 1561 930 1633 Τριὰδος
974 1559 1251 1614 δείκνυσιν
1295 1557 1450 1630 αὐτῷ
1496 1559 1558 1612 τὸ
1612 1559 1816 1630 ἀληθὲς
1866 1563 1965 1635 τῆς

377 1655 683 1720 ὀπτασίας·
739 1653 933 1725 ὥσπερ
965 1654 1062 1706 καὶ
1101 1653 1135 1722 ἡ
1192 1653 1275 1715 είς
1322 1661 1343 1689 ³

376 1746 552 1819 ἀληθῆ
585 1745 902 1800 θεοσέϐειαν
936 1743 1288 1816 παρίστησιν.

1302 344 1762 444 FRAGMENTA
1807 350 1889 411 IN
1928 352 2116 413 ACTA
2161 354 2739 420 APOSTOLORUM.

266 508 282 525 ,
385 481 499 538 ριε·
541 463 623 518 ὄτι
656 461 914 518 οὗδίποτε
950 460 1156 533 ἔφαγον
1190 464 1295 517 πᾶν
1340 465 1519 518 κοινὸν
1570 465 1667 520 καὶ
1698 464 1958 536 ’ἀκάθαρ-

2071 463 2154 529 sit,
2189 463 2431 531 Domine,
2464 467 2590 537 quia
2625 481 2901 537 nunquam
2945 469 3265 527 manducavi
3307 484 3468 527 omne
3505 488 3658 532 com-

3522 364 3662 435 15%

2075 572 2237 612 mune
2265 566 2320 612 et
2350 557 2708 613 immundum.
2743 578 2762 609 ο

2143 647 2330 704 Potius
2360 658 2452 703 aut
2483 658 2681 704 cuncta
2726 649 3003 705 immunda
3043 659 3202 706 erant
3251 653 3304 707 in
3332 668 3461 711 vase
3501 656 3655 712 lintei

2071 738 2253 806 magni
2302 737 2542 807 speciem
2588 738 2884 809 prmbente,
2936 748 3031 794 aut
3076 739 3512 801 demonstrativa
3552 760 3657 800 vox

2070 828 2147 883 illi
2185 828 2517 901 signiﬁcavit
2555 837 2614 882 ut
2636 828 2704 884 de
2735 829 3029 887 immundis
3059 830 3451 901 manducaret;
3480 845 3576 890 aut
3603 845 3660 890 et

2068 918 2344 973 communi
2401 916 2623 973 nomine
2685 925 2742 972 et
2802 932 2907 972 non
2969 918 3193 974 deﬁnite
3251 920 3442 977 dicens
3494 937 3653 978 vox:

2070 1011 2266 1083 Surge,
2312 1010 2583 1065 manduca
2626 1012 2769 1081 quod
2797 1011 2976 1083 placet
3015 1012 3109 1068 tibi
3143 1027 3209 1068 ex
3242 1015 3653 1085 apparentibus,

2068 1117 2233 1158 causa
2269 1101 2371 1156 fuit
2405 1118 2504 1158 cur
2534 1102 2732 1160 Petrus
2769 1103 2969 1158 dixerit
2998 1122 3014 1160 :
3041 1103 3216 1171 Absit,
3245 1104 3492 1172 Domine,
3526 1108 3655 1176 quia

2068 1209 2338 1263 nunquam
2372 1194 2695 1248 manducavi
2726 1210 2878 1250 omne
2899 1211 3197 1252 commune.
3240 1224 3314 1239 -
3337 1195 3453 1251 Hoc
3480 1205 3656 1254 autem

2065 1285 2266 1355 factum
2294 1294 2370 1340 est
2405 1302 2499 1354 per
2532 1295 2633 1343 ter.

2139 1375 2309 1434 Vens.
2355 1377 2444 1432 16.
2490 1396 2509 1429 ‹
2545 1377 2658 1433 Hoc
2708 1385 2890 1433 autem
2917 1376 3124 1434 factum
3180 1390 3263 1435 est
3290 1394 3392 1451 per
3441 1388 3563 1449 ter;
3599 1388 3657 1435 et

2067 1481 2346 1542 receptum
2380 1482 2467 1528 est
2494 1486 2593 1527 vas
2620 1471 2672 1526 in
2706 1471 2929 1527 emtum.
2962 1490 2982 1523 ι

2138 1562 2427 1618 Trinitatis
2451 1561 2751 1618 assimilata
2775 1563 2980 1618 mentio
3002 1563 3100 1633 ipsi
3121 1563 3345 1620 visionis
3364 1563 3654 1619 veritatem

1399 1650 1609 1722 Τριάδα
1659 1652 1840 1718 πίστις
1865 1655 1964 1726 τὴν

2071 1654 2293 1727 probat;
2325 1654 2471 1710 sicut
2495 1663 2551 1710 et
2583 1654 2637 1710 in
2662 1652 2984 1709 Trinitatem
3018 1654 3151 1710 ﬁdes
3171 1668 3356 1710 veram
3391 1655 3648 1724 pietatem

2065 1749 2292 1805 excitat.

455 1856 475 1890 ι
517 1837 632 1890 Καὶ
667 1836 1024 1907 φωνήσαντες
1052 1832 1445 1898 ἐπυνθάνοντο,
1476 1832 1526 1885 εί
1568 1833 1755 1903 Σίμων
1783 1836 1810 1888 ὁ
1840 1836 1963 1890 ἐπι-

2142 1839 2313 1896 Vens.
2343 1839 2435 1895 18.
2474 1856 2493 1890 ι
2528 1835 2596 1889 Ει
2629 1850 2752 1890 cum
2794 1846 3106 1904 vocassent,
3167 1836 3579 1908 interrogabant
3609 1835 3655 1892 si

377 1927 712 1999 καλούμενος
743 1928 952 1998 Πέτρος
981 1925 1170 1980 ἐνθάδε
1204 1922 1493 1989 ξενίζεται.
1532 1924 1639 1978 Τοῦ
1668 1925 1728 1979 δὲ
1758 1927 1966 2000 Πέτρου

375 2020 760 2093 διανοουμένου
801 2020 935 2091 περὶ
981 2017 1075 2073 τοῦ
1120 2018 1419 2091 ὁράματος,
1467 2009 1590 2069 εἶπε
1635 2017 1697 2071 τὸ
1742 2020 1969 2093 Πνεῦμα

375 2114 547 2187 αὐτῷ.
582 2134 601 2166 ι

446 2202 791 2278 Σημειωτέον
840 2207 923 2261 ὅτι
967 2206 1028 2260 οὐ
1073 2206 1155 2260 δεῖ
1186 2225 1308 2261 τινα
1351 2209 1532 2282 ἑαυτῷ
1564 2208 1845 2265 αὐθεντεῖν
1872 2209 1966 2265 καὶ

375 2302 726 2372 καινοτομίας
762 2300 1004 2371 εἰσάγειν
1031 2302 1089 2354 ὲν
1117 2303 1182 2373 τῇ
1225 2302 1426 2356 πίστει·
1464 2305 1599 2358 ὅπου
1636 2303 1775 2369 μετὰ
1799 2304 1969 2358 ὀπτα-

376 2394 497 2448 σίαν
525 2397 553 2449 ὁ
580 2395 789 2465 Πέτρος
812 2394 1067 2448 τοσοῦτον
1089 2393 1363 2465 διηπόρει,
1396 2394 1539 2449 ὥστε
1564 2397 1658 2451 καὶ
1685 2400 1702 2433 ι
1741 2396 1968 2468 Πνεῦμα

374 2485 536 2538 αὐτὸν
576 2483 1019 2556 προτρέψασθαι’
1054 2484 1137 2537 δεῖ
1182 2483 1277 2539 οὖν
1306 2485 1401 2541 καὶ
1449 2485 1601 2551 θείας
1651 2487 1969 2559 προτροπῆς

373 2577 433 2628 ἐν
467 2578 585 2639 τοῖς
624 2574 843 2630 δοκοῦσι
876 2575 1030 2647 παρὰ
1066 2575 1272 2631 κανόνα
1300 2576 1573 2645 γίνεσθαι,
1611 2576 1688 2641 ὡς
1714 2578 1811 2631 καὶ
1854 2576 1968 2631 ἄνω

372 2668 467 2721 ἐπὶ
493 2667 588 2721 τοῦ
617 2667 993 2737 βαπτίσματος
1018 2666 1289 2720 Φιλίππου
1313 2669 1705 2738 σεσημείωται·
1728 2668 1789 2723 δν
1815 2664 1969 2724 εἷπον

371 2761 622 2814 διάκονον
654 2759 785 2815 ὄντα
815 2757 891 2829 μὴ
923 2757 1185 2811 δύνασθαι
1216 2759 1341 2828 δίχα
1373 2760 1621 2831 ἀνάγκης
1658 2760 1966 2835 βαπτίζειν.

449 2866 469 2901 ι
517 2849 577 2900 '0
606 2846 663 2899 δὲ
704 2847 907 2913 Πέτρος
930 2845 1150 2916 ἦγειρεν
1179 2845 1342 2900 αὐτὸν
1370 2848 1547 2916 λέγων
1571 2865 1587 2879 ·
1636 2849 1965 2920 Ἀνάστηθι,

372 2937 468 2991 καὶ
498 2935 610 3005 ἐγὼ
638 2934 798 2998 αὐτὸς
830 2933 1116 3005 ἅνθρωπός
1155 2936 1294 3005 είμι.
1332 2934 1444 2989 Καὶ
1479 2936 1780 3007 συνομιλῶν
1817 2938 1969 3009 αὐτῷ

372 3025 591 3098 εἰσῆλθε
612 3042 626 3058 ο
665 3026 760 3079 καὶ
782 3025 1028 3095 εὑρίσκει
1060 3025 1488 3096 συνεληλυθότας
1516 3026 1767 3091 πολλούς.
1801 3048 1822 3083 ι

444 3120 506 3171 Εἰ
537 3118 566 3171 ὁ
594 3118 804 3190 Πέτρος
834 3119 863 3170 ὁ
891 3117 1140 3181 τοσοῦτος
1167 3119 1267 3171 οὐκ
1312 3118 1574 3190 ἠνέσχετο
1605 3119 1698 3175 τοῦ
1727 3138 1969 3195 προσπε-

373 3213 561 3275 σόντος
584 3208 757 3280 αὐτῷ.
800 3210 917 3263 ἴσον
952 3209 1146 3263 ἑαυτὸν
1190 3208 1362 3263 ποιῶν
1411 3209 1492 3283 τῷ
1524 3212 1834 3285 Κορνηλίῳ,
1871 3216 1964 3270 καὶ

370 3301 545 3356 ταῦτα
568 3300 650 3354 ἔτι
681 3299 797 3353 am
822 3297 1044 3371 ὲθνικῴ,
1070 3300 1123 3352 τί
1151 3301 1233 3354 δεῖ
1256 3300 1432 3355 εἰπεῖν
1463 3301 1593 3374 περὶ
1621 3303 1732 3358 τῶν
1759 3304 1966 3363 λοιπῶν

372 3392 470 3448 ἀνθ
481 3392 558 3464 ρώ
567 3408 680 3445 πων
696 3407 711 3460 ;

449 3526 468 3559 ι
505 3508 617 3562 Καί
653 3525 744 3578 μοι
772 3507 801 3560 ὁ
830 3504 964 3566 Θεὸς
1003 3503 1172 3568 ἔδειξε
1204 3504 1412 3577 μηδένα
1445 3506 1625 3560 κοινὸν
1655 3507 1688 3579 ἢ
1718 3508 1966 3582 ἀκάθαρ-

372 3616 465 3655 τον
496 3598 678 3668 λέγειν
710 3597 1017 3669 ἄνθρωπον.
1052 3616 1069 3647 ι

368 3704 400 3744 i-
446 3692 789 3764 Σημειωτέον
832 3691 914 3744 ὅτι
961 3687 1125 3752 αὐτὸς
1166 3688 1195 3741 ὁ
1227 3687 1359 3752 Θεὸς
1404 3687 1674 3759 ἐπέτρεψε
1718 3689 1795 3760 τῷ
1827 3692 1964 3763 Χρι-

375 3785 577 3857 στιανῷ
609 3784 745 3854 λαῷ,
784 3782 990 3854 μηδένα
1028 3780 1316 3853 ἄνθρωπον
1357 3780 1538 3834 κοινὸν
1576 3781 1608 3853 ἢ
1653 3781 1965 3853 ἀκάθαρτον

372 3879 575 3948 λέγειν,
606 3876 741 3930 ἀλλὰ
764 3876 1003 3929 συνεῖναι
1029 3872 1211 3935 αὐτοῖς
1231 3887 1244 3903 ⁸
1279 3871 1375 3926 ἆτε
1406 3871 1596 3925 ἐλπίδα
1630 3872 1845 3943 ἔχοντες
1866 3869 1962 3926 τοῦ

373 3968 656 4023 πιστεύειν
686 3965 922 4039 μάλιστα
949 3965 1029 4028 είς
1059 3963 1151 4017 τὸν
1180 3962 1440 4033 Χριστόν.
1523 4029 1530 4035 ἡ

449 4100 471 4135 ι
528 4079 672 4134 Ἀλλ’
714 4079 774 4132 ὲν
813 4077 977 4130 παντὶ
1026 4075 1169 4130 ἔθνει
1209 4077 1238 4129 ὁ
1283 4073 1620 4147 φοϐούμενος
1666 4077 1829 4134 αὐτὸν
1867 4079 1963 4133 καὶ

374 4172 742 4246 ἐργαζόμενος
768 4168 1139 4241 δικαιοσύνην,
1169 4168 1360 4232 δεκτὸς
1389 4167 1540 4240 αὐτῷ
1573 4169 1713 4223 ἐστι.
1750 4188 1769 4223 ι

446 4264 562 4336 Πρὸ
604 4261 699 4316 τοῦ
743 4256 838 4316 οὖν
868 4259 1123 4327 δέξασθαι
1147 4267 1176 4297 ιι
1209 4258 1303 4315 τὸν
1330 4259 1833 4332 δικαιοπραγοῦντα
1876 4261 1965 4319 διὰ

371 4358 473 4429 τῆς
498 4359 578 4421 εἰς
618 4353 811 4409 ἑαυτὸν
850 4351 1090 4417 πίστεως
1122 4352 1422 4424 δΧριστὸς
1471 4354 1553 4417 είς
1584 4353 1686 4426 τὴν
1731 4354 1959 4428 Ἐκκλη.

372 4452 517 4515 σίαν,
565 4449 660 4502 καὶ
689 4445 959 4516 πιστεύσῃ
983 4452 1010 4482 ν
1050 4446 1167 4507 τοῖς
1205 4443 1372 4508 θείοις
1412 4445 1509 4497 καὶ
1553 4445 1964 4517 ἀληθινοῖςδό·

368 4558 597 4615 γμασιν,
620 4538 990 4610 ἀπρόσδεκτος
1021 4535 1119 4603 ὢν,
1147 4536 1248 4590 οὐκ
1278 4534 1589 4607 εἰσέρχεται
1620 4538 1703 4602 είς
1728 4537 1827 4610 τὴν
1852 4539 1961 4594 τῶν

369 4632 618 4707 οὐρανῶν
653 4629 954 4702 βασιλείαν.

449 4745 468 4779 ι
507 4726 629 4779 Ἔτι
669 4721 960 4785 λαλοῦντος
995 4719 1092 4774 τοῦ
1121 4720 1333 4791 Πέτρου
1370 4720 1440 4774 τὰ
1480 4723 1708 4794 ῥήματα
1754 4724 1959 4791 ταῦτα,

371 4820 535 4874 ἔπεσε
563 4818 626 4872 τὸ
648 4816 875 4887 Πνεῦμα
900 4814 961 4867 τὸ
983 4815 1137 4882 ἅγιον
1164 4813 1256 4865 ἐπὶ
1281 4814 1490 4879 πάντας
1513 4817 1640 4880 τοὺς
1665 4818 1960 4883 ἀκούοντας

372 4913 463 4966 τὸν
488 4910 665 4979 λόγον.
712 4928 731 4960 ι

373 4993 405 5007 ’⁵
442 5001 788 5073 Σημειωτέον
813 4998 1014 5053 ὅτιούκ
1034 4996 1151 5072 [ἂν]
1170 4998 1344 5063 ἄλλως
1373 4999 1610 5052 ἐπέπεσε
1641 5000 1700 5054 τὸ
1732 5002 1958 5073 Πνεῦμα

369 5095 432 5150 τὸ
458 5095 613 5164 ἆγιον
640 5093 732 5146 ἐπὶ
751 5091 844 5144 τὸν
864 5089 1166 5161 Κορνήλιον
1190 5091 1284 5144 καὶ
1309 5091 1437 5154 τοὺς
1465 5092 1562 5145 σὺν
1592 5091 1762 5165 αὐτῷ,
1783 5095 1959 5150 καίτοι

374 5184 829 5259 μαρτυρηθέντας
866 5177 1011 5234 εἶναι
1049 5178 1324 5245 θεοσεϐεῖς
1356 5181 1452 5235 καὶ
1480 5182 1756 5249 δικαίους,
1801 5187 1851 5238 εἰ
1882 5186 1958 5258 μὴ

371 5274 893 5350 προκατηχηθὲντας
929 5273 1024 5327 τὸν
1065 5272 1165 5343 τῆς
1206 5272 1445 5336 πίστεως
1495 5271 1676 5342 λόγον,
1719 5275 1959 5347 ἧκουσαν

372 5370 466 5424 καὶ
497 5368 847 5423 ἐπίστευσαν·
869 5365 946 5429 ὡς
975 5364 1070 5418 καὶ
1098 5362 1252 5416 ἔνθεν
1276 5362 1435 5433 δῆλον
1464 5360 1627 5432 εἶναι,
1657 5365 1741 5419 ὅτι
1767 5367 1795 5420 ὁ
1819 5366 1961 5422 ἐθνι-

2071 1933 2261 1989 Simon
2287 1932 2378 2003 qui
2425 1928 2845 2000 cognominatur
2872 1928 3090 1994 Petrus,
3128 1928 3241 1984 illic
3273 1929 3500 1985 haberet
3548 1928 3655 1982 bo-

2068 2029 2316 2097 spitium.
2365 2026 2528 2081 Petro
2570 2032 2752 2079 autem
2796 2024 3073 2095 cogitante
3118 2024 3187 2078 de
3237 2023 3471 2089 visione,
3522 2022 3658 2078 dixit

2068 2121 2308 2193 Spiritus
2339 2119 2410 2174 ei.
2446 2137 2467 2171 ι

2137 2213 2448 2269 Notandum
2472 2210 2616 2282 quod
2652 2209 2947 2280 quemdam
2980 2207 3364 2264 auctoritatem
3395 2206 3500 2263 sibi
3524 2208 3675 2283 dare

2069 2321 2177 2362 non
2197 2312 2434 2375 oportet,
2461 2314 2517 2359 et
2540 2308 2814 2359 novitates
2833 2302 3092 2356 inducere
3119 2302 3185 2356 ad
3205 2300 3364 2355 ﬁdem
3392 2315 3408 2365 ;
3442 2298 3657 2370 quando

2068 2406 2191 2467 post
2224 2398 2494 2453 visionem
2519 2395 2714 2451 Petrus
2743 2395 2824 2449 sic
2853 2393 3093 2457 bmsitat,
3127 2408 3289 2459 quem
3331 2401 3386 2447 et
3421 2391 3658 2463 Spiritus

2069 2490 2306 2545 incitare
2344 2489 2523 2545 debet.
2555 2488 2781 2557 Oportet
2824 2500 2955 2554 ergo
3014 2495 3067 2539 et
3106 2485 3284 2540 divina
3336 2484 3657 2539 incitatione

2072 2579 2190 2634 ﬁeri
2218 2579 2364 2648 quod
2411 2586 2603 2633 contra
2655 2574 2899 2645 regulam
2940 2572 3175 2639 videtur,
3203 2573 3348 2628 sicut
3386 2587 3548 2641 supra
3590 2570 3660 2625 de

2070 2667 2302 2738 Philippi
2339 2667 2670 2737 baptismate
2719 2674 2973 2730 notatur;
3032 2677 3193 2734 quem
3243 2662 3490 2719 dicebam
3538 2662 3656 2717 dia—

2070 2775 2266 2816 conum
2295 2774 2400 2815 non
2433 2774 2591 2830 posse
2618 2759 2826 2826 absque
2855 2755 3181 2811 necessitate
3214 2755 3521 2825 baptizare.
3612 2764 3625 2771 '

2142 2850 2308 2906 Vens.
2338 2849 2431 2905 26.
2464 2868 2483 2902 ι
2520 2850 2714 2905 Petrus
2752 2861 2884 2901 vero
2939 2845 3174 2901 elevavit
3227 2860 3353 2900 eum
3410 2845 3602 2901 dicens
3636 2861 3652 2899 :

2072 2940 2271 3013 Surge,
2304 2952 2360 2997 et
2383 2956 2484 3012 ego
2515 2942 2629 3010 ipse
2660 2942 2821 2996 homo
2848 2955 2966 2994 sum
3000 2955 3017 3006 ;
3054 2949 3109 2992 et
3145 2938 3375 3016 loquens
3405 2952 3528 2993 cum
3564 2936 3659 2992 illo

2071 3034 2395 3098 intravit,et
2437 3034 2647 3088 invenit
2672 3034 2874 3088 multos
2905 3029 2997 3100 qui
3037 3037 3433 3084 convenerant.
3471 3046 3492 3081 ι

2144 3123 2200 3178 Si
2231 3121 2427 3179 Petrus
2467 3122 2592 3178 talis
2634 3137 2741 3178 non
2787 3120 3007 3176 sinebat
3047 3127 3107 3174 ut
3134 3128 3257 3174 ante
3301 3119 3475 3189 ipsum
3527 3133 3658 3190 pro-

2069 3223 2432 3282 sterneretur,
2463 3229 2649 3286 parem
2675 3228 2734 3270 se
2761 3212 3038 3267 aestimans
3066 3208 3340 3278 Cornelio,
3373 3221 3431 3266 et
3459 3210 3511 3266 id
3531 3224 3655 3265 cum

2067 3309 2248 3364 adhuc
2267 3308 2519 3363 ethnicus
2550 3316 2718 3373 esset,
2746 3305 2873 3377 quid
2898 3304 3079 3361 dicere
3102 3312 3321 3377 Oportet
3345 3303 3411 3360 de
3439 3303 3658 3360 etetcris

2066 3399 2380 3456 hominibus
2407 3398 2433 3451 ’ί

2144 3512 2304 3568 Vens.
2336 3512 2425 3568 28.
2471 3531 2490 3564 ι
2526 3510 2592 3565 Ει
2622 3513 2752 3567 mihi
2786 3510 3024 3567 ostendit
3054 3507 3200 3564 Deus
3220 3508 3488 3564 nemiuem
3509 3520 3659 3563 com-

2067 3619 2284 3658 munem
2325 3612 2418 3657 aut
2449 3603 2783 3658 immundum
2810 3602 2992 3658 dicere
3024 3601 3321 3659 hominem.
3366 3618 3387 3651 ι

2136 3694 2442 3749 Notandum
2470 3694 2614 3764 quod
2639 3693 2783 3748 Deus
2808 3693 2921 3762 ipse
2952 3691 3149 3763 populo
3166 3690 3479 3746 Christiano
3503 3703 3659 3744 man-

2067 3792 2236 3854 davit,
2294 3789 2569 3846 neminem
2621 3803 2966 3847 communem
3020 3794 3113 3841 aut
3147 3785 3488 3840 immundum
3527 3797 3658 3854 pro~

2067 3883 2341 3951 nuntiare,
2365 3881 2461 3936 sed
2509 3879 2815 3935 consociari
2859 3878 3031 3948 ipsis;
3071 3884 3326 3947 tanquam
3371 3888 3523 3944 spem
3553 3874 3655 3929 ba-

2065 3976 2254 4030 bentes
2283 3972 2586 4044 praesertim
2618 3972 2722 4027 ﬁde
2753 3971 2806 4026 in
2835 3968 3141 4025 Christum.

2136 4086 2300 4143 Vens.
2333 4086 2425 4143 55.
2460 4104 2479 4136 ι
2521 4084 2631 4143 Sed
2655 4085 2709 4140 in
2742 4083 2892 4140 omni
2942 4092 3106 4154 gente
3137 4082 3229 4152 qui
3263 4081 3420 4138 timet
3449 4094 3574 4136 eum
3601 4089 3656 4137 et

2067 4187 2326 4251 Operatur
2348 4176 2621 4246 justitiam
2658 4183 2916 4247 acceptus
2944 4183 3031 4230 est
3067 4172 3165 4228 illi.
3208 4191 3228 4226 ι

2133 4272 2446 4341 Antequam
2491 4268 2749 4324 admittat
2789 4267 2884 4337 qui
2925 4275 3208 4337 operatur.
3235 4263 3505 4335 justitiam
3557 4276 3656 4333 per

2066 4364 2228 4419 ﬁdem
2267 4363 2321 4418 in
2371 4362 2548 4431 ipsum
2606 4359 2858 4416 Christus
2898 4359 2951 4415 in
2984 4357 3306 4424 Ecclesiam,
3358 4364 3415 4409 et
3455 4354 3654 4411 divinis

2067 4457 2323 4526 verisque
2351 4453 2700 4524 dogmatibus
2743 4451 2902 4508 ﬁdem
2949 4449 3168 4515 habeat,
3222 4464 3326 4503 non
3368 4458 3453 4509 est
3503 4461 3654 4503 acce-

2070 4559 2220 4620 ptus,
2256 4561 2364 4602 non
2399 4545 2570 4601 intrat
2595 4545 2647 4599 in
2679 4543 2946 4600 cozlorum
2978 4557 3228 4613 regnum.

2142 4721 2314 4777 Vens.
2348 4721 2440 4777 44.
2484 4739 2503 4772 ι
2534 4720 2729 4777 Adhuc
2780 4720 3034 4792 loquente
3074 4719 3236 4774 Petro
3291 4719 3454 4773 verba
3514 4717 3653 4786 haec,

2068 4813 2267 4870 cecidit
2295 4813 2534 4882 Spiritus
2563 4822 2788 4869 sanctus
2825 4829 2990 4884 super
3014 4827 3206 4868 omnes
3239 4811 3329 4882 qui
3362 4811 3656 4867 audiebant

2066 4905 2316 4961 verbum.
2358 4921 2379 4955 ι

2142 4996 2454 5053 Notandum
2483 4996 2627 5065 quod
2665 5010 2773 5051 non
2816 4995 2978 5051 aliter
3018 4994 3216 5049 cecidit
3250 4992 3491 5062 Spiritus
3519 5006 3655 5048 san-

2067 5101 2192 5146 ctus
2225 5101 2394 5158 super
2430 5071 2745 5142 Cornelium
2784 5096 2840 5140 et
2878 5101 2973 5142 eos
3016 5087 3108 5154 qui
3159 5100 3282 5139 cum
3316 5086 3437 5154 ipso
3470 5094 3653 5152 erant,

2065 5198 2200 5240 sane
2230 5180 2600 5236 testimonium
2623 5179 2766 5250 quod
2798 5179 2870 5248 pii
2904 5184 2960 5233 et
2979 5175 3111 5246 justi
3154 5186 3338 5232 essent
3365 5177 3650 5244 habentes,

2078 5275 2183 5330 nisi
2218 5273 2361 5344 quod
2411 5272 2536 5327 ﬁdei
2581 5285 2892 5327 sermonem
2947 5269 3173 5324 auribus
3229 5268 3648 5339 percepissent;

2069 5366 2358 5420 audierunt
2384 5373 2440 5420 et
2469 5364 2839 5419 crediderunt.
2882 5362 3009 5418 inde
3031 5371 3174 5432 patet
3205 5361 3348 5431 quod
3375 5359 3650 5428 ethnicus,

373 5459 490 5528 κὸς,
516 5460 624 5514 κᾶν
653 5458 795 5513 πάνυ
824 5455 1031 5518 δίκαιος
1052 5451 1110 5526 ᾖ,
1141 5452 1402 5508 οὐδέποτε
1427 5454 1839 5526 μεταλαμϐάνει
1861 5457 1962 5529 τῆς

2071 5458 2199 5513 licet
2223 5458 2446 5514 omnino
2486 5457 2670 5530 justus
2702 5457 2793 5523 sit,
2845 5465 3189 5525 nequaquam
3240 5451 3481 5523 Spiritus
3520 5451 3654 5510 doni

450 5636 632 5695 rCod.
655 5635 821 5692 Cois].
852 5633 1144 5708 ὀθονοειδῆ.
1224 5631 1338 5708 αλϐ.
1373 5631 1541 5688 Coisl.
1574 5634 1727 5706 αὐτῷ
1749 5635 1784 5706 ἡ
1813 5637 1964 5708 φωνή

2071 5635 2180 5708 fC.
2200 5634 2364 5691 Coisl.
2384 5635 2648 5708 ὲπιτρεῖς.
2728 5642 2750 5671 ³
2775 5633 2912 5690 Cod.
2954 5628 3126 5708 Cois].
3148 5630 3232 5708 είς
3254 5629 3379 5703 τήν.
3460 5630 3480 5668 ί
3514 5629 3649 5708 Cod.

375 5711 567 5788 Coisl._
610 5709 742 5788 καὶ.
772 5708 850 5761 τό.
924 5700 1127 5788 1ξδέξαι
1192 5703 1356 5788 prim.
1413 5718 1561 5762 man.
1597 5700 1745 5763 corr.
1770 5700 1964 5777 postea

2071 5705 2273 5771 Ξασθαι.
2350 5715 2378 5745 τ
2417 5700 2589 5759 Prii".
2629 5720 2773 5760 man.
2825 5700 3098 5775 πιστεύσῃ
3145 5701 3270 5759 dein
3310 5700 3480 5761 'corr.
3517 5701 3650 5775 alit].

377 5779 680 5838 πιστεύσει.
720 5777 847 5850 Leg.
884 5776 989 5852 κᾷν
1016 5776 1303 5849 πιστεύσῃ.
