4064 6390
413 288 553 356 1539

1584 278 1927 342 AMMONII
1968 279 2511 342 ALEXANDRINI

3566 276 3707 347 1540

411 402 688 473 particeps
738 398 1029 471 accipitur,
1076 395 1171 467 qui
1215 409 1357 452 vera:
1401 392 1524 449 fidei
1578 408 1686 450 non
1721 394 1992 464 particeps

2125 392 2195 446 τοῦ
2229 391 2551 465 Πνεύματος
2590 392 2802 463 δωρεᾶς
2823 434 2839 460 ,
2876 392 3149 466 ἀμέτοχος
3190 392 3267 448 ὢν
3297 391 3393 448 καὶ
3423 393 3705 461 ἄγνωστος
3754 398 3758 403 ’

412 502 468 548 et
506 493 742 551 nescius.

1058 599 1216 657 CAP.
1254 599 1346 654 XI.

511 717 676 772 Vens.
738 713 824 769 18.
879 731 900 765 ‹
938 711 1423 768 'Gloriﬁcavcrtmt
1488 710 1658 767 Deum
1715 711 1998 767 dicentes:

414 807 559 877 Ergo
583 815 636 860 et
655 803 907 874 gentibus
922 803 1298 871 paenitentiam
1324 802 1472 857 dedit
1494 801 1635 857 Deus
1663 801 1728 856 ad
1758 802 1947 856 vitam.
1977 820 1996 856 ι

479 897 615 964 Quia
649 895 782 950 tides
810 896 863 950 in
895 893 1175 950 Christum
1226 895 1602 965 paenitentiam
1644 895 1870 962 habens,
1905 909 2004 965 pro

412 990 498 1044 bis
524 989 612 1059 qui
644 1003 835 1044 recens
864 988 1040 1059 parati
1070 996 1200 1043 sunt
1228 995 1282 1043 et
1312 988 1563 1057 dogmata
1592 987 1905 1053 audierunt,
1934 988 2002 1041 ad

411 1082 576 1136 vitam
610 1081 851 1136 adducit.

488 1169 652 1227 Vens.
711 1172 803 1226 26.
855 1190 873 1223 ι
908 1170 973 1225 Et
1008 1168 1476 1240 cognominavisse
1525 1169 1761 1240 primum
1809 1168 2003 1225 Antio-

410 1264 546 1320 chiae
574 1263 869 1331 discipulos
905 1262 1266 1317 Christianos.
1304 1280 1323 1313 ι

470 1352 777 1407 Notandum
820 1344 962 1421 quod
995 1351 1296 1420 prasertim
1327 1349 1396 1405 ob
1429 1348 1532 1405 hoc
1558 1351 1689 1407 sede
1741 1352 1999 1422 primaria

410 1446 631 1515 dignata
664 1444 739 1498 sit
779 1444 1095 1509 Antiochia,
1143 1443 1328 1511 inqua
1357 1441 1592 1511 primum
1630 1442 1998 1514 cognominati

408 1547 534 1592 sunt
568 1536 752 1590 lldeles
776 1534 1093 1589 Christiani.

469 1626 631 1683 Vens.
665 1627 754 1682 50.
787 1644 808 1679 ε
843 1624 1120 1681 Mitteutcs
1149 1624 1215 1681 ad
1246 1625 1489 1682 seniores
1519 1640 1617 1696 per
1644 1640 1840 1701 manus
1861 1624 1996 1681 Bar-

406 1723 564 1776 nabas
600 1729 655 1774 et
677 1719 850 1774 Sauli.
887 1737 907 1771 ι

464 1813 655 1882 Itaque
698 1812 978 1866 seniorum
1028 1809 1304 1866 habebant
1351 1810 1676 1881 dignitatem
1732 1809 1993 1882 apostoli,

407 1903 552 1977 quod
584 1912 638 1959 et
668 1901 722 1957 in
758 1896 1137 1993 alio‘notatun:
1169 1910 1254 1957 est
1287 1901 1490 1972 capite.

1033 2012 1188 2069 CAP.
1230 2012 1349 2069 XII.

465 2129 632 2187 Vens.
666 2129 719 2186 I.
760 2147 779 2181 ι
816 2128 1018 2185 Eodem
1044 2137 1226 2185 autem
1256 2136 1510 2200 tempore
1566 2131 1716 2188 misit
1755 2132 1998 2193 Herodes

404 2240 505 2280 rex
537 2239 731 2280 manus
769 2232 829 2278 ut
858 2219 1124 2294 aﬂligeret
1160 2221 1428 2291 quosdam
1464 2222 1534 2279 de
1561 2221 1825 2281 Ecclesia.
1862 2243 1884 2279 ι

462 2403 597 2460 Vide
626 2402 771 2475 quod
809 2401 997 2458 ﬁdeles
1023 2401 1276 2457 homines
1306 2410 1361 2457 et
1392 2401 1611 2458 illorum
1641 2405 1997 2477 congregatio

401 2496 645 2553 Ecclesia
669 2504 918 2551 vocatur.

455 2587 624 2643 Vens.
653 2587 711 2642 2.
747 2605 767 2640 ι
810 2582 1024 2641 Occidit
1052 2592 1231 2640 autem
1259 2582 1523 2641 Iacobum
1559 2584 1784 2643 fratrem
1820 2585 1991 2643 Joan-

400 2682 488 2738 nis
524 2680 722 2751 gladio.
763 2698 785 2732 ι

461 2771 771 2828 Notandum
828 2769 974 2840 quod
1030 2766 1265 2824 Iacobus
1325 2768 1534 2839 primus
1586 2778 1796 2843 martyr
1825 2768 1926 2826 fuit
1965 2787 1995 2828 θ

399 2865 682 2922 duodecim
737 2862 1020 2932 discipulis
1071 2861 1141 2917 ab
1201 2859 1418 2917 Herode
1462 2872 1557 2916 aut
1592 2872 1864 2925 mactatus
1897 2875 1994 2921 aut

397 2959 575 3028 capite
603 2964 911 3012 truncatus.

468 3049 636 3106 Vens.
664 3048 752 3104 12.
795 3065 815 3100 ι
853 3046 1014 3104 Venit
1043 3046 1112 3102 ad
1138 3045 1360 3102 domum
1398 3044 1583 3101 Mariae
1615 3048 1809 3104 matris
1827 3046 1994 3104 Joan-

2105 486 2208 556 τῆς
2237 484 2503 558 ἀληθινῆς
2539 486 2800 549 πίστεως.

2700 600 2954 655 ΚΕΦΑΛ.
2992 597 3094 654 IA'.

2181 728 2202 764 ι
2249 707 2531 777 Ἐδόξαζον
2557 708 2650 764 τὸν
2687 709 2842 775 Θεὸν,
2872 698 3121 778 λέγοντες
3151 724 3166 740 ·
3201 709 3345 779 ’Λρα
3367 724 3430 777 γε
3464 705 3560 761 καὶ
3590 709 3708 771 τοῖς

2105 802 2318 859 ἔθνεσιν
2345 807 2375 858 ὁ
2405 804 2540 866 Θεὸς
2562 802 2664 875 τὴν
2699 803 2989 874 μετάνοιαν
3027 804 3108 866 είς
3136 801 3283 873 ζωὴν
3311 802 3534 855 ἔδωκεν.
3569 819 3591 852 ι

2179 897 2302 951 Ὅτι
2336 898 2369 968 ἡ
2401 898 2481 960 είς
2513 895 2752 967 Χριστὸν
2780 895 2988 960 πίστις,
3039 895 3334 966 μετάνοιαν
3369 894 3571 964 ἔχουσα
3609 894 3699 945 im?

2104 992 2219 1054 τοῖς
2255 988 2449 1061 πρώην
2476 990 2802 1061 πραχθεῖσιν
2833 988 3020 1053 αὐτοῖς
3047 987 3080 1059 ἢ
3119 986 3587 1058 δογματισθείσιν,
3623 988 3707 1049 εἰς

2106 1079 2253 1149 ζωὴν
2282 1080 2432 1149 ἄγει.

2181 1193 2199 1225 ι
2237 1172 2591 1244 Χρηματίσαι
2632 1188 2694 1225 τε
2729 1171 2964 1244 πρώτως
2998 1172 3057 1225 ὲν
3099 1169 3405 1241 Ἀντιοχείᾳ
3429 1168 3558 1232 τοὺς
3596 1186 3700 1239 μα-

2104 1264 2274 1336 θητὰς
2304 1263 2689 1335 Χριστιανούς.
2726 1282 2745 1316 ι

2175 1358 2539 1428 Σημειωτέον·
2578 1357 2661 1411 ὅτι
2714 1356 2916 1428 μᾶλλον
2966 1355 3054 1411 διὰ
3098 1356 3257 1411 τοῦτο
3305 1358 3341 1428 η
3403 1354 3704 1427 Ἀντιόχεια

2103 1448 2295 1522 θρόνου
2326 1448 2531 1521 ἠξιώθη
2558 1450 2908 1522 αρχοντικοῦο
2937 1451 3125 1525 ἐπειδὴ
3146 1452 3266 1505 ἐκεῖ
3289 1449 3506 1522 πρῶτον
3538 1450 3705 1520 ἐχρη-

2105 1543 2340 1614 μάτισαν
2369 1541 2419 1594 οἱ
2458 1540 2642 1595 πιστοὶ
2669 1541 3009 1610 Χριστιανοι.

2204 1658 2220 1685 ι
2266 1632 2713 1697 Ἀποστείλαντες
2770 1631 2909 1703 πρὸς
2966 1631 3095 1697 τοὺς
3154 1630 3565 1702 πρεσϐυτέρους
3614 1626 3704 1680 διὰ

2103 1725 2284 1799 χειρὸς
2317 1724 2575 1797 Βαρνάϐα
2601 1725 2697 1779 καὶ
2720 1723 2948 1777 Σαύλου.
2989 1742 3008 1775 ι

2175 1820 2338 1874 Ὥστε
2376 1815 2469 1873 οὖν
2517 1819 2613 1871 καὶ
2651 1816 3040 1889 πρεσϐυτέρων
3079 1811 3224 1889 εῐχον
3263 1816 3419 1885 ἀξίαν
3455 1818 3504 1871 οἱ
3560 1815 3702 1872 ἀπό-

2100 1911 2301 1966 στολον
2339 1911 2436 1964 καὶ
2462 1912 2519 1963 ὲν
2550 1908 2696 1980 ἄλλῳ
2726 1908 2783 1962 δὲ
2804 1908 3091 1980 κεφαλαίῳ
3119 1908 3518 1981 σεσημείωται.

2691 2022 2948 2079 ΚΕΦΑΛ.
2992 2020 3093 2077 IB'.

2173 2150 2194 2184 ι
2231 2131 2368 2186 Κατ’
2395 2130 2602 2185 ἐκεῖνον
2632 2128 2690 2182 δὲ
2723 2126 2815 2182 τὸν
2849 2126 3043 2198 καιρὸν
3082 2126 3351 2182 ἐπέϐαλεν
3392 2125 3639 2198 Ἡρώδης
3668 2121 3701 2179 ὅ

2099 2217 2352 2289 βασιλεὺς
2392 2218 2491 2280 τὰς
2528 2219 2717 2290 χεῖρας
2774 2215 3027 2270 κακῶσαί
3069 2232 3224 2281 τινας
3276 2215 3388 2270 τῶν
3438 2215 3547 2270 ἀπὸ
3593 2215 3698 2286 τῆς

2108 2311 2462 2383 Ἐκκλησίας.
2501 2329 2520 2362 ι

2166 2402 2277 2456 Θέα
2305 2403 2388 2456 ὅτι
2406 2403 2454 2455 οἰ
2474 2400 2657 2453 πιστοὶ
2679 2399 2891 2472 ἄνδρες,
2921 2399 3101 2454 καὶτὸ
3124 2399 3184 2466 ἐξ
3211 2399 3391 2454 αὐτῶν
3416 2400 3694 2470 σύστημα,

2109 2489 2410 2569 Ἐκκλησία
2447 2495 2719 2551 καλεῖται.

2173 2609 2193 2644 t
2248 2591 2453 2644 Ἀνεϊλε
2486 2589 2545 2643 δὲ
2587 2587 2847 2643 Ἰάκωϐον
2898 2588 2992 2642 τὸν
3031 2586 3265 2657 ἀδελφὸν
3303 2585 3555 2644 Ἰωάννου
3588 2604 3696 2658 μα-

2094 2683 2282 2755 χαίρᾳ.
2324 2701 2343 2736 ι

2168 2774 2513 2847 Σημειωτέον
2568 2774 2652 2829 ὅτι
2718 2772 2976 2839 Ἰάκωϐος
3027 2771 3249 2844 πρῶτος
3306 2769 3695 2843 ἐμαρτύρησεν

2093 2868 2204 2924 ἀπὸ
2229 2868 2338 2922 τῶν
2367 2867 2579 2923 δώδεκα
2603 2856 2895 2940 μαθητῶν,
2923 2866 3029 2920 ὑπὸ
3062 2865 3305 2937 Ἡρώδου
3329 2864 3362 2936 ἢ
3397 2864 3630 2935 σφαγεὶς
3657 2863 3694 2934 ἢ

2100 2961 2446 3034 ἀποτμηθεὶς
2469 2960 2569 3032 τὴν
2597 2961 2866 3032 κεφαλήν.

2171 3073 2191 3108 ‹
2216 3050 2421 3108 Ἦλθεν
2452 3054 2545 3107 ἐπὶ
2569 3052 2669 3123 τὴν
2693 3052 2873 3105 οἰκίαν
2896 3051 3118 3122 Μαρίας
3139 3050 3238 3120 τῆς
3263 3050 3469 3123 μητρὸς
3509 3047 3697 3104 Ἰωάν-

399 3144 484 3200 nis
534 3143 627 3213 qui
689 3139 1105 3212 cognominatus
1136 3147 1220 3194 est
1255 3137 1492 3206 Marcus,
1522 3138 1614 3195 ubi
1643 3149 1803 3195 erant
1836 3140 1989 3195 multi

2125 3163 2189 3201 που
2222 3145 2323 3199 τοῦ
2353 3113 2791 3215 ὲπικαλουξιένου
2818 3113 3072 3214 Μάρκου,
3097 3113 3169 3198 *οὗ
3193 3113 3340 3214 ἦέαᾷ
3367 3113 3546 3195 ἱκανοὶ
3572 3157 3696 3225 συν-

397 3234 714 3307 congregati
737 3241 792 3288 et
823 3241 1065 3287 orantes.
1107 3247 1128 3282 ι

455 3326 666 3380 Forsan
693 3324 799 3377 iste
828 3330 914 3377 est
948 3319 1165 3376 Marcus
1205 3319 1541 3392 evangelista
1567 3336 1667 3392 per
1693 3337 1852 3392 quem
1907 3322 1992 3377 di-

392 3427 531 3474 cunt
552 3414 773 3469 Petrum
802 3411 1159 3482 Evangelium
1191 3411 1607 3469 disseminasse.
1650 3412 1789 3467 Nam
1817 3412 1989 3469 Marci

402 3506 773 3577 Evangelium,
798 3504 955 3574 .Petri
986 3504 1189 3560 dicitur
1215 3519 1343 3560 esse
1371 3521 1387 3572 ;
1421 3507 1565 3575 quod
1588 3504 1885 3560 verisimile
1906 3514 1992 3562 est

397 3615 464 3656 ex
490 3613 556 3655 eo
589 3597 735 3669 quod
766 3602 820 3652 et
865 3595 1005 3667 apud
1031 3595 1206 3665 ipsum
1235 3605 1586 3653 remanerent
1617 3605 1674 3652 et
1709 3594 1909 3655 Petrus
1935 3607 1992 3656 et

397 3690 612 3764 reliqui.

453 3779 721 3839 VensJS.
756 3797 775 3832 ι
811 3777 890 3834 11ιὶ
919 3784 1104 3833 autem
1133 3776 1414 3833 dicebant:
1435 3774 1678 3847 Angelus
1694 3777 1811 3848 ejus
1835 3786 1937 3834 est.
1965 3796 1984 3831 ι

461 3870 716 3926 Attamen
784 3868 1084 3924 notandum
1147 3868 1200 3922 itt
1259 3866 1457 3939 primis
1508 3866 1651 3935 quod
1706 3868 1987 3924 hominum

399 3964 769 4034 unusquisque
793 3962 893 4016 viae
937 3960 1217 4016 custodem
1272 3958 1457 4025 habet,
1485 3967 1543 4014 et
1590 3959 1733 4028 quod
1785 3958 1991 4016 indesi-

400 4067 596 4112 neuter
636 4053 863 4125 angelos
885 4050 1314 4108 considerabant
1359 4049 1572 4115 ﬁdeles,
1606 4052 1751 4107 sicut
1778 4051 1988 4122 Philip-

398 4165 500 4221 pus
548 4158 603 4203 et
652 4147 798 4203 Petri
850 4157 906 4201 et
954 4144 1184 4200 Joannis
1230 4142 1386 4209 socii,
1439 4152 1496 4199 et
1545 4142 1687 4211 alii;
1741 4144 1990 4203 inﬁdeles

397 4243 543 4297 enim
570 4256 676 4296 non
704 4238 907 4306 vident,
940 4236 1068 4293 licet
1090 4250 1195 4293 non
1228 4236 1386 4307 longe
1430 4235 1540 4292 sint
1567 4237 1638 4292 ab
1679 4238 1803 4294 illis.
1828 4237 1990 4295 Certe

400 4350 507 4389 non
536 4333 669 4388 vidit
699 4332 874 4402 ipsum
902 4329 1302 4401 percutientem
1322 4329 1573 4398 angelum
1600 4329 1862 4394 Herodes,
1890 4333 1988 4387 sed

2096 3234 2455 3308 ηθροισμένοι
2488 3236 2582 3288 καὶ
2609 3233 3064 3305 προσευχόμενοι.
3102 3253 3122 3288 ν

2167 3327 2325 3399 Τάχα
2371 3321 2530 3392 οὗτός
2573 3328 2691 3381 ἐστι
2724 3328 2955 3399 Μάρκος
2995 3328 3023 3381 ὁ
3070 3326 3497 3399 εὐαγγελιστὴς,
3537 3327 3605 3380 δι’
3629 3319 3693 3381 οὗ

2094 3416 2344 3488 λέγουσιν
2370 3418 2452 3472 ὅτι
2489 3418 2695 3490 Πέτρος
2727 3417 3125 3488 εὐαγγελίσατο
3150 3427 3197 3455 ι·
3229 3420 3291 3472 τὺ
3318 3418 3429 3490 γὰρ
3456 3418 3690 3488 Μάρκου

2094 3514 2447 3583 Εὐαγγέλιον,
2473 3513 2686 3586 Πέτρου
2707 3512 2928 3583 λέγεται
2959 3507 3122 3566 εἶναι·
3150 3513 3447 3575 πιθανοςδὲ
3477 3515 3505 3567 ὁ
3535 3513 3692 3583 λόγος

2091 3607 2151 3675 ἐξ
2178 3599 2254 3662 ὧν
2283 3607 2379 3662 καὶ
2415 3607 2552 3678 πρὸς
2578 3607 2743 3662 αὐτὸν
2778 3607 3084 3678 κατέμενον
3113 3608 3141 3662 ὅ
3179 3627 3236 3663 τε
3272 3609 3484 3681 Πέτρος
3506 3608 3601 3661 καὶ
3641 3609 3694 3661 οἱ

2091 3699 2291 3755 λοιποί.

2167 3810 2188 3846 ο
2227 3794 2289 3847 (tl
2316 3792 2373 3848 δὲ
2400 3790 2586 3862 ἔλεγον
2605 3808 2618 3822 ·
2648 3790 2708 3845 '0
2740 3792 2970 3862 ἄγγελος
3005 3790 3171 3846 αὐτοῦ
3201 3792 3403 3849 ἐστιν.»

2163 3884 2315 3949 Τέως
2351 3883 2690 3956 σημειωτέον
2740 3885 2799 3938 ὲν
2846 3884 3122 3955 πρώτοις,
3172 3886 3254 3939 ὅτι
3295 3886 3533 3951 ’ἕκαστος
3579 3888 3691 3941 τῶν
3802 3948 3807 3949 ί

2091 3974 2397 4048 ἀνθρώπων
2428 3976 2541 4047 ἔχει
2563 3976 2776 4048 ὀδηγόν·
2809 3976 2906 4030 καὶ
2926 3977 3008 4031 ὃτι
3033 3977 3279 4049 συνεχῶς
3309 3978 3499 4051 ἐώρων
3524 3980 3690 4049 ἀγγέ-

2090 4068 2216 4132 λους
2246 4069 2294 4123 οἱ
2325 4067 2527 4123 πιστοί·
2555 4068 2632 4132 ὡς
2669 4069 2698 4121 ὁ
2725 4068 2992 4133 Φίλιππος
3022 4071 3116 4123 καὶ
3144 4072 3193 4124 οἱ
3236 4071 3365 4141 περὶ
3397 4080 3421 4119 .7
3480 4072 3690 4142 Πέτρον

2091 4162 2187 4216 καὶ
2227 4162 2482 4235 Ἰωάννην
2507 4162 2603 4216 καὶ
2631 4163 2681 4215 οἱ
2711 4160 2883 4217 ἄλλοι·
2908 4163 2956 4215 οἱ
2981 4162 3092 4234 γὰρ
3119 4162 3343 4217 ἄπιστοι
3368 4164 3470 4236 οὐχ
3493 4164 3688 4235 ὁρῶσι,

2091 4254 2194 4309 κᾶν
2232 4254 2463 4326 πλησίον
2489 4247 2623 4309 ὦσιν
2649 4253 2852 4307 αὐτῶν·
2883 4238 3077 4325 ἀμέλει
3100 4256 3131 4308 ὁ
3171 4254 3423 4328 Ἡρώδης
3452 4258 3553 4310 οὐκ
3577 4252 3689 4311 εἶδε

2091 4346 2182 4401 τὸν
2213 4346 2537 4411 πατάξαντα
2559 4345 2723 4400 αὒτδν
2748 4328 3020 4415 ἆίίγελον·
3053 4345 3193 4400 ἀλλὰ
3212 4346 3315 4418 τῆς
3346 4348 3447 4421 μὲν
3470 4350 3690 4422 πληγῆς

398 4428 615 4497 plagam
649 4426 842 4492 sensit;
874 4423 999 4494 quis
1021 4437 1151 4479 vero
1170 4421 1484 4493 percutiens
1508 4432 1650 4487 erat,
1686 4423 1831 4480 hunc
1879 4438 1986 4480 non

2125 4437 2315 4508 ισθετο,
2351 4437 2438 4502 τίς
2459 4437 2512 4491 δὲ
2538 4436 2567 4490 ὁ
2591 4435 2801 4509 πλήξας
2825 4436 2928 4492 οὐκ
2959 4435 3249 4493 ἐθεάσατο.

398 4520 535 4574 vidit
564 4517 824 4574 Herodes.

1040 4626 1194 4684 CAP.
1237 4624 1377 4683 XIII.

457 4746 626 4804 Vens.
663 4747 716 4802 l.
749 4763 768 4797 ι
805 4743 973 4799 Erant
998 4751 1181 4798 autem
1211 4741 1266 4797 in
1308 4741 1550 4799 Ecclesia
1590 4759 1710 4815 quae
1735 4754 1851 4802 erat
1873 4747 1990 4802 An-

402 4842 618 4897 tiochite
647 4839 928 4911 propheta:
951 4845 1007 4891 et
1027 4834 1280 4891 doctores
1306 4836 1359 4891 in
1381 4836 1599 4905 quibus,
1626 4836 1901 4895 Barnabas
1934 4849 1993 4896 et

402 4937 593 4991 Simon
629 4932 723 5003 qui
766 4929 1065 4985 vocabatur
1106 4926 1293 4999 Niger,
1345 4939 1402 4984 et
1445 4927 1648 4987 Lucius
1701 4930 1987 5002 Cyrenen-

399 5027 501 5090 sis,
538 5045 558 5078 ι
596 5036 706 5081 etc.

463 5119 770 5177 Notandum
797 5116 940 5182 quod
971 5124 1027 5170 et
1062 5113 1260 5170 Paulus
1284 5122 1339 5169 et
1377 5113 1656 5172 Barnabas
1695 5131 1820 5171 cum
1862 5132 1983 5187 pro.

402 5213 581 5282 phelis
620 5206 992 5264 includuntur.

452 5324 470 5357 ι
503 5302 569 5357 Ει
594 5296 887 5364 Manalten,
927 5298 1019 5369 qui
1053 5307 1174 5354 erat
1207 5297 1438 5354 llerodis
1483 5299 1773 5355 tetrarchae
1818 5300 1988 5357 colla-

401 5405 645 5451 ctaneus.
681 5408 701 5442 ι

454 5484 597 5539 Ecce
638 5478 1060 5552 uniuscujusque
1102 5495 1305 5550 mores,
1349 5495 1450 5537 nec
1501 5478 1692 5552 primae
1740 5480 1989 5537 iul'antite

2615 4597 2624 4606 ’
2702 4636 2955 4692 ΚΕΦΑΛ.
2989 4635 3093 4692 ll".

2171 4771 2191 4804 ί
2228 4746 2412 4804 Ἦσαν
2444 4748 2503 4803 δέ
2546 4765 2692 4813 τινες
2736 4750 2795 4804 ἐν
2842 4750 3144 4822 Ἀντιοχείᾳ
3191 4750 3335 4805 κατὰ
3383 4749 3484 4822 τὴν
3520 4743 3690 4804 οὖσαν

2109 4838 2438 4910 Ἐκκλησίαν
2469 4840 2746 4910 προφῆται
2779 4840 2873 4893 καὶ
2890 4832 3228 4905 διδάσκαλοι,
3257 4840 3286 4893 ὅ
3310 4857 3370 4893 τε
3397 4838 3689 4911 Βαρνάϐας

2097 4932 2196 4986 καὶ
2241 4930 2467 5000 Συμεὼν
2518 4931 2547 4981 ὀ
2598 4929 2929 5001 καλούμενος
2980 4930 3178 5003 Νίγερ,
3231 4929 3327 4982 καὶ
3378 4927 3611 4992 Λούκιος
3661 4930 3691 4981 ὁ

2097 5024 2427 5094 Κυρηναῖος.
2470 5041 2490 5075 ι

2170 5116 2517 5186 Σημειωτὲον
2565 5116 2648 5169 ὅτι
2696 5117 2790 5170 καὶ
2833 5113 3045 5178 Παῦλος
3076 5114 3168 5168 καὶ
3218 5112 3507 5186 Βαρνάϐας
3550 5109 3690 5183 μετὰ

2094 5205 2202 5260 τῶν
2236 5206 2532 5278 προφητῶν
2567 5206 2974 5279 κατετάγησαν.

2173 5318 2193 5351 ι
2224 5300 2457 5371 Μαναήν
2486 5316 2545 5353 τε
2590 5299 2833 5371 Ἡρώδου
2859 5298 2955 5353 τοῦ
2985 5297 3288 5370 τετράρχου
3310 5296 3630 5369 σύντροφος.
3663 5314 3682 5347 ι

2184 5490 2316 5545 Ἰδοὺ
2346 5493 2374 5546 ὁ
2397 5492 2597 5568 τρόπος
2627 5493 2886 5562 ἑκάστου,
2927 5494 3022 5547 καὶ
3045 5493 3148 5548 οὐκ
3179 5494 3243 5548 ὲκ
3270 5504 3291 5531 κ
3325 5493 3516 5558 παιδὸς
3549 5493 3686 5550 ἁνα-

474 5628 497 5657 ι
529 5613 664 5681 Cod,
694 5612 860 5671 Coisl.
895 5616 1051 5688 εὐηγ.
1129 5624 1158 5665 1
1197 5615 1333 5671 Cod.
1364 5614 1529 5672 CoisI.
1570 5615 1599 5667 6
1626 5613 1777 5686 περί.
1855 5624 1879 5652 ι
1907 5614 1992 5671 (ἔοι

2125 5622 2242 5679 nisl.
2278 5626 2431 5699 οὖχή
2466 5629 2552 5685 ἐκ.

476 5729 588 5803 (12)
616 5728 745 5787 Cod.
775 5728 941 5787 Cuisl.
974 5732 1087 5786 lucc
1119 5729 1408 5784 Ammonio
1439 5728 1702 5798 assignat.
