4064 6472
344 363 479 431 1541

1254 370 1718 430 FRAGMENTA
1764 370 1844 432 IN
1892 373 2083 433 ACTA
2120 376 2704 441 APOSTOLORUM.

3494 380 3633 449 1542

331 486 515 555 τροφὴ
547 483 713 550 σώζει
733 499 747 515 ⁸
787 484 950 556 βλέπε
980 483 1087 556 γάρ
1115 484 1233 549 πῶς
1264 487 1294 539 ὁ
1342 485 1443 556 μὲν
1491 486 1743 559 Ἡρώδης
1773 488 1926 542 κάκι-

2041 491 2289 547 educatio
2317 492 2510 547 salvat.
2582 491 2714 548 Vide
2743 506 2905 563 quam
2928 494 3202 563 pessimus
3231 502 3349 550 eral
3379 494 3482 551 iste
3522 499 3633 553 lle-

334 594 467 640 στος
494 573 583 647 ἦν,
626 577 702 648 μὴ
740 577 1021 648 βουληθεὶς
1053 577 1411 648 μετανοῆσαι·
1447 577 1476 631 ό
1496 577 1552 631 δὲ
1582 577 1776 632 τούτου
1810 578 1936 633 σύν·

332 686 539 741 στρόφος
568 669 816 740 Μαναὴν,
846 668 1104 723 τοσοῦτον
1151 667 1497 742 μετεϐλήθη,
1540 670 1624 725 ὅτι
1663 671 1760 725 καὶ
1796 688 1935 744 προ-

336 761 570 829 φητείας
594 758 822 830 ἠξιώθη.

416 868 437 901 ‹
484 848 961 921 Λειτουργούντων
991 851 1050 905 δὲ
1091 852 1273 907 αὐτῶν
1337 851 1415 924 τῷ
1459 851 1655 925 Κυρίῳ
1698 852 1792 908 καὶ
1834 870 1934 925 νη-

335 942 663 1005 στευόντων,
696 938 817 995 εἷπε
847 945 909 996 τὸ
940 943 1166 1015 Πνεῦμα
1190 945 1251 998 τὸ
1288 944 1501 1013 ἅγιον.)

411 1034 759 1105 Σημειωτὲον
795 1035 877 1088 ὅτι
913 1035 974 1088 ού
1004 1038 1116 1100 τοῖς
1149 1037 1381 1107 τυχοῦσι
1412 1036 1566 1091 λαλεῖ
1602 1036 1663 1091 τὸ
1704 1035 1935 1107 Πνεῦμα

329 1125 400 1177 τὸ
440 1125 619 1189 ᾶγιον,
669 1124 808 1179 ἀλλά
860 1129 975 1190 τοῖς
1023 1126 1437 1200 λειτουργοῦσιν
1486 1127 1638 1201 αὐτῷ
1695 1129 1793 1183 καὶ
1838 1145 1935 1200 νη-

336 1215 612 1269 στεύουσι·
642 1218 737 1269 καὶ
782 1217 946 1271 πάλιν
980 1222 1339 1290 σημειωτέον,
1365 1221 1447 1274 ὅτι
1477 1220 1577 1291 ούχ
1625 1219 1700 1285 ὡς
1740 1218 1934 1290 ἔτυχεν

334 1308 708 1378 ἐχειροτόνουν
748 1310 876 1373 τοὺς
917 1309 1237 1377 διακόνους,
1273 1311 1415 1365 ἀλλά
1465 1309 1934 1383 προνηστεύοντες

336 1400 437 1453 καὶ
466 1400 773 1470 εὐχόμενοι·
813 1400 909 1455 καὶ
955 1401 1066 1456 ίδοὺ
1099 1402 1263 1456 πάλιν
1305 1402 1587 1473 ἐπέθηκαν
1612 1402 1712 1466 τάς
1743 1404 1935 1473 χεῖρας

334 1495 452 1555 τοῖς
477 1493 606 1563 περὶ
635 1491 861 1546 Σαῦλονο
891 1493 968 1557 ὡς
998 1496 1062 1548 ἐκ
1093 1494 1288 1548 τούτου
1313 1494 1699 1565 στοχάζεσθαι,
1729 1494 1812 1547 ὅτι
1842 1492 1933 1547 τὸν

335 1580 432 1633 τοῦ
471 1582 721 1635 διακόνου
769 1582 976 1655 βαθμὸν
1015 1584 1106 1640 διά
1132 1587 1234 1658 τῆς
1261 1586 1660 1658 ἐπιγενομένης
1687 1585 1934 1658 χειροθε-

339 1673 463 1737 σίας
489 1675 861 1747 ὑπερέϐησαν.

418 1807 438 1840 ι
473 1789 630 1843 Μετά
659 1789 716 1842 δὲ
734 1788 844 1861 *τὴν
867 1790 1180 1860 ἀνάγνωσιν
1204 1788 1301 1845 τοῦ
1323 1792 1493 1864 νόμου
1518 1790 1612 1846 καὶ
1644 1789 1757 1844 τῶν
1795 1806 1933 1862 {upo-

340 1878 549 1951 φητῶν,
591 1879 920 1935 ἀπέστειλαν
967 1884 1017 1936 οί
1066 1883 1511 1955 ἀρχισυνάγωγοι
1545 1882 1696 1954 -πρὸς
1734 1882 1932 1947 αὐτοὺς

337 1970 616 2039 λέγοντεςο
647 1973 873 2043 Ἄνδρες
898 1973 1140 2046 ἀδελφοὶ,
1175 1977 1229 2029 ετ
1255 1978 1339 2042 τίς
1362 1979 1512 2031 ἐστιν
1533 1978 1593 2030 ἐν
1614 1976 1745 2049 ύμῖν
1777 1974 1932 2044 λόγος

336 2065 742 2137 παρακλήσεως
775 2068 913 2137 πρὸς
948 2068 1041 2122 τὸν
1069 2069 1218 2134 λαὸν,
1255 2070 1466 2139 λέγετε.
1505 2092 1527 2127 ›

412 2158 573 2222 Ἐθος
601 2160 715 2223 τοῖς
774 2159 1053 2226 Ἰουδαίοις
1101 2163 1162 2216 ἐν
1191 2165 1304 2228 τοῖς
1340 2165 1617 2225 Σάσόασιν
1657 2173 1931 2247 ἀναγινώ-

337 2267 492 2304 σκειν
523 2251 616 2306 τὸν
639 2252 805 2319 νόμον
847 2254 1139 2320 Μωῦσέως
1177 2256 1274 2310 καὶ
1312 2258 1441 2324 τοὺς
1470 2264 1761 2337 προφήτας
1781 2285 1795 2299 ·
1836 2270 1933 2324 καὶ

337 2342 479 2414 μετὰ
508 2342 611 2415 τὴν
633 2344 842 2398 τούτων
872 2346 1180 2415 ἀνάγνωσιν
1211 2350 1572 2421 προσομιλεῖν
1602 2357 1698 2409 καὶ
1723 2359 1933 2431 ἐξηγεῖς

335 2435 500 2489 σθαι·
531 2435 614 2491 διὸ
643 2442 739 2491 καὶ
764 2440 815 2492 οἱ
857 2438 1131 2493 Ἰουδαίων
1161 2442 1607 2514 ἀρχισυνάγωγοι
1646 2450 1787 2519 μετά
1832 2451 1931 2523 τὴν

333 2527 646 2598 ἀνάγνωσιν
684 2532 1092 2603 προετρέποντο
1127 2534 1257 2599 τοὺς
1286 2534 1418 2606 περί
1451 2536 1666 2595 Παῦλον
1697 2541 1931 2614 λαλῆσαι

334 2623 763 2694 παραινετικοὺς
789 2623 985 2694 λόγους
1015 2628 1084 2698 τῇ
1119 2633 1441 2702 συναγωγῇ.

409 2753 429 2786 ι
471 2734 570 2788 Διὰ
600 2734 759 2788 τοῦτο
787 2737 916 2806 ὑμῖν
939 2737 1136 2806 ἄφεσις
1159 2739 1449 2809 ἁμαρτιῶν
1474 2745 1926 2814 καταγγέλλεται·

331 2828 428 2881 καὶ
450 2827 560 2880 ἀπὸ
596 2826 839 2892 πάντων,
873 2820 948 2879 ὧν
992 2828 1096 2880 οὐκ
1125 2829 1436 2902 ἠδυνήθητε
1473 2834 1534 2889 ἐν
1570 2834 1723 2908 νόμῳ
1760 2838 1930 2892 Μωῡ..

333 2919 475 2981 σέως
497 2917 881 2989 δικαιωθῆναι,
910 2920 968 2972 ἐν
996 2919 1175 2990 τούτῳ
1199 2923 1308 2988 πᾶς
1331 2923 1360 2976 ὁ
1385 2923 1663 2979 πιστεύων
1687 2926 1930 2983 δικαιού-

328 3026 447 3066 ται.
488 3028 508 3062 ι

401 3125 750 3197 Σημειωτέον
795 3127 877 3181 ὄτι
909 3128 938 3181 ὀ
979 3130 1060 3193 εἰς
1089 3129 1183 3185 τὸν
1216 3132 1456 3204 Χριστὸν
1499 3135 1794 3204 πιστεύων,
1832 3140 1928 3195 καί¹

2040 584 2203 638 rodes
2242 584 2334 654 qui
2368 584 2610 640 converti
2639 584 2880 641 nolebat.
2929 586 3318 644 Collactaneus
3350 588 3468 657 ejus
3515 589 3632 644 Ma-

2037 677 2219 731 nalien
2279 685 2545 746 quantum
2588 686 2832 734 mutatus
2881 678 2973 734 aui
3023 679 3163 734 dono
3209 679 3507 750 prophetia:
3550 681 3633 735 di-

2036 782 2175 837 gnus
2209 768 2519 825 haberetur.

2096 860 2259 916 Vens.
2291 860 2346 915 2.
2390 879 2410 913 σ
2438 858 2868 916 Ministrantibus
2905 870 3087 917 autem
3131 862 3240 919 illis
3285 862 3516 922 Domino
3570 874 3629 921 et

2031 951 2428 1023 jejunantibns,
2453 953 2588 1008 dixit
2618 953 2854 1023 Spiritus
2885 964 3125 1009 sanctus.
3164 971 3184 1007 ι

2112 1044 2419 1101 Notandum
2451 1047 2597 1116 quod
2632 1061 2738 1101 non
2776 1046 2825 1101 ei
2854 1047 2946 1115 qui
2985 1047 3195 1116 primus
3222 1049 3443 1103 obvenit
3480 1048 3629 1104 fatur

2038 1138 2274 1208 Spiritus
2306 1149 2549 1203 sanctus,
2570 1139 2665 1194 sed
2692 1138 3129 1195 ministrantibus
3154 1148 3209 1194 et
3235 1140 3626 1211 jejunantilius.

2035 1228 2103 1283 Et
2127 1229 2319 1285 iterum
2345 1229 2639 1284 notandum
2661 1229 2804 1299 quod
2821 1244 2926 1284 non
2947 1229 3088 1285 sicut
3116 1230 3168 1284 in
3194 1246 3353 1284 manu
3375 1240 3493 1286 erat
3510 1247 3630 1286 ma-

2036 1337 2138 1377 nus
2171 1321 2545 1391 imposuerunt
2567 1335 2731 1391 super
2749 1320 3031 1387 diaconos,
3068 1321 3161 1375 sed
3190 1322 3341 1390 prius
3358 1337 3523 1391 super
3546 1320 3631 1390 je-

2029 1413 2288 1484 junantes
2308 1420 2597 1467 etorantes
2620 1427 2636 1474 ;
2660 1413 2754 1467 sed
2774 1427 2901 1467 ecce
2925 1413 3102 1467 adhuc
3137 1428 3328 1467 manus
3356 1413 3629 1482 imposue-

2036 1514 2167 1562 runt
2191 1504 2629 1575 superSaulum.
2661 1502 2944 1573 Tanquam
2996 1503 3191 1558 exinde
3246 1518 3465 1558 onmem
3516 1504 3632 1573 pie-

2035 1605 2204 1657 tatem
2247 1596 2568 1663 inferentes,
2622 1598 2750 1666 quia
2806 1596 3019 1651 diaconi
3044 1596 3272 1667 gradum
3300 1610 3396 1666 per
3432 1611 3629 1666 super-

2034 1690 2348 1747 venientem
2376 1689 2777 1746 ordinationem
2811 1689 3168 1745 excedebant.

2098 1806 2269 1863 Vens.
2302 1805 2390 1862 15.
2428 1823 2447 1858 ι
2481 1805 2614 1861 Post
2634 1804 2926 1860 lectionem
2954 1811 3139 1858 autem
3168 1801 3302 1873 legis
3322 1812 3375 1858 et
3397 1802 3631 1871 prophe-

2037 1905 2238 1962 tarum,
2270 1897 2539 1952 miserunt
2581 1895 2856 1965 principes
2889 1907 3178 1965 synagogas
3211 1894 3280 1947 ad
3318 1907 3415 1948 eos
3441 1892 3629 1947 dicen-

2037 1997 2118 2061 tes
2152 2006 2167 2044 :
2209 1987 2321 2043 Viri
2351 1989 2572 2054 fratres,
2603 1988 2645 2042 si
2671 1988 2794 2057 quis
2822 1994 2908 2043 est
2946 1988 3000 2041 in
3034 1985 3190 2042 vobis
3229 2000 3411 2042 sermo
3433 1987 3632 2043 exhor-

2023 2076 2259 2132 tationis
2285 2076 2353 2131 ad
2388 2076 2603 2147 plebem
2630 2076 2815 2131 dicite.
2860 2094 2881 2129 ι

2092 2167 2208 2225 llos
2239 2169 2381 2238 apud
2431 2183 2525 2224 eos
2553 2167 2818 2223 Sabbatis
2845 2167 3062 2236 legendi
3116 2167 3319 2239 Moysis
3370 2167 3543 2237 legem
3573 2174 3630 2223 et

2032 2261 2328 2332 prophetas
2363 2274 2380 2324 ;
2414 2269 2467 2314 et
2492 2268 2615 2330 post
2649 2258 2868 2313 illorum
2904 2258 3103 2328 legem,
3152 2259 3472 2314 concionem
3526 2262 3627 2314 lia-

2032 2350 2165 2406 bere
2186 2358 2242 2405 et
2267 2349 2562 2418 explanare
2592 2365 2608 2415 ;
2644 2348 2831 2419 itaque
2855 2359 2910 2404 et
2941 2346 3250 2404 Iudaeorum
3313 2349 3628 2421 arcliisyna-

2034 2442 2154 2513 gogi
2189 2452 2310 2512 post
2358 2441 2650 2497 lectionem
2701 2440 2929 2496 Paulum
2977 2450 3033 2496 et
3065 2454 3161 2496 eos
3216 2441 3309 2511 qui
3355 2456 3480 2496 cum
3535 2442 3626 2496 illo

2034 2543 2192 2588 erant
2225 2533 2530 2588 invitabant
2576 2541 2637 2587 ut
2666 2532 3067 2589 exhortationis
3116 2546 3399 2588 sermones
3429 2532 3497 2587 ad
3545 2546 3630 2604 sy-

2036 2638 2301 2695 nagogam
2341 2632 2704 2694 exponerent.

2084 2737 2252 2794 Vens.
2282 2738 2373 2794 59.
2413 2756 2432 2791 ¢
2464 2735 2569 2793 Per
2617 2737 2721 2793 hoc
2760 2735 2918 2793 vobis
2979 2734 3231 2791 remissio
3264 2742 3620 2806 peccatorum

2033 2831 2391 2889 annuntiatur
2421 2848 2437 2899 ;
2472 2830 2618 2885 etab
2645 2830 2900 2886 omnibus
2949 2830 3151 2900 quibus
3205 2843 3314 2884 non
3365 2828 3625 2899 potuistis

2035 2924 2087 2978 in
2118 2923 2234 2993 lege
2281 2922 2449 2994 Moysi
2472 2921 2803 2993 iustificam.
2844 2919 2901 2976 In
2939 2921 3043 2976 hoc
3093 2920 3273 2977 omnis
3306 2920 3400 2989 qui
3449 2920 3625 2975 credit

2028 3014 2385 3086 juStificatur.
2422 3034 2443 3068 ι

2078 3126 2390 3185 Notandum
2417 3128 2561 3198 quod
2593 3128 2685 3199 qui
2726 3127 2779 3183 in
2810 3125 3093 3182 Christum
3135 3127 3333 3192 credit,
3370 3136 3427 3183 et
3459 3125 3622 3196 justi-

328 3180 662 3283 δικαίοῦται,
704 3180 802 3275 καὶ
838 3180 1058 3292 ἄφεσίν.

2041 3220 2229 3276 licalur
2279 3230 2334 3274 et
2388 3220 2767 3276 remissionem
2829 3231 3177 3289 peccatorum
3244 3221 3618 3292 consequitur.

327 3312 493 3382 νόμος
526 3312 804 3377 Μωῡσέως
830 3314 931 3368 οὐκ
962 3314 1169 3381 ἄδικος,
1193 3317 1332 3372 ἀλλά
1363 3320 1624 3393 σκληρὸς,
1646 3323 1742 3378 καὶ
1769 3324 1927 3380 δυνά-

332 3420 493 3474 μενος
522 3404 579 3458 δὲ
606 3404 898 3460 δικαιῶσαι
930 3407 1023 3461 τὸν
1051 3408 1358 3479 ἀμέμπτως
1394 3413 1576 3468 πάντα
1603 3413 1674 3468 τὰ
1714 3414 1809 3469 τοῦ
1837 3417 1928 3471 νό-

332 3514 437 3568 μου
493 3498 823 3552 τελέσαντα·
879 3499 961 3553 διὸ
994 3500 1258 3565 ἀδύνατος
1292 3502 1371 3566 είς
1419 3504 1766 3576 κατόρθωσιν
1811 3510 1926 3573 τοῖς

327 3588 639 3659 ἀνθρώποις
669 3590 846 3661 ἐφάνη
866 3631 881 3656 ,
919 3589 1008 3644 διά
1053 3589 1112 3643 τὸ
1142 3589 1233 3643 τὸν
1260 3591 1344 3644 ἐνί
1382 3595 1645 3648 πταίοντα
1675 3596 1923 3665 γίνεσθαι

327 3681 549 3734 πάντων
583 3680 785 3752 ἔνοχον·
815 3681 916 3751 οὐχ
942 3682 972 3734 ό
1001 3681 1164 3751 νόμος
1189 3681 1284 3736 οὖν
1311 3682 1411 3736 οὐκ
1432 3683 1665 3754 ἠδύνατο
1693 3686 1921 3741 δικαιῶ-

329 3788 447 3836 σαι,
479 3772 616 3826 ana
665 3772 726 3826 τὸ
772 3773 1167 3844 άκατόρθωτον
1216 3773 1384 3828 αὐτοῦ
1421 3775 1720 3841 ἀδυνάτους
1747 3778 1922 3833 ἐποίει

324 3866 453 3928 τοὺς
490 3864 810 3937 ἀνθρώπους
850 3865 939 3918 διὰ
968 3865 1077 3919 τῶν
1106 3865 1338 3920 ἐντολῶν
1367 3867 1461 3922 τοῦ
1493 3870 1662 3939 νόμου
1691 3872 1918 3926 δικαιω-

326 3956 487 4028 θῆναι
507 3974 522 3988 ·
562 3957 750 4022 καθὼς
788 3958 882 4012 καὶ
909 3958 969 4011 τὸ
1000 3959 1154 4031 ῥῆμά
1185 3975 1371 4030 φησιν,
1405 3952 1524 4014 Ὧν
1551 3962 1664 4016 οὐκ
1689 3961 1919 4033 ἠδυνή-

327 4052 467 4116 θητε
491 4049 561 4102 ἐν
590 4049 755 4119 νόμῳ
782 4048 1081 4116 Μωῢσέως
1109 4049 1527 4120 δικαιωθῆναι.

402 4159 422 4193 ε
474 4139 761 4206 Ἐξιόντων
809 4141 868 4194 δέ
915 4140 1094 4194 αὐτῶν
1147 4141 1230 4205 εἰς
1266 4141 1327 4194 τὸ
1380 4142 1588 4213 μεταξὺ
1635 4143 1918 4200 Σάϐϐατον

324 4232 672 4303 παρεκάλουν
699 4231 1001 4303 λαληθῆναι
1026 4232 1216 4294 αὐτοῖς
1242 4231 1312 4285 τά
1343 4234 1568 4305 ῥήματα
1590 4233 1787 4289 ταῦτα.
1820 4255 1839 4288 ι

388 4326 494 4388 Εἰς
519 4325 585 4377 τὸ
612 4323 842 4393 μεταξὺ
869 4323 1206 4380 Σάϐϐατον·
1235 4324 1359 4378 ἀντὶ
1395 4323 1515 4393 τοῦ,
1550 4324 1612 4379 τὸ
1634 4337 1662 4367 ι
1715 4327 1913 4399 ἐσόμε-

322 4430 435 4479 νον,
465 4415 542 4477 ὼς
576 4414 866 4485 σαφηνίζει
899 4413 1051 4467 κάτω
1077 4413 1210 4486 (15).

400 4547 419 4582 ι
458 4527 569 4583 Καὶ
590 4527 692 4581 ούκ
728 4526 912 4594 ἀξίους
942 4528 1163 4600 κρίνετε
1201 4527 1454 4592 ἑαυτούς.
1501 4547 1521 4581 ι

396 4643 562 4698 Ὥστε
601 4642 695 4698 οὖν
719 4645 748 4698 ό
776 4643 908 4709 Θεὸς
937 4642 1093 4698 οὐδὲν
1123 4644 1343 4710 ἀνάξιον
1373 4644 1523 4715 λέγει
1549 4645 1645 4699 τοῦ
1674 4646 1919 4718 σωθῆναι

321 4739 357 4808 ἢ
382 4738 464 4803 εἰς
494 4739 595 4811 τὴν
621 4738 902 4809 βασιλείαν
926 4737 1091 4792 αὐτοῦ
1118 4740 1404 4804 εἰσελθεῖν,
1423 4739 1549 4795 οὔτε
1587 4745 1649 4796 τὸ
1673 4741 1918 4797 ἐναντίον

320 4828 531 4899 κρίνειν
571 4829 601 4870 ι)
631 4829 722 4884 τὸν
750 4829 1036 4901 άνθρωπον
1064 4828 1216 4894 ἄξιον
1261 4824 1400 4883 εἶναι
1447 4831 1758 4896 κολάσεως
1794 4831 1913 4885 ἀλλ’

322 4924 484 4994 ἡμεῖς
526 4922 753 4986 ἐαυτοὺς
792 4922 1052 4993 κρίνομεν
1110 4921 1253 4975 κατά
1297 4920 1397 4992 τὴν
1449 4922 1699 4978 ἑκούσιον
1753 4923 1913 4995 ἡμῶν

321 5014 544 5077 κακίαν,
562 5013 817 5079 ἀναξίους
845 5013 944 5085 μὲν
968 5013 1069 5083 τῆς
1097 5012 1319 5066 αἰωνίου
1348 5012 1515 5083 ζωῆς,
1539 5012 1725 5079 ἀξίους
1742 5013 1798 5067 δέ
1812 5015 1914 5085 τῆς

318 5107 541 5161 αἰωνίου
563 5107 837 5170 κολάσεως
859 5121 875 5137 ο
911 5105 1054 5159 ὥστε
1086 5100 1185 5159 οὖν
1209 5107 1269 5159 ἐν
1297 5107 1431 5177 ἡμῖν
1460 5106 1493 5176 ἡ
1521 5104 1727 5178 κρίσις,
1753 5107 1815 5162 τό
1845 5125 1905 5161 τε

316 5199 418 5270 τῆς
448 5197 749 5269 μελλούσης
779 5197 1171 5261 καταστάσεως
1193 5197 1483 5270 κλήρωμα.

396 5310 416 5344 ι
454 5291 565 5345 Καὶ
594 5290 945 5359 ἐπίστευσαν,
974 5291 1092 5346 ὅσοι
1124 5284 1266 5362 ἦσαν
1295 5289 1622 5363 τεταγμένοι
1652 5291 1734 5356 είς
1764 5289 1911 5364 ζωὴν

322 5381 560 5440 αἰώνιον.
598 5402 617 5436 ι

395 5572 421 5602 ι
451 5561 586 5620 Cod.
622 5560 790 5618 Cois].
829 5575 939 5616 om.
968 5558 1053 5614 τό.
1130 5558 1159 5600 ιι
1185 5556 1323 5615 Cod.
1350 5556 1520 5614 Coisl.
1554 5557 1762 5628 κρίνει.

2029 3312 2165 3369 Nam
2191 3312 2390 3386 Moysis
2414 3314 2497 3370 lex
2528 3329 2636 3370 non
2670 3311 2871 3384 injuste
2905 3315 3020 3382 sed,
3048 3315 3204 3382 dura,
3236 3323 3292 3371 et
3317 3315 3622 3386 juStiticare

2029 3406 2213 3463 valens
2244 3422 2369 3463 eum
2400 3407 2492 3477 qui
2548 3408 2762 3479 integre
2796 3407 2931 3480 legis
2967 3414 3163 3462 cuncta
3191 3407 3407 3477 perlicit
3445 3426 3460 3476 ;
3493 3408 3619 3463 ideo

2030 3500 2208 3570 impar
2240 3502 2357 3556 visa
2383 3510 2466 3556 est
2499 3516 2619 3571 qua:
2648 3502 2898 3557 homines
2933 3501 3216 3557 reduceret
3247 3501 3408 3571 quia:
3440 3501 3531 3571 qui
3565 3503 3618 3555 in

2026 3605 2135 3646 uno
2169 3592 2366 3645 cecidit
2404 3590 2578 3646 factus
2602 3602 2689 3647 est
2739 3593 2978 3648 omnium
3013 3608 3137 3647 rcus
3168 3609 3187 3660 ;
3218 3608 3324 3648 non
3354 3608 3484 3664 ergo
3533 3593 3619 3648 lex

2019 3681 2324 3750 iustificare
2358 3682 2546 3748 valuit,
2588 3685 2683 3738 sed
2713 3683 2860 3753 quod
2904 3693 3025 3738 erat
3066 3685 3244 3753 impar
3279 3685 3333 3738 in
3371 3684 3507 3754 ipsa,
3538 3685 3621 3739 in-

2025 3788 2259 3843 capaces
2304 3773 2538 3830 faciebat
2593 3776 2846 3831 homines
2884 3774 2974 3845 qui
3010 3790 3109 3844 per
3138 3774 3273 3846 legis
3299 3776 3616 3845 praescripta

2018 3865 2472 3936 justilicarentur,
2516 3867 2661 3921 sicut
2709 3877 2893 3922 textus
2924 3867 3056 3923 dicit
3089 3884 3103 3922 :
3136 3868 3325 3938 quibus
3369 3884 3473 3922 non
3514 3883 3615 3937 po-

2022 3956 2199 4011 tuistis
2233 3956 2289 4010 in
2313 3956 2423 4027 lege
2449 3954 2627 4026 Moysi
2642 3955 2961 4026 justiﬁcari.

2076 4141 2240 4197 Vsus.
2277 4139 2368 4194 42.
2407 4158 2426 4192 ι
2469 4136 2818 4195 Exeuntibus
2851 4146 3034 4193 autem
3089 4137 3196 4195 illis
3244 4138 3509 4209 rogabant
3553 4146 3614 4194 ut

2018 4232 2344 4289 intermedio
2376 4232 2616 4289 Sahbato
2652 4231 3007 4303 loquerentur
3051 4230 3155 4286 sibi
3204 4230 3366 4285 verba
3412 4231 3545 4286 haec.
3586 4249 3606 4284 ι

2066 4325 2393 4382 Intermedio
2446 4325 2677 4383 Sabbalo
2718 4342 2817 4397 pro
2867 4326 3081 4390 futuro,
3132 4333 3191 4379 ut
3244 4334 3467 4396 apparet
3524 4326 3612 4380 in-

2015 4419 2121 4475 fra.

1948 4525 1994 4581 Ι)
2076 4535 2243 4592 Vens.
2279 4535 2372 4591 46.
2401 4554 2420 4587 ι
2459 4533 2528 4590 Ει
2559 4534 2811 4606 indignos
2844 4531 3234 4603 vosjudicatis.
3279 4550 3299 4585 ι

2080 4647 2213 4703 Inde
2242 4662 2377 4717 ergo
2409 4647 2551 4702 Deus
2582 4648 2854 4703 neminem
2888 4643 3165 4713 indignum
3213 4640 3345 4696 dicit
3373 4638 3465 4709 qui
3503 4638 3613 4692 sal-

2026 4749 2183 4797 vetur
2207 4748 2303 4795 aut
2343 4739 2399 4795 in
2432 4754 2656 4807 regnum
2690 4736 2807 4805 eius
2842 4736 3028 4800 intret,
3056 4748 3158 4790 nec
3188 4747 3219 4788 e
3245 4742 3434 4788 contra
3465 4730 3614 4799 judi-

2019 4840 2111 4889 cat
2137 4829 2412 4887 hominem
2432 4830 2781 4885 damnatione
2802 4828 3022 4898 ilignum
3049 4841 3174 4882 esse
3208 4841 3221 4891 ;
3258 4825 3354 4879 sed
3379 4832 3615 4877 uosmet-

2021 4926 2172 4995 ipsos
2192 4923 2504 4991 iudicamus
2534 4937 2632 4992 per
2674 4920 2901 4975 liberam
2935 4928 3178 4975 nostram
3209 4916 3499 4979 malitiam,
3529 4916 3614 4969 iii-

2019 5017 2214 5088 dignos
2236 5014 2453 5086 quidem
2482 5021 2686 5067 aeterna
2720 5011 2857 5075 vita,
2884 5020 3086 5065 αξιοι-ηε
3116 5021 3243 5062 vero
3263 5003 3613 5060 damnatione

2014 5107 2204 5175 dignos
2238 5122 2254 5171 ;
2289 5104 2472 5173 itaque
2502 5116 2632 5173 ergo
2671 5111 2854 5155 nostra
2875 5098 3168 5162 sententia,
3217 5102 3399 5150 nostra
3426 5092 3601 5147 beati-

2015 5197 2216 5252 tudinis
2238 5194 2430 5249 futura:
2454 5209 2596 5249 sors.

2072 5289 2238 5344 Vens.
2270 5288 2362 5344 48.
2400 5305 2420 5339 ι
2457 5287 2522 5343 Ει
2567 5285 2916 5342 crediderunt
2961 5285 3226 5353 quotquot
3262 5283 3420 5333 erant
3465 5286 3606 5343 pra:-

2021 5382 2257 5438 ordinati
2294 5382 2365 5435 ad
2389 5382 2553 5436 vitam
2596 5391 2880 5436 :cternam.
2927 5396 2946 5430 ι

392 5745 505 5818 (l3)
537 5743 670 5813 Quae
704 5742 792 5801 hic
820 5741 875 5801 in
904 5750 1096 5800 catena
1120 5738 1363 5799 Cramcri
1420 5738 1522 5797 sub
1586 5737 1811 5797 nomine
1873 5737 2147 5795 Ammonii
2205 5733 2605 5802 inscribuntur,
2668 5733 2849 5805 legere
2880 5742 2962 5792 est
3014 5733 3153 5790 inter
3221 5726 3417 5804 Chrys.
3458 5725 3601 5802 Opp.

320 5812 413 5883 ix;
440 5812 573 5895 sei.
