4064 6386
498 328 636 398 1M3

546 445 739 514 ltaque
785 435 1081 494 secundum
1126 425 1530 502 praescientiam
1599 422 1953 494 praordinati
2016 420 2085 475 ad
2115 426 2164 483 Α

494 540 656 594 vitam
700 534 788 590 isti
830 528 1200 589 crediderunt,
1267 521 1484 593 propria
1540 514 1911 595 nihilominus
1961 528 2090 570 scn-

499 632 668 688 tentia
700 636 756 683 et
808 622 1117 679 delectione
1146 636 1161 684 ;
1189 617 1284 672 Dei
1325 614 1472 671 enim
1509 610 1861 683 praescieutia
1908 607 2094 664 volun-

497 724 626 778 tatis
664 726 867 775 nostrae
918 727 1026 768 non
1066 710 1205 766 tollit
1256 708 1491 762 liberum
1541 702 1881 768 a'rbitrium;
1919 700 2096 771 siqui-

491 816 615 871 dem
647 821 775 866 ante
803 806 993 863 mundi
1026 800 1477 860 constitutionem
1501 795 1926 868 prmdestiuatus
1949 792 2095 848 Pau-

491 907 576 962 lus
597 904 753 976 juxta
774 899 870 955 Dei
891 894 1294 969 pratscientiam
1321 891 1412 962 qui
1441 904 1541 945 vas
1561 887 1844 945 electionis
1873 886 2094 942 futurus

488 1005 656 1063 esset,
687 1009 794 1049 non
826 992 882 1046 in
932 999 1092 1045 utero
1123 986 1314 1043 matris
1368 983 1499 1039 illud
1530 990 1814 1038 assecutus
1844 989 1950 1045 est,
1989 993 2093 1034 nec

492 1103 681 1152 tenera
716 1085 771 1141 in
802 1092 985 1147 aetate,
1015 1081 1109 1137 sed
1140 1079 1194 1133 in
1222 1076 1484 1146 temporis
1518 1075 1753 1131 decursu
1778 1072 2000 1144 quando
2023 1071 2093 1126 ad

492 1180 706 1252 pulchri
735 1188 791 1233 et
835 1176 962 1231 boni
1025 1172 1273 1228 notitiam
1310 1169 1530 1225 devenit
1560 1184 1575 1233 ;
1603 1176 1657 1222 et
1707 1165 1860 1237 juxta
1922 1164 2094 1235 ipsius

490 1270 683 1341 agendi
714 1268 983 1322 rationem
1009 1262 1125 1318 lteri
1152 1260 1505 1330 biaspbemus
1537 1266 1593 1313 et
1610 1266 1948 1329 persecutor,
1971 1266 2094 1326 post

491 1362 609 1415 htec
641 1358 767 1413 Jesu
796 1356 971 1426 gratia
1025 1366 1330 1409 conversus
1371 1349 1730 1406 tremefactus
1781 1349 1837 1404 in
1878 1350 2091 1404 visione

489 1469 589 1523 per
614 1454 783 1515 viam,
813 1458 869 1502 et
893 1447 1127 1501 libenter
1148 1445 1201 1499 in
1227 1443 1414 1499 Iesum
1438 1445 1689 1499 credens.
1730 1441 1883 1498 Dicat
1908 1451 2091 1498 autem

491 1544 721 1615 quilibet
752 1562 766 1598 :
803 1540 915 1597 Cur
938 1555 1072 1610 ergo
1116 1552 1216 1593 nec
1246 1552 1393 1592 nunc
1427 1536 1675 1591 fittimor
1698 1536 1993 1591 infidelium
2031 1545 2093 1590 ut

490 1644 885 1692 convertantur
913 1632 938 1686 ἲ
975 1630 1438 1701 respondendum,
1471 1629 1615 1699 quod
1646 1644 1756 1685 non
1788 1629 1952 1684 homo
1968 1643 2090 1682 mn-

489 1730 578 1784 nis
632 1729 690 1781 in
724 1724 1016 1780 formidine
1086 1721 1446 1787 convertitur,
1492 1721 1590 1776 sed
1637 1720 1729 1791 qui
1757 1720 1901 1774 bona
1934 1719 2085 1775 delc-

1666 309 2009 374 AMMONII
2045 310 2582 374 ALEXANDBINI

3654 312 3793 380 1544

2261 422 2425 476 Ὥστε
2480 422 2626 477 κατά
2677 421 2777 492 μὲν
2827 422 3141 493 πρόγνωσιν
3187 425 3236 477 οἱ
3286 424 3641 495 τεταγμένοι
3700 430 3792 494 είς

2198 513 2374 584 ζωὴν,
2428 506 2580 570 οῦτοι
2627 514 2981 578 ἐπίστευσαν,
3035 514 3180 586 πλὴν
3222 515 3402 588 οἰκείᾳ
3458 516 3655 588 γνώμῃ
3695 517 3793 571 καὶ

2198 600 2555 683 προαιρέσει·
2587 610 2621 679 ἡ
2653 607 2764 680 γάρ
2790 607 2884 663 τοῦ
2917 607 3055 662 Θεοῦ
3101 608 3414 679 πρόγνωσις
3439 609 3544 663 ούκ
3575 610 3792 677 ἀναιρεί

2195 701 2298 773 τῆς
2340 701 2620 772 ἡμετέρας
2651 699 2963 771 βουλήσεως
2990 701 3055 754 τὸ
3086 700 3433 766 αὐτεξούσιον
3460 718 3474 731 ·
3515 703 3652 757 ὅπου
3684 702 3792 775 πρὸ

2197 792 2509 865 καταϐολῆς
2551 790 2759 864 κόσμου
2790 792 3144 865 προορισθεὶς
3175 795 3204 848 ὁ
3233 792 3472 862 Παῦλος,
3508 796 3655 851 κατὰ
3691 797 3791 867 τὴν

2194 886 2290 941 τοῦ
2332 886 2488 939 Θείου
2516 898 2539 928 α
2587 887 2923 958 πρόγνωσιν,
2972 886 3168 952 σκεῦος
3219 886 3481 942 ἐκλεκτὸν
3528 889 3787 955 ἔσεσθαι,

2194 979 2297 1034 οὐκ
2342 981 2409 1032 ἐκ
2458 978 2668 1043 κοιλίας
2715 980 2923 1051 μητρὸς
2952 978 3113 1050 ἔτυχε
3161 979 3390 1048 τούτου,
3437 981 3559 1036 οὐδὲ
3594 984 3653 1036 ἐν
3691 982 3791 1054 νέα

2195 1069 2419 1143 ήλικίᾳ,
2450 1069 2589 1125 ἀλλά
2620 1070 2762 1141 μετά
2797 1070 3083 1143 προκοπὴν
3115 1072 3334 1143 χρόνου,
3364 1074 3456 1127 ὅτε
3482 1069 3632 1145 εἶχεν
3657 1076 3791 1128 ἐαυ-

2193 1159 2293 1214 τοῦ
2329 1161 2534 1230 γνῶσιν
2567 1161 2734 1217 καλοῦ
2764 1163 2861 1216 καὶ
2891 1162 3104 1232 ἀγαθοῦ
3125 1178 3139 1193 ⁸
3171 1165 3267 1219 καὶ
3294 1166 3437 1220 κατά
3464 1166 3560 1236 τὴν
3589 1167 3789 1220 ἑαυτοῦ

2193 1251 2423 1325 γνώμην
2449 1253 2644 1327 πρώην
2678 1254 3001 1326 βλάσφημος
3038 1254 3115 1311 ὢν
3145 1257 3243 1311 καὶ
3271 1257 3528 1329 διώκτης,
3561 1259 3790 1331 ὕστερον

2193 1346 2283 1401 διὰ
2334 1347 2437 1418 τῆς
2479 1347 2573 1401 τοῦ
2639 1347 2866 1420 Ἰησοῦά
2907 1349 3133 1422 χάριτος
3187 1351 3469 1421 μετέγνω,
3527 1353 3790 1424 φοϐηθεὶς

2191 1437 2292 1510 τὴν
2331 1440 2391 1491 ἐν
2432 1442 2499 1511 τῇ
2538 1441 2646 1511 ὁδῷ
2682 1440 2975 1507 ὀπτασίαν,
3022 1444 3118 1498 καὶ
3167 1443 3310 1498 ἐκὼν
3355 1445 3657 1510 πιστεύσας
3708 1446 3791 1517 τῷ

2205 1531 2405 1601 Ἰησοῦ.
2437 1533 2501 1587 Et
2526 1533 2585 1588 δέ
2616 1534 2698 1599 τίς
2732 1552 2867 1605 φησι
2887 1578 2903 1602 ,
2934 1536 3089 1590 Διατί
3113 1532 3210 1591 οῦν
3235 1539 3332 1591 καὶ
3363 1538 3459 1592 νῦν
3482 1539 3544 1592 ού
3577 1540 3791 1609 γίνεται

2191 1624 2357 1695 φόϐος
2408 1628 2519 1689 τοῖς
2578 1627 2906 1682 ἀπιστοῦσιν
2955 1630 3043 1683 ἵνα
3084 1631 3450 1700 μεταγνῶσιν,
3486 1634 3667 1687 ἐκεῖνο
3697 1633 3789 1687 λε-

2192 1717 2371 1771 κτέον·
2396 1718 2478 1771 ὅτι
2504 1718 2564 1771 ού
2593 1720 2701 1781 πᾶς
2723 1718 3013 1790 ἄνθρωπος
3042 1721 3279 1789 ἐκφόϐος
3306 1734 3329 1761 θ
3364 1726 3636 1793 μετανοεῖ·
3665 1724 3783 1778 ἀλλ’

490 1823 675 1877 ctione
704 1820 795 1890 pia
830 1829 1141 1888 oneratur;
1179 1829 1277 1884 per
1323 1812 1483 1869 fidem
1533 1827 1565 1866 a
1613 1789 1865 1880 patribus
1911 1811 2081 1866 tradi-

2189 1810 2214 1861 ό
2238 1807 2419 1878 ἀγαθῇ
2456 1808 2778 1881 προαιρέσει
2806 1811 2976 1865 ποιῶν
3003 1810 3277 1877 θεοσεϐεῖς
3313 1789 3562 1884 πράξεις’
3588 1816 3697 1871 ὑπὸ
3723 1817 3785 1871 δὲ

490 1924 602 1965 tam
630 1912 684 1964 in
740 1924 984 1964 errorem
1016 1907 1268 1961 inductus
1311 1906 1457 1959 circa
1503 1902 1752 1958 veritatis
1809 1901 2079 1973 cognitio-

491 2017 642 2067 nem,
676 1999 867 2071 quales
909 1996 1203 2052 Cornelius
1246 2005 1303 2050 et
1334 1994 1536 2050 Paulus
1586 2000 1643 2048 et
1679 1991 1954 2057 Clemens,
1986 1991 2077 2062 qui

491 2094 696 2163 absque
722 2089 1109 2162 disputationis
1132 2102 1273 2143 vano
1299 2101 1488 2142 amore
1508 2086 1797 2142 credentes
1826 2085 2081 2155 Scriptu-

490 2198 674 2238 rarum
718 2180 1226 2238 verisdocumentis
1255 2178 1449 2234 salvati
1493 2186 1642 2243 sunt,
1696 2177 1925 2247 haecque
1952 2191 2079 2233 cum

489 2276 556 2329 de
577 2273 922 2327 institutione
960 2271 1137 2324 aliena
1163 2285 1194 2324 a
1230 2270 1336 2325 fide
1369 2268 1556 2324 divina
1588 2278 1794 2324 essent.

561 2363 727 2419 Vens.
759 2362 853 2418 50.
886 2379 906 2415 ι
945 2360 1118 2417 Judaei
1150 2370 1332 2416 autem
1373 2360 1791 2416 concitaverunt
1821 2359 2080 2416 mulieres

488 2456 774 2527 religiosas
811 2464 867 2511 et
896 2455 1179 2521 honestas,
1223 2464 1279 2509 et
1305 2453 1511 2521 primos
1534 2452 1794 2519 civitatis,
1823 2462 1881 2509 et
1921 2453 2077 2509 exci-

488 2558 741 2604 taverunt
769 2547 1206 2619 persecutionem
1233 2547 1285 2601 in
1316 2544 1542 2600 Paulum
1567 2552 1623 2601 et
1650 2543 1981 2612 Barnabam,
2023 2552 2080 2601 et

487 2637 764 2706 eiecerunt
787 2651 880 2694 eos
910 2638 975 2692 de
996 2636 1192 2691 finibus
1212 2635 1349 2691 suis.
1380 2651 1400 2685 ι

545 2815 815 2872 Honestas
867 2814 1001 2870 dicit
1056 2811 1251 2869 divites
1279 2813 1573 2884 religiosas,
1598 2828 1704 2869 non
1751 2812 1959 2881 fideles,
1982 2818 2079 2873 sed

485 2908 702 2964 Grzecas
730 2906 945 2963 Judazas
977 2923 992 2973 ;
1023 2915 1269 2961 attamen
1307 2915 1566 2976 tanquam
1600 2906 1822 2977 pessimi
1867 2916 1922 2963 et
1948 2908 2077 2963 imi-

486 3009 692 3055 tatores
729 2984 991 3053 daemonis
1013 2998 1188 3068 patris
1225 2996 1354 3051 mali
1392 3006 1447 3052 et
1504 2998 1931 3068 transgressuris
1981 3014 2079 3071 per

486 3091 745 3149 mulieres
777 3089 1150 3147 intercludere
1191 3090 1505 3144 hominibus
1552 3089 1743 3147 salutis
1766 3091 1908 3146 viam
1946 3107 2077 3147 con-

487 3188 717 3246 tendunt
748 3185 1249 3257 :quemadmodum
1285 3186 1389 3241 iste
1425 3198 1524 3256 per
1558 3185 1723 3240 Evam
1757 3186 2076 3242 intercludit

486 3281 552 3335 ad
583 3291 797 3350 tempus
826 3277 1136 3334 hominibus
1163 3277 1498 3347 paradisum,
1537 3291 1697 3347 quem
1739 3276 1886 3332 Deus
1921 3277 2079 3335 Jesus

486 3371 839 3427 credentibus
870 3371 923 3425 in
950 3370 1168 3425 nomine
1193 3370 1310 3441 ejus
1339 3371 1537 3424 iterum
1570 3369 1778 3439 pandit,
1824 3370 2080 3441 ipsosque

487 3463 601 3518 illic
637 3462 868 3517 introire
908 3460 1059 3525 fecit,
1090 3477 1322 3531 quorum
1351 3460 1565 3531 primus
1592 3474 1720 3515 cum
1746 3459 1867 3532 ipso
1899 3460 2077 3516 intra-

485 3558 565 3612 vit
588 3556 752 3611 latro.

1124 3750 1276 3808 CAP.
1303 3749 1445 3807 XIV.

540 3869 706 3926 Vens.
731 3866 788 3922 2.
820 3884 841 3919 ι
880 3866 983 3935 Qui
1012 3880 1143 3921 vero
1195 3865 1462 3921 increduli
1500 3865 1723 3924 luerunt
1747 3867 1923 3927 Judzei
1952 3886 2079 3928 sus—

483 3957 792 4011 citaverunt
819 3964 876 4009 ct
918 3957 985 4010 ad
1036 3955 1376 4009 iracundiam
1399 3956 1813 4015 concitaverunt
1862 3962 2076 4017 animas

482 4047 731 4119 gentium
763 4048 1031 4102 adversus
1069 4045 1288 4102 fratres.
1324 4066 1346 4102 ι

588 4139 1009 4193 Suscitaverunt
1058 4139 1319 4197 adversus
1376 4142 1586 4200 ﬁdeles.
1639 4143 1812 4200 Judaei
1868 4145 2076 4204 Graecis

481 4232 893 4297 consociantur,
931 4241 992 4287 ut
1040 4243 1095 4287 et
1142 4233 1197 4288 in
1258 4235 1363 4290 ltoc
1417 4236 1698 4307 impletum
1736 4236 1904 4292 fuerit
1932 4238 2073 4308 quod

481 4322 691 4376 dictum
719 4332 804 4378 est
842 4323 896 4377 in
922 4323 1158 4380 Psalmis
1187 4342 1201 4379 :
1231 4324 1410 4392 Quare
1441 4327 1769 4396 fretnucrunt
1794 4309 1992 4399 gentes,
2024 4342 2074 4387 et

480 4412 659 4479 populi
685 4414 928 4467 meditati
955 4424 1076 4469 sunt
1102 4415 1287 4469 inania
1318 4417 1334 4447 ⁸
1358 4416 1381 4469 ?
1409 4417 1628 4474 Scilicet
1684 4418 1930 4475 fidelibus
1958 4422 2073 4478 fra-

2186 1899 2287 1969 τῆς
2328 1902 2819 1973 πατροπαραδότου
2870 1903 3108 1969 πίστεως
3157 1905 3515 1975 πλανώμενος
3572 1903 3779 1977 παρὰί

2185 1991 2285 2061 τὴν
2314 1990 2409 2044 τοῦ
2453 1991 2625 2058 ὄντως
2659 1992 2897 2065 ἀληθοῦς
2926 1995 3151 2065 γνῶσιν·
3187 1992 3299 2061 οἷος
3344 1992 3414 2068 ἦν
3449 1996 3785 2069 Κορνήλιος,

2187 2084 2282 2137 καὶ
2309 2083 2542 2150 Παῦλος,
2567 2086 2663 2140 καὶ
2682 2087 2939 2158 Κλήμης·
2961 2089 3157 2154 οἵτινες
3180 2090 3538 2158 ἀφιλονείκως
3560 2091 3786 2146 πιστεύο

2191 2194 2389 2241 σαντες
2416 2181 2484 2250 τῇ
2504 2178 2705 2251 ἀληθεῖ
2726 2180 2831 2235 τῶν
2860 2182 3094 2254 Γραφῶν
3120 2182 3443 2256 διδασκαλίᾳ
3471 2182 3781 2256 ἐσώθησαν·

2187 2272 2281 2325 καὶ
2315 2271 2491 2325 ταῦτα
2515 2272 2666 2336 ὄντες
2693 2275 2756 2326 ἐκ
2783 2274 2881 2346 τῆς
2904 2275 3107 2341 ἔξωθεν
3137 2278 3408 2341 παιδείας.

2265 2380 2284 2414 t
2322 2360 2388 2417 Οἱ
2423 2362 2481 2415 δέ
2523 2363 2767 2417 Ἰουδαῖοι
2807 2364 3175 2437 παρώτρυναν
3204 2366 3306 2430 τὰς
3346 2367 3650 2438 σεϐομένας
3678 2385 3782 2437 γυ-

2185 2454 2378 2517 ναῖκας
2424 2453 2523 2518 τὰς
2557 2454 2925 2527 εὐσχήμονας,
2969 2459 3064 2512 καὶ
3096 2461 3221 2522 τοὺς
3262 2459 3517 2531 πρώτους
3553 2460 3650 2530 τῆς
3682 2460 3783 2513 πόα

2183 2544 2354 2611 λεως,
2385 2546 2483 2599 καὶ
2529 2546 2833 2619 ἐπήγειραν
2876 2548 3119 2620 διωγμὸν
3159 2552 3253 2603 ἐπὶ
3288 2550 3381 2605 τὸν
3428 2549 3640 2605 Παῦλον
3684 2551 3783 2606 καὶ

2185 2635 2497 2707 Βαρνάϐαν,
2562 2638 2659 2693 καὶ
2704 2638 2958 2704 ἐξέϐαλον
3022 2640 3221 2706 αὐτοὺς
3279 2639 3387 2694 ἀπὸ
3435 2640 3549 2695 τῶν
3612 2641 3783 2713 ὁρίων

2186 2728 2388 2784 αὐτῶν.
2425 2748 2445 2783 ι

2260 2819 2673 2891 Εὐσχήμονας
2697 2822 2848 2892 λέγει
2885 2822 2983 2886 τὰς
3015 2821 3297 2887 πλουσίας·
3333 2821 3666 2893 σεϐομένας·
3697 2822 3779 2888 δέ,

2186 2912 2247 2965 οὐ
2272 2913 2372 2977 τάς
2404 2912 2606 2978 πιστὰς
2632 2915 2801 2984 λέγει,
2840 2915 2978 2971 ἀλλὰ
3009 2915 3108 2979 τὰς
3147 2914 3460 2986 Ἑλληνίδας
3490 2916 3608 2987 ἦτοι
3651 2915 3785 2970 Ἰου-

2184 3006 2360 3072 δαίας·
2396 3008 2536 3077 πλὴν
2564 3009 2641 3072 ὼς
2667 3010 2923 3064 κάκιστοι
2948 3011 3043 3062 καὶ
3076 3008 3316 3080 μιμηταὶ
3338 3008 3433 3062 τοῦ
3460 3008 3778 3081 ἀρχεκάκου

2185 3099 2441 3172 δαίμονος
2472 3103 2569 3156 καὶ
2596 3102 2939 3172 παραϐάτου,
2971 3101 3060 3155 διά
3082 3101 3192 3155 τῶν
3221 3100 3497 3171 γυναικῶν
3518 3098 3780 3154 ἀποκλεί-

2182 3209 2276 3248 σαι
2325 3195 2692 3260 σπουδάζουσι
2721 3198 2834 3260 τοῖς
2877 3194 3188 3265 ἀνθρώποις
3227 3195 3327 3267 τὴν
3368 3195 3489 3249 ὁδὸν
3517 3195 3619 3265 τῆς
3663 3209 3781 3247 σω-

2180 3290 2412 3362 τηρίας·
2450 3290 2640 3363 ὥσπερ
2684 3293 2940 3355 κάκεῖνος
2994 3290 3087 3345 διά
3131 3291 3233 3361 τῆς
3281 3289 3428 3354 Εῦας
3479 3287 3775 3343 ἀπέκλεισε

2180 3383 2319 3453 πρὸς
2366 3381 2560 3454 καιρὸν
2606 3384 2721 3446 τοῖς
2760 3380 3074 3452 ἀνθρώποις
3101 3381 3196 3436 τὸν
3246 3380 3600 3452 παράδεισον,
3644 3378 3705 3431 ὃν
3745 3379 3777 3431 ὁ

2179 3474 2314 3538 Θεὸς
2354 3472 2561 3546 Ἰησοῦς
2600 3474 2802 3545 ἀνέῳξε
2836 3474 2998 3529 πάλιν
3045 3480 3156 3538 τοῖς
3199 3474 3554 3528 πιστεύουσιν
3593 3472 3686 3525 ἐπὶ
3711 3470 3772 3523 τὸ

2180 3565 2354 3633 ὄνομα
2394 3565 2583 3630 αὑτοῦ,
2620 3566 2716 3619 καὶ
2749 3568 3048 3637 εἰσήγαγεν
3077 3567 3276 3631 αὐτοὺς
3311 3568 3465 3621 ἐκεῖ·
3511 3559 3587 3619 ὧν
3619 3562 3776 3635 πρῶο

2178 3674 2271 3721 τος
2299 3656 2520 3729 εἰσῆλθε
2555 3658 2653 3713 σὺν
2682 3657 2834 3729 αύτῷ
2863 3661 2891 3711 ὁ
2921 3660 3149 3731 λῃστής.

2776 3772 3030 3826 ΚΕΦΑΛ.
3074 3772 3172 3825 ΙΔν.

2255 3903 2276 3937 «ι
2339 3885 2405 3938 Ol
2451 3885 2509 3939 δὲ
2550 3882 2953 3956 ἀπειθήσαντες
3010 3883 3257 3938 Ἰουδαῖοι
3321 3884 3627 3954 ἐπήγειραν
3677 3881 3770 3936 καὶ

2178 3974 2471 4029 ἐκάκωσαν
2495 3975 2593 4040 τὰς
2619 3974 2797 4047 ψυχὰς
2814 3975 2924 4030 τῶν
2946 3974 3116 4029 ἐθνῶν
3139 3973 3284 4028 κατὰ
3311 3973 3421 4027 τῶν
3442 3973 3709 4044 ἀδελφῶν.
3744 3993 3763 4024 ι

2258 4068 2594 4140 Ἐπήγειραν
2642 4068 2788 4122 κατά
2814 4066 2926 4122 τῶν
2971 4067 3207 4124 πιστῶν·
3244 4067 3296 4121 οἱ
3346 4065 3590 4120 Ἰουδαῖοι
3640 4082 3769 4119 συν-

2177 4157 2436 4224 δυάζουσι
2462 4158 2838 4232 [συνδιάζουσι
2870 4157 3023 4232 cod.]
3053 4158 3196 4231 μετά
3232 4158 3527 4231 Ἑλλήνων,
3557 4159 3645 4211 ἵνα
3673 4158 3772 4211 καὶ

2176 4251 2235 4304 ἐν
2264 4250 2442 4322 τούτῳ
2476 4249 2742 4324 πληρωθῇ
2791 4250 2854 4305 τὸ
2881 4251 3173 4323 εἰρημένον
3197 4251 3256 4305 ἐν
3279 4250 3550 4323 Ψαλμοῖς·
3586 4249 3772 4305 Ἶνατι

2175 4342 2488 4413 ἐφρύαξαν
2542 4344 2691 4410 ἔθνη
2714 4384 2728 4411 ,
2774 4342 2876 4397 καί
2928 4342 3068 4398 ,λαοὶ
3117 4342 3497 4414 ἐμελέτησαν
3568 4339 3720 4396 κενά
3746 4358 3770 4407 ;

2176 4435 2371 4490 Καίτοι
2396 4438 2509 4490 τῶν
2528 4436 2736 4489 πιστῶν
2766 4435 3032 4506 ἀδελφοὺς
3063 4436 3263 4500 αὐτοὺς
3286 4435 3600 4491 καλούντων
3628 4451 3773 4489 παν-

484 4512 593 4558 tres
626 4505 771 4575 ipsos
806 4507 1128 4562 vocantibus
1153 4509 1355 4578 ubique
1411 4509 1464 4562 in
1496 4509 1970 4568 exhortationibus
2018 4522 2074 4570 et

2189 4528 2345 4600 ταχοῦ
2391 4529 2451 4581 ἐν
2482 4531 2605 4591 ταῖς
2636 4529 3030 4601 παραινέσεσι,
3061 4529 3159 4583 καὶ
3187 4528 3490 4599 λεγόντων,
3516 4528 3768 4597 Ἄνδρες

486 4594 795 4651 dicentibus
827 4613 843 4650 :
890 4595 1005 4651 Viri
1034 4597 1251 4668 fratres.
1293 4597 1384 4652 Sic
1408 4598 1551 4653 enim
1577 4609 1631 4654 et
1658 4598 1907 4659 Psalmus
1953 4618 2075 4673 pro-

2170 4621 2446 4690 ἀδελφοί.
2469 4618 2628 4674 Οὕτω
2653 4620 2765 4694 γὰρ
2785 4622 2879 4675 καὶ
2907 4624 2935 4676 ό
2976 4620 3192 4694 ψαλμδς
3222 4624 3605 4696 προεφήτευσε
3638 4620 3771 4691 περὶ

483 4686 730 4755 pbetavit
775 4689 841 4742 de
881 4686 1114 4743 Domino
1149 4688 1290 4744 idem
1320 4688 1554 4745 faciente
1582 4700 1638 4745 et
1661 4692 1878 4747 dicente
1913 4699 2074 4766 quasi

2189 4714 2266 4768 τοῦ
2312 4686 2558 4786 Κυρίου,
2611 4686 2677 4768 τδ
2727 4686 2861 4769 αὐτὸ
2912 4686 3199 4777 ποιοῦντος
3242 4686 3338 4770 καὶ
3373 4686 3640 4785 ⁷λέγονίτος

482 4777 536 4830 in
559 4776 767 4833 Christi
798 4777 926 4837 Jesu
954 4796 1186 4852 persona
1222 4798 1237 4837 :
1275 4780 1559 4837 Nuntiabo
1587 4799 1772 4840 nomen
1794 4795 1942 4841 tuum
1959 4788 2072 4857 fra-

481 4870 652 4923 tribus
686 4873 812 4926 meis
836 4875 857 4905 ³
885 4914 901 4929 .

555 4954 720 5012 Vens.
755 4957 808 5014 6.
841 4979 861 5013 ‹
894 4960 1282 5032 lntelligentcs,
1334 4964 1692 5036 confugerunt
1724 4970 1790 5024 ad
1822 4971 2072 5030 civitates

480 5047 789 5120 Lycaoniae,
819 5051 1069 5122 Lystram
1103 5066 1158 5110 et
1202 5056 1437 5125 Derben,
1467 5069 1522 5113 et
1541 5061 1855 5118 universam
1887 5066 1939 5121 in
1962 5067 2073 5122 cir-

482 5142 629 5195 cuitu
661 5144 936 5212 regionem
963 5159 979 5198 :
1005 5156 1061 5200 et
1082 5146 1153 5201 ibi
1185 5150 1624 5219 evangelizantes
1646 5164 1823 5212 erant.
1867 5175 1886 5209 ι

553 5229 987 5305 Haudquaquam
1032 5238 1185 5295 nefas
1221 5253 1305 5298 est
1361 5254 1581 5301 sanctos
1622 5247 1746 5317 fuga
1780 5265 1841 5305 se
1869 5253 2070 5308 subdu-

374 5383 377 5386 ς
483 5334 609 5380 cere
631 5324 884 5380 manibus
915 5326 1327 5400 insidiantium;
1366 5349 1542 5406 neque
1584 5339 1707 5394 ideo
1747 5341 2069 5399 existiman-

556 5502 572 5533 ⁸
611 5503 737 5560 Psal
785 5512 846 5574 tt',
881 5509 931 5562 l.
1008 5512 1029 5542 ί
1058 5509 1206 5567 Psal.
1236 5529 1350 5580 ut,
1382 5512 1473 5570 25.

2170 4800 2236 4861 ἐκ
2276 4805 2572 4877 προσώπου
2615 4806 2713 4861 τοῦ
2761 4807 3004 4880 Χριστοῦ
3052 4809 3265 4879 Ἰησοῦ·
3316 4808 3655 4879 Ἀπαγγελῶ
3699 4807 3769 4862 τὸ

2174 4897 2367 4969 ὄνομά
2400 4916 2522 4953 σου
2549 4899 2675 4968 τοῖς
2701 4900 2989 4970 ἀδελφοῖς
3006 4919 3147 4971 μου.

2252 5008 2271 5041 ‹
2311 4988 2626 5054 Συνιδόντες
2654 4993 2966 5061 κατέφυγον
3008 4995 3092 5057 εἰς
3137 4993 3233 5057 τὰς
3275 4993 3461 5059 πόλεις
3493 4994 3596 5065 τῆς
3655 4997 3766 5049 Λυ-

2176 5081 2688 5154 καονίας,Λύστραν
2706 5085 2804 5138 καὶ
2824 5084 3034 5157 Δέρϐην
3063 5086 3160 5141 καὶ
3188 5086 3285 5158 τὴν
3308 5086 3638 5158 περίχωρον,
3661 5088 3765 5141 κά·-

2176 5170 2266 5222 κεῖ
2292 5164 2434 5241 ἦσαν
2468 5171 2971 5245 εὐαγγελιζόμενοι.
3003 5195 3022 5228 ι

2243 5261 2414 5316 Οὐδὲν
2458 5258 2554 5319 οὖν
2608 5264 2810 5320 ἄτοπον
2850 5270 2900 5321 εἰ
2951 5270 3051 5322 οίε
3101 5269 3247 5339 ἅγιοι
3296 5269 3610 5341 φεύγουσιιι
3638 5271 3767 5335 τοὺς

2177 5352 2553 5410 ἐπιϐουλεύειν
2576 5356 2775 5422 αύτούς
2798 5361 2813 5400 ί
2854 5359 3148 5431 μέλλοντας
3170 5379 3182 5392 ·
3206 5362 3301 5416 καὶ
3327 5363 3388 5418 οὐ
3419 5362 3668 5423 δοκοῦσιν
3698 5363 3767 5418 ἐκ

559 5660 581 5772 ξ
609 5661 741 5772 Epd.
756 5664 928 5772 lCitiei;
960 5671 1118 5772 2596:
1194 5673 1219 5713 ά
1252 5673 1385 5758 Cod.
1410 5675 1881 5772 Cui‘sli‘Xptg't-oii.‘
1958 5691 1981 5719 ε
2001 5678 2080 5737 C0

2189 5684 2333 5743 Ioisl.
2373 5689 2437 5742 ἐκ
2465 5689 2653 5758 φόϐου.
2738 5693 2757 5732 ί
2790 5694 2923 5753 Cod.
2954 5695 3120 5756 Cuisl.
3155 5701 3302 5772 περί.
3380 5711 3406 5751 ιι
3439 5700 3764 5761 Cod.Coisl.

481 5742 592 5789 om.
623 5736 673 5789 oi
756 5737 782 5778 ιι
806 5736 937 5794 Cod.
969 5742 1139 5798 Coisl.
1174 5745 1440 5814 φεύγωσι.
1511 5748 1525 5786 ι
1557 5736 1691 5802 Cod.
1720 5747 1784 5803 C.
1822 5748 2024 5813 αὐτοῖς.
