4064 6456
389 321 539 387 lbi?)

1318 327 1779 387 FRAGMENTA
1821 325 1902 385 IN
1939 324 2121 385 ACTA
2172 323 2745 385 APOSTOLORUM.

3517 325 3653 390 1546

382 439 586 491 τούτου
616 437 970 509 δραπετεύειν
999 437 1090 491 τὸν
1119 438 1230 493 ἀπὸ
1255 436 1349 493 τοῦ
1396 440 1695 510 μαρτυρίου
1733 439 1962 507 πόλεμον

2073 435 2197 489 dum
2248 449 2344 489 eos
2395 438 2701 491 detrectare
2746 434 2992 504 martyrii
3043 449 3278 507 pugnam
3321 437 3656 495 cruciatibus

380 528 690 581 ἑνδάσανον
739 530 876 598 (sic).
908 530 1079 583 Τοῦτο
1108 530 1166 583 δέ
1211 547 1301 601 μοι
1332 529 1700 598 σεσημείωται
1728 529 1817 583 διὰ
1849 530 1962 592 τοὺς

2078 524 2397 579 horribilem
2424 541 2437 577 :
2473 526 2617 596 quod
2650 526 2943 581 notandum
2974 528 3154 596 putavi
3187 536 3403 597 propter
3425 529 3657 584 Arianos

382 616 789 687 μεμψαμένους
816 619 870 670 ‘A
883 621 1127 689 ρειανοὺς
1149 620 1242 674 τὸν
1279 618 1455 689 μέγαν
1487 618 1803 673 Ἀθανάσιον
1826 621 1883 672 ἐν
1906 620 1972 690 τῇ

2025 636 2045 649 ~
2076 628 2273 685 magno
2299 616 2601 670 Athanasio
2629 615 2808 686 fugam
2831 631 2983 672 suam
3015 618 3235 673 crimini
3268 630 3560 687 vertentes,
3592 638 3658 676 eo

382 706 577 760 πίστει
641 709 944 777 φεύγοντα,
1005 709 1101 764 καὶ
1155 711 1230 780 μὴ
1283 709 1566 763 ἐκδιδόντα.
1616 711 1811 763 ἑαυτὸν
1861 711 1962 772 τοῖς

2074 709 2217 777 quod
2238 725 2297 763 se
2323 710 2404 764 eis
2434 710 2790 766 occidendum
2823 725 2930 766 non
2957 712 3262 768 tradiderit.

394 799 741 868 ’Δρειανοίςι
785 802 864 863 είς
887 801 947 853 τὸ
981 800 1294 854 θανατῶσαι
1328 800 1512 854 αὐτόν.

465 906 488 939 s
531 890 594 943 Oi
628 890 739 944 θεοὶ
773 891 1132 960 ὁμοιωθέντες
1157 892 1467 965 ἀνθρώποις
1496 892 1807 963 κατέϐησαν
1836 893 1970 962 πρὸς

388 981 547 1050 ἡμᾶς
571 996 584 1011 ·
611 980 839 1035 ἐκάλουν
864 1000 920 1035 τε
947 982 1038 1036 τὸν
1060 983 1368 1054 Βαρνάὸαν,
1398 983 1516 1047 Δία,
1537 984 1629 1037 τὸν
1644 984 1701 1038 δὲ
1726 983 1961 1050 Παῦλον,

389 1068 628 1141 Ἑρμῆν.
673 1089 692 1123 ι

466 1163 559 1215 Ἐν
583 1163 699 1226 τοῖς
729 1163 1210 1236 ἀναγραψαμένοις
1232 1164 1331 1229 τὰς
1361 1165 1591 1229 παλαιὰς
1616 1166 1856 1237 ἱστορίας
1885 1168 1973 1220 εὑ·-

373 1253 617 1324 ρίσκεις,
648 1254 730 1307 ὃτι
761 1255 790 1307 ό
819 1257 958 1319 Ζεὺς
995 1257 1279 1327 ἄνθρωπος
1298 1255 1374 1309 ὣν
1403 1256 1596 1310 ἑαυτὸν
1626 1257 1967 1327 ὲθεοποίησε,

368 1347 557 1416 λέγων
602 1344 796 1398 ἑαυτὸν
822 1340 964 1399 εἶναι
1005 1347 1172 1399 Θεόνο
1207 1346 1283 1410 ὡς
1314 1348 1409 1401 καὶ
1446 1347 1631 1401 πολλοὶ
1676 1346 1784 1401 τῶν
1836 1348 1971 1401 Ῥω-

371 1437 562 1507 μαίων
599 1434 842 1505 βασιλεῖς
888 1436 982 1489 καὶ
1030 1436 1361 1491 Μακεδόνων
1406 1438 1777 1508 ἐχρημάτιζον
1823 1437 1936 1492 θεοί
1951 1454 1965 1468 ⁸

365 1528 454 1581 διὸ
483 1528 547 1580 οὐ
584 1526 690 1598 χρὴ
716 1528 968 1581 άπιστεῖν
988 1530 1103 1591 τοῖς
1130 1528 1300 1583 πάλαι
1318 1529 1559 1600 λεχθεῖσι
1589 1531 1719 1601 περὶ
1730 1529 1968 1595 ,τούτου,

363 1622 456 1674 ὃτι
490 1619 860 1690 ἠπατήθησάν
893 1637 1039 1684 τινες
1073 1622 1167 1675 καὶ
1200 1622 1493 1692 ὠνόμασάν
1519 1620 1546 1660 ι
1575 1639 1727 1686 τινας
1770 1621 1925 1687 θεούς
1947 1638 1962 1653 ⁶

361 1709 513 1764 ὅπου
546 1728 608 1779 γε
630 1711 726 1765 καὶ
754 1705 897 1766 οὗτοι
924 1711 1291 1783 ἠπατήθησαν
1323 1714 1405 1777 είς
1432 1714 1524 1767 τὸν
1553 1713 1841 1784 Βαρνάϐαν
1870 1713 1965 1767 καὶ

366 1802 593 1857 Παῦλον
617 1818 631 1833 ·
668 1803 765 1856 καὶ
810 1802 985 1856 ὀπίσω
1035 1802 1092 1857 δὲ
1142 1804 1258 1857 ἐστι
1309 1805 1471 1858 τοῦτο
1500 1804 1519 1843 ι
1554 1803 1967 1876 σημειώσασθαι

363 1896 467 1950 ἐπὶ
501 1896 747 1966 Σίμωνος
770 1895 866 1948 τοῦ
896 1896 1110 1964 Μάγου,
1133 1896 1193 1949 ὃν
1221 1909 1261 1936 ω
1284 1899 1342 1950 ὲν
1369 1900 1436 1969 τῇ
1469 1898 1756 1970 Σαμαρείᾳ
1781 1888 1967 1966 ἔλεγον

363 1985 471 2057 τὴν
494 1986 589 2040 τοῦ
619 1986 756 2040 Θεοῦ
778 1987 1009 2057 δύναμιν
1030 1987 1131 2059 τὴν
1158 1988 1402 2058 μεγάλην
1421 2002 1436 2017 ·
1467 1987 1562 2052 οὓς
1591 1990 1968 2060 ἐπιστομίζον-

363 2097 486 2141 τες,
520 2079 641 2148 ἅμα
664 2079 719 2131 δὲ
741 2079 834 2131 καὶ
860 2078 1042 2149 ἠρέμα
1063 2080 1427 2144 διδάσκοντες,
1457 2080 1507 2133 οἱ
1529 2081 1659 2152 περὶ
1679 2080 1967 2152 Βαρνάϐαν

363 2168 586 2237 ελεγον,
618 2171 767 2223 Θεὸν
801 2169 1002 2235 οὐδεὶς
1042 2169 1265 2238 ἑώρακε
1311 2169 1581 2226 πώποτεο
1628 2171 1659 2224 ὃ
1704 2167 1798 2225 οὖν
1838 2188 1968 2241 φαι-

354 2259 586 2331 νόμεθα
625 2261 723 2313 καὶ
750 2259 1153 2331 ψηλαφώμεθα,
1196 2262 1296 2315 οῦκ
1345 2263 1514 2331 ἐσμὲν
1537 2262 1669 2328 θεοὶ,
1706 2262 1842 2316 ἀλλὰ
1871 2264 1968 2318 άν-

364 2352 587 2420 θρωποι
612 2366 626 2380 ⁶
663 2351 824 2422 μόνον
854 2353 913 2407 δὲ
947 2353 1040 2405 ἐπὶ
1084 2354 1180 2408 τοῦ
1217 2352 1396 2423 Ἰησοῦ
1429 2353 1587 2408 τοῦτο
1620 2354 1845 2423 γέγονεν
1864 2373 1877 2386 ·
1909 2356 1968 2420 ὃς

360 2432 438 2509 ἦν
469 2439 605 2503 Θεὸς
636 2440 734 2493 καὶ
760 2440 1047 2511 ἄνθρωπος
1076 2443 1137 2493 ὲν
1162 2440 1369 2511 ταυτῷ,
1403 2442 1548 2496 κατὰ
1579 2442 1672 2495 τὸν
1694 2443 1794 2513 τῆς
1826 2443 1964 2496 ἐνώ-

365 2546 516 2593 σεως
546 2529 708 2598 λόγον
726 2547 739 2561 ·
770 2525 872 2586 ὦδε
902 2532 960 2585 δὲ
982 2531 1130 2602 ψιλώ⁵
1157 2527 1300 2604 ἦσαν
1328 2531 1631 2605 ἄνθρωποι,
1658 2532 1750 2586 διὰ
1793 2533 1968 2588 Πνεύ-

368 2636 550 2690 ματος
584 2620 735 2674 θείου
768 2622 1290 2694 τερατουργοῦντες.

450 2729 472 2762 s
503 2712 615 2782 (Η)
647 2714 757 2766 Καὶ
785 2714 959 2767 ταῦτα
975 2714 1247 2781 λέγοντες,
1273 2714 1428 2785 μόλις
1455 2716 1814 2771 κατέπαυσαν
1841 2717 1970 2781 τοὺς

362 2802 568 2872 ὄχλους
597 2801 694 2854 τοῦ
739 2801 816 2873 μὴ
857 2802 1011 2856 θύειν
1044 2805 1250 2868 αὐτοῖς,
1286 2805 1425 2859 ἀλλὰ
1466 2806 1801 2876 πορεύεσθαι
1838 2806 1969 2861 ἔκα-

366 2907 504 2944 στον
529 2891 610 2953 είς
637 2891 705 2944 τά
738 2892 866 2944 ίδια.
910 2910 929 2944 ι

2146 885 2313 941 Vsus.
2350 887 2437 949 ιο,
2477 887 2560 941 ll.
2600 904 2619 937 ι
2670 887 2751 942 Dii
2783 888 2990 943 similes
3026 887 3151 943 facti
3193 890 3506 947 hominibus
3556 894 3656 948 de-

2072 979 2404 1032 scenderunt
2434 978 2499 1031 ad
2541 994 2661 1032 nos.
2691 978 2756 1032 Et
2782 980 3051 1034 vocabant
3081 980 3385 1035 Barnabam
3426 980 3612 1037 Jovem
3638 1021 3654 1046 ,

2068 1066 2295 1123 Paulum
2322 1084 2450 1125 vero
2489 1068 2838 1125 Mercurium.
2875 1089 2894 1121 ι

2140 1161 2294 1231 Apud
2356 1172 2598 1215 veterum
2661 1162 3012 1216 historiarum
3067 1162 3368 1233 scriptores
3418 1165 3658 1233 reperies

2064 1249 2277 1317 Jovem,
2310 1266 2431 1306 cum
2462 1254 2622 1308 homo
2645 1262 2814 1315 esset,
2861 1266 2917 1308 se
2946 1252 3112 1307 Deum
3142 1253 3358 1317 fecisse,
3407 1269 3467 1310 se
3489 1254 3655 1310 Deum

2068 1354 2189 1394 esse
2219 1340 2511 1405 dicentem,
2546 1357 2656 1397 non
2694 1358 2851 1398 secus
2877 1360 2940 1398 ac
2974 1343 3125 1398 nmlti
3150 1344 3265 1399 sive
3286 1343 3654 1400 Romanorum

2067 1432 2185 1485 sive
2215 1429 2564 1487 Macedonum
2594 1448 2747 1502 reges
2788 1449 2846 1488 se
2884 1432 3016 1488 deos
3069 1444 3197 1489 sunt
3243 1437 3489 1504 mentiti;
3520 1450 3658 1505 qua-

2068 1529 2289 1592 propter
2316 1538 2422 1578 non
2447 1525 2760 1594 deneganda
2797 1523 2928 1579 fides
2967 1526 3032 1580 iis
3057 1541 3177 1597 qum
3203 1542 3268 1582 ea
3300 1528 3366 1582 de
3410 1543 3468 1583 re
3506 1529 3656 1582 dice-

2068 1615 2286 1681 bantur,
2310 1617 2493 1686 plures
2525 1618 2731 1673 scilicet
2759 1617 2927 1674 fuisse
2961 1620 3237 1689 deceptos,
3253 1629 3309 1674 et
3334 1619 3656 1691 quibusdam

2071 1720 2264 1762 nomen
2312 1708 2555 1763 divinum
2607 1709 2960 1776 attribuisse;
2995 1712 3264 1782 siquidem
3315 1712 3406 1767 isti
3436 1712 3658 1769 fuerunt

2068 1796 2278 1866 decepti
2308 1799 2377 1854 de
2402 1798 2648 1855 Barnaba
2709 1811 2763 1856 et
2806 1799 3014 1869 Paulo;
3071 1802 3219 1873 quod
3273 1812 3432 1858 antea
3470 1804 3659 1863 videre

2068 1887 2244 1943 fuerat
2272 1890 2326 1945 in
2356 1890 2578 1947 Simone
2608 1892 2782 1963 Mago,
2813 1909 2974 1963 quem
3018 1895 3072 1950 in
3115 1895 3363 1951 Samaria
3410 1912 3657 1967 magnam

2067 1976 2164 2034 Dei
2191 1979 2455 2036 Virtutem
2494 1982 2779 2041 vocabant.
2831 1985 3071 2054 Apostoli
3099 1995 3301 2051 autem,
3338 2002 3446 2057 quo
3470 2003 3657 2043 eorum

2068 2085 2160 2125 ora
2211 2071 2552 2139 obturarent,
2597 2075 2869 2145 simulque
2915 2094 3013 2135 eos
3063 2091 3349 2136 mansuete
3379 2081 3656 2146 docerent,

2067 2161 2355 2223 dicebant:
2388 2164 2553 2220 Deum
2592 2184 2743 2223 nemo
2786 2170 2916 2223 vidit
2966 2182 3198 2242 unquam
3240 2172 3289 2237 ¹;
3331 2172 3477 2242 quod
3508 2174 3656 2229 vide-

2070 2266 2190 2307 mur
2217 2269 2356 2320 esse,
2380 2256 2485 2313 hoc
2527 2272 2747 2315 sumus:
2770 2275 2878 2316 non
2901 2261 3001 2325 dii,
3026 2264 3121 2318 sed
3155 2262 3422 2320 homines.
3454 2264 3513 2323 ln
3535 2265 3654 2321 solo

2066 2342 2190 2399 Jesu
2217 2344 2416 2401 factum
2462 2357 2545 2404 est
2569 2348 2622 2404 id
2656 2353 2799 2422 quod
2829 2350 2991 2407 fuerit
3020 2352 3163 2410 Deus
3200 2354 3361 2410 simul
3387 2364 3442 2412 et
3470 2357 3653 2423 homo,

2069 2433 2186 2503 lege
2214 2436 2461 2505 unionis;
2487 2439 2577 2494 hic
2600 2455 2706 2495 non
2739 2450 2897 2496 erant
2920 2442 3022 2499 nisi
3056 2445 3329 2510 homines,
3358 2461 3455 2516 per
3485 2446 3658 2518 Spiri-

2069 2532 2184 2579 tum
2209 2537 2460 2583 sanctum
2492 2530 2762 2588 mirabilia
2795 2542 3107 2600 opcrantes.

2141 2706 2306 2763 Vsus.
2341 2705 2430 2762 17.
2466 2726 2487 2760 ι
2524 2707 2588 2763 Ει
2624 2709 2739 2764 haec
2763 2710 3026 2778 dicentes,
3061 2712 3150 2767 vix
3186 2714 3515 2769 sedaverunt
3543 2724 3657 2772 tur-

2068 2795 2165 2851 bas
2193 2813 2258 2853 ne
2278 2798 2383 2853 sibi
2415 2797 2777 2867 immolarent,
2797 2803 2893 2857 sed
2932 2802 3072 2859 irent
3097 2804 3327 2876 quisque
3358 2806 3409 2859 in
3432 2806 3654 2862 domum

2069 2898 2248 2941 suam.
2283 2906 2304 2939 ι

449 2982 596 3054 Ὅρα
624 2982 687 3035 τὸ
723 2983 931 3052 ἄτυφον
964 2984 1058 3038 καὶ
1097 2986 1411 3052 άκενόδοξον
1439 2987 1599 3042 τῶνιι
1631 2986 1806 3058 ἁγίων
1828 3006 1845 3023 ο
1878 2990 1962 3044 ὅτι

2141 2975 2278 3033 Vide
2327 2979 2650 3036 modestiam
2709 2992 3047 3051 sanctorum,
3080 2993 3134 3040 et
3166 3001 3329 3054 quam
3388 2987 3654 3044 immunes

362 3074 499 3128 οὔτε
528 3074 640 3128 θεοὶ
672 3074 987 3147 ἠξιώθησαν
1019 3076 1286 3148 κληθῆναι
1317 3079 1427 3133 τῶν
1460 3079 1650 3146 ἐθνῶν,
1689 3081 1808 3135 ἀλλ’
1835 3081 1964 3135 ἑαυ-

363 3166 502 3230 τοὺς
539 3167 855 3220 ὲταπείνουν
881 3166 1135 3235 λέγοντες
1161 3185 1176 3199 ’
1220 3169 1331 3223 Καί
1363 3170 1536 3239 ἡμεῖς
1584 3172 1964 3241 ὁμοιοπαθεῖς

362 3257 562 3328 ἐσμεν
600 3257 746 3328 ὑμῖν
791 3257 1092 3327 ἄνθρωποι
1121 3276 1134 3290 ’
1182 3261 1273 3315 διὰ
1314 3262 1416 3333 τῆς
1458 3266 1964 3337 ταπεινοφροσύνης

369 3349 644 3421 ὗψοῦντες
678 3351 930 3415 ἑαυτούς.

450 3460 474 3493 s
512 3442 988 3514 Ἐπιστηρίξοντες
1015 3445 1116 3510 τὰς
1142 3445 1323 3516 ψυχὰς
1345 3445 1457 3499 τῶν
1481 3446 1765 3518 μαθητῶν,
1792 3465 1965 3518 παρα-

365 3532 668 3598 καλοῦντες
716 3535 979 3605 ἐμμένειν
1006 3538 1071 3607 τῇ
1117 3537 1322 3598 πίστει,
1354 3540 1467 3601 καὶ,
1501 3538 1582 3590 ὅτι
1618 3537 1708 3590 διὰ
1748 3538 1963 3592 πολλῶν

364 3623 608 3694 θλίψεων
651 3624 735 3677 δεῖ
769 3626 921 3696 ἡμᾶς
958 3624 1224 3678 εἰσελθεῖν
1272 3628 1352 3688 εἰς
1393 3627 1493 3695 τὴν
1540 3625 1819 3695 βασιλείαν
1863 3627 1959 3681 τοῦ

363 3716 534 3771 Θεοῦ.
577 3735 598 3769 ι

435 3809 587 3879 ’Ὅρα
615 3807 696 3861 ὅτι
711 3807 839 3862 ἄνευ
868 3807 1038 3861 κόπου
1068 3806 1163 3861 καὶ
1186 3806 1388 3877 μόχθου
1415 3807 1690 3862 πολλοῦοῦ
1717 3807 1960 3862 δικαιοῦ-

357 3898 453 3951 ταί
504 3912 630 3960 τιςο
686 3896 879 3966 στενὴν
928 3896 1037 3968 γὰρ
1095 3896 1183 3949 διὰ
1231 3896 1392 3950 τοῦτο
1434 3897 1529 3951 καὶ
1565 3897 1958 3970 τεθλιμμένην,

357 3990 491 4044 ἀντὶ
528 3988 625 4042 τοῦ
668 3987 901 4056 θλίψεως
941 3988 1184 4062 μεστὴν,
1231 3989 1494 4043 ἐκάλεσεν
1541 3990 1570 4043 ό
1610 3988 1814 4060 Κύριος
1857 3989 1959 4061 τὴν

359 4078 551 4148 πύλην
586 4072 689 4149 τῆς
724 4077 930 4130 εἰσόδου
972 4078 1075 4148 τῆς
1124 4081 1204 4144 είς
1234 4077 1517 4150 βασιλείαν
1546 4079 1790 4150 ἀγούσης
1813 4099 1825 4111 ·
1859 4081 1959 4152 οὐχ

357 4166 559 4229 ἁπλῶς
584 4166 641 4219 δὲ
662 4165 953 4237 οῖαδήποτε
985 4165 1166 4237 θλίψις
1190 4168 1313 4235 ἄγει
1343 4168 1424 4230 είς
1455 4166 1756 4237 βασιλείαν,
1782 4167 1898 4221 ἀλλ’
1923 4170 1957 4239 ὴ

357 4254 449 4312 διὰ
487 4255 590 4327 τὴν
619 4258 696 4319 εἰς
727 4255 863 4309 Θεὸν
906 4257 1112 4310 πίστιν.
1148 4257 1291 4326 Ὀρα
1321 4258 1432 4329 γὰρ
1464 4255 1583 4320 πῶς
1617 4257 1666 4311 οί
1711 4257 1957 4328 μαθηταὶ

2072 3068 2357 3125 sintvana:
2384 3071 2569 3141 gloria!
2598 3089 2612 3127 :
2640 3074 2839 3145 quippe
2881 3075 2972 3146 qui
3013 3075 3303 3132 noluerunt
3354 3079 3652 3136 existimari

2071 3162 2144 3216 dii
2165 3162 2430 3232 gentium,
2462 3166 2555 3219 sed
2586 3166 2906 3237 semetipsos
2928 3167 3349 3224 humiliavernnt
3371 3171 3650 3229 dicentes:

2073 3252 2333 3311 Homines
2364 3272 2544 3311 sumus
2576 3257 2713 3313 sicut
2744 3270 2792 3314 et
2822 3275 2910 3315 vos
2938 3259 3231 3327 mortales;
3254 3277 3312 3317 se
3338 3273 3516 3320 autem
3557 3267 3655 3321 Ιιιιι⁹

2072 3345 2343 3404 miliantes
2371 3362 2430 3403 se
2455 3347 2788 3404 exaltabant.
3420 3353 3424 3359 ’

2139 3436 2307 3492 Vsus.
2342 3437 2433 3493 2i.
2472 3456 2492 3490 ι
2537 3437 2942 3497 Conﬁrmanles
2984 3442 3196 3497 animas
3238 3444 3651 3515 discipulorum,

2068 3529 2531 3600 exhortantesque
2562 3539 2621 3585 ut
2650 3532 3034 3601 permanerent
3065 3537 3116 3591 in
3154 3534 3279 3601 fide,
3314 3549 3367 3592 et
3394 3541 3652 3608 quoniam

2067 3635 2166 3689 per
2192 3622 2389 3677 multas
2442 3621 2822 3679 tribulationes
2847 3634 3062 3694 oportet
3107 3642 3205 3682 nos
3241 3628 3447 3685 intrare
3477 3631 3529 3684 in
3570 3646 3652 3685 re-

2067 3722 2232 3777 gnum
2264 3710 2378 3763 Dei.
2417 3728 2437 3761 ι

2145 3798 2277 3856 Vide
2325 3800 2596 3855 neminem
2650 3802 2855 3872 absque
2881 3802 3064 3858 labore
3082 3812 3137 3859 et
3167 3805 3431 3862 molestiis
3449 3807 3653 3875 justiti-

2068 3891 2179 3946 cari
2215 3911 2228 3945 :
2266 3901 2548 3962 angustam
2571 3893 2715 3948 enim
2740 3903 2795 3947 et
2816 3904 3047 3959 arctam,
3073 3898 3224 3965 quasi
3255 3898 3514 3953 molestiae
3537 3902 3651 3970 ple-

2068 3996 2216 4046 nam,
2259 3994 2469 4053 portam
2506 3983 2607 4037 via:
2638 3998 2759 4052 quae
2788 3982 2937 4038 ducit
2988 3985 3054 4039 ad
3089 4001 3312 4055 regnum
3363 3988 3645 4053 (αξιοι-πω,

2066 4088 2128 4130 ea
2159 4076 2227 4128 de
2260 4089 2419 4129 causa
2448 4074 2584 4128 dixit
2609 4072 2871 4129 Dominus
2912 4091 2926 4129 :
2956 4074 3073 4130 Non
3102 4085 3282 4130 autem
3316 4093 3649 4148 quaecunque

2067 4166 2343 4221 tribulatio
2369 4165 2517 4221 ducit
2545 4166 2611 4220 ad
2642 4179 2892 4234 regnum,
2946 4168 3042 4222 sed
3082 4181 3203 4236 quae
3240 4178 3461 4238 propter
3486 4169 3647 4223 ﬁdem

2066 4259 2119 4315 in
2150 4260 2338 4314 Deum.
2357 4258 2492 4314 Vide
2514 4259 2712 4315 etenim
2731 4259 3000 4328 quomodo
3018 4259 3265 4330 discipuli
3286 4262 3336 4314 in
3362 4262 3550 4330 primis
3581 4260 3647 4315 ad

359 4349 420 4400 ὲν
465 4348 715 4418 πρώτοις
753 4349 1137 4421 παρήγγελλον
1178 4348 1463 4421 ἐπιμένειν
1490 4351 1558 4420 τῇ
1608 4351 1688 4413 είς
1729 4350 1962 4421 Χριστὸν

2072 4351 2497 4417 permanendum
2543 4348 2596 4402 in
2622 4349 2726 4402 fide
2749 4348 2953 4403 Christi
2986 4351 3363 4417 exhortcntur,
3393 4351 3511 4406 sine
3542 4368 3645 4421 qua

361 4439 577 4503 πίστει,
610 4433 682 4511 ἧς
711 4439 839 4493 ἄνευ
875 4439 1115 4510 σωθῆναι
1154 4438 1421 4493 ἀδύνατον
1442 4478 1458 4504 ,
1490 4438 1595 4492 κᾶν
1633 4439 1722 4493 διὰ
1752 4438 1965 4494 πολλῶν

359 4546 444 4594 τις
466 4529 711 4600 θλίψεων
731 4530 999 4602 παρέλθῃ.
1016 4532 1077 4585 Ei
1095 4532 1205 4602 γὰρ
1224 4532 1384 4586 τοῦτο
1404 4528 1496 4604 ἦν,
1526 4534 1635 4596 πᾶς
1652 4532 1959 4605 ἄνθρωπος,

364 4622 561 4691 σχεδὸν
583 4624 756 4676 εἰπεῖν
780 4663 795 4687 ,
825 4623 1136 4677 ὲδικαιοῦτο
1156 4638 1169 4653 ⁸
1200 4625 1282 4677 ὅτι
1312 4625 1373 4677 τὸ
1399 4627 1654 4679 πλεῖστον
1683 4625 1784 4695 τῆς
1815 4625 1964 4693 ζωῆς

362 4714 538 4767 αὐτοῦ
586 4714 756 4779 κόπος
800 4719 895 4770 καὶ
934 4717 1096 4779 πόνος
1118 4731 1136 4750 ο
1176 4717 1274 4770 καὶ
1306 4716 1382 4782 ὡς
1411 4718 1505 4771 ἐπὶ
1537 4718 1598 4771 τὸ
1638 4717 1772 4771 πολὺ
1810 4719 1960 4771 πᾶσα

362 4803 521 4877 ψυχὴ
540 4808 619 4869 είς
646 4807 831 4873 πόνον,
855 4808 950 4860 καὶ
972 4809 1124 4861 πᾶσα
1140 4808 1353 4879 κεφαλὴ
1370 4811 1451 4872 είς
1473 4809 1670 4881 λύπην⁶
1691 4808 1956 4863 ἀδύνατον

364 4895 480 4968 γὰρ
521 4897 596 4967 μὴ
629 4896 920 4951 λυπεῖσθαι
950 4896 1264 4969 ἄνθρωπον,
1300 4898 1334 4968 ἢ
1369 4897 1459 4953 διὰ
1502 4898 1574 4952 τὰ
1618 4897 1825 4968 μάταια
1860 4894 1955 4950 τοῦ

366 4987 596 5057 κόσμου,
624 4990 657 5044 il
681 4988 769 5043 διὰ
789 4988 881 5044 τὸν
900 4988 1034 5045 Θεόν
1054 5005 1068 5020 °
1087 4988 1225 5044 άλλά
1247 4989 1346 5057 τὴν
1370 4989 1469 5060 μὲν
1493 4988 1589 5042 τοῦ
1614 4989 1728 5060 βίου
1757 4987 1956 5059 λύπην,

443 5146 459 5176 ί
500 5143 662 5199 Joan.
696 5160 735 5209 ι,
773 5145 861 5202 18.

443 5290 458 5350 l
499 5277 634 5350 Cod,
692 5278 755 5334 C.
802 5280 1093 5350 Ἀριανοῖς.

369 5346 536 5403 Coisl.
562 5349 664 5420 τῷ.

1210 5276 1235 5314 ι
1265 5273 1396 5330 Cod.
1437 5274 1603 5329 Coisl.
1661 5273 1814 5344 όνόμ.

449 5504 560 5574 (14)
599 5504 728 5559 Post
774 5505 1096 5560 versiculum
1135 5504 1201 5558 l5
1225 5505 1349 5574 cod.
1383 5502 1551 5559 Coisl.
1594 5504 1707 5558 lucc
1752 5504 1949 5574 habet:

383 5571 713 5643 Ἀμμωνίου
752 5575 1183 5642 πρεσϐυτέρου.
1214 5573 1413 5643 Γνώμη
1452 5574 1558 5626 ίδία
1584 5574 1748 5642 φησὶν
1778 5571 1953 5643 ὁΘεδς

372 5641 564 5715 Λόγος.
585 5645 714 5698 Ὅτε
745 5641 1013 5715 ἐϐουλήθη
1041 5645 1266 5715 εὐδοκία
1292 5641 1506 5715 Πατρὸς
1541 5641 1830 5715 ξσαρκὼθη
1862 5642 1952 5715 τὸν

372 5713 588 5781 πρῶτον
624 5715 816 5784 χρόνον
844 5710 1195 5784 eum;va
1224 5710 1281 5767 ὃν
1321 5710 1483 5776 αὐτὸς
1519 5710 1660 5765 οἶδεν
1688 5710 1829 5763 κατὰ
1852 5714 1950 5783 τὴν

652 5809 921 5868 ΡΑτῐιοῐ..
973 5810 1090 5869 Gn.
1127 5806 1408 5868 LXXXV.

1936 5272 1955 5312 ι
1994 5273 2127 5329 Cod.
2162 5272 2326 5328 Coisl.
2362 5271 2592 5327 τοιοῦτο.

2064 4454 2224 4507 nemo
2255 4449 2432 4507 potest
2457 4437 2680 4505 salvari,
2709 4439 2925 4494 etiamsi
2971 4455 3066 4508 per
3107 4441 3304 4496 multas
3343 4441 3647 4496 tribulatio-

2062 4544 2161 4584 nes
2192 4527 2357 4583 fuerit
2378 4539 2654 4599 expertus.
2689 4530 2783 4585 Sin
2819 4530 2996 4596 aliter,
3027 4547 3215 4587 omnes
3246 4533 3415 4587 ferme
3445 4531 3646 4603 justiti-

2062 4632 2351 4690 carentur;
2375 4621 2549 4690 major
2569 4623 2712 4677 enim
2747 4639 2871 4692 pars
2905 4623 3156 4679 humana:
3189 4626 3333 4691 vitae,
3380 4624 3534 4679 labor
3562 4635 3645 4679 est

2061 4724 2116 4769 et
2160 4712 2428 4781 molestia,
2460 4723 2516 4768 et
2552 4723 2611 4767 ut
2662 4713 2981 4785 plerumque
3029 4717 3208 4770 omnis
3257 4717 3439 4769 anima
3472 4716 3643 4769 labori

2062 4803 2269 4869 dedita,
2309 4817 2470 4857 omne
2493 4814 2655 4873 caput
2686 4804 2896 4871 dolori;
2932 4822 3035 4861 non
3068 4806 3214 4860 enim
3266 4815 3444 4875 potest
3484 4807 3646 4861 homo

2065 4910 2172 4951 non
2208 4894 2393 4950 dolore
2421 4892 2584 4957 allici,
2606 4894 2720 4951 sive
2749 4898 2818 4951 ob
2851 4898 3034 4951 mundi
3075 4899 3345 4952 vanitates
3374 4898 3488 4953 sive
3515 4913 3645 4966 pro-

2068 4999 2187 5059 pter
2216 4986 2421 5050 Deum;
2477 4985 2569 5038 sed
2601 5001 2720 5055 quae
2766 5003 2831 5042 ex
2882 4989 3081 5042 mundo
3133 4998 3213 5042 est
3242 4988 3488 5050 tristitia,
3522 5001 3641 5041 eam

2700 5280 2738 5309 ππ
2772 5272 2907 5329 Cod.
2962 5275 3127 5330 Cuisl.
3161 5274 3219 5328 ὃν
3246 5277 3317 5330 oi.
3428 5288 3454 5315 ³³
3491 5277 3630 5337 Οεῑιί.

2062 5501 2318 5575 επωφελρῆ
2350 5500 2516 5575 αὑτοῦ
2548 5502 2654 5575 *καὶ
2699 5502 2993 5575 φιλάγαθον
3031 5503 3240 5575 κρίσιν·
3273 5507 3640 5575 συγχωρήσας

2060 5573 2175 5690 arci;
2200 5571 2506 5641 ἀνθρώποις
2541 5572 2816 5625 δουλεύειν
2845 5574 2937 5626 καὶ
2981 5571 3303 5646 προσκυνεῖν
3342 5571 3452 5639 τοῖς
3482 5571 3638 5632 εἰδιῦὲ

2079 5658 2191 5690 με.

2079 5658 2191 5702 .οις.

3245 5807 3319 5871 49
