4064 6388
461 276 599 345 154⁵1

1598 276 1948 339 ΑΜΜΟΝΙΙ
1988 276 2525 338 ALEXANDRINI

3582 278 3728 348 1548

460 393 663 464 excipit
692 391 871 447 luctus
898 387 1388 459 inexstingulbilis;
1424 401 1542 459 qua
1591 401 1773 445 autem
1823 401 1907 447 est
1953 406 2027 447 se-

2142 390 2449 462 διαδέχεται
2498 391 2733 462 δάκρυον
2782 389 3207 445 ἀκατάπαυστον
3233 398 3255 421 ⁸
3279 407 3291 421 ’
3332 390 3434 463 τὴν
3482 390 3541 445 δέ
3586 391 3729 447 κατά

461 484 697 543 cundum
730 482 922 546 Deum,
972 494 1093 536 eam
1144 479 1349 551 excipit
1401 479 1588 536 laetitia
1641 490 1696 535 et
1735 482 2038 551 gaudium:

461 577 728 647 siquidem
753 572 969 642 aliquod
999 573 1051 626 in
1084 572 1187 628 hac
1208 573 1317 627 vita
1354 575 1488 627 tanti
1524 574 1648 627 doni
1678 574 1870 643 pignus
1899 576 2041 628 acci-

462 668 692 738 pientes,
722 663 1068 719 inenarrabili
1101 663 1285 717 lattitia
1311 662 1707 733 perfunduntur
1733 665 2043 735 quicunque

459 761 538 814 sic
566 759 875 820 tristantur,
910 765 964 810 et
995 755 1087 824 qui
1127 756 1350 809 nuncin
1382 753 1637 824 lacrytuis
1673 755 1879 809 semina
1914 756 2039 808 mit-

460 861 603 915 tnnt,
629 849 665 903 ii
694 863 818 903 cum
854 847 1218 902 exsultatione
1249 845 1460 900 fructus
1490 847 1613 900 hinc
1641 846 1902 900 abeuntes
1924 848 2037 901 col-

458 945 662 1013 ligent:
694 942 811 996 haec
840 948 925 994 est
951 939 1238 995 exsultatio
1262 953 1382 994 cum
1410 948 1645 993 tremore
1673 938 1725 992 in
1765 939 1942 992 anima
1969 954 2034 994 ex

454 1033 551 1088 Dei
577 1033 772 1087 timore
810 1039 991 1085 enata.
1431 1029 1440 1037 '

523 1118 695 1178 Vens.
725 1121 815 1176 22.
847 1139 868 1173 ι
899 1119 966 1174 Ει
998 1134 1120 1175 cum
1150 1120 1567 1176 constituissent
1594 1119 1703 1176 illis
1730 1134 1827 1189 Per
1850 1120 2038 1191 singu-

453 1214 536 1270 las
561 1213 830 1270 Ecclesias
857 1212 1226 1283 presbyteros,
1253 1218 1308 1266 et
1328 1220 1581 1266 orassent
1605 1225 1729 1265 curn
1750 1210 2038 1280 jejunatio—

457 1307 643 1368 nibus,
674 1303 1192 1359 commendaverunt
1218 1316 1310 1357 eos
1341 1300 1568 1356 Domino
1597 1300 1649 1355 in
1671 1314 1829 1369 quem
1860 1301 2037 1357 credi-

453 1397 666 1450 derunt.
701 1411 721 1445 ι

522 1486 602 1541 Ex
626 1486 733 1540 boc
760 1485 929 1554 liquet
954 1483 1260 1539 Barnabam
1291 1492 1347 1539 et
1383 1482 1605 1538 Paulum
1635 1482 1928 1553 episcopali
1954 1482 2035 1537 di-

452 1579 659 1647 gnitate
682 1591 803 1631 esse
842 1577 1069 1631 donatos
1096 1612 1114 1640 ,
1167 1574 1313 1645 quod
1348 1573 1683 1628 instituerint
1716 1588 1819 1627 non
1853 1573 2029 1626 solum

2143 478 2305 548 Θεὸν,
2349 480 2663 551 εὐφροσύνη
2709 480 2805 534 καὶ
2832 480 3014 551 χαρά*
3052 481 3255 551 δπουγε
3300 482 3396 536 καὶ
3429 481 3491 536 ιν
3518 481 3598 554 τῷ
3626 481 3728 538 νῦν

2146 571 2247 643 βίῳ
2285 571 2580 643 ἀρραϐῶνα
2630 573 2730 643 τῆς
2777 571 3036 644 τοιαύτης
3071 572 3282 643 δωρεᾶς
3317 571 3725 651 λαμϐάνοντες,

2141 666 2532 737 ἀνεκδιήγητον
2571 665 2748 738 χαρὰν
2788 665 3008 737 ἔχουσιν
3055 667 3104 720 ei
3145 664 3319 730 οὕτως
3357 665 3725 739 λυπούμενον

2142 758 2235 810 καὶ
2265 757 2359 811 νῦν
2390 757 2458 810 τὰ
2498 758 2791 829 σπέρματα
2838 761 2898 812 ἐν
2946 757 3214 830 κλαυθμῷ
3249 759 3685 824 καταϐάλλοντες
3707 804 3723 829 ,

2139 849 2268 913 τοὺς
2290 849 2536 920 καρποὺς
2559 850 2617 903 ἐν
2641 850 2963 920 ἀγαλλιάσει
2988 850 3126 921 μετά
3147 852 3247 923 τὴν
3275 851 3429 905 ἐνθεν
3457 852 3727 924 ἐκδημίαν

2139 940 2620 1012 ἀπολαμϐάνουσιν
2644 941 2827 1014 ἀὕτη
2859 943 3008 996 ἐστὶν
3029 944 3063 1014 ή
3095 942 3357 1015 ἔντρομος
3381 944 3724 1013 ἀγαλλίασις,

2137 1035 2171 1102 ἡ
2207 1032 2350 1087 κατά
2372 1032 2465 1088 τὸν
2492 1032 2587 1089 τοῦ
2618 1034 2755 1089 Θεοῦ
2789 1036 2953 1106 φόϐον
2983 1036 3248 1107 γινομένη
3278 1040 3346 1108 τῇ
3376 1037 3544 1108 ψυχῇ.

2215 1141 2233 1174 ι
2304 1125 2800 1197 Χειροτονήσαντες
2848 1126 2907 1180 δὲ
2965 1126 3150 1190 αὐτοῖς
3206 1126 3355 1181 κατ”
3395 1126 3726 1198 Ἐκκλησίαν

2137 1212 2545 1285 πρεσϐυτέρους
2569 1255 2585 1279 ,
2614 1214 3049 1287 προσευξάμενοι
3094 1216 3233 1287 μετά
3261 1217 3553 1288 νηστειῶν,
3581 1235 3724 1287 παρ-

2138 1304 2322 1357 έθεντο
2350 1307 2544 1367 αὐτοὺς
2573 1306 2651 1376 τῷ
2679 1307 2871 1376 Κυρίῳ
2898 1306 2981 1369 εις
3009 1305 3070 1359 ὃν
3102 1306 3583 1360 πεπιστεύκεισαν
3629 1325 3648 1358 ι

2211 1483 2353 1553 Ὅρα
2390 1483 2473 1535 ὅτι
2498 1484 2593 1536 καὶ
2629 1484 2679 1536 οἱ
2730 1484 2863 1555 περὶ
2902 1483 3117 1539 Παῦλον
3157 1486 3252 1539 καὶ
3280 1485 3566 1557 Βαρνάϐαν
3606 1489 3719 1540 ἐπι-

2137 1573 2359 1626 σκόπων
2394 1571 2541 1644 εἶχον
2590 1575 2771 1642 ἀξίαν,
2821 1576 2880 1644 ἐξ
2912 1569 2988 1630 ὧν
3033 1577 3412 1649 ἐχειροτόνουν
3458 1579 3519 1631 οὐ
3563 1580 3724 1650 μόνον

450 1671 730 1733 diaconos,
760 1667 856 1723 sed
884 1667 1049 1723 etiam
1081 1668 1451 1737 presbyteros.
1479 1664 1600 1721 .lam
1633 1676 1811 1719 autem
1844 1664 2027 1720 notavi

2135 1667 2415 1732 διακόνους
2464 1668 2601 1722 ἀλλά
2660 1671 2756 1723 καὶ
2811 1670 3240 1745 πρεσϐυτέρους.
3295 1671 3407 1726 Καὶ
3443 1672 3620 1725 ὀπίσω
3662 1672 3724 1727 δέ

447 1776 574 1816 cum
592 1758 1029 1830 jejunationibus
1058 1767 1114 1814 et
1132 1758 1471 1814 orationibus
1512 1757 1808 1826 discipulos
1834 1771 2027 1813 manus

2136 1761 2591 1832 ὲσημειωσάμην,
2622 1762 2703 1815 ὅτι
2726 1740 2869 1833 μετά
2898 1740 3164 1835 νηστειῶν
3186 1764 3280 1817 καὶ
3302 1763 3477 1835 εὐχῶν
3501 1764 3723 1817 ἐποίουν

448 1854 767 1925 imponere;
818 1852 922 1907 ltoc
952 1865 1169 1922 quoque
1202 1850 1405 1916 notavi,
1438 1850 1647 1906 scilicet
1684 1849 1946 1905 Barnabae
1974 1859 2030 1905 et

448 1946 619 2002 Paulo
642 1960 833 2000 manus
856 1944 1021 2000 fuisse
1051 1942 1333 2015 impositas
1362 1942 1417 1997 in
1442 1941 1641 2007 Mileto,
1672 1956 1873 2011 eosque
1906 1943 2031 1998 inde

432 2047 712 2094 exeuntes
756 2036 1087 2108 przedicasse
1132 2035 1186 2090 in
1226 2033 1538 2091 civitatibus
1588 2048 1759 2103 usque
1782 2034 1848 2087 ad
1891 2032 2028 2088 Pisi-

448 2129 595 2184 diam
631 2130 762 2185 etin
801 2128 1055 2184 omnibus
1090 2129 1157 2184 iis
1195 2142 1315 2196 qua:
1346 2128 1630 2196 hucusque
1678 2133 1805 2181 sunt
1840 2139 2028 2180 recen-

443 2220 607 2287 sita};
637 2219 853 2275 cuidam
893 2233 1025 2275 vero
1064 2217 1361 2288 exemplari
1407 2215 1622 2272 occurri
1679 2216 2026 2271 Antiochiam

436 2323 546 2381 pro
570 2308 756 2366 Mileto
781 2310 1024 2377 babenti,
1050 2308 1196 2379 quod
1237 2307 1366 2362 mihi
1391 2305 1728 2378 probabilius
1755 2305 1989 2360 videtur.

1074 2492 1228 2548 CAP.
1273 2491 1393 2550 XV.

517 2608 680 2664 Vens.
718 2610 777 2663 ι.
816 2624 838 2660 ι
868 2608 937 2663 Et
967 2606 1189 2677 quidam
1208 2604 1605 2662 descendentes
1633 2603 1700 2660 de
1720 2601 1905 2661 Iudaea
1933 2602 2027 2659 do-

428 2704 643 2759 ocebant
668 2701 903 2757 fratres:
933 2699 1068 2768 Quia
1101 2699 1203 2755 nisi
1235 2697 1697 2754 circumcidamiui
1730 2697 2025 2753 secundum

430 2811 654 2852 morem
687 2793 879 2867 Moysi,
911 2809 1017 2848 non
1053 2794 1281 2863 potestis
1309 2791 1532 2848 salvari.
1573 2807 1596 2843 ι

517 2887 658 2953 Quia
680 2887 786 2941 nisi
804 2884 1256 2939 circumcidamini
1293 2882 1577 2937 secundum
1604 2896 1799 2936 morem
1825 2876 2023 2950 Moysi,

432 2996 549 3035 tuon
584 2979 802 3049 potestis
862 2977 1081 3032 salvari.
1118 2974 1525 3031 Observandum
1564 2982 1647 3030 est
1689 2973 1821 3028 illud
1856 2972 2028 3027 fuisse

426 3071 580 3142 .legis
609 3079 937 3141 praeceptum
964 3068 1109 3139 quod
1144 3066 1423 3136 Scriptura
1456 3081 1661 3121 morem
1700 3065 1835 3119 dicit
1865 3081 1880 3117 :
1918 3079 2022 3119 non

441 3164 587 3218 enim
614 3178 712 3232 per
748 3176 964 3228 manus,
994 3160 1087 3214 sed
1130 3173 1226 3229 per
1248 3157 1589 3227 Scripturam
1639 3156 1755 3211 haec
1803 3155 2028 3210 tradidit

430 3255 675 3328 Moyses.
728 3252 1055 3309 Autforsan
1096 3252 1380 3307 solverunt
1423 3249 1672 3321 apostoli,
1730 3248 1855 3319 quia
1886 3263 2024 3312 mos,

446 3365 552 3402 non
597 3359 779 3401 autem
838 3347 972 3416 legis
1024 3354 1323 3409 statutum;
1380 3344 1524 3415 quod
1567 3353 1745 3397 tamen
1812 3340 2026 3396 nonnisi

446 3455 728 3510 perperam
754 3439 859 3493 dici
893 3447 1089 3509 potest,
1122 3437 1247 3507 quia
1270 3436 1530 3493 Ec'clesiae
1555 3447 1735 3489 mores
1765 3417 1871 3488 non
1904 3442 2030 3488 sunt

442 3531 844 3588 euntemnendi.

512 3622 681 3680 Vens.
715 3625 768 3681 5.
808 3643 827 3677 ι
861 3625 1233 3679 Surrexerunt
1256 3631 1438 3679 autem
1475 3622 1694 3693 quidam
1734 3620 1803 3676 de
1832 3617 2027 3675 haeresi

440 3716 842 3773 Pbarismorum
871 3716 963 3788 qui
994 3716 1366 3782 crediderunt,
1395 3715 1641 3771 dicentes
1667 3732 1681 3771 :
1707 3714 1840 3783 Quia
1865 3728 2029 3783 opor-

442 3818 521 3865 tet
543 3809 857 3865 circumcidi
879 3823 994 3875 eos,
1023 3808 1320 3880 pracipere
1343 3822 1559 3878 quoque
1585 3821 1806 3863 servare
1855 3804 2027 3877 legem

435 3901 633 3974 Moysi.
680 3922 699 3955 ι

511 3994 628 4049 Non
651 4009 717 4049 ex
747 3993 1004 4063 gentibus
1037 3991 1244 4060 fideles,
1290 3993 1383 4049 sed
1421 4008 1485 4048 ex
1515 3991 1742 4058 Iudaeis,
1790 3992 2028 4048 circum-

440 4085 546 4141 cidi
576 4086 865 4139 credentes
903 4091 957 4139 et
987 4083 1192 4138 servari
1236 4083 1415 4138 omnia
1447 4082 1578 4156 legis
1608 4081 1849 4139 carnalia
1886 4096 2027 4152 prae-

439 4188 596 4248 cepta
664 4176 1121 4247 expostulabant;
1175 4177 1394 4246 quibus,
1455 4187 1639 4245 utpote
1689 4174 2025 4244 antiquatam

440 4269 611 4340 legem
645 4269 982 4339 sapientibus
1028 4277 1084 4323 et
1138 4268 1372 4338 propriae
1426 4267 1810 4322 ostentationis
1853 4264 2026 4331 gratia

439 4355 626 4410 ﬁdeles
662 4356 1056 4410 circumcidere
1081 4356 1417 4420 volentibus,
1458 4353 1737 4422 discipuli,
1770 4352 1898 4407 licet
1925 4353 2024 4420 ipsi

2133 1853 2184 1905 οί
2218 1853 2456 1925 μαθηταὶ
2482 1853 2581 1916 τὰς
2596 1855 2934 1927 χειροτονίας
2952 1856 3301 1928 ’ἐσημείωσα
3330 1857 3388 1910 δὲ
3416 1856 3513 1910 καὶ
3541 1856 3720 1924 τοῦτο,

2134 1945 2218 1998 ὅτι
2258 1945 2339 2008 είς
2379 1945 2620 2017 Μίλητον
2656 1946 3147 2019 ἐχειροτονήθησαν
3189 1949 3240 2001 oi
3272 1948 3403 2019 περὶ
3432 1947 3721 2019 Βαρνάϐαν

2135 2037 2231 2092 καὶ
2253 2037 2485 2091 Παῦλονσ
2511 2040 2606 2092 καὶ
2634 2038 2694 2103 ἐξ
2722 2039 2894 2109 αὐτῆς
2928 2038 3261 2107 ἐξελθόντες,
3294 2040 3723 2109 εὐηγγελίσαντο

2132 2129 2233 2194 τὰς
2279 2128 2439 2201 μέχρι
2478 2130 2581 2200 τῆς
2615 2130 2862 2193 Πισιδίας
2912 2129 3129 2193 πόλεις,
3168 2130 3264 2184 καὶ
3306 2131 3441 2192 ὅσας
3474 2130 3642 2194 ἄλλας
3689 2131 3721 2185 ὁ

2134 2220 2292 2290 λόγος
2317 2222 2559 2294 ἐσήμανε
2586 2222 2724 2285 τέως
2744 2238 2758 2253 ο
2794 2221 2923 2275 ἄλλο
2950 2221 3008 2275 δὲ
3039 2222 3379 2293 ἀντίγραφον
3407 2217 3565 2294 εὖρον
3596 2223 3721 2295 ἔχον

2132 2315 2255 2369 ἀντὶ
2286 2314 2532 2385 Μιλήτου
2575 2315 2908 2387 Ἀντιόχειαν
2928 2354 2943 2380 ,
2973 2314 3003 2369 ὃ
3029 2315 3127 2369 καὶ⁵
3162 2313 3537 2389 πιθανώτερόν
3567 2327 3594 2368 P
3627 2335 3721 2389 μοι

2136 2406 2338 2479 μᾶλλον
2370 2408 2566 2479 ἐφάνη.

2735 2501 2993 2555 ΚΕΦΑΛ.
3047 2502 3147 2557 IE'.

2206 2631 2228 2665 ‹
2266 2612 2374 2666 Καί
2397 2630 2542 2677 τινες
2566 2614 2919 2678 κατελθόντες
2944 2616 3052 2669 ἀπὸ
3077 2616 3177 2687 τῆς
3223 2616 3510 2680 Ἰουδαίας,
3543 2617 3720 2671 ἐδίδα-

2134 2722 2266 2760 σκον
2291 2707 2417 2770 τοὺς
2442 2705 2703 2775 ἀδελφούς
2730 2723 2745 2737 ·
2779 2706 2903 2760 Ὅτι
2942 2706 3039 2760 ἐὰν
3097 2706 3172 2779 μὴ
3221 2708 3602 2780 περιτμηθῆτε
3640 2708 3723 2781 τῷ

2133 2796 2244 2851 ἔθει
2280 2797 2375 2851 τοῦ
2406 2800 2714 2865 Μωΰσὲως,
2742 2799 2802 2853 οὐ
2833 2799 3130 2871 δυνήσεσθε
3176 2801 3442 2873 σωθῆναι.
3481 2821 3501 2855 ι

2208 2888 2329 2942 Ὀτι
2366 2889 2477 2943 ἐὰν
2498 2890 2586 2959 μὴ
2636 2891 3073 2960 περιτέμνησθε
3112 2888 3193 2958 τῷ
3228 2892 3350 2947 ἔθει
3397 2895 3721 2962 Μωῢσέως,

2131 2980 2205 3034 οὐ
2237 2979 2503 3035 δύνασθε
2531 2979 2819 3049 σωθῆναι.
2850 2982 3196 3052 Σημειωτέον
3223 2983 3303 3036 ὅτι
3334 2982 3456 3045 ἔθος
3478 2984 3630 3039 καλεῖ
3659 2984 3725 3039 τὸ

2054 3098 2098 3154 c
2133 3072 2356 3144 ἔννομον
2392 3072 2720 3143 πρόσταγμα
2765 3076 2799 3145 ἡ
2838 3074 3068 3147 Γραφή·
3112 3075 3235 3129 ούδέ
3275 3076 3384 3148 γὰρ
3428 3078 3720 3149 ἀγράφως,

2130 3166 2246 3221 ἀλλ’
2272 3166 2569 3237 ἐγγράφως
2603 3167 2697 3220 καὶ
2730 3167 2889 3220 τοῦτο
2922 3164 3040 3220 εἷπε
3068 3169 3317 3240 Μωῠσῆς
3342 3185 3355 3197 ·
3388 3170 3587 3243 ἣτάχα
3628 3171 3726 3224 καὶ

2129 3258 2220 3313 διὰ
2245 3258 2405 3312 τοῦτο
2434 3258 2599 3330 ἐλύθη
2638 3259 2748 3313 ἀπὸ
2773 3258 2882 3313 τῶν
2922 3260 3240 3317 ἀποστόλων
3268 3262 3429 3316 τοῦτο
3449 3305 3462 3330 ,
3494 3262 3570 3326 ὡς
3601 3263 3726 3328 ἔθος

2129 3347 2189 3401 ὃν
2221 3349 2316 3403 καὶ
2341 3350 2441 3419 οὐχ
2471 3349 2546 3412 ὡς
2567 3350 2799 3421 νόμιμον
2827 3364 2841 3378 ·
2875 3349 3017 3421 πλὴν
3047 3352 3207 3405 τοῦτο
3241 3352 3321 3406 δεῖ
3354 3371 3727 3425 καταχρηστι-

2130 3440 2243 3506 κῶς
2273 3450 2302 3492 σι
2333 3442 2528 3507 είπεῖν,
2559 3442 2641 3497 ὅτι
2675 3442 2797 3496 οὐδὲ
2832 3442 2901 3497 τὰ
2942 3443 3044 3514 τῆς
3098 3444 3429 3516 Ἐκκλησίας
3467 3446 3564 3518 ἔθη
3609 3446 3719 3518 χρὴ

2130 3533 2604 3604 παραχαράττειν.

2208 3643 2227 3677 ι
2279 3624 2676 3694 Ἐξανέστησαν
2708 3624 2765 3678 δέ
2809 3642 2954 3690 τινες
2995 3625 3105 3680 τῶν
3142 3626 3255 3680 ἀπὸ
3302 3625 3405 3696 τῆς
3450 3627 3720 3696 αἱρέσεως

2128 3715 2239 3770 τῶν
2285 3715 2598 3786 Φαρισαίων
2650 3716 3116 3781 πεπιστευκότες,
3166 3717 3460 3786 λέγοντες,
3509 3719 3591 3771 ὅτι
3639 3718 3723 3771 δεῖ

2130 3807 2485 3877 περιτέμνειν
2530 3806 2770 3875 αὐτοὺς,
2815 3808 3223 3879 παραγγέλλειν
3274 3826 3335 3863 τε
3384 3811 3575 3881 τηρεῖν
3626 3811 3718 3864 τὸν

2130 3899 2294 3970 νόμον
2323 3898 2603 3963 Μωῦσέως
2624 3939 2637 3953 .
2672 3917 2690 3950 ι

2202 3991 2315 4060 Οὐχ
2358 3991 2407 4042 οἱ
2436 3991 2545 4044 ἀπὸ
2581 3990 2753 4045 ἐθνῶν
2801 3993 3019 4058 πιστοὶ,
3061 3993 3176 4047 ἀλλ’
3206 3995 3254 4047 oi
3282 3994 3390 4048 ἀπὸ
3446 3994 3719 4048 Ἰουδαίων

2128 4082 2371 4153 ἀπῄτουν
2408 4083 2535 4146 τοὺς
2569 4083 2797 4148 πιστοὺς
2835 4084 3266 4156 περιτέμνεσθαι
3287 4128 3302 4154 ,
3336 4085 3431 4139 καὶ
3464 4085 3532 4140 τὰ
3579 4086 3718 4140 ἄλλα

2128 4172 2222 4226 τοῦ
2252 4176 2418 4244 νόμου
2457 4174 2698 4245 σαρκικὰ
2729 4177 2904 4229 ποιεῖν
2923 4191 2938 4207 °
2971 4176 3086 4243 οὓς,
3111 4177 3186 4242 ὼς
3214 4177 3295 4230 ἐτι
3329 4179 3398 4231 τά
3421 4177 3515 4231 τοῦ
3545 4177 3715 4247 νόμου

2127 4265 2222 4318 τοῦ
2269 4266 2501 4320 παλαιοῦ
2550 4266 2919 4337 φρονοῦντας,
2967 4268 3065 4322 καὶ
3109 4270 3191 4332 είς
3246 4268 3383 4323 ἰδίαν
3439 4268 3715 4341 καύχησιν

2129 4355 2383 4423 θέλοντας
2425 4361 2746 4431 περιτεμεῖν
2774 4360 2902 4425 τοὺς
2938 4362 3199 4426 πιστοὺς,
3248 4361 3349 4415 οὐκ
3384 4361 3715 4427 ἀπεδέξαντο

440 4448 507 4503 de
558 4448 973 4504 circumcisione
1028 4446 1265 4514 fuerint,
1320 4463 1427 4501 non
1486 4450 2020 4513 obtemperaverunt,

2129 4450 2175 4503 οἱ
2202 4451 2446 4523 μαθηταί
2468 4468 2482 4482 ο
2514 4451 2693 4505 καίτοι
2719 4453 2813 4505 καὶ
2842 4453 2997 4506 αὐτοὶ
3027 4454 3091 4507 ἐκ
3119 4454 3422 4524 περιτομῆς
3447 4452 3626 4516 ὄντες·
3651 4451 3713 4506 οὐ

436 4538 566 4610 quia
590 4538 827 4610 propria
860 4540 1123 4593 voluntati
1155 4540 1375 4592 minime
1410 4536 1782 4606 indulgebant,
1811 4538 1904 4591 sed
1944 4548 2023 4591 to-

443 4631 551 4683 tius
591 4630 774 4683 ttttmdi
828 4629 1027 4685 bonum
1062 4629 1400 4697 quaerebant.
1438 4624 1746 4681 Notandum
1780 4642 1907 4683 vero
1940 4638 2025 4685 est

370 4784 381 4795 1
438 4718 744 4775 Pbarismos
799 4720 969 4775 fuisse
1041 4719 1349 4782 haereticos,
1384 4726 1439 4770 et
1476 4732 1568 4773 eos
1594 4717 1686 4786 qui
1737 4732 1842 4773 non
1878 4728 2024 4774 recte

367 4796 381 4805 ’Δ
439 4812 748 4867 sentiebant
770 4813 946 4869 dictos
976 4811 1166 4876 fuisse,
1204 4809 1372 4864 etiam
1402 4818 1531 4866 ante
1570 4809 1851 4867 Christum
1873 4851 1886 4872 ,
1917 4811 2025 4865 lue-

319 4908 325 4914 ‘
441 4902 664 4957 reﬁcos.

512 4993 676 5049 Vens.
711 4993 765 5049 6.
806 5012 825 5045 ι
866 4991 1366 5061 Conveneruntque
1401 4993 1631 5064 apostoli
1689 5004 1746 5050 et
1779 4995 2025 5050 seniores

441 5086 625 5141 videre
646 5087 711 5140 de
740 5084 908 5138 verbo
936 5083 1055 5136 huc.
1081 5099 1101 5134 s

514 5181 652 5237 Hinc
683 5181 847 5234 etiam
895 5179 1271 5251 conjecturare
1292 5177 1417 5234 licet
1448 5180 1737 5251 quamdam
1765 5181 2026 5249 aposmlis

445 5272 610 5327 fuisse
637 5272 976 5339 dignitatem,
1004 5248 1441 5342 presbyterorum
1465 5248 1729 5341 dignitate
1760 5248 2020 5341 praestan-

449 5365 637 5418 tiorem
664 5376 680 5425 ;
709 5376 775 5414 eo
807 5361 951 5430 quod
989 5379 1092 5416 non
1138 5363 1409 5417 communi
1465 5364 1684 5419 nomine
1717 5379 1841 5418 cum
1892 5367 2024 5435 ipsis

447 5452 819 5521 designantur.

523 5608 555 5677 °_
578 5600 713 5677 C_ovl_.
736 5602 911 5677 _Coi.~l.
935 5603 1361 5677 ἀκατάπαυστον
1383 5620 1397 5636 ο
1421 5604 1698 5677 καὶᾲλύπηη
1732 5605 1827 5657 ἐπὶ
1853 5606 2019 5677 λύπῃ.

2123 4543 2234 4614 γὰρ
2274 4544 2334 4596 τὸ
2384 4543 2515 4598 ἴδιον
2560 4543 2772 4615 θέλημα
2807 4544 3034 4615 ἐζήτουν
3066 4546 3296 4617 στῆσαι,
3329 4546 3465 4599 ἀλλὰ
3505 4547 3567 4597 τὸ
3600 4561 3715 4598 κοι-

2124 4633 2365 4702 νωφελές
2415 4634 2510 4688 τοῦ
2554 4635 2781 4707 κόσμου.
2834 4637 3182 4709 Σημειωτέον
3220 4638 3280 4692 δὲ
3314 4640 3397 4693 ὅτι
3441 4639 3714 4707 αίρετικοὶ

2124 4721 2266 4798 ἦσαν
2290 4727 2341 4779 οἱ
2372 4728 2658 4799 Φαρισαῖοι
2678 4745 2692 4760 ’
2730 4732 2827 4784 καὶ
2856 4732 2940 4784 ὅτι
2971 4731 3032 4784 τὺ
3057 4730 3165 4785 τῶν
3191 4731 3483 4802 αἱρετικῶν
3514 4730 3709 4801 ὄνομα,

2128 4819 2224 4872 καὶ
2254 4818 2359 4890 πρὸ
2392 4819 2505 4875 τῶν
2532 4822 2901 4892 Χριστιανῶν,
2937 4825 3049 4888 τοῖς
3084 4823 3184 4877 οὐκ
3211 4823 3387 4894 ὀρθῶς
3422 4823 3713 4894 φρονοῦσιν

2126 4912 2430 4968 ἐπετίθετο.

2206 5023 2220 5054 ι
2260 5004 2616 5077 Συνήχθησαν
2648 5005 2707 5058 δέ
2736 5007 2785 5059 οἱ
2814 5005 3104 5061 ἀπόστολοι
3135 5007 3232 5060 καὶ
3268 5009 3317 5061 oi
3347 5007 3711 5080 πρεσϐύτεροι

2131 5094 2260 5149 ἰδεῖν
2290 5098 2423 5167 περὶ
2451 5098 2546 5151 τοῦ
2575 5098 2737 5167 λόγου
2766 5099 2978 5153 τούτου.
3014 5119 3034 5152 ι

2200 5187 2373 5241 Πάλιν
2421 5191 2518 5244 καὶ
2551 5190 2703 5244 ἔνθεν
2736 5192 3202 5263 ἐπιστοχὰσασθαι
3224 5234 3239 5258 ,
3275 5193 3359 5246 ὅτι
3388 5191 3556 5260 ἄλλην
3588 5189 3712 5243 τινὰ

2132 5277 2288 5342 ἀξίαν
2322 5282 2794 5335 ἐπαναϐαίνουσαν
2827 5285 2953 5346 τοὺς
2979 5283 3387 5354 πρεσϐυτέρους
3417 5278 3562 5353 εἶχον
3588 5282 3708 5335 οίίι⁶

2131 5366 2417 5426 ἀπόστολοι
2437 5388 2447 5402 ·
2465 5373 2543 5427 διὸ
2564 5376 2626 5428 οὐ
2654 5376 3090 5447 συμπεριέλαϐον
3113 5378 3311 5440 αὐτοὺς
3334 5379 3444 5440 τοῖς
3470 5375 3707 5448 πρεσϐυι

2130 5460 2311 5531 τέροις
2337 5464 2501 5534 κοινῷ
2532 5465 2757 5535 ὀνόματι
2787 5467 2996 5530 πάντας
3039 5468 3304 5538 σημᾶναι.

2125 5619 2153 5660 P
2178 5612 2314 5695 Cod.
2341 5612 2509 5695 Coisi.
2552 5616 2928 5695 πιθανότερον.
3040 5630 3070 5670 ιι
3096 5620 3228 5695 Cod.
3262 5623 3712 5695 καταχριστικῶς

445 5668 579 5727 Cod.
602 5672 767 5727 Cois].
807 5675 1266 5745 καταχρηστικόν.
1342 5679 1392 5725 (ι’
1421 5674 1594 5731 Verba
1628 5668 1773 5745 εἶχον
1796 5677 1846 5730 οί
1881 5668 2004 5733 Ἀπί

2137 5697 2202 5739 ue
2229 5684 2295 5739 ad
2322 5668 2929 5760 upsas’mépétg'siiibil
2964 5668 3076 5747 rec.
3104 5668 3485 5763 ἦῗίιῐῖιὶτῖἒὲς
