4064 6412
435 341 573 402 1549

514 473 532 504 ι
580 454 788 526 Πολλῆς
821 453 878 509 δὲ
915 456 1193 527 ζητήσεως
1231 458 1553 528 γενομένης.
1595 477 1613 509 ι

508 546 631 598 Ὀτι
675 546 801 610 τοὺς
851 550 980 618 περὶ
1034 548 1323 619 δογμάτων
1375 550 1568 618 λόγους
1625 549 1766 618 μετᾶ
1811 549 2014 620 πολλῆς

433 635 715 707 ζητήσεως
746 637 1026 692 ἐποιοῦντο
1062 641 1110 692 οί
1152 640 1318 694 πάλαι
1350 641 1562 707 πιστοὶ,
1597 639 1692 692 καὶ
1723 638 1861 708 μετὰ
1889 639 2017 692 πολ-

431 727 527 798 λῆς
555 729 792 799 σπουδῆς
813 745 827 760 ·
859 731 952 783 καὶ
983 731 1064 784 ὅτι
1087 732 1340 786 τοσοῦτον
1365 727 1434 803 ἦν
1460 731 1643 794 αὐτοῖς
1665 731 2016 802 ὠφεληθῆναι

429 819 516 873 διὰ
544 819 726 888 ξλόγων
749 829 793 888 τ,
836 821 918 874 ὅτι
952 823 1050 876 οὐκ
1080 821 1416 894 ἀπώκνησαν
1452 825 1501 876 oi
1534 823 1642 876 ἀπὸ
1683 823 2015 894 Ἀντιοχείας

430 911 650 981 πέμψαι
678 913 759 975 είς
803 912 1163 984 Ἰερουσαλὴμ
1194 915 1288 968 καὶ
1315 917 1595 988 ἐρωτῆσαι
1639 915 1702 969 τὸ
1741 915 2018 987 ἀμφιϐαλ-

429 1003 657 1073 λόμενον
691 1020 705 1034 ·
757 1005 932 1060 καίτοι
981 1008 1057 1079 μὴ
1087 1009 1462 1080 πρωτοτύπως
1513 1010 1645 1081 περὶ
1685 1009 1939 1081 θεότητος
1981 1008 2015 1080 ἢ

430 1096 530 1167 τῆς
566 1098 664 1150 τοῦ
696 1098 826 1153 Υἱοῦ
861 1101 1215 1172 οἰκονομικῆς
1245 1112 1266 1139 ³
1317 1100 1649 1172 σαρκώσεως
1689 1102 1722 1173 ἢ
1766 1103 1893 1172 περὶ
1923 1100 2016 1154 τοῦ

431 1189 818 1261 Πνεύματος,ἢ
846 1192 1164 1263 ἁγγέλων,ἢ
1191 1194 1448 1264 ἀρχῶν,ἢ
1474 1193 1728 1266 ούρανοῦ,
1753 1193 1786 1264 ἢ
1813 1193 1971 1248 άλλου
1998 1196 2013 1231 ⁸

429 1281 674 1335 τοιούτου
744 1283 1077 1353 ζητηθέντος
1099 1297 1148 1350 ιι,
1197 1285 1334 1338 ἀλλὰ
1412 1288 1752 1358 περιτομῆς,
1820 1287 2020 1356 μέρους

430 1370 718 1442 ἐλαχίστου
754 1372 865 1427 τῶν
908 1375 1237 1444 ἀσχημόνων
1269 1375 1364 1429 τοῦ
1398 1377 1650 1446 σώματος
1680 1375 1776 1430 τοῦ
1804 1378 2017 1448 ἀνθρώ-

430 1478 535 1516 που
558 1479 572 1494 ·
600 1464 822 1535 ᾔδεισαν
847 1466 956 1537 γὰρ
979 1468 1061 1520 ὅτι
1089 1467 1228 1522 ίῶτα
1251 1467 1321 1522 ἓν
1346 1470 1384 1538 ἦ
1413 1470 1524 1539 μία
1551 1470 1758 1538 κεραίο.
1781 1471 1888 1524 τοῦ
1914 1471 2017 1524 νό-

422 1570 543 1622 μου
629 1558 1011 1628 πνευματικῆς
1079 1559 1276 1628 ἔγεμεν
1335 1560 1468 1631 (sic)
1533 1561 1858 1631 ἐμφάσεωςο
1923 1561 2019 1614 καὶ

426 1642 732 1697 ἐδειλίασαν
773 1647 824 1699 oi
880 1648 940 1700 ἐν
1002 1649 1303 1720 Ἀντιοχείᾳ
1359 1650 1602 1722 μαθηταὶ
1634 1650 1966 1722 αύθεντῆσαι
2002 1667 2014 1680 ·

427 1732 568 1787 ἀλλὰ
601 1734 858 1788 τοσοῦτον
887 1737 1203 1808 ἐφρόντιζον
1232 1740 1328 1794 καὶ
1363 1739 1471 1793 τῶν
1512 1739 1812 1794 δοκούντων
1845 1739 2019 1809 ψιλῶν

1344 343 1808 405 FRAGMENTA
1856 343 1940 405 IN
1979 343 2166 404 ACI‘A
2202 345 2788 411 APOSTOLORUM.
2938 435 2940 437 γ

2043 465 2088 522 Α
2201 459 2367 515 Vens.
2393 463 2443 514 7.
2479 482 2496 514 ι
2523 463 2658 516 Cum
2691 473 2870 517 autem
2903 478 3097 534 magna
3121 462 3446 536 conquisitio
3468 463 3641 520 ﬁeret.
3673 484 3692 516 ι

3563 351 3699 418 1550

2188 550 2392 622 Nempe
2429 568 2550 607 cum
2587 569 2782 624 magna
2807 557 3207 624 conquisitione
3236 563 3290 611 et
3335 571 3530 626 magna
3570 557 3697 611 dili—

2119 645 2296 711 gentia
2337 645 2401 698 de
2425 645 2769 715 dogmatibus
2812 647 3179 702 decernebant
3224 657 3441 703 veteres
3470 648 3698 715 ﬁdeles;

2121 737 2364 806 adeoque
2391 751 2486 789 sua
2511 738 2777 793 interesse
2804 739 3231 802 arbitrabantur,
3263 748 3320 793 ut
3353 755 3458 793 non
3490 741 3704 794 dubita-

2119 827 2296 880 verint
2323 828 2642 882 Antiocheni
2677 830 2896 884 mittere
2920 830 2970 884 in
3002 828 3298 885 Jerusalem
3331 834 3396 884 ad
3420 831 3703 899 inquiren-

2118 917 2246 972 dum
2276 916 2344 971 de
2365 919 2763 988 controversis;
2787 920 3034 990 quamvis
3058 936 3162 974 non
3190 921 3255 976 de
3281 921 3584 982 divinitate,
3607 929 3700 975 aut

2121 1009 2186 1063 de
2220 1007 2345 1062 Filii
2380 1011 2778 1075 incarnatione,
2813 1019 2906 1065 aut
2933 1013 2998 1064 de
3033 1010 3241 1079 Spiritu
3283 1021 3492 1076 sancto,
3519 1010 3702 1065 antde

2121 1100 2347 1168 angelis,
2380 1111 2470 1153 aut
2511 1101 2576 1155 de
2623 1101 3035 1172 principatibus,
3091 1111 3182 1154 aut
3213 1102 3278 1154 de
3322 1102 3482 1165 cmlo,
3513 1112 3606 1154 aut
3635 1101 3702 1155 de

2121 1189 2423 1256 ltujusmodi
2451 1202 2594 1246 esset
2622 1192 3028 1260 inquirendum,
3054 1193 3146 1247 sed
3171 1193 3238 1246 de
3264 1193 3700 1256 circumcisione,

2122 1277 2172 1330 id
2206 1287 2324 1343 est,
2354 1279 2420 1332 de
2450 1279 2671 1332 minima
2714 1291 2868 1350 parte
2911 1281 3287 1350 pudendornm
3323 1281 3573 1349 corporis
3605 1281 3704 1335 hu-

2122 1371 2294 1437 mani;
2351 1385 2456 1426 non
2505 1372 2647 1426 enim
2696 1388 2789 1427 eos
2835 1373 3034 1427 latebat
3067 1374 3181 1426 iota
3219 1389 3382 1425 unum
3409 1384 3502 1427 aut
3536 1390 3703 1427 unum

2120 1462 2248 1531 legis
2284 1466 2484 1530 apicem
2531 1465 2700 1519 multo
2757 1465 3026 1535 spirituali
3080 1479 3239 1520 sensu
3271 1479 3391 1519 esse
3421 1465 3701 1520 refertum.

2120 1552 2430 1609 Metuebant
2478 1557 2803 1612 Antiocheni
2844 1558 3092 1627 discipuli
3133 1569 3338 1614 temere
3388 1573 3448 1613 se
3474 1574 3702 1628 gerere;

2119 1645 2306 1714 sicque
2339 1647 2406 1702 de
2454 1647 2650 1715 dubiis,
2677 1651 2838 1703 etiam
2875 1651 2942 1704 iis
2987 1665 3106 1720 qua:
3153 1652 3374 1704 minima
3405 1666 3525 1706 esse
3553 1653 3707 1705 vide-

2120 1741 2341 1806 bantur,
2381 1740 2614 1796 sollicite
2651 1743 2916 1796 curabant
2951 1753 3008 1796 ut
3042 1743 3110 1796 ab
3138 1743 3426 1798 Antiochia
3451 1743 3705 1797 Hieroso-

427 1819 570 1878 εἶναι
613 1825 979 1897 ζητημάτων,
1009 1830 1091 1882 ὃτι
1133 1829 1244 1901 δὴν
1283 1832 1333 1884 οί
1377 1833 1474 1901 μὲν
1521 1830 1628 1884 ἀπὸ
1688 1833 2017 1902 Ἀντιοχείας

2122 1832 2318 1903 lymam
2353 1833 2601 1886 miserint
2630 1831 2932 1888 Barnabam
2964 1843 3020 1887 et
3061 1833 3288 1888 Paulum
3323 1835 3390 1888 ad
3425 1834 3706 1902 inquiren-

427 1916 759 1971 ἀπέστειλαν
813 1919 1104 1990 Βαρνάϐαν
1161 1923 1255 1975 καὶ
1313 1922 1528 1975 Παῦλον
1587 1923 1964 1994 ἐρωτήσοντας
1989 1932 2016 1959 ι

427 2010 554 2074 τοὺς
581 2011 639 2063 ἐν
673 2011 1070 2083 Ἱεροσολύμοις
1096 2029 1110 2044 ·
1140 2013 1191 2066 oi
1221 2013 1276 2066 δὲ
1301 2013 1410 2066 ἀπὸ
1449 2012 1808 2084 Ἰερουσαλὴμ
1837 2015 2017 2085 μαθη-

428 2105 519 2157 ταὶ
553 2104 680 2168 τοὺς
709 2106 840 2176 περὶ
887 2104 1091 2158 Ἰούδαν
1129 2105 1225 2157 καὶ
1266 2103 1426 2158 Σίλαν
1454 2104 1707 2174 ἔπεμψαν
1743 2104 1884 2174 μετὰ
1907 2104 2016 2158 τῶν

430 2194 578 2248 ἰδίων
604 2196 951 2268 γραμμάτων
971 2197 1049 2260 είς
1090 2195 1442 2266 Ἀντιόχειαν.

505 2327 524 2360 ι
561 2309 673 2363 Καὶ
703 2310 857 2363 οὐδὲν
878 2309 1114 2381 διέκρινε
1155 2307 1359 2379 μεταξὺ
1385 2307 1544 2378 ἡμῶν
1571 2325 1630 2360 τε
1663 2308 1759 2361 καὶΙ
1796 2307 1976 2362 αὐτῶν
1998 2348 2014 2373 ,

428 2401 494 2471 τῇ
523 2400 701 2454 πίστει
738 2401 1047 2472 καθαρίσας
1083 2400 1180 2464 τὰς
1213 2399 1440 2471 καρδίας
1473 2399 1675 2453 αὐτῶν.
1727 2417 1747 2452 ι

497 2490 761 2561 Οὐδεμία,
791 2492 946 2561 φησὶ,
970 2489 1206 2559 διαφορὰ
1235 2488 1443 2543 πιστῶν
1468 2503 1480 2516 °
1508 2488 1618 2541 εῐτε
1659 2487 1903 2541 Ἰουδαῖοί
1938 2487 2018 2540 εί-

431 2598 536 2646 σιν,
579 2581 688 2635 εἴτε
723 2582 1006 2652 Ἕλληνες,
1041 2583 1174 2635 ὅπου
1215 2584 1246 2652 ἡ
1287 2581 1470 2644 πίστις
1505 2579 1850 2650 καθαρισμὸν
1877 2582 2020 2632 ποιεῖ

427 2670 538 2723 τῶν
576 2670 866 2740 ἁμαρτιῶν
901 2671 1011 2723 τῶν
1045 2669 1154 2722 ἀπὸ
1196 2669 1297 2738 τῆς
1331 2669 1560 2740 καρδίας
1601 2668 1876 2733 ἐξιόντων.
1912 2663 2018 2724 Οὗ-

427 2778 520 2820 τος
547 2761 602 2813 δὲ
630 2763 658 2813 6
685 2760 1031 2830 καθαρισμὸς
1056 2760 1202 2812 ἔοικε
1227 2763 1502 2831 περιτομῇ
1523 2777 1535 2788 ο
1565 2762 1658 2813 καὶ⁸
1685 2761 1806 2814 ἀντὶ
1833 2762 1930 2832 τῆς
1960 2763 2018 2819 ἐν

432 2851 598 2922 σαρκὶ
628 2851 938 2921 περιτομῆς
970 2851 1172 2903 δίδοται
1205 2852 1238 2921 ἡ
1283 2853 1341 2904 ἐν
1389 2850 1673 2922 Πνεύματι
1718 2856 2015 2925 περιτομὴ,

431 2940 806 3012 καθαρίζουσα
838 2945 904 3014 τῇ
938 2941 1118 2994 πίστει
1149 2944 1218 3012 τῇ
1263 2944 1344 3005 είς
1387 2942 1630 3013 Χριστὸν
1658 2944 1726 2998 τά
1765 2946 2015 3015 κρυπτά·

429 3031 574 3086 οὓτω
609 3033 667 3087 δὲ
708 3034 810 3087 οὐκ
849 3028 920 3104 ἦν
967 3032 1302 3104 κοινωφελὴς
1349 3034 1383 3104 ἡ
1423 3037 1658 3106 σαρκικὴ
1711 3036 2017 3109 περιτομὴ,

2119 1923 2279 1989 dum;
2307 1923 2556 1992 discipuli
2584 1932 2764 1978 autem
2792 1925 2883 1993 qui
2915 1932 3073 1978 erant
3105 1925 3155 1978 in
3183 1923 3483 1980 Jerusalem
3508 1925 3704 1980 Judam

2117 2022 2173 2068 et
2207 2011 2376 2068 Silam
2398 2028 2519 2068 cum
2550 2016 2664 2069 suis
2694 2015 2898 2070 litteris
2944 2015 3292 2071 Antiochiam
3334 2019 3667 2073 remiserint.

2199 2302 2367 2358 Vens.
2395 2305 2448 2358 9.
2487 2322 2504 2355 ι
2542 2303 2612 2358 Ει
2657 2304 2791 2358 nihil
2837 2304 3094 2358 discrevit
3151 2304 3294 2359 inter
3327 2319 3427 2360 nos
3473 2314 3528 2361 et
3559 2307 3700 2374 illos,

2127 2395 2231 2451 ﬁde
2257 2397 2548 2466 puriﬁcans
2577 2397 2741 2452 corda
2768 2412 2976 2451 eorum.
3013 2415 3032 2448 ι

2194 2487 2374 2554 Nulla,
2423 2489 2625 2559 inquit,
2660 2488 2899 2545 ﬁdelium
2930 2489 3216 2555 discretio,
3249 2490 3364 2544 sive
3393 2488 3560 2544 Judaei
3593 2490 3706 2544 sint

2121 2581 2235 2635 sive
2262 2578 2462 2642 Grzcci,
2496 2593 2618 2632 cum
2656 2579 2788 2633 ﬁdes
2816 2587 3036 2648 peccata
3063 2594 3129 2634 ex
3150 2577 3410 2633 cordibus
3449 2580 3706 2633 exeuntia

2122 2672 2391 2744 puriﬁcet.
2416 2670 2546 2738 Quae
2569 2669 2878 2739 puriﬁcatio
2905 2671 3310 2726 circumcisioni
3341 2670 3534 2726 similis
3553 2681 3704 2734 erat;

2122 2766 2216 2819 sed
2261 2779 2360 2834 pro
2410 2763 2616 2819 carnali
2677 2763 3117 2828 circumcisione,
3156 2763 3318 2817 datur
3357 2764 3705 2818 circumcisio

2120 2853 2418 2924 spiritualis
2445 2853 2656 2908 occulta
2694 2864 2916 2921 peccata
2959 2853 3062 2908 ﬁde
3108 2855 3160 2907 in
3201 2853 3478 2908 Christum
3517 2853 3705 2923 puriﬁ-

2120 2962 2270 3002 cans.
2311 2945 2426 2999 Non
2459 2955 2638 3000 autem
2675 2944 2926 3000 omnibus
2955 2943 3104 2998 utilis
3145 2953 3265 2998 erat
3312 2943 3548 3000 carnalis
3588 2945 3704 3000 cir-

2122 3039 2382 3094 cumcisio
2406 3078 2421 3102 ,
2462 3053 2584 3108 qua:
2614 3037 2743 3093 solis
2783 3037 3042 3093 masculis
3089 3039 3310 3091 daretur
3346 3053 3361 3090 :
3399 3053 3541 3092 nunc
3573 3053 3704 3092 vero

429 3123 513 3174 ὅτι
547 3122 695 3192 μόνῳ
727 3121 803 3192 τῷ
843 3123 1036 3192 ἄρρενι
1066 3122 1222 3195 ἐδόθη
1247 3141 1262 3156 ·
1301 3125 1455 3180 οὐδὲν
1497 3126 1554 3179 δὲ
1589 3125 1700 3179 τῶν
1750 3127 2021 3199 ἀληθινῶν

2126 3131 2305 3186 nullus
2334 3131 2661 3197 excluditur,
2707 3145 2832 3185 nam
2865 3130 2918 3184 in
2949 3145 3076 3185 vera
3113 3129 3217 3186 ﬁde
3247 3145 3352 3185 non
3381 3141 3464 3185 est
3487 3144 3704 3184 mascu-

431 3214 740 3285 προσώπων
773 3215 1158 3268 συστέλλεται·
1193 3218 1252 3270 ἐν
1289 3218 1398 3290 γὰρ
1425 3221 1491 3290 τῇ
1527 3217 1808 3292 ἀληθ[ιν]ᾖ
1841 3221 2020 3275 πίστει

2124 3220 2206 3276 lus
2241 3235 2416 3290 neque
2461 3221 2660 3276 femina
2689 3261 2705 3286 ,
2757 3236 2866 3277 non
2896 3229 2980 3276 est
3004 3219 3226 3276 Graecus
3280 3236 3380 3277 nec
3411 3219 3698 3284 Barbarus,

430 3305 532 3359 οὐκ
581 3305 661 3359 ἔνι
693 3307 862 3377 ἄῤῥεν
901 3307 996 3360 καὶ
1044 3307 1178 3378 θῆλυ
1201 3325 1214 3340 ·
1245 3311 1346 3364 οὐκ
1383 3310 1464 3365 ἐνι
1495 3311 1696 3383 Ἕλλην
1736 3313 1770 3383 ἢ
1801 3313 2019 3385 Βάρδα-

434 3413 522 3467 ρος
542 3404 598 3444 γ’
633 3397 769 3450 ἀλλὰ
799 3399 1000 3462 πάντες
1025 3399 1086 3454 ἓν
1111 3402 1299 3471 ἐσμεν.

507 3529 526 3562 ‹
569 3509 683 3566 Νῦν
709 3507 802 3565 οῦν
831 3513 884 3564 τί
914 3513 1208 3583 πειράζετε
1240 3515 1331 3567 τὸν
1361 3515 1514 3581 Θεὸν,
1550 3517 1819 3572 ἐπιθεῖναι
1851 3519 2016 3588 ζυγὸν

432 3603 530 3655 ἐπὶ
555 3602 647 3656 τὸν
676 3603 950 3673 τράχηλον
978 3603 1085 3656 τῶν
1120 3605 1398 3674 μαθητῶν.
1437 3625 1455 3656 ι

503 3691 710 3746 Οὐκοῦν
737 3693 786 3744 εί
817 3692 980 3759 ζυγὸς
1001 3693 1028 3743 6
1051 3693 1235 3761 νόμος,
1270 3693 1352 3745 δεῖ
1382 3693 1461 3764 τῷ
1497 3697 1753 3770 προφήτῃ
1785 3698 2015 3770 πειθαρ-

432 3787 546 3852 χεῖν
585 3783 795 3853 λέγοντι
826 3799 839 3814 ⁸
873 3783 1315 3852 Ἀπορῤίψωμεν
1341 3785 1442 3853 ἀφ’
1473 3786 1642 3854 ἡμῶν
1682 3788 1790 3841 τὸν
1839 3787 2015 3857 ζυγὸν

433 3875 633 3928 αὐτῶν⁸
660 3892 675 3907 ν
706 3876 775 3929 τὰ
806 3875 1048 3946 σαρκικὰ
1079 3875 1178 3928 τοῦ
1217 3877 1380 3946 νόμου
1410 3877 1584 3944 λέγων
1620 3881 1770 3950 ἡμᾶς
1793 3881 2013 3933 ἀποσεί-

431 3967 632 4022 σασθαι
653 4009 668 4033 ,
707 3969 956 4021 τουτέστι
979 3967 1073 4020 τοῦ
1099 3969 1392 4038 φυλάττειν
1410 3969 1501 4024 τὸν
1525 3971 1685 4041 νόμον
1713 3973 2009 4039 Μωῦσέως,

430 4059 567 4130 ὅπερ
605 4054 673 4129 ἦν
709 4059 1165 4129 δυσχερέστατον.
1202 4059 1446 4130 Δύναμις
1489 4061 1597 4131 γὰρ
1636 4062 1874 4133 ὑπάρχει
1911 4063 2014 4134 τῆς

430 4149 746 4220 ἁμαρτίας,
783 4149 929 4202 καθά
978 4166 1142 4221 φησιν
1188 4151 1216 4203 6
1262 4150 1550 4214 θεσπέσιος
1594 4151 1823 4212 Παῦλοςο
1862 4152 2012 4220 λέγει

431 4241 539 4312 γὰρ
569 4243 628 4292 ἐν
657 4243 724 4312 τῇ
759 4241 895 4311 πρὸς
921 4240 1241 4311 Κορινθίους
1281 4241 1595 4312 Ἐπιστολῇ·
1638 4243 1708 4295 T6
1736 4245 1847 4310 γὰρ
1878 4242 2011 4296 κέν-

429 4347 571 4400 τρον
607 4332 711 4386 τοῦ
742 4332 1001 4387 θανάτου
1046 4334 1084 4402 ἠ
1123 4333 1378 4402 ἁμαρτία
1398 4351 1411 4364 ·
1453 4336 1490 4402 ἡ
1523 4333 1589 4386 δὲ
1619 4335 1871 4404 δύναμις
1900 4334 2011 4403 τῆς

430 4423 720 4493 ἁμαρτίας
749 4427 781 4478 ό
803 4426 1007 4492 νόμος.
1032 4425 1141 4478 Καὶ
1165 4425 1322 4478 τοῦτο
1346 4425 1405 4478 τὸ
1431 4427 1629 4497 χωρίον
1645 4427 2009 4497 ἐξηγούμενος

2120 3311 2216 3367 sed
2235 3325 2428 3366 omnes
2454 3327 2621 3366 unum
2652 3327 2860 3368 sumus.

2187 3506 2351 3563 Vsus.
2389 3507 2475 3561 lO.
2537 3527 2556 3559 ι
2597 3507 2748 3562 Nunc
2783 3523 2910 3578 ergo
2961 3509 3088 3580 quid
3136 3509 3358 3564 tentatis
3385 3510 3572 3574 Deum,
3597 3510 3704 3564 im-

2118 3598 2519 3668 ponerejugnm
2545 3614 2709 3668 super
2732 3601 2975 3654 cervices
3009 3601 3432 3670 discipulorum?
3465 3619 3482 3652 ι

2189 3690 2344 3755 Quod
2369 3692 2618 3760 sijugum
2641 3691 2747 3754 lex,
2775 3691 3052 3759 prophetae
3076 3693 3434 3746 obediendum
3462 3693 3698 3748 dicenti:

2117 3778 2476 3850 Projiciamus
2507 3798 2540 3833 a
2572 3784 2718 3834 nobis
2741 3781 2930 3850 jugum
2957 3783 3192 3848 ipsorum
3217 3785 3272 3848 ¹;
3299 3783 3496 3852 quibus
3520 3787 3702 3840 verbis

2117 3886 2215 3926 nos
2250 3881 2435 3925 monet
2487 3881 2548 3925 ut
2593 3873 2834 3926 carnalia
2882 3873 3017 3941 legis
3062 3887 3090 3925 a
3134 3874 3290 3928 nobis
3325 3874 3696 3942 projiciamus.

2117 3963 2167 4016 id
2198 3973 2300 4028 est,
2341 3963 2474 4032 legis
2506 3962 2756 4017 Mos-nica:
2791 3964 3191 4017 observantiam
3231 3965 3350 4035 plus
3374 3979 3528 4033 teque
3563 3966 3699 4019 diﬁi-

2115 4054 2296 4110 cilcm.
2328 4053 2517 4108 Virtus
2550 4054 2695 4107 enim
2723 4056 2930 4125 peccati
2960 4065 3067 4120 est,
3106 4065 3163 4109 ut
3194 4057 3270 4110 ait
3305 4057 3524 4110 divinus
3557 4057 3696 4109 Pan-

2113 4147 2199 4201 lus
2250 4147 2316 4201 ad
2358 4145 2716 4201 Corinthios:
2775 4145 3032 4200 Stimulus
3059 4148 3242 4201 mortis
3290 4159 3561 4215 peccatum
3596 4160 3696 4216 est,

2115 4243 2276 4295 virtus
2310 4255 2428 4294 vero
2459 4240 2661 4308 peccati
2701 4238 2784 4292 ίεκ
2813 4240 2867 4302 ³;
2902 4254 3060 4307 quem
3103 4239 3278 4293 locum
3331 4240 3696 4309 interpretans

2114 4330 2492 4384 sanctissimus
2542 4328 2782 4382 Joannes
2816 4328 3449 4395 Constantinopolitanus
3483 4331 3695 4396 episco-

2114 4437 2212 4492 pus
2250 4439 2262 4474 :
2305 4439 2323 4472 ι
2361 4419 2664 4486 Quomodo,
2720 4421 2915 4489 inquit,
2958 4422 3123 4474 virtus
3152 4422 3356 4486 peccati
3405 4421 3536 4474 lex?
3566 4423 3691 4490 quia

429 4516 458 4567 6
502 4515 808 4584 ἁγιώτατος
860 4517 1111 4585 Ἰωάννης
1137 4519 1164 4570 6
1199 4517 1609 4572 Κωνσταντίνου
1652 4518 1862 4582 πόλεως
1894 4521 2008 4572 ἐπίο

2117 4515 2301 4570 mortis
2337 4516 2583 4568 stimulus
2645 4522 2938 4584 peccatum,
2975 4513 3256 4581 majorque
3304 4513 3357 4567 in
3413 4527 3478 4565 eo
3533 4515 3690 4566 morti

429 4621 639 4670 σκοπος
683 4605 824 4657 οὕτω
856 4605 1022 4674 φησί’
1063 4624 1084 4658 ι
1125 4604 1257 4673 Πῶς
1286 4606 1541 4677 δύναμις
1581 4607 1689 4677 τῆς
1717 4609 2006 4678 ἁμαρτίας

427 4701 461 4753 ό
492 4700 679 4768 νόμος
701 4712 720 4761 ;
758 4717 776 4748 ›
815 4698 897 4750 ὅτι
933 4697 1034 4768 μὲν
1073 4698 1178 4770 γὰρ
1217 4701 1470 4768 κέντρον
1508 4701 1612 4755 τοῦ
1657 4703 1917 4756 θανάτου
1965 4705 2004 4772 ή

425 4785 702 4856 ἁμαρτία,
737 4786 832 4839 καὶ
859 4786 1250 4858 χαλεπωτέραν
1294 4790 1387 4843 καὶ
1431 4791 1489 4842 ὲν
1533 4791 1672 4861 αὐτῇ
1707 4793 1804 4861 τὴν
1853 4792 2005 4861 ίσχὺν

424 4878 598 4943 οὕτως
634 4889 655 4916 ι
688 4879 836 4949 ἔχει,
877 4879 1072 4948 δῆλον·
1109 4880 1226 4944 πῶς
1247 4881 1302 4934 δὲ
1327 4883 1423 4935 καὶ
1456 4882 1660 4952 ταύτης
1708 4884 1938 4952 δύναμις
1976 4887 2005 4936 6

424 4969 587 5038 νόμος
607 4969 751 5034 ςὍτι
768 4969 938 5039 χωρὶς
955 4969 1124 5023 αὑτοῦ
1143 4970 1374 5043 ἀσθενὴς
1399 4969 1487 5044 ἦν,
1505 4974 1853 5044 πραττομένη
1878 4975 2002 5045 μὲν,

423 5058 485 5110 οὐ
515 5059 786 5130 δυναμένη
809 5060 866 5112 δὲ
897 5058 1070 5122 οὕτως
1101 5063 1461 5117 καταδικάσαι
1489 5082 1505 5095 ·
1541 5065 1601 5117 τὸ
1632 5065 1730 5133 μὲν
1761 5069 1867 5135 γὰρ
1899 5082 2001 5118 κα-

424 5149 520 5202 κδν
549 5152 791 5218 ἐγίνετο’
835 5150 1026 5219 σαφῶς
1059 5151 1117 5204 δὲ
1150 5153 1252 5205 οὐκ
1289 5154 1566 5208 ἐδείκνυτο
1607 5154 1778 5218 οὕτως
1799 5173 1813 5190 ·
1863 5157 2004 5211 ὥστε

423 5243 486 5295 οὐ
522 5243 715 5313 μικρὸν
748 5245 1066 5315 εἰσήνεγκεν
1108 5247 1136 5298 6
1183 5246 1347 5316 νόμος
1375 5247 1436 5300 τὸ
1473 5249 1569 5302 καὶ
1605 5250 1868 5320 γνωρίσαι
1901 5250 2002 5319 τὴν

423 5333 700 5406 ἁμαρτίαν
743 5336 966 5406 μᾶλλον,
1006 5337 1103 5391 καὶ
1144 5338 1408 5393 ἐπιτεῖναι
1437 5341 1537 5410 τὴν
1567 5341 1812 5395 κόλασιν.
1847 5341 1911 5394 Εἰ
1943 5341 2000 5392 δὲ

491 5513 513 5544 ⁸
546 5511 688 5568 Psal.
724 5527 784 5580 tt,
815 5513 870 5568 5.
939 5512 959 5543 ³
991 5513 1009 5564 1
1039 5511 1168 5567 Cor.
1203 5527 1292 5577 xv,
1327 5512 1418 5568 56.

498 5678 520 5707 ι’
550 5667 682 5741 Cod.
710 5669 773 5725 C.
797 5669 1061 5741 _8tct}670v
1093 5668 1239 5741 (sic).

423 5754 529 5792 om.
557 5738 644 5810 δή.
721 5750 748 5778 ι
774 5739 836 5796 C.
870 5738 930 5795 C.
959 5738 1349 5813 ἐρωτήσοντος.

1321 5680 1340 5707 ³
1373 5669 1436 5722 C.
1463 5667 1525 5725 ϐ.
1555 5666 2004 5737 οίκονομιασκῆς.

1429 5748 1456 5790 7
1492 5739 1554 5795 C.
1588 5741 1649 5796 C.
1681 5739 1813 5810 θῆλυ
1839 5757 1852 5772 ο
1894 5740 1992 5791 οὐκ
2017 5739 2094 5793 ἔνι
2119 5740 2359 5811 δοῦλοςῆ
2394 5742 2700 5810 ἐλεύθερος.

2109 4605 2214 4669 vis,
2245 4606 2387 4674 quod
2411 4606 2634 4660 evidens
2656 4616 2772 4667 cst;
2799 4606 2891 4658 sed
2917 4604 3189 4671 quomodo
3226 4603 3341 4672 ejus
3367 4603 3542 4656 virtus
3574 4603 3693 4656 lex?

2109 4698 2212 4752 nisi
2240 4699 2365 4767 quia
2400 4698 2516 4753 sine
2549 4699 2664 4766 lege
2694 4698 2971 4750 inﬁrmum
3013 4706 3156 4760 erat,
3201 4697 3548 4749 commissum
3573 4695 3692 4765 qui-

2109 4791 2253 4855 dem,
2285 4791 2378 4844 sed
2404 4807 2507 4843 non
2541 4789 2920 4858 dijudicatum.
2954 4789 3241 4843 Peccatum
3267 4789 3415 4844 enim
3443 4789 3695 4846 commit.-

2108 4883 2342 4945 tebatnr,
2368 4883 2460 4936 sed
2490 4897 2594 4935 non
2627 4883 2762 4936 satis
2791 4880 3079 4935 manifeste
3107 4880 3520 4944 declarabatur;
3547 4880 3690 4936 unde

2111 4992 2217 5028 non
2255 4975 2524 5028 tnmliwm
2554 4972 2732 5029 effecit
2765 4973 2869 5038 lex,
2902 4981 3184 5041 peceatum
3215 4971 3560 5025 manifestius
3591 4959 3690 5025 de-

2111 5069 2389 5131 clarando,
2432 5081 2759 5138 poenamque
2791 5065 3113 5129 statuendo;
3153 5062 3246 5117 sed
3293 5063 3339 5116 si
3391 5060 3688 5130 reprimere

2107 5157 2313 5221 volens,
2345 5158 2475 5212 illud
2510 5157 2940 5232 magisnoxium
2981 5153 3191 5215 effecit,
3230 5153 3530 5222 culpandus
3575 5165 3685 5205 non

2104 5259 2189 5304 est
2212 5250 2477 5314 medicus,
2503 5249 2598 5304 scd
2625 5252 2668 5304 is
2696 5249 2783 5316 qui
2817 5248 3086 5301 medicina
3119 5244 3257 5298 male
3278 5243 3484 5306 utitur;
3509 5242 3684 5312 siqui-

2105 5343 2225 5396 dem
2251 5341 2363 5410 ipsa
2392 5341 2595 5396 Christi
2623 5339 2912 5410 praesentia
2946 5337 3161 5394 Judaeos
3193 5336 3364 5407 magis
3395 5336 3682 5404 oneravit;

2118 5667 2137 5704 ί
2167 5669 2228 5724 C.
2258 5667 2316 5724 C.
2346 5671 2379 5738 ἥ
2418 5687 2559 5731 τινος
2613 5666 2796 5722 ἄλλου.
2889 5676 2918 5704 ιι
2943 5668 3004 5722 C.
3043 5667 3103 5738 ρ.
3145 5666 3377 5734 -θούτιις
3480 5677 3501 5705 ν
3527 5665 3590 5723 ε.
3614 5664 3679 5722 (3.

2418 5687 2559 5731 τινος
2613 5666 2796 5722 ἄλλου.
2889 5676 2918 5704 ιι
2943 5668 3004 5722 C.
3043 5667 3103 5734 ρ.
3145 5666 3377 5734 -θούτιις⁹

2783 5747 2805 5775 ι
2840 5738 2901 5793 C.
2937 5739 2998 5792 (ὲ.
3023 5729 3202 5798 οὗτος.
