4064 6408
385 296 515 363 1551
1545 308 1875 370 AMMONII
1914 311 1967 368 Α

2066 305 2445 369 ΧΑΝΒΒΙΝῙ
3514 293 3650 355 1552

383 413 523 466 unde
559 423 738 469 tamen
777 427 896 470 eam
934 428 1040 470 non
1067 415 1390 486 culpamus,
1442 416 1616 487 magis
1643 425 1822 487 autem
1865 419 1963 472 mi-

2067 416 2391 486 βουλόμενος
2444 411 2724 474 κωλῦσαι,
2775 405 3166 480 χαλεπωτέραν
3221 404 3522 474 ἐποίησεν,
3587 404 3649 455 ού

378 514 602 567 ramur;
631 517 728 560 eos
763 520 893 560 vero
935 505 1127 575 majori
1161 485 1288 564 odio
1315 485 1733 578 prosequemur,
1767 508 1859 580 qui
1887 522 1954 564 ex

2066 485 2218 580 παρὰ
2244 507 2336 559 τὸν
2372 504 2558 575 ἰατρὸν
2589 503 2649 556 τὸ
2687 500 2958 572 ἔγκλημα,
2987 499 3126 554 ἀλλὰ
3152 497 3303 568 παρὰ
3340 497 3433 550 τὸν
3462 494 3649 556 κακῶς

377 609 489 663 quo
516 595 712 650 salvari
745 597 1099 664 oportuisset,
1141 598 1396 654 damnum
1446 600 1591 670 passi
1623 609 1788 654 sunt:
1827 601 1953 670 quia

2066 599 2139 670 τῷ
2178 597 2456 670 φαρμάκῳ
2487 596 2834 666 χρησάμενον
2863 609 2878 623 ·
2913 593 3038 646 ἐπεὶ
3057 590 3153 645 καὶ
3182 591 3216 658 η
3248 586 3526 658 παρουσία
3554 583 3650 639 τοῦ

379 684 552 755 legem
585 685 734 740 illam
759 703 880 756 qua:
904 698 1184 757 peceatum
1205 706 1311 746 non
1331 692 1511 762 potuit
1529 692 1774 758 domare,
1795 691 1955 749 Chri-

2066 688 2302 760 Χριστοῦ
2343 687 2544 759 μᾶλλον
2592 686 2832 756 ὲῦάρησε
2878 684 3005 748 τοὺς
3051 681 3343 745 Ἰουδαίους
3367 695 3382 710 ·
3423 678 3540 733 ἀλλ’
3590 679 3650 730 ού

378 787 496 832 slus
535 786 700 832 totam
739 779 1000 850 illlplct'il,
1024 783 1157 852 quin
1193 793 1418 854 peccato
1455 784 1727 840 servierit.
1761 802 1781 835 ι

2066 782 2150 837 διὰ
2174 781 2332 836 τοῦτο
2361 781 2499 851 αὐτῇ
2528 776 2902 848 ὲγκαλέσομεν
2924 791 2940 807 ο
2972 774 3111 830 ἀλλὰ
3153 772 3358 843 ταύτην
3409 770 3509 844 μὲν
3553 770 3652 823 καὶ

379 869 810 942 θαυμασόμεθα·
844 874 1086 940 ἐκείνους
1112 876 1170 929 δὲ
1200 878 1296 930 καὶ
1327 877 1594 948 μειζόνως
1656 878 1981 949 μισήσομεν,
2025 874 2325 946 βλαὸέντας
2349 883 2370 905 ⁸
2397 872 2469 926 δι’
2499 866 2576 925 ὧν
2647 868 2979 940 ὠφελεῖσθαι
3018 866 3162 920 ἔδειο
3206 865 3290 919 δτι
3326 863 3437 932 γὰρ
3481 862 3582 933 ούχ
3623 871 3653 923 ὁ

377 964 541 1035 νόμος
567 957 724 1030 οὗτος
769 967 869 1039 τὴν
913 969 1187 1040 ἁμαρτίαν
1227 970 1612 1042 ὲδυνάμωσεν,
1648 972 1678 1025 ὁ
1723 970 1958 1043 Χριστὸς
1997 967 2162 1023 αὐτὸν
2207 966 2532 1037 ἐπλήρωσεν
2559 962 2798 1024 ἅπαντα,
2828 961 2922 1014 καὶ
2953 957 3228 1032 ἁμαρτίας
3267 956 3424 1020 ἐκτὸς
3453 950 3543 1026 ἦν.

456 1077 475 1110 ι
514 1059 668 1126 Quod
699 1076 874 1133 neque
906 1073 1088 1132 patres
1121 1065 1314 1134 nostri,
1375 1080 1550 1136 neque
1597 1080 1697 1120 nos
1741 1076 1960 1135 portare

2141 1077 2160 1112 ι
2201 1063 2297 1114 Ὃν
2323 1059 2445 1112 οὔτε
2469 1060 2519 1112 οἱ
2547 1057 2784 1128 πατέρες
2804 1053 2982 1127 ἡμῶν,
3004 1051 3130 1107 οὔτε
3158 1053 3321 1122 ἡμεῖς
3351 1049 3653 1120 ἰσχύσαμεν

377 1153 698 1222 potuimus?
725 1173 746 1208 ι
2067 1152 2336 1222 βαστάσαι
2356 1169 2372 1218 ;

451 1241 760 1299 Notandum
793 1254 880 1302 est
908 1247 1150 1303 carnalia
1193 1255 1466 1318 praecepta
1495 1251 1790 1308 observata
1820 1249 1956 1303 ἀίω.

2135 1242 2482 1316 Σημειωτέον
2513 1243 2597 1296 ὅτι
2623 1240 2692 1296 τά
2716 1237 3142 1309 δυσκατόρθωτα
3167 1232 3528 1306 ἐπιτάγματα
3553 1232 3651 1302 τῆς

378 1334 504 1389 cilia
537 1351 641 1391 non
669 1351 790 1393 esse
815 1339 1071 1395 omnibus
1103 1339 1450 1410 imponenda,
1480 1350 1540 1396 ut
1586 1349 1713 1410 puta
1768 1341 1960 1395 duram

2066 1335 2270 1408 σαρκὸς
2294 1335 2355 1388 οὐ
2393 1335 2477 1388 δεῖ
2501 1333 2729 1405 ὲπικλᾷν
2764 1349 2909 1386 τισιν
2937 1347 2949 1360 ·
2979 1325 3092 1384 οἷον
3121 1329 3300 1400 ἄκραν
3327 1325 3584 1398 νηστείαν
3617 1325 3650 1398 ἢ

375 1422 798 1492 jejunationem,
861 1429 1163 1485 nuditatem
1223 1439 1278 1486 et
1325 1430 1628 1496 silentium,
1684 1431 1787 1486 nisi
1836 1430 1962 1500 quis

2066 1428 2401 1498 γυμνότητα,
2435 1426 2469 1498 ἢ
2513 1425 2756 1496 σιωπήν·
2795 1425 2845 1477 εί
2883 1422 2960 1494 μή
3001 1422 3064 1491 γέ
3093 1437 3179 1484 τις
3215 1418 3392 1474 ταῦτα
3421 1417 3602 1487 ἑαυτῷ
3625 1417 3653 1456 δ

380 1531 575 1586 sponte
629 1536 726 1574 sua
765 1535 830 1577 ea
865 1523 966 1578 sibi
1001 1523 1252 1595 imperet,
1313 1541 1468 1596 quae,
1513 1527 1613 1580 etsi
1659 1523 1960 1581 diﬂiciliora

2066 1522 2341 1588 ἐπιτάξει·
2376 1523 2424 1575 εί
2446 1522 2556 1592 γὰρ
2586 1521 2682 1575 καὶ
2720 1519 2994 1589 δυσχερῆ,
3027 1515 3170 1572 ἀλλὰ
3209 1515 3316 1586 μὴν
3350 1513 3452 1568 οὐκ
3485 1513 3654 1567 ἀκατ-

377 1613 510 1677 sint,
539 1626 643 1665 non
671 1621 850 1668 tamen
883 1614 1264 1685 impossibilia,
1294 1627 1350 1673 et
1378 1632 1406 1671 a
1452 1617 1634 1672 multis
1665 1618 1840 1687 reipsa
1864 1619 1962 1674 ob-

2066 1615 2307 1688 όρθωτα,
2352 1613 2492 1668 ἀλλὰ
2529 1612 2624 1667 καὶ
2659 1611 2932 1683 γενόμενα
2966 1609 3073 1663 ὑπὸ
3111 1605 3322 1662 πολλῶν
3368 1606 3466 1660 καὶ
3501 1605 3647 1674 γινό-

381 1710 687 1755 servantur.
733 1701 921 1758 Gratia
964 1720 1200 1776 namque
1245 1707 1452 1761 Domini
1508 1706 1638 1762 Jesu
1689 1708 1962 1764 credimus

2067 1724 2206 1778 μενα
2231 1723 2247 1738 ο
2275 1705 2413 1760 ἀλλὰ
2441 1705 2532 1758 διά
2559 1705 2659 1776 τῆς
2693 1704 2918 1778 χάριτος
2947 1700 3042 1756 τοῦ
3073 1699 3282 1772 Κυρίου
3332 1697 3512 1769 Ἰησοῦ
3560 1715 3654 1751 πι-

383 1793 608 1859 salvari,
634 1797 776 1850 sicut
802 1796 1006 1851 dictum
1051 1810 1139 1853 est
1171 1817 1184 1852 :
1229 1797 1420 1852 Gratia
1458 1799 1588 1854 salvi
1615 1799 1744 1869 [acti
1766 1801 1890 1855 estis
1914 1799 1958 1856 ⁸.

386 1888 573 1957 Itaque
599 1888 679 1942 lex
713 1903 807 1944 eos
825 1889 952 1943 olim
978 1889 1158 1945 salvos
1190 1889 1316 1945 fecit
1337 1891 1429 1961 qui
1455 1892 1589 1963 legis
1633 1893 1815 1947 omnia
1858 1893 1960 1948 im-

369 1978 624 2047 plebant,
677 1994 822 2035 nunc
869 1990 1052 2036 autem
1101 1979 1306 2036 Christi
1354 1983 1529 2052 gratia
1575 1999 1672 2053 per
1717 1982 1877 2039 ﬁdem
1911 1992 1964 2040 et

383 2071 586 2140 absque
622 2070 757 2142 legis
783 2072 1166 2128 observatione
1194 2089 1294 2129 nos
1328 2073 1458 2128 facit
1491 2074 1688 2130 salvos.

452 2250 620 2306 Vsus.
659 2249 752 2307 25.
789 2271 808 2304 ι
844 2251 1058 2308 Placuit
1090 2254 1248 2310 nobis
1279 2255 1523 2310 collectis
1552 2256 1603 2310 in
1636 2271 1820 2312 unum.
1867 2275 1886 2308 ι

455 2341 762 2398 Notandum
795 2353 876 2400 est
903 2359 1078 2416 neque
1109 2345 1371 2401 Jacobum
1394 2342 1575 2416 neque
1603 2345 1822 2402 Petrum
1843 2363 1964 2403 esse

382 2450 568 2500 ausos,
589 2449 898 2506 quanquam
929 2451 1052 2493 esse
1086 2437 1286 2494 bonum
1306 2439 1637 2510 judicarenl,
1670 2440 1791 2496 sine
1815 2443 1962 2496 onmi

385 2525 632 2580 Ecclesia
663 2525 870 2596 aliquid
901 2529 966 2583 de
992 2527 1412 2586 circumcisione
1455 2541 1695 2586 statuere
1725 2548 1740 2585 :
1775 2546 1964 2601 quem-

383 2615 678 2672 admodum
740 2633 841 2674 nec
885 2621 1124 2675 universi
1155 2623 1511 2688 "statuissent,
1551 2623 1654 2678 nisi
1681 2624 1964 2694 cognovis-

385 2719 508 2762 sent
535 2709 702 2762 videri
731 2709 957 2776 Spiritui
995 2719 1208 2776 sancto,
1245 2713 1400 2782 cujus
1437 2714 1814 2768 auctoritatem
1853 2729 1964 2770 suae

383 2801 631 2870 epistolae
653 2806 1011 2870 praemittunt,
1049 2805 1340 2860 dicentes:
1385 2804 1568 2861 Visum
1615 2819 1690 2861 est
1733 2807 1964 2876 Spiritui

384 2901 569 2947 sancto
594 2906 640 2946 et
671 2895 842 2962 nobis,
884 2895 1144 2952 Barnabas
1173 2907 1229 2952 et
1263 2898 1428 2953 Paulo
1475 2898 1568 2968 qui
1597 2899 1808 2955 animas
1839 2914 1965 2956 suas

386 2998 608 3054 prepter
652 2986 863 3042 Domini
923 3004 1116 3043 nomen
1175 2991 1562 3046 tradiderunt:
1613 2991 1752 3046 tanti
1801 3001 1962 3048 erant

385 3079 462 3132 illi
503 3090 614 3134 uta
649 3080 932 3152 discipulis
949 3083 1126 3154 magni
1155 3084 1360 3140 fuerint
1399 3086 1551 3141 dicti.

461 3348 630 3405 Vsus.
653 3352 743 3406 32.
771 3369 790 3403 ι
822 3350 984 3407 ludas
1011 3359 1194 3406 autem
1221 3361 1277 3408 et
1301 3353 1440 3409 Silas
1458 3394 1472 3420 ,
1504 3365 1559 3408 et
1594 3354 1694 3423 ipsl
1727 3367 1850 3408 cum
1877 3368 1968 3409 es-

389 3455 510 3504 sent
561 3445 860 3518 prepbetae,
892 3443 1064 3499 verbo
1083 3441 1328 3514 plurimo
1376 3444 1644 3502 consolati
1695 3453 1824 3498 sunt
1860 3441 1972 3496 fra-

392 3553 522 3606 tres,
550 3549 605 3594 et
621 3539 1103 3595 conﬁrmaverunt.
1137 3557 1158 3592 ι

459 3633 600 3688 Ecce
632 3641 686 3686 et
707 3631 806 3702 ipsi
837 3633 1116 3703 prophetae
1141 3639 1297 3687 erant
1331 3646 1345 3684 :
1377 3629 1464 3684 lex
1490 3627 1634 3683 enim
1659 3642 1821 3694 nova,
1862 3641 1968 3684 non

387 3734 568 3781 autem
599 3724 714 3781 sola
745 3725 835 3782 lex
866 3733 1020 3781 vetus
1052 3723 1250 3780 multos
1299 3721 1490 3778 habuit
1522 3721 1839 3794 preplretas.

455 3901 628 3958 Vsus.
661 3900 753 3957 38.
785 3919 805 3954 ι
842 3899 1038 3956 Paulus
1079 3911 1256 3980 autem
1307 3900 1530 3972 rogabat
1581 3915 1701 3957 eum
1749 3899 1846 3973 (ut
1877 3903 1969 3972 qui

339 3995 733 4050 -discessisset
773 3993 841 4048 ab
869 3994 949 4048 eis
977 3993 1043 4050 de
1088 3993 1426 4064 Pamphylia,
1453 4004 1509 4050 et
1538 4011 1642 4052 non
1682 3997 1812 4052 isset
1844 4011 1968 4050 cum

386 4088 469 4142 eis
505 4089 556 4140 in
587 4085 744 4157 Opus)
770 4103 877 4141 non
909 4085 1110 4142 debere
1142 4087 1334 4156 recipi.
1373 4106 1392 4140 ι

457 4177 771 4234 Notandum
795 4196 930 4249 opus
969 4195 1089 4235 esse
1111 4180 1454 4250 praelatorum
1483 4196 1511 4235 a
1545 4195 1604 4236 se
1640 4181 1975 4236 illuminatos

389 4270 634 4334 visitare,
673 4279 855 4324 utrum
885 4271 936 4324 in
987 4271 1091 4326 [ide
1131 4273 1243 4326 sint
1275 4273 1415 4340 sani,
1441 4288 1508 4326 an
1543 4272 1873 4335 claudiccnt,
1920 4281 1974 4326 et

390 4378 484 4418 eos
506 4365 816 4419 emendare.

465 4535 628 4594 Vsus.
664 4539 753 4594 39.
788 4555 808 4590 ι
843 4537 1008 4594 Facta
1031 4549 1115 4596 est
1135 4551 1317 4597 autem
1343 4539 1632 4606 dissensio,
1665 4539 1740 4596 ita
1780 4550 1837 4596 ut
1870 4541 1979 4598 dis-

391 4630 648 4684 cederent
671 4631 738 4684 ab
763 4630 1012 4687 invicem.
1049 4651 1071 4684 ο

463 4739 694 4809 Propter
719 4740 1075 4796 cauteriatam
1114 4739 1381 4796 habentes
1405 4739 1816 4809 conscientiam,
1840 4757 1976 4812 pau-

385 4834 472 4886 cis
497 4833 784 4886 dicendum
809 4847 908 4904 pro
931 4831 1194 4902 apostolis
1231 4829 1484 4888 Barnaba
1509 4841 1564 4888 et
1593 4831 1760 4891 Paulo
1787 4833 1977 4891 defert-

395 4923 606 4987 demlis,
641 4925 730 4993 qui
767 4924 844 4978 sic.
867 4923 1011 4978 inter
1035 4937 1116 4986 se,
1155 4930 1216 4976 ut
1247 4921 1468 4992 dicitur,
1497 4925 1894 4990 dissenserunt,
1918 4937 1975 4982 ut

388 5013 460 5065 ab
498 5011 730 5068 invicem
766 5013 1132 5068 discederent.
1157 5011 1398 5069 Marcum
1433 5016 1648 5085 quidem
1675 5033 1768 5074 eos
1799 5019 1969 5074 relin-

390 5103 608 5172 quendo
652 5103 949 5172 deliquisse
979 5103 1264 5159 constabat
1294 5119 1310 5158 :
1338 5121 1496 5174 quem
1528 5116 1586 5161 ut
1627 5109 1966 5175 emendaret,

381 5193 568 5262 iratus
589 5205 674 5248 est
722 5191 948 5258 Paulus,
996 5209 1230 5267 eumque
1278 5200 1346 5252 ad
1395 5205 1609 5270 tempus
1643 5202 1971 5258 contristare

395 5283 583 5351 voluit,
617 5297 880 5356 quatenus
915 5287 1126 5344 veniret
1176 5293 1242 5344 ad
1276 5292 1674 5362 pmnitentiam,
1704 5301 1870 5365 atque
1914 5293 1969 5348 in

394 5387 674 5448 posterum
711 5392 823 5432 sua:
847 5381 1108 5438 voluntati
1138 5398 1242 5438 non
1279 5383 1624 5456 indulgeret,
1681 5402 1770 5440 sec
1807 5387 1973 5441 mini.

466 5557 489 5586 ⁸
523 5553 684 5607 Rom.
725 5568 806 5619 tu,
843 5549 948 5624 24;
979 5555 1178 5628 Ephes.
1211 5574 1272 5625 ιι,
1303 5558 1361 5616 8.

2066 1799 2332 1869 στεύομεν
2367 1799 2636 1868 σωθῆναιο
2669 1797 2856 1868 ὅμοιον
2889 1794 3018 1860 τοῦ,
3055 1792 3260 1864 Χάριτί
3284 1792 3428 1847 ἐστε
3456 1806 3652 1846 σεσω-

2065 1894 2279 1962 σμένοι
2302 1907 2317 1923 ·
2342 1889 2485 1944 ὥστε
2522 1884 2618 1944 οὖν
2655 1888 2824 1944 πάλαι
2861 1887 2960 1960 μὲν
2989 1889 3040 1941 οἱ
3075 1886 3230 1958 νόμοι
3261 1895 3284 1924 ο
3315 1886 3444 1949 τοὺς
3475 1883 3656 1938 πάντα

2061 1983 2527 2054 διαφυλάττοντας
2556 1980 2624 2036 τὰ
2652 1980 2921 2051 εἰρημένα
2953 1979 3034 2049 τῷ
3058 1977 3210 2050 νόμῳ
3240 1975 3435 2042 ἔσωζε,
3465 1974 3562 2031 νῦν
3594 1975 3654 2029 δὲ

2065 2077 2099 2146 ἡ
2134 2075 2296 2144 χάρις
2334 2073 2427 2126 τοῦ
2463 2072 2696 2143 Κυρίου,
2734 2070 2829 2124 καὶ
2860 2070 2987 2141 δίχα
3014 2068 3114 2140 τῆς
3141 2067 3237 2122 τοῦ
3271 2067 3438 2140 νόμου
3471 2083 3656 2138 παρα-

2067 2164 2335 2234 φυλακῆς,
2373 2161 2462 2216 διὰ
2495 2162 2594 2229 τῆς
2626 2161 2864 2224 πίστεως
2901 2155 3086 2224 σώζει.
3635 2154 3646 2170 ’

2141 2274 2160 2308 ι
2204 2254 2426 2322 Ἔδοξεν
2460 2256 2592 2326 ἡμῖν
2622 2253 2937 2324 γενομένοις
2967 2251 3340 2322 ὁμοθυμαδὸν.
3380 2268 3400 2302 ι

2137 2343 2488 2416 Σημειωτέον
2517 2345 2600 2398 ὅτι
2631 2341 2754 2396 οὗτε
2809 2341 3068 2406 Ἰάκωϐος
3099 2339 3225 2396 οὔτε
3267 2340 3471 2412 Πέτρος
3503 2337 3656 2395 ἐτόλ-

2061 2451 2282 2507 μησαν,
2316 2434 2496 2488 καίτοι
2528 2433 2816 2506 κρίναντες
2843 2433 2976 2488 αὐτὸ
3011 2432 3179 2488 καλὸν
3201 2427 3362 2498 εἷναι,
3391 2433 3516 2504 δίχα
3551 2431 3656 2486 πά-

2069 2546 2169 2600 σης
2202 2528 2302 2600 τῆς
2342 2527 2668 2600 Ἐκκλησίας
2698 2527 3028 2598 δογματίσαι
3055 2527 3123 2579 τὰ
3155 2527 3407 2598 περὶτῆς
3437 2541 3660 2598 περιτο-

2069 2620 2177 2692 μῆς
2198 2617 2248 2658 ἀ·
2309 2619 2512 2688 ὃπουγε
2567 2616 2694 2672 οὔτε
2757 2619 2959 2682 πάντες
3025 2617 3407 2690 ηύθέντησαν,
3485 2619 3536 2670 εί
3583 2617 3658 2690 μὴ

2064 2710 2402 2782 ἐπείσθησαν
2433 2711 2516 2765 ὅτι
2548 2707 2710 2764 τοῦτο
2743 2711 2892 2763 δοκεῖ
2921 2711 3018 2764 καὶ
3051 2709 3130 2780 τῷ
3164 2709 3308 2780 ἁγίῳ
3349 2709 3654 2781 Πνεύματι·

2065 2800 2126 2860 οὗ
2159 2807 2258 2859 καὶ
2290 2803 2601 2876 προέταξαν
2625 2803 2724 2873 τὴν
2753 2801 3074 2857 αὐθεντείαν
3104 2803 3163 2855 ὲν
3187 2804 3255 2873 τῇ
3286 2801 3544 2872 ἐπιστολῇ
3579 2803 3659 2855 εί-

2066 2899 2260 2962 πόντες
2280 2914 2293 2927 ·
2332 2896 2547 2961 Ἔδοξε
2575 2894 2655 2962 τῷ
2683 2895 2829 2965 ἁγιῳ
2850 2894 3148 2964 Πνεύμιιτι
3187 2893 3286 2948 καὶ
3317 2891 3482 2963 ἡμῖν,
3513 2892 3659 2964 Βαρ-

2065 2989 2206 3061 νάϐᾳ
2233 2989 2327 3044 καὶ
2370 2987 2572 3059 Παύλῳ
2591 3025 2609 3054 ,
2645 2985 2956 3058 ἀνθρώποις
2986 2984 3402 3056 παραδεδωκόσι
3430 2985 3531 3048 τὰς
3557 2985 3660 3054 ψυη

1994 3068 2037 3127 C
2067 3082 2172 3153 χὰς
2204 3080 2386 3134 αὐτῶν
2407 3081 2549 3151 ὑπὲρ
2577 3078 2674 3134 τοῦ
2704 3077 2970 3150 ὀνόματος
2995 3077 3091 3131 τοῦ
3121 3078 3330 3149 Κυρίου
3351 3095 3363 3107 ·
3401 3075 3661 3146 τηλικοῦ-

2069 3169 2310 3244 τοιῆσαν
2330 3167 2498 3239 οὗτοι,
2523 3173 2608 3226 ὅτι
2636 3168 3103 3242 ἐμαρτυρήθησαν
3134 3167 3241 3223 ὑπὸ
3267 3168 3376 3222 τῶν
3401 3166 3661 3239 μαθητῶν

2074 3265 2305 3336 μεγάλοι
2331 3259 2499 3322 εἶναι.

2147 3376 2167 3409 ι
2213 3355 2418 3420 Ἰούδας
2445 3372 2508 3408 τε
2533 3355 2628 3410 καὶ
2656 3355 2838 3420 Σίλας,
2871 3353 2968 3408 καὶ
2992 3354 3149 3408 αὐτοὶ
3178 3353 3458 3426 προφῆται
3480 3351 3662 3416 ὄντες,

2069 3445 2159 3499 διά
2201 3443 2358 3513 λόγου
2398 3443 2596 3498 πολλοῦ
2631 3443 3022 3515 παρεκάλεσαν
3063 3443 3191 3508 τοὺς
3226 3443 3528 3514 ἀδελφοὺς,
3565 3443 3663 3495 καὶ

2071 3531 2462 3605 ἐπεστήριξαν.
2503 3551 2523 3586 ι

2154 3627 2286 3683 Ἰδοὺ
2330 3627 2426 3681 καὶ
2481 3618 2630 3680 οὗτοι
2674 3625 2954 3696 προφῆται
3004 3619 3174 3697 ἦσαν’
3207 3624 3544 3696 σημειωτέον
3593 3624 3654 3678 δὲ

2069 3719 2154 3774 ὅτι
2187 3719 2282 3773 κα)⁸
2309 3719 2340 3788 ἡ
2366 3719 2465 3772 νέα
2486 3717 2809 3772 διδασκαλία
2836 3716 2962 3790 ἔσχε
2993 3720 3284 3789 προφήτας
3311 3714 3566 3782 πολλοὺς,
3593 3717 3658 3768 ού

2071 3811 2238 3881 μόνον
2270 3813 2302 3882 ή
2337 3810 2550 3865 Παλαιὰ
2580 3811 2796 3882 Γραφή.

2149 3924 2168 3956 ι
2208 3896 2420 3967 Παῦλος
2482 3903 2542 3957 δὲ.
2590 3901 2744 3973 ἠξίου
2770 3942 2785 3968 ,
2856 3901 2948 3956 τὸν
2993 3901 3309 3957 ἀποστάντα
3347 3901 3443 3956 ἀπ’
3481 3900 3662 3956 αὐτῶν

2071 3994 2182 4049 άπὸ
2215 3994 2578 4066 Παμφυλίας,
2612 3995 2708 4048 καὶ
2745 3994 2820 4066 μὴ
2867 3994 3196 4048 συνελθόντα
3243 3993 3428 4057 αὐτοῖς
3467 3995 3548 4058 είς
3599 3993 3662 4046 τὸ

2073 4085 2234 4157 ἔργον
2257 4125 2272 4150 ,
2309 4086 2384 4158 μὴ
2416 4085 2986 4157 συμπαραλαμόάνειν
3024 4084 3233 4141 τοῦτον.
3282 4103 3302 4137 ι

2148 4176 2495 4248 Σημειωτὲον
2529 4177 2613 4230 ὅτι
2646 4175 2807 4248 ἔργον
2845 4177 2954 4231 τῶν
2995 4178 3317 4248 ἡγουμένων
3360 4177 3662 4249 περιεργά-

2075 4267 2267 4332 ζεσθαι
2309 4269 2437 4334 τοὺς
2476 4269 2569 4323 ὑπ’
2603 4268 2784 4322 αὐτῶν
2828 4270 3202 4340 φωτισθέντας
3229 4287 3244 4300 ο
3300 4271 3502 4341 μήπως
3549 4270 3660 4340 ἄρα

2076 4359 2175 4430 ούχ
2209 4359 2517 4428 ὑγιαίνουσι
2557 4363 2624 4432 τῇ
2658 4359 2860 4429 πίστει,
2895 4361 3032 4418 ἀλλὰ
3077 4352 3415 4434 χωλεύουσι·
3451 4363 3544 4416 καὶ
3580 4362 3664 4414 δεῖ

2077 4453 2273 4517 αὐτοὺς
2307 4452 2689 4524 διορθωθῆναι.

2153 4565 2172 4597 ι
2221 4545 2471 4614 Ἐγένετο
2501 4539 2594 4598 οὖν
2625 4543 2998 4618 παροξυσμὸς,
3029 4546 3172 4602 ὥστε
3206 4546 3661 4620 ἀποχωρισθῆναι

2075 4639 2274 4702 αὐτοὺς
2305 4637 2400 4690 ἀπ’
2433 4637 2699 4714 αλλήλων.
2741 4657 2760 4690 ι

2145 4750 2244 4804 Διὰ
2275 4751 2403 4814 τοὺς
2439 4753 3023 4824 κεκαυτηριασμένους
3067 4753 3166 4825 τὴν
3200 4753 3542 4824 συνείδησιν,
3584 4755 3664 4820 ὡς

2073 4841 2164 4896 διὰ
2221 4841 2494 4912 συντόμου
2552 4843 2922 4915 ἀπολογητέον
2979 4845 3112 4916 περὶ
3169 4845 3280 4900 τῶν
3344 4846 3664 4902 ἀποστόλων

2073 4934 2332 5006 Βαρνάϐα
2357 4935 2453 4990 καὶ
2485 4936 2703 4991 Παύλου
2723 4953 2738 4969 ο
2771 4937 2821 4990 οἳ
2849 4937 2943 4991 ἐπὶ
2969 4936 3226 4992 τοσοῦτον
3251 4938 3536 4993 ὲπέτειναν
3563 4937 3665 5008 τὴν

2075 5027 2432 5096 φιλονεικίαν,
2463 5029 2546 5084 δτι
2571 5029 2666 5083 καὶ
2687 5028 3092 5100 ἐχωρίσθησαν,
3121 5033 3308 5101 φησίν.
3346 5031 3405 5084 '0
3433 5030 3665 5102 Μάρκος

2076 5117 2256 5182 ἔδοξεν
2311 5121 2696 5191 ήμαρυηκέναι
2749 5120 3037 5176 ἀπολιπὼν
3071 5121 3314 5186 αὐτούς’
3360 5124 3390 5176 ὁ
3449 5121 3664 5186 Παῦλος

2078 5211 2215 5280 πρὸς
2237 5210 2299 5264 τὸ
2336 5213 2780 5286 σωφρονισθῆναι
2813 5213 2978 5268 αὐτὸν
3014 5213 3306 5286 ὠργίζετο,
3345 5215 3442 5269 καὶ
3469 5215 3665 5286 ἢθελεν

2077 5303 2240 5358 αὐτὸν
2274 5304 2411 5376 πρὸς
2438 5305 2617 5372 ὀλίγον
2642 5305 2882 5379 λυπῆσαι
2905 5323 2920 5338 ⁸
2959 5308 3052 5364 ἵνα
3097 5307 3422 5379 αἰσθόμενος
3453 5309 3666 5373 ἐκεῖνος

2083 5393 2415 5468 μετανοήσῃ,
2466 5395 2561 5449 καὶ
2609 5395 2796 5450 λοιπὸν
2828 5397 3124 5470 ὑποταγῇ·
3157 5397 3236 5470 τῷ
3277 5399 3352 5471 μὴ
3389 5399 3564 5452 ποιεῖν
3601 5397 3667 5452 τὸ

465 5719 494 5750 ι
527 5710 586 5766 C.
624 5709 684 5766 (ἶ.
713 5708 1024 5781 βλέποντας.
1262 5715 1337 5798 C.‘
1403 5715 1583 5790 ἑαυτῷ
1614 5715 1810 5776 ταῦτα.
1891 5729 1914 5762 ⁸
1941 5722 1967 5780 ί

2066 5725 2091 5782 ἶ.
2114 5726 2146 5780 ὁ
2167 5726 2351 5801 νόμος.
2429 5729 2457 5772 ά
2481 5730 2544 5788 C.
2573 5730 2637 5788 C.
2671 5735 2865 5806 τομῆς.
2945 5746 2970 5776 ο
2998 5735 3066 5794 C.
3099 5733 3162 5792 C.
3195 5736 3474 5808 ἁποταγῇ.
