4064 6408
412 385 548 452 1-553

1313 388 1769 450 FBAFMEN-TA
1813 387 1893 447 IN
1936 389 2123 447 ACTA
2164 387 2742 448 APOSTOIDBUM.
3530 381 3664 443 1554

409 502 620 570 θέλημα
661 501 724 554 τὺ
749 499 965 568 ἑαυτοῦ,
1004 500 1139 556 ἀλλὰ
1189 503 1340 572 παρά
1384 503 1483 572 τὴν
1526 503 1721 556 ἑαυτοῦ
1765 503 1984 572 θέλησιν

2104 502 2239 554 sterii
2282 501 2561 567 operibus,
2597 499 2965 569 praetermissa
2995 497 3291 563 voluntate,
3337 497 3661 549 induerem-1:

408 590 721 644 ἀκολουθεῖν
774 592 910 661 πρὸς
972 593 1034 644 τὸ
1086 591 1246 665 ἔργον
1291 593 1390 662 τῆς
1449 592 1755 653 διακονίας·
1809 591 1981 653 οὕτως

410 683 634 751 ἐποίησε
665 685 758 737 καὶ
791 685 883 736 ἐπὶ
917 685 1010 737 τοῦ
1045 685 1329 756 Κορινθίου
1358 701 1370 714 ·
1413 684 1666 738 ἐκϐαλὼν
1687 684 1850 738 αὑτὸν
1881 683 1982 752 τῆς

423 773 785 842 Ἐκκλησὲας,
841 775 935 829 καὶ
987 776 1147 839 αὐτὸς
1202 775 1342 845 ὑπὲρ
1391 774 1556 828 αὐτοῦ
1609 775 1979 842 παρακαλῶν,

409 863 573 930 ἡνίκα
599 865 966 935 μετεμελήθη·
989 864 1160 928 οὕτως
1180 863 1273 919 οὖν
1301 865 1322 904 ί
1349 865 1508 936 ἤθελε
1531 867 1625 918 καὶ
1645 865 1736 918 τὸν
1755 866 1983 936 Μάρκον

409 951 670 1021 δαμάσαι.
713 953 772 1005 Ὀ
799 954 854 1006 δὲ
889 955 1172 1026 Βαρνάϐας
1218 955 1588 1025 ἁπλούστερος
1613 954 1709 1019 ὢν,
1745 956 1983 1025 συνεχώ-

417 1061 581 1114 ρησεν
613 1045 762 1115 αὐτῷ
797 1047 998 1116 μᾶλλον
1031 1048 1124 1101 καὶ
1150 1047 1273 1116 δίχα
1313 1047 1627 1117 ἐκπλήξεως
1657 1049 1683 1087 ⁸
1708 1047 1769 1099 τὸ
1801 1049 1983 1118 ἀμάρ-

407 1153 558 1205 τημα
581 1152 595 1166 ·
627 1137 685 1189 ὃν
715 1138 743 1189 ὁ
785 1137 998 1201 Παῦλος
1033 1139 1334 1208 παρεκάλει
1363 1138 1558 1206 λέγων,
1593 1139 1666 1208 μὴ
1697 1138 1872 1202 οὕτως
1907 1139 1985 1200 ὡς

407 1225 565 1295 ἔτυχε
600 1227 690 1279 τὸν
729 1228 1177 1298 δραπετεύσαντα
1207 1234 1306 1301 τῆς
1343 1231 1590 1293 συνοδίας
1626 1230 1981 1300 προσλαϐεῖν,

407 1317 521 1368 ἀλλ’
552 1318 970 1388 ἀποστραφῆναι
998 1320 1180 1379 αὐτὸν,
1211 1320 1346 1373 διότι
1373 1323 1472 1374 οὐκ
1504 1320 1704 1383 αὐτοὺς
1730 1321 1982 1390 ἐνύϐρισε

407 1407 563 1460 τοῦτο
597 1411 855 1478 ποιήσας,
889 1409 1026 1463 ἀλλά
1060 1411 1158 1480 τῆς
1191 1411 1473 1475 διακονίας
1521 1413 1942 1485 καταφρονήσας
1968 1453 1982 1476 ,

406 1498 496 1551 τὸν
527 1499 660 1551 Θεὸν
679 1500 1032 1566 ὲξουδένωσε.
1057 1501 1245 1572 Τούτῳ
1268 1498 1363 1556 οῦν
1381 1503 1459 1574 τῷ
1483 1505 1671 1574 σκοπῴ
1696 1505 1986 1572 ἀντέλεγεν

404 1595 434 1644 ὁ
460 1590 670 1654 Παῦλος
697 1591 776 1662 τῷ
811 1593 1069 1664 Βαρνάϐᾳ
1096 1610 1111 1624 ·
1149 1594 1343 1663 ἀμέλει
1377 1595 1498 1648 οὐδὲ
1531 1596 1818 1665 ὠργίζετο,
1853 1595 1988 1648 ἀλλὰ

407 1685 709 1754 παρεκάλει
744 1684 926 1748 αὐτὸν,
963 1685 1038 1747 ὥς
1078 1702 1241 1756 φησιν
1279 1688 1312 1758 ή
1355 1687 1546 1757 Γραφή
1575 1702 1588 1715 ·
1628 1686 1872 1752 Παῦλος
1919 1687 1986 1740 δὲ

405 1778 583 1842 ἠξίου
609 1792 622 1805 ·
650 1777 846 1830 οὐκοῦν
867 1780 896 1830 ὁ
920 1779 1017 1849 μὲν
1040 1779 1328 1848 Βαρνάϐας
1347 1779 1688 1849 χρηστότητα
1717 1775 1827 1849 εἶχε
1853 1780 1985 1850 πρὸς

2091 595 2231 647 baud
2263 596 2421 648 aliter
2447 595 2500 647 in
2524 593 2868 648 Corinthium
2905 607 2963 647 se
2998 591 3203 662 gessit,
3237 606 3357 645 eum
3393 589 3459 641 ab
3485 587 3665 641 Eccle-

2090 685 2166 737 sia
2197 698 2458 752 separans
2490 693 2544 738 et
2595 684 2710 753 ipse
2760 697 2858 752 pro
2883 697 2948 736 eo
2983 690 3233 751 precatus
3259 722 3273 745 ,
3310 690 3664 748 posmaquam

2091 777 2466 847 pmnitentiam
2505 777 2733 844 egisset;
2771 777 2850 831 sic
2883 791 3096 846 quoque
3148 773 3387 826 Marcum
3443 770 3666 824 domare

2090 864 2318 918 volebat.
2379 863 2652 920 Barnabas
2701 876 2910 930 autem,
2963 881 3086 919 cum
3145 861 3441 931 simplicior
3492 868 3663 917 esset,

2090 967 2366 1023 peccatum
2403 957 2606 1024 absque
2635 971 2793 1025 pmna
2825 958 2872 1010 ei
2906 955 3262 1019 condonavit;
3320 967 3478 1022 quem
3520 950 3664 1003 Pau-

2091 1045 2174 1100 lus
2201 1049 2443 1117 rogabat,
2467 1048 2650 1102 dit-ens
2669 1062 2774 1102 non
2803 1059 3056 1116 oportere
3082 1048 3154 1102 ita
3189 1057 3392 1100 temere
3419 1061 3543 1100 eum
3581 1061 3666 1095 re-

2092 1141 2274 1207 cipere
2326 1139 2415 1208 qui
2451 1153 2508 1195 se
2553 1139 2620 1193 ab
2655 1156 2840 1193 eorum
2871 1141 3136 1195 societate
3166 1138 3535 1198 subtraxerat,
3571 1133 3664 1186 sed

2096 1229 2378 1297 repellere,
2406 1245 2470 1282 eo
2495 1229 2635 1296 quod
2665 1245 2770 1283 non
2801 1245 2895 1284 eos
2923 1229 3116 1296 injuria
3159 1227 3432 1284 affecisset
3470 1227 3552 1280 sic
3585 1225 3668 1278 fa-

2093 1322 2261 1384 ciens,
2301 1321 2392 1373 sed
2421 1321 2609 1385 Deum,
2651 1321 2910 1390 despecto
2947 1322 3273 1386 ministerio,
3309 1318 3670 1386 contempsis-

2093 1423 2195 1465 set.
2229 1410 2298 1463 Ea
2336 1412 2399 1465 de
2431 1426 2590 1464 causa
2618 1411 2874 1464 Barnabze
2903 1411 3104 1466 Paulus
3149 1413 3380 1477 restitit;
3427 1426 3526 1463 nec
3558 1410 3669 1460 ira-

2095 1505 2370 1570 scebatur,
2406 1506 2500 1559 sed
2524 1505 2745 1571 rogabat
2765 1519 2912 1568 eum,
2934 1511 2989 1557 ut
3015 1503 3145 1557 dicit
3180 1503 3460 1570 Scriptura
3495 1519 3508 1555 :
3537 1499 3673 1553 Pau-

2094 1593 2177 1647 las
2210 1605 2386 1648 autem
2412 1597 2652 1663 rogabat.
2692 1594 2969 1648 Barnabas
2998 1594 3161 1663 igitur
3191 1594 3364 1662 magis
3409 1593 3475 1646 ad
3517 1606 3670 1643 mau-

2094 1687 2436 1741 suctudinem
2469 1694 2588 1740 erat
2616 1700 2835 1754 pronus,
2873 1684 3070 1738 Paulus
3105 1694 3284 1737 autem
3311 1683 3376 1736 ad
3407 1681 3673 1736 severita-

2097 1786 2225 1842 tem,
2253 1788 2568 1848 peccalores
2606 1777 2673 1832 ad
2718 1785 2928 1844 tempus
2953 1775 3167 1828 diabolo
3199 1772 3422 1828 tradens
3451 1772 3502 1826 in
3533 1772 3676 1827 inte-

405 1872 530 1932 τοὺς
554 1871 829 1939 ὑπηκόους
853 1870 1096 1940 ἕτοιμον,
1123 1871 1152 1923 ὁ
1174 1871 1231 1923 δὲ
1258 1871 1471 1934 Παῦλος
1495 1873 1820 1940 ἀποτομίαν,
1855 1873 1989 1942 πρὸς

2104 1871 2258 1924 ritum
2286 1869 2470 1924 carnis
2501 1876 2558 1923 ut
2585 1869 2650 1922 ad
2687 1867 3068 1936 pcenitentiam
3107 1867 3378 1921 venirent.
3438 1863 3677 1933 Uterque

409 1964 600 2033 καιρὸν
631 1963 922 2027 ἀποδιδοὺς
943 1965 1072 2028 τοὺς
1099 1965 1522 2036 καταφρονητᾶις
1553 1965 1628 2035 τῷ
1650 1965 1884 2034 διαϐόλῳ
1910 1967 1990 2027 εἰς

408 2055 630 2126 ὖλεθρον
675 2058 774 2123 τῆς
830 2057 1062 2126 σαρκὸς,
1114 2058 1200 2110 ἵνα
1255 2058 1728 2128 μεταμεληθῶσιν.
1781 2057 1990 2111 Οὐκοῦν

407 2148 712 2219 ἀμφότεροι
741 2149 885 2203 κατὰ
914 2149 1006 2202 τὸν
1031 2150 1234 2204 οἰκεῖον
1267 2150 1470 2203 σκοπὸν
1501 2149 1684 2212 καλῶς
1714 2149 1987 2220 ἔπραξαν·

408 2239 868 2310 ἀπεχωρίσθησαν
884 2240 941 2294 δὲ
965 2240 1061 2294 καὶ
1081 2239 1171 2294 διὰ
1185 2239 1347 2294 τοῦτο
1366 2241 1460 2294 ἀπ’
1478 2240 1742 2311 ἀλλήλων·
1765 2243 1994 2311 ἐπείπερ

409 2334 510 2385 οὐκ
539 2329 679 2402 ἦσαν
710 2335 841 2404 μιᾶς
861 2332 1027 2400 ἕξεως
1049 2335 1381 2404 ἀμφότεροι·
1406 2335 1501 2386 καὶ
1531 2333 1764 2403 ἠδύνατο
1791 2335 1884 2386 καὶ
1914 2334 1996 2387 οῦ-

410 2442 538 2489 τως,
567 2425 658 2478 διὰ
682 2427 783 2495 τῆς
814 2426 954 2494 ἄγαν
982 2427 1338 2492 ἀνεξικακίας
1367 2427 1442 2497 μὴ
1473 2426 1644 2480 θέλων
1672 2427 1881 2497 κρίνειν
1907 2429 1998 2482 ἆλ-

411 2516 522 2581 λον,
551 2516 872 2586 δυσωπῆσαι
898 2518 1026 2580 τοὺς
1059 2517 1320 2581 πιστούς·
1354 2519 1450 2571 καὶ
1479 2520 1507 2570 ὁ
1541 2517 1752 2581 Παῦλος
1783 2518 1870 2571 διὰ
1904 2518 1996 2570 τοῦ

415 2607 767 2658 ἐπιστατικοῦ
793 2605 992 2660 ἑαυτοῦ
1016 2607 1113 2659 καὶ⁷
1143 2603 1532 2674 ζηλοτυπικοῦ,
1563 2605 1735 2657 σῶσαι
1765 2605 1860 2658 καὶ
1891 2620 1998 2656 σω-

415 2698 670 2767 φρονίσαι
706 2700 834 2760 τοὺς
871 2697 1097 2765 ἀμελεῖς
1118 2713 1132 2727 ·
1172 2694 1316 2750 οὕτω
1349 2695 1459 2764 γὰρ
1492 2693 1737 2746 διδάσκει
1785 2692 1961 2761 λέγων
1982 2709 1996 2722 ·

419 2787 735 2856 Ἔλεγεον,
771 2787 1150 2854 ἐπιτίμησον,
1187 2784 1649 2852 παρακάλεσον·
1685 2785 1783 2853 οὐχ
1813 2783 1890 2846 ὡς
1925 2784 2000 2853 μὴ

416 2878 706 2948 δυνάμενοι
723 2877 779 2930 δὲ
795 2877 984 2947 φέρειν
1007 2876 1252 2943 ἀλλήλων
1277 2877 1348 2929 τὰ
1368 2875 1730 2947 ἐλαττώματα
1755 2876 2001 2946 ἀπέστη-

420 2987 556 3023 σαν·
589 2970 792 3038 ὅπουγε
837 2969 1006 3021 πολὺν
1041 2967 1342 3038 συνέζησαν
1376 2968 1600 3039 χρόνον,
1628 2967 2004 3038 συγκαμόντες

419 3062 677 3130 ἀλλήλοις
712 3061 806 3115 καὶ
844 3059 1386 3128 συγκινδυνεύοντες·
1421 3060 1537 3115 ἀλλ’
1577 3061 1666 3113 ἴνα
1701 3061 1774 3129 μή
1823 3076 1906 3122 τις
1942 3059 2006 3112 τὺ

2093 1960 2262 2030 igitur
2285 1973 2383 2030 pro
2410 1957 2514 2012 line
2541 1958 2750 2012 intento
2788 1966 2938 2011 recte
2990 1956 3150 2021 fecit;
3184 1955 3554 2009 discesserunt
3583 1967 3678 2004 au-

2095 2059 2202 2105 tem
2234 2050 2300 2104 ab
2332 2049 2588 2113 invicem,
2623 2057 2910 2118 propterea
2941 2048 3085 2118 quod
3118 2062 3222 2100 non
3252 2047 3491 2116 ejusdem
3525 2053 3692 2098 erant

2094 2141 2379 2196 sententiae
2405 2141 2587 2197 ambo.
2615 2141 2715 2206 Qui
2746 2148 2963 2208 propter
2987 2139 3209 2194 nimiam
3238 2137 3558 2208 patientiam
3585 2150 3678 2188 ne-

2097 2235 2296 2290 minem
2327 2234 2547 2290 volebat
2570 2233 2841 2304 judicare,
2871 2233 2917 2287 is
2953 2232 3128 2300 potuit
3159 2229 3342 2284 ﬁdeles
3370 2227 3679 2298 persuasio-

2097 2341 2165 2380 ne
2195 2326 2451 2390 llectere;
2487 2325 2684 2379 Paulus
2731 2340 2858 2379 vero
2889 2339 2985 2378 sua
3036 2322 3312 2392 vigilantia
3344 2331 3398 2376 et
3435 2334 3534 2375 suo
3562 2319 3678 2372 zelo

2099 2428 2416 2488 peccatores
2461 2417 2750 2473 emendare
2779 2434 2793 2470 :
2832 2417 3025 2484 sicque
3078 2415 3192 2485 ipse
3226 2415 3404 2479 docet,
3439 2412 3628 2467 dicens
3662 2427 3677 2464 :

2099 2508 2297 2579 Argue,
2330 2511 2561 2577 increpa,
2597 2508 2808 2562 obsecra
2831 2509 2874 2559 ιι
2915 2504 3032 2562 Non
3060 2519 3190 2559 vero
3221 2505 3287 2558 ab
3318 2503 3548 2557 invicem
3569 2502 3683 2554 dis-

2102 2611 2380 2656 cesserunt
2431 2600 2634 2656 idcirco
2669 2599 2796 2668 quia
2846 2613 2951 2652 non
2996 2607 3244 2666 poterant
3285 2595 3423 2648 alter
3462 2593 3683 2647 alterius

2101 2692 2246 2747 ferre
2289 2691 2441 2755 vitia,
2494 2691 2584 2760 qui
2637 2690 2727 2744 diu
2777 2689 2935 2743 simul
2971 2688 3236 2750 vixerant,
3283 2686 3683 2743 laboraverant.

2103 2784 2362 2858 periculis
2385 2784 2772 2850 interfuerant;
2801 2783 2897 2838 sed
2933 2799 2996 2837 ne
3028 2783 3172 2852 quis,
3200 2782 3387 2836 videns
3416 2771 3684 2834 diversam

2103 2893 2293 2932 eorum
2325 2877 2517 2946 agendi
2557 2877 2844 2939 rationem,
2886 2875 2937 2928 in
2980 2873 3246 2928 alterutro
3287 2871 3687 2928 scandalizare-

2108 2979 2216 3035 tur,
2249 2970 2364 3023 sive
2395 2968 2618 3022 Paulum
2659 2967 2972 3021 iracundum
2997 2967 3207 3028 dicens,
3236 2965 3350 3018 sive
3377 2961 3684 3017 Barnabam

2107 3061 2188 3115 sui
2221 3063 2614 3124 immemorem,
2639 3069 2822 3128 utpote
2839 3069 3128 3129 peccantes
3148 3073 3252 3110 non
3283 3054 3692 3124 reprehenden-

420 3153 709 3223 ἀνώμαλον
737 3153 838 3223 τῆς
871 3152 1053 3205 αὐτῶν
1085 3153 1227 3223 ὁρῶν
1247 3153 1274 3192 ιι
1307 3153 1583 3216 πολιτείας
1632 3151 1998 3223 σκανδαλισθῇ

2116 3164 2244 3219 tem,
2281 3154 2374 3207 sed
2402 3167 2496 3206 eos
2536 3152 2920 3221 despicientem
2979 3151 3068 3220 qui
3124 3150 3398 3218 propriam
3459 3147 3689 3201 salutem

422 3245 558 3314 πρὸς
588 3244 702 3308 ἕνα,
732 3243 764 3312 ἢ
797 3244 889 3296 τὸν
923 3242 1136 3296 Παῦλον
1178 3243 1400 3314 ὀργίλον
1425 3243 1628 3307 καλῶν,
1666 3243 1698 3314 ἢ
1741 3245 1833 3296 τὴν
1866 3243 2009 3315 Βαρ-

421 3333 593 3385 νάϐαν
654 3331 1072 3403 καταφρονητὴν
1133 3333 1230 3385 καὶ
1282 3331 1479 3385 ἑαυτοῦ
1544 3333 1867 3403 γινόμενον·
1932 3334 2006 3403 μὴ

423 3424 646 3477 θέλοντα
679 3423 737 3477 δὲ
777 3425 908 3487 τοὺς
955 3425 1376 3495 ἁμαρτάνοντας
1408 3424 1821 3494 ἐπιστομίζειν,
1871 3425 2010 3478 ἀλλὰ

425 3515 754 3586 παρορῶντα
786 3515 914 3576 τοὺς
945 3515 1042 3584 τῆς
1082 3514 1290 3568 ἑαυτῶν
1321 3513 1657 3584 ἀμελοῦντας
1692 3516 2001 3586 σωτηρίας·

425 3604 657 3667 ἔθνικοῖς
708 3604 948 3674 μάλιστα
1005 3604 1295 3674 μέλλοντες
1344 3605 1838 3672 εὐαγγελίζεσθαι,
1896 3609 2007 3668 τοῖς

429 3696 700 3766 μηδεμίαν
745 3695 929 3766 έχουσι
983 3695 1257 3766 διάκρισιν
1300 3694 1468 3748 καλοῦ
1519 3697 1612 3748 καὶ
1663 3697 1869 3748 κακοῦ·
1913 3698 2008 3750 καὶ

426 3785 688 3849 πολλάκις
726 3787 790 3838 ἐκ
820 3785 917 3838 τοῦ
948 3785 1209 3854 διαφόρου
1243 3785 1345 3855 τῆς
1374 3785 1550 3838 αὐτῶν
1587 3786 1865 3852 πολιτείας
1886 3828 1898 3848 ,
1933 3788 2008 3852 ὡς

425 3875 758 3946 ἀσύμφωνον
802 3877 1034 3946 ἑχόντων
1067 3874 1213 3942 ἕξιν,
1255 3874 1586 3945 ἀσύμφωνον
1623 3876 1717 3928 καὶ
1764 3876 1824 3928 τὸ
1875 3879 2008 3948 παρ’

428 3969 604 4023 αὐτῶν
678 3967 1166 4039 εὐαγγελιζόμενον
1238 3969 1537 4040 μυστήριον
1606 3969 2006 4035 ὑποπτεύοντες
2046 3967 2222 4026 εἶναι·
2261 3974 2399 4044 ὅπερ
2441 3973 2642 4044 μᾶλλον
2717 3971 3156 4043 ὑπονοήσαντες,

2115 3245 2540 3300 contemnebant
2577 3260 2592 3299 :
2626 3244 2766 3312 quod
2795 3253 2920 3296 tunc
2959 3241 3262 3310 praesertim
3298 3248 3416 3293 erat
3447 3247 3692 3292 metuen-

2115 3336 2243 3389 dum
2281 3349 2402 3389 cum
2433 3335 2498 3389 ad
2525 3345 2713 3405 gentes
2739 3349 2861 3388 mox
2893 3342 3071 3388 essent
3111 3332 3262 3395 ituri,
3303 3345 3422 3400 qua:
3449 3347 3556 3384 nou
3594 3330 3691 3381 ba-

2116 3428 2307 3482 bentes
2347 3441 2452 3494 quo
2494 3427 2693 3480 bonum
2745 3440 2774 3477 a
2810 3424 2950 3479 malo
2988 3425 3388 3486 discernerent,
3428 3437 3590 3490 sa'pe,
3627 3420 3695 3472 ob

2117 3529 2303 3568 eorum
2330 3515 2598 3569 diversam
2629 3513 2820 3583 agendi
2864 3513 3128 3566 rationem
3161 3527 3189 3565 e
3215 3512 3429 3565 diversa
3477 3517 3694 3563 senten-

2113 3608 2186 3662 tia
2223 3616 2424 3670 ortam,
2452 3606 2726 3660 diversum
2754 3619 2968 3672 quoque
2993 3619 3112 3657 esse
3151 3603 3470 3674 mysterium
3500 3602 3565 3654 ab
3593 3599 3698 3651 illis

2113 3697 2458 3764 przedicatum
2480 3697 2904 3765 suspicarentur.
2926 3694 3038 3747 lloc
3065 3695 3440 3761 prmvidenlcs,
3459 3692 3525 3744 ab
3557 3691 3695 3743 iuvi-

2112 3801 2229 3839 cem
2267 3784 2650 3850 discesserunt,
2702 3799 2766 3838 eo
2798 3784 2955 3838 modo
3004 3783 3106 3838 rati
3138 3783 3332 3836 melius
3364 3779 3714 3849 implenduizi.

2111 3893 2232 3932 esse
2264 3877 2648 3932 ministerium.

3241 3969 3558 4038 ἀπέστησαν
3606 3967 3710 4016 ἀπ’

429 4059 672 4132 ἀλλήλων
701 4075 714 4088 ’
739 4058 912 4122 οὕτως
934 4054 992 4112 εῦ
1020 4057 1166 4129 ἔχειν
1191 4059 1476 4129 κρίναντες
1510 4060 1646 4132 πρὸς
1677 4063 1776 4132 τὴν
1805 4061 1899 4115 τοῦ
1929 4063 2090 4134 λόγου
2113 4065 2409 4120 διακονίαν.

1013 4172 1268 4228 ΚΕΦΑΛ.
1309 4173 1426 4241 ις’.

511 4309 528 4339 ι
562 4290 672 4344 Καὶ
711 4287 892 4344 λαϐὼν
926 4286 1249 4360 περιέτεμεν
1276 4287 1462 4354 αὑτὸν,
1498 4307 1517 4340 ι
1553 4305 1607 4343 κ.
1639 4307 1693 4343 τ.
1729 4292 1778 4346 λ.

503 4378 613 4448 Τὴν
645 4379 822 4432 αἰτίαν
852 4377 1021 4431 εἰπὼν
1057 4377 1126 4430 δι’
1160 4377 1231 4449 ἢν
1259 4378 1274 4418 ί
1307 4377 1599 4449 περιέτεμε.
1629 4380 1723 4434 τὸν
1746 4381 2012 4450 Τιμόθεον

2735 4179 2886 4235 CAP.
2935 4179 3076 4235 XVI.

2194 4294 2363 4352 Vens.
2396 4295 2450 4352 3.
2493 4312 2511 4347 ι
2546 4294 2610 4348 Ει
2639 4308 2921 4349 assumens
2954 4291 3294 4348 circumcidit
3341 4305 3487 4356 eum,
3526 4270 3544 4343 ἰ
3585 4301 3716 4345 etc.-.

2192 4387 2387 4442 Dieens
2420 4384 2618 4441 Paulus
2652 4398 2813 4453 quam
2845 4385 2914 4439 ob
2943 4397 3163 4438 causam
3209 4381 3556 4436 Timotheum
3584 4383 3695 4435 cir-

433 4472 460 4522 ὁ
488 4470 714 4534 Παῦλος,
739 4469 970 4539 ἐξέφυγε
989 4471 1055 4524 τά
1070 4469 1179 4524 τῶν
1200 4470 1620 4544 μεμψιμοίρωνὶ
1658 4473 1998 4545 ἐγκλήματα·

2111 4477 2391 4542 cumcidit,
2418 4475 2647 4530 crimina
2673 4476 3025 4545 querulorum
3051 4473 3266 4544 ell'ugit;
3295 4474 3461 4538 (ilius,
3495 4473 3687 4542 inquit,

446 4562 742 4628 Ἰουδαίας
766 4561 990 4629 πιστῆς
1025 4562 1132 4615 ἀπὸ
1172 4562 1443 4617 Ἰουδαίων
1487 4563 1640 4635 φησί·
1678 4565 2014 4636 σημειωτέον

435 4653 491 4705 δὲ
530 4655 610 4706 ὅτι
643 4653 896 4707 τοσοῦτον
929 4649 1068 4725 ἦσαν
1115 4653 1359 4707 Ἰουδαῖοι
1391 4654 1487 4708 τοῦ
1522 4657 1688 4727 νόμου
1733 4673 2018 4728 καταφρο-

436 4747 719 4809 νήσαντες,
757 4743 839 4795 ὃτι
873 4745 968 4796 καὶ
1005 4741 1260 4812 Ἕλλησιν
1291 4744 1609 4816 ,ἑγαμοῦντο
1631 4785 1647 4812 ,
1690 4747 1787 4800 καὶ
1825 4745 2016 4816 Ἐλλη-

439 4831 583 4895 νίδας
619 4833 880 4902 ἐγάμουν.

509 4939 528 4973 ι
580 4922 666 4985 Ὠς
699 4921 756 4974 δὲ
796 4921 1173 4992 διεπορεύοντο
1199 4924 1298 4987 τὰς
1325 4924 1527 4989 πόλεις,
1559 4926 1882 4998 παρεδίδουν
1916 4927 2015 4980 αύ-

438 5013 551 5074 τοῖς
596 5012 892 5082 φυλάσσειν
925 5013 994 5068 τὰ
1037 5013 1284 5085 δόγματα
1321 5015 1388 5069 τὰ
1434 5017 1741 5087 κεκριμένα
1775 5018 1883 5070 ὑπὸ
1914 5017 2022 5072 τῶν

443 5103 754 5160 ἀποστόλων
785 5107 876 5159 καὶ
905 5105 1292 5177 πρεσϐυτέρων
1314 5106 1423 5160 τῶν
1447 5110 1503 5161 ὲν
1543 5109 1958 5180 Ἰεροσολύμοις.
2003 5129 2020 5162 ι

507 5196 762 5266 Δόγματα
787 5198 813 5238 k
843 5197 1026 5267 λέγει,
1048 5198 1109 5251 οὐ
1139 5197 1198 5250 τὸ
1227 5196 1246 5236 ι
1284 5199 1382 5269 τῆς
1411 5199 1678 5274 ὲνσάρκου
1712 5201 2023 5269 οἰκονομίας

451 5290 753 5359 μυστήριον
779 5307 793 5323 ·
821 5291 958 5362 ὅπερ
989 5292 1280 5362 κηρύσσων
1313 5291 1494 5360 ἔλεγε·
1526 5292 1676 5358 Μηδ¹
1705 5290 1782 5344 ἂν
1829 5291 1944 5362 ἐγὼ
1985 5291 2024 5360 ἢ

447 5379 639 5445 ἄλλος
671 5399 760 5450 τις
779 5423 792 5449 ,
824 5383 862 5452 ἣ
905 5384 1157 5454 ἄγγελος
1178 5384 1247 5449 ἐξ
1271 5384 1530 5453 οὐρανοῦ
1564 5385 2025 5454 εὐαγγελίσηται

517 5559 538 5589 ⁸
570 5559 612 5614 Il
647 5559 786 5613 Tim.
827 5577 900 5625 Iv,
931 5563 986 5616 2.

525 5713 543 5752 ί
581 5713 643 5765 C.
671 5712 730 5764 (Σ.
783 5707 864 5767 οὗ.

452 5781 467 5823 ¹
507 5783 565 5838 C.
595 5783 656 5839 C.
687 5781 847 5836 οὓτω.

949 5716 971 5752 ε
1004 5713 1259 5783 ἐπιπλήξ.
1369 5711 1391 5750 ⁵
1431 5714 1490 5766 (ἶ.
1524 5715 1578 5770 C.
1665 5732 1768 5768 om.
1807 5714 1968 5783 ὁρῶν.

2075 5712 2184 5769 ⁸0.
2219 5712 2272 5767 C.
2309 5707 2392 5782 ἧς.

2124 4567 2364 4622 mulieris
2396 4567 2603 4621 ludam
2640 4565 2834 4634 ﬁdelis,
2896 4565 2947 4620 id
3003 4575 3087 4621 est
3137 4581 3204 4620 ex
3234 4563 3454 4619 Judaeis.
3493 4562 3696 4617 Obser-

2122 4659 2354 4713 vandum
2404 4667 2486 4713 est
2540 4668 2722 4712 autem
2752 4656 2964 4712 Iudaeos
3006 4657 3076 4712 ita
3119 4656 3252 4726 legis
3296 4663 3700 4725 contemptores

2119 4750 2291 4807 fuisse
2314 4750 2584 4815 factos,ut
2608 4765 2726 4805 cum
2758 4749 2959 4806 Graecis
2987 4750 3254 4805 connubia
3276 4749 3590 4820 jungerent.
3633 4801 3642 4806 _

2204 4925 2370 4982 Vsns.
2402 4926 2456 4983 4.
2499 4944 2517 4980 ι
2563 4926 2698 4982 Cum
2759 4934 2936 4980 autem
2991 4924 3385 4994 pertransirent
3430 4920 3701 4987 civitates,

2133 5017 2418 5072 tradebant
2447 5017 2528 5071 eis
2559 5015 2835 5070 custodire
2857 5015 3133 5082 dogmata,
3152 5027 3272 5082 quae
3302 5021 3460 5066 erant
3481 5011 3699 5066 decreta

2127 5109 2195 5165 ab
2226 5108 2484 5180 apostolis
2511 5117 2566 5163 et
2589 5106 2919 5178 presbyteris
2942 5106 3033 5174 qui
3059 5114 3214 5160 erant
3239 5104 3648 5173 Hierosolymis.
3678 5123 3696 5155 ι

2202 5201 2461 5270 Dogmata
2489 5201 2701 5266 dicens,
2727 5213 2831 5253 nou
2863 5199 2928 5252 l0t
2952 5199 3097 5251 uitur
3121 5197 3189 5250 de
3214 5196 3473 5265 mysterio
3508 5196 3703 5248 divinas

2127 5292 2546 5357 incarnationis,
2581 5290 2650 5346 de
2686 5305 2794 5361 quo
2848 5290 3054 5344 dixerat
3087 5307 3098 5341 :
3137 5285 3198 5342 Si
3257 5303 3369 5357 ego,
3406 5296 3499 5339 aut
3535 5287 3701 5354 quivis

2133 5385 2289 5451 alius,
2317 5395 2408 5439 aut
2444 5389 2661 5455 angelus
2687 5385 2748 5438 de
2775 5383 2904 5438 ca’lo
2944 5382 3374 5453 evangelisuverit
3399 5381 3541 5434 vobis
3568 5397 3700 5447 pra;-

2510 5712 2524 5761 l
2570 5709 2626 5765 C.
2665 5706 2725 5763 C.
2763 5709 3150 5780 μεμτᾷιμύρων.
3266 5709 3285 5750 ι
3323 5707 3383 5762 (Σ.
3415 5706 3473 5761 C.
3510 5707 3698 5775 δόγμα.
