4064 6392
360 338 495 406 1555

1525 339 1861 401 ΑΜΜΟΝΙΙ
1900 340 2430 405 ALEXANDRINI

3487 332 3622 398 1556

362 466 594 524 terquem
654 451 946 520 accepistis,
1000 467 1061 504 ne
1116 448 1424 516 credatis';
1456 451 1551 504 sed
1599 450 1839 521 loquitur
1868 451 1933 505 de

2043 454 2180 524 ὑμῖν
2206 456 2343 523 παρ’
2373 454 2406 510 ὃ
2432 452 2823 524 παρελάϐετε,
2852 447 3318 521 μεταπεισθῆτε.
3361 444 3525 499 ’Δλλὰ
3552 446 3622 497 τὰ

359 560 465 599 non
495 543 758 600 servanda
787 541 1205 596 circumcisione
1229 581 1245 606 ,
1278 550 1372 594 aut
1407 539 1530 596 aliis
1577 556 1696 609 quas
1731 542 1783 593 in
1823 541 1938 612 lege

358 644 538 699 erant,
577 644 632 690 et
665 650 696 689 e
735 643 923 690 contra
957 633 1022 686 de
1057 631 1385 686 abstinentia
1429 633 1496 684 ab
1534 631 1870 702 idolothytis,
1907 649 1934 686 a

357 728 643 797 sanguine,
686 741 717 780 a
745 723 1021 779 suffocatis
1046 731 1103 778 et
1153 737 1182 776 a
1220 721 1608 789 fornicatione;
1645 723 1760 777 haec
1792 723 1936 778 enim

359 818 574 872 fuerant
616 817 728 870 visa
785 815 1016 885 Spiritui
1040 823 1232 870 sancto
1258 823 1314 868 et
1345 815 1561 868 decreta
1590 829 1619 868 a
1657 815 1938 884 discipulis

359 911 448 978 qtti
485 919 640 963 erant
667 907 1148 977 Hierosolymis,et
1177 907 1519 972 confirmata,
1552 915 1608 961 et
1631 908 1862 973 sancita,
1885 917 1941 963 et

359 1002 427 1055 ab
453 1001 812 1056 Antiochenis
843 1009 1081 1070 recepta.

428 1177 598 1236 Vens.
627 1179 684 1245 7,
715 1180 768 1234 8.
807 1196 824 1229 ι
854 1179 918 1233 Ει
945 1193 1050 1233 non
1091 1178 1342 1248 permisit
1385 1191 1480 1233 eos
1520 1174 1757 1246 Spiritus
1786 1175 1938 1233 Jesn.

360 1269 498 1324 Cum
540 1281 721 1324 antem
757 1269 1184 1338 pertransissent
1225 1268 1496 1341 Mysiam,
1545 1267 1944 1324 descenderunt

362 1360 651 1416 Troadem.
694 1379 714 1414 ›
929 1357 932 1360 ’

433 1450 740 1506 Notandum
770 1461 854 1506 est
882 1451 1016 1506 nihil
1047 1466 1114 1507 ex
1149 1451 1372 1520 proprio
1402 1465 1563 1507 sensu
1599 1451 1795 1508 fecisse
1815 1466 1946 1522 apo-

361 1543 548 1609 stolos,
583 1545 676 1598 sed
707 1542 942 1613 Spiritus
974 1543 1152 1598 sancti
1194 1542 1427 1613 impulsu
1469 1542 1665 1599 fecisse
1715 1551 1809 1597 aut
1838 1557 1944 1598 non

256 1626 269 1635 ’
363 1632 576 1688 fecisse.
612 1631 802 1702 Itaque
832 1650 936 1688 non
958 1633 1076 1688 sine
1103 1633 1346 1702 periculo
1377 1633 1777 1703 vituperaretur
1803 1633 1944 1703 quod

2041 549 2300 621 περὶτοῦ
2349 547 2424 619 μὴ
2454 544 2819 616 φυλάττεσθαι
2865 543 2965 612 τὴν
3003 538 3332 610 περιτομὴν,
3379 538 3475 590 καὶ
3521 537 3624 589 ὅσα

2038 643 2251 705 τούτοις
2274 642 2455 711 ὃμοια,
2477 639 2512 693 ἃ.
2545 641 2604 694 ἐν
2633 636 2711 708 τῷ
2739 637 2890 706 νόμῳ
2916 629 2986 704 ἦν
3005 649 3018 663 ·
3055 629 3191 685 ἀλλὰ
3223 631 3282 682 τὸ
3318 627 3623 698 ἀπέχεσθαι

2039 731 2428 794 εἰδωλοθύτων,
2465 729 2556 783 καὶ
2604 727 2840 798 αἵματος
2865 764 2880 788 ,
2916 721 3012 776 καὶ
3043 718 3272 773 πνικτοῦ
3297 759 3311 783 ,
3360 718 3458 771 καὶ
3486 733 3624 786 πορ-

2040 825 2210 886 νείας·
2234 821 2405 875 ταῦτα
2433 821 2541 891 γὰρ
2569 815 2637 890 ἦν
2665 818 2896 884 δόξαντα
2925 813 3001 884 τῷ
3025 811 3166 882 ἁγίῳ
3195 808 3500 879 Πνεύματι,
3529 806 3626 860 καὶ

2042 914 2404 969 θεσπισθέντα
2423 913 2511 966 διὰ
2534 912 2643 964 τῶν
2675 912 2734 964 ὲν
2782 904 3184 980 Ἰεροσολύμοις
3216 898 3499 972 μαθητῶν,
3529 900 3626 950 καὶ

2045 1005 2434 1077 βεϐαιωθέντα,
2467 1005 2562 1058 καὶ
2593 999 2987 1074 κραωνθέντα,
3020 998 3116 1050 καὶ
3166 992 3428 1065 δεχθέντα
3475 989 3562 1044 διὰ
3583 999 3625 1027 ω

2041 1101 2150 1153 τῶν
2182 1101 2239 1153 ὲν
2288 1099 2614 1194 Ἀντιοχέα.

2120 1211 2139 1244 ι
2171 1191 2280 1244 Καὶ
2311 1190 2411 1244 οὐκ
2443 1177 2624 1242 εῐᾶῗςὲν
2657 1185 2853 1248 αὐτοὺς
2891 1183 2952 1236 τὸ
2984 1181 3212 1250 Πνεῦμα
3238 1177 3415 1246 Ἰησοῦ
3439 1193 3454 1208 ο
3483 1191 3628 1244 παρ-

2043 1284 2288 1346 ελθόντες
2317 1281 2376 1336 δὲ
2405 1280 2503 1352 τήν
2549 1277 2790 1343 Μυσίαν,
2850 1275 3166 1346 κατέδησαν
3197 1274 3277 1335 είς
3309 1266 3566 1339 Τρωάδα.
3601 1283 3620 1317 ι

2115 1460 2458 1532 Σημειωτέον
2497 1459 2581 1512 ὅτι
2619 1456 2772 1510 οὐδὲν
2820 1453 3037 1508 ὲποίουν
3082 1451 3191 1520 ίδίᾳ
3224 1445 3488 1516 αὑθεντίᾳ
3517 1453 3542 1482 ﬂ
3573 1443 3626 1496 οί

2046 1553 2364 1609 ἀπόστολοι·
2399 1551 2536 1606 ἀλλὰ
2568 1550 2748 1604 πάντα
2777 1547 2814 1603 ἃ.
2845 1546 3086 1608 ἐποίουν,
3107 1541 3216 1596 ὑπὸ
3247 1539 3344 1594 τοῦ
3374 1537 3630 1606 Πνεύμαο

2046 1663 2137 1709 τος
2163 1644 2476 1714 νυττόμενοι
2504 1641 2746 1706 ἐποίουν,
2781 1639 2814 1708 ἦ
2845 1639 2944 1691 οὐκ
2967 1635 3206 1689 ἐποίουν·
3234 1632 3376 1685 ὥστε
3403 1629 3496 1683 οῦν
3523 1628 3626 1681 οὐκ

363 1721 432 1776 ab
459 1723 725 1790 apostolis
765 1723 1048 1794 agebatur,
1083 1739 1256 1793 neque
1286 1734 1492 1778 temere
1522 1723 1938 1794 investigaretnt

2047 1711 2334 1789 ἀκίνδυνον
2380 1730 2696 1803 μέμφεσθαι
2740 1729 2811 1782 τὰ
2839 1728 2945 1781 ὑπὸ
2985 1726 3094 1779 τῶν
3127 1711 3440 1777 ἀποστόλων
3473 1718 3626 1787 γινό-

361 1814 504 1880 σιυοει
540 1828 571 1867 ³
612 1822 808 1868 sane“)
851 1813 1058 1884 simil“
1107 1814 1552 1884 Ρτωοίβίθδίλῑυτῖ
1606 1828 1942 1883 ηειιιιθίιιιθηι
1977 1803 2018 1858 Β
2049 1845 2206 1897 μενα,
2244 1827 2278 1898 ἢ
2311 1823 2791 1894 πολυπραγμονεῖν
2813 1822 2882 1874 τὰ
2907 1819 3013 1872 ὑπὸ
3040 1817 3133 1870 τοῦ
3166 1816 3487 1884 Πνεύματος
3508 1811 3628 1864 διαο

363 1904 531 1972 igitur
551 1914 636 1958 est
664 1905 1047 1974 inquirendum
1079 1922 1175 1959 cur
1217 1905 1456 1976 Spiritus
1482 1905 1652 1960 Paulo
1682 1920 1786 1960 non
1821 1920 1943 1976 per-

361 1994 576 2050 miserit
606 1995 659 2050 in
686 1995 817 2050 Asia
850 1997 1164 2065 pranlieare.

423 2085 592 2142 Vens.
624 2089 679 2143 9.
721 2108 739 2140 ι
773 2089 838 2142 Ει
866 2089 1002 2143 visio
1030 2104 1127 2158 per
1158 2098 1370 2144 noctem
1399 2089 1566 2146 Paulo
1593 2098 1810 2146 ostensa
1837 2100 1939 2147 est.

359 2177 460 2233 Vir
489 2179 710 2235 Macedo
743 2180 963 2250 quidam
993 2189 1111 2234 erat
1137 2191 1310 2245 stans,
1332 2193 1387 2236 et
1415 2181 1714 2250 deprecans
1742 2199 1865 2238 eum
1888 2193 1943 2240 et

357 2269 544 2324 dicens
586 2281 602 2322 :
641 2268 940 2324 Transiens
963 2269 1016 2323 in
1048 2269 1454 2337 Macedoniam,
1480 2271 1675 2340 adjuva
1708 2290 1828 2329 nos.
1869 2294 1886 2326 ι

427 2359 542 2415 Non
563 2361 675 2430 jam
701 2377 796 2430 per
817 2361 1092 2431 angelum,
1126 2370 1185 2416 ut
1216 2362 1520 2433 Philippus,
1549 2374 1609 2420 ut
1631 2365 1940 2431 Cornelius,

356 2461 609 2506 monetur
643 2468 656 2505 :
687 2451 784 2507 sed
822 2453 992 2522 quid?
1039 2453 1092 2506 in
1142 2453 1356 2509 visione
1393 2466 1619 2524 apparet
1651 2457 1700 2509 ei
1739 2457 1940 2526 aliquid

356 2540 603 2607 humani,
646 2556 752 2596 non
780 2543 894 2610 jam
924 2543 1137 2597 divini:
1179 2544 1267 2597 ubi
1301 2545 1445 2599 enim
1497 2545 1654 2600 facile
1691 2555 1775 2601 est
1822 2562 1943 2616 per-

350 2631 609 2698 suadere,
669 2634 1004 2700 humanum;
1045 2635 1137 2688 ubi
1191 2645 1370 2690 autem
1405 2652 1508 2690 non
1552 2636 1652 2690 nisi
1698 2652 1793 2706 per
1836 2638 1940 2692 vim

353 2723 610 2791 multam,
633 2725 879 2781 divinum
915 2744 930 2781 ε
965 2728 1222 2797 quoniam
1264 2743 1393 2797 ergo
1444 2730 1512 2783 ad
1540 2730 1940 2798 praedicandum

353 2816 665 2872 incitandus
699 2829 883 2883 esset,
917 2819 1191 2873 somnium
1243 2819 1294 2874 ei
1347 2821 1724 2876 tantummodo
1772 2821 1942 2876 mitti-

353 2915 482 2973 tur;
516 2922 624 2961 non
658 2907 804 2962 enim
829 2909 1129 2978 praedicare
1180 2925 1288 2964 non
1329 2910 1572 2973 tulisset;
1610 2910 1662 2964 in
1709 2925 1830 2965 eum
1875 2910 1938 2965 fl-

352 3013 475 3052 nem
501 3001 702 3054 revelat
728 2998 962 3070 Spiritus
999 3011 1246 3067 sanctus,
1288 3003 1431 3056 sicut
1485 3011 1538 3056 et
1571 3001 1698 3056 alibi
1731 3003 1800 3056 ad
1835 3003 1938 3058 Pc-

352 3101 496 3145 trum
531 3090 824 3162 :Pergens,
855 3093 1050 3163 inquit,
1079 3093 1332 3149 descende
1356 3095 1375 3126 ⁷
1406 3111 1421 3150 :
1457 3094 1632 3149 facilia
1663 3095 1806 3149 enim
1834 3111 1941 3151 non

352 3184 591 3239 faciebat
619 3182 879 3255 Spiritus,
922 3185 1019 3240 sed
1055 3186 1188 3240 satis
1214 3195 1334 3240 erat
1363 3186 1654 3241 somnium.
1677 3185 1944 3253 Quaecun-

354 3291 462 3343 que
492 3277 705 3332 somnia
732 3276 1026 3332 utilitatem
1061 3285 1115 3332 et
1137 3279 1395 3347 pietatem
1421 3294 1528 3348 pra:
1559 3293 1619 3333 se
1649 3278 1851 3343 ferunt,
1877 3279 1945 3336 iis

356 3383 552 3437 parere
572 3378 823 3439 oportet;
845 3369 1142 3426 illiusmodi
1162 3371 1306 3425 enim
1331 3380 1542 3426 tantum
1573 3371 1628 3426 in
1656 3371 1941 3442 Scriptura

359 3456 695 3514 referuntur.

426 3547 714 3605 Vens.H.
750 3569 768 3603 ι
805 3547 1134 3622 Navigantes
1179 3560 1360 3608 autem
1412 3568 1442 3606 a
1489 3552 1736 3620 Troade,
1791 3563 1942 3611 recto

355 3657 519 3698 θυι-ευ
547 3643 798 3698 venimus
830 3643 1298 3706 Samothraciam.
1319 3655 1376 3701 ct
1401 3645 1652 3716 sequenti
1683 3646 1772 3702 die
1797 3644 1941 3702 Nea-

352 3735 539 3805 polim.
582 3754 602 3789 ι

424 3826 559 3880 Cum
591 3826 763 3882 Paulo
795 3828 846 3884 in
888 3829 1143 3885 omnibus
1191 3829 1302 3885 illis
1339 3827 1655 3884 civitatibus
1683 3843 1788 3885 una
1822 3839 1943 3885 erat

353 3918 568 3974 Lucas:
602 3920 870 3991 siquidem
897 3923 1136 3991 seipsum
1160 3919 1578 3990 comprehendit
1608 3936 1731 3976 cum
1763 3921 1896 3978 dicit
1923 3938 1938 3975 :

356 4011 731 4082 Qumivimus,
767 4025 906 4068 reclo
923 4031 1084 4069 cursu
1110 4015 1364 4068 venimus.

429 4191 590 4248 Vens.
620 4194 707 4250 l5.
753 4213 772 4248 ι
812 4195 908 4251 Die
959 4205 1140 4252 autem
1191 4196 1553 4253 Sabbatorum
1589 4195 1794 4266 egressi
1846 4210 1940 4249 su-

354 4299 474 4339 mus
505 4285 649 4342 foras
683 4287 870 4342 urbem
905 4287 1058 4359 juxta
1094 4288 1321 4353 ﬂumen,
1367 4289 1459 4343 ubi
1493 4287 1780 4341 videbatur
1811 4300 1940 4340 ora-

357 4378 430 4428 tio
467 4390 610 4431 esse.
643 4395 663 4428 ι

2043 1920 2362 1991 τυπούμενα
2379 1936 2392 1950 ο
2409 1919 2468 1972 οὐ
2491 1917 2572 1970 δεῖ
2594 1910 2688 1969 οῦν
2715 1913 2920 1985 ζητεῖν,
2939 1910 3083 1966 διατί
3101 1909 3210 1979 ἄρα
3228 1907 3330 1960 ούκ
3355 1901 3628 1974 ἐπέτρεψε

2044 2015 2104 2068 τὸ
2133 2011 2361 2082 Πνεῦμα
2386 2010 2465 2080 τῷ
2494 2007 2696 2076 Παύλῳ
2727 2003 2965 2075 κηρύξαι
2997 2004 3054 2056 ὲν
3097 2001 3271 2071 Ἀσίᾳ.

2123 2124 2140 2157 ι
2180 2105 2291 2159 Καὶ
2317 2103 2502 2174 ὅραμα
2531 2100 2621 2154 διὰ
2662 2097 2860 2160 νυκτὸς
2889 2095 3045 2165 ὤφθη
3092 2093 3172 2164 τῷ
3218 2089 3439 2160 Παύλῳ·
3489 2086 3632 2159 ἀνὴρ

2045 2196 2311 2252 Μακεδών
2340 2212 2425 2257 τις
2452 2189 2521 2266 ἦν
2577 2190 2749 2254 ἑστὼς
2773 2231 2787 2253 ,
2826 2189 2921 2242 καὶ
2956 2184 3293 2256 παρακαλῶν
3342 2180 3505 2235 αὐτὸν
3537 2180 3633 2235 καὶ

2045 2289 2219 2356 λέγων
2253 2303 2266 2316 ο
2299 2283 2501 2345 Διαϐὰς
2529 2284 2608 2343 είς
2639 2278 2999 2338 Μακεδονίαν,
3036 2273 3305 2345 βοήθησον
3332 2274 3520 2342 ήμίν.ι

2116 2371 2318 2426 Οὐκέτι
2351 2369 2464 2440 (15)
2499 2369 2565 2421 δι’
2587 2369 2823 2436 ἀγγέλου
2852 2365 3104 2434 καθάπερ
3137 2363 3426 2426 Φίλιππος,
3459 2359 3633 2412 καθά-

2047 2479 2151 2533 περ
2181 2460 2496 2531 Κορνήλιος·
2529 2457 2662 2510 ἀλλὰ
2696 2455 2779 2522 τί;
2805 2455 2871 2508 δι’
2899 2454 3176 2524 ὁράματος
3202 2451 3455 2520 φαίνεται
3485 2446 3632 2518 αὐτῷ

2045 2554 2232 2607 λοιπὸν
2263 2548 2772 2622 ἀνθρωπινώτερον,
2801 2545 2989 2600 οὐκέτι
3019 2543 3294 2612 θειότερον
3316 2557 3330 2571 ο
3360 2537 3490 2592 ενθα
3522 2537 3632 2607 γὰρ

2046 2645 2267 2700 εὔκολον
2335 2643 2396 2696 τὸ
2449 2640 2761 2710 πεισθῆναι,
2819 2634 3358 2706 ἀνθρωπινώτερονο
3396 2629 3524 2684 ἔνθα
3572 2628 3632 2682 δὲ

2046 2738 2213 2809 πολλῇ
2248 2736 2360 2807 βίᾳ,
2386 2733 2679 2803 θειότερον·
2713 2729 2900 2800 ἐπειδὴ
2927 2729 3036 2798 γὰρ
3067 2726 3308 2796 κηρύξαι
3342 2724 3442 2795 μὲν
3513 2721 3632 2773 πείο

2046 2848 2192 2901 γετο,
2222 2829 2382 2900 μόνον
2406 2829 2484 2890 είς
2523 2825 2684 2879 τοῦτο
2712 2823 2844 2892 ὄναρ
2873 2821 3124 2889 φαίνεται
3153 2817 3323 2887 αὐτῷ·
3358 2816 3431 2886 μὴ
3457 2812 3632 2885 κηρύ-

2046 2922 2134 2989 ξαι
2151 2922 2206 2974 δὲ
2229 2921 2327 2973 οὐκ
2355 2918 2420 2973 ἂν
2445 2917 2705 2988 ἠνέσχετο
2727 2931 2739 2945 ο
2773 2914 2854 2974 είς
2876 2910 3036 2964 τοῦτο
3068 2909 3292 2978 Πνεῦμα
3311 2907 3468 2973 ἆγιον
3499 2905 3632 2957 ἀποο
3683 2907 3686 2911 ’

2046 3013 2342 3068 καλύπτει·
2373 3010 2516 3063 οῦτω
2545 3008 2642 3061 καὶ
2671 3007 2788 3058 ἐκεῖ
2820 3004 2898 3074 τῷ
2927 3003 3140 3073 Πέτρῳ,
3187 2997 3486 3062 Ἀναστὰς
3520 3012 3629 3050 κα-

2047 3105 2285 3173 τάϐηθι·
2317 3102 2380 3155 οὐ
2411 3099 2521 3170 γὰρ
2548 3099 2613 3169 δὴ
2644 3096 2739 3150 καὶ
2769 3096 2840 3149 τὰ
2869 3093 3068 3146 εῦκολα
3096 3093 3158 3144 τὸ
3184 3089 3414 3158 Πνεῦμα
3443 3087 3633 3158 είργά-

2049 3197 2192 3262 ζετο,
2232 3193 2348 3247 ἀλλ’
2373 3193 2536 3263 ήρκει
2569 3190 2665 3243 καὶ
2698 3189 2854 3259 ὄναρ.

2121 3287 2263 3339 Ὅσα
2313 3284 2432 3362 ἐστὶ
2490 3279 2798 3348 κοινωφελῆ
2858 3276 3113 3348 ὁράματα
3165 3273 3262 3328 καὶ
3316 3269 3631 3332 θεοσεϐείας

2047 3378 2307 3449 ἐχόμενα,
2330 3375 2540 3438 τούτοις
2571 3373 2654 3426 δεῖ
2679 3371 3000 3441 πειθαρχεῖν
3029 3385 3044 3400 ’
3074 3365 3249 3421 ταῦτα
3274 3365 3385 3436 γὰρ
3413 3365 3507 3418 καὶ
3532 3364 3631 3416 ἀν·

2046 3473 2367 3542 εγράφησαν
2395 3468 2532 3538 μόνα
2565 3466 2622 3518 ὲν
2652 3467 2717 3535 τῇ
2743 3463 2958 3534 Γραφῇ.

2122 3579 2140 3612 ι
2200 3558 2554 3627 Ἀναχθέντες
2574 3550 2668 3608 οῦν
2698 3552 2807 3606 ἀπὸ
2829 3551 3104 3622 Τρωάδος,
3137 3546 3633 3617 εὐθυδρομήσαμεν

2045 3655 2126 3717 είς
2151 3651 2536 3724 Σαμοθρᾴκην,
2573 3650 2641 3720 τῇ
2671 3646 2728 3700 δὲ
2759 3643 2990 3715 ἐπιούσῃ
3021 3645 3100 3707 είς
3128 3639 3424 3695 Νεάπολιν.
3463 3657 3482 3690 ι

2117 3828 2462 3902 Σημειωτέον
2490 3828 2574 3882 ὅτι
2608 3827 2707 3880 σὺν
2738 3826 2816 3897 τῷ
2851 3824 3050 3894 Παύλῳ
3077 3818 3144 3894 ἦν
3185 3822 3242 3874 ὲν
3272 3823 3392 3884 ταῖς
3437 3820 3630 3873 πόλεσι

2042 3922 2270 3986 ταύταις
2304 3925 2334 3976 ὁ
2365 3922 2584 3985 Λουκᾶς
2611 3937 2624 3951 ·
2647 3918 2723 3983 ὡς
2754 3919 2816 3983 ἐξ
2844 3912 2918 3972 ὧν
2953 3917 3050 3971 καὶ
3085 3914 3146 3968 τὸ
3177 3916 3472 3986 πρόσωπον
3502 3915 3632 3966 ἐαυ-

2041 4013 2138 4068 τοῦ
2176 4012 2709 4085 συμπεριλαμὸάνει,
2741 4010 2918 4078 λέγων
2940 4027 2951 4040 ·
3001 4007 3424 4076 Ἑζητήσαμεν,
3453 4005 3630 4059 εὐθυ-

2043 4104 2453 4174 δρομήσαμεν.

2122 4213 2141 4246 ι
2175 4196 2256 4266 Τῇ
2290 4213 2350 4248 τε
2378 4194 2563 4267 ἡμέρᾳ
2591 4192 2701 4246 τῶν
2733 4191 3031 4247 Σαϐϐάτων
3059 4190 3358 4262 ἐξήλθομεν
3392 4188 3496 4254 ἔξω
3527 4189 3627 4258 τῆς

2045 4285 2256 4349 πόλεως
2300 4285 2452 4355 παρὰ
2500 4281 2770 4352 ποταμὸν,
2820 4272 2882 4333 οὗ
2944 4280 3226 4349 ἐνομίζετο
3283 4277 3564 4350 προσευχὴ
3600 4286 3627 4314 ο

2043 4370 2203 4430 εἶναι.
2236 4395 2254 4428 ι

423 4465 591 4521 Juxta
619 4468 815 4537 ﬂamen
846 4469 936 4524 ubi
965 4470 1244 4525 videbatur
1277 4469 1448 4522 oratio
1487 4482 1618 4521 esse.
1665 4465 1805 4532 Quia
1831 4481 1933 4520 non

2111 4466 2276 4535 Παρὰ
2305 4464 2572 4534 ποταμὸν
2595 4455 2666 4517 οὗ
2698 4459 2992 4529 ἐνομίζετο
3048 4459 3362 4530 προσευχῆ
3407 4459 3524 4532 (sic)
3553 4455 3628 4512 εἶ-

354 4563 474 4608 crat
501 4556 571 4610 ibi
602 4572 874 4628 synagoga
905 4570 1124 4629 propter
1147 4558 1500 4628 paucitatem,
1525 4553 1679 4623 juxta
1713 4553 1936 4622 ﬂumen,

358 4657 512 4704 extra
540 4649 751 4719 urbem,
783 4651 921 4708 clam
950 4653 1021 4724 pii
1054 4647 1549 4720 congregabantur.

433 4824 600 4882 Vens.
636 4826 722 4882 Η.
757 4847 775 4880 ι
806 4827 872 4883 Ει
921 4827 1167 4896 qnmdam
1217 4821 1414 4875 mulier
1469 4823 1696 4876 nomine
1749 4822 1935 4893 Lydia,

361 4917 686 4984 pnrpuraria
730 4917 970 4973 civitatis
1018 4911 1497 4984 Thyatirenorum,
1529 4913 1714 4966 colens
1745 4910 1935 4980 Deum,

364 5005 589 5059 audivit.
631 5027 649 5059 ι

438 5095 741 5152 Notandum
785 5093 1093 5166 praecedere
1145 5091 1464 5147 catecheses
1491 5136 1504 5158 ,
1547 5100 1621 5157 et,
1656 5105 1940 5164 postquam

370 5186 642 5241 auditores
673 5187 898 5240 verbum
938 5182 1269 5251 receperint,
1294 5181 1548 5253 subsequi
1583 5184 1937 5253 baptismum.

433 5341 454 5372 ⁸
476 5338 653 5395 Galat.
685 5354 724 5403 ι,
751 5337 804 5391 8.
881 5338 901 5369 ⁷
933 5335 1053 5390 Act.
1084 5353 1139 5401 χ,
1171 5334 1264 5390 20.

2043 4573 2159 4609 ναι·
2191 4555 2392 4626 μᾶλλον
2416 4554 2489 4623 μὴ
2513 4550 2680 4621 οὔσης
2700 4553 2815 4604 ἐκεῖ
2837 4551 3160 4621 συναγωγῆς
3181 4551 3269 4605 διὰ
3285 4552 3346 4604 τὸ
3377 4551 3623 4614 σπάνιον,

2044 4649 2197 4719 παρὰ
2222 4648 2314 4702 τὸν
2345 4643 2592 4714 ποταμὸν
2622 4643 2727 4708 ἔξω
2750 4644 2850 4714 τῆς
2885 4642 3091 4707 πόλεως
3121 4643 3297 4714 λάθρα
3327 4643 3627 4714 συνήγοντο

2041 4742 2089 4792 οἱ
2128 4739 2291 4810 δῆθεν
2325 4735 2624 4798 θεοσεϐεῖς.

2119 4848 2137 4881 ‹
2174 4827 2281 4881 Καί
2307 4845 2391 4890 τις
2421 4826 2560 4896 γυνὴ
2589 4825 2815 4896 ὀνόματι
2842 4825 3034 4890 Λυδία,
3068 4824 3492 4896 πορφυρόπωλις
3522 4824 3623 4878 πό-

2040 4923 2177 4986 λεως
2208 4921 2546 4992 Θυατείρων,
2584 4919 2853 4990 σεδομένη
2885 4920 2977 4974 τὸν
3015 4919 3169 4983 Θεὸν,
3205 4920 3420 4990 ήκουεν.
3459 4937 3477 4970 ι

2111 5094 2460 5163 Σημειωτέον
2492 5095 2576 5148 ὅτι
2605 5093 2686 5146 δεῖ
2717 5094 2934 5164 πρῶτον
2976 5093 3072 5157 τὰς
3105 5094 3435 5164 κατηχήσεις
3469 5093 3619 5162 γίνεο

2042 5187 2163 5239 σθαι
2197 5187 2295 5241 κα)⁸
2321 5189 2449 5243 ὅταν
2480 5187 2740 5254 δέξωνται
2765 5187 2856 5240 τὸν
2882 5186 3036 5256 λόγον
3061 5186 3109 5240 οί
3139 5187 3431 5251 ἀκούοντες
3454 5227 3467 5250 ,
3497 5187 3619 5240 τότε

450 5499 492 5534 ω
519 5493 754 5565 κρατυθ.
789 5491 883 5545 καὶ
914 5490 1063 5562 δεχθ.
1097 5492 1186 5546 διὰ
1212 5493 1335 5548 add.
1365 5509 1472 5549 rec.
1515 5510 1595 5548 tn.
1664 5502 1692 5530 η
1723 5494 1763 5550 C
1813 5492 1874 5550 C.
1910 5512 1938 5547 α

2046 5497 2218 5566 ντείᾳ.
2292 5505 2313 5529 ⁸
2337 5495 2472 5553 Cod.
2511 5501 2814 5571 προσευχῇ

434 5645 1062 5724 (15)Cot_l.(_3_oisl_.__f_l‘oﬁ
1092 5649 1195 5721 Χρ.
1227 5649 1438 5706 Revera
1509 5649 1618 5704 haec
1646 5650 1832 5718 paucis
1899 5651 2115 5706 mutatis
2159 5652 2335 5722 legere
2383 5661 2466 5708 est
2537 5651 2820 5724 Chrysost.
2873 5655 3058 5710 homil.
3120 5658 3170 5710 in
3239 5659 3370 5711 Acta
3430 5669 3616 5721 xxxiv,

368 5728 565 5774 nostra:
596 5720 726 5776 edit.
758 5717 851 5783 IX,
877 5717 1004 5773 250.
