4064 6452
431 342 578 409 1557

1353 357 1813 421 FRAGMENTA
1861 363 1943 421 1N
1984 364 2167 424 ACTA
2212 365 2787 427 APOSTOLORUM.

3553 365 3692 433 1558

424 468 722 540 ἐπιφέρειν
768 471 863 526 καὶ
911 473 973 526 τὸ
1003 473 1305 547 βάπτισμα.
1352 479 1417 530 ΕΞ
1460 478 1519 531 δέ
1564 495 1652 542 τις
1689 480 2005 551 τολμήσειεν

2119 481 2223 535 Sed
2256 483 2298 535 si
2331 485 2453 552 quis
2487 485 2683 537 audeat
2733 483 2953 538 dicere:
3003 481 3144 537 Ecce
3195 497 3356 552 quem
3407 483 3520 539 vult
3551 484 3692 540 Deus

423 564 634 626 εἰπεῖν,
673 565 756 618 ὃτι
797 563 927 619 Ἰδοὺ
949 566 1007 619 ὃν
1044 568 1292 636 βούλεται
1334 572 1364 622 6
1408 569 1540 633 Θεὸς
1578 571 1777 636 σώζει·
1806 571 1864 625 ὃν
1908 571 2016 643 γὰρ

425 650 778 706 θέλειὲλεεί·
811 657 904 709 καὶ
932 652 994 711 οῦ
1024 657 1206 723 θέλει,
1234 660 1498 729 διανοίγει
1531 661 1629 728 τὴν
1665 662 1913 732 καρδίαν·
1942 662 2018 725 ὼς

424 740 618 811 ζητῶν
646 744 796 814 αύτῷ
821 745 920 817 τὴν
942 749 1123 802 αἰτίαν
1153 752 1420 820 περιάψαι
1448 751 1539 804 τοῦ
1569 750 1838 816 σώζεσθαι
1871 753 2016 822 ἡμᾶς

425 829 462 900 ἢ
504 830 580 902 μὴ
617 832 916 896 σώζεσθαι·
951 837 1038 890 ἵνα
1073 838 1249 893 αἴτιον
1277 836 1419 894 εἶναι
1443 840 1537 893 τὸν
1568 840 1704 893 Θεὸν
1746 842 2012 912 φήσωσιν.

426 919 581 992 Ὅρα
609 923 738 994 γὰρ,
771 926 927 994 φησὶ,
960 927 1078 992 πῶς
1106 929 1342 1000 διήνοιξε
1374 931 1474 1001 τὴν
1509 931 1740 1001 καρδίαν
1772 932 1872 1001 τῆς
1901 933 2014 985 Λυ-

422 1011 555 1077 δίας
578 1029 592 1043 ·
622 1016 759 1085 πρὸς
795 1015 855 1070 δν
887 1019 968 1071 δεῖ
991 1021 1165 1073 είπείν
1187 1038 1201 1052 ·
1243 1022 1553 1091 Ἐρευνᾶτε
1587 1023 1696 1089 τὰς
1727 1024 1975 1093 Γραφάς
1997 1041 2012 1056 ⁸

420 1111 455 1163 6
487 1109 601 1181 γὰρ
640 1111 713 1181 μὴ
747 1114 984 1184 ἐρευνῶν
1013 1115 1111 1186 οὐχ
1150 1117 1397 1188 εὑρίσκει
1435 1119 1498 1172 τὸ
1541 1118 1901 1188 ζητούμενον.
1951 1121 2015 1173 Τί

418 1197 526 1256 οῦν
549 1220 734 1274 φαμεν
756 1205 894 1259 Θεοῦ
919 1208 1123 1280 χάριτι,
1155 1209 1184 1263 ὃ
1206 1211 1299 1264 ἐπὶ
1327 1211 1423 1264 τοῦ
1448 1213 1753 1282 Κορνηλίου
1782 1211 1974 1283 ἐλέχθη
1997 1229 2013 1278 ;

417 1295 513 1346 ὄτι
537 1295 775 1360 ἐκείνοις
806 1298 1014 1366 ἀνοίγει
1045 1299 1218 1370 θύραν
1248 1304 1275 1355 6
1304 1301 1438 1366 Θεὸς
1475 1303 1587 1365 τοῖς
1615 1302 1889 1365 θεοσεϐῶς
1917 1305 2014 1372 μὲν

418 1383 587 1451 ζῶσι,
621 1385 997 1459 πλανωμένοις
1039 1392 1096 1446 δὲ
1133 1394 1264 1464 περὶ
1294 1393 1392 1466 τὴν
1424 1395 1631 1461 πίστιν,
1657 1395 1748 1449 διὰ
1777 1396 1880 1465 τὴν
1912 1414 2016 1450 πα-

415 1479 839 1550 τροπαράδοτον
859 1485 1226 1538 κακοπιστίαν
1243 1500 1257 1515 ·
1295 1487 1404 1540 ἰδοὺ
1436 1486 1547 1560 γὰρ
1569 1488 1664 1541 καὶ
1693 1487 1832 1557 αὐτὴ
1859 1487 2014 1540 ἔσεδε

419 1568 531 1637 μὲν
544 1569 634 1624 τὸν
655 1570 808 1636 Θεὸν,
829 1575 1015 1644 ήγνόει
1035 1575 1092 1628 δὲ
1120 1576 1181 1631 τὸ
1202 1579 1317 1641 πῶς
1334 1580 1416 1632 δεῖ
1431 1581 1694 1650 σωθῆναι,
1713 1581 1850 1650 ὅπερ
1874 1583 2010 1653 αὐτῇ

411 1660 446 1711 6
485 1660 700 1730 Κύριος
727 1664 1086 1737 ἀνεπλήρωσε
1122 1668 1212 1722 διὰ
1243 1670 1346 1740 τῆς
1379 1670 1614 1740 ἀληθοῦς
1639 1673 2010 1735 διδασκαλίας·

2119 573 2326 628 salvum
2381 573 2539 639 facit;
2577 574 2734 644 cujus
2767 573 2910 627 enim
2939 574 3051 627 vult
3110 576 3419 642 miseretur,
3453 584 3508 631 et
3539 577 3693 645 cujus

2119 661 2235 715 vult
2261 677 2356 716 cor
2382 663 2551 731 aperit
2577 681 2592 729 ;
2644 663 2772 732 quia
2803 664 2858 717 in
2888 664 3054 718 Deum
3085 679 3307 718 causam
3340 665 3456 720 vult
3490 664 3697 719 referre

2118 767 2216 805 cur
2237 752 2508 806 salvemur
2529 749 2622 806 aut
2646 769 2750 808 non
2779 753 3084 820 salvemur;
3111 755 3152 808 si
3191 756 3256 807 ad
3317 755 3368 809 id
3408 755 3698 824 perﬁcien-

2117 844 2244 896 dum
2277 845 2462 898 dicat:
2505 845 2639 899 Vide
2683 843 2954 913 quomodo
3009 859 3107 898 cor
3156 843 3340 914 Lydia:
3380 847 3694 913 aperuerit;

2121 933 2191 987 illi
2246 934 2679 1002 respondendum
2721 948 2736 986 :
2796 933 3126 990 Scrutantini
3160 933 3468 1003 Scriptura:
3495 937 3554 1002 ';
3602 936 3695 1006 qui

2115 1025 2258 1078 enim
2297 1040 2402 1080 non
2452 1035 2748 1090 scrutatur,
2793 1028 3078 1096 quzesitum
3129 1041 3234 1083 non
3288 1027 3513 1083 invenit.
3545 1028 3695 1095 Quo-

2120 1116 2276 1169 modo
2311 1115 2475 1182 igitur
2504 1114 2598 1169 Dei
2629 1117 2817 1184 gratiae
2861 1115 3152 1170 tribuimus
3174 1115 3320 1185 quod
3352 1117 3417 1170 de
3441 1116 3695 1172 Cornelio

2117 1206 2314 1258 dicitur
2333 1206 2355 1259 ?
2372 1205 2508 1271 Quia
2536 1206 2676 1260 Deus
2699 1216 2911 1276 portam
2941 1208 3008 1262 iis
3031 1207 3206 1277 aperit
3224 1209 3320 1278 qui
3353 1208 3496 1276 piam
3530 1209 3692 1264 vitam

2117 1298 2338 1366 degunt,
2363 1297 2461 1353 sed
2489 1298 2630 1352 circa
2661 1298 2842 1365 iidem,
2875 1299 2944 1354 ob
2969 1314 3213 1355 errorem
3247 1316 3276 1355 a
3309 1302 3553 1370 patribus
3582 1310 3696 1356 tra—

2115 1390 2312 1455 ditum,
2348 1401 2560 1445 errant.
2587 1391 2727 1447 Ecce
2765 1393 2910 1446 enim
2936 1393 3104 1464 Lydia
3155 1408 3373 1462 quoque
3409 1394 3574 1447 Deum
3603 1410 3698 1450 εο-

2117 1481 2283 1546 lebat,
2313 1485 2408 1536 sed
2428 1483 2707 1538 nesciebat
2738 1485 3010 1554 quomodo
3035 1484 3238 1539 salvari
3259 1495 3528 1553 oporteat,
3550 1487 3695 1553 quod

2118 1575 2377 1630 Dominus
2413 1591 2507 1644 per
2537 1591 2720 1630 veram
2759 1577 3060 1630 doctrinam
3106 1577 3156 1630 in
3187 1593 3248 1630 ea
3299 1578 3542 1645 perfecte
3571 1592 3698 1645 ope-

2118 1675 2267 1720 ratus
2296 1675 2381 1722 est
2417 1683 2431 1719 :
2467 1667 2664 1720 dicitur
2692 1667 2866 1719 colem
2897 1665 3085 1720 Deum.
3137 1667 3412 1732 Econtra,
3437 1668 3482 1719 si
3537 1668 3694 1734 cujus

411 1747 496 1813 ὡς
532 1749 595 1803 τὸ
626 1753 789 1822 ῥητόν
818 1771 950 1824 φησι
976 1773 990 1788 ·
1029 1759 1324 1828 Σεϐομένη
1357 1760 1464 1814 τὸν
1496 1763 1665 1815 Θεόν.
1705 1761 1800 1815 Ἐκ
1831 1763 1888 1816 δέ
1914 1763 2005 1816 τοῦ

2120 1758 2258 1812 Deus
2285 1773 2382 1812 cor
2406 1774 2510 1812 non
2537 1759 2731 1828 aperit,
2759 1760 2879 1812 ideo
2905 1773 3009 1811 non
3031 1761 3223 1826 aperit,
3243 1757 3368 1827 quia
3394 1759 3591 1826 impius
3610 1767 3696 1812 est

414 1843 692 1910 ἐναντίου,
730 1847 860 1901 ὅταν
887 1850 916 1902 ὀ
945 1849 1078 1913 Θεὸς
1111 1852 1210 1904 οὐκ
1241 1852 1433 1924 ἀνοίγῃ
1456 1854 1688 1924 καρδίαν
1716 1854 1883 1919 τινὸς,
1919 1855 2005 1909 διὰ

2111 1860 2166 1903 et
2193 1852 2389 1903 frustra
2417 1851 2580 1904 verba
2607 1851 2757 1904 audit
2791 1865 2805 1901 :
2848 1851 3097 1918 quamvis
3148 1851 3291 1904 enim
3341 1850 3695 1904 validissimis

410 1934 583 1990 τοῦτο
611 1937 712 1990 οὐκ
739 1938 968 2008 ἀνοίγει.
1005 1943 1168 1994 ἐπεὶι³
1201 1942 1560 2014 6.056;_é611,
1591 1944 1685 1997 καὶ
1713 1946 1794 2003 είς
1828 1945 2005 2015 μάτην

2109 1940 2464 2009 argumentis,
2505 1950 2563 1992 ut
2607 1939 2834 2009 apostoli
2859 1941 3031 2008 signis
3055 1949 3109 1994 et
3141 1940 3398 2008 prodigiis
3441 1939 3533 1993 Dei
3567 1955 3694 1992 ver-

409 2024 640 2096 δέχεται
675 2029 798 2092 τοὺς
823 2029 1049 2098 λόγους·
1083 2032 1189 2086 κᾶν
1217 2033 1326 2104 γὰρ
1352 2033 1420 2086 δι’
1449 2034 1698 2103 ἐναργῶν
1729 2045 1756 2084 ιι
1775 2035 1999 2089 ἀποδεί-

2108 2031 2230 2086 bum
2250 2033 2622 2098 confirmares,
2645 2033 2758 2088 suis
2775 2034 3184 2102 cupiditatibus,
3205 2048 3318 2088 suae
3350 2033 3694 2103 perversitati

411 2115 561 2180 ξεων
607 2121 852 2194 συστήσῃ
893 2141 978 2186 τις
1027 2124 1119 2180 τὸν
1167 2125 1312 2179 θεῖον
1366 2125 1544 2194 λόγον,
1597 2126 1786 2198 ῶσπερ
1832 2129 1927 2181 καὶ
1956 2129 2005 2181 οἱ

2113 2128 2323 2181 servire
2381 2127 2586 2192 volens,
2652 2126 2876 2180 verbum
2932 2126 3174 2194 repellet,
3236 2127 3338 2180 sibi
3388 2127 3490 2195 ipsi
3531 2141 3695 2180 Causa

407 2209 710 2265 ἀπόστολοι
745 2213 834 2268 διὰ
882 2217 1127 2286 σημείων
1160 2217 1257 2272 καὶ
1288 2221 1535 2290 τεράτων
1557 2232 1569 2247 ·
1599 2219 1716 2272 ἀλλ’
1757 2213 1851 2274 οὖν
1879 2221 2002 2273 δου-

2112 2217 2309 2281 factus,
2339 2233 2614 2286 nunquam
2641 2219 2786 2272 enim
2821 2218 2964 2272 Deus
3010 2219 3060 2270 in
3093 2216 3290 2269 malum
3327 2216 3560 2286 adjutori
3587 2225 3706 2280 est,

300 2332 307 2338 -
406 2303 600 2358 λεύειν
629 2305 800 2361 θέλων
828 2311 941 2374 τοῖς
976 2312 1170 2365 ἐαυτοῦ
1207 2313 1405 2367 πάθεσι
1438 2313 1533 2365 καὶ
1567 2323 1589 2350 τ
1622 2313 1794 2384 κακίᾳ
1815 2355 1831 2380 ,
1865 2314 2002 2367 ἀπο-

2113 2310 2206 2364 sed
2239 2311 2290 2363 in
2315 2311 2535 2373 bonum,
2564 2319 2786 2380 propter
2805 2324 2956 2363 suam
2982 2311 3306 2374 bonitatem;
3335 2321 3695 2378 unumquem-

408 2396 682 2467 τρέπεται
706 2400 798 2454 τὸν
826 2400 986 2468 λόγον
1003 2418 1016 2432 ·
1039 2404 1202 2468 αὐτὸς
1235 2403 1415 2474 ἑαυτῷ
1441 2403 1614 2467 αἴτιος
1643 2405 1935 2472 γενόμενος
1955 2415 2000 2444 ³·

408 2487 678 2544 οὐδέποτε
705 2491 816 2563 γὰρ
848 2495 876 2546 6
917 2493 1052 2558 Θεὸς
1086 2496 1343 2565 συνεργεῖ
1387 2511 1494 2549 τινι
1526 2497 1608 2558 είς
1640 2496 1812 2548 κακόν
1837 2512 1849 2524 ·
1885 2495 2002 2550 ἀλλ’

2112 2416 2216 2470 que
2241 2409 2419 2456 autem
2449 2411 2568 2470 post
2597 2416 2724 2457 suas
2752 2401 3078 2471 cupiditates
3102 2401 3180 2456 ire
3203 2402 3366 2468 sinit;
3399 2403 3692 2471 unusquis-

2111 2508 2238 2563 que,
2278 2501 2437 2561 prout
2462 2494 2592 2560 vult,
2626 2495 2782 2552 vivit.

410 2580 500 2643 εις
530 2582 630 2651 μὲν
664 2583 732 2638 τὰ
767 2586 910 2640 καλά
937 2587 1026 2640 διὰ
1054 2589 1154 2658 τὴν
1211 2581 1376 2642 αὐτοῦ
1441 2589 1771 2658 φιλαγαθίαν
1840 2590 2174 2644 συνευδοκεῖ·
2204 2591 2300 2642 ἐπὶ
2331 2591 2388 2643 δέ
2451 2590 2662 2656 κακῶν,
2698 2593 2976 2663 συγχωρεῖ
3019 2591 3348 2662 πορεύεσθαι
3373 2591 3606 2644 ἕκαστον
3635 2590 3695 2644 ἐν

409 2677 532 2739 τοῖς
566 2677 971 2750 ἐπιθυμήσασιν
1007 2684 1194 2736 αὐτοῦ·
1222 2685 1359 2756 πρὸς
1383 2685 1412 2738 δ
1438 2683 1532 2739 οὖν
1561 2686 1710 2740 θέλει
1741 2705 1826 2751 τις
1859 2691 1877 2725 ί
1910 2687 2000 2758 ζῇ.

496 2783 517 2818 ι
573 2766 723 2837 Αῦτη
777 2772 1255 2827 κατακολουθοῦσα
1303 2776 1384 2846 τῷ
1452 2780 1652 2848 Παύλῳ
1703 2783 1798 2835 καὶ
1842 2784 2003 2852 ἡμῖν,

409 2855 619 2926 ἐκραξε
647 2858 902 2927 λέγουσα,
939 2857 1099 2917 Οὗτοι
1135 2867 1186 2918 οἱ
1221 2867 1502 2938 ἄνθρωποι
1533 2871 1712 2924 δοῦλοι
1745 2872 1840 2927 τοῦ
1865 2872 2003 2927 Θεοῦ

2175 2780 2341 2839 Vens.
2374 2783 2460 2836 l7.
2497 2782 2652 2838 «ﬂare
2675 2783 2962 2839 subsecuta
2988 2782 3215 2837 Paulum
3244 2791 3299 2838 et
3329 2798 3449 2846 nos,
3484 2782 3691 2837 clama-

2103 2872 2195 2926 bat
2229 2874 2469 2927 dicens:
2524 2874 2619 2928 Isti
2658 2875 2909 2929 homines
2933 2875 3085 2928 servi
3139 2873 3231 2929 Dei
3280 2873 3484 2929 excelsi
3539 2882 3687 2940 sunt,

408 2945 515 2998 τοῦ
545 2947 770 3016 ὑψίστου
808 2951 969 3020 εἰσὶν,
1000 2956 1196 3020 οἵτινες
1232 2959 1701 3028 καταγγέλλουσιν
1728 2963 1858 3034 ὑμῖν
1887 2963 2004 3018 ὁδὸν

2108 2966 2192 3034 qui
2216 2967 2546 3020 annuntiant
2580 2967 2733 3021 vobis
2753 2967 2894 3020 viam
2929 2965 3143 3022 salutis.
3181 2984 3200 3018 ι

412 3041 719 3109 σωτηρίας.
766 3061 785 3093 ι

486 3130 563 3232 ἱΓὸ
749 3135 962 3200 Πυθοῦς
987 3138 1220 3234 πνεῦμα
1253 3142 1515 3210 μαντείας
1550 3143 1762 3196 ἐποίει·
1810 3143 1900 3198 διὰ
1944 3144 2001 3199 δὲ
2029 3176 2071 3234 c

405 3221 575 3276 τοῦτο
599 3224 854 3290 Πύθωνος
883 3227 1100 3300 πνεῦμα
1141 3230 1422 3286 ἐκαλεῖτο·
1455 3234 1643 3305 ἐπειδὴ
1674 3237 1708 3305 ή
1744 3235 1918 3290 Πυθία
1947 3248 1999 3303 ιι,

407 3312 537 3383 ἦτοι
560 3313 590 3365 6
623 3315 682 3366 ἐν
711 3316 776 3386 τῇ
813 3314 990 3389 Πυθία
1015 3317 1248 3389 δαίμων,
1281 3321 1558 3376 Ἀπόλλων
1582 3331 1609 3362 τ
1645 3323 2000 3396 καλούμενος,

368 3448 376 3456 .
408 3404 765 3474 ἐμαντεύετο·
800 3407 896 3461 καὶ
921 3408 1110 3477 ἠπάτα
1141 3412 1266 3475 τοὺς
1300 3412 1646 3484 ἀνθρώπους,
1683 3416 1856 3484 λέγων
1900 3418 2001 3470 αὺ-

404 3498 526 3559 τοῖς
558 3495 625 3550 τά
651 3498 998 3568 γεγενημένα
1019 3516 1034 3530 ·
1066 3502 1220 3554 οὐδὲν
1248 3504 1358 3573 γὰρ
1388 3499 1456 3575 ἦν
1480 3506 1740 3577 δυσχερὲς
1768 3508 1848 3578 τῷ
1883 3508 2002 3562 δαί-

406 3603 540 3657 μονι
570 3587 704 3640 ίδεῖν
731 3588 800 3642 τά
843 3590 1113 3660 γενόμενα
1143 3595 1201 3645 ἐν
1243 3593 1432 3665 Ῥώμῃ
1465 3597 1734 3666 σήμερον,
1779 3599 1876 3652 καὶ
1905 3599 1998 3651 εύ-

401 3677 512 3740 θὺς
552 3679 884 3748 ἀπαγγεῖλαι
929 3681 1103 3736 αὑτά·
1153 3683 1182 3736 ὃ
1226 3684 1322 3736 καὶ
1356 3686 1581 3755 ἐποίησε
1617 3686 1694 3756 τῷ
1734 3687 1994 3758 Κροίσῳ,

397 3770 535 3842 ἦτοι
565 3773 679 3836 τοῖς
710 3773 852 3844 ὑπὲρ
884 3774 1048 3827 αὐτοῦ
1088 3776 1534 3847 μαντευομένοις,
1570 3779 1737 3846 ἡνίκα
1767 3779 1997 3850 ἐπείρα-

395 3863 507 3928 ζεν
536 3865 698 3918 αὐτὸν
733 3868 762 3920 6
808 3868 1043 3938 Κροῖσος
1073 3867 1164 3922 διὰ
1189 3869 1300 3922 τῶν
1330 3871 1410 3934 είς
1440 3871 1538 3940 τὴν
1572 3871 1779 3924 Πυθίαν
1804 3873 1995 3937 όντων,

393 3953 452 4006 τί
501 3957 650 4008 ποιεῖ
672 3957 915 4027 σήμερον
938 3959 966 4011 ὁ
993 3959 1224 4029 Κροῖσος
1245 3976 1259 4025 ;
1291 3959 1402 4013 Καὶ
1430 3961 1654 4025 ἀκόπως
1679 3963 1823 4033 ὁρῶν
1846 3963 1914 4016 τὰ
1939 3965 1998 4016 ἐν

391 4047 603 4118 Λυδίᾳ,
639 4049 841 4119 ήρχετο
874 4049 1038 4115 εὐθὺς
1065 4053 1123 4106 ἐν
1144 4055 1209 4124 τῇ
1242 4052 1439 4124 Πυθίᾳ,
1475 4056 1571 4108 καὶ
1597 4055 1945 4125 ἀπήγγελλεν
1970 4064 1998 4094 ι

390 4140 601 4202 αὐτοῖς
622 4155 636 4170 ·
665 4140 852 4204 ἔλεγεν
884 4139 980 4195 οῦν
1019 4144 1150 4213 περὶ
1187 4145 1297 4198 τῶν
1323 4147 1703 4216 παρελθόντων
1733 4148 1994 4219 εὐχερῶς.

392 4231 680 4295 Πολλάκις
715 4232 771 4286 δὲ
806 4233 901 4286 καὶ
940 4235 1069 4306 περὶ⁴
1097 4235 1208 4289 τῶν
1251 4236 1555 4310 μελλόντων
1589 4238 1743 4306 ἔλεγε
1799 4255 1997 4309 στοχα-

402 4326 568 4397 σμῷ,
621 4325 808 4399 ὥσπερ
843 4326 939 4381 τοῦ
986 4328 1174 4400 Κύρου
1196 4369 1211 4395 ,
1259 4330 1402 4400 ὁρῶν
1428 4329 1595 4384 αὐτοῦ
1624 4330 1724 4402 τὴν
1758 4332 1998 4403 ἀρχικήν

403 4419 547 4484 ἕξιν,
566 4420 660 4472 καὶ
681 4421 780 4491 τὴν
815 4421 1188 4490 μεγαλοφυῒαν
1215 4422 1279 4474 ἐκ
1303 4421 1495 4483 παιδός
1514 4438 1527 4452 ·
1562 4422 1714 4476 οὐδὲν
1745 4419 1840 4476 οῦν
1867 4423 1996 4475 δυσ-

2178 3138 2516 3209 Pythonissae
2564 3139 2789 3206 spiritus
2833 3136 3142 3199 divinabat,
3187 3145 3244 3190 et
3294 3137 3412 3191 ideo
3467 3136 3690 3204 Spiritus

2106 3230 2372 3303 Pythonis
2402 3231 2690 3285 dicebatur
2716 3245 2732 3294 ;
2792 3228 2983 3300 Pythia
3011 3242 3162 3298 ergo,
3189 3237 3284 3282 aut
3314 3229 3528 3283 daemon
3573 3227 3685 3292 ille,

2107 3323 2299 3393 Apollo
2327 3323 2530 3384 dictus,
2562 3320 2653 3391 qui
2682 3321 2737 3375 in
2770 3320 2860 3375 illa
2891 3329 3040 3384 erat,
3077 3320 3355 3375 divinabat
3405 3328 3461 3376 et
3508 3320 3689 3376 homi-

2107 3431 2202 3472 nos
2227 3414 2552 3484 decipiebat,
2605 3413 2881 3483 praeterita
2907 3412 3016 3468 illis
3063 3412 3351 3478 aperiens;
3406 3426 3510 3466 non
3542 3413 3686 3468 enim

2105 3506 2334 3559 «ireiuoni
2359 3504 2577 3558 diﬁicile
2601 3503 2916 3559 eratvidere
2936 3518 3054 3572 qua:
3075 3502 3260 3557 Romae
3279 3502 3442 3557 hodie
3463 3503 3685 3568 ﬂebant,

2104 3607 2158 3649 et
2193 3611 2252 3648 ea
2280 3596 2466 3650 statim
2497 3595 2741 3662 aperire,
2775 3593 2918 3662 quod
2944 3608 3041 3661 pro
3078 3593 3270 3650 Croeso
3293 3593 3422 3649 fecit
3466 3601 3561 3648 aut
3590 3607 3689 3662 pro

2103 3687 2170 3741 iis
2200 3688 2292 3755 qui
2329 3687 2397 3741 de
2437 3701 2504 3741 eo
2535 3684 2914 3750 consulebant,
2963 3686 3180 3753 quando
3215 3685 3440 3741 Crmsus
3472 3700 3569 3753 per
3592 3701 3687 3740 eos

2102 3779 2191 3845 qui
2223 3777 2360 3845 apud
2394 3777 2642 3846 Pythiam
2665 3787 2843 3838 erant,
2871 3776 3118 3844 quaesivit
3145 3791 3158 3828 :
3196 3775 3334 3841 Quid
3379 3792 3522 3831 nunc
3554 3776 3688 3831 facit

2101 3868 2366 3923 Crmsus?
2399 3869 2620 3937 Absque
2671 3866 2982 3922 difﬁcultate
3013 3866 3066 3920 in
3109 3865 3279 3936 Lydia
3307 3881 3540 3922 cernens
3563 3882 3686 3937 quae

2103 3963 2324 4026 ﬂebant,
2355 3950 2540 4016 statim
2595 3963 2646 4016 in
2679 3961 2929 4031 Pythiam
2977 3961 3204 4015 veniens
3253 3961 3334 4016 eis
3367 3960 3682 4025 nuntiavit;

2103 4053 2258 4106 facile
2280 4053 2443 4122 igitur
2471 4055 2536 4106 de
2579 4052 2874 4120 prmteritis
2921 4051 3268 4120 loquebatur.
3307 4049 3461 4120 Saepe
3513 4051 3679 4106 etiam

2101 4145 2165 4199 dc
2197 4143 2393 4198 futuris
2422 4159 2520 4214 per
2553 4143 2925 4214 conjecturam
2948 4143 3161 4198 locutus
3185 4151 3291 4210 est,
3320 4143 3681 4213 quemadmo—

2101 4235 2224 4288 dum
2267 4233 2336 4290 de
2369 4233 2534 4305 Cyro,
2579 4249 2738 4303 quem
2781 4249 2809 4287 a
2839 4234 3068 4303 pueritia
3102 4243 3382 4288 strenuum
3426 4241 3479 4288 et
3505 4234 3684 4287 domi-

2101 4325 2339 4381 nationis
2366 4325 2620 4395 cupidum
2661 4324 2913 4391 videbat;
2947 4339 3052 4378 non
3089 4325 3235 4378 enim
3265 4325 3520 4386 daemonii,
3557 4341 3679 4379 cum

2103 4417 2174 4470 sit
2204 4417 2579 4486 incorporeus,
2635 4416 2851 4471 diﬂicile
2902 4427 3021 4471 erat
3047 4417 3234 4496 videre
3264 4417 3557 4485 longinqua
3581 4457 3597 4479 ,
3627 4426 3682 4470 et

403 4511 574 4584 χερές
637 4511 717 4582 τῷ
767 4512 984 4583 δαίμονι
1033 4513 1316 4585 ἀσωμάτῳ
1361 4512 1474 4568 ὄντι
1511 4516 1644 4586 ὀρᾷν
1693 4515 1761 4568 τὰ
1801 4516 1993 4588 πόρρω

2108 4508 2349 4563 homines
2385 4507 2637 4577 decipere
2663 4507 2714 4561 in
2744 4507 2945 4576 quibus
2974 4523 3095 4562 eum
3120 4507 3500 4562 consulebant.
3529 4505 3679 4558 Alio-

403 4604 576 4668 ὅντα,
627 4605 722 4657 καὶ
765 4605 980 4676 ἀπατᾷν
1011 4604 1136 4668 τοὺς
1174 4603 1498 4674 ἀνθρώπους
1541 4606 1599 4658 ἐν
1638 4601 1722 4668 οἷς
1764 4605 1994 4676 ἐζήτουν

2108 4601 2229 4671 quin
2263 4600 2330 4655 de
2364 4598 2660 4668 praeteritis
2706 4597 3028 4668 plerumque
3082 4606 3173 4652 aut
3205 4598 3270 4652 de
3319 4599 3681 4669 praesentibus

409 4695 815 4766 μαντεύεσθαι·
841 4697 1044 4765 ὅπουγε
1075 4696 1152 4759 ὡς
1179 4697 1274 4750 ἐπὶ
1301 4696 1363 4750 τὸ
1409 4696 1666 4752 πλεῖστον
1707 4698 1837 4768 περὶ
1882 4699 1995 4752 τῶν

2108 4701 2350 4762 quaerunt
2394 4692 2644 4747 homines
2681 4706 2848 4745 mora:
2881 4690 3252 4758 impatientes,
3289 4691 3378 4760 qui
3408 4691 3590 4746 omnia
3625 4701 3682 4745 ut

407 4787 794 4858 παρελθόντων
824 4787 857 4858 ἢ
890 4787 1060 4840 όντων
1088 4787 1368 4857 ἐρωτῶσιν
1410 4788 1461 4841 οἱ
1491 4789 1824 4858 ἀφ-ερέπονοι
1848 4828 1861 4851 ,
1894 4791 1993 4843 καὶ¹

2108 4786 2268 4839 menti
2296 4793 2615 4849 occurrunt,
2651 4785 2882 4848 iaciunt,
2909 4791 3215 4857 qumrentes
3241 4783 3308 4838 de
3335 4784 3562 4852 perditis
3590 4791 3686 4836 aut

405 4882 591 4936 πάντα
617 4879 694 4943 ὡς
726 4879 822 4932 ἐὰν
842 4887 872 4927 3‘
902 4881 1160 4950 παραστῇ
1187 4878 1489 4943 ποιοῦντες,
1523 4881 1838 4951 ἐρωτῶντες
1865 4882 1996 4950 περὶ

2108 4879 2167 4934 de
2210 4871 2560 4943 absentibus:
2604 4887 2665 4931 ut
2713 4877 2948 4946 exempli
2996 4877 3214 4946 gratia:
3267 4875 3484 4930 Vivitur
3509 4877 3598 4946 qui
3628 4875 3679 4928 in

406 4970 794 5042 ἀπολλομένων
815 4979 841 5007 ι
873 4969 1219 5040 πραγμάτων
1242 4970 1276 5042 ἢ
1297 4970 1428 5040 περὶ
1457 4969 1704 5024 ἀπόντων
1728 4965 1894 5042 ·¹’Λρα
1924 4970 1990 5042 ζῇ

407 5064 438 5115 6
461 5062 538 5117 ὢν
559 5063 617 5117 ἐν
643 5063 777 5134 τῇδε
801 5063 868 5133 τῇ
901 5062 1054 5114 πόλει
1097 5061 1377 5129 ἀπόδημος
1400 5076 1415 5124 ;
1453 5061 1518 5113 Ὃ
1539 5099 1552 5123 ,
1588 5059 1664 5122 ῶς
1692 5057 1865 5124 εἶπον,
1901 5060 1993 5114 εῦ-

411 5155 570 5208 κολον
597 5166 623 5195 ⁸
657 5149 726 5225 ἦν
755 5155 929 5207 εἰπεῖν
955 5151 1031 5224 τῷ
1056 5152 1294 5223 δαίμονι,
1323 5152 1357 5223 ἦ
1385 5150 1454 5205 δι’
1481 5151 1674 5223 ἀνδρὸς
1702 5151 1735 5222 ἢ
1782 5151 1870 5205 διὰ
1891 5169 1993 5220 γυ-

412 5245 598 5310 ναικὸς
639 5247 707 5299 δι’
749 5246 932 5301 αὐτῶν
972 5244 1184 5298 λαλῶν·
1229 5244 1423 5314 ἀμέλει
1453 5243 1586 5312 γοῦν
1619 5245 1711 5297 καὶ
1756 5245 1862 5308 ἓως
1897 5243 1994 5296 νῦν

409 5355 557 5403 τινες
585 5339 709 5403 τοὺς
742 5339 1141 5410 δαιμονῶντας.
1174 5337 1233 5391 ἐν
1264 5336 1342 5407 τῷ
1377 5336 1557 5408 καιρῷ
1587 5337 1708 5390 καθ’
1734 5338 1792 5390 ὃν
1821 5339 1847 5377 ι)
1876 5339 1993 5391 ἐπι-

485 5495 506 5526 ⁸
534 5491 694 5550 Joan.
729 5508 784 5559 v,
815 5493 904 5548 59.

488 5641 515 5680 p
543 5629 616 5702 (ξ.
643 5631 704 5685 c.
740 5631 950 5702 ἐπειδή.

417 5699 451 5765 ή
483 5701 656 5754 Πυθία

421 5772 444 5800 ³
463 5771 523 5828 C.
563 5770 625 5827 C.
653 5770 910 5827 εῦκωλον.
987 5773 1014 5814 ι’
1037 5773 1094 5829 C.
1127 5773 1190 5830 (Ι.
1216 5772 1265 5826 ὅ.

1029 5644 1056 5683 ιι
1100 5633 1164 5687 C.
1206 5632 1268 5687 (ἶ.
1305 5633 1577 5700 ἐναργῶν.
1657 5641 1680 5670 τ
1713 5632 1774 5685 C.
1813 5633 1874 5685 (ἶ.
1903 5631 1999 5684 καὶ

2108 5669 2113 5680 .
2162 5662 2214 5700 λ,
2255 5628 2315 5684 C.
2344 5629 2424 5700 (3.,
2448 5630 2750 5697 γινόμενος.
2833 5631 2852 5668 τ
2897 5629 2959 5686 C.
2989 5631 3050 5684 C.
3086 5649 3171 5692 τις
3197 5631 3360 5686 θέλει.

723 5701 870 5772 ησίν.
917 5697 976 5741 ’ν
1017 5703 1077 5757 C.
1114 5703 1176 5756 (Ζ.
1219 5697 1493 5758 Ἀπόλλων
1530 5703 1579 5756 6.
1661 5715 1686 5744 ι
1718 5703 1780 5757 C.
1814 5702 1875 5758 C.
1915 5697 2272 5772 ἀπήγγειλεν.
2349 5698 2457 5754 ιϐ.
2485 5700 2547 5756 C.
2583 5701 2679 5753 ἐὰν
2719 5700 2924 5764 αὐτοῖς.

2102 4970 2195 5024 tali
2221 4972 2357 5024 urbe
2387 4970 2595 5024 advena
2632 4977 2715 5024 est
2737 4971 2762 5023 ‘I
2790 4969 2956 5039 quod,
2985 4979 3043 5022 nt
3071 4969 3205 5031 dixi,
3231 4968 3414 5021 dicere
3449 4966 3680 5020 daemoni

2101 5059 2260 5114 facile
2290 5068 2432 5122 erat,
2467 5059 2581 5113 sive
2618 5074 2713 5128 per
2760 5058 2970 5123 virum,
3007 5058 3120 5112 sive
3147 5071 3243 5125 per
3276 5054 3578 5120 mulierem,
3627 5054 3680 5108 in

2101 5152 2203 5216 eis,
2235 5151 2468 5216 scilicet,
2495 5150 2809 5221 loquendo;
2836 5166 3010 5218 usque
3041 5150 3202 5204 modo
3220 5148 3440 5218 quidam
3473 5155 3682 5202 tentant

2103 5246 2468 5300 dmmoniacos
2503 5244 2844 5313 interrogare
2864 5259 2929 5297 eo
2958 5253 3200 5310 tempore
3225 5256 3330 5311 quo
3355 5257 3382 5294 a
3417 5241 3684 5296 da‘moni-

2102 5335 2202 5391 bus
2254 5345 2576 5389 vexantur:
2633 5336 2777 5403 quod
2835 5343 2921 5388 cst
2977 5333 3222 5402 impium.
3253 5361 3326 5374 -—
3371 5331 3680 5387 Notandum

3003 5631 3050 5684 3.
3086 5649 3171 5692 τις
3197 5631 3360 5686 θέλει.
3473 5639 3506 5670 ιι
3532 5632 3590 5684 (ἶ,
3617 5629 3682 5685 C.

3003 5711 3025 5737 ²
3050 5704 3106 5757 C.
3124 5702 3184 5756 C.
3209 5702 3679 5773 ἀπολλοιμμένων.
