4064 6462
392 353 528 420 1559

1551 355 1885 416 ΑΜΜΟΝΙΙ
1927 354 2226 416 ALEXAN
2240 353 2456 415 DBINI

3525 348 3659 414 1560

389 480 571 523 autem
604 475 685 521 est
734 465 1017 521 Christum
1065 478 1162 534 per
1203 464 1479 518 daemones
1513 477 1651 532 quos
1671 462 1965 518 credebant

2071 462 2314 515 τίθενται
2342 463 2455 525 τοῖς
2493 458 2829 531 ἀνθρώποις,
2863 458 3169 530 πειρῶνται
3201 459 3488 530 ἐπερωτᾷν
3517 475 3656 513 τινα,

389 568 598 625 gentes,
632 555 797 609 fuisse
825 553 1216 622 prmdicatum;
1271 567 1393 606 nam
1432 552 1803 606 testimonium
1829 565 1964 618 apo-

388 648 542 701 stolis
579 645 941 714 perhibebant
976 644 1120 714 quod
1181 643 1321 698 servi
1371 651 1529 697 erant
1577 642 1693 705 Dei,
1738 651 1792 696 et
1820 641 1966 711 quod

389 739 642 794 salutaris
680 752 866 791 eorum
895 745 1014 790 erat
1047 734 1392 805 praedicatio,
1417 743 1471 788 et
1509 735 1650 802 quod
1680 733 1824 788 Deus
1848 740 1968 788 erat

387 830 560 893 Jesus,
611 845 713 883 non
752 843 902 882 mere
943 827 1105 882 homo
1130 866 1145 891 ,
1200 826 1638 896 quandoquidem
1695 825 1810 879 haec
1849 833 1967 880 erat

389 922 513 976 Sila:
540 930 596 975 ct
626 917 778 974 Pauli
813 919 1169 988 praedicatio;
1206 919 1354 988 quod
1395 927 1598 987 pugnat
1625 925 1816 973 contra
1861 917 1968 971 Ne-

388 1014 659 1068 storiauos
681 1022 736 1067 et
771 1011 1160 1066 Paulianistas.
1213 1009 1511 1079 Postquam
1560 1018 1742 1065 autem
1798 1022 1967 1079 saepe-

387 1118 612 1158 numero
645 1112 870 1158 testatus
901 1112 1019 1157 erat
1047 1103 1252 1157 daemon
1285 1101 1651 1170 apostolorum
1691 1099 1960 1171 praedica-

391 1197 592 1251 tionem
621 1211 740 1251 esse
768 1196 1087 1257 salutarem,
1122 1202 1253 1248 tunc
1291 1192 1454 1260 eiecit
1491 1207 1612 1247 eum
1642 1191 1863 1257 Paulus,
1899 1193 1966 1247 ad

388 1289 780 1344 ostendendum
805 1287 1156 1342 credentibus
1189 1285 1243 1340 in
1277 1302 1400 1341 eum
1434 1300 1500 1341 eo
1543 1285 1800 1342 fortiores
1847 1301 1968 1342 esse

386 1378 654 1446 quoslibet
682 1377 886 1442 fideles,
921 1392 980 1432 se
1014 1391 1234 1447 quoque
1265 1385 1588 1446 potestatem
1626 1377 1828 1432 habere
1859 1377 1968 1432 dte-

388 1485 627 1535 nmncm,
659 1478 717 1523 ut
745 1471 848 1525 sibi
878 1469 1205 1540 subjectum,
1229 1469 1346 1526 sive
1377 1484 1599 1524 manere
1620 1470 1832 1525 sinendi
1853 1469 1968 1524 sive

385 1559 655 1626 ejiciendi.
718 1559 854 1616 Vide
903 1570 1083 1614 autem
1140 1570 1405 1628 quantum
1439 1560 1712 1615 valuerint
1762 1559 1965 1616 Christi

386 1667 671 1707 servorum
737 1653 902 1707 verba
934 1691 950 1715 ,
1011 1651 1281 1720 siquidem
1329 1651 1492 1706 simul
1548 1666 1612 1707 ac
1661 1653 1963 1721 iusserant,

385 1741 609 1795 exibant
640 1743 935 1796 daemones.

459 2007 623 2066 Vens.
649 2010 738 2063 2‘5.
780 2029 797 2060 ι
826 2008 1205 2080 Praecipientes
1235 2011 1443 2066 custodi
1473 2019 1528 2064 ut
1567 2011 1853 2081 diligenter
1875 2026 1970 2067 cu-

386 2101 612 2155 stodiret
639 2116 753 2156 eos.
779 2121 798 2153 ι

462 2210 482 2244 ι
521 2192 658 2247 Cum
689 2205 1074 2264 cognoscerent
1104 2210 1290 2251 eorum
1323 2195 1603 2262 virtutem,
1636 2197 1848 2266 seipsos
1881 2195 1968 2252 fe-

383 2279 630 2335 fellerunt
658 2281 899 2338 dicentes
933 2303 946 2338 :
989 2284 1132 2340 Tuto
1181 2299 1272 2339 eos
1333 2286 1568 2341 custodit
1601 2303 1616 2351 ;
1653 2288 1746 2342 sed
1781 2296 1835 2341 et
1867 2287 1969 2357 ipsi

387 2373 727 2429 testabantur
773 2390 868 2430 eos
917 2390 1036 2432 esse
1072 2377 1360 2445 ignobiles,
1396 2377 1488 2433 sed
1551 2393 1776 2448 magnos
1803 2394 1970 2448 quos-

384 2469 505 2519 dam
549 2466 694 2521 viros
736 2478 1058 2536 potestatem
1100 2469 1366 2526 habentes
1395 2470 1626 2527 faciendi
1663 2486 1761 2542 per
1783 2471 1969 2528 Domi-

385 2573 512 2612 unm
536 2573 872 2629 quaecunque
898 2561 1115 2618 vellent.

456 2647 621 2704 Vens.
672 2649 765 2705 25.
819 2670 837 2703 ι
873 2650 1045 2706 Media
1104 2661 1285 2708 autem
1338 2663 1520 2716 nocte,
1578 2655 1774 2710 Paulus
1797 2664 1852 2711 et
1884 2653 1967 2709 Si-

385 2739 466 2794 las
528 2750 768 2808 orantes,
825 2741 1119 2798 laudabant
1178 2743 1476 2801 Deumzet
1526 2747 1815 2803 audiebant
1874 2761 1969 2802 eos

381 2832 473 2902 qui
512 2833 562 2886 in
595 2834 836 2889 custodia
881 2843 1056 2890 erant.
1096 2855 1115 2888 ι

459 2943 481 2976 ε
513 2923 860 2982 Psalmistam
905 2928 1077 2983 secuti
1103 2927 1374 2984 dicentem
1407 2946 1420 2983 :
1450 2930 1627 2984 Media
1671 2940 1818 2986 nocte
1847 2947 1968 2986 sur-

381 3013 562 3085 gebam
592 3015 660 3069 ad
681 3017 1031 3086 conﬁtendum
1060 3017 1152 3072 tibi
1174 3019 1248 3070 ’.ι

460 3192 625 3249 Vens.
658 3194 749 3259 9.9,
809 3195 897 3249 50.
932 3214 950 3247 ι
992 3195 1278 3264 Petitoque
1337 3195 1541 3252 lumine
1605 3198 1968 3269 introgressus

383 3295 468 3343 est
504 3304 518 3340 :
564 3295 618 3340 et
649 3285 1002 3342 tremefactus
1055 3288 1288 3358 procidit
1319 3287 1486 3344 Paulo
1514 3299 1567 3342 et
1623 3290 1747 3344 Silm
1779 3293 1844 3344 ad
1875 3307 1969 3359 pe-

387 3381 505 3434 des.
532 3379 595 3434 Et
627 3379 930 3449 producens
958 3393 1051 3434 eos
1083 3379 1229 3436 foras
1262 3382 1338 3435 ait
1373 3400 1386 3433 :
1420 3381 1661 3448 Domini,
1695 3381 1822 3452 quid
1885 3397 1970 3437 me

385 3478 600 3538 oportet
632 3466 810 3522 facere
841 3477 900 3522 ut
927 3468 1106 3524 salvus
1134 3471 1255 3524 ﬁam
1276 3473 1327 3525 ἰν»

461 3558 597 3613 llinc
624 3575 843 3628 quoque
872 3559 1054 3614 videre
1077 3570 1159 3616 est
1190 3577 1350 3632 quam
1403 3562 1573 3619 libera
1604 3564 1678 3618 sit
1746 3563 1881 3618 fides
1912 3563 1965 3618 in

359 3649 716 3718 .hominihus.
750 3650 889 3706 Ecce
918 3651 1060 3707 enim
1111 3662 1234 3723 post
1276 3661 1486 3709 tantum
1521 3669 1774 3724 pavorem
1819 3653 1968 3709 solus

387 3751 573 3798 custos
599 3742 837 3799 carceris
862 3743 1096 3799 credidit
1127 3762 1139 3798 :
1173 3760 1298 3800 cum
1333 3754 1511 3802 tamen
1539 3747 1720 3816 potius
1751 3747 1969 3803 debuis-

385 3845 506 3891 sent
534 3837 600 3890 ad
625 3836 783 3890 fidem
811 3835 939 3890 ferri
967 3836 1058 3906 qui
1082 3846 1243 3891 erant
1264 3837 1316 3892 in
1357 3837 1620 3904 custodia,
1652 3839 1848 3910 quippe
1873 3839 1964 3909 qui

383 3925 688 3995 prodigium
725 3927 892 3996 magis
925 3934 1085 3981 erant
1110 3926 1340 3994 experti,
1379 3935 1433 3980 et
1464 3926 1669 3982 ferreas
1725 3928 1968 3984 manicas

382 4016 561 4073 subito
592 4027 875 4086 perruptas
901 4018 1146 4073 viderant
1179 4034 1195 4083 ;
1227 4019 1320 4073 sed
1345 4018 1473 4088 quia
1505 4021 1766 4074 vecordes
1787 4029 1962 4084 erant,

383 4111 441 4162 in.
467 4109 718 4178 prmscnti
758 4109 975 4165 fuerunt
1024 4111 1218 4176 territi,
1255 4110 1542 4166 commotis
1577 4110 1812 4166 carceris
1843 4111 1966 4164 fun-

383 4199 653 4254 damentis
681 4211 733 4254 ct
751 4201 952 4269 apertis
971 4201 1184 4271 januis;
1210 4210 1612 4271 contemptores
1641 4209 1819 4254 autem
1849 4200 1965 4265 Dei,

385 4300 500 4359 post
538 4301 744 4346 tantum
778 4293 1012 4362 signum,
1038 4294 1348 4349 nescierunt
1383 4294 1510 4364 quid
1538 4293 1702 4348 fuerit.
1731 4291 1963 4356 factum,

2066 553 2204 636 ὅπερ
2253 551 2630 636 ἐστὶνῖᾶθεον.
2668 551 3012 622 Σημειωτέον
3057 551 3116 604 δὲ
3156 552 3240 604 ὅτι
3287 551 3384 604 καὶ
3413 550 3505 603 διὰ
3552 549 3662 602 τῶν

2041 635 2338 712 ’δαιμόνων
2383 635 2465 704 οἷς
2513 641 2802 694 ἐπίστευον
2844 641 2896 692 οί
2948 639 3214 711 ’Έλληνες
3251 637 3584 709 ἐκηρύττετο
3633 641 3662 692 6

2067 733 2304 803 Χριστός
2337 748 2351 763 ο
2415 731 2510 785 καὶ
2546 731 2726 785 αὐτῶν
2758 730 3315 802 διαμαρτυρουμένων
3349 730 3444 784 καὶ
3473 729 3662 793 λεγόν-

2066 842 2195 891 των,
2221 826 2303 878 ὅτι
2337 825 2386 876 οί
2421 823 2713 878 ἀπόστολοι
2755 823 2935 877 δοῦλοί
2962 824 3071 876 είσι
3100 821 3194 876 τοῦ
3239 811 3400 876 Θέοῦ·
3425 823 3523 875 καὶ
3551 839 3660 874 σω·

2065 915 2255 985 τήριόν
2297 917 2415 968 ἐστι
2458 914 2522 966 τὸ
2572 914 2705 985 παρ’
2735 914 2918 969 αὐτῶν
2957 915 3244 984 κήρυγμα·
3281 913 3376 967 καὶ
3405 916 3490 967 ὅτι
3525 913 3657 977 Θεὸς

2065 1008 2094 1059 ὁ
2134 1003 2361 1076 Ἰησοῦς,
2404 1004 2466 1057 ού
2513 1003 2670 1074 ψιλὸς
2703 1003 2992 1076 ἄνθρωπος
3016 1020 3030 1036 ⁸
3062 1004 3224 1057 τοῦτο
3275 1004 3385 1074 γὰρ
3413 1015 3436 1042 ε
3483 999 3553 1073 ἦν
3599 1002 3660 1055 τὸ

2068 1099 2330 1168 κήρυγμα
2363 1096 2472 1151 τῶν
2505 1097 2636 1168 περὶ
2676 1097 2840 1151 Σίλαν
2887 1097 2984 1150 καὶ
3016 1097 3233 1150 Παῦλον
3255 1109 3269 1125 ⁶
3326 1096 3561 1166 ἁρμόζει
3603 1097 3660 1150 δὲ

2066 1188 2209 1240 κατὰ
2240 1187 2625 1258 Νεστοριανῶν
2659 1189 2757 1242 καὶ
2801 1186 3243 1243 Παυλιανιστῶν.
3281 1188 3414 1241 Ὅτε
3474 1188 3533 1241 δὲ
3580 1189 3661 1241 δι-

2067 1279 2416 1353 εμαρτύρατο
2450 1280 2711 1344 πολλάκις
2736 1283 2765 1334 ό
2794 1280 3028 1350 δαίμων,
3060 1280 3226 1335 ὅτιτὸ
3254 1282 3522 1352 κήρυγμα
3551 1281 3660 1334 τῶν

2067 1372 2381 1427 ἀποστόλων
2411 1371 2576 1436 σώζει
2596 1387 2610 1402 ⁶
2632 1373 2756 1425 τότε
2783 1374 2926 1426 καὶὸ
2951 1373 3165 1436 Παυλος
3187 1367 3446 1438 ἐξέϐαλεν
3475 1373 3656 1427 αὐτόν·

2070 1467 2157 1520 ἶνα
2186 1465 2336 1536 δείξῃ
2393 1468 2505 1530 τοῖς
2529 1465 2556 1504 ἀ
2607 1466 2767 1519 αὐτὸν
2801 1466 2920 1536 (sic)
2964 1466 3337 1533 πιστεύουσιν,
3371 1466 3454 1519 ὅτι
3505 1467 3659 1536 ἰσχυ-

2071 1557 2290 1630 ρότερος
2320 1556 2487 1610 αὐτοῦ
2521 1553 2590 1628 ἦν
2621 1567 2644 1596 ο
2693 1558 2802 1620 πᾶς
2833 1555 3057 1622 πιστὸς,
3091 1557 3188 1610 καὶ
3225 1557 3478 1622 ἐξουσίαν
3514 1555 3660 1626 εἶχεν

2065 1648 2141 1712 ὡς
2166 1648 2516 1717 ὑποταγέντα
2537 1647 2690 1718 αύτῷ
2716 1647 2808 1701 τὸν
2831 1647 3063 1718 δαίμονα
3087 1648 3447 1718 συγχωρῆσαι
3478 1650 3662 1717 μένειν

2066 1740 2163 1793 καὶ
2207 1738 2482 1794 ἀπολῦσαι
2506 1754 2520 1770 ο
2561 1738 2664 1808 ὅρα
2705 1738 2762 1791 δὲ
2798 1737 2917 1801 πῶς
2959 1737 3235 1808 ἐνήργησε
3265 1737 3376 1790 τῶν
3419 1735 3661 1808 Χριστοῦ

1996 1813 2040 1868 Β
2070 1829 2273 1884 δούλων
2299 1832 2328 1884 6
2349 1829 2504 1897 λόγος
2530 1844 2542 1857 ⁸
2576 1829 2659 1883 ὅτι
2688 1829 2850 1892 εὐθὺς
2876 1827 2992 1899 ἅμα
3017 1831 3084 1899 τῇ
3113 1829 3359 1883 κελεύσει
3389 1830 3568 1884 αὐτῶν
3591 1829 3661 1883 τὰ

2071 1923 2324 1993 δαιμόνια
2351 1922 2523 1994 ἐξῄει.

2147 2035 2168 2068 ε
2198 2015 2674 2086 Παραγγείλαντες
2694 2012 2773 2084 τῷ
2789 2013 3165 2084 δεσμοφύλακι
3190 2013 3452 2083 ἀσφαλῶς
3469 2015 3660 2086 τηρεῖν

2074 2109 2294 2172 αύτούς.
2331 2127 2349 2159 ι

2143 2201 2308 2252 Ὥστε
2340 2196 2437 2252 οὖν
2481 2197 2684 2260 εἰδότες
2719 2195 2902 2250 αὐτῶν
2935 2198 3034 2268 τὴν
3078 2197 3311 2268 δύναμιν
3344 2196 3660 2268 ἐφρεναπά-

2070 2311 2194 2346 τουν
2225 2293 2451 2355 ἑαυτοὺς
2482 2290 2766 2359 λέγοντες,
2812 2290 2894 2343 ὅτι
2927 2289 3188 2358 ἀσφαλῶς
3226 2290 3424 2354 αὐτοὺς
3459 2291 3654 2360 τηρεῖ·

2071 2387 2166 2440 καὶ
2193 2383 2542 2456 ἐμαρτύρουν
2575 2384 2670 2436 καὶ⁵
2701 2381 2880 2448 αὐτοὶ,
2913 2383 2995 2436 ὅτι
3025 2383 3126 2435 οὐκ
3152 2377 3294 2451 ἦσαν
3317 2383 3366 2434 οἱ
3402 2383 3659 2451 τυχόντες

2070 2477 2384 2546 ἄνθρωποι,
2434 2475 2572 2530 ἀλλὰ
2625 2475 2858 2546 μεγάλοι
2906 2475 3084 2540 τινὲς,
3131 2473 3386 2540 ἐξουσίαν
3440 2474 3659 2545 ἔχοντες

2072 2573 2244 2624 ποιεῖν
2273 2569 2302 2622 ὃ
2333 2569 2548 2622 θέλουσι
2572 2567 2662 2622 διὰ
2698 2564 2796 2620 τοῦ
2824 2567 3056 2638 Κυρίου.

2148 2682 2166 2715 ι
2204 2663 2361 2716 Κατὰ
2384 2661 2441 2716 δὲ
2467 2661 2530 2713 τὸ
2561 2659 2916 2731 μεσονύκτιον
2945 2659 3158 2725 Παῦλος
3181 2661 3276 2716 καὶ
3306 2660 3468 2723 Σίλας
3491 2675 3658 2728 προσ-

2070 2755 2354 2827 ευχόμενοι
2385 2754 2588 2824 ὕμνουν
2614 2752 2705 2806 τὸν
2728 2751 2860 2805 Θεόν
2894 2767 2906 2780 ·
2939 2753 3292 2824 ἐπηκροῶντο
3321 2752 3380 2806 δέ
3404 2751 3586 2804 αὐτῶν
3605 2752 3655 2804 0i

2071 2851 2304 2920 δέσμιοι.
2347 2867 2367 2901 ι

2141 2942 2230 3013 Τῷ
2276 2941 2571 3013 Ψαλμῳδῷ
2597 2941 2912 3012 πειθόμενοι
2956 2940 3173 3009 λέγοντι
3201 2956 3212 2969 ·
3241 2937 3658 2992 Μεσονύκτισν

2069 3035 2474 3104 ἐξεγειρόμην,
2537 3031 2645 3087 τοῦ
2701 3031 3198 3102 ἐξομολογεῖσθαι
3253 3046 3355 3084 σοι
3407 3028 3658 3083 ἐποίουν

2002 3147 2048 3208 c
2078 3124 2277 3179 τοῦτο.

2149 3236 2167 3268 ‹
2206 3215 2447 3286 Αἰτήσας
2472 3214 2529 3269 δέ
2560 3214 2716 3283 φῶτα
2740 3215 3068 3285 είσεπήδησε
3087 3255 3102 3279 ,
3143 3214 3238 3267 καὶ
3266 3212 3528 3283 ἔντρομος
3559 3227 3655 3279 γε·

2071 3308 2296 3378 νόμενος
2350 3306 2660 3378 προσέπεσε
2711 3308 2788 3376 τῷ
2839 3306 3036 3376 Παύλῳ
3085 3306 3179 3358 καὶ
3228 3303 3308 3374 τῷ
3343 3303 3496 3372 Σίλᾳ.
3544 3302 3656 3355 Καὶ

2074 3397 2407 3470 προαγαγὼν
2442 3397 2640 3460 αὐτοὺς
2690 3397 2833 3464 ἔξω,
2879 3393 3003 3451 εἷπε
3029 3411 3046 3427 ο
3085 3395 3315 3466 Κύριοι,
3367 3393 3421 3447 τί
3458 3394 3542 3448 δεῖ
3586 3410 3654 3463 με

2072 3492 2249 3544 ποιεῖν
2281 3490 2369 3544 ἵνα
2403 3489 2596 3554 σωθῶ;
2636 3507 2656 3542 ι

2141 3579 2313 3634 Πάλιν
2339 3578 2490 3633 ἐνθεν
2516 3579 2631 3632 ἐστι
2662 3581 3035 3650 στοχάσασθαι
3062 3579 3124 3634 τὸ
3163 3577 3516 3643 αὐτεξούσιον
3555 3577 3656 3648 τῆς

2070 3669 2180 3724 τῶν
2203 3668 2508 3736 ἀνθρώπων
2538 3670 2798 3732 πίστεως.
2847 3670 2977 3724 Ἰδοὺ
3008 3670 3121 3740 γὰρ
3147 3668 3402 3723 τοσούτου
3429 3667 3657 3737 γενομέ-

2076 3776 2168 3814 νου
2195 3759 2360 3828 φόϐου
2397 3759 2556 3828 μόνος
2581 3758 2610 3810 6
2633 3758 2978 3828 δεσμοφύλαξ
3007 3760 3298 3813 ἐπίστευσε
3324 3775 3337 3789 ·
3375 3759 3555 3813 καίτοι
3589 3773 3656 3825 γε

2071 3852 2178 3906 ἔδει
2222 3851 2458 3922 μάλιστα
2501 3850 2627 3913 τοὺς
2674 3849 2957 3921 δεσμώτας
2990 3851 3009 3889 ί
3065 3850 3358 3921 κινηθῆναι
3406 3849 3543 3918 πρὸς
3594 3849 3656 3900 τὸ

2071 3943 2382 3998 πιστεῦσαι·
2418 3943 2553 3995 ὅπου
2590 3957 2654 4009 γε
2699 3942 2793 3995 καὶ⁸
2820 3941 3066 4005 πλείονος
3114 3940 3524 4012 ἐπειράσθησαν
3553 3939 3654 4008 τῆς
3743 3948 3756 3960 ‘

2072 4032 2521 4103 θαυματουργίας
2543 4046 2557 4060 ·
2594 4031 2748 4100 ἄφνω
2790 4032 2890 4094 τὰς
2922 4031 3152 4101 σιδηρᾶς
3180 4030 3362 4083 αὐτῶν
3395 4027 3654 4099 χειροπε-

2069 4125 2166 4188 δας
2195 4125 2499 4196 ἑωρακότες
2529 4122 2954 4193 διαρρηχθείσας
2998 4125 3043 4162 ε·
3075 4121 3192 4175 ἀλλ’
3224 4121 3422 4190 ἠλίθιοι
3459 4119 3612 4182 ὄντες
3633 4158 3650 4182 ,

2071 4215 2205 4287 πρὸς
2251 4217 2349 4286 μὲν
2380 4217 2440 4270 τὸ
2488 4216 2664 4288 παρὸν
2705 4215 3034 4279 ἐδειλίασαν,
3089 4214 3200 4267 τῶν
3245 4213 3513 4284 θεμελίων
3553 4212 3654 4278 τῆς

2071 4310 2312 4376 φρουρᾶς
2330 4305 2768 4376 ἁνακινηθέντων
2789 4302 3010 4358 καὶτῶν
3032 4302 3210 4373 θυρῶν
3232 4299 3608 4372 ἁνεῳχθεισῶν
3635 4314 3654 4330 ο

291 4811 298 4816 _
380 4747 553 4802 bitror
584 4760 765 4804 autem
809 4766 911 4820 ego
940 4751 1140 4820 aliquid
1179 4751 1283 4804 tale
1332 4750 1531 4803 factum
1596 4748 1765 4805 fuisse
1797 4751 1847 4806 in
1882 4753 1964 4806 in-

382 4383 517 4436 atleo
552 4393 609 4436 ut
641 4399 739 4438 nec
765 4385 1004 4440 carceris
1033 4386 1265 4449 custodi,
1294 4400 1392 4440 nec
1409 4385 1580 4440 cuivis
1611 4383 1763 4438 alteri
1802 4381 1964 4437 locuti

2072 4399 2483 4470 καταφρονηταὶ¹
2520 4398 2577 4451 δὲ
2619 4396 2771 4460 ὅντες
2815 4396 2909 4449 τοῦ
2940 4395 3112 4461 Θεοῦ,
3158 4394 3298 4466 μετὰ
3327 4395 3388 4447 τὸ
3419 4394 3654 4462 πρᾶγμα

386 4472 583 4526 fuerint
611 4474 675 4527 de
710 4484 857 4529 tanto
877 4476 1104 4543 timore;
1139 4492 1260 4531 cum
1287 4484 1434 4530 certe
1454 4489 1546 4530 eos
1577 4474 1909 4543 oportuisset
1933 4489 1962 4528 a

2072 4487 2324 4540 τοσοῦτον
2357 4486 2684 4540 ἐπελάθοντο
2713 4481 2806 4537 τοῦ
2842 4485 3164 4552 γεγονότος,
3208 4482 3350 4536 ὥστε
3382 4480 3519 4552 μηδέ
3546 4479 3648 4532 λα-

381 4564 620 4618 curceris
669 4567 895 4619 custode
935 4575 1028 4619 aut
1073 4583 1102 4619 a
1150 4566 1315 4623 Paulo
1360 4579 1582 4620 causam
1615 4563 1803 4618 audire
1838 4579 1965 4634 pro-

2066 4578 2224 4649 λῆσαι
2267 4579 2346 4649 τῷ
2389 4577 2760 4648 δεσμοφύλακι
2793 4577 2825 4647 ἢ
2875 4577 3018 4646 ἄλλῳ
3053 4576 3080 4616 h
3108 4576 3215 4630 τινὶ
3244 4575 3337 4628 τὸν
3376 4571 3646 4644 γεγονότα

383 4657 536 4725 digii,
573 4670 626 4712 ct
656 4659 930 4714 multatics
955 4676 1020 4715 ex
1052 4661 1251 4729 pietate
1307 4660 1472 4715 corde
1519 4660 1826 4730 compungi.
1857 4660 1960 4713 Ar-

2066 4670 2229 4738 φόϐον
2263 4684 2276 4698 ·
2305 4665 2341 4741 ἦ
2383 4669 2493 4739 γὰρ
2541 4669 2607 4722 ἂν
2649 4668 2885 4738 ἤμελλον
2912 4667 3016 4720 ὑπὸ
3049 4667 3145 4720 τοῦ
3174 4664 3584 4736 δεσμοφύλακος
3614 4662 3648 4732 ἢ

2063 4759 2169 4813 ὑπὸ
2193 4759 2302 4812 τῶν
2330 4759 2455 4829 περὶ
2479 4757 2688 4811 Παῦλον
2721 4758 2954 4810 ἀκοῦσαι
2981 4757 3040 4811 τὸ
3064 4758 3237 4810 αἴτιον
3271 4755 3372 4825 τῆς
3399 4755 3640 4822 θαυματ-

381 4841 560 4904 fer-no,
599 4858 720 4896 cum
787 4843 1049 4898 Dominus
1113 4852 1298 4898 noster
1355 4839 1517 4896 Jesus
1567 4842 1836 4909 Christus,
1869 4845 1960 4898 Dei

2066 4850 2313 4918 ουργίας,
2363 4847 2458 4900 καὶ
2505 4847 2767 4910 πολλάκις
2797 4847 3173 4914 κατανυγῆναι
3203 4846 3283 4907 είς
3313 4841 3646 4895 θεοσέϐειαν.

379 4931 644 4998 Verbum,
671 4935 775 4990 huc
812 4937 1093 4989 descendit
1119 4942 1330 5004 gustata
1360 4934 1744 5003 aliquantisper
1769 4947 1958 4991 morte.

379 5024 664 5079 Commota
712 5036 835 5080 sunt
888 5023 1234 5078 fundamenta
1273 5034 1464 5090 terra},
1499 5039 1550 5080 et
1585 5029 1957 5082 universorum

383 5114 556 5168 soluta
592 5127 720 5170 sunt
751 5115 1002 5179 vincula;
1033 5116 1231 5185 quique
1283 5118 1551 5173 Salvatori
1583 5119 1796 5173 obviam
1846 5121 1961 5175 ive-

385 5218 508 5260 runt
539 5219 589 5260 et
620 5207 672 5259 iu
704 5224 825 5260 eum
888 5206 1252 5273 crediderunt,
1281 5226 1470 5265 omnes
1498 5211 1627 5264 salvi
1655 5211 1779 5264 facti
1814 5223 1960 5274 sunt,

385 5297 528 5351 sicut
584 5298 822 5350 carceris
881 5305 1067 5352 custos
1120 5311 1173 5352 et
1217 5302 1408 5357 domus
1451 5304 1605 5373 ejus;
1661 5304 1966 5372 quicurtque

385 5398 564 5443 autem
592 5402 716 5441 eum
745 5402 849 5439 non
885 5387 1288 5458 invocaverunt,
1336 5410 1510 5465 neque
1541 5396 1866 5450 studuerunt
1903 5397 1967 5449 de

454 5543 474 5572 τ’
516 5540 659 5594 Psal.
686 5554 880 5609 cxvm,
914 5542 1002 5597 62.

463 5706 487 5773 ξ
616 5691 765 5773 (EI.th
797 5702 924 5771 γάρ.
1002 5700 1024 5740 δ
1057 5703 1114 5762 C.
1149 5705 1207 5758 (ἰ.
1243 5706 1352 5767 τοῖς
1416 5707 1512 5767 εἰς.

386 5764 413 5805 ³³
443 5763 508 5822 C.
535 5764 595 5819 (ἒ.
626 5765 772 5820 ἄλλο.

1636 5715 1655 5742 ε
1695 5704 1844 5758 ΟᾸΣ.
1910 5700 1973 5775 ἦν
2040 5705 2222 5758 αὑτοῦ.

2082 4938 2354 5009 Ἥγοῦμαι
2380 4939 2435 4992 δὲ
2463 4939 2556 4991 καί
2587 4956 2638 4990 τι
2667 4937 2908 4990 τοιοῦτον
2937 4935 3272 5005 γεγενῆσθαι
3300 4934 3392 4987 καὶ
3416 4935 3472 4984 ἐν
3498 4933 3647 5004 ᾅδου,

2069 5031 2212 5085 κατὰ
2245 5032 2336 5085 τὸν
2367 5033 2557 5103 καιρὸν
2588 5032 2796 5083 ἐκεῖνον
2832 5029 2956 5082 καθ’
2985 5029 3042 5081 ὃν
3075 5028 3346 5098 κατῆλθεν
3385 5029 3413 5080 ὀ
3445 5027 3649 5096 Κύριος

2070 5123 2230 5192 ἡμῶν
2263 5122 2469 5194 Ἰησοῦς
2498 5125 2754 5193 ἶριστὸς,
2783 5124 2811 5174 ὁ
2835 5122 2927 5174 τοῦ
2961 5121 3096 5174 Θεοῦ
3118 5121 3288 5188 Λόγος
3314 5120 3485 5182 κάτω,
3514 5117 3651 5187 πρὸς

2071 5214 2249 5282 ὀλίγον
2286 5215 2378 5268 τοῦ
2426 5217 2656 5268 θανάτου
2687 5213 3025 5283 γευσάμενος
3047 5230 3059 5243 ·
3101 5213 3196 5265 καὶ
3228 5211 3552 5280 ἐσείσθησαν
3581 5211 3650 5261 τὰ

2073 5305 2298 5373 θεμέλια
2333 5310 2433 5376 τῆς
2483 5307 2586 5376 γῆς
2609 5349 2623 5370 ,
2655 5310 2750 5360 καὶ
2794 5307 3011 5358 πάντων
3041 5304 3111 5357 τὰ
3139 5304 3314 5373 δεσμὰ
3357 5301 3648 5371 ἐλύθησανο

2072 5397 2165 5450 καὶ
2197 5398 2309 5450 ὅσοι
2354 5397 2452 5469 μὲν
2481 5399 2859 5470 προσέδραμον
2901 5397 2978 5466 τῷ
3012 5396 3227 5466 Σωτῆρι
3273 5396 3363 5448 καὶ
3397 5393 3652 5448 ἐπίστευ-

2336 5704 2354 5746 ί
2386 5708 2442 5760 C.
2479 5706 2536 5761 C.
2575 5706 2854 5778 δεσμότπς.
2977 5708 3001 5747 ε
3033 5706 3092 5762 C.
3123 5706 3182 5761 C.
3215 5702 3644 5777 διαρῤηχθήσας.
