4064 6460
298 362 450 433 1561

1245 372 1713 433 FARGMENTA
1754 371 1836 431 IN
1875 371 2065 432 ACTA
2102 372 2684 434 APOSTOLORUM.

3481 375 3618 443 1562

297 490 409 526 σαν
445 475 541 538 είς
578 475 763 543 αὑτὸν,
813 476 1119 548 ἐσώθησαν,
1150 477 1226 543 ὡς
1263 480 1291 532 ὁ
1333 477 1682 549 δεσμοφύλαξ
1730 478 1825 532 καὶ
1870 479 1920 532 oi

2033 479 2328 534 incredibili
2363 481 2625 536 miracqu
2661 479 3007 552 investigare,
3046 482 3080 537 ii
3103 498 3297 540 omnes
3320 485 3373 540 in
3405 487 3617 542 inl‘eruo

297 565 484 619 αὑτοῦ
525 583 540 595 ⁸
585 569 783 623 ὅσοιδέ
831 571 1454 642 ἀποπροσεποιήσαντοί
1489 571 1584 627 καὶ
1645 571 1748 625 οὐκ
1791 571 1920 625 άντ-

297 655 705 728 εποιήσαντοί
744 658 839 713 τοῦ
864 660 1392 732 πολυπραγμονῆσαι
1415 663 1478 715 τὸ
1501 661 1804 734 παράδοξον
1827 661 1920 716 τοῦ

300 746 638 818 θαύματος,
674 743 817 805 οὗτοι
846 750 1068 822 ἔμειναν
1091 753 1252 808 πάλιν
1305 755 1362 806 ἐν
1389 754 1540 825 ᾆδου·
1585 753 1777 824 ὥσπερ
1809 755 1920 824 γὰρ

299 838 354 891 οἱ
393 841 542 911 περὶ
573 841 790 896 Παῦλον
831 842 1054 914 ἐξῆλθον
1099 843 1466 910 ἀπολυθέντες
1512 846 1586 901 ἕω
1630 847 1658 886 κ
1690 847 1799 900 ἀπὸ
1823 848 1923 917 τῆς

301 930 608 1003 φυλακῆς,
638 932 780 988 οὕτω
804 934 898 989 καὶ
926 936 954 988 ό
975 935 1209 1006 Χριστὸς
1235 935 1456 1011 ἔννυχος
1485 937 1503 976 1
1529 938 1741 1008 πρωΐας
1769 936 1924 991 ἀνελ-

301 1019 425 1073 θὼν
441 1021 566 1075 άπὸ
595 1024 688 1076 τοῦ
712 1023 895 1095 ᾅδου,¹¹¹
920 1025 1015 1079 καὶ
1036 1025 1346 1093 ἀπολυθεὶς,
1376 1027 1462 1095 (ού
1487 1029 1595 1099 γάρ
1619 1024 1686 1100 ἦν
1708 1037 1735 1065 η
1760 1027 1924 1082 αὐτὸν

301 1112 471 1190 εἰκὸς
494 1156 510 1179 ,
544 1113 684 1169 Θεὸν
711 1117 858 1184 ὄντα,
891 1117 1208 1188 κρατεῖσθαι
1233 1118 1339 1172 ύπὺ
1376 1119 1470 1173 τοῦ
1499 1118 1776 1188 θανάτου),
1830 1119 1925 1174 ἀν-

301 1204 476 1277 έστη,
521 1209 624 1262 καὶ
675 1209 953 1279 συντυχὼν
999 1213 1116 1274 τοῖς
1155 1213 1369 1275 πιστοῖς
1414 1209 1582 1266 αὑτοῦ
1629 1210 1921 1282 μαθηταῖς,

304 1299 408 1350 καὶ
439 1302 580 1362 ταῖς
617 1301 748 1371 περὶ
779 1301 1000 1372 Μαρίαν
1025 1303 1274 1372 γυναιξὶν
1305 1305 1363 1356 ἐν
1396 1302 1659 1374 πρώτοις,
1690 1304 1787 1356 καὶ
1815 1320 1924 1356 πα-

309 1390 654 1461 ρακαλέσας
688 1392 885 1456 αὐτοὺς
927 1395 1020 1453 καὶ
1057 1394 1489 1465 παραθαρσύνας
1527 1395 1664 1466 πρὸς
1695 1395 1795 1465 τὴν
1836 1395 1925 1449 πί-

307 1497 464 1544 στιν,
508 1482 611 1536 καὶ
629 1481 806 1551 λέγων
833 1499 848 1514 ·
883 1484 1488 1558 Θαρσεῖτε,άνελήφθη
1521 1486 1600 1549 εἰς
1631 1484 1922 1556 οὐρανοὺς,

308 1573 444 1644 ἐνδη
456 1575 656 1646 μήσας
685 1575 823 1649 πρὸς
850 1575 942 1630 τὸν
978 1577 1201 1648 Πατέρα
1227 1577 1421 1631 ἑαυτοῦ
1457 1577 1548 1631 τὸν
1579 1576 1712 1631 Θεόν
1738 1591 1752 1606 ·
1780 1575 1924 1629 οὕτω

307 1663 430 1736 γὰρ
468 1669 579 1719 καὶ⁸
610 1668 658 1721 oi
689 1667 818 1738 περὶ
843 1667 1005 1722 Σίλαν
1042 1667 1354 1734 ἐξελθόντες
1382 1668 1488 1723 ἀπὸ
1521 1668 1615 1721 τοῦ
1645 1667 1925 1739 δεσμωτη-

309 1754 440 1822 ρίου
465 1795 482 1819 ,
537 1757 641 1808 καὶ
682 1756 1040 1826 συντυχόντες
1072 1759 1194 1821 ταῖς
1235 1755 1368 1827 περὶ
1411 1755 1633 1823 Λυδίαν,
1676 1756 1774 1809 καὶ
1810 1757 1923 1820 τοῖς

2025 581 2430 630 remanserunt.
2476 572 2945 638 Quemadmodum
2979 574 3203 640 Paulus,
3244 575 3438 632 solutis
3494 577 3615 630 vino

2023 664 2184 729 culis,
2212 679 2670 720 maneecarcere
2725 665 2920 732 exivit,
2963 665 3036 719 ita
3098 666 3349 724 Christus
3406 683 3618 722 summo

2024 770 2184 810 mane
2223 771 2291 809 ex
2338 755 2552 810 inferno
2588 765 2868 811 revertens
2919 766 2975 810 et
3025 759 3237 811 solutus
3266 798 3281 820 ,
3327 773 3434 811 non
3468 757 3612 811 enim

2025 845 2247 901 decebat
2277 859 2420 911 eum,
2455 855 2640 914 utpote
2696 845 2892 911 Deum,
2942 855 3118 899 morte
3164 846 3447 914 superari,
3499 861 3618 898 sur—

2025 939 2188 1004 rexit,
2218 946 2272 994 et
2303 937 2552 992 ﬁdelibus
2598 936 2878 1008 discipulis
2912 937 3048 1003 suis,
3081 947 3136 992 et
3165 937 3350 992 Mariae
3385 938 3616 1006 primum

2025 1045 2316 1102 apparens,
2344 1046 2437 1086 eos
2467 1031 2783 1085 consolatus
2807 1039 2910 1098 est,
2947 1037 3001 1085 et
3027 1031 3372 1085 conﬁrmavit
3404 1031 3456 1084 in
3492 1029 3616 1094 ﬁde,

2029 1135 2085 1180 et
2135 1123 2371 1179 dicens:
2411 1122 2601 1178 Fortes
2657 1132 2842 1190 estote,
2905 1132 3218 1193 assumptus
3271 1130 3356 1178 est
3418 1123 3471 1175 in
3505 1136 3620 1176 coe-

2025 1215 2134 1270 lum
2158 1256 2175 1281 ,
2204 1216 2270 1271 ad
2302 1216 2465 1271 Deum
2499 1215 2715 1271 Patrem
2757 1233 2914 1273 suum
2947 1231 3005 1271 se
3035 1216 3324 1286 recipiens.
3357 1213 3623 1268 Similiter

2024 1306 2224 1362 Paulus
2254 1317 2308 1362 et
2337 1307 2478 1364 Silas
2507 1323 2538 1363 e
2560 1321 2783 1364 carcere
2823 1317 3088 1362 exeuntes
3117 1346 3133 1372 ,
3165 1317 3218 1362 et
3243 1304 3408 1376 Lydia
3438 1302 3622 1359 l‘ratri-

2025 1398 2234 1469 busque
2257 1398 2407 1466 visis,
2422 1399 2648 1469 profecti
2671 1407 2815 1455 sunt.
2845 1397 3153 1454 Notandum
3187 1405 3273 1453 est
3329 1405 3512 1452 autem
3547 1394 3623 1450 si-

2027 1504 2097 1544 ne
2128 1489 2236 1545 ﬁde
2267 1488 2324 1543 in
2349 1488 2626 1544 Christum
2673 1487 3008 1556 impossibile
3071 1501 3194 1543 esse
3226 1485 3437 1541 salvum
3469 1484 3619 1548 ﬁeri,

2025 1593 2127 1633 nec
2148 1587 2379 1646 castum,
2413 1591 2514 1633 nec
2547 1577 2805 1632 humilem
2840 1615 2856 1641 ,
2913 1591 3014 1630 nec
3081 1583 3423 1629 mansuetum
3449 1611 3466 1636 ,
3519 1583 3623 1624 nec

2025 1667 2068 1723 si
2104 1681 2266 1738 quem
2321 1665 2471 1722 dicas
2530 1677 2909 1735 quamcunque
2964 1664 3261 1726 virtutem,
3323 1660 3620 1716 secundum

2025 1758 2578 1828 pseudophilosopltos
2609 1765 2665 1812 et
2689 1756 2906 1812 Judaeos
2928 1755 3370 1825 amplectentem.

305 1851 546 1912 πιστοῖς
593 1849 845 1918 ἀδελφοῖς
869 1888 884 1914 ,
925 1849 1314 1922 ἀπεδήμησαν.
1358 1849 1705 1920 Σημειωτέον
1755 1848 1812 1903 δέ
1845 1849 1927 1904 ὅτι
1963 1849 2094 1905 ἄνευ
2121 1849 2216 1904 τοῦ
2246 1850 2537 1905 πιστεῦσαι
2596 1851 2677 1913 είς
2731 1849 2824 1903 τὸν
2865 1846 3097 1921 Ἰησοῦν,
3143 1846 3407 1902 ἀδύνατον
3443 1840 3624 1912 σωθῆ-

303 1957 404 1994 ναι
423 1956 438 1970 ο
475 1940 595 1994 κᾶν
627 1939 860 2011 σώφρων
883 1957 968 2004 τις
991 1936 1048 2014 ᾖ,
1083 1941 1187 1994 κᾶν
1218 1940 1495 2005 κενόδοξος
1518 1947 1565 2007 ο,
1597 1941 1704 1996 κᾶν
1723 1940 1926 2014 πραῢς,
1966 1941 2072 1997 κᾶν
2103 1943 2208 1997 εῐτι
2243 1942 2444 2014 δήποτε
2501 1931 2692 2012 ἕτερον
2719 1951 2748 1994 P
2799 1940 2964 2012 εἴπης
3021 1938 3225 2012 ἀρετῆς
3273 1935 3532 2007 ἐχόμενον
3559 1943 3586 1983 (ι
3606 1975 3623 2000 ,

304 2030 403 2086 διὰ
433 2032 577 2096 τοὺς
605 2031 1101 2102 ψευδοφιλοσόφους
1128 2033 1224 2088 καὶ
1253 2034 1382 2097 τοὺς
1414 2033 1730 2097 Ἰουδαίους.

393 2147 416 2181 ι
457 2128 582 2184 Καὶ
614 2128 885 2198 ἐλάλησαν
919 2129 1070 2200 αὐτῷ
1106 2129 1200 2184 τὸν
1231 2128 1392 2198 λόγον
1425 2129 1520 2184 τοῦ
1551 2130 1784 2201 Κυρίου,
1818 2132 1918 2186 σὺν

2092 2134 2261 2191 Vens.
2301 2135 2395 2190 3‘2.
2427 2153 2446 2187 ι
2478 2134 2544 2189 Et
2573 2132 2734 2188 locuti
2765 2138 2894 2187 sunt
2921 2129 2971 2185 ei
2999 2128 3224 2184 verbum
3247 2125 3482 2190 Domini,
3502 2138 3625 2179 cum

307 2220 461 2274 πᾶσι
499 2223 618 2283 τοῖς
643 2221 703 2272 ἐν
729 2222 795 2291 τῇ
827 2220 978 2290 οἰκίᾳ
1009 2221 1200 2274 αὐτοῦ.
1238 2238 1258 2272 ι

403 2311 550 2364 Ἰδοὺ
595 2311 758 2364 πάλιν
813 2310 911 2366 καὶ
955 2303 1058 2364 ὧδε
1110 2310 1491 2380 προλαμϐάνει
1541 2311 1574 2382 ἡ
1624 2312 1931 2384 κατήχησις

306 2402 378 2456 τὸ
410 2401 732 2472 βάπτισμαο
766 2401 859 2457 διὰ
914 2403 1006 2456 τὸν
1043 2402 1252 2456 τέλειον
1285 2403 1489 2474 ἄνδρα,
1523 2402 1759 2474 Ἕλληνα
1802 2404 1933 2459 ὄντα

309 2493 417 2548 καὶ
444 2494 562 2560 ἔξω
598 2493 812 2564 ἔχοντα,
845 2495 949 2550 οὐκ
980 2494 1185 2563 ὀφείλει
1221 2493 1511 2564 βαπτίζειν
1542 2510 1649 2559 τις,
1682 2495 1742 2548 ἐν
1771 2487 1816 2562 ᾧ
1856 2494 1932 2567 μὴ

308 2582 559 2639 δύναται
597 2583 832 2640 ἀκοῦσαι
858 2585 1020 2655 λόγον
1068 2585 1444 2656 κατηχητικδν
1494 2587 1592 2640 καὶ
1631 2586 1931 2654 καταδέξα-

313 2674 498 2741 σθαι,
539 2677 780 2746 μάλιστα
824 2677 876 2729 εί
930 2677 1206 2747 μηδέποτε
1257 2677 1475 2748 ἐμυήθη
1518 2677 1697 2747 λόγων
1746 2677 1928 2732 θείων·

313 2767 502 2838 βλέπε
529 2769 588 2821 δὲ
615 2769 697 2820 ὅτι
731 2767 820 2821 διὰ
848 2767 947 2838 τὴν
973 2768 1224 2837 ἀνάγκην
1257 2769 1422 2832 εὐθὺς
1453 2769 1594 2838 μετά
1637 2768 1737 2839 τὴν
1795 2786 1930 2822 κατ-

308 2857 535 2926 ήχησιν
567 2853 981 2924 ἐπηκολούθησε
1002 2854 1066 2906 τὺ
1101 2855 1387 2926 βάπτισμα
1419 2871 1432 2886 ·
1454 2855 1574 2920 δέος
1601 2856 1712 2927 γὰρ
1730 2852 1820 2926 ἦν,
1856 2857 1931 2930 μὴ

315 2947 665 3017 διωχθέντος
692 2947 790 3000 τοῦ
839 2947 1140 3016 δυναμένου
1195 2947 1496 3017 βαπτίσαι,
1531 2948 1694 3020 μείνῃ
1730 2949 1931 3018 ἀμέτο-

318 3057 425 3110 χος
469 3040 574 3109 τῆς
612 3038 758 3110 ζωῆς
795 3039 824 3092 ό
863 3039 1221 3110 βουλόμενος,
1263 3040 1356 3094 διὰ
1403 3042 1466 3095 τὸ
1522 3040 1599 3111 μὴ
1650 3035 1793 3094 εἶναι
1839 3040 1931 3094 τὸν

319 3147 499 3184 τουτο
538 3147 824 3186 ποιουντα.

404 3241 428 3275 ι
485 3221 827 3310 Ἐξελθόντες
859 3224 918 3278 δὲ
951 3225 1016 3278 ἐκ
1050 3224 1153 3295 τῆς
1193 3224 1444 3296 φυλακῆς
1481 3227 1735 3298 είσῆλθον
1789 3227 1929 3299 πρὸς

320 3315 433 3387 τὴν
450 3315 659 3370 Λυδίαν
681 3331 694 3345 ·
717 3315 814 3368 καὶ
847 3315 1046 3380 ἰδόντες
1070 3315 1199 3380 τοὺς
1225 3317 1514 3388 ἀδελφοὺς,
1544 3319 1932 3393 παρεκάλεσαν

324 3405 560 3474 αὐτοὺς,
597 3409 694 3462 καὶ¹
723 3407 972 3477 ἐξῆλθον.
1025 3425 1044 3459 ι

2033 2228 2288 2284 omnibus
2327 2227 2416 2296 qui
2449 2234 2609 2282 erant
2636 2225 2688 2278 iu
2723 2227 2887 2278 domo
2918 2219 3059 2290 ejus.
3102 2237 3122 2270 ι

2103 2320 2245 2374 Ecce
2278 2318 2368 2374 hic
2389 2318 2555 2372 etiam
2607 2313 2909 2372 catecbesis
2951 2311 3278 2382 baptismum
3332 2307 3623 2378 praecedit;

2032 2412 2216 2480 itaque
2233 2411 2407 2466 virum
2432 2409 2720 2472 Gentilem,
2740 2409 3088 2477 quantumvis
3110 2401 3442 2474 perfectum,
3465 2412 3626 2452 nemo

2033 2504 2196 2560 debet
2243 2502 2545 2572 baptizare,
2589 2502 2636 2554 si
2671 2513 2777 2552 non
2834 2495 3010 2566 potuit
3037 2491 3367 2550 catechesim
3413 2489 3626 2552 audire,

2032 2595 2338 2666 praesertim
2371 2594 2417 2650 si
2453 2592 2693 2648 nondum
2725 2587 2929 2644 divinis
2955 2586 3138 2642 verbis
3169 2584 3335 2639 fuerit
3358 2582 3624 2637 initiatus.

2034 2687 2169 2744 Vide
2193 2695 2398 2751 autem,
2436 2692 2661 2754 propter
2695 2679 3097 2743 necessitatem,
3130 2675 3459 2745 baptismum
3501 2682 3632 2726 sta-

2035 2780 2130 2835 tim
2188 2777 2464 2834 catecbesi
2517 2771 2930 2838 succedentem;
2970 2766 3320 2824 metuendum
3393 2777 3631 2834 namque

2033 2877 2155 2925 erat
2231 2883 2323 2934 ne,
2353 2881 2479 2923 cum
2522 2879 2646 2920 eum
2679 2868 3138 2934 persequerentur
3201 2858 3295 2928 qui
3350 2855 3630 2926 baptizare

2032 2967 2266 3032 poterat,
2321 2959 2447 3014 vitae
2511 2972 2706 3028 expers
2753 2963 3038 3018 maneret,
3102 2949 3371 3023 baptizari
3415 2949 3626 3012 volens,

2034 3067 2140 3109 non
2165 3060 2346 3108 autem
2368 3051 2578 3108 habens
2601 3051 2987 3120 baptizantem.

2105 3227 2390 3283 νεικείω.
2432 3245 2450 3278 ι
2490 3226 2764 3281 Exeuntes
2811 3229 2992 3278 autem
3033 3220 3099 3276 de
3142 3230 3365 3274 carcere
3390 3255 3406 3281 ,
3457 3213 3630 3268 intro-

2041 3322 2227 3378 ierunt
2251 3321 2317 3376 ad
2345 3319 2570 3391 Lydiam
2602 3327 2692 3374 :et
2723 3315 3141 3374 visisJ‘ratribus
3197 3308 3458 3368 consolati
3502 3313 3630 3388 sunt

2035 3429 2154 3478 eos,
2177 3422 2232 3468 et
2261 3411 2490 3483 profecti
2527 3419 2675 3467 sunt.
2715 3429 2734 3463 ι

403 3502 474 3554 Ὢ
531 3501 706 3570 πόσην
755 3495 904 3569 εῑχον
955 3497 1191 3567 ἀτυφίαν
1248 3497 1346 3551 καὶ
1395 3497 1651 3569 ἀγάπηνί
1699 3500 1780 3554 ὅτι
1830 3499 1928 3555 οὐκ

2106 3482 2379 3576 Oquanta
2431 3505 2511 3558 eis
2571 3512 2690 3557 erat
2749 3499 3016 3556 modestia
3067 3505 3122 3554 et
3173 3489 3466 3552 charitasl
3525 3486 3629 3556 Qui

323 3593 517 3657 ἄλλως
548 3593 844 3663 ἠνέσχοντο
882 3589 1230 3660 ἐκδημῆσαι,
1278 3589 1376 3642 καὶ
1421 3589 1597 3644 ταῦτα
1631 3591 1787 3662 παρὰ
1822 3592 1930 3646 τῶν

327 3685 669 3755 στρατηγῶν
701 3682 1231 3752 κατασπευδόμενοι,
1279 3681 1330 3733 εί
1383 3681 1460 3753 μὴ
1491 3681 1745 3752 εἰσῆλθον
1790 3683 1931 3754 πρὸς

325 3777 430 3848 τὴν
459 3775 666 3846 εὐτελῆ
694 3776 934 3843 γυναῖκα
958 3772 1052 3826 καὶ
1081 3773 1210 3836 τοὺς
1243 3771 1498 3840 λοιποὺς,
1529 3772 1625 3836 οὒς
1654 3773 1750 3828 καὶ
1775 3774 1932 3829 ἀδελ-

325 3871 467 3940 φοὺς
510 3869 765 3937 ἐκάλουν,
797 3868 893 3922 καὶ
920 3865 1283 3931 συνετάξαντο
1307 3867 1494 3929 αὐτοῖς
1524 3875 1570 3922 ι’.

937 4004 1190 4060 ΚΕΦΑΛ.
1222 4004 1324 4058 ῙΖ¹.

399 4139 420 4173 ι
478 4119 837 4192 Ζηλώσαντες
887 4119 946 4172 δὲ
1013 4118 1303 4184 Ἰουδαῖοι,
1353 4118 1448 4172 καὶ
1496 4115 1930 4187 προσλαϐόμενοι

324 4215 436 4268 τῶν
475 4212 758 4285 ἀγοραίων
782 4211 984 4282 ἄνδρας
1009 4210 1164 4274 τινὰς
1193 4210 1489 4282 πονηροὺς,
1513 4210 1608 4263 καὶ
1637 4208 1930 4280 ὀχλοποιή-

329 4323 554 4370 σαντες,
583 4303 874 4375 ἐθορύϐουν
904 4303 1004 4374 τὴν
1039 4302 1214 4358 πόλιν.
1255 4319 1275 4354 ι

399 4396 604 4452 Διττοῦ
646 4396 798 4459 ὄντος
825 4393 922 4447 τοῦ
971 4394 1138 4466 ζήλου
1166 4435 1180 4461 ,
1220 4394 1312 4447 τὸν
1349 4393 1572 4465 χείρονα
1606 4389 1931 4461 ἐπετήδευον

313 4535 315 4537 .
344 4488 605 4544 Ἰουδαῖοι
629 4501 642 4515 ·
669 4486 832 4556 ζῆλον
861 4479 955 4538 οὖν
986 4477 1090 4540 ὧδε
1120 4483 1212 4537 τὸν
1242 4483 1436 4553 φθόνον
1467 4481 1644 4536 καλεῖ.

412 4600 431 4631 ι
479 4581 591 4633 Καὶ
617 4572 768 4632 οὗτοι
796 4577 1000 4641 πάντες
1031 4576 1297 4630 ἀπέναντι
1331 4574 1444 4629 τῶν
1471 4573 1760 4643 δογμάτων
1787 4572 1932 4626 Καί-

337 4690 514 4744 σαρος
563 4671 906 4743 πράσσουσι,
945 4668 1172 4738 βασιλέα
1217 4667 1408 4737 ἕτερον
1449 4664 1704 4732 λέγοντες
1750 4657 1928 4727 εἶναι,

348 4763 586 4836 Ἰησοῦν.
643 4760 946 4832 Ἐτάραξαν
973 4760 1032 4812 δὲ
1059 4759 1151 4812 τὸν
1185 4757 1344 4829 ὄχλον
1383 4757 1480 4812 καὶ
1511 4758 1638 4820 τοὺς
1669 4753 1931 4826 πολιτάρ-

339 4873 443 4926 χας
475 4853 776 4916 ἀκούοντας
802 4851 997 4906 ταῦτα.
1038 4869 1058 4902 ι

411 4945 574 5001 Οὕτω
620 4947 718 5016 μὲν
755 4952 776 4980 ³
825 4945 922 4998 καὶ
954 4944 1006 4996 οἱ
1043 4941 1249 4995 τούτων
1283 4939 1525 5008 πατέρες
1578 4939 1928 5009 κατηγόρουν

342 5041 440 5093 τοῦ
477 5038 674 5110 Ἰησοῦ,
703 5037 956 5106 λέγοντες
975 5036 1058 5089 ὅτι
1092 5033 1318 5104 βασιλέα
1339 5031 1533 5086 ἐαυτὸν
1559 5029 1753 5084 καλεῖ·
1789 5030 1932 5099 πλὴν

353 5131 574 5194 ἐκεῖνοι,
616 5129 717 5184 κᾶν
745 5125 892 5200 εἶχόν
936 5144 1058 5181 τινα
1089 5125 1233 5180 κατὰ
1260 5124 1321 5179 τὸ
1363 5124 1694 5195 φαινόμενον
1724 5121 1937 5177 εὐαπά-

354 5238 521 5293 τητον
574 5221 752 5290 λόγον,
803 5220 938 5274 διότι
968 5219 1062 5290 ἔζη
1098 5219 1127 5270 ό
1161 5216 1674 5288 κατηγορούμενος,
1727 5208 1874 5269 οὗτοι
1918 5216 1934 5252 ⁸

347 5315 516 5368 ποίαν
560 5309 706 5384 εἶχον
736 5312 1026 5382 ἀποφυγὴν
1067 5309 1189 5364 τοῦ-
1209 5309 1445 5380 ψεύδους
1467 5348 1483 5374 ,
1519 5307 1774 5376 λέγοντες·
1801 5347 1816 5371 ,
1852 5307 1936 5360 ὅτι

364 5406 573 5474 Ἰησοῦν
617 5405 1048 5474 καταγγέλλουσι
1077 5414 1104 5442 ιι
1136 5401 1364 5472 βασιλέα
1385 5440 1400 5465 ,
1434 5400 1528 5453 τὸν
1567 5401 1691 5454 κατ’
1732 5399 1931 5463 αὐτοὺς

427 5587 444 5626 ί
482 5583 546 5638 C.
604 5580 666 5636 C.
713 5581 923 5652 ἀπεπρ.
986 5578 1020 5652 7i
1063 5579 1123 5632 C.
1156 5578 1617 5652 (λάντεποίησαν.

351 5663 376 5689 τι
406 5653 461 5707 In
497 5667 670 5722 marg.
711 5647 952 5706 abseiésa
985 5651 1093 5722 leg.
1139 5651 1262 5722 add.
1290 5664 1398 5722 rec.
1429 5647 1501 5702 m'.
1529 5655 1582 5722 ρ’
1613 5647 1787 5718 ἔννυχ’

351 5721 906 5790 «tumsnpplevimus.

352 5786 600 5854 αὐτούς(
625 5786 665 5831 “’
699 5791 758 5847 C.
792 5789 851 5846 C.
891 5792 978 5861 μέ.
1061 5795 1077 5825 ί
1117 5791 1180 5848 (ἶ.
1209 5789 1268 5845 (Σ.
1303 5786 1446 5844 οὗτοι
1474 5790 1548 5843 δέ.

1727 5577 1753 5616 ¹ί
1783 5577 1845 5632 C.
1877 5576 1928 5632 C.

1727 5655 1787 5716 ›χ’
1825 5663 1922 5716 ρωι

2033 5573 2162 5629 ›θεν.
2274 5573 2383 5628 lC.
2415 5574 2456 5629 (3
2511 5573 2717 5643 Κύριος
2738 5573 2975 5639 ἔννυχον.
3076 5573 3115 5602 ω
3144 5573 3204 5617 C.
3250 5573 3315 5618 υ.
3363 5573 3421 5629 ἐξ
3466 5573 3617 5634 ᾁδου.

2033 5645 2130 5697 ελθ¹
2162 5645 2223 5716 τὸ
2244 5647 2338 5716 τοῦ
2368 5644 2493 5698 ἆδου
2527 5639 2897 5716 καὶῌτολυθεὶς
2927 5639 2985 5690 οὐ
3026 5636 3134 5716 γὰρ
3165 5631 3253 5716 ἦν.
3289 5632 3438 5716 Hqu
3469 5633 3622 5716 «(lele-

996 5730 1016 5751 ⁶
1040 5705 1120 5773 vC.
1153 5721 1212 5773 C.
1243 5721 1337 5772 καὶ
1377 5719 1590 5772 ἀκενόδ.
1671 5729 1697 5767 Ρ
1727 5705 1785 5772 (ἶ.
1818 5705 1878 5770 C.
1913 5717 2115 5786 δήποτε
2140 5715 2234 5768 οὖν
2264 5715 2472 5783 ἕτερον.
2553 5724 2580 5763 τι
2607 5713 2665 5770 C.
2699 5712 2756 5765 C.
2792 5711 3050 5781 ἐχόμενον
3083 5705 3307 5777 ἀρετῆς,

1061 5795 1077 5825 ⁸
1117 5791 1180 5844 (ἶ.
1209 5789 1268 5844 C.
1303 5786 1446 5844 οὗτοι
1474 5790 1548 5843 δέ.
1631 5798 1656 5827 ε
1693 5791 1749 5843 (.3.
1785 5789 1846 5844 C.
1885 5785 2315 5844 καταγγέλλωσι.

2032 3593 2303 3664 proﬁcisci
2359 3591 2670 3654 noluerunt,
2723 3591 2908 3646 liccta
2957 3587 3367 3659 magistratibus
3393 3579 3628 3645 dimissi,

2033 3685 2164 3754 quin
2220 3684 2538 3739 introissent
2575 3683 2641 3735 ad
2684 3680 2972 3752 ignobilem
3013 3679 3298 3733 mulierem
3326 3684 3382 3729 et
3405 3673 3473 3726 ad
3493 3671 3630 3724 alios

2033 3788 2168 3844 quos
2219 3773 2419 3829 fratres
2470 3771 2851 3841 appellabant,
2879 3778 2933 3826 et
2981 3783 3040 3825 se
3085 3767 3164 3822 eis
3206 3778 3363 3835 pares
3402 3759 3627 3817 eﬂ’ecis—

2034 3877 2176 3925 sent.

2640 3993 2794 4051 CAP.
2821 3991 2986 4049 XVII.

2110 4111 2279 4165 Vsus.
2314 4108 2406 4164 15.
2442 4125 2460 4160 ι
2490 4106 2738 4162 Zelantes
2789 4113 2968 4176 autem
3005 4102 3202 4169 Judaei,
3263 4106 3630 4155 assumentes-

2034 4218 2140 4274 que
2170 4204 2237 4257 de
2268 4201 2427 4272 vulgo
2467 4199 2616 4254 viros
2654 4196 2919 4267 quosdam
2952 4195 3146 4260 malos,
3181 4203 3235 4248 et
3264 4193 3421 4247 turba
3456 4190 3625 4259 facta,

2033 4292 2448 4349 concitaverunt
2479 4290 2774 4345 civitatem.
2814 4306 2836 4341 ι

2107 4384 2313 4453 Duplex
2350 4382 2496 4438 zelus
2536 4396 2551 4436 :
2597 4381 2838 4452 pejorem
2898 4388 3202 4448 sequuntur
3248 4374 3421 4431 Judaei
3456 4389 3625 4442 ;nam

2035 4478 2124 4533 hic
2149 4491 2246 4546 pro
2281 4475 2482 4530 invidia
2506 4474 2658 4530 zelus
2684 4473 2900 4528 dicitur.

2111 4569 2277 4625 Vsus.
2300 4567 2352 4634 7,
2386 4567 2441 4622 8.
2477 4585 2496 4619 ι
2542 4566 2609 4621 lli
2667 4579 2858 4622 omnes
2885 4571 3076 4621 contra
3133 4563 3349 4619 decreta
3396 4561 3627 4618 Caesaris

2037 4663 2262 4729 faciunt,
2287 4675 2470 4730 regem
2506 4659 2670 4714 alium
2695 4657 2940 4713 dicentes
2961 4670 3083 4712 esse
3127 4654 3334 4710 Jesum.
3379 4653 3630 4708 Concita-

2035 4765 2237 4812 verunt
2263 4761 2445 4810 autem
2473 4753 2688 4825 plebem
2714 4759 2770 4807 et
2789 4749 3062 4821 principes
3085 4746 3323 4804 civitatis
3344 4746 3629 4801 audientes

1961 4842 2006 4897 Ῐ)
2037 4850 2174 4905 haec.
2215 4866 2235 4899 ι

2102 4937 2304 4994 Eodem
2340 4935 2500 4991 modo
2525 4934 2709 4990 Jesum
2736 4939 2922 5004 patres
2948 4946 3138 4987 eorum
3169 4928 3623 4991 criminabantur,

2033 5029 2280 5084 dicentes
2333 5041 2457 5081 eum
2483 5039 2544 5080 se
2581 5038 2760 5094 regem
2793 5021 3020 5087 facere;
3060 5019 3151 5089 qui
3212 5019 3408 5074 saltem
3475 5017 3626 5069 vide-

2041 5121 2239 5176 bantur
2271 5117 2632 5188 probabiliter
2659 5114 2859 5184 decipi,
2880 5126 2944 5168 eo
2961 5111 3104 5181 quod
3136 5110 3343 5162 viveret
3369 5106 3626 5161 crimina-

2040 5224 2168 5280 tus;
2196 5211 2316 5267 istis
2346 5220 2527 5265 autem
2562 5208 2833 5278 quodnam
2884 5203 3136 5259 falsitatis
3192 5201 3468 5270 effugium,
3501 5213 3620 5252 cum

2046 5305 2237 5360 dicunt
2281 5303 2445 5356 istum
2474 5299 2755 5372 praedicari
2823 5311 3029 5366 regem,
3065 5308 3223 5364 quem
3250 5291 3348 5361 ipsi
3402 5289 3617 5344 occide-

2052 5403 2179 5450 runt
2203 5393 2447 5450 iVivens
2469 5394 2685 5464 quidem
2719 5405 2852 5447 sane
2882 5397 3023 5454 erat,
3045 5387 3139 5442 sed
3173 5399 3275 5439 non
3301 5381 3618 5454 apparebat;

2274 5572 2383 5628 lC.
2415 5574 2456 5629 (3
2511 5570 2976 5643 Κύριος-ἔννυχονἶ
3075 5573 3115 5643 ξω
3144 5564 3204 5643 (ξ.
3250 5561 3422 5643 ϐίῃέξ
3466 5561 3617 5643 ᾅδου.

3391 5705 3438 5742 ἰ’
3467 5699 3531 5757 C.
3553 5700 3617 5756 C.
