4064 6386
516 350 654 419 1563

1669 347 2008 410 ΑΜΜΟΝΙῙ
2045 348 2580 409 ALEXANDRINI

3639 347 3780 416 1564

510 480 614 520 nec
664 471 883 535 propter
924 477 1046 516 eum
1109 477 1205 516 cur
1261 461 1564 524 timerent,
1616 460 1880 515 habebant
1936 476 2056 531 rege

2161 517 2165 524 _
2193 459 2554 513 arro05tv6vm'
2574 458 2692 528 ἦτοι
2719 457 2899 523 ζῶντα
2934 458 3051 528 μὲν,
3080 457 3141 511 οὔ
3169 458 3500 530 φαινόμενον
3529 459 3585 513 δέ
3608 476 3622 523 ;
3650 478 3713 513 πε
3727 466 3777 531 pi

508 567 691 621 terrm,
725 571 847 610 eum
904 571 1007 608 non
1060 554 1307 607 videntes
1355 551 1621 607 omnino:
1670 552 1858 606 deliria
1924 553 2088 623 igitur

509 648 939 703 criminationes.
997 643 1376 700 Verumtamen
1433 660 1595 699 nosse
1662 646 1919 698 credendi
1956 654 2085 699 sunt

506 736 763 807 apostoli,
797 751 943 802 eum,
981 735 1210 800 scilicet,
1238 735 1337 790 etsi
1386 749 1492 790 non
1541 745 1855 805 appareret,
1904 735 2082 807 reipsa

504 843 687 899 regem
709 842 850 894 esse,
876 827 1029 900 cujus
1053 828 1202 899 regni
1234 845 1341 883 non
1377 827 1476 882 erit
1511 827 1658 896 ﬁnis.

578 1095 745 1154 Vens.
777 1097 864 1163 {0,
892 1098 978 1153 ll.
1014 1118 1033 1151 ι
1059 1097 1160 1166 Qui
1194 1112 1313 1151 cum
1344 1097 1640 1165 venissent,
1665 1099 1717 1153 in
1752 1114 2080 1171 synagogam

500 1188 811 1247 Iudaeorum
872 1190 1219 1244 introierunt.
1251 1187 1314 1243 Hi
1354 1200 1536 1245 autem
1583 1202 1740 1245 erant
1783 1191 2080 1248 nobiliores

500 1297 689 1337 eorum
716 1282 806 1350 qui
838 1292 966 1335 sunt
989 1280 1412 1337 Thessalonice.
1442 1301 1460 1334 ι

571 1372 685 1428 Hoc
732 1375 963 1444 angebat
992 1372 1228 1440 Judwos,
1263 1377 1405 1429 sicut
1470 1392 1634 1447 supra
1695 1379 1894 1432 dictum
1948 1388 2075 1434 est:

497 1463 777 1517 mulierum
856 1465 1178 1519 nobiliarum
1238 1482 1431 1537 magna
1475 1468 1784 1526 multitudo.
1839 1470 2076 1526 Ditiores

496 1556 644 1611 enim
675 1557 936 1613 mulieres
997 1573 1183 1612 secum
1240 1558 1438 1614 habere
1492 1561 1744 1616 volebant
1765 1564 1829 1616 ad
1865 1562 2073 1617 lucrum

494 1662 565 1703 ex
594 1651 673 1703 eis
700 1651 1043 1718 capiendum,
1077 1651 1294 1719 quando
1332 1652 1573 1707 avaritiae
1623 1663 1679 1708 et
1715 1656 1795 1708 sui
1830 1656 2072 1724 ipsorum

494 1754 675 1807 amor,
707 1756 800 1795 seu
833 1743 1011 1810 potius
1037 1743 1271 1809 dtemon,
1300 1760 1395 1799 eos
1447 1747 1665 1799 tem-bat
1694 1763 1710 1810 ;
1751 1749 1892 1802 unde
1910 1749 2071 1804 satis-

494 1832 729 1889 factione
755 1847 976 1904 accepta
1005 1834 1260 1892 Iasonem
1288 1847 1341 1893 et
1367 1848 1594 1895 caeteros
1622 1841 1968 1896 dimiserunt.

579 2031 598 2065 ι
627 2013 728 2081 Qui
760 2025 1119 2083 susceperunt
1154 2016 1375 2070 verbum
1426 2033 1548 2072 cum
1598 2018 1743 2072 omni
1792 2020 2077 2086 aviditate,

489 2105 733 2173 quotidie
792 2116 1097 2161 scrutantes
1132 2107 1463 2179 Scripturas,
1496 2111 1541 2165 si
1570 2112 1683 2166 haec
1712 2111 1786 2165 ita
1820 2127 1879 2167 se
1913 2113 2075 2168 babe-

487 2205 630 2251 rent.
655 2216 672 2249 ι

558 2284 674 2341 Non
698 2288 1036 2345 utiucreduli
1073 2292 1478 2375 investigabant
1506 2338 1520 2359 ,
1558 2295 2068 2368 siquidemjamjam

484 2379 849 2443 crediderant,
882 2383 975 2435 sed
1005 2392 1061 2435 ut
1094 2385 1269 2453 ignari
1300 2386 1536 2455 antiqua:
1568 2390 1950 2455 prophetarum
1982 2392 2073 2444 do-

481 2468 671 2522 ctrina:
697 2488 710 2522 :
733 2471 813 2523 vel
844 2473 1020 2541 potius
1040 2490 1104 2527 eo
1136 2477 1307 2546 magis
1324 2477 1618 2532 credebant
1635 2482 1798 2548 quod,
1823 2480 2039 2550 Scriptu
2058 2510 2072 2523 -

483 2570 575 2610 ras
605 2570 931 2627 scrutantes,
960 2573 1200 2617 veterum
1232 2569 1617 2635 prophetarum
1649 2572 1807 2624 dietis
1840 2587 2070 2626 corisen-

483 2648 589 2701 tire
625 2650 1007 2709 incarnationis
1032 2654 1241 2711 Domini
1296 2659 1733 2717 circumstantias
1802 2664 2062 2719 viderent.

565 2904 729 2966 Vens.
768 2912 853 2967 Η.
892 2913 1237 2988 «Statimque
1288 2930 1415 2976 tunc
1466 2922 1688 2978 Paulum
1739 2928 2064 2987 dimiserunt

478 2995 678 3055 fratres
706 3015 763 3057 ut
792 3006 889 3060 iret
923 3023 1096 3076 usque
1126 3011 1195 3064 ad
1239 3027 1391 3067 mare
1420 3031 1435 3069 :
1478 3013 1619 3071 Silas
1678 3028 1857 3073 autem
1881 3031 1937 3075 et
1962 3020 2061 3077 Ti-

476 3092 728 3149 motheus
760 3109 1139 3155 remanserunt
1171 3103 1264 3157 ibi.
1294 3122 1313 3156 ι

548 3183 717 3240 Paulo
746 3190 889 3242 enim
914 3190 1032 3260 plus
1060 3209 1222 3261 quam
1248 3196 1368 3252 aliis
1390 3201 1757 3270 adhaerebant,
1790 3209 1910 3275 quia
1942 3209 2059 3277 ipse

475 3281 594 3327 erat
617 3278 719 3329 dux
752 3277 925 3343 verbi,
953 3289 1011 3333 ut
1033 3297 1192 3349 supra
1228 3287 1510 3344 manifeste
1542 3292 1871 3350 declaratum
1926 3308 2008 3352 est
2041 3319 2054 3355 :

474 3377 599 3417 nam
636 3380 698 3418 ex
725 3365 934 3438 Lystris
964 3374 1196 3440 gentiles
1242 3391 1364 3431 eum
1407 3385 1676 3438 vocabant
1706 3384 2055 3457 Mercurium,

475 3453 602 3521 quia
643 3456 774 3524 ipse,
806 3459 999 3529 inquit,
1031 3475 1141 3517 erat
1163 3466 1273 3521 dua:
1295 3472 1474 3535 verbi;
1514 3488 1621 3542 quo
1662 3486 1842 3531 autem
1878 3453 2056 3539 minus

474 3546 707 3603 remisse
735 3562 941 3620 ageret,
968 3569 1033 3611 eo
1058 3558 1228 3627 magis
1257 3576 1380 3615 eum
1405 3565 1639 3620 oderant
1665 3565 1857 3626 Judaei.

556 3806 722 3910 Vens.
758 3815 846 3871 l6.
880 3836 900 3870 ι
927 3816 1127 3876 Paulus
1146 3835 1325 3880 autem
1360 3843 1480 3884 cum
1508 3830 1737 3890 Athenis
1764 3849 1859 3894 eos
1889 3853 2054 3910 expe-

466 3914 666 3971 CIaret,
699 3908 1027 3967 incitabatur
1052 3916 1275 3984 spiritus
1306 3918 1425 3989 ejus
1461 3921 1514 3976 in
1552 3924 1688 3993 ipso,
1711 3927 1900 3986 videns
1930 3908 2049 3987 ido-

467 3994 697 4052 lolatriae
726 4000 963 4056 deditam
992 4006 1294 4065 civitatem.
1338 4031 1357 4064 ι

539 4089 981 4149 Contristabatur
1011 4098 1203 4155 videns
1241 4100 1564 4162 idololatriae
1593 4108 1831 4165 deditam
1857 4112 2051 4167 civita-

469 4187 601 4245 tem,
632 4191 687 4237 et
729 4184 1062 4243 incitabatur
1092 4192 1158 4245 ad
1206 4193 1535 4265 loquendum
1565 4200 1631 4252 ad
1664 4216 1758 4257 eos
1779 4240 1795 4267 ,
1860 4218 1960 4256 nec
1990 4219 2050 4259 se

467 4274 751 4330 continere
781 4289 1035 4349 poterat;
1068 4284 1162 4337 sed
1192 4285 1505 4355 disputabat
1528 4306 1647 4343 cum
1683 4291 1749 4346 iis
1778 4293 1868 4360 qui
1906 4297 2047 4361 apud

466 4364 830 4424 Athenienses
885 4373 1161 4440 sapientes
1212 4393 1335 4433 esse
1388 4381 1732 4447 videbantur,
1777 4383 2046 4454 inprimis

464 4469 596 4512 vero
616 4474 736 4513 cum
770 4461 1075 4532 Epicureis,
1103 4468 1194 4537 qui
1219 4472 1399 4523 omnia
1421 4486 1542 4525 esse
1572 4471 1792 4526 fortuita
1819 4487 2043 4531 conten-

465 4547 668 4603 debant
695 4568 711 4619 ;
740 4552 792 4605 in
830 4570 968 4625 quos
1014 4560 1316 4627 praesertim
1356 4561 1663 4613 orationem
1710 4564 2038 4638 intendebat,

470 4641 681 4708 dicens,
710 4656 1001 4715 postquam
1029 4663 1193 4701 unum
1228 4649 1393 4702 Deum
1425 4664 1545 4704 esse
1571 4654 1823 4711 omnibus
1856 4659 2038 4714 colen-

461 4733 589 4783 dum
616 4738 1001 4802 praedicaverat
1029 4757 1043 4792 :
1066 4739 1208 4793 Dan:
1237 4740 1476 4795 omnibus
1494 4744 1648 4799 vitam
1668 4756 1716 4799 et
1732 4749 2038 4817 inspiratio-

458 4823 856 4890 munde/iniens
880 4837 1080 4880 statuta
1105 4837 1360 4896 tempera,
1380 4840 1429 4884 et
1451 4838 1698 4890 terminos
1746 4839 2034 4895 habitatio-

464 4911 544 4963 nis
578 4929 782 4980 eorum,
812 4916 892 4971 sic
928 4917 1224 4971 omendens
1258 4917 1423 4975 Deum
1450 4927 1699 4979 omnibus
1730 4931 2031 4996 providere.

1234 5139 1260 5159 Ι

526 5177 689 5235 Vens.
708 5179 1022 5238 99.cGenus
1046 5199 1174 5257 ergo
1197 5203 1317 5243 etim
1337 5192 1505 5247 simus
1526 5193 1637 5256 Dei,
1657 5211 1760 5249 non
1778 5198 2036 5253 debemus

458 5273 734 5324 :estimare
786 5287 937 5335 auro,
967 5286 1058 5328 aut
1105 5289 1348 5346 argento,
1379 5294 1470 5335 aut
1527 5285 1714 5354 lapidi,
1738 5289 2032 5356 sculptura!

460 5358 595 5413 artis
618 5367 672 5413 et
700 5361 1043 5430 cogitationis
1087 5366 1337 5436 hominis,
1362 5374 1597 5428 divinum
1624 5390 1745 5431 esse
1773 5378 1968 5434 simile.
2002 5399 2022 5432 ι

531 5557 576 5590 ⁸⁸
609 5560 727 5618 Act.
762 5579 896 5629 ινιι,
926 5567 1014 5624 25.

523 5674 639 5765 :C.
666 5677 729 5765 ς.
754 5675 823 5752 ἦν
851 5681 1076 5765 αύτοῖςτι
1134 5695 1158 5723 ⁸
1281 5688 1340 5765 C‘.
1369 5692 1722 5765 κερδάνωσιν.
1803 5706 1830 5745 Υ
1860 5696 1920 5751 C.
1948 5698 2011 5753 C.
2041 5700 2243 5765 αὐτοῖς.

454 5743 596 5813 ὁρῶν
633 5743 814 5805 οὖσαν.
894 5764 915 5792 ε
943 5743 1092 5811 εἰσ.
1136 5743 1519 5831 συζητησηίξιη
1792 5743 2008 5823 tat-3&6.

2188 542 2250 603 οὗ
2284 548 2540 601 οὐδέποτε
2569 543 2716 617 εἶχον
2747 548 2797 599 οί
2822 546 2912 599 επὶ
2934 547 3036 617 γῆς
3063 546 3306 616 βασιλεῖς
3336 547 3666 617 φοϐηθῆναι,
3703 550 3776 620 μὴ

2186 642 2423 713 ὁρῶντες
2468 641 2633 694 αὑτὸν
2666 639 2801 704 ὅλως
2835 640 3198 711 φαινόμενον·
3230 633 3395 711 λῆρος
3426 637 3518 694 οὖν
3545 642 3615 695 τὰ
3642 643 3772 713 παρ’

2187 733 2365 788 αὐτῶν
2398 731 2851 803 κατηγορούμενα
2874 747 2888 761 ·
2915 731 3031 785 ἀλλ’
3066 730 3143 794 ὡς
3173 729 3324 784 ἔοικε
3352 731 3413 783 τὸ
3438 730 3640 801 ἀληθὲς
3669 747 3775 801 κη-

2188 827 2478 898 ρύσσοντες
2512 825 2734 896 ⁴ᾔδεισαν
2754 839 2768 854 '
2804 824 2887 877 ὅτι
2913 824 2962 876 εί
2992 825 3087 877 καὶ
3120 822 3334 893 ἀφανὴς
3359 819 3427 894 ἦν
3448 832 3498 889 ν,
3532 822 3647 878 ἀλλ’
3678 823 3776 877 οὖν

2185 921 2354 984 ὅντως
2387 920 2642 989 βασιλεὺς
2675 915 2780 992 ἦν’
2821 918 2919 972 καὶ
2948 918 3059 987 τῆς
3081 918 3408 984 ,βασιλείας
3433 920 3625 974 αὐτοῦ
3656 921 3772 974 οὐκ

2185 1015 2356 1067 ἔσται
2390 1012 2589 1078 τέλος.

2261 1125 2278 1157 ι
2317 1105 2526 1169 Οἴτινες
2567 1103 3026 1172 παραγενόμενοι,
3067 1104 3146 1165 είς
3173 1102 3275 1173 τὴν
3301 1102 3626 1174 συναγωγὴν
3661 1102 3774 1157 τῶν

2198 1196 2467 1249 Ἰουδαίων
2495 1195 2767 1267 ἀπῄεσαν.
2798 1187 2963 1249 Οὗτοι
2993 1193 3053 1247 δι
3075 1188 3218 1264 ἦσαν
3252 1194 3638 1267 εὐγενέστεροι
3660 1195 3774 1248 τῶν

2182 1288 2241 1339 ὲν
2273 1288 2342 1339 Θε
2353 1287 2665 1360 σσαλονίκῃ.
2699 1305 2718 1338 ι

2252 1375 2422 1428 Τοῦτο
2445 1376 2515 1444 γὰ
2523 1393 2554 1447 ρ
2579 1376 2769 1429 ἔδακνε
2789 1376 2915 1439 τοὺς
2953 1374 3245 1439 Ἰουδαίους
3269 1374 3457 1439 καθὼς
3479 1376 3575 1429 καὶ
3594 1376 3774 1430 ὀπίσω

2181 1468 2317 1540 φησί
2339 1484 2355 1501 ο
2395 1467 2711 1523 Γυναικῶν
2729 1484 2793 1522 τε
2822 1466 2943 1521 τῶν
2961 1468 3208 1535 πρώτων
3238 1469 3476 1536 πλῆθος
3499 1471 3615 1523 οὐκ
3638 1468 3770 1522 ὀλί-

2177 1577 2286 1627 γον
2304 1577 2316 1590 ·
2338 1559 2529 1629 ἤθελον
2557 1560 2666 1633 γὰρ
2695 1560 2842 1631 ἔχειν
2874 1560 2995 1629 μεθ’
3021 1559 3232 1613 ἑαυτῶν
3253 1558 3353 1623 τὰς
3381 1560 3642 1622 πλουσίας
3665 1575 3769 1627 γυ-

2177 1649 2393 1713 ναῖκας,
2436 1648 2524 1702 ἴνα
2567 1648 2976 1719 κερδαίνωσινι
3015 1647 3076 1713 ἐξ
3106 1647 3307 1701 αὐτῶν
3338 1650 3437 1703 καὶ
3461 1649 3571 1719 γὰρ
3602 1651 3631 1702 ὁ
3663 1651 3769 1719 τῆς

2177 1741 2618 1811 φιλοχρηματίας
2653 1741 2748 1794 καὶ
2782 1740 3184 1811 αὑταρεσκείας
3224 1740 3365 1812 ἔρως
3391 1742 3515 1811 ἦτοι
3554 1741 3770 1812 δαίμων

2110 1822 2154 1883 Β
2182 1834 2403 1903 ἐπεῖχεν
2437 1833 2637 1896 αὐτούς
2662 1842 2712 1882 7ο
2740 1833 2822 1886 διὸ
2856 1834 2952 1886 καλ⁸
2981 1832 3242 1896 λαϐόντες
3271 1834 3532 1905 χρήματα
3560 1834 3769 1887 ἀπέλυ-

2188 1942 2287 1979 σαν
2312 1925 2403 1977 τὸν
2449 1925 2675 1978 Ἰἀσωνα
2708 1924 2804 1977 καὶ
2833 1925 2959 1985 τοὺς
2985 1922 3231 1985 λοιπούς.

2260 2037 2278 2068 ι
2316 2017 2527 2079 Οῖτινες
2559 2015 2809 2079 ἐδέξαντο
2844 2015 2938 2067 τὸν
2966 2014 3124 2082 λόγον
3162 2013 3299 2085 μετὰ
3337 2013 3519 2085 πάσης
3562 2013 3769 2082 προθυ-

2184 2109 2311 2178 μίας
2330 2151 2344 2174 ,
2371 2108 2494 2161 καθ’
2514 2108 2726 2179 ἡμέραν
2755 2106 3137 2176 ἀνακρίνοντες
3165 2105 3264 2169 τὰς
3290 2106 3541 2177 Γραφὰς,
3575 2108 3624 2160 εί
3648 2105 3767 2176 ἔχει

2179 2200 2350 2253 ταῦτα
2385 2200 2576 2263 οὕτως.
2619 2218 2636 2250 ι

2251 2292 2362 2359 Οὐχ
2403 2292 2479 2353 ὼς
2506 2293 2725 2344 ἄπιστοι
2755 2287 3049 2358 ἀνεζήτουν
3072 2305 3086 2320 ·
3120 2288 3221 2357 ἤδη
3261 2288 3372 2358 γὰρ
3406 2283 3550 2358 ἦσαν
3597 2304 3766 2341 πεπι-

2178 2384 2496 2445 στευκῦτες·
2552 2380 2667 2432 ἀλλ’
2699 2381 2776 2444 ὡς
2815 2381 3036 2450 ἄμοιροι
3070 2381 3170 2449 τῆς
3197 2379 3308 2432 τῶν
3340 2379 3592 2432 παλαιῶν
3624 2396 3763 2448 προ-

2175 2474 2361 2543 φητῶν
2391 2473 2774 2544 παραδόσεως·
2826 2474 3032 2539 ὄπουγε
3080 2472 3283 2540 μᾶλλον
3313 2472 3402 2524 διὰ
3430 2472 3627 2525 τούτου
3671 2488 3765 2524 πιο

2176 2567 2420 2636 στότεροι
2452 2566 2691 2634 ἐγίνοντο
2716 2606 2728 2627 ,
2762 2564 3097 2633 ἐρευνῶντες
3126 2564 3222 2626 τὰς
3252 2563 3498 2634 Γραφὰς,
3531 2564 3627 2616 καὶ
3666 2565 3761 2615 εὓ-

2174 2658 2457 2729 ρίσκοντες
2489 2660 2602 2721 τοῖς
2642 2656 2750 2709 τῶν
2793 2656 3043 2709 παλαιῶν
3078 2655 3378 2725 προφητῶν
3410 2655 3588 2723 λόγοις
3634 2670 3764 2708 συν⁹

2169 2748 2360 2818 ᾀδοντα
2383 2747 2450 2800 τὰ
2478 2765 2543 2800 πε
2555 2749 2607 2817 pi.
2634 2746 2733 2816 τῆς
2758 2746 3001 2817 ὲνσάρκα
3027 2754 3051 2781 ι
3074 2744 3171 2797 τοῦ
3200 2744 3409 2815 Κυρίου
3440 2744 3757 2814 οἰκονομίας

2168 2840 2497 2910 πράγματα.

2240 2950 2258 2981 ι
2294 2930 2511 2992 Εὐθέως
2534 2930 2590 2983 δὲ
2619 2929 2712 2983 τόν
2743 2946 2804 2981 τε
2844 2928 3057 2982 Παῦλον
3099 2926 3494 2992 ἐξαπέστειλαν
3523 2928 3574 2980 oi
3602 2926 3761 2980 ἁδελ-

2165 3023 2254 3091 φο¹ι
2283 3023 2615 3091 πορεύεσθαι
2644 3021 2720 3085 ὡς
2750 3022 2845 3074 ἐπὶ
2873 3023 2973 3090 τὴν
2998 3021 3274 3074 Θάλασσαν
3295 3036 3309 3050 ο
3338 3020 3609 3090 ὑπέμενόν
3628 3036 3706 3077 xz
3727 3018 3760 3073 ὃ

2163 3131 2223 3167 τε
2252 3114 2411 3177 Σίλας
2435 3113 2531 3167 καὶ
2563 3114 2592 3167 ὁ
2620 3113 2882 3182 Τιμόθεος
2912 3114 3050 3167 ἐκεῖ,
3092 3131 3111 3165 ι

2234 3205 2324 3274 Τῷ
2353 3206 2460 3274 γὰρ
2496 3203 2690 3274 Παύλῳ
2723 3204 2925 3273 ὲνεῐχον
2958 3203 3160 3273 μᾶλλον
3204 3203 3351 3275 ἥτερ
3379 3206 3493 3266 τοῖς
3513 3202 3699 3266 ἄλλοις
3734 3217 3750 3234 ⁸

2158 3295 2294 3346 διότι
2324 3295 2488 3355 αὐτὸς
2512 3289 2582 3364 ἦν
2609 3295 2637 3347 ὁ
2667 3293 2763 3346 τοῦ
2793 3293 2954 3359 λόγου
2988 3293 3331 3363 καθηγητὴς·
3360 3292 3437 3356 ὼς
3462 3295 3557 3346 καὶ
3575 3293 3758 3349 ὀπίσω

2158 3386 2314 3440 τοῦτο
2345 3384 2528 3453 σαφῶς
2562 3383 2802 3455 ἐδηλώθη
2831 3401 2844 3415 ’
2877 3384 2934 3436 οἵ
2965 3401 3025 3437 τε
3048 3384 3158 3437 ἀπὸ
3196 3384 3303 3437 τῶν
3334 3383 3507 3438 ἐθνῶν
3552 3387 3610 3437 ὲν
3642 3386 3753 3438 Λύ-

2158 3489 2388 3546 στροιςι
2441 3477 2671 3530 ἐκάλουν
2730 3477 2892 3529 αὑτὸν
2930 3476 3138 3547 Ἑρμῆν
3166 3492 3179 3505 ⁸
3205 3477 3403 3542 Αὐτὸς
3452 3476 3564 3545 γὰρ
3595 3472 3677 3546 ἦν
3713 3477 3746 3531 ὁ

2155 3570 2490 3639 ἡγούμενος
2512 3568 2619 3622 τοῦ
2643 3569 2850 3635 λόγου,
2881 3568 3049 3639 φησίν
3088 3582 3104 3599 ·
3132 3569 3248 3637 ὅσῳ
3264 3568 3323 3621 δὲ
3346 3568 3512 3632 αὐτὸς
3538 3568 3639 3621 οὐκ
3666 3569 3751 3620 ὲν-

2154 3660 2348 3724 εδίδου,
2398 3659 2655 3714 τοσοῦτον
2700 3659 2911 3728 ἐγίνετο
2967 3659 3031 3713 τὸ
3076 3662 3197 3714 κατ’
3238 3659 3407 3714 αὑτοῦ
3439 3661 3594 3731 παρὰ
3639 3660 3750 3715 τῶν

2167 3749 2439 3804 Ἰουδαίων
2478 3753 2658 3820 μίσος.

2227 3858 2248 3892 ι
2298 3842 2388 3895 Ἐν
2433 3843 2492 3895 δὲ
2536 3846 2659 3906 ταῖς
2706 3843 2965 3913 ’Δθήναις
3004 3844 3372 3915 δκδεχομένου
3402 3846 3604 3910 αὐτοὺς
3647 3844 3747 3900 τοῦ

2152 3930 2406 3995 Παύλου,
2462 3932 2818 4003 παρωξύνετο
2869 3933 2930 3987 τὸ
2975 3934 3196 4005 πνεῦμα
3229 3935 3396 3988 αὐτοῦ
3448 3939 3508 3991 ὲν
3555 3936 3740 4007 αὐτῷ,

2152 4021 2488 4092 θεωροῦντος
2521 4023 2849 4078 κατείδωλον
2872 4020 3040 4078 οὖσαν
3067 4027 3168 4097 τὴν
3199 4028 3378 4081 πόλιν.
3412 4044 3435 4078 ι

2234 4113 2516 4167 Ἐλυπεῖτο
2543 4114 2685 4184 ὁρῶν
2717 4115 2745 4155 b
2780 4116 3109 4170 κατείδωλον
3153 4117 3253 4189 τὴν
3292 4118 3449 4172 πόλιν
3503 4118 3603 4174 καὶ
3658 4120 3743 4174 δι-

2148 4202 2432 4272 ηρεθίζετο
2460 4205 2641 4257 λαλεῖν
2670 4206 2805 4275 πρὸς
2831 4207 3052 4271 αὐτοὺς,
3075 4208 3171 4262 καὶ
3204 4210 3307 4279 pint
3330 4209 3570 4280 ⁴ἠδύνατο
3601 4228 3743 4283 καρ-

2145 4297 2324 4364 τερεῖν
2373 4297 2465 4348 ἰπὶ
2501 4296 2694 4368 τούτῳ·
2732 4298 2867 4351 ἀλλὰ
2907 4300 2999 4352 καὶ
3054 4303 3388 4372 συζητήσεις
3423 4313 3447 4343 α
3497 4305 3742 4358 ἐποιεῖτο

2149 4385 2289 4454 μετὰ
2334 4385 2441 4438 τῶν
2494 4385 2799 4439 δοκούντων
2849 4384 2989 4440 εἶναι
3040 4389 3196 4461 παρὰ
3246 4394 3362 4456 τοῖς
3427 4392 3738 4464 ’Δθηναίοις

2145 4475 2348 4545 σοφῶν,
2398 4474 2633 4544 μάλιστα
2658 4477 2795 4546 μετὰ
2829 4478 2939 4531 τῶν
2969 4480 3387 4553 Ἐπικουρείων,
3412 4465 3521 4539 τῶν
3553 4487 3736 4557 ἀπρο-

2147 4567 2317 4637 νόητα
2356 4567 2627 4635 λεγόντων
2671 4565 2809 4624 εῖναι
2840 4572 2907 4625 τὰ
2942 4574 3121 4627 πάντα
3142 4591 3157 4608 ο
3184 4576 3324 4648 πρὸς
3364 4575 3462 4640 οὒς
3494 4578 3735 4648 μάλιστα

2143 4656 2237 4709 τὸν
2273 4655 2431 4725 λόγον
2460 4659 2903 4730 ἀποτεινόμενος,
2941 4663 3000 4716 δν
3028 4666 3095 4735 τῇ
3126 4665 3294 4719 αὐτοῦ
3323 4665 3351 4706 τι
3380 4667 3730 4739 διδασκαλίᾳ,

2147 4746 2288 4815 μετὰ
2314 4744 2375 4799 τὸ
2401 4747 2638 4817 κηρύξαι
2675 4750 2739 4803 τὸ
2778 4751 2958 4806 σέϐειν
2999 4754 3099 4807 ἕνα
3128 4755 3265 4809 Θεὸν
3297 4761 3412 4822 τοῖς
3446 4760 3635 4823 πᾶσιν,
3671 4762 3733 4813 ἐν

2142 4831 2226 4899 οἷς
2255 4853 2423 4907 φησι⁶
2454 4840 2650 4905 Αὐτὸς
2694 4840 2902 4909 διδοὺς
2954 4843 3105 4899 πᾶσι
3142 4845 3297 4915 ζωὴν
3341 4848 3442 4903 καὶ
3492 4850 3725 4919 πνοὴν,

2133 4929 2347 4995 ὁρίσας
2377 4934 2936 5001 προστεταγμένους
2982 4939 3225 5005 καιροὺς
3246 4978 3261 5002 ,
3318 4940 3417 4995 καί
3453 4942 3561 5009 τὰς
3593 4946 3729 5011 ὀροο

2135 5017 2345 5083 θεσίας
2379 5016 2493 5087 τῆς
2516 5022 2821 5087 κατοικίας
2844 5022 3062 5092 αὐτῶν,
3094 5026 3312 5092 δεικνὺς
3334 5029 3429 5083 τοῦ
3456 5030 3592 5084 Θεοῦ
3621 5033 3731 5103 τὴν.

2137 5106 2428 5175 πρόνοιαν.

2212 5215 2233 5249 ι
2271 5199 2432 5263 Γένος
2457 5196 2552 5256 οὖν
2590 5203 2930 5275 ὑπάρχοντες
2960 5205 3056 5260 τοῦ
3087 5207 3248 5273 Θεοῦ,
3283 5213 3387 5265 οὐκ
3414 5212 3711 5283 ὀφείλομεν

2135 5289 2403 5357 νομίζειν,
2435 5291 2618 5363 χρυσῷ
2647 5293 2680 5363 ἢ
2711 5296 2964 5368 ἀργυρίῳ
2990 5297 3022 5367 ἦ
3056 5297 3213 5369 λίθῳ,
3244 5302 3567 5375 χαράγματι
3622 5304 3720 5358 τέ-

2136 5398 2277 5453 χνης
2332 5383 2429 5437 καὶ
2490 5385 2842 5457 ὲνθνμήσεως
2877 5388 3206 5461 ἀνθρώπου,
3258 5393 3321 5447 τὸ
3350 5394 3508 5449 Θιζον
3570 5389 3719 5450 εἶναι

2133 5474 2337 5540 ὅμοιον.
2360 5493 2379 5526 t

2329 5712 2350 5741 ⁸
2381 5703 2443 5763 (ἱ.
2471 5705 2530 5762 C.
2564 5708 2850 5780 ὲνσάρκου.
2931 5723 2954 5751 ι
2980 5709 3042 5765 C.
3079 5712 3140 5766 C.
3182 5714 3403 5779 λύπαις.
3481 5715 3509 5757 δ
3543 5712 3602 5773 C.
3632 5715 3697 5773 ϐ.
