4064 6462
266 383 424 451 1565

1216 384 1685 447 FRAGMENTA
1723 384 1807 446 ΙΝ
1845 384 2036 445 ACTA
2072 381 2652 446 APOSTOLORUM.

3438 387 3574 453 1566

338 495 688 566 Σημείωσαι
712 495 796 551 ὅτι
822 496 885 550 οὐ
914 496 1141 551 δύναται
1171 496 1297 560 νοῦς
1319 494 1612 565 ἀνθρώπου
1645 495 1880 550 καταλα-

2062 495 2225 551 Docet
2273 512 2378 550 non
2412 511 2572 564 posse
2605 503 2839 551 mentem
2886 497 3123 554 hominis
3153 499 3345 567 Deum,
3407 502 3569 557 sicmi

261 587 397 641 δεῖν
429 586 543 641 τὸν
570 587 724 654 Θεὸν,
758 586 835 652 ὡς
860 586 978 642 ἐστι
1009 588 1170 658 φύσει
1203 598 1254 621 ⁶’
1290 589 1539 650 καὶτοὺς
1566 588 1819 659 λέγοντες
1861 588 1881 628 ί

261 676 779 749 ἀνθρωπόμορφον
815 678 881 731 τὸ
910 678 1089 743 Θείον,
1142 678 1224 732 δεῖ
1253 678 1635 749 ἐπιστομίζειν
1681 680 1747 731 ἐκ
1774 678 1887 732 τῶν

264 769 688 838 προκειμένων
722 768 936 840 ῥητῶνο
970 770 1020 822 εί
1052 769 1162 838 γὰρ
1187 767 1414 822 δύναται
1436 766 1722 839 ἄνθρωπος
1751 765 1888 820 πλά-

265 873 393 921 σαι,
434 857 474 928 ἢ
505 856 799 930 γλύψαι,ἢ
845 858 1051 930 γράψαι
1077 858 1388 929 ἄνθρωπον,
1424 857 1546 928 ἦτοι
1592 855 1885 928 ἀνθρώπου

260 946 574 1018 ὁμοίωμα,
601 947 635 1019 ἢ
676 947 841 1002 ἀλλου
875 946 1262 1021 οἰουδηποτοῦν
1292 948 1385 1002 ἐπὶ
1418 947 1524 1018 γῆς
1552 946 1883 1018 φαινομένου

260 1037 478 1091 εἰκόνα
507 1039 830 1094 ἐκτυπῶσαι
850 1056 865 1072 ·
886 1040 1065 1095 οὐδενὶ
1083 1041 1142 1095 δὲ
1173 1040 1319 1095 ἔοικε
1348 1039 1459 1094 τῶν
1488 1040 1885 1114 χειροποιήτων

262 1130 295 1184 ὁ
328 1129 509 1197 Θεὸς,
543 1131 686 1185 κατά
713 1130 777 1185 τδ
802 1132 1094 1203 εἰρημένον
1120 1131 1200 1202 τῷ
1246 1132 1571 1203 ’Δποστόλῳ,
1603 1131 1713 1202 ἀρα
1741 1132 1883 1186 ἀπε-

265 1219 592 1294 ρίγραφον,
651 1222 1036 1294 ἀκατάληπτον
1057 1263 1072 1289 ,
1099 1222 1360 1287 ἀνείδεον,
1396 1222 1713 1293 ἀσώματον,
1746 1220 1877 1292 ἄδη-

262 1311 367 1365 λον
390 1295 462 1366 τδ
480 1312 664 1367 Θεῖον·
687 1314 825 1385 μήτε
846 1311 1135 1384 ἀνθρώπου
1152 1315 1334 1385 μορφῇ
1353 1313 1387 1384 ἢ
1410 1312 1540 1367 ἄλλο
1561 1310 1683 1382 (sic)
1714 1312 1739 1351 ε
1772 1313 1883 1365 τινὶ

265 1403 473 1467 ἐοικός
493 1418 510 1433 ’
551 1403 701 1467 εἰκὸς
734 1405 845 1475 γὰρ
873 1405 1003 1469 τοὺς
1040 1404 1312 1475 Ἕλληνας
1365 1404 1441 1475 μὴ
1493 1404 1656 1474 μόνον
1685 1403 1755 1458 τά
1785 1403 1884 1456 ἀνο

265 1490 683 1565 θρωπόμορφα
729 1494 895 1558 ξόανα
940 1495 1140 1560 σέϐειν,
1175 1495 1315 1550 ἀλλὰ
1358 1495 1454 1550 καὶ
1492 1495 1620 1559 τοὺς
1662 1493 1884 1558 ἀλλοίας

266 1583 448 1649 ὄντας
480 1586 519 1626 ¹¹
562 1585 780 1657 μορφῆς
807 1587 885 1652 ὡς
922 1586 1102 1653 θεοὺς,
1145 1583 1280 1652 οἷον,
1318 1586 1457 1649 ἴϐεις
1492 1587 1538 1653 ί,
1569 1585 1666 1641 καὶ
1691 1585 1882 1641 αίλού-

268 1692 453 1747 ρους,
519 1679 617 1731 καὶ
671 1679 943 1750 πιθήκους
991 1679 1044 1746 1,
1088 1681 1183 1733 καὶ
1237 1679 1375 1734 ἀλλα
1426 1677 1640 1743 τούτοις
1698 1695 1880 1749 παρα-

266 1768 528 1837 πλήσια.

1989 598 2182 654 natura
2227 600 2344 652 est,
2373 588 2841 655 comprehendere
2869 606 2887 654 ;
2922 588 3113 658 hisque
3144 593 3326 647 verbis
3357 603 3575 662 oportet

1988 681 2068 737 eis
2089 695 2151 734 os
2173 679 2461 734 occludere
2519 680 2613 748 qui
2637 679 2878 734 divinum
2903 680 2956 733 in
2988 680 3224 737 hominis
3245 682 3419 737 fortuna
3451 698 3573 740 esse

1987 771 2190 824 dicunt.
2222 768 2277 824 Si
2298 768 2445 824 enim
2472 779 2652 839 potest
2686 770 2848 823 homo
2903 771 3147 855 ﬁngere,‘
3174 771 3262 824 vel
3318 773 3571 842 sculpere

1986 862 2071 916 vel
2093 861 2369 917 delineare
2397 860 2518 917 sive
2561 860 2863 924 hominem,
2916 861 3030 916 sive
3072 860 3317 917 hominis
3376 862 3609 933 imagi-i

1987 967 2132 1017 nem,
2162 951 2247 1005 vel
2270 954 2643 1021 cujuscunque
2674 950 2751 1004 rei
2783 959 3013 1005 terrena:
3031 951 3441 1008 similitudinem
3476 906 3572 1009 εἷο-
3598 906 3618 1025 ί

1986 1046 2229 1114 pingere,
2259 1043 2387 1097 nulli
2414 1055 2592 1098 tamen
2647 1042 2928 1098 hominum
2975 1044 3126 1114 operi
3177 1044 3371 1101 similis
3402 1045 3567 1113 Deus,

1980 1140 2133 1210 juxta
2161 1139 2402 1211 Apostoli
2445 1141 2670 1206 dictum,
2701 1138 2959 1194 nimirum
3016 1138 3568 1209 incircumscriptum,

1986 1233 2552 1302 incomprehensibile,
2601 1231 2805 1302 absque
2860 1230 3030 1302 ﬁgura
3067 1272 3083 1299 ,
3144 1231 3569 1302 incorporeum,

1984 1322 2257 1379 invisibile
2297 1338 2425 1380 esse
2456 1323 2726 1389 divinum,
2783 1338 2886 1378 nec
2923 1323 3159 1379 hominis
3203 1321 3416 1389 formae,
3464 1336 3570 1377 nec

1985 1413 2158 1468 cuivis
2203 1413 2280 1469 rei
2319 1428 2442 1469 esse
2487 1412 2662 1468 simile
2689 1411 2897 1481 :liquet
2959 1420 3139 1466 autem
3185 1410 3410 1466 Graecos
3458 1424 3566 1464 non

1985 1504 2158 1561 solum
2181 1505 2473 1561 simulacra
2520 1504 2803 1559 hominum
2859 1502 3135 1568 adorasse,
3187 1502 3283 1557 sed
3334 1502 3566 1557 diversa

1984 1594 2172 1667 ﬁgurae
2200 1597 2355 1664 deos,
2382 1603 2443 1650 ut
2468 1604 2623 1667 puta,
2654 1594 2797 1660 ibes,
2816 1593 2968 1659 feles,
2997 1592 3208 1658 simias,
3241 1592 3397 1647 ethis
3413 1590 3568 1648 simi-

351 1878 374 1912 ι
423 1862 579 1924 Τοὺς
614 1859 715 1931 μὲν
742 1856 837 1915 οὖν
862 1860 1094 1932 χρόνους
1134 1861 1239 1929 τῆς
1289 1860 1514 1929 ἀγνοίας
1547 1861 1820 1934 ὑπεριδὼν
1853 1864 1880 1918 ό

2058 1859 2225 1915 Vens.
2257 1858 2348 1914 50.
2398 1859 2507 1914 «Et
2538 1867 2783 1927 tempora
2833 1857 3052 1929 quidem
3091 1855 3254 1925 hujus
3310 1857 3578 1926 ignorans

265 1949 440 2018 Θεὸς,
473 1951 647 2007 τανῦν
674 1949 1175 2025 παραγγέλλειτοΐς
1197 1952 1535 2026 ἀνθρώποις.
1572 1969 1594 2007 ι

344 2127 577 2182 Οὐκοῦν
594 2130 642 2183 εἰ
671 2128 958 2201 ὑπερεῖδεν
973 2131 1001 2184 ὁ
1022 2128 1157 2193 Θεὸς
1180 2128 1249 2183 τὰ
1270 2129 1331 2195 ἐξ
1354 2127 1584 2199 ἀγνοίας
1612 2127 1882 2201 γενόμενα

266 2218 395 2282 τοῖς
424 2217 749 2289 ἀνθρώποις
780 2219 1210 2293 παραπτώματα
1274 2220 1385 2274 ἀπδ
1434 2218 1748 2292 καταϐολῆς
1791 2219 1885 2274 κό-

271 2324 475 2381 σμου,
530 2310 628 2365 καὶ
668 2312 837 2365 παντὶ
866 2312 1056 2367 δίδωσι
1097 2311 1209 2366 τῶν
1261 2311 1731 2384 παραπτωμάτων
1780 2312 1887 2382 ἀφ-

266 2422 424 2472 εσιν,
457 2408 692 2473 εἰκότως
736 2410 826 2462 ἐπ’
857 2411 1091 2481 ἐσχάτου
1118 2408 1230 2465 τῶν
1260 2409 1474 2481 καιρῶν
1496 2410 1882 2481 ἐπεδήμησεν·

271 2498 371 2553 ῐνα
411 2499 507 2568 ἐφ’
539 2500 667 2553 ὅσον
708 2500 1077 2554 ἀναϐάλλεται
1132 2499 1232 2571 τὴν
1276 2501 1475 2554 ἐαυτοῦ
1526 2497 1833 2571 παρουσίαν
1854 2540 1871 2566 ,

265 2587 373 2643 ἐπὶ
409 2590 680 2644 τοσοῦτον
712 2590 902 2663 δειχθῇ
947 2590 1119 2645 αὐτού
1152 2592 1186 2662 ή
1219 2590 1534 2663 ἀμέτρητος
1576 2588 1886 2661 φιλανθρω-

268 2679 418 2734 πια·
474 2681 535 2747 ἐξ
564 2673 642 2735 ὧν
690 2679 1251 2749 πολυπλασιαζόμενα
1283 2679 1350 2734 τὰ
1396 2680 1547 2733 κακά
1585 2680 1881 2750 συγχωρεῖ,

265 2770 375 2823 καὶ
411 2767 532 2822 τῶν
566 2767 876 2839 μελλόντων
911 2767 1207 2835 ουσφίγγει
1233 2766 1328 2819 τὸν
1341 2757 1554 2835 ’χρόνον
1579 2780 1592 2793 ·
1621 2764 1709 2817 ἵνα
1733 2766 1793 2818 ἐν
1812 2765 1882 2836 τῇ

264 2860 571 2930 ὀλιγότητι
597 2858 693 2912 τοῦ
728 2857 922 2929 χρόνου
953 2855 1199 2926 διασωθῇ
1241 2858 1273 2925 ἡ
1311 2854 1495 2919 πίστις
1514 2866 1530 2883 ³
1559 2852 1642 2907 διδ
1669 2852 1735 2925 δὴ
1765 2852 1885 2907 ἐλε-

264 2967 379 3021 γεν
428 2950 618 3012 αὐτοῖς
649 2949 701 2989 k‘
735 2944 891 3017 'Apa
931 2946 1126 3002 ἐλθὼν
1151 2948 1184 3000 ὁ
1239 2944 1375 3011 Υἱὸς
1407 2944 1516 3000 τοῦ
1565 2943 1883 3013 ἀνθρώπου

267 3044 543 3113 εὑρήσει
579 3040 698 3112 τὴν
731 3040 751 3082 ι
787 3043 1001 3096 πίστιν
1042 3039 1143 3095 ἐπὶ
1174 3038 1287 3109 τῆς
1334 3038 1493 3110 τῆς;
1529 3037 1648 3093 Καὶ
1682 3038 1758 3109 μή
1791 3053 1883 3107 μοι

268 3135 413 3206 λέγε
442 3175 460 3200 ,
494 3135 561 3188 Τί
602 3133 742 3207 πρὸς
775 3134 903 3197 τοὺς
953 3130 1453 3203 τετελευτηκότας;
1505 3131 1754 3198 Ὀπουγε
1787 3128 1883 3183 καὶ

272 3229 475 3291 αὐτοῖς
505 3225 787 3298 ἐκηρύχθη
815 3224 878 3279 τὺ
900 3224 1002 3294 τῆς
1025 3223 1288 3292 ἀληθείας
1307 3221 1533 3287 εὐσεϐὲς
1552 3223 1876 3294 μυστήριονο

272 3320 381 3375 καὶ
413 3319 622 3383 πάντες
657 3319 708 3372 οἱ
748 3317 1148 3381 πιστεύσαντες
1198 3315 1476 3387 ἐλύθησαν
1527 3315 1595 3369 ἐκ
1624 3315 1733 3369 τῶν
1778 3313 1877 3369 τοῦ

276 3411 527 3466 θανάτου
554 3410 769 3481 δεσμῶν
792 3425 810 3444 ο
847 3411 944 3464 καὶ
966 3409 1283 3473 ἀνελθόντες
1308 3408 1370 3474 ἐξ
1397 3407 1525 3480 ᾅδου
1550 3408 1879 3480 μετῴκησαν

277 3506 363 3568 εἰς
396 3504 497 3557 τὸν
530 3501 864 3574 παράδεισον
884 3515 899 3530 ο
937 3501 1035 3554 καὶ
1080 3500 1166 3553 ὅτι
1192 3498 1352 3553 τοῦτο
1386 3499 1610 3569 ἀληθὲς,
1653 3498 1878 3553 δυνατὸν

282 3592 500 3666 μᾶλλον
532 3593 631 3646 καὶ
661 3591 721 3657 ἐξ
745 3591 961 3646 ἐκείνου
999 3588 1371 3660 στοχάσασθαι
1390 3604 1405 3619 ’
1430 3589 1672 3658 Οἴδαμεν
1698 3589 1782 3642 ὅτι
1818 3589 1878 3642 ἐν

278 3688 348 3757 τῇ
381 3685 511 3758 ὥρᾳ
618 3682 891 3738 ἀπέθανεν
936 3680 1171 3753 Ἰησοῦς,
1208 3682 1238 3735 ὁ
1286 3679 1424 3743 Θεὸς
1469 3679 1653 3751 ἡμῶν,
1690 3679 1878 3733 πολλοὶ

278 3778 477 3849 νεκροὶ
515 3777 822 3847 ἀνέστησαν
855 3773 954 3829 καὶ
986 3771 1256 3845 ὤφθησαν
1287 3780 1327 3803 ¹¹
1358 3772 1421 3826 ἐν
1471 3770 1877 3844 Ἰεροσολύμοις
1900 3820 1911 3827 .

281 3870 430 3923 κατὰ
459 3868 525 3921 τὸ
551 3864 939 3938 προφητεύων
960 3880 974 3894 ·
1030 3862 1511 3933 Ἀναστήσονται
1549 3864 1604 3918 οἰ
1649 3860 1872 3931 νεκροὶ,

281 3958 386 4013 καὶ
436 3957 877 4028 ἐγερθήσονται
914 3958 972 4010 οι
1042 3954 1113 4010 ἐν
1145 3953 1272 4022 τοῖς
1316 3953 1651 4025 μνημείοις.
1692 3954 1779 4018 Ὦς
1810 3954 1876 4007 ἐκ

287 4052 481 4106 τούτου
500 4049 706 4118 γνῶναι
736 4049 906 4119 ἡμᾶς,
931 4047 1013 4100 ὅτι
1036 4045 1315 4100 κατελθὼν
1340 4049 1421 4110 είς
1452 4045 1578 4117 ᾅδου
1597 4047 1624 4100 ό
1646 4045 1872 4116 Κύριος,

283 4143 379 4195 καὶ
423 4139 682 4210 κηρύξας
716 4138 915 4207 ἄφεσιν
944 4138 1057 4201 τοῖς
1084 4138 1162 4201 εἰς
1185 4136 1350 4191 αὐτὸν
1365 4136 1742 4201 πιστεύουσιν,
1771 4136 1877 4189 ἀπ-

282 4231 370 4285 ἐλυ
378 4249 440 4285 σε
454 4231 554 4295 τὰς
570 4229 744 4301 ψυχὰς
756 4229 863 4283 τῶν
876 4229 957 4293 εἰς
970 4228 1132 4283 αὑτὸν
1150 4229 1577 4283 πιστευσάντων·
1594 4228 1833 4291 ἅπαντες
1846 4235 1875 4265 ιι

279 4323 338 4377 δέ
365 4325 474 4379 οὐκ
507 4330 533 4357 °
554 4323 905 4388 ἐπίστευσαν,
935 4322 1017 4376 διὸ
1047 4321 1171 4376 οὐδὲ
1202 4321 1382 4374 πάντα
1406 4321 1475 4375 τά
1505 4320 1736 4391 σώματα
1763 4318 1875 4372 τῶν

282 4415 709 4487 κεκοιμημένων
726 4415 928 4486 ἀνέστη
960 4415 1106 4481 τότε,
1135 4414 1273 4469 ἀλλά
1294 4430 1420 4469 τινα
1438 4428 1452 4443 ⁸
1473 4413 1575 4467 οὐκ
1601 4408 1723 4467 εἷπε
1738 4412 1797 4466 δὲ
1813 4411 1875 4465 τὸ

284 4507 647 4579 Εὑαγγέλιον,
673 4510 757 4561 ὅτι
789 4507 1062 4562 Ἰουδαίων
1092 4507 1252 4577 μόνον
1271 4515 1299 4556 P
1320 4505 1591 4577 ἀνέστησε
1620 4504 1872 4574 σώματα,

286 4598 402 4652 ἀλλ’
436 4608 469 4649 ιι
519 4597 792 4670 ἀορίστως
819 4597 1017 4661 εἰπὼν,
1060 4596 1308 4663 πολλοὶ,
1349 4596 1620 4668 ἐδήλωσεν
1671 4596 1755 4650 ὅτι
1786 4595 1880 4648 καὶ

297 4689 572 4762 Ἑλλήνων
592 4707 606 4720 ·
640 4686 783 4762 ἦσαν
813 4690 923 4760 γὰρ
956 4689 1065 4743 ἀπὸ
1096 4688 1306 4760 χρόνων
1348 4688 1609 4756 αἰωνίων,
1640 4691 1735 4741 καὶ
1772 4685 1879 4740 σώ-

290 4799 439 4853 ματα
467 4783 585 4836 ἐκεῖ
608 4781 859 4848 ἐθνικῶν,
886 4781 976 4836 διὰ
1002 4781 1065 4834 τὸ
1094 4779 1290 4853 πρώην
1319 4779 1427 4834 ὑπὸ
1478 4780 1751 4852 Ἐλλήνων
1773 4780 1875 4850 τὴν

287 4873 478 4947 χώραν
508 4873 779 4929 οἰκεῖσθαι
804 4889 819 4905 ·
854 4873 949 4927 καὶ
984 4871 1215 4946 ὕστερον
1254 4871 1416 4926 πάλιν
1446 4871 1727 4926 λαϐόντων
1768 4871 1881 4924 τῶν

228 4977 247 4987 ‘
303 4965 575 5020 Ἰουδαίων
616 4966 718 5039 τὴν
750 4965 907 5020 πόλιν
954 4973 1004 5032 τ,
1043 4964 1120 5035 μὴ
1151 4962 1605 5034 ὲξολοθρευθῆναι
1635 4962 1729 5016 τὸν
1778 4961 1881 5014 Ἰε-

288 5053 542 5110 ϐουσαίον
569 5054 698 5110 λαδν
731 5057 811 5119 εἰς
837 5054 1012 5120 τέλος,
1043 5054 1182 5108 ἀλλά
1217 5052 1550 5123 κατοικῆσαι
1577 5055 1636 5106 ἐν
1671 5049 1823 5123 μέσῳ
1844 5062 1866 5090 ε

288 5146 387 5216 τῆς
424 5146 623 5201 Ἰούδα.
666 5148 776 5201 Καὶ
806 5148 879 5218 μή
911 5145 1006 5216 μοί
1049 5162 1135 5209 τις
1162 5143 1374 5212 λεγέτω
1408 5160 1420 5175 ·
1461 5144 1574 5197 Καὶ
1608 5142 1727 5206 πῶς
1786 5161 1855 5213 με

291 5238 497 5303 πείθεις
538 5239 634 5293 καὶ
683 5240 817 5310 περὶ
848 5237 958 5292 τῶν
991 5237 1197 5291 λοιπῶν
1221 5236 1451 5308 ψυχῶν;
1493 5237 1603 5290 ἀπὸ
1638 5237 1749 5308 γὰρ
1775 5236 1871 5291 τοῦ

293 5327 496 5403 μέρους
520 5330 584 5385 τὸ
613 5332 721 5385 πᾶν
763 5329 1283 5402 καταλαμϐάνομεν.
1317 5329 1379 5383 Εἰ
1413 5328 1516 5400 μὲν
1543 5328 1653 5403 γὰρ
1674 5323 1785 5384 οἷόν
1812 5347 1873 5385 τε

370 5483 412 5517 ¹¹
449 5484 586 5543 Luc.
619 5500 776 5550 xvtu,
803 5487 857 5542 8.
938 5486 982 5519 ¹¹
1013 5484 1176 5542 Joan.
1206 5500 1260 5552 ν,
1301 5484 1392 5540 28.

366 5640 490 5723 ςό.
516 5642 580 5698 C.
615 5642 851 5723 φύσεως.
935 5642 957 5686 ί
983 5646 1463 5723 ’ρλέγονταᾳ
1512 5718 1526 5723 _
1546 5654 1585 5723 5_
1605 5651 1683 5723 C,
1702 5653 1762 5709 C.
1795 5653 1940 5723 ἀλλῳ

1946 5693 1961 5710 .
2033 5651 2059 5694 ιι
2089 5652 2153 5709 C.
2181 5652 2242 5709 C.
2275 5651 2608 5713 ἀλλοίοντας.
2688 5648 2706 5689 ί
2742 5651 2802 5706 C.
2835 5650 2897 5707 C.
2929 5649 3118 5712 εῖδεις.

1989 1951 2076 2005 tite
2117 1949 2422 2018 deSpiciens
2452 1948 2616 2013 Deus,
2668 1962 2812 2003 nunc
2852 1949 3141 2004 annuntiat
3170 1949 3483 2003 hominibus
3509 1940 3578 2001 ιη’

1985 2054 2177 2095 omnes
2200 2040 2399 2109 ubique
2421 2039 2798 2108 pmnitentiam
2832 2047 3013 2108 agant.
3044 2057 3064 2092 ι

2066 2131 2127 2187 Si
2157 2131 2320 2203 igitur
2349 2131 2490 2184 Deus
2512 2130 2706 2184 delicta
2742 2130 2809 2184 ab
2842 2129 3177 2197 hominibus,
3207 2143 3273 2185 ex
3295 2130 3560 2200 ignoram-

1986 2219 2059 2276 tia
2087 2258 2104 2287 ,
2140 2234 2170 2274 a
2208 2220 2394 2275 mundi
2447 2220 2851 2286 constitutione,
2904 2220 3154 2291 despicit,
3208 2220 3571 2288 omnibusque

1985 2312 2282 2379 condonat,
2320 2321 2467 2368 recte
2490 2310 2544 2366 in
2575 2310 2679 2367 ﬁne
2709 2321 3016 2383 temporum
3068 2314 3252 2380 venit;
3289 2329 3396 2384 quo
3417 2313 3564 2367 enim

1984 2402 2197 2471 longius
2248 2400 2427 2457 diﬂ‘ert
2481 2417 2637 2459 suum
2690 2404 3006 2471 adventum,
3036 2418 3101 2459 eo
3122 2402 3247 2475 plus
3280 2420 3434 2457 suam
3463 2405 3568 2457 im-

1987 2506 2229 2547 mensam
2290 2492 2614 2548 charitatem
2694 2492 3054 2561 manifestat,
3116 2494 3566 2565 quandoquidem

1988 2583 2340 2653 multiplicata
2397 2583 2594 2640 delicta
2655 2585 2889 2640 remittit
2937 2593 2993 2640 et
3038 2584 3279 2641 futurum
3310 2607 3315 2612 ·
3346 2596 3562 2654 tempus

1987 2676 2368 2739 abbreviat,ut
2425 2676 2686 2745 temporis
2725 2677 3026 2746 exiguitate
3081 2684 3332 2733 servetur
3392 2676 3563 2744 ﬁdes;
3637 2744 3647 2754 .

1985 2764 2219 2837 ideoque
2243 2767 2376 2822 dicit
2407 2785 2423 2823 :
2458 2765 2687 2822 Veniens
2728 2766 2907 2822 Filius
2970 2768 3201 2822 hominis
3237 2768 3463 2823 inveniet
3500 2768 3578 2836 ﬁ:

1983 2861 2100 2914 dem
2117 2874 2272 2928 super
2294 2866 2490 2913 terram
2522 2858 2610 2912 ³ιῖ
2637 2857 2750 2915 Nec
2782 2859 2913 2913 mihi
2939 2858 3092 2915 dicas
3116 2876 3131 2914 :
3153 2857 3293 2926 Quid
3315 2859 3381 2914 ad
3417 2842 3579 2933 mor_-'

1986 2952 2151 3005 tuos?
2190 2949 2327 3005 Nam
2384 2952 2464 3006 eis
2516 2965 2734 3020 quoque
2793 2949 3150 3021 praedicatum
3206 2957 3292 3005 est
3348 2950 3568 3019 pietatis

1984 3041 2307 3111 mysterium
2329 3082 2344 3109 ,
2373 3050 2428 3098 et
2453 3041 2544 3112 qui
2579 3041 2933 3106 crediderint,
2963 3054 3200 3098 omnese
3225 3040 3415 3096 mortis
3449 3040 3574 3115 νίιι-ἶ

1985 3134 2123 3189 culis
2148 3134 2323 3204 erepti
2356 3144 2580 3201 sunt,et
2602 3150 2670 3189 ex
2695 3132 2911 3188 inferno
2931 3133 3135 3202 egressi
3170 3131 3221 3187 in
3254 3133 3566 3201 paradisum

1907 3194 1955 3258 θ
1985 3194 2336 3283 introierunt.
2376 3194 2533 3293 Quod
2587 3225 2716 3281 inde
2750 3194 2995 3281 facilius"
3026 3194 3317 3295 coniectari
3348 3232 3563 3292 potest:

1979 3335 2085 3390 qua
2116 3320 2252 3375 hora
2278 3330 2547 3379 -mortuus
2600 3325 2684 3375 est
2749 3317 2928 3384 Jesus,
2980 3316 3125 3373 Deus
3176 3325 3382 3382 noster,
3415 3313 3569 3370 multi

1976 3426 2167 3467 eorum
2191 3411 2284 3481 qui
2322 3410 2670 3468 dormiebant
2693 3417 3135 3473 resurrexerunt,
3162 3417 3217 3463 et
3253 3408 3307 3462 in
3338 3406 3567 3462 Jerusa-

1979 3501 2082 3557 lem
2124 3504 2224 3558 visi
2254 3512 2401 3569 sunt,
2421 3502 2576 3571 juxta
2603 3502 2731 3558 illud
2761 3518 2777 3557 :
2806 3500 3102 3572 Resurgent
3143 3500 3365 3567 mortui,
3399 3499 3572 3553 eteni-

1972 3594 2218 3664 gilabtmt
2270 3596 2363 3665 qui
2407 3596 2463 3649 in
2517 3595 2871 3649 monumentis
2928 3603 3052 3648 sunt
3094 3593 3159 3652 ¹².
3216 3590 3376 3648 Unde
3421 3590 3570 3647 scire

1975 3699 2265 3755 possumus
2289 3686 2496 3752 Jesum,
2532 3688 2586 3742 in
2618 3686 2893 3742 infernum
2940 3701 3061 3741 cum
3085 3685 3475 3750 descendisset,
3493 3683 3571 3740 ibi

1976 3778 2303 3849 praedicasse
2333 3778 2702 3835 remissionem
2727 3788 3075 3847 peccatorum
3098 3782 3155 3829 et
3179 3774 3420 3827 omnium
3441 3772 3492 3825 in
3511 3785 3571 3826 se

1976 3868 2314 3924 credentium
2358 3868 2571 3924 animas
2598 3868 2890 3932 liberasse,
2926 3880 3033 3919 non
3085 3871 3263 3917 autem
3288 3863 3570 3917 universos

1975 3959 2308 4016 credidisse:
2341 3974 2510 4030 quare
2538 3974 2644 4015 non
2677 3956 2928 4012 universa
2965 3963 3301 4010 mortuorum
3336 3967 3569 4019 corpora

1975 4060 2349 4119 surrexerunt,
2373 4051 2465 4107 sed
2484 4050 2664 4121 aliqua
2696 4056 2930 4114 tantum;
2964 4061 3070 4102 non
3098 4060 3227 4101 vero
3245 4046 3296 4101 in
3321 4045 3571 4113 Evange-

1973 4142 2048 4199 lio
2075 4140 2603 4198 diciturJndacorum
2645 4139 2819 4196 solum
2863 4137 3100 4194 excitata
3140 4151 3264 4192 esse
3310 4151 3562 4206 corpora.

1975 4237 2071 4293 sed
2101 4236 2515 4291 indeterminate
2547 4234 2731 4289 dicens
2768 4232 2950 4298 multi,
2977 4231 3218 4287 ostendit
3273 4230 3560 4301 gentilium

1976 4342 2221 4399 quoque;
2264 4326 2336 4381 ibi
2356 4326 2499 4381 enim
2516 4322 2555 4379 'a
2571 4322 2783 4380 saeculis
2810 4330 2966 4378 erant
2989 4321 3274 4393 gentilium
3300 4335 3557 4390 corpora,

1978 4417 2245 4489 siquidem
2272 4418 2422 4488 prius
2453 4417 2730 4486 regionem
2764 4413 2911 4471 illam
2932 4413 3281 4469 incoluerunt
3309 4411 3561 4483 gentiles,

1980 4519 2035 4566 et
2067 4521 2250 4579 postea
2286 4524 2391 4563 non
2423 4507 2645 4563 omnino
2670 4505 2842 4561 deleta
2875 4515 2958 4560 est
2982 4503 3357 4560 Jehusazorum
3408 4517 3565 4573 gens,

1982 4603 2115 4659 urbe
2145 4619 2175 4656 a
2206 4600 2405 4657 Judaeis
2438 4609 2619 4670 capta,
2662 4599 2756 4654 sed
2791 4597 2842 4652 in
2875 4599 3054 4653 medio
3073 4594 3382 4651 Judmorum
3413 4595 3566 4649 habi-

1984 4701 2252 4747 taverunt.
2284 4690 2390 4745 Nec
2421 4689 2554 4744 mihi
2583 4690 2730 4743 dicat
2763 4686 2999 4756 aliquis:
3032 4684 3319 4752 Quomodo
3346 4683 3412 4737 de
3441 4682 3566 4736 aliis

1982 4784 2262 4839 animabus
2285 4782 2415 4837 mihi
2458 4778 2852 4847 persuadebis?
2881 4777 2939 4833 ln
2971 4786 3128 4849 parte
3190 4778 3339 4833 enim
3394 4784 3564 4829 totum

1984 4875 2520 4945 comprehendimus.
2542 4871 2693 4940 Quod
2726 4871 2771 4927 si
2802 4870 2885 4927 l'as
2935 4880 3082 4927 esset
3131 4872 3347 4924 animas
3378 4868 3433 4922 in
3466 4867 3563 4923 bo-

1984 4966 2188 5021 minum
2236 4964 2560 5034 corporibus
2611 4965 2871 5032 degentes
2925 4974 3180 5025 cernere,
3237 4959 3563 5013 vidissemus

1978 5071 2168 5113 omnes
2203 5055 2389 5111 ﬁdeles
2412 5069 2479 5111 ex
2508 5054 2721 5110 inferno
2759 5055 2813 5107 in
2850 5051 3185 5123 paradisum,
3240 5063 3337 5103 seu
3366 5047 3420 5101 in
3451 5058 3563 5101 cm-

1979 5149 2080 5214 los,
2139 5150 2468 5214 avolantes;
2524 5147 2781 5218 quOuiam
2845 5159 2973 5199 vero
3025 5142 3256 5198 hominis
3328 5149 3556 5201 natura,

1982 5239 2369 5294 subtilissimus
2402 5237 2646 5306 spiritus,
2679 5237 2730 5290 id
2758 5245 2843 5290 est
2864 5274 2880 5299 ,
2907 5237 3113 5297 anima,
3182 5229 3356 5286 oculis
3410 5227 3558 5283 cerni

1982 5345 2090 5386 non
2118 5337 2320 5401 potest,
2348 5344 2454 5386 non
2488 5328 2781 5393 immerito,
2812 5327 2878 5384 ad
2902 5325 3357 5397 persuadendum,
3395 5336 3559 5394 quas-

3223 5656 3238 5699 i
3272 5645 3336 5701 ϐ.
3373 5645 3434 5699 C.
3461 5644 3561 5697 καὶ

297 5708 583 5799 fissam,
612 5708 940 5799 αἰλούρους..
994 5714 1018 5755 ι
1054 5718 1119 5773 c.
1150 5708 1620 5799 §.ébréc:___1_c.
1655 5708 1865 5799 cipis.

1980 5742 2016 5779 ι.
2333 5721 2479 5799 ίῖξφθ1
2515 5708 2652 5799 τοῖς.
2728 5730 2758 5760 ³³
2964 5720 3025 5799 οὐ
3053 5708 3274 5799 παντες.
3295 5786 3319 5798 ο
3350 5723 3376 5752 ⁸
3398 5714 3555 5799 una.

297 5789 401 5834 om.
427 5782 548 5836 ούκ.
644 5794 671 5835 1³
695 5782 841 5840 (λϐ.
872 5787 1071 5857 μόνων.
1150 5796 1179 5839 ιι
1234 5792 1295 5845 (3.
1325 5790 1386 5847 C.
1421 5791 1581 5847 ἀλλά.

1663 5804 1685 5831 ι’
1713 5793 1776 5850 C.
1803 5797 1862 5851 (Σ.
1888 5791 1987 5863 τῆν
2015 5794 2167 5849 πόλιν
2197 5793 2305 5849 τῶν
2350 5791 2643 5849 Ἰουδαίων.

2722 5803 2744 5832 ⁸
2776 5790 2839 5849 Γ.
2877 5792 2938 5848 C.
2966 5790 3196 5861 ἐμμέσω
3229 5786 3347 5843 τοῦ.
