4064 6398
581 348 717 417 156⁸1

1741 348 2014 409 AMMON
2019 348 2081 408 II
2123 347 2661 411 ALEXANDRINI

3699 343 3849 411 1568

576 467 700 519 dum
731 464 940 518 animus
969 476 1090 515 cum
1140 462 1462 531 corporibus
1497 469 1623 518 ante
1653 462 1840 518 oculos
1864 461 2066 531 posuit,
2096 468 2140 514 ul

2252 455 2322 532 ἦν
2360 460 2578 532 βλέψειν
2599 461 2753 532 ἡμᾶς
2782 459 2909 523 τοὺς
2931 458 3092 522 ὄντας
3121 458 3181 511 ὲν
3215 456 3434 528 σώμασι
3468 455 3488 493 ί
3537 454 3716 526 ψυχὰς
3742 459 3848 512 ἀν-

576 556 817 609 videntes
846 553 1216 608 crederemus.
1249 553 1553 610 Absurdum
1591 552 1739 609 enim
1796 551 1988 609 fuisset
2030 551 2154 606 uni-

575 659 760 699 versos
787 643 1042 698 suscitari
1074 643 1189 713 qui,
1215 659 1246 698 a
1275 643 1459 699 mundi
1494 642 1888 700 constitutione
1929 640 2152 709 mortui,

573 736 629 789 in
690 732 907 788 inferno
960 735 1548 804 rrediderunt;primo
1596 734 1836 805 quidem,
1906 747 1976 788 ne
2030 741 2156 788 ante

575 834 785 893 tempus
808 825 1099 879 multorqu
1120 826 1273 880 fieret
1302 826 1652 889 resurrectio,
1675 808 1800 880 cum
1829 825 1983 894 pauci
2016 825 2149 880 satis

571 925 755 970 essent
786 916 851 970 ad
885 917 1321 986 persuadendum
1349 917 1416 973 iis
1441 917 1532 986 qui
1565 919 1770 987 absque
1802 917 2155 972 contentione

573 1006 858 1061 veritatem
903 1018 1206 1078 sequuntur
1236 1024 1251 1073 ;
1309 1008 1402 1062 sed
1430 1009 1594 1063 etiam
1626 1007 1826 1064 multos
1854 1008 1987 1063 dicit
2005 1008 2154 1063 Scri-

573 1107 767 1165 ptura;
801 1097 994 1153 deinde
1020 1099 1145 1167 quia
1182 1098 1485 1153 clanculum
1553 1099 1788 1155 faciebat
1823 1099 1999 1169 signa,
2032 1100 2156 1168 qui-

574 1189 673 1243 bus
699 1189 982 1245 veritatem
1004 1190 1262 1245 credituri
1282 1204 1502 1246 eramus
1525 1192 1704 1257 :junde
1732 1206 1838 1246 non
1869 1191 2151 1260 splendido

573 1292 834 1350 apparatu
883 1282 997 1352 ipse
1024 1282 1077 1337 in
1101 1292 1274 1337 terras
1330 1282 1635 1347 descendit,
1689 1284 1784 1338 sed
1836 1283 2069 1338 latenter
2097 1290 2153 1338 et

573 1372 809 1427 humano
837 1372 1210 1440 more,'factus
1231 1391 1297 1429 ex
1329 1375 1554 1430 muliere
1580 1376 1646 1440 ¹³,
1678 1386 1733 1430 et
1761 1375 1964 1430 faciens
1997 1376 2149 1443 signa

572 1473 625 1517 et
652 1466 965 1521 curationes
996 1466 1195 1536 quibus
1224 1481 1283 1520 se
1318 1481 1442 1522 esse
1479 1466 1647 1522 Deum
1670 1465 2007 1530 ostendebat,
2044 1480 2152 1536 quo

2255 550 2513 625 θρὼπων,
2536 551 2756 622 εἴχομεν
2776 549 2845 604 ἂν
2879 549 3009 604 ἰδεῖν
3036 547 3247 610 πάντας
3268 548 3396 611 τοὺς
3421 546 3743 611 ἀνελθόντας
3764 549 3840 600 ἐκ

2251 646 2347 701 τοῦ
2380 647 2507 719 ᾅδου
2536 646 2784 710 πιστοὺς,
2810 644 2905 699 καὶ
2929 645 3010 708 είς
3041 641 3427 714 παράδεισονῆ
3457 642 3539 703 είς
3572 640 3848 710 οὐρανοὺς

2252 738 2608 802 ἀππτάντας
2631 755 2645 769 υ
2688 735 2876 807 ἐπειδὴ
2900 736 2959 788 δὲ
2986 735 3049 788 οὐ
3080 733 3308 789 δύναται
3337 732 3504 803 φύσις
3537 731 3840 802 ἀνθρώπου

2252 832 2312 884 ὲν
2346 832 2511 902 σαρκὶ
2539 826 2677 884 οὖσα
2727 828 2946 899 πνεῦμα
2997 825 3340 898 λεπτομερὲς
3363 864 3379 889 ,
3415 812 3459 878 δ’
3489 825 3608 877 ἐστι
3634 821 3788 892 ψυχὴ
3815 862 3832 886 ο

2252 918 2559 989 ὀφθαλμοῖς
2601 919 2918 990 θεωρῆσαι,
2958 917 3187 980 εἰκότως
3221 915 3361 988 πρὸς
3412 911 3589 967 πειθὼ
3621 925 3647 952 ιι
3676 930 3843 977 τινας

2253 1009 2387 1078 ἡμῖν
2423 1008 2740 1080 παρέστησε
2774 1008 2916 1080 μετά
2959 1006 3070 1062 τῶν
3106 1008 3404 1078 σωμάτων,
3436 1004 3526 1059 ἵνα
3551 1002 3835 1076 θεωροῦνο·

2252 1115 2344 1163 τες
2370 1100 2567 1163 αὐτοὺς
2598 1098 2916 1167 πεισθῶμεν
2935 1115 2952 1130 ο
2982 1098 3186 1152 ἄτοπον
3219 1096 3330 1166 γὰρ
3351 1090 3422 1167 ἦν
3446 1094 3661 1161 πάντας
3689 1094 3845 1162 syst-

2254 1209 2347 1265 ραι
2367 1201 2397 1231 ν
2430 1192 2558 1256 τοὺς
2586 1192 2818 1263 νεκροὺς
2841 1191 2973 1256 τοὺς
2999 1190 3107 1245 ἀπὸ
3149 1187 3460 1258 καταϐολῆς
3494 1187 3705 1255 κόσμου
3742 1203 3842 1239 τε-

2250 1283 2668 1355 τελευτηκότας,
2695 1282 3094 1348 πιστεύσαντας
3119 1281 3176 1335 δὲ
3208 1282 3267 1335 ὲν
3291 1279 3420 1351 ᾅδου
3440 1293 3456 1310 ο
3481 1276 3703 1350 πρῶτον
3734 1278 3843 1347 μὲν

2251 1376 2341 1432 ἵνα
2380 1377 2456 1449 μὴ
2489 1377 2597 1447 πρὸ
2629 1372 2826 1447 καιροῦ
2858 1374 3086 1445 γένηται
3115 1374 3416 1434 ἀνάστασις
3455 1369 3698 1435 πολλῶν,
3728 1371 3841 1438 ἀρ-

2251 1467 2492 1521 κούντων
2542 1466 2636 1519 καὶ
2691 1464 2891 1534 ὀλίγων
2944 1467 3130 1518 πεῖσαι
3178 1464 3306 1525 τοὺς
3353 1460 3716 1529 ἀφιλονείκως
3762 1461 3835 1530 τῇ

569 1552 1217 1614 bouimauilestareutur.
1254 1557 1371 1615 Non
1393 1558 1560 1629 igitur
1588 1558 1748 1614 aliter
1779 1559 1865 1613 hic
1916 1557 2070 1621 fecit,
2095 1558 2140 1612 in

2250 1556 2478 1628 ἀληθείᾳ
2500 1555 2877 1620 πιστεύοντας,
2922 1554 3122 1627 μᾶλλον
3157 1554 3214 1607 δὲ
3251 1553 3463 1609 πολλῶν
3489 1552 3635 1606 κατά
3663 1551 3725 1606 τὸ
3751 1551 3838 1605 εί-

570 1646 803 1714 quadam
839 1646 1048 1703 scilicet
1080 1648 1230 1705 orbis
1275 1656 1430 1719 parte
1485 1657 1728 1704 mortuos
1792 1656 1918 1702 ante
1965 1647 2140 1703 oculos

2254 1649 2491 1719 ρημένον
2520 1650 2578 1702 ἐν
2605 1648 2684 1719 τῷ
2728 1648 3048 1719 Εὑαγγελίῳ
3073 1664 3087 1679 ο
3124 1646 3316 1701 ἔπειτα
3348 1646 3408 1699 δὲ
3435 1646 3528 1701 διὰ
3564 1644 3628 1699 τὸ
3665 1646 3833 1714 ἐγκε-

567 1736 814 1790 vivorum
851 1746 1119 1806 statuens,
1154 1749 1234 1804 ut,
1267 1754 1363 1810 per
1382 1754 1478 1795 eos
1531 1741 1623 1810 qui
1665 1740 1777 1795 suis
1798 1739 1971 1795 oculis
1997 1740 2140 1795 vide.

2248 1741 2616 1811 καλυμμένως
2645 1743 2821 1793 ποιεῖν
2850 1741 3016 1794 αὐτὸν
3044 1740 3115 1793 τά
3153 1741 3377 1810 σημεῖα,
3403 1737 3472 1791 δι’
3498 1731 3575 1791 ὧν
3608 1735 3833 1790 ἐπειθό-

573 1836 716 1893 rant,
764 1827 1049 1884 crederent
1093 1831 1297 1898 caeteri,
1325 1846 1428 1887 non
1491 1831 1664 1886 solum
1701 1831 1769 1886 de
1808 1841 2140 1886 mortuorum

2255 1808 2489 1900 μεθα-τῇ
2517 1827 2783 1900 ἀληθείᾳ·
2808 1828 2933 1884 ὅθεν
2962 1831 3057 1883 καὶ
3084 1808 3248 1892 αὐτος
3262 1828 3326 1882 οὺ
3355 1828 3496 1898 μετά
3524 1826 3834 1895 φαντασίας

571 1924 996 1984 resurrectione,
1036 1922 1131 1977 sed
1157 1922 1319 1977 etiam
1350 1924 1416 1978 de
1446 1922 1562 1992 eius
1596 1922 1993 1987 incarnatione,
2027 1938 2140 1992 qua:

2252 1920 2520 1993 κατῆλθεν
2539 1921 2632 1974 ιπι
2647 1921 2774 1991 γῆς,
2802 1920 2940 1976 ἀλλὰ
2955 1901 3264 1992 λὶληθότως
3287 1919 3478 1991 θεσμῷ
3496 1918 3834 1990 ἀνθρώπιον,

570 2023 675 2062 nou
709 2011 762 2064 in
785 2012 1038 2069 universo
1089 2013 1241 2079 orbe,
1276 2015 1372 2070 sed
1407 2014 1463 2069 in
1491 2016 1724 2085 quadam
1782 2016 1933 2069 orbis
1962 2023 2140 2083 ,βίη-ιε

2248 2012 2545 2083 γενόμενος
2573 2012 2637 2065 ὲκ
2661 2012 2940 2080 γυναικὸς,
2964 2012 3058 2066 καὶ
3081 2012 3252 2067 ποιῶν
3276 2012 3479 2082 σημεῖα
3508 2009 3604 2065 καὶ
3630 2008 3831 2072 ἰάσεις,

570 2096 707 2151 facta
733 2107 838 2164 est,
872 2110 925 2153 et
959 2115 1053 2169 per
1116 2117 1209 2156 eos
1235 2102 1327 2173 qui
1374 2117 1497 2157 eum
1549 2103 1819 2168 viderant,
1876 2103 2140 2157 universae

2248 2104 2316 2159 δι’
2346 2098 2422 2158 ὧν
2451 2102 2669 2157 ἔπειθεν
2700 2103 2939 2167 ὅτιθεὸς
2965 2099 3035 2175 ἦν
3054 2119 3066 2132 ·
3099 2104 3187 2157 ἵνα
3223 2104 3274 2158 οῑ
3296 2103 3516 2174 δόκιμοι
3546 2100 3794 2169 φανῶσιν
3814 2115 3829 2129 ·

566 2196 747 2254 terrae,
777 2205 806 2243 a
837 2190 966 2245 solis
996 2202 1116 2247 ortu
1177 2208 1351 2264 usque
1382 2195 1447 2249 ad
1479 2209 1756 2257 occasum,
1790 2195 1859 2249 ab
1890 2193 2140 2264 aquilone

2250 2191 2423 2257 οὕτως
2453 2190 2548 2245 οὖν
2588 2191 2683 2246 καὶ
2734 2192 2830 2245 ἐπὶ
2856 2191 3048 2245 τούτου
3081 2192 3371 2263 ἐποίησενο
3418 2193 3478 2245 ὲν
3514 2189 3673 2261 μέρει
3719 2186 3832 2240 τινὶ

567 2293 735 2347 usque
764 2281 830 2334 ad
861 2283 1163 2350 meridiem,
1190 2284 1467 2341 credibilis
1494 2286 1636 2341 facta
1669 2294 1773 2341 est.

2248 2283 2351 2353 τῆς
2384 2282 2490 2353 γῆς
2531 2281 2972 2353 δφθαλμοφανῶς
3019 2284 3382 2354 παραστήσας
3422 2282 3551 2344 τοὺς
3597 2278 3829 2349 νεκροὺς

563 2372 674 2433 τοῖς
708 2370 875 2435 ζῶσιν
899 2415 914 2439 ,
955 2373 1043 2428 ἵνα
1079 2374 1170 2429 διὰ
1198 2374 1307 2430 τῶν
1338 2377 1628 2442 αὐτόπτως
1675 2392 1703 2420 ι
1731 2378 2056 2451 ἑωρακότων
2085 2375 2135 2432 οἱ
2172 2373 2355 2427 λοιποὶ
2397 2372 2713 2443 πεισθῶμεν
2736 2388 2751 2403 ·
2793 2372 2869 2445 μὴ
2909 2373 3071 2444 μόνον
3138 2374 3269 2444 περὶ
3333 2372 3436 2443 τῆς
3468 2369 3580 2424 τῶν
3614 2367 3829 2440 νεκρῶν

565 2462 814 2543 ἀφέσεως
836 2503 851 2527 ,
883 2463 1021 2519 ἀλλά
1044 2468 1139 2521 καὶ
1168 2468 1301 2540 περὶ
1326 2469 1425 2540 τῆς
1451 2469 1618 2525 αὐτοῦ
1650 2471 1943 2543 ἐπιδημίας
1972 2513 1987 2538 ,
2014 2471 2136 2542 ἥτις
2172 2469 2273 2521 οὐκ
2302 2468 2361 2520 ἐν
2391 2465 2487 2538 ὅλῃ
2512 2469 2579 2538 τῇ
2627 2469 2697 2537 γῇ
2715 2466 2963 2536 γέγονεν,
3028 2466 3145 2522 ἀλλ’
3171 2467 3229 2519 ὲν
3249 2465 3409 2537 μέρει
3431 2464 3538 2519 τινὶ
3570 2463 3673 2534 τῆς
3698 2462 3825 2531 γῆς.

564 2553 663 2605 Διά
694 2539 813 2607 τῶν
854 2556 1019 2611 αὐτὸν
1073 2539 1399 2631 ἑωρακότων
1436 2539 1835 2636 επιστοποιήθτη
1878 2539 2136 2636 πάσῃντῇ
2172 2562 2266 2633 γῇ,
2317 2560 2427 2614 ἀπὸ
2495 2558 2777 2614 ἀνατολῶν
2845 2558 3002 2631 ἡλίου
3054 2558 3152 2613 καὶ
3200 2556 3365 2630 μέχρι
3417 2554 3661 2627 δυσμῶν,
3716 2552 3827 2607 ἀπὸ

562 2644 766 2714 ἄρκτου
807 2649 900 2701 καὶ
941 2653 1313 2724 μεσημϐρίας.

640 2733 802 2790 Vens.
833 2736 921 2792 32.
956 2757 973 2790 ι
1005 2738 1139 2795 Cum
1167 2743 1447 2800 audissent
1468 2728 1661 2802 autem
1682 2749 2140 2806 resurrectionem

2329 2759 2348 2794 ι
2408 2739 2771 2803 ’Δκούσαντες
2830 2739 2889 2794 δὲ
2950 2739 3251 2794 ἀνάστασιν
3313 2736 3547 2809 νεκρῶν,
3607 2738 3659 2791 οί
3725 2740 3827 2810 μὲν

567 2838 936 2895 mortuorum,
989 2833 1207 2902 quidam
1262 2837 1480 2906 quidem
1532 2840 1876 2896 irridebant:
1916 2842 2136 2914 quidam

2244 2828 2536 2900 ἐχλεύαζον
2562 2845 2577 2860 ·
2592 2830 2657 2883 ὀί
2688 2828 2744 2883 δὲ
2765 2824 3333 2901 εἷπον“.Ἀκουσόμεθά
3358 2843 3451 2883 σου
3475 2828 3609 2898 περὶ
3630 2827 3827 2885 τούτου

562 2930 693 2971 vero
718 2921 971 2976 dixerunt
997 2942 1010 2979 :
1032 2925 1328 2983 Audiemus
1351 2940 1402 2984 te
1429 2931 1495 2986 de
1520 2932 1622 2986 hoc
1647 2933 1865 2989 iterum.
1903 2953 1922 2987 ι
2242 2921 2428 2975 πάλινο
2468 2940 2489 2974 ι

636 3007 891 3066 lloinines
923 3015 1065 3068 enim
1106 3020 1332 3074 omnino
1373 3023 1623 3079 carnales
1657 3033 1712 3079 et
1743 3024 2004 3082 increduli
2029 3042 2140 3083 om-

2313 3013 2377 3065 Oi
2425 3011 2535 3082 γὰρ
2579 3011 2761 3065 πάντα
2808 3011 3066 3081 σαρκικοὶ
3114 3010 3212 3064 καὶ
3265 3011 3488 3067 ἄπιστοι
3543 3010 3827 3083 ἄνθρωποι

563 3099 651 3152 nia
687 3102 752 3154 ad
785 3104 970 3161 oculos
1026 3112 1330 3177 remittunt,
1370 3110 1482 3169 Deo
1510 3114 1730 3171 docenti
1774 3116 1995 3172 minime
2020 3133 2139 3174 cre-

2247 3102 2408 3173 μόνον
2431 3105 2498 3172 τῇ
2529 3103 2630 3173 Θέᾳ
2654 3102 3012 3171 ἐπιτρέπουσι
3043 3101 3104 3155 τὺ
3125 3103 3237 3157 πᾶν
3253 3118 3270 3136 ο
3295 3102 3452 3157 οὐδὲν
3475 3105 3542 3174 τῇ
3563 3103 3658 3157 τοῦ
3688 3106 3825 3158 Θεοῦ

560 3191 768 3257 dentes;
792 3208 1126 3268 quaecunque
1144 3200 1306 3269 igitur
1323 3218 1426 3256 non
1447 3212 1695 3272 poterant
1710 3207 1779 3261 ob
1797 3222 1983 3263 eorum
2012 3223 2140 3264 ocu-

2244 3192 2562 3263 διδασκαλίᾳ
2600 3192 2984 3256 πιστεύοντες⁶
3020 3192 3121 3246 ὅσα
3168 3190 3281 3261 γὰρ
3314 3191 3463 3263 ἔργῳ
3506 3209 3590 3257 τις
3636 3194 3827 3259 αὐτοῖς

563 3278 642 3333 los
668 3283 815 3350 poni,
840 3300 900 3338 ea
929 3286 1003 3339 illi
1034 3291 1419 3357 repudiabant:
1444 3293 1626 3364 itaque
1655 3295 1744 3364 qui
1773 3311 1868 3352 eos
1888 3297 2140 3355 volebant

2244 3284 2345 3337 οὐκ
2400 3282 2634 3352 ἠδύνατο
2687 3283 3044 3353 παραστῆσαι
3068 3321 3083 3348 ,
3125 3281 3365 3346 τούτοις*
3393 3282 3662 3352 ἠπίστουν
3687 3300 3702 3315 ο
3745 3284 3828 3337 διὸ

563 3370 818 3442 decipere
842 3382 988 3431 circa
1050 3381 1313 3448 ctelestia,
1351 3382 1653 3440 alienarum
1680 3403 1860 3443 rerum
1879 3390 2140 3461 exemplis

2244 3372 2337 3427 καὶ
2375 3374 2426 3426 oi
2463 3372 2710 3437 θέλοντες
2743 3374 2932 3436 αὐτοῖς
2969 3376 3329 3446 φρεναπατᾷν
3376 3374 3509 3445 περὶ
3541 3375 3649 3429 τῶν
3692 3392 3824 3445 μετ-

564 3463 874 3531 utebantur,
902 3468 1190 3525 alI'erentes
1238 3488 1332 3529 seu
1378 3474 1603 3530 laxones
1644 3493 1739 3532 seu
1792 3477 2046 3535 formicas
2072 3481 2138 3536 ad

2244 3466 2446 3536 ῑώρων,
2494 3465 2562 3519 δι’
2615 3465 2819 3537 ἐτέρων
2875 3465 3363 3536 παραδειγμάτων,
3416 3465 3451 3537 ἢ
3514 3467 3666 3536 παρὰ
3714 3468 3824 3521 τῶν

558 3559 953 3614 ostendendum
1012 3563 1501 3620 solisetctelorum
1559 3581 1751 3624 cursus
1808 3579 1864 3624 et
1912 3586 2139 3626 conver-

2244 3559 2472 3627 τροχοὺς
2507 3559 2603 3611 καὶ
2638 3556 2940 3628 μύρμηκας
2981 3559 3060 3621 είς
3094 3558 3372 3623 ἀπόδειξιν
3404 3558 3564 3628 ἡλίου
3595 3560 3689 3612 καὶ
3718 3560 3815 3612 οὑ-

558 3650 776 3717 sioucs;
809 3668 873 3707 ex
912 3655 993 3709 liis
1023 3656 1315 3712 invisibilia
1352 3658 1715 3728 conjiciebaut
1737 3664 1761 3717 i’
1782 3675 1836 3719 et
1869 3666 1948 3721 sic
1976 3666 2132 3721 stoli-

2244 3649 2403 3721 ρανοῦ
2431 3650 2633 3719 δρόμον
2653 3650 3091 3720 παραφέροντες,
3116 3649 3213 3704 καὶ
3241 3651 3307 3703 ὲκ
3325 3648 3536 3705 τούτων
3562 3650 3631 3703 τὰ
3651 3650 3822 3720 ἄδηλα

559 3739 658 3795 das
689 3750 898 3799 mentes
921 3746 1286 3817 decipiebant.

2244 3740 2799 3811 καταστοχαζόμενοι,
2823 3739 2918 3793 καὶ
2946 3739 3038 3793 διὰ
3057 3739 3166 3793 τῶν
3193 3739 3496 3811 ἀπατηλῶν
3528 3739 3817 3809 γοητεύον-

2236 3847 2333 3895 τες
2357 3831 2459 3895 τάς
2496 3831 2607 3887 τῶν
2636 3830 2863 3902 ἠλιθίων
2895 3831 3097 3901 ψυχάς.

1162 3940 1316 3999 CAP.
1368 3941 1558 4002 XVIII.

624 4047 793 4106 Vens.
827 4051 878 4107 5.
921 4051 1045 4109 «Sic
1068 4056 1190 4124 quia
1220 4067 1337 4113 erat
1364 4060 1605 4131 ejusdem
1657 4063 1813 4128 artis,
1879 4066 2131 4121 manebat

2812 3963 3064 4017 ΚΕΦΑΛ.
3109 3963 3218 4018 1Η’.

2308 4096 2328 4129 ι
2366 4077 2477 4132 Καὶ
2520 4076 2607 4130 διὰ
2635 4079 2695 4130 τὸ
2725 4077 3018 4148 ὁμότεχνον
3052 4073 3212 4143 εἶναι,
3248 4076 3411 4148 ἔμενε
3448 4078 3582 4150 παρ’
3606 4079 3815 4144 αὐτοῖς,

553 4138 692 4203 apud
726 4152 841 4203 eos,
874 4149 927 4193 et
953 4145 1311 4209 operabatur:
1345 4160 1505 4203 erant
1554 4151 1697 4206 enim
1719 4152 2131 4210 seeuofuctorize

2244 4168 2325 4221 καὶ
2354 4169 2638 4239 εἰργάζετο
2661 4183 2674 4196 °
2709 4138 2851 4240 ἦσαν
2882 4138 2991 4240 {ap
3030 4138 3349 4242 σκηνοποιοὶ
3388 4171 3487 4240 τὴν
3523 4138 3753 4241 τεχνην.

550 4238 708 4281 31⁵118.
737 4246 755 4278 Ι

618 4315 927 4375 Notandum
960 4332 1042 4377 est
1071 4327 1212 4394 quod
1242 4329 1530 4400 Apostolus
1560 4332 1909 4403 operabatur,
1933 4342 1988 4389 et
2010 4345 2129 4391 erat

470 4403 482 4415 “
550 4409 969 4468 scenol'acturiae
1002 4419 1156 4471 artis.

623 4497 787 4558 Vsus.
819 4503 872 4557 6.
911 4523 930 4556 ι
958 4505 1193 4579 Sanguis
1243 4522 1424 4569 vester
1456 4528 1621 4584 super
1652 4524 1815 4585 caput
1844 4526 2077 4574 vestrum
2108 4539 2122 4576 :

546 4591 781 4646 mundus
809 4610 929 4664 ego.
968 4615 987 4648 ι

620 4681 853 4753 Sanguis
906 4699 1069 4741 vester
1108 4706 1268 4761 super
1324 4703 1482 4762 caput
1532 4704 2122 4759 vestrumzobscurum

546 4773 752 4831 esthoc
794 4778 995 4835 dictum
1025 4797 1041 4848 ;
1069 4796 1267 4839 censeo
1321 4795 1503 4841 autem
1549 4801 1675 4845 eum
1733 4791 1851 4849 haec
1895 4794 2121 4852 dicere:

547 4862 868 4939 Quicunque
922 4887 1029 4926 non
1083 4874 1335 4930 creditin
1359 4875 1664 4947 Christum,
1693 4884 1785 4953 qui
1846 4885 1954 4940 vita
2014 4897 2121 4954 est,

547 4960 785 5029 seipsum
842 4966 1159 5020 interimere
1213 4968 1450 5037 videtur,
1507 4973 1575 5029 de
1604 4976 1713 5029 vita
1771 4979 1838 5032 ad
1888 4990 2118 5035 mortem

548 5054 842 5118 transiens,
873 5056 1302 5129 sanguinemque
1339 5076 1498 5118 suum
1557 5068 1792 5134 quodam
1843 5071 2002 5125 modo
2036 5071 2119 5126 ef-

547 5140 778 5200 fundens
839 5159 1013 5198 morte
1054 5162 1213 5217 quam
1246 5153 1346 5209 sibi
1390 5156 1555 5212 iul‘crt
1587 5172 1602 5222 ;
1635 5160 1748 5215 hanc
1771 5158 1936 5230 igitur
1956 5162 2121 5217 dicit:

547 5234 684 5289 Cum
724 5238 1086 5306 vosmetipsos
1123 5258 1216 5311 per
1246 5245 1681 5305 incredulitatem
1712 5266 1947 5307 vestram
1975 5256 2122 5311 occi-

547 5327 709 5395 dntis,
746 5326 1049 5385 istiusmodi
1104 5338 1250 5392 necis
1285 5353 1473 5407 poenas
1500 5343 1716 5409 dabitis,
1742 5343 2001 5400 innocens
2025 5360 2121 5399 au-

626 5504 667 5534 “
697 5502 876 5559 Gulat.
911 5522 981 5573 tv,
1016 5510 1068 5566 4,

626 5659 646 5694 ί
678 5657 831 5741 (τηε.
868 5662 1099 5747 σώματι.
1150 5682 1199 5747 Αιι
1231 5670 1288 5723 C.
1314 5672 1375 5726 Ο.
1413 5673 1574 5727 πιθώ.
1644 5685 1668 5711 ν
1697 5677 1894 5747 ἐγεῖρῑ.

556 5738 914 5788 στιτοιὶυτων.
990 5746 1008 5768 ⁸
1048 5739 1108 5794 C.
1142 5738 1202 5796 C.
1234 5742 1487 5814 ἐπιφέρει
1509 5744 1616 5812 ἐφ’.

2152 4479 2196 4538 C

2300 4340 2647 4414 Σημειωτὲον
2691 4343 2773 4396 ὅτι
2818 4344 3108 4416 εἰργάζετο
3161 4353 3191 4394 γ
3226 4346 3254 4399 ὁ
3310 4346 3639 4412 Ἀπόστολος
3665 4386 3681 4413 ,
3721 4348 3817 4402 καὶΙ

2233 4433 2314 4489 ὅτι
2347 4433 2761 4507 σκηνοπηγικὴν
2793 4432 2906 4507 εἶχε
2940 4436 3160 4507 τέχνην.

2312 4545 2329 4577 ι
2364 4524 2439 4578 Τδ
2477 4519 2615 4595 αἷμα
2647 4526 2800 4596 ὑμῶν
2826 4528 2918 4580 ἐπὶ
2950 4527 3051 4592 τὰς
3079 4528 3323 4600 κεφαλὰς
3346 4529 3538 4600 ὑμῶν’
3572 4529 3814 4603 καθαρὸς

2232 4616 2365 4685 ἐγώ.
2404 4635 2423 4668 ι

2307 4706 2378 4763 Τὸ
2404 4702 2548 4777 αἷμα
2584 4707 2754 4779 ὑμῶν
2782 4708 2881 4764 ἐπὶ
2914 4710 3030 4781 τὴν
3054 4712 3333 4783 κεφαλὴν
3360 4713 3526 4783 ὑμῶν
3549 4729 3566 4742 ·
3601 4714 3814 4783 ἀσαφές

2230 4799 2349 4852 ἐστι
2371 4798 2433 4852 τὸ
2465 4799 2658 4872 ῥητόν·
2692 4796 2849 4873 οἶμαι
2879 4802 2937 4856 δὲ
2968 4804 3101 4858 αὐτὸ
3132 4805 3290 4859 τοῦτο
3324 4805 3506 4873 λέγειν
3526 4822 3540 4836 ο
3573 4805 3812 4868 ἕκαστος

2227 4890 2337 4944 τῶν
2361 4890 2742 4947 ἀπιστούντων
2770 4902 2793 4930 ²
2816 4892 3057 4965 Χριστῷ,
3074 4892 3134 4958 ὃς
3154 4895 3270 4948 ἐστι
3292 4895 3425 4966 ζωὴ,
3444 4896 3594 4949 δοκεῖ
3614 4896 3811 4949 ἑαυτὸν

2236 4982 2508 5053 φονεύειν,
2542 4985 2652 5039 ἀπὸ
2682 4984 2785 5056 τῆς
2808 4985 2955 5058 ζωῆς
2988 4988 3331 5056 μεταϐαίνων
3354 4992 3435 5052 εἰς
3457 4988 3690 5043 Θάνατον
3712 5005 3727 5020 ο
3751 4989 3812 5041 τὸ

2233 5071 2373 5145 αἷμα
2422 5075 2618 5130 ἑαυτοῦ
2646 5077 2849 5148 τρόπον
2901 5078 3025 5132 τινὰ
3053 5079 3263 5150 ὲκχέων
3298 5079 3389 5135 διὰ
3424 5081 3525 5151 τῆς
3573 5079 3807 5151 σφαγῆς,

2229 5165 2298 5238 ἢν
2336 5167 2591 5239 ἐπιφέρει
2645 5177 2664 5199 ³
2702 5168 2914 5240 ἑαυτῷ⁹
2951 5170 3109 5225 τοῦτο
3140 5170 3235 5224 οὖν
3286 5187 3482 5243 φησιν·
3532 5170 3675 5224 ’Δνθ’
3731 5166 3811 5225 ὧν

2234 5256 2466 5327 σφάξετε
2516 5260 2743 5323 ἑαυτοὺς
2782 5261 2870 5316 διὰ
2911 5261 3010 5332 τῆς
3056 5262 3339 5330 ἀπιστίας,
3390 5261 3559 5318 αὐτοῦ
3607 5262 3809 5317 τούτου

2234 5349 2393 5420 ὑμεῖς
2427 5351 2704 5421 ὑπόσχητε
2737 5351 2914 5423 δίκην,
2945 5351 3081 5424 ἐμοῦ
3114 5352 3294 5409 ἀθώου
3329 5354 3502 5419 δντος.
3551 5354 3650 5409 Ἐκ
3674 5354 3813 5409 ταύ-

1969 5687 1995 5714 ι
2033 5678 2092 5733 C.
2120 5677 2182 5733 C.
2216 5680 2484 5744 αὑτόπῶς.
2564 5682 2670 5739 10.
2693 5670 2753 5740 ϐ’.
2792 5683 2872 5738 ὅτι
2905 5683 2997 5739 καὶ
3029 5686 3334 5757 εἰργάζετο.
3410 5695 3433 5725 ⁸
3458 5686 3517 5742 C.
3559 5685 3624 5742 ὓ.
3654 5687 3805 5742 ἁπο-
