4064 6458
288 310 431 374 1569

1205 311 1668 371 FRAGMENTA
1706 312 1787 372 IN
1822 312 2008 374 ACTA
2044 318 2626 388 APOSTOLORUM.

3412 333 3548 401 1570

199 433 206 439 ·
281 440 385 493 της
410 420 471 473 δέ
510 418 608 489 τῆς
656 418 1013 489 σημειώσεως
1043 419 1268 474 δυνατὸν
1316 423 1458 490 τάχα
1491 423 1686 485 εἰπεῖν,
1729 423 1810 475 ὅτι
1843 425 1862 476 ί

1980 436 2086 482 tem
2147 445 2246 500 ego
2294 449 2432 486 sum.
2493 435 2565 488 Ex
2621 451 2726 504 qua
2779 437 3160 496 observatione
3229 443 3411 498 forsan
3445 450 3550 503 dici

285 509 516 580 σφάζων
543 509 733 565 ἑαυτὸν
753 513 1076 581 τιμωρεῖται
1103 511 1178 574 ὡς
1201 513 1396 581 φονεὺς
1425 513 1578 582 παρὰ
1601 514 1681 583 τῷ
1709 513 1828 584 Θεῷ
1853 529 1866 544 ⁸

281 605 332 658 εί
369 603 429 656 δὲ
461 602 623 665 ἄλλος
661 618 745 664 τις
771 600 998 670 γένηται
1029 601 1058 642 b
1088 601 1262 666 αἴτιος
1289 602 1439 673 αύτῷ
1475 603 1667 656 τούτου
1697 614 1744 670 ο,
1772 607 1872 658 κά-

281 697 502 756 κεῖνοςο
559 693 611 746 τί
649 693 757 765 γὰρ
803 693 888 747 ὅτι
923 693 1258 763 διωκόμενός
1289 712 1372 759 τις
1405 695 1513 748 ὑπό
1566 713 1736 761 τινος,
1775 698 1872 751 καὶ

281 787 452 857 ῥίψας
489 785 680 840 ἑαυτὸν
726 785 868 838 κατὰ
899 787 1163 856 κρημνῶν
1206 786 1505 851 ἀπέθανεν,
1552 789 1584 859 ἢ
1638 791 1733 843 καὶ
1764 791 1872 844 ὑπὸ

279 878 490 948 πολλῆς
519 879 918 949 περιστάσεως,
951 880 1047 932 καὶ
1071 879 1275 948 πικρᾶς
1300 879 1549 950 φυλακῆς
1568 921 1580 941 .
1616 881 1711 934 καὶ
1745 899 1870 934 ποι-

277 971 453 1025 κίλων
509 971 742 1024 ἐπιπολὺ
804 971 1056 1040 βασάνων
1093 972 1493 1042 συνεχόμενος,
1547 972 1869 1048 δηλητηρίῳ

276 1064 562 1134 ἐχρήσατο
582 1081 598 1126 ;

358 1174 377 1205 ι
425 1151 562 1206 Εἷπε
617 1153 674 1207 δὲ
708 1155 736 1206 6
795 1153 1002 1225 Κύριος
1055 1156 1112 1208 ἐν
1152 1155 1311 1208 νυκτὶ
1355 1154 1423 1206 δι’
1455 1156 1732 1226 ὁράματος
1789 1157 1868 1228 τῷ

277 1245 503 1316 Παύλῳ.
553 1266 573 1299 ι

348 1337 703 1407 Σημειωτέον
733 1340 814 1392 ὅτι
847 1334 954 1391 εἶδε
986 1337 1079 1392 τὸν
1108 1338 1313 1409 Κύριον
1357 1340 1566 1410 Ἰησοῦν
1599 1342 1626 1394 6
1657 1340 1867 1405 Παῦλος

272 1427 344 1482 δι’
377 1428 652 1500 ὀνείρων’
708 1429 791 1484 διὸ
836 1430 929 1483 καὶ⁵
960 1429 1123 1493 αὐτὸς
1171 1430 1390 1498 ἔλεγεν·
1433 1432 1578 1500 Οὐχὶ
1625 1431 1869 1500 Ἰησοῦν

272 1521 383 1576 τὸν
429 1525 655 1592 Κύριον
703 1523 874 1593 ἡμῶν
911 1523 1184 1592 ἐώρακιι;
1223 1525 1344 1577 Εἴτε
1397 1525 1453 1578 δὲ
1495 1525 1562 1578 δι’
1616 1526 1862 1595 ὀνείρων,

272 1614 386 1667 εἴτε
425 1615 524 1667 καὶ
563 1615 885 1685 ἐγρηγορῶς
930 1615 1210 1685 ἐθεώρησε
1240 1617 1332 1670 τὸν
1376 1615 1612 1686 Ἰησοῦν,
1640 1616 1866 1687 οὐδεμία

268 1707 514 1776 διαφορά
536 1725 550 1739 ·
587 1708 727 1778 πλὴν
758 1710 852 1762 καὶ
884 1711 942 1761 ἐν
969 1709 1154 1780 ἡμέρα
1176 1707 1332 1780 ὤφθη
1371 1709 1520 1779 αύτῷ
1547 1708 1684 1780 (16).

1981 529 2162 590 potest
2210 523 2449 593 seipsum
2481 527 2896 586 interﬁcientcm
2924 546 2952 584 a
2985 531 3094 587 Deo
3117 536 3292 603 puniri
3330 553 3435 590 non
3467 554 3556 594 se-

1981 627 2078 668 cus
2116 627 2180 669 ac
2217 614 2543 673 homicidam
2574 629 2669 688 ;et
2689 622 2733 677 si
2763 623 2885 691 quis
2927 624 3086 678 alicui
3123 640 3281 680 causa
3321 637 3407 682 est
3462 648 3559 685 cnr

1979 719 2039 760 se
2063 707 2296 774 occidat,
2355 709 2458 765 iste
2517 727 2732 783 quoque
2769 715 2870 770 sibi
2933 718 3088 784 ipse:
3127 720 3252 786 qniil
3301 722 3442 774 enim
3477 733 3562 776 est

1979 811 2100 851 cum
2135 799 2350 868 aliquis,
2392 802 2498 858 alio
2531 805 2870 876 insequente,
2893 822 2950 862 se
2979 811 3306 878 praecipitem
3363 815 3456 867 dat
3506 824 3562 869 et

1982 892 2234 957 moritur,
2262 903 2352 947 aut
2385 905 2607 964 propter
2658 897 2858 951 nimias
2889 900 3192 966 molestias,
3232 903 3346 956 sive
3369 906 3559 960 duram

1981 981 2373 1050 captivitatem,
2417 984 2531 1039 sive
2585 986 2830 1041 diversos
2852 995 2904 1041 et
2936 989 3220 1045 diuturnos
3259 996 3557 1060 cruciatus,

1981 1084 2192 1126 veneno
2211 1072 2314 1128 sibi
2344 1084 2573 1129 mortem
2598 1077 2928 1130 consciscit?

2050 1160 2213 1219 Vens.
2243 1163 2296 1220 9.
2322 1183 2339 1215 ι
2356 1165 2692 1222 Dixitautem
2722 1167 2980 1222 Dominus
3000 1180 3156 1225 nocte
3180 1186 3276 1242 per
3299 1172 3560 1228 visionem

1979 1251 2164 1308 Paulo.
2191 1273 2210 1306 ›
2969 1307 2984 1310 -

2048 1343 2352 1401 N'otandum
2371 1347 2691 1416 est_Paulnm
2713 1363 2806 1417 per
2823 1350 3030 1403 somnia
3051 1351 3250 1406 vidisse
3272 1352 3559 1408 Dominum

1979 1436 2160 1494 Jesum
2204 1457 2217 1491 :
2255 1448 2581 1509 quapropter
2611 1440 2821 1495 dicebat
2851 1458 2864 1495 :
2895 1440 3083 1496 Nonne
3115 1443 3222 1496 vidi
3243 1443 3422 1498 Iesum
3454 1446 3562 1500 Do-

1980 1529 2182 1582 minam
2217 1517 2727 1597 nosirum“?Qliod
2776 1541 2956 1585 autem
3009 1529 3194 1587 Jesum
3239 1536 3292 1589 in
3329 1538 3561 1591 somniis

1977 1627 2070 1673 aut
2107 1619 2334 1689 vigilans
2375 1621 2594 1688 viderit,
2649 1621 2784 1675 nihil
2814 1622 3041 1678 interest
3077 1641 3088 1676 :
3124 1638 3247 1678 eum
3291 1634 3468 1680 tamen
3491 1630 3560 1682 de

1977 1709 2065 1763 die
2098 1708 2250 1762 vidit.

348 1818 367 1850 ι
415 1800 844 1870 Ἐπιλαδόμενοι
875 1802 933 1854 δέ
965 1803 1166 1865 πάντες
1197 1802 1250 1855 οἱ
1295 1801 1542 1854 Ἰουδαῖοι
1574 1800 1862 1872 Σωσθένην

2039 1797 2206 1854 Vens.
2236 1798 2322 1853 l7.
2360 1817 2379 1850 ι
2415 1799 2892 1870 Apprehendentes
2917 1811 3091 1858 autem
3112 1817 3301 1859 omnes
3334 1805 3559 1860 Sostlie-

265 1890 360 1944 τὸν
401 1893 885 1962 ἀρχισυνάγωγον,
919 1892 1150 1947 ἔτυπτον
1195 1893 1510 1964 ἔμπροσθεν
1551 1893 1648 1947 τοῦ
1685 1893 1867 1965 βήμα-

267 2001 359 2048 τος
382 1999 399 2014 ·
439 1986 540 2038 καὶ
562 1985 716 2038 οὐδὲν
748 1984 956 2039 τούτων
985 1985 1066 2057 τῷ
1101 1986 1367 2038 Γαλλίωνι
1396 1985 1645 2057 ἔμελλεν.
1686 2005 1706 2038 ι

338 2079 414 2130 Ἢ
443 2077 540 2131 διὰ
577 2077 742 2132 τοῦτο
785 2077 1020 2131 ἔτυπτον
1062 2077 1156 2131 τὸν
1193 2077 1501 2149 Σωσθένην,
1539 2078 1730 2149 ἐπειδὴ
1775 2079 1868 2132 καὶ

265 2168 436 2232 αὐτὸς
466 2165 540 2240 ἦν
587 2169 789 2239 μᾶλλον
824 2167 1254 2241 προστιθέμενος
1291 2169 1368 2239 τῷ
1402 2169 1600 2238 Παύλῳ
1625 2208 1639 2232 ,
1668 2169 1742 2232 ὡς
1771 2171 1867 2222 καὶ

268 2259 527 2330 Κρίσπος
557 2261 584 2313 6
614 2261 1096 2331 ἀρχισυνάγωγος·
1128 2259 1160 2331 ἥ
1190 2262 1271 2324 είς
1293 2261 1552 2313 τοσοῦτον
1576 2256 1719 2331 ἦσαν
1741 2260 1868 2330 ἐλη-

263 2351 503 2416 λακότες
531 2353 751 2423 μανίας,
776 2355 857 2407 ὅτι
889 2354 1259 2423 ἀποτυχόντες
1279 2353 1375 2406 τοῦ
1396 2353 1604 2406 σκοποῦ
1627 2353 1862 2417 ἑαυτῶν,

265 2446 392 2497 ἀντὶ
425 2445 523 2498 τοῦ
555 2445 780 2500 τύπτειν
823 2447 914 2500 τὸν
959 2447 1174 2500 Παῦλον
1199 2489 1214 2513 ,
1249 2447 1536 2516 Σωσθένην
1566 2446 1656 2499 τὸν
1706 2446 1867 2516 ἀρχισ⁸

266 2536 600 2608 συνάγωγον
659 2537 930 2592 ἔτυπτον·
969 2539 1002 2608 ἢ
1056 2539 1146 2592 διὰ
1195 2538 1354 2592 τοῦτο
1398 2537 1635 2591 ἔτυπτον
1679 2536 1864 2602 αὑτὸν,

264 2628 465 2697 ἐπειδὴ
497 2627 526 2668 ἀ
566 2629 958 2700 ἠϐουλήθησαν
1008 2631 1170 2684 αὑτὸν
1206 2630 1469 2700 φονεῦσαι
1499 2630 1593 2683 τὸν
1628 2629 1864 2694 Παῦλον,

263 2719 360 2772 καὶ
379 2719 670 2789 Σωσθένης
689 2721 1018 2774 διεκώλυσεν
1040 2722 1262 2784 αὐτούς.
1283 2751 1356 2762 -
1374 2722 1486 2774 Καὶ
1505 2721 1635 2789 μετ’
1654 2721 1830 2788 ὀλίγα
1850 2737 1863 2751 ·

274 2811 398 2863 Ἐπ’
446 2811 616 2863 αὑτοῦ
666 2811 760 2864 τοῦ
811 2813 1074 2881 ἄρχοντος
1114 2813 1509 2876 ἀκαθοσιώτως
1550 2813 1856 2878 ποιοῦντες,

258 2900 504 2954 ἔτυπτον
537 2901 847 2972 Σωσθένην,
874 2904 1033 2956 τοῦτο
1055 2904 1310 2972 λέγοντες
1335 2922 1348 2935 ·
1390 2907 1452 2958 Εἰ
1483 2908 1508 2958 ὀ
1533 2905 1616 2957 θέλ
1628 2923 1703 2957 ων
1726 2907 1870 2958 ποιεῖ

257 2991 288 3044 ὃ
315 2991 471 3047 θέλει
501 3033 516 3056 ,
549 2995 645 3047 καὶ
683 2995 783 3047 ούκ
817 2995 936 3048 ἔστι
966 2996 1132 3066 νόμος
1156 3036 1171 3060 ,
1201 2997 1310 3050 ίδοὺ
1345 3007 1368 3036 ο
1404 2998 1565 3066 ἡμεῖς
1589 2995 1868 3066 τύπτομεν

257 3083 492 3137 τοῦτον·
534 3088 626 3139 καὶ
664 3088 726 3139 οὐ
767 3091 1156 3159 προσεποιεῖτο
1199 3089 1401 3152 αὐτοὺς
1443 3091 1472 3142 6
1518 3086 1859 3151 ἀνθύπατος,

1973 1907 2092 1945 nom
2119 1891 2416 1959 principem
2440 1892 2756 1962 Synagogaa,
2777 1895 3145 1962 percutiebant
3176 1911 3297 1949 eum
3329 1907 3450 1951 ante
3469 1898 3561 1952 tri-

1973 1983 2133 2035 bunal
2169 2001 2179 2034 :
2225 1994 2279 2036 et
2310 1983 2446 2035 nihil
2475 1998 2662 2036 eorum
2690 1983 2924 2038 Gallioni
2958 2000 3103 2040 curae
3132 1999 3269 2042 erat.
3317 2005 3336 2038 ι

2049 2072 2432 2128 Percutiebant
2496 2073 2841 2139 Sostbenem,
2872 2077 2955 2129 vel
2999 2076 3127 2146 quia
3180 2079 3352 2148 magis
3384 2077 3557 2134 Paulo

1969 2165 2303 2227 adhaerebat,
2331 2176 2387 2219 ut
2419 2165 2646 2234 Crispus
2676 2164 2978 2237 Synagogze
3009 2169 3261 2238 princeps
3281 2188 3295 2237 ;
3317 2170 3395 2224 vel
3427 2173 3556 2240 quia

1969 2259 2035 2312 ad
2090 2258 2142 2312 id
2176 2257 2377 2312 furoris
2427 2259 2775 2321 devenerant,
2831 2269 2908 2324 ut,
2968 2275 3069 2314 suo
3117 2261 3389 2317 desiderio
3437 2263 3556 2316 fru-

1970 2347 2146 2411 strati,
2181 2362 2276 2416 pro
2302 2346 2489 2413 Paulo,
2545 2346 2872 2402 Sosuienem
2916 2349 3213 2421 Synagogae
3253 2353 3555 2422 principem

1971 2449 2358 2508 perculerant;
2392 2439 2472 2492 vel
2509 2440 2655 2508 quia,
2695 2456 2816 2494 cum
2875 2441 3102 2495 l’auluni
3151 2445 3409 2499 occidere
3446 2445 3556 2500 vel-

1971 2530 2101 2596 lent,
2151 2530 2458 2584 Sosthenes
2521 2545 2615 2585 eos
2657 2533 2995 2601 prohibebat.
3020 2565 3090 2574 —
3115 2535 3179 2588 Et
3200 2547 3312 2604 post
3342 2553 3510 2604 pauca
3535 2555 3558 2594 :

1972 2621 2296 2677 Sosthenem
2359 2622 2738 2692 percutiebant
2771 2623 3070 2694 Synagogre
3122 2628 3418 2696 principem
3452 2630 3559 2683 im-

1971 2717 2068 2787 pii,
2105 2715 2350 2770 dicentes
2387 2732 2401 2772 :
2443 2715 2499 2770 Si
2552 2718 2696 2785 quod
2737 2717 2851 2770 vult
2887 2720 3138 2788 quisque,
3183 2720 3235 2774 id
3266 2721 3397 2790 agit,
3457 2737 3560 2780 nec

1969 2819 2053 2863 est
2084 2809 2205 2875 lex;
2236 2823 2363 2862 ecce
2389 2823 2486 2862 nos
2518 2808 2681 2863 istum
2719 2810 3071 2878 percutimus.
3097 2809 3206 2865 Nec
3226 2812 3556 2868 adversaba-

1973 2911 2060 2954 tur
2090 2900 2169 2954 eis
2198 2898 2510 2967 proconsul,
2549 2901 2644 2953 sed
2711 2900 2923 2954 sinebat
2973 2901 3204 2956 invicem
3242 2912 3553 2972 percutere,

1972 3007 2121 3056 cum,
2148 2991 2191 3045 si
2220 2990 2291 3044 ita
2330 2989 2470 3043 male
2493 2990 2731 3058 egissent
2752 2990 2804 3044 in
2834 2990 2995 3044 alium
3019 3006 3417 3064 quemcunque,
3447 3009 3555 3050 non

1971 3092 2150 3136 autem
2176 3082 2230 3134 in
2259 3081 2512 3146 invicem,
2545 3090 2693 3136 certe
2721 3094 2814 3136 eos
2847 3083 3247 3152 castigavisset.

258 3177 382 3231 ἀλλ’
435 3177 524 3232 εἴα
563 3180 761 3243 αὐτοὺς
801 3181 1029 3235 τύπτειν
1081 3181 1347 3253 ἀλλήλους
1371 3197 1385 3212 ·
1441 3181 1567 3234 ἐπεὶ
1617 3183 1666 3234 εί
1715 3177 1856 3253 ἦσαν
1896 3178 2038 3232 κατά
2058 3193 2202 3238 τινος
2274 3174 2435 3227 ἄλλου
2464 3173 2558 3227 καὶ
2626 3175 2702 3246 μὴ
2734 3175 2855 3230 καθ’
2898 3177 3106 3232 ἑαυτῶν
3134 3179 3458 3251 ποιήσαντες
3487 3181 3550 3236 τὸ

260 3271 470 3324 ἄτοπον
502 3271 682 3337 τοῦτο,
719 3273 942 3337 πάντως
973 3269 1120 3344 εῖχεν
1156 3274 1356 3337 αὐτοὺς
1377 3273 1741 3346 σωφρονίσαι.

341 3381 362 3416 ι
410 3363 470 3417 '0
515 3363 572 3417 δέ
611 3364 825 3429 Παῦλος
863 3365 945 3419 ἔτι
980 3366 1322 3439 προσμείνας
1354 3367 1574 3439 ἡμέρας
1630 3365 1854 3431 ίκανάς,

2034 3355 2200 3413 Vens.
2231 3355 2318 3411 18.
2359 3375 2377 3407 ι
2415 3354 2611 3411 Paulus
2666 3371 2797 3412 vero
2828 3371 2948 3410 cum
2995 3357 3174 3413 adhuc
3203 3362 3551 3420 sustinuisset

261 3455 381 3517 τοῖς
429 3455 689 3524 ἀδελφοῖς
739 3456 1156 3526 ἀποταξάμενος
1179 3501 1196 3526 ,
1246 3457 1468 3525 ἐξέπλει
1503 3461 1584 3522 εἰς
1623 3458 1724 3530 τὴν
1758 3459 1865 3511 Συ-

263 3545 389 3615 ρίαν
428 3545 550 3617 (καὶ
580 3547 678 3599 σὺν
711 3545 861 3616 αύτῷ
890 3547 1199 3618 Πρίσκιλλα
1231 3549 1327 3601 καὶ
1363 3548 1652 3619 Ἀκύλας),
1674 3548 1862 3618 κειρά-

264 3654 430 3707 μενος
453 3641 512 3692 ἐν
541 3641 852 3711 Κεγχρεαῖς
881 3641 982 3710 τὴν
1012 3640 1258 3712 κεφαλήν
1278 3658 1292 3672 ·
1327 3637 1442 3712 εἶχε
1472 3641 1584 3710 γὰρ
1613 3641 1802 3711 εὐχήν.
1837 3657 1856 3690 ι

328 3819 522 3890 Εὑχὴν
565 3820 634 3890 ἢν
665 3819 816 3888 λέγει
850 3820 1148 3891 ὑπόσχεσιν
1189 3821 1566 3892 ὑποσχόμενος
1609 3817 1676 3892 ἦν
1719 3823 1862 3874 ἀπο·

262 3911 430 3980 κόψαι
478 3912 579 3983 τὴν
611 3913 808 3984 τρίχαο
856 3914 946 3967 ἵνα
979 3913 1183 3984 μηκέτι
1226 3914 1302 3976 ὡς
1333 3915 1600 3983 κοσμικὸς
1639 3915 1710 3968 τὰ
1751 3913 1860 3966 τῶν

263 4003 555 4074 κοσμικῶν
587 4005 822 4074 πράττει
845 4005 866 4044 ί
898 4018 914 4034 ⁸
947 4006 1063 4060 ἀλλ’
1093 4007 1168 4069 ὡς
1196 4006 1340 4059 κατά
1368 4006 1500 4058 Θεὸν
1531 4005 1639 4070 ζῶν
1669 4021 1853 4076 παρα-

270 4098 431 4171 μείνῃ
479 4101 544 4169 τῇ
594 4099 890 4170 Ἐκκλησία
936 4097 1214 4171 σχολάζων
1246 4098 1308 4152 τὸ
1342 4098 1638 4152 ἀκόλουθον
1687 4099 1713 4140 ⁸
1745 4098 1860 4161 τοῖς

264 4191 596 4253 ἀποστόλοις
639 4190 735 4244 καὶ
770 4190 1038 4262 μαθηταῖς
1062 4209 1076 4223 ·
1113 4193 1208 4245 καὶ
1252 4191 1489 4256 Ἀκύλας
1535 4191 1594 4244 δέ
1633 4189 1692 4255 ἐξ
1723 4191 1857 4243 ὑποο

265 4285 512 4353 σχέσεως
548 4282 828 4351 ἀπέκοψεν
880 4282 1078 4338 ἑαυτοῦ
1111 4285 1211 4348 τὰς
1255 4283 1470 4355 τρίχας.
1506 4282 1856 4354 Σημειωτέον

262 4374 318 4427 δέ
376 4379 471 4429 ὅτι
523 4377 571 4428 οἱ
620 4373 870 4439 θέλοντες
925 4375 1086 4446 δῆθεν
1139 4375 1408 4440 θεοσεϐῶς
1462 4373 1587 4447 ζῇν,
1637 4375 1857 4428 ἐποίουν

263 4463 425 4519 τοῦτο
454 4481 468 4495 ·
511 4463 653 4520 ὥστε
693 4463 789 4519 οὖν
839 4465 1019 4530 καλῶς
1054 4466 1150 4519 καὶ
1191 4469 1240 4520 οἱ
1289 4466 1624 4537 μονάζοντες
1655 4467 1748 4518 καὶ
1799 4468 1856 4520 αἱ

266 4557 559 4612 κοινονικα)⁵
599 4555 990 4626 ἀποκείρονται
1029 4558 1130 4628 τὴν
1171 4558 1351 4629 κόμην
1377 4571 1392 4586 ⁸
1441 4559 1541 4628 οὐχ
1584 4558 1771 4620 ἁπλῶς
1800 4557 1857 4611 δέ

267 4648 427 4703 τοῦτο
459 4648 697 4714 ἐποίουν,
724 4649 839 4702 ἀλλ’
865 4647 987 4712 ἔθος
1006 4642 1076 4719 ἦν
1097 4649 1328 4704 παλαιὸν
1363 4648 1640 4713 Ἰουδαίοις
1671 4648 1850 4715 τοῦτο,

1969 3450 2083 3505 dies
2123 3448 2342 3514 multos,
2385 3447 2648 3502 fratribus
2703 3447 3036 3502 valefaciens
3064 3451 3333 3520 navigavit
3367 3455 3414 3507 in
3449 3453 3552 3526 Sy-

1968 3543 2130 3607 riam,
2193 3551 2398 3594 etcum
2453 3539 2572 3608 ipso
2616 3538 2862 3594 Priscilla
2917 3551 2966 3595 et
3017 3542 3232 3610 Aquila,
3302 3548 3393 3614 qui
3448 3548 3553 3602 sibi

1967 3635 2353 3702 totonderat‘in
2386 3633 2652 3688 Cenchris
2715 3642 2877 3701 caput
2919 3651 2931 3686 :
2981 3633 3212 3688 habt-bat
3264 3638 3406 3691 enim
3458 3655 3552 3694 vo-

1968 3738 2101 3779 tum.
2140 3744 2158 3772 ³

2035 3814 2229 3868 Votum
2269 3813 2336 3867 de
2391 3826 2498 3882 quo
2542 3812 2719 3866 dicit:
2754 3814 2976 3867 habebat
3036 3825 3232 3881 votum,
3292 3819 3548 3876 tondendi

1964 3923 2199 3973 comam,
2236 3917 2314 3971 ul,
2364 3905 2519 3974 quasi
2558 3919 2668 3959 non
2696 3903 2807 3972 jam
2847 3907 2912 3960 de
2942 3911 3164 3972 mundo,
3200 3924 3321 3977 quae
3362 3913 3547 3966 mundi

1962 4007 2117 4055 erant
2147 4014 2253 4053 non
2273 3997 2384 4064 jam
2414 3996 2636 4059 faceret,
2667 3998 2758 4050 sed
2799 3997 3096 4050 secundum
3132 3998 3302 4053 Deum
3333 4002 3546 4068 vivens,

1962 4091 2016 4146 in
2043 4089 2313 4158 apostolos
2335 4097 2390 4144 et
2415 4087 2709 4157 discipulos
2745 4087 3047 4142 ministerio
3078 4097 3248 4142 totum
3279 4105 3339 4144 se
3365 4091 3542 4159 daret,

1962 4184 2018 4238 in
2059 4181 2300 4237 Ecclesia
2327 4189 2742 4246 commoratus;
2779 4181 2860 4234 sic
2894 4194 2956 4234 ex
2995 4190 3120 4234 voto
3167 4181 3271 4234 sibi
3330 4197 3543 4238 comam

1964 4275 2197 4330 totondit
2224 4272 2440 4342 Aquila.
2499 4269 2810 4327 Notandum
2843 4280 3022 4325 autem
3074 4281 3157 4327 est
3193 4273 3434 4328 volentes
3458 4276 3546 4344 pie

1963 4371 2142 4424 vivere
2159 4368 2259 4422 hoc
2286 4366 2500 4431 fecisse;
2524 4365 2665 4419 unde
2688 4375 2833 4419 recte
2860 4364 2959 4418 sibi
2984 4379 3193 4419 comam
3219 4366 3576 4434 praescindn-nt

1963 4461 2214 4516 monachi
2249 4467 2302 4513 et
2340 4457 2602 4512 nioniales
2635 4474 2650 4523 ;
2691 4471 2790 4511 nec
2855 4466 3058 4511 temere
3107 4457 3211 4512 hoc
3242 4456 3539 4524 faciebant,

1960 4557 2053 4610 sed
2078 4555 2219 4624 apud
2276 4551 2490 4607 Judasos
2543 4565 2660 4605 mos
2689 4558 2808 4604 erat
2831 4550 3109 4617 antiquus,
3138 4562 3195 4604 ut
3225 4551 3277 4604 in
3306 4555 3544 4606 secundo

1961 4657 2015 4702 et
2043 4645 2322 4702 tricesimo
2378 4644 2556 4714 capite
2617 4643 2857 4712 reperies
2891 4657 2906 4708 ;
2941 4641 3016 4696 illi
3052 4652 3228 4697 autem
3259 4643 3310 4696 in
3346 4642 3540 4712 ﬁgura,

269 4738 344 4803 ὡς
366 4743 428 4795 ἐν
456 4740 534 4810 τῷ
555 4739 635 4809 λβ¹
665 4739 950 4810 κεφαλαίῳ
977 4740 1264 4813 εὑρήσειςο
1292 4743 1538 4796 κάκεῖνοι
1573 4741 1674 4813 μὲν
1704 4758 1852 4794 σκιο-

1968 4755 2058 4793 nos
2115 4753 2244 4792 vero
2276 4737 2327 4790 in
2375 4737 2636 4802 veritate,
2675 4735 2729 4789 in
2762 4735 2984 4802 mundo,
3044 4735 3253 4788 scilicet
3283 4751 3312 4788 a
3341 4737 3541 4789 mundo

269 4830 481 4897 τύπως,
512 4832 675 4902 ἡμεῖς
706 4831 767 4886 δὲ
805 4827 1037 4901 ἀληθεία
1069 4830 1130 4885 τὺ
1161 4830 1322 4902 ἔργον
1354 4831 1643 4904 ποιοῦμεν,
1688 4834 1747 4884 ἐν
1776 4830 1855 4900 τῷ

345 4986 386 5017 ’δ
418 4983 440 5037 ι
473 4985 600 5040 Cor.
629 5002 704 5049 ix,
739 4987 790 5039 1.

342 5146 370 5184 b
401 5145 465 5199 C.
499 5143 563 5200 C.
595 5143 872 5214 γέννηται.
955 5154 976 5181 ο
1009 5141 1072 5196 C.
1115 5141 1175 5194 C.
1204 5140 1381 5193 τοῦτο.

276 5216 336 5270 C.
366 5215 702 5268 ἀκολουθεῖν.

350 5373 460 5440 (16)
486 5369 766 5443 Scholium
803 5366 1086 5443 quodsub
1124 5364 1346 5443 nomine
1388 5362 1762 5443 Chrysostorni
1806 5363 1856 5416 in

280 5431 473 5495 caiena
517 5440 761 5495 Crameri
821 5431 877 5506 ᾗ).
918 5437 1024 5492 505
1075 5435 1394 5506 inscribitur
1440 5431 1563 5502 post
1611 5431 1856 5506 codicem

281 5511 442 5565 Coisl.
497 5511 784 5564 Ammonio
825 5503 1189 5563 l’CSlillllmllS.
1256 5505 1334 5559 Ita
1371 5519 1502 5557 vero
1541 5518 1601 5557 se
1649 5503 1854 5556 habet:

282 5580 530 5654 Δείκνυσι
557 5579 666 5633 τῶν
713 5579 983 5654 Ἰουδαίων
1016 5577 1154 5654 τέως
1184 5575 1326 5628 κατὰ
1349 5574 1410 5627 τὸ
1437 5575 1740 5654 ’πρόχειρον⁹
1758 5571 1857 5640 τὴν

284 5651 597 5722 παράνομον
625 5651 766 5722 κατά
795 5649 888 5701 τοῦ
932 5647 1144 5722 Παύλου
1187 5643 1519 5722 κατηγορίαν
1548 5644 1576 5692 6
1613 5643 1858 5722 ἀνθύπα-

285 5712 391 5786 τοί,
451 5712 893 5790 ἀᾶτοῦαλλόμενος
956 5717 1188 5782 αὐτούς·
1245 5712 1352 5770 καῖ
1399 5712 1722 5784 κατακρίνει
1764 5713 1855 5764 τὸν

1495 5139 1521 5177 ἀ
1554 5139 1616 5192 C.
1643 5137 1705 5193 C.
1742 5137 1932 5209 ἐπειδὴ
1963 5137 2188 5208 μᾶλλον.

1963 4843 2134 4885 comae
2163 4827 2482 4900 praecisione
2514 4827 2785 4899 segregati
2811 4843 2826 4894 ;
2863 4827 2914 4881 in
2946 4825 3036 4880 illo
3071 4828 3247 4894 capite
3275 4835 3543 4881 memorat

2303 5148 2325 5171 ⁸
2356 5143 2416 5198 C.
2451 5140 2514 5198 C.
2546 5140 2656 5196 ίόοὺ
2681 5139 2796 5195 καί.
2884 5140 2904 5177 ΐ
2931 5137 2990 5193 C.
3017 5136 3078 5191 C.
3109 5136 3349 5206 πράττῃ.
3419 5137 3444 5175 ⁸
3477 5134 3537 5189 C.

1957 5364 2332 5436 Πιλάτονιτὸν
2378 5364 2654 5436 μηδεμίαν
2688 5365 2961 5436 εὑρηκότα
3001 5360 3341 5436 κατηγορίαν
3398 5359 3540 5436 κατά

1955 5434 2051 5506 τοῦ
2093 5434 2230 5487 Θεοῦ
2258 5431 2452 5506 -Λόγου
2489 5431 2688 5505 Ἰησοῦ,
2739 5431 2832 5488 καὶ
2878 5431 3538 5506 μαστιγώσανταΔαύτὸν,

1956 5505 2052 5556 καὶ
2099 5502 2410 5574 παραδόντα
2462 5502 2562 5567 εἰς’
2594 5506 2824 5560 θάνατον
2849 5502 3079 5559 θ’καίτοι
3131 5502 3296 5574 αὐτὸς
3323 5502 3538 5574 λέγωνς

1957 5575 2078 5629 ’Ότι
2108 5570 2401 5648 οὐδεμίαν
2437 5576 2701 5648 εὑρίσκω
2749 5575 3030 5648 ἀφορμὴν
3086 5571 3347 5628 θανάτου
3389 5570 3543 5625 κατὰ

1952 5648 2063 5701 τοῦ
2089 5644 2407 5715 ἀνθρώπου
2437 5646 2674 5702 τούτου.
