4064 6394
317 278 450 346 1573

1229 291 1685 356 FRAGMENTA
1732 285 1807 348 ῐΝ
1850 284 2038 346 ACTA
2075 285 2653 349 APOSTOLORUM.

3431 287 3571 357 1574

315 395 464 457 παῖς,
497 393 591 447 καὶ
620 391 907 448 συνίστατο
941 393 1052 449 ἀπὸ
1089 394 1192 466 τῆς
1230 395 1455 468 Γραφῆς
1475 411 1489 426 ·
1521 394 1662 466 πλὴν
1703 393 1897 465 ἀτελὴς

2001 408 2086 452 tur
2138 408 2192 452 et
2243 401 2727 466 decernebantur;
2781 415 3003 472 propter
3070 404 3210 473 quod
3268 408 3577 463 accuratius

312 482 401 556 ἦν,
435 484 511 556 μὴ
540 484 695 549 εἰδὼς
724 484 795 539 τά
823 486 912 541 διά
938 486 1036 540 τοῦ
1065 486 1390 558 Πνεῦματος
1421 489 1535 551 τοῖς
1573 486 1897 551 ἀποστόλοις

314 576 620 646 λαληθέντα
669 580 764 632 καὶ
812 579 1202 634 θεσπισθέντα·
1238 580 1320 634 διδ
1365 579 1463 635 καὶ
1502 580 1898 651 ἀκριϐέστερον

314 667 459 738 αὐτῴ
486 670 533 720 οί
564 671 692 738 περὶ
714 669 971 736 Ἀκύλαν,
1004 671 1079 734 ὡς
1106 669 1572 742 ἀκολουθήσαντες
1596 671 1675 741 τῷ
1700 671 1899 744 Παύλῳ

314 761 562 823 ὲξέῐαεντο
588 760 688 831 τὴν
726 762 849 815 ὁδὸν
879 762 976 817 τοῦ
1006 762 1143 817 Θεοῦ
1168 782 1182 796 ·
1219 758 1353 828 οἷον,
1384 763 1486 833 τὴν
1516 765 1575 817 ὲν
1619 762 1898 834 Πνεύματι

315 851 592 922 λατρείαν,
625 853 719 906 κα)⁵
753 854 851 924 τὴν
882 854 1304 927 ἀχειροποίητον
1322 855 1648 928 περιτομὴν,
1677 855 1775 909 καὶ
1800 859 1899 911 ὅσα

314 943 446 997 ἄλλα
480 944 615 1014 πρὸς
649 947 1027 1018 καταρτισμὸν
1054 952 1153 1018 τῆς
1191 948 1522 1018 Ἐκκλησίας
1549 947 1788 1015 ἐλέγετο.

389 1056 406 1088 ι
470 1038 718 1101 Εὑτόνως
786 1039 896 1111 γάρ
945 1043 1058 1105 τοῖς
1108 1040 1390 1105 Ἰουδαίοις
1442 1040 1900 1111 διακατηλέγχετο

310 1129 580 1201 δημοσίᾳ,
618 1128 925 1194 ἐπιδεικνὺς
976 1131 1086 1186 ἀπὸ
1137 1132 1250 1186 τῶν
1295 1131 1561 1203 Γραφῶν,
1616 1126 1757 1187 εἶναι
1805 1128 1900 1184 τὸν

310 1222 545 1286 Χριστὸν
576 1220 807 1289 Ἰησοῦν.
845 1241 863 1274 ι

375 1312 467 1361 Δεῖ
497 1310 607 1380 γάρ
632 1308 850 1364 εὔτονον
883 1305 1025 1364 εἶναι
1058 1310 1152 1365 τὸν
1182 1312 1375 1365 πιστὸν
1419 1313 1516 1363 καὶ
1551 1311 1625 1381 μὴ
1658 1309 1891 1364 καταλε-

305 1400 560 1471 λυμένον,
591 1400 735 1454 κατά
773 1401 884 1453 τῶν
917 1401 1333 1471 ἀνθισταμένων
1359 1404 1473 1464 τοῖς
1509 1402 1608 1472 τῆς
1656 1400 1889 1472 Ἐκκλη-

307 1491 426 1554 σίας
457 1489 702 1561 θεσμοῖς,
730 1490 824 1565 καὶ
844 1494 910 1561 τῇ
946 1490 1317 1562 άκαπηλεύτῳ
1351 1492 1555 1544 πίστει.

915 1599 1169 1653 ΚΕΦΛΛ.
1205 1599 1306 1654 ΙΘ’.

1992 506 2114 544 eum
2143 493 2280 543 viam
2316 492 2408 545 Dei
2439 492 2634 561 Aquila
2663 504 2719 548 et
2752 493 3022 559 Priscilla,
3048 494 3199 549 Pauli
3257 498 3414 559 socii,
3443 499 3577 553 edo-

1992 584 2208 646 cebant,
2240 583 2449 638 scilicet
2485 585 2858 641 adorationem
2894 589 2945 640 in
2995 599 3210 656 sptt‘tttt,
3284 592 3573 644 cit'cutttei-

1991 672 2195 725 sionem
2226 689 2331 727 non
2355 674 2744 743 manufactam,
2780 688 2832 731 et
2860 694 3193 746 qna-cunque
3226 681 3291 732 ad
3324 678 3577 737 Ecclesia

1990 766 2407 820 auliﬁcationem
2429 765 2777 821 dicebantur.

2075 1025 2247 1083 Vsus.
2285 1027 2378 1083 28.
2419 1047 2439 1082 ι
2474 1027 2841 1084 Vehementer
2882 1032 3027 1084 enim
3085 1028 3296 1087 Judmos
3327 1032 3577 1089 revince-

1990 1116 2084 1171 bat
2113 1118 2349 1186 publice,
2407 1120 2702 1175 ostendens
2744 1133 2842 1189 per
2890 1117 3208 1191 Scripturas
3244 1138 3366 1178 esse
3411 1122 3577 1179 Chri-

1990 1218 2134 1262 stum
2168 1206 2374 1263 Jesum.
2426 1228 2446 1261 ι

2072 1297 2298 1367 Oportet
2321 1301 2465 1355 enim
2492 1300 2708 1355 ﬁrmum
2739 1316 2860 1358 esse
2881 1302 3096 1360 ﬁdelem
3125 1314 3179 1359 et
3207 1320 3309 1359 non
3331 1320 3573 1376 segnem,

1988 1388 2178 1443 contra
2205 1405 2417 1445 morum
2444 1391 2700 1447 Ecclesize
2722 1394 3125 1466 etincorruptte
3155 1398 3277 1450 ﬁdei
3311 1400 3573 1453 adversa-

1993 1495 2127 1534 nos.

2626 1595 2760 1652 CAP
2806 1596 2948 1653 XIX.

379 1747 402 1783 ι
455 1729 815 1795 ’Δκούσαντες
851 1731 908 1785 δὲ
938 1731 1352 1801 ἐϐαπτίσθησαν
1377 1733 1458 1796 είς
1491 1732 1552 1785 τὸ
1580 1731 1750 1802 ὄνομα
1792 1729 1888 1786 τοῦ

2071 1723 2240 1781 Vsus.
2276 1726 2329 1781 5.
2372 1745 2390 1779 ι
2421 1727 2517 1785 llis
2549 1732 2747 1786 auditis
2778 1772 2794 1797 ,
2821 1732 3082 1803 baptizati
3117 1746 3245 1790 sum
3275 1737 3326 1791 in
3357 1739 3576 1797 nomine

303 1824 511 1895 Κυρίου
553 1823 750 1893 Ἰησοῦ.
787 1842 806 1874 ι

374 1915 544 1967 Ὥστε
578 1910 672 1968 οῦν
701 1914 762 1970 τὸ
802 1915 1053 1970 Ἰωάννου
1086 1913 1375 1986 βάπτισμα
1418 1915 1735 1987 προτροπὴν
1773 1911 1888 1986 εἶχε

304 2004 598 2074 μετανοίας
630 2004 812 2075 μόνον,
843 2005 906 2057 οὐ
941 2004 1047 2076 μὴν
1070 2007 1166 2059 καὶ
1194 2004 1541 2076 καθαρισμοῦ
1577 2006 1883 2077 άμαρτίας’

300 2094 379 2157 ὡς
410 2089 551 2147 εἶναι
580 2096 788 2164 ταύτην
816 2093 1084 2165 διαφοράν
1104 2094 1197 2147 τοῦ
1238 2095 1486 2148 Ἰωάννου
1510 2094 1889 2165 βαπτίσματος

301 2187 399 2239 καὶ
426 2184 522 2237 τοῦ
545 2183 658 2238 τῶν
690 2183 903 2238 πιστῶν
923 2201 937 2216 ο
968 2185 1051 2237 ὅτι
1083 2184 1146 2237 τὸ
1175 2183 1285 2237 τῶν
1318 2185 1530 2239 πιστῶν
1560 2187 1655 2239 καὶ
1694 2186 1889 2255 ἄφεσιν

300 2276 588 2348 ἁμαρτιῶν
609 2276 913 2349 χαρίζεται·
941 2277 971 2330 6
996 2275 1096 2346 μὲν
1127 2276 1378 2346 Ἰωάννης
1405 2275 1684 2347 βαπτίζων
1700 2276 1852 2346 ἔλεγε
1873 2312 1889 2339 ,

301 2368 562 2433 Βαπτίζω
586 2385 646 2421 σε
668 2369 749 2433 είς
766 2366 858 2421 τὸν
881 2367 1177 2438 ἐρχόμενον
1202 2366 1321 2437 μετ’
1337 2366 1460 2437 ἐμὲ,
1484 2367 1580 2419 καὶ
1604 2366 1824 2421 ἀπαιτῶ
1850 2374 1890 2397 ¹¹ι

304 2477 367 2513 σε
395 2459 677 2516 πιστεύειν
712 2462 794 2524 είς
813 2459 1000 2523 αὐτὸν,
1034 2459 1119 2513 ὅτι
1147 2453 1301 2523 οὗτός
1332 2459 1484 2511 ἐστιν
1511 2458 1540 2510 6
1575 2458 1771 2527 Ἀμνὸς
1796 2455 1890 2510 τοῦ

302 2553 442 2607 Θεοῦ
462 2571 476 2585 ·
516 2554 546 2606 6
577 2552 638 2606 δὲ
682 2552 895 2616 πιστῶς
926 2562 956 2591 ιι
992 2550 1276 2623 βαπτίζων
1322 2548 1489 2621 φησί·
1519 2546 1786 2609 Βαπτιζω
1818 2563 1917 2617 σε,

301 2650 392 2713 είς
419 2646 485 2701 τὸ
499 2646 690 2716 ὄνομα
710 2644 817 2700 τοῦ
827 2645 1059 2713 Πατρός
1076 2643 1292 2698 καὶτοῦ
1314 2644 1450 2697 ΥΙοῦ
1469 2642 1571 2697 καί
1590 2641 1697 2698 τοῦ
1720 2642 1894 2713 ἁγίου

303 2728 773 2808 Πνεύματος,είς
799 2737 899 2807 τὴν
920 2735 1427 2805 ὀμοούσιονΤριάδα
1452 2734 1734 2787 πιστεύειν
1760 2753 1773 2767 ·
1799 2735 1896 2788 καὶ

304 2828 639 2883 ἀποπλύνων
667 2827 763 2879 καὶ
785 2825 1078 2880 ἀπεκὸὑων
1097 2825 1261 2878 αὐτὸν
1286 2825 1395 2878 ἀπὸ
1418 2825 1516 2896 τῆς
1541 2825 1895 2897 προῦπούσης

306 2919 462 2991 αὐτῷ
491 2917 813 2992 θρησκείας,
834 2917 932 2973 καὶ
959 2915 1264 2988 μετενδύων
1285 2916 1452 2970 αὐτὸν
1482 2919 1561 2979 εἰς
1584 2924 1609 2951 °
1636 2917 1892 2986 Χριστὸν,

262 3022 265 3029 ·
308 3010 409 3064 καὶ
435 3007 692 3079 καθαρῶς
715 3009 818 3078 τὴν
843 3004 1011 3062 οὖσαν
1034 3005 1379 3076 διαγγέλλων
1416 3006 1621 3061 πίστιν.
1649 3009 1895 3078 Σημειω-

1996 1817 2206 1872 Domini
2231 1817 2380 1875 Jesu.
2416 1839 2437 1873 ι

2071 1908 2301 1966 Joannis
2323 1912 2487 1980 igitur
2510 1912 2812 1982 baptismus
2842 1918 2910 1973 ad
2956 1921 3329 1987 pmnitrntiam
3379 1925 3581 1980 exhor-

1998 2001 2130 2052 tatlo
2158 2007 2297 2065 erat,
2320 2004 2423 2055 sed
2454 2018 2560 2055 non
2590 2015 2810 2073 peccata
2840 2009 3091 2075 delebat;
3119 2014 3262 2066 unde
3316 2013 3431 2068 haec
3461 2025 3582 2070 erat

1996 2090 2300 2145 tlillerentia
2359 2094 2506 2147 inter
2531 2096 2858 2162 baptismum
2905 2097 3137 2154 Joannis
3164 2114 3215 2154 et
3251 2105 3578 2173 baptismum

1998 2180 2418 2251 lidelium,quod
2440 2184 2743 2252 baptismus
2771 2188 3006 2243 ﬁdelium
3037 2194 3414 2249 remissionem
3440 2212 3582 2265 pec-

1997 2282 2242 2325 Catorum
2262 2285 2520 2342 operatur
2542 2275 2814 2342 ;Joaunes
2845 2281 3130 2350 baptizatus
3161 2284 3375 2339 dicebat
3410 2300 3428 2339 :
3460 2287 3578 2357 Ego

2002 2370 2054 2415 te
2086 2362 2299 2433 baptizo
2319 2368 2371 2420 in
2405 2384 2529 2423 eum
2584 2370 2679 2440 qui
2719 2381 2842 2440 post
2897 2387 2984 2427 me
3021 2385 3281 2431 venturus
3329 2388 3433 2445 est,
3468 2394 3493 2432 a
3528 2387 3582 2436 te

2000 2465 2123 2524 peto
2171 2466 2231 2510 ut
2274 2460 2464 2515 credas
2510 2462 2564 2516 in
2609 2476 2756 2528 eum,
2817 2466 2945 2533 quia
2981 2467 3096 2535 ipse
3125 2479 3205 2522 est
3241 2471 3424 2538 Agnus
3451 2471 3580 2540 Dei;

2001 2543 2173 2597 ﬁdelis
2233 2556 2435 2612 autem,
2486 2566 2607 2603 cum
2670 2555 2929 2621 baptizat,
2996 2557 3170 2613 dicit:
3210 2559 3321 2629 Ego
3370 2571 3420 2613 te
3491 2562 3584 2617 ba-

1996 2638 2142 2702 ρνὶιο
2166 2658 2169 2659 ν
2194 2636 2249 2689 in
2298 2640 2506 2692 nomine
2539 2638 2718 2695 Panis
2753 2652 2803 2696 et
2839 2641 2967 2697 Filii
3003 2655 3052 2698 et
3095 2648 3331 2716 Spiritus
3389 2655 3590 2723 sancti,

2003 2739 2062 2781 ut
2100 2730 2155 2783 in
2184 2733 2706 2788 consubstantialem
2729 2733 3050 2791 Trinitatem
3085 2740 3274 2793 credas
3299 2741 3587 2798 :lavatba-

2000 2820 2283 2888 pzizatum,
2303 2832 2356 2876 et
2386 2824 2609 2893 pristina
2645 2827 3037 2895 superstitione
3069 2832 3586 2904 exuit,Christoque

2004 2910 2199 2973 induit,
2251 2927 2432 2966 veram
2491 2930 2617 2970 eum
2667 2916 2873 2971 docens
2924 2919 3102 2975 ﬁdem.
3155 2920 3365 2978 Rursus
3400 2933 3585 2980 autem

1998 3000 2108 3056 hoc
2161 3006 2459 3059 notandum
2521 3008 2687 3076 quod,
2750 3020 2874 3078 post
2904 3010 2958 3064 in
2985 3013 3204 3068 Christo
3232 3017 3581 3087 baptismum,

308 3101 434 3154 τίον
473 3099 529 3152 δὲ
562 3097 746 3162 πάλιν,
792 3098 875 3151 ὅτι
917 3096 1057 3168 μετά
1088 3097 1149 3149 τὸ
1181 3100 1262 3160 είς
1299 3097 1535 3168 Χριστὸν
1570 3097 1855 3169 βάπτισμα
1881 3139 1897 3165 ,

2005 3110 2100 3163 per
2155 3095 2557 3164 impositionem
2620 3115 2878 3155 manuum
2931 3103 3297 3172 baptizantis,
3346 3107 3584 3178 Spiritus

307 3190 403 3244 διά
448 3188 553 3259 τῆς
590 3187 896 3251 ἐπιθέσεως
953 3187 1065 3241 τῶν
1109 3187 1313 3261 χειρῶν
1356 3188 1453 3244 τοῦ
1505 3188 1901 3259 βαπτίζοντος,

310 3280 573 3349 ἐπιφοιτᾷ
606 3279 668 3332 τὸ
702 3278 930 3351 Πνεῦμα
965 3279 1027 3333 τὸ
1050 3279 1205 3349 άγιον
1233 3282 1346 3344 τοῖς
1377 3279 1726 3351 βαπτισθεῖσι
1755 3298 1768 3312 ·
1811 3286 1906 3338 καὶ

308 3372 397 3426 δτι
433 3372 531 3423 οὐκ
572 3368 719 3441 εῐχον
766 3370 994 3441 Πνεῦμα
1038 3370 1194 3440 άγιον
1240 3372 1291 3423 oi
1321 3371 1384 3424 τὸ
1432 3370 1677 3426 Ἰωάννου
1710 3373 1906 3443 βάπτι-

311 3483 431 3535 σμα
461 3464 852 3534 βαπτισθέντες
876 3473 903 3513 P
926 3478 941 3493 ο
974 3461 1094 3525 πῶς
1154 3458 1248 3516 οῦν
1272 3473 1301 3513 (ι
1348 3464 1611 3530 Ἀπελλῆς
1640 3469 1802 3535 μόνον
1825 3469 1906 3531 είς

306 3559 371 3611 τὸ
433 3546 684 3610 Ἰωάννου
732 3565 755 3593 τ
796 3554 1147 3624 βαπτισθεὶς,
1208 3553 1328 3617 ἔζεε
1368 3555 1447 3625 τῷ
1496 3556 1808 3626 Πνεῦματις
1841 3557 1905 3613 Ὀ

321 3648 618 3719 Ἀπελλῆς,
646 3650 695 3701 εί
722 3648 818 3701 καὶ
839 3645 959 3712 ἔζεε
991 3645 1071 3716 τῷ
1101 3646 1404 3716 Πνεῦματι,
1426 3645 1542 3699 ἀλλ’
1573 3643 1666 3700 οὖν
1687 3648 1788 3699 οὐκ
1823 3649 1902 3700 ef-

312 3759 484 3813 ρηται
511 3742 595 3794 ὅτι
643 3740 737 3793 καὶ
775 3751 796 3778 ³
844 3737 1071 3808 Πνεῦμα
1104 3737 1260 3807 ἀγιον
1307 3732 1491 3808 εἶχεν·
1534 3739 1729 3808 ἀμέλει
1770 3737 1903 3807 γοῦν

305 3834 440 3888 οὔτε
472 3832 751 3900 γλώσσαις
797 3830 978 3885 ἐλάλει
1004 3870 1019 3895 ,
1060 3827 1185 3883 οὔτε
1220 3831 1624 3902 ἐπροφήτευεν⁹
1652 3831 1781 3885 ἄλλο
1808 3827 1903 3884 οὖν

305 3944 361 3978 τι
412 3925 530 3977 ἐστὶ
576 3925 638 3977 τὸ
683 3923 828 3988 ξέειν
882 3922 959 3994 τῷ
1000 3920 1317 3992 Πνεῦματι,
1359 3920 1454 3974 καὶ
1491 3920 1621 3975 άλλο
1667 3921 1730 3974 τὸ
1759 3922 1902 3993 ἔχειν

306 4018 538 4087 Πνεῦμα
561 4017 713 4085 ἅγιον
735 4032 750 4047 ο
781 4018 810 4069 6
850 4014 987 4084 ἔχων
1011 4013 1236 4083 Πνεῦμα
1272 4013 1429 4083 ἆγιον
1463 4014 1481 4050 ⁸
1520 4010 1667 4084 εἶχεν
1718 4013 1851 4065 αὐτὸ
1870 4021 1901 4051 ιι

307 4109 559 4162 ἐνοικοῦν
604 4112 662 4163 ὲν
706 4107 855 4178 αὐτῷ
881 4148 895 4171 ,
930 4108 1025 4160 καὶ
1059 4107 1241 4160 ἐλάλει
1281 4106 1413 4159 αὐτὸ
1450 4105 1513 4158 τὸ
1558 4103 1788 4176 Πνεῦμα
1833 4107 1899 4159 ἐκ

305 4202 423 4254 τῶν
465 4199 668 4252 ἔσωθεν
692 4215 706 4229 ·
742 4200 817 4262 ὡς
857 4197 1028 4252 πολλά
1055 4198 1278 4251 τοιαῦτα
1325 4199 1503 4251 κεῖται
1543 4196 1740 4261 ὀπίσω,
1785 4196 1903 4261 πῶς

306 4293 547 4363 ὲλάλησε
579 4302 608 4330 ν
636 4291 716 4363 τῷ
742 4292 1014 4362 Φιλίππῳ,
1057 4291 1135 4363 τῷ
1166 4291 1381 4363 Πέτρῳ,
1416 4293 1531 4355 τοῖς
1554 4291 1900 4357 ἀποστόλοις,

303 4383 427 4443 τοῖς
452 4381 580 4451 περὶ
610 4380 840 4446 Παῦλον,
868 4380 1079 4434 κωλῦον
1102 4390 1129 4417 ι
1149 4382 1346 4445 αὐτοὺς
1380 4381 1564 4435 λαλεῖν
1587 4381 1681 4434 τὸν
1713 4382 1896 4450 λόγον,

307 4471 337 4539 ἢ
380 4469 454 4540 μὴ
484 4468 667 4522 λαλεῖν
699 4470 756 4521 ἐν
782 4487 892 4523 τισι
915 4471 1026 4525 τῶν
1058 4472 1266 4524 πόλεων
1290 4487 1303 4500 ·
1329 4474 1355 4525 6
1380 4471 1438 4523 δὲ
1464 4470 1599 4536 ζέων
1622 4471 1699 4542 τῷ
1725 4471 1899 4525 Πνεύ-

2006 3196 2227 3240 sanctus
2257 3202 2422 3256 super
2445 3189 2748 3256 baptizatos
2789 3193 3177 3261 descendebat,
3226 3211 3333 3251 nou
3400 3209 3587 3255 autem

2008 3277 2273 3347 Spiritum
2336 3266 2587 3335 sanctum
2622 3281 2896 3337 habebant
2948 3286 3037 3355 qui
3060 3284 3283 3343 Joannis
3316 3288 3589 3358 baptismo

2006 3369 2228 3425 fuerant
2255 3372 2517 3439 baptizati
2542 3391 2556 3428 :
2587 3378 2864 3443 quomodo
2884 3393 3016 3448 ergo
3039 3379 3273 3447 Apelles,
3308 3382 3398 3450 qui
3427 3379 3592 3436 Joan-

2006 3464 2093 3519 nis
2124 3467 2397 3533 baptismo
2427 3475 2637 3523 tantum
2673 3479 2792 3521 erat
2818 3469 3155 3537 baptizatus,
3189 3474 3380 3540 spiritu
3410 3481 3589 3528 tamen

2006 3552 2295 3606 fervebat?
2328 3554 2383 3607 Si
2418 3554 2631 3621 Apelles
2678 3557 2877 3609 dicitur
2908 3558 3102 3624 spiritu
3167 3560 3384 3615 fervens
3407 3601 3423 3626 ,
3481 3577 3592 3617 non

2006 3652 2187 3696 tamen
2250 3659 2373 3697 eum
2434 3644 2634 3698 dicitur
2681 3645 2946 3714 Spiritum
2999 3662 3250 3704 sanctum
3293 3654 3588 3718 habuisse;

2003 3738 2246 3803 profecto
2274 3752 2380 3790 non
2407 3738 2606 3806 linguis
2633 3738 2979 3807 loquebatur,
3000 3755 3178 3808 neque
3204 3743 3583 3812 prophetabat;

2003 3826 2147 3880 aliud
2178 3827 2342 3895 igitur
2364 3829 2557 3897 spiritu
2582 3829 2816 3891 fervere,
2851 3829 2999 3883 aliud
3029 3830 3295 3900 Spiritum
3330 3843 3588 3888 sanctum

2005 3918 2241 3973 habere:
2270 3921 2359 3988 qui
2390 3919 2648 3988 Spiritum
2681 3920 2933 3985 habebat,
2969 3937 3092 3976 elllll
3117 3924 3169 3977 in
3195 3939 3255 3981 se
3279 3935 3587 3981 manentem

2006 4011 2261 4076 habebat;
2291 4023 2345 4063 et
2370 4009 2607 4080 Spiritus
2632 4013 2749 4081 ipse
2781 4013 3012 4069 interius
3038 4014 3377 4084 loquebatur,
3410 4026 3470 4072 ut
3494 4033 3589 4074 su-

2005 4116 2100 4168 pra
2156 4116 2534 4169 saepenumero
2591 4101 2800 4156 dictum
2863 4113 2972 4167 est,
3018 4118 3125 4172 quo
3170 4105 3330 4159 modo
3380 4106 3589 4162 scilicet

2005 4193 2218 4247 locutus
2245 4195 2316 4247 sit
2340 4193 2609 4264 Philippo,
2670 4193 2854 4260 Petro,
2894 4195 3163 4263 apostolis
3185 4208 3241 4250 et
3266 4193 3455 4263 Paulo,
3488 4211 3586 4253 seu

2005 4286 2325 4354 praecipiens
2368 4300 2461 4339 seu
2511 4286 2807 4355 prohibens
2843 4287 2896 4340 in
2944 4286 3219 4355 aliquibus
3267 4287 3587 4342 civitatibus

2006 4376 2187 4447 loqui;
2220 4378 2309 4446 qui
2365 4389 2546 4431 autem
2597 4378 2790 4444 spiritu
2825 4378 3092 4439 fervebat.
3136 4394 3231 4447 per
3253 4380 3582 4434 exteriorem

2004 4470 2462 4524 illuminatiouem
2529 4471 2610 4525 vel
2667 4471 3106 4525 calum-tationem
3163 4470 3267 4525 hoc
3319 4472 3403 4525 vel
3453 4472 3587 4525 illud

311 4576 452 4631 ματι
494 4559 562 4612 δι’
607 4559 929 4629 έλλάμψεως
975 4570 1005 4610 1
1053 4563 1149 4614 καὶ
1199 4562 1520 4634 προτροπῆς
1562 4562 1664 4634 τῆς
1699 4563 1898 4628 ἔξωθεν

2001 4560 2212 4630 agebat,
2246 4560 2448 4629 Spiritu
2510 4562 2645 4615 duce
2701 4570 2879 4623 utens.
2934 4575 3040 4614 non
3098 4576 3256 4616 secus
3296 4576 3359 4613 ac
3387 4561 3434 4615 si
3459 4560 3589 4630 quis

308 4652 557 4722 ἐπραττέ
591 4670 664 4714 τι,
699 4652 894 4724 ὁδηγοῦ
905 4670 1066 4723 μενος
1091 4654 1197 4707 ὑπὸ
1228 4655 1323 4707 τοῦ
1351 4655 1694 4727 Πνεύματος,
1721 4656 1898 4723 ὼςμᾶν

2001 4652 2251 4721 angelum
2312 4653 2536 4706 haberet
2581 4652 2771 4706 ducem
2794 4661 2848 4707 et
2876 4654 3179 4709 custodem.
3206 4652 3318 4706 Nec
3345 4653 3473 4706 mihi
3505 4651 3591 4706 (li-

309 4749 361 4799 εῖ
396 4746 465 4797 δι’
502 4745 737 4813 ἀγγέλου
775 4761 861 4807 τις
899 4746 1194 4819 ὁδηγηθείη
1234 4747 1266 4817 ἢ
1306 4746 1629 4818 φυλαχθείη.
1674 4749 1782 4801 Καὶ
1827 4750 1898 4821 μή

2001 4758 2093 4797 cas
2126 4762 2139 4798 :
2173 4742 2459 4810 Quomodo
2508 4745 2701 4812 spiritu
2756 4746 2950 4812 fervet,
3004 4748 3097 4815 qui
3160 4747 3412 4815 spiritum
3478 4759 3588 4800 non

316 4853 413 4906 μοι
435 4835 559 4903 λέγε
576 4853 590 4867 ·
617 4837 725 4889 Καὶ
746 4835 865 4898 πῶς
882 4831 993 4888 οἷόν
1022 4854 1081 4889 τε
1105 4837 1248 4901 ζέειν
1282 4836 1361 4908 τῷ
1384 4838 1687 4909 Πνεῦματι,
1711 4840 1803 4890 τὸν
1828 4839 1898 4911 μὴ

2006 4836 2214 4892 habet?
2242 4854 2270 4889 a
2306 4837 2656 4892 scusibilibus
2694 4838 2763 4892 de
2813 4838 3070 4893 invisibili
3121 4840 3472 4906 cogitandum
3504 4837 3589 4891 :si

317 4928 547 5000 μέτοχον
587 4929 714 4983 ὄντα
752 4930 848 4983 τοῦ
890 4928 1248 4998 Πνεύματος;
1282 4930 1390 4983 ἀπὸ
1427 4929 1535 5001 γάρ
1563 4931 1673 4983 τῶν
1702 4932 1898 5002 αἰσθη-

2006 4936 2161 4980 extra
2194 4942 2289 4979 nos
2327 4927 2533 4994 positus
2554 4926 2636 4980 sol
2670 4936 2765 4980 aut
2789 4926 2949 4997 ignis,
2976 4943 3042 4982 eo
3072 4929 3215 4997 quod
3237 4928 3439 4981 nostris
3463 4940 3590 4979 cor-

315 5020 427 5074 τῶν
452 5030 511 5073 το
533 5021 763 5093 ἀόρατον
804 5031 828 5058 ι
852 5021 933 5074 δεῖ
958 5022 1312 5091 στοχάζεσθαι
1337 5036 1352 5050 ·
1387 5023 1435 5075 εἰ
1459 5022 1488 5074 6
1524 5021 1674 5093 ἥλιος
1703 5022 1904 5087 ἔξωθεν

319 5112 416 5177 ὢν,
450 5113 543 5165 καὶ
570 5115 630 5167 τὸ
659 5114 798 5184 πῦρ,
838 5113 925 5166 διὰ
948 5112 1043 5166 τοῦ
1069 5112 1395 5182 πλησιάζειν
1436 5116 1547 5177 τοῖς
1578 5113 1826 5184 σώμασιν
1866 5115 1899 5186 ἢ

322 5204 417 5256 κα)⁵
442 5202 623 5270 ὀλίγον
649 5204 947 5271 ἀφεστάναι
971 5243 985 5266 ,
1010 5202 1037 5257 6
1062 5204 1210 5256 ἐστιν
1238 5204 1330 5255 ἐπὶ
1360 5204 1530 5274 πυρὸς
1557 5204 1753 5268 εἰπεῖν,
1782 5205 1901 5276 Οερ-

326 5295 506 5361 μαίνοι
538 5294 694 5363 ἡμῶν
723 5292 789 5345 τὰ
814 5293 1063 5362 σώματα,
1092 5293 1146 5346 τί
1165 5293 1247 5345 δεῖ
1284 5295 1458 5346 εἰπεῖν
1485 5290 1727 5366 περὶτοῦ
1754 5291 1901 5367 θείου

325 5384 639 5454 Πνεύματο;
684 5384 777 5437 τοῦ
832 5384 1003 5447 ὅντως
1051 5384 1387 5457 θερμοτάτου
1435 5386 1530 5437 καὶ
1577 5383 1899 5453 πυρίζοντος

397 5548 435 5575 ω
462 5538 524 5592 C.
551 5540 621 5594 (λ’
648 5539 855 5592 ἀπέτῶ.

331 5618 349 5645 ι
394 5608 457 5662 C.
496 5608 557 5663 C.
605 5609 857 5662 Ἰωάννου

332 5684 357 5714 ν
387 5676 518 5733 Cod.
549 5678 815 5733 ὲλάλεισε.

958 5548 987 5579 ³
1018 5540 1078 5593 C.
1120 5537 1182 5594 C.
1212 5537 1424 5600 πιστός.

900 5607 1221 5679 βάπτισμα.
1259 5676 1270 5679 _
1325 5619 1346 5647 ⁸
1385 5608 1442 5663 C.
1476 5605 1543 5679 (Σ.
1568 5604 1849 5679 οιιικκαί.

1586 5536 1649 5591 C.
1685 5536 1746 5590 (ἑ.
1798 5536 1881 5601 είς
1922 5535 2036 5588 τόν.
2149 5544 2178 5584 P
2204 5535 2265 5589 C.
2301 5535 2362 5590 C.
2406 5535 2690 5605 βάπτισμα
2720 5535 3057 5603 βαπτισθείς.

1586 5604 1849 5682 ιιιιηικαί.
1963 5606 1979 5639 ⁸
2015 5603 2077 5660 C.
2211 5620 2319 5682 ριιι.
2344 5609 2410 5682 _6_
2439 5604 2585 5682 ,ἔχων
2642 5604 2866 5675 Πνεῦμα
2897 5602 3072 5672 ἀγιον.

896 5675 921 5719 ί
951 5680 1009 5735 C.
1035 5679 1097 5736 C.
1129 5676 1377 5734 κωλύων.
1456 5685 1483 5725 Y
1510 5678 1642 5731 Cod.
1680 5675 1992 5731 ἑλὲιίὺεως.

2005 5019 2233 5085 poribus
2258 5031 2342 5072 est
2384 5018 2687 5086 -proximus
2716 5027 2809 5070 aut
2860 5033 3053 5086 parum
3112 5017 3299 5079 distat,
3362 5015 3503 5082 quod
3522 5014 3589 5066 de

2004 5113 2125 5182 igne
2147 5111 2366 5174 dicitur,
2384 5124 2613 5180 corpora
2640 5118 2825 5164 nostra
2850 5109 3121 5172 calefacit,
3143 5109 3271 5176 quid
3298 5107 3589 5162 dicendum

2000 5205 2064 5254 de
2088 5202 2290 5268 Spiritu
2314 5210 2524 5263 sancto,
2556 5216 2687 5254 sane
2712 5200 3065 5261 calidissimo,
3096 5200 3185 5266 qui
3221 5208 3463 5251 nostrum
3502 5198 3589 5249 in.
3670 5232 3677 5239 ι

2000 5293 2253 5346 teriorvm
2286 5292 2554 5346 Immineat
2579 5289 2895 5354 inﬂammat,
2915 5288 3040 5344 licet
3075 5305 3178 5342 non
3200 5289 3269 5341 sit
3291 5288 3457 5350 intus,
3491 5286 3589 5341 sed

2006 5394 2158 5437 extra
2182 5383 2205 5437 ?
2236 5381 2364 5436 Vult
2383 5398 2533 5451 ergo,
2566 5383 2823 5453 quoniam
2848 5383 3030 5437 omnia
3058 5382 3167 5436 Deo
3194 5388 3318 5437 sunt
3358 5378 3590 5449 possibi-

3168 5542 3197 5582 ιι
3225 5530 3290 5587 C.
3317 5531 3380 5585 (Σ.
3416 5525 3510 5582 οῦν
3538 5533 3588 5587 6.

2149 5544 2178 5584 ι)
2204 5534 2265 5589 C.
2301 5535 2362 5590 C.
2406 5535 2690 5605 βάπτισμα
2720 5532 3057 5603 βαπτισθείς.
3168 5542 3197 5582 ιι
3225 5532 3290 5587 C.
3317 5532 3380 5585 (Σ.
3416 5532 3510 5582 οὖν
3538 5533 3567 5584 6

2149 5605 2178 5657 ἰ.
2211 5620 2319 5659 om.
2372 5609 2400 5658 6
2445 5604 2585 5672 ἔχων
2642 5604 2866 5672 Πνεῦμα
2897 5602 3072 5672 ἀγιον.
3176 5612 3206 5644 ⁸
3234 5602 3295 5658 (Σ.
3323 5601 3386 5659 C.
3417 5600 3568 5672 αὑτῷ

2075 5684 2097 5711 ³
2122 5674 2183 5729 C.
2207 5675 2269 5730 C.
2300 5676 2368 5730 τὰ
2388 5677 2617 5746 ἀόρατα.
