  <div class='ocr_page' id='page_1' title='image "/cluster/home/n/w/nwhite01/storage/ocr_20150623/85/coo.31924054869866/795.png"; bbox 0 0 4064 6456; ppageno 0'>
   <div class='ocr_carea' id='block_1_1' title="bbox 3617 262 3783 330">
    <p class='ocr_par' dir='ltr' id='par_1_1' title="bbox 3617 262 3783 330">
     <span class='ocr_line' id='line_1_1' title="bbox 3617 262 3783 330; baseline -0.024 0"><span class='ocrx_word' id='word_1_1' title='bbox 3617 262 3783 330; x_wconf 77' lang='grc'>1576</span> 
     </span>
    </p>
   </div>
   <div class='ocr_carea' id='block_1_2' title="bbox 479 279 2559 379">
    <p class='ocr_par' dir='ltr' id='par_1_2' title="bbox 479 279 2559 379">
     <span class='ocr_line' id='line_1_2' title="bbox 479 279 2559 379; baseline -0.02 -3"><span class='ocrx_word' id='word_1_2' title='bbox 479 314 617 379; x_wconf 79' lang='grc'>1575</span> <span class='ocrx_word' id='word_1_3' title='bbox 1647 285 1988 352; x_wconf 79' lang='lat' dir='ltr'>AMMONII</span> <span class='ocrx_word' id='word_1_4' title='bbox 2028 282 2222 344; x_wconf 81' lang='lat' dir='ltr'><strong>ALEX</strong></span> <span class='ocrx_word' id='word_1_5' title='bbox 2234 279 2559 341; x_wconf 78' lang='lat' dir='ltr'>ANDRINI</span> 
     </span>
    </p>
   </div>
   <div class='ocr_carea' id='block_1_3' title="bbox 479 383 2096 486">
    <p class='ocr_par' dir='ltr' id='par_1_3' title="bbox 479 403 2096 486">
     <span class='ocr_line' id='line_1_3' title="bbox 479 403 2096 486; baseline -0.017 -8"><span class='ocrx_word' id='word_1_6' title='bbox 479 427 570 486; x_wconf 89' lang='lat' dir='ltr'><strong>tia.</strong></span> <span class='ocrx_word' id='word_1_7' title='bbox 607 419 839 477; x_wconf 83' lang='lat' dir='ltr'><strong>caleﬁeri</strong></span> <span class='ocrx_word' id='word_1_8' title='bbox 885 417 1119 486; x_wconf 83' lang='lat' dir='ltr'>aliquem</span> <span class='ocrx_word' id='word_1_9' title='bbox 1151 413 1398 468; x_wconf 85' lang='lat' dir='ltr'><strong>etiamin</strong></span> <span class='ocrx_word' id='word_1_10' title='bbox 1436 423 1494 465; x_wconf 87' lang='lat' dir='ltr'>se</span> <span class='ocrx_word' id='word_1_11' title='bbox 1532 410 1767 462; x_wconf 88' lang='lat' dir='ltr'><strong>calorem</strong></span> <span class='ocrx_word' id='word_1_12' title='bbox 1805 417 1910 456; x_wconf 91' lang='lat' dir='ltr'>non</span> <span class='ocrx_word' id='word_1_13' title='bbox 1955 403 2055 455; x_wconf 87' lang='lat' dir='ltr'><strong>ha-</strong></span> <span class='ocrx_word' id='word_1_14' title='bbox 2087 441 2096 459; x_wconf 48' lang='grc' dir='ltr'><strong><em>ι</em></strong></span> 
     </span>
    </p>
   </div>
   <div class='ocr_carea' id='block_1_4' title="bbox 2204 383 3765 486">
    <p class='ocr_par' dir='ltr' id='par_1_4' title="bbox 2204 383 3765 484">
     <span class='ocr_line' id='line_1_4' title="bbox 2204 383 3765 484; baseline -0.008 -36"><span class='ocrx_word' id='word_1_15' title='bbox 2204 401 2251 448; x_wconf 58' lang='grc' dir='ltr'>ὃν</span> <span class='ocrx_word' id='word_1_16' title='bbox 2307 393 2421 447; x_wconf 75' lang='grc' dir='ltr'>ἔσω</span> <span class='ocrx_word' id='word_1_17' title='bbox 2469 391 2628 465; x_wconf 67' lang='grc' dir='ltr'>⁴ἡμῶν</span> <span class='ocrx_word' id='word_1_18' title='bbox 2692 390 3004 462; x_wconf 79' lang='grc' dir='ltr'>ἄνθρωπον,</span> <span class='ocrx_word' id='word_1_19' title='bbox 3056 385 3162 440; x_wconf 75' lang='grc' dir='ltr'>κᾶν</span> <span class='ocrx_word' id='word_1_20' title='bbox 3237 383 3314 456; x_wconf 77' lang='grc' dir='ltr'>μὴ</span> <span class='ocrx_word' id='word_1_21' title='bbox 3367 383 3576 454; x_wconf 76' lang='grc' dir='ltr'>ἐνοικῇ,</span> <span class='ocrx_word' id='word_1_22' title='bbox 3641 383 3765 484; x_wconf 48' lang='grc' dir='ltr'>ἀλλ.</span> 
     </span>
    </p>
   </div>
   <div class='ocr_carea' id='block_1_5' title="bbox 481 475 3781 570">
    <p class='ocr_par' dir='ltr' id='par_1_5' title="bbox 481 475 3781 570">
     <span class='ocr_line' id='line_1_5' title="bbox 481 475 3781 570; baseline -0.009 -11"><span class='ocrx_word' id='word_1_23' title='bbox 977 475 993 486; x_wconf 58' lang='grc'><em>’</em></span> <span class='ocrx_word' id='word_1_24' title='bbox 2163 483 2368 551; x_wconf 68' lang='grc' dir='ltr'>[ἔξωθεν</span> <span class='ocrx_word' id='word_1_25' title='bbox 2457 501 2472 549; x_wconf 91' lang='grc'><strong>;</strong></span> <span class='ocrx_word' id='word_1_26' title='bbox 2507 485 2747 554; x_wconf 82' lang='grc' dir='ltr'>ἐγχωρεῖ</span> <span class='ocrx_word' id='word_1_27' title='bbox 2775 477 2892 543; x_wconf 82' lang='grc' dir='ltr'>οὖν.</span> <span class='ocrx_word' id='word_1_28' title='bbox 2995 491 3021 520; x_wconf 71' lang='grc' dir='ltr'>ι</span> <span class='ocrx_word' id='word_1_29' title='bbox 3073 478 3256 531; x_wconf 72' lang='grc' dir='ltr'>πάντα</span> <span class='ocrx_word' id='word_1_30' title='bbox 3289 476 3496 530; x_wconf 86' lang='grc' dir='ltr'>δυνατά</span> <span class='ocrx_word' id='word_1_31' title='bbox 3519 477 3637 529; x_wconf 80' lang='grc' dir='ltr'>ἐστι</span> <span class='ocrx_word' id='word_1_32' title='bbox 3679 475 3781 542; x_wconf 74' lang='grc' dir='ltr'>τῷ</span> 
     </span>
    </p>
   </div>
   <div class='ocr_carea' id='block_1_6' title="bbox 2167 565 3785 648">
    <p class='ocr_par' dir='ltr' id='par_1_6' title="bbox 2167 565 3785 648">
     <span class='ocr_line' id='line_1_6' title="bbox 2167 565 3785 648; baseline -0.004 -18"><span class='ocrx_word' id='word_1_33' title='bbox 2167 577 2309 648; x_wconf 81' lang='grc' dir='ltr'>Θεῷ,</span> <span class='ocrx_word' id='word_1_34' title='bbox 2338 574 2734 647; x_wconf 77' lang='grc' dir='ltr'>θερμαίνεσθαι</span> <span class='ocrx_word' id='word_1_35' title='bbox 2771 591 2894 628; x_wconf 86' lang='grc' dir='ltr'>τινα</span> <span class='ocrx_word' id='word_1_36' title='bbox 2917 615 2930 639; x_wconf 91' lang='grc'>,</span> <span class='ocrx_word' id='word_1_37' title='bbox 2960 571 3063 626; x_wconf 80' lang='grc' dir='ltr'>κᾶν</span> <span class='ocrx_word' id='word_1_38' title='bbox 3108 571 3183 642; x_wconf 82' lang='grc' dir='ltr'>μὴ</span> <span class='ocrx_word' id='word_1_39' title='bbox 3215 571 3242 610; x_wconf 78' lang='lat' dir='ltr'>b</span> <span class='ocrx_word' id='word_1_40' title='bbox 3275 571 3333 622; x_wconf 89' lang='grc' dir='ltr'>ἐν</span> <span class='ocrx_word' id='word_1_41' title='bbox 3375 568 3554 639; x_wconf 79' lang='grc' dir='ltr'>ἐαυτῷ</span> <span class='ocrx_word' id='word_1_42' title='bbox 3577 565 3785 624; x_wconf 77' lang='grc' dir='ltr'>οἰκοῦν</span> 
     </span>
    </p>
   </div>
   <div class='ocr_carea' id='block_1_7' title="bbox 2167 667 2689 738">
    <p class='ocr_par' dir='ltr' id='par_1_7' title="bbox 2167 667 2689 738">
     <span class='ocr_line' id='line_1_7' title="bbox 2167 667 2689 738; baseline -0.002 -17"><span class='ocrx_word' id='word_1_43' title='bbox 2167 668 2230 722; x_wconf 77' lang='grc' dir='ltr'>τὸ</span> <span class='ocrx_word' id='word_1_44' title='bbox 2258 667 2554 738; x_wconf 79' lang='grc' dir='ltr'>θερμαῖνον</span> <span class='ocrx_word' id='word_1_45' title='bbox 2588 668 2689 736; x_wconf 89' lang='grc'>(8).</span> 
     </span>
    </p>
   </div>
   <div class='ocr_carea' id='block_1_8' title="bbox 555 754 2068 826">
    <p class='ocr_par' dir='ltr' id='par_1_8' title="bbox 555 754 2068 826">
     <span class='ocr_line' id='line_1_8' title="bbox 555 754 2068 826; baseline -0.008 -7"><span class='ocrx_word' id='word_1_46' title='bbox 555 767 720 821; x_wconf 67' lang='lat' dir='ltr'><strong>Vens.</strong></span> <span class='ocrx_word' id='word_1_47' title='bbox 782 764 870 818; x_wconf 59' lang='grc' dir='ltr'><strong>Μ.</strong></span> <span class='ocrx_word' id='word_1_48' title='bbox 945 779 964 814; x_wconf 78' lang='grc' dir='ltr'>ι</span> <span class='ocrx_word' id='word_1_49' title='bbox 1033 761 1113 816; x_wconf 88' lang='lat' dir='ltr'>lta</span> <span class='ocrx_word' id='word_1_50' title='bbox 1172 768 1231 815; x_wconf 89' lang='lat' dir='ltr'>ut</span> <span class='ocrx_word' id='word_1_51' title='bbox 1297 761 1461 815; x_wconf 90' lang='lat' dir='ltr'><strong>etiam</strong></span> <span class='ocrx_word' id='word_1_52' title='bbox 1536 771 1701 826; x_wconf 85' lang='lat' dir='ltr'>super</span> <span class='ocrx_word' id='word_1_53' title='bbox 1779 754 2068 823; x_wconf 84' lang='lat' dir='ltr'><strong>languidos</strong></span> 
     </span>
    </p>
   </div>
   <div class='ocr_carea' id='block_1_9' title="bbox 485 845 2072 920">
    <p class='ocr_par' dir='ltr' id='par_1_9' title="bbox 485 845 2072 920">
     <span class='ocr_line' id='line_1_9' title="bbox 485 845 2072 920; baseline -0.009 -9"><span class='ocrx_word' id='word_1_54' title='bbox 485 857 830 911; x_wconf 79' lang='lat' dir='ltr'><strong>deferrentur</strong></span> <span class='ocrx_word' id='word_1_55' title='bbox 855 867 886 907; x_wconf 90' lang='lat' dir='ltr'>a</span> <span class='ocrx_word' id='word_1_56' title='bbox 915 865 1146 920; x_wconf 81' lang='lat' dir='ltr'><strong>corpore</strong></span> <span class='ocrx_word' id='word_1_57' title='bbox 1168 850 1288 920; x_wconf 74' lang='lat' dir='ltr'><strong>eius</strong></span> <span class='ocrx_word' id='word_1_58' title='bbox 1318 848 1536 903; x_wconf 85' lang='lat' dir='ltr'><strong>sudaria</strong></span> <span class='ocrx_word' id='word_1_59' title='bbox 1561 856 1615 900; x_wconf 89' lang='lat' dir='ltr'>et</span> <span class='ocrx_word' id='word_1_60' title='bbox 1639 845 1999 908; x_wconf 88' lang='lat' dir='ltr'><strong>semicinctia,</strong></span> <span class='ocrx_word' id='word_1_61' title='bbox 2017 852 2072 898; x_wconf 90' lang='lat' dir='ltr'>et</span> 
     </span>
    </p>
   </div>
   <div class='ocr_carea' id='block_1_10' title="bbox 489 937 2070 1011">
    <p class='ocr_par' dir='ltr' id='par_1_10' title="bbox 489 937 2070 1011">
     <span class='ocr_line' id='line_1_10' title="bbox 489 937 2070 1011; baseline -0.008 -11"><span class='ocrx_word' id='word_1_62' title='bbox 489 945 812 1000; x_wconf 88' lang='lat' dir='ltr'><strong>recedebant</strong></span> <span class='ocrx_word' id='word_1_63' title='bbox 847 944 915 997; x_wconf 90' lang='lat' dir='ltr'>ab</span> <span class='ocrx_word' id='word_1_64' title='bbox 970 943 1050 997; x_wconf 78' lang='lat' dir='ltr'>eis</span> <span class='ocrx_word' id='word_1_65' title='bbox 1099 940 1410 1011; x_wconf 81' lang='lat' dir='ltr'><strong>languores,</strong></span> <span class='ocrx_word' id='word_1_66' title='bbox 1455 947 1510 992; x_wconf 90' lang='lat' dir='ltr'>et</span> <span class='ocrx_word' id='word_1_67' title='bbox 1560 937 1786 1006; x_wconf 75' lang='lat' dir='ltr'>spiritus</span> <span class='ocrx_word' id='word_1_68' title='bbox 1835 949 2070 1005; x_wconf 91' lang='lat' dir='ltr'><strong>nequam</strong></span> 
     </span>
    </p>
   </div>
   <div class='ocr_carea' id='block_1_11' title="bbox 486 1035 986 1105">
    <p class='ocr_par' dir='ltr' id='par_1_11' title="bbox 486 1035 986 1105">
     <span class='ocr_line' id='line_1_11' title="bbox 486 1035 986 1105; baseline -0.016 -15"><span class='ocrx_word' id='word_1_69' title='bbox 486 1035 923 1105; x_wconf 78' lang='lat' dir='ltr'><strong>egrediebantur.</strong></span> <span class='ocrx_word' id='word_1_70' title='bbox 968 1049 986 1082; x_wconf 76' lang='grc' dir='ltr'>ι</span> 
     </span>
    </p>
   </div>
   <div class='ocr_carea' id='block_1_12' title="bbox 557 1115 2074 1197">
    <p class='ocr_par' dir='ltr' id='par_1_12' title="bbox 557 1115 2074 1197">
     <span class='ocr_line' id='line_1_12' title="bbox 557 1115 2074 1197; baseline -0.009 -15"><span class='ocrx_word' id='word_1_71' title='bbox 557 1128 718 1197; x_wconf 82' lang='lat' dir='ltr'><strong>Signa</strong></span> <span class='ocrx_word' id='word_1_72' title='bbox 771 1123 1007 1179; x_wconf 87' lang='lat' dir='ltr'><strong>sudariis</strong></span> <span class='ocrx_word' id='word_1_73' title='bbox 1056 1132 1110 1176; x_wconf 89' lang='lat' dir='ltr'>et</span> <span class='ocrx_word' id='word_1_74' title='bbox 1146 1122 1337 1175; x_wconf 85' lang='lat' dir='ltr'><strong>umbra</strong></span> <span class='ocrx_word' id='word_1_75' title='bbox 1376 1117 1763 1188; x_wconf 90' lang='lat' dir='ltr'><strong>discipulorum</strong></span> <span class='ocrx_word' id='word_1_76' title='bbox 1820 1115 1960 1170; x_wconf 80' lang='lat' dir='ltr'><strong>facta</strong></span> <span class='ocrx_word' id='word_1_77' title='bbox 1996 1115 2074 1168; x_wconf 78' lang='lat' dir='ltr'><strong>si-</strong></span> 
     </span>
    </p>
   </div>
   <div class='ocr_carea' id='block_1_13' title="bbox 490 1207 2078 1291">
    <p class='ocr_par' dir='ltr' id='par_1_13' title="bbox 490 1207 2078 1291">
     <span class='ocr_line' id='line_1_13' title="bbox 490 1207 2078 1291; baseline -0.008 -18"><span class='ocrx_word' id='word_1_78' title='bbox 490 1219 613 1291; x_wconf 86' lang='lat' dir='ltr'><strong>guis</strong></span> <span class='ocrx_word' id='word_1_79' title='bbox 663 1233 693 1271; x_wconf 91' lang='lat' dir='ltr'>a</span> <span class='ocrx_word' id='word_1_80' title='bbox 743 1216 871 1271; x_wconf 79' lang='lat' dir='ltr'><strong>Jesu</strong></span> <span class='ocrx_word' id='word_1_81' title='bbox 923 1215 1081 1269; x_wconf 83' lang='lat' dir='ltr'><strong>factis</strong></span> <span class='ocrx_word' id='word_1_82' title='bbox 1141 1214 1345 1282; x_wconf 84' lang='lat' dir='ltr'><strong>majora</strong></span> <span class='ocrx_word' id='word_1_83' title='bbox 1396 1221 1572 1273; x_wconf 88' lang='lat' dir='ltr'><strong>erant,</strong></span> <span class='ocrx_word' id='word_1_84' title='bbox 1609 1219 1664 1264; x_wconf 90' lang='lat' dir='ltr'>et</span> <span class='ocrx_word' id='word_1_85' title='bbox 1710 1207 1962 1275; x_wconf 88' lang='lat' dir='ltr'><strong>impletus</strong></span> <span class='ocrx_word' id='word_1_86' title='bbox 1995 1218 2078 1260; x_wconf 88' lang='lat' dir='ltr'>est</span> 
     </span>
    </p>
   </div>
   <div class='ocr_carea' id='block_1_14' title="bbox 491 1301 2078 1378">
    <p class='ocr_par' dir='ltr' id='par_1_14' title="bbox 491 1301 2078 1378">
     <span class='ocr_line' id='line_1_14' title="bbox 491 1301 2078 1378; baseline -0.01 -13"><span class='ocrx_word' id='word_1_87' title='bbox 491 1326 674 1366; x_wconf 84' lang='lat' dir='ltr'><strong>sermo</strong></span> <span class='ocrx_word' id='word_1_88' title='bbox 710 1323 872 1378; x_wconf 89' lang='lat' dir='ltr'><strong>quem</strong></span> <span class='ocrx_word' id='word_1_89' title='bbox 909 1307 1066 1360; x_wconf 87' lang='lat' dir='ltr'><strong>Jesus</strong></span> <span class='ocrx_word' id='word_1_90' title='bbox 1094 1305 1267 1359; x_wconf 78' lang='lat' dir='ltr'><strong>dixit:</strong></span> <span class='ocrx_word' id='word_1_91' title='bbox 1309 1303 1412 1369; x_wconf 82' lang='lat' dir='ltr'><strong>Qui</strong></span> <span class='ocrx_word' id='word_1_92' title='bbox 1439 1305 1492 1356; x_wconf 83' lang='lat' dir='ltr'>in</span> <span class='ocrx_word' id='word_1_93' title='bbox 1518 1318 1600 1355; x_wconf 86' lang='lat' dir='ltr'>me</span> <span class='ocrx_word' id='word_1_94' title='bbox 1629 1301 1940 1363; x_wconf 75' lang='lat' dir='ltr'>crediderit,</span> <span class='ocrx_word' id='word_1_95' title='bbox 1967 1315 2078 1351; x_wconf 86' lang='lat' dir='ltr'><strong>ma-</strong></span> 
     </span>
    </p>
   </div>
   <div class='ocr_carea' id='block_1_15' title="bbox 484 1390 2078 1472">
    <p class='ocr_par' dir='ltr' id='par_1_15' title="bbox 484 1390 2078 1472">
     <span class='ocr_line' id='line_1_15' title="bbox 484 1390 2078 1472; baseline -0.009 -17"><span class='ocrx_word' id='word_1_96' title='bbox 484 1404 609 1472; x_wconf 87' lang='lat' dir='ltr'><strong>jora</strong></span> <span class='ocrx_word' id='word_1_97' title='bbox 649 1402 800 1469; x_wconf 78' lang='lat' dir='ltr'><strong>signa</strong></span> <span class='ocrx_word' id='word_1_98' title='bbox 833 1399 992 1468; x_wconf 78' lang='lat' dir='ltr'><strong>faciet</strong></span> <span class='ocrx_word' id='word_1_99' title='bbox 1040 1413 1199 1468; x_wconf 85' lang='lat' dir='ltr'><strong>quam</strong></span> <span class='ocrx_word' id='word_1_100' title='bbox 1223 1412 1341 1466; x_wconf 72' lang='lat' dir='ltr'><strong>quw</strong></span> <span class='ocrx_word' id='word_1_101' title='bbox 1373 1411 1463 1466; x_wconf 83' lang='lat' dir='ltr'>ego</span> <span class='ocrx_word' id='word_1_102' title='bbox 1498 1395 1659 1463; x_wconf 76' lang='lat' dir='ltr'><strong>facio.</strong></span> <span class='ocrx_word' id='word_1_103' title='bbox 1680 1390 2004 1446; x_wconf 84' lang='lat' dir='ltr'><strong>—Sudaria</strong></span> <span class='ocrx_word' id='word_1_104' title='bbox 2030 1400 2078 1444; x_wconf 80' lang='lat' dir='ltr'>et</span> 
     </span>
    </p>
   </div>
   <div class='ocr_carea' id='block_1_16' title="bbox 492 1480 2078 1556">
    <p class='ocr_par' dir='ltr' id='par_1_16' title="bbox 492 1480 2078 1556">
     <span class='ocr_line' id='line_1_16' title="bbox 492 1480 2078 1556; baseline -0.009 -13"><span class='ocrx_word' id='word_1_105' title='bbox 492 1489 816 1543; x_wconf 79' lang='lat' dir='ltr'><strong>semicinctia</strong></span> <span class='ocrx_word' id='word_1_106' title='bbox 848 1502 866 1542; x_wconf 91' lang='lat'><strong><em>:</em></strong></span> <span class='ocrx_word' id='word_1_107' title='bbox 901 1495 1135 1556; x_wconf 88' lang='lat' dir='ltr'><strong>utraque</strong></span> <span class='ocrx_word' id='word_1_108' title='bbox 1186 1486 1328 1540; x_wconf 89' lang='lat' dir='ltr'><strong>linea</strong></span> <span class='ocrx_word' id='word_1_109' title='bbox 1375 1484 1547 1538; x_wconf 82' lang='lat' dir='ltr'><strong>fuisse</strong></span> <span class='ocrx_word' id='word_1_110' title='bbox 1581 1496 1782 1538; x_wconf 86' lang='lat' dir='ltr'><strong>censeo</strong></span> <span class='ocrx_word' id='word_1_111' title='bbox 1814 1498 1828 1535; x_wconf 89' lang='lat'><strong>:</strong></span> <span class='ocrx_word' id='word_1_112' title='bbox 1863 1480 1955 1533; x_wconf 91' lang='lat' dir='ltr'>sed</span> <span class='ocrx_word' id='word_1_113' title='bbox 1986 1495 2078 1531; x_wconf 85' lang='lat' dir='ltr'><strong>su-</strong></span> 
     </span>
    </p>
   </div>
   <div class='ocr_carea' id='block_1_17' title="bbox 493 1574 2080 1650">
    <p class='ocr_par' dir='ltr' id='par_1_17' title="bbox 493 1574 2080 1650">
     <span class='ocr_line' id='line_1_17' title="bbox 493 1574 2080 1650; baseline -0.007 -15"><span class='ocrx_word' id='word_1_114' title='bbox 493 1581 646 1636; x_wconf 87' lang='lat' dir='ltr'><strong>daria</strong></span> <span class='ocrx_word' id='word_1_115' title='bbox 683 1581 900 1650; x_wconf 88' lang='lat' dir='ltr'><strong>quidem</strong></span> <span class='ocrx_word' id='word_1_116' title='bbox 934 1579 1097 1648; x_wconf 91' lang='lat' dir='ltr'><strong>capiti</strong></span> <span class='ocrx_word' id='word_1_117' title='bbox 1126 1579 1501 1647; x_wconf 90' lang='lat' dir='ltr'><strong>imponuntur,</strong></span> <span class='ocrx_word' id='word_1_118' title='bbox 1529 1574 1873 1630; x_wconf 90' lang='lat' dir='ltr'><strong>semicinctia</strong></span> <span class='ocrx_word' id='word_1_119' title='bbox 1901 1583 2080 1626; x_wconf 86' lang='lat' dir='ltr'><strong>autem</strong></span> 
     </span>
    </p>
   </div>
   <div class='ocr_carea' id='block_1_18' title="bbox 495 1664 2083 1738">
    <p class='ocr_par' dir='ltr' id='par_1_18' title="bbox 495 1664 2083 1738">
     <span class='ocr_line' id='line_1_18' title="bbox 495 1664 2083 1738; baseline -0.008 -11"><span class='ocrx_word' id='word_1_120' title='bbox 495 1674 550 1727; x_wconf 89' lang='lat' dir='ltr'>in</span> <span class='ocrx_word' id='word_1_121' title='bbox 608 1674 863 1727; x_wconf 87' lang='lat' dir='ltr'><strong>manibus</strong></span> <span class='ocrx_word' id='word_1_122' title='bbox 911 1671 1115 1726; x_wconf 88' lang='lat' dir='ltr'><strong>habent</strong></span> <span class='ocrx_word' id='word_1_123' title='bbox 1163 1670 1256 1738; x_wconf 91' lang='lat' dir='ltr'>qui</span> <span class='ocrx_word' id='word_1_124' title='bbox 1309 1669 1384 1737; x_wconf 78' lang='grc' dir='ltr'>(ν.</span> <span class='ocrx_word' id='word_1_125' title='bbox 1429 1683 1480 1722; x_wconf 94' lang='lat' dir='ltr'>c.</span> <span class='ocrx_word' id='word_1_126' title='bbox 1511 1666 1890 1722; x_wconf 84' lang='lat' dir='ltr'><strong>consularibus</strong></span> <span class='ocrx_word' id='word_1_127' title='bbox 1927 1664 2083 1718; x_wconf 78' lang='lat' dir='ltr'>stolis</span> 
     </span>
    </p>
   </div>
   <div class='ocr_carea' id='block_1_19' title="bbox 2249 745 3786 816">
    <p class='ocr_par' dir='ltr' id='par_1_19' title="bbox 2249 745 3786 816">
     <span class='ocr_line' id='line_1_19' title="bbox 2249 745 3786 816; baseline -0.003 -13"><span class='ocrx_word' id='word_1_128' title='bbox 2249 772 2267 803; x_wconf 79' lang='grc' dir='ltr'>ι</span> <span class='ocrx_word' id='word_1_129' title='bbox 2303 753 2467 804; x_wconf 84' lang='grc' dir='ltr'>Ὥστε</span> <span class='ocrx_word' id='word_1_130' title='bbox 2498 752 2593 805; x_wconf 72' lang='grc' dir='ltr'>καὶ</span> <span class='ocrx_word' id='word_1_131' title='bbox 2639 753 2734 804; x_wconf 69' lang='grc' dir='ltr'>ἐπὶ</span> <span class='ocrx_word' id='word_1_132' title='bbox 2780 753 2910 815; x_wconf 70' lang='grc' dir='ltr'>τοὺς</span> <span class='ocrx_word' id='word_1_133' title='bbox 2978 747 3343 810; x_wconf 79' lang='grc' dir='ltr'>ἀσθενοῦντας</span> <span class='ocrx_word' id='word_1_134' title='bbox 3394 745 3786 816; x_wconf 76' lang='grc' dir='ltr'>ἀποφέρεσθαι</span> 
     </span>
    </p>
   </div>
   <div class='ocr_carea' id='block_1_20' title="bbox 2173 840 3787 915">
    <p class='ocr_par' dir='ltr' id='par_1_20' title="bbox 2173 840 3787 915">
     <span class='ocr_line' id='line_1_20' title="bbox 2173 840 3787 915; baseline -0.005 -17"><span class='ocrx_word' id='word_1_135' title='bbox 2173 845 2282 898; x_wconf 82' lang='grc' dir='ltr'>ἀπὸ</span> <span class='ocrx_word' id='word_1_136' title='bbox 2323 843 2420 898; x_wconf 85' lang='grc' dir='ltr'>τοῦ</span> <span class='ocrx_word' id='word_1_137' title='bbox 2457 845 2667 915; x_wconf 80' lang='grc' dir='ltr'>χρωτὸς</span> <span class='ocrx_word' id='word_1_138' title='bbox 2714 843 2882 898; x_wconf 80' lang='grc' dir='ltr'>αὑτοῦ</span> <span class='ocrx_word' id='word_1_139' title='bbox 2935 843 3196 912; x_wconf 79' lang='grc' dir='ltr'>σουδάρια</span> <span class='ocrx_word' id='word_1_140' title='bbox 3232 840 3264 912; x_wconf 82' lang='grc' dir='ltr'>ἦ</span> <span class='ocrx_word' id='word_1_141' title='bbox 3298 841 3648 910; x_wconf 84' lang='grc' dir='ltr'>σημικίνθια,</span> <span class='ocrx_word' id='word_1_142' title='bbox 3675 841 3787 893; x_wconf 77' lang='grc' dir='ltr'>καὶ</span> 
     </span>
    </p>
   </div>
   <div class='ocr_carea' id='block_1_21' title="bbox 2175 931 3788 1000">
    <p class='ocr_par' dir='ltr' id='par_1_21' title="bbox 2175 931 3788 1000">
     <span class='ocr_line' id='line_1_21' title="bbox 2175 931 3788 1000; baseline -0.004 -10"><span class='ocrx_word' id='word_1_143' title='bbox 2175 937 2624 990; x_wconf 78' lang='grc' dir='ltr'>ἀπαλλάσσεσθαι</span> <span class='ocrx_word' id='word_1_144' title='bbox 2645 935 2738 989; x_wconf 77' lang='grc' dir='ltr'>ἀπ’</span> <span class='ocrx_word' id='word_1_145' title='bbox 2761 935 2942 987; x_wconf 81' lang='grc' dir='ltr'>αὐτῶν</span> <span class='ocrx_word' id='word_1_146' title='bbox 2962 936 3060 998; x_wconf 77' lang='grc' dir='ltr'>τὰς</span> <span class='ocrx_word' id='word_1_147' title='bbox 3078 933 3291 999; x_wconf 81' lang='grc' dir='ltr'>νόσους,</span> <span class='ocrx_word' id='word_1_148' title='bbox 3310 933 3380 985; x_wconf 84' lang='grc' dir='ltr'>τά</span> <span class='ocrx_word' id='word_1_149' title='bbox 3399 948 3458 982; x_wconf 87' lang='grc' dir='ltr'>τε</span> <span class='ocrx_word' id='word_1_150' title='bbox 3479 931 3788 1000; x_wconf 82' lang='grc' dir='ltr'>πνεύματα</span> 
     </span>
    </p>
   </div>
   <div class='ocr_carea' id='block_1_22' title="bbox 2176 1028 2989 1099">
    <p class='ocr_par' dir='ltr' id='par_1_22' title="bbox 2176 1028 2989 1099">
     <span class='ocr_line' id='line_1_22' title="bbox 2176 1028 2989 1099; baseline -0.006 -16"><span class='ocrx_word' id='word_1_151' title='bbox 2176 1031 2244 1084; x_wconf 74' lang='grc' dir='ltr'>τὰ</span> <span class='ocrx_word' id='word_1_152' title='bbox 2266 1030 2477 1099; x_wconf 74' lang='grc' dir='ltr'>πονηρὰ</span> <span class='ocrx_word' id='word_1_153' title='bbox 2502 1028 2920 1099; x_wconf 80' lang='grc' dir='ltr'>ἐκπορεύεσθαι.</span> <span class='ocrx_word' id='word_1_154' title='bbox 2972 1047 2989 1078; x_wconf 71' lang='grc' dir='ltr'>ι</span> 
     </span>
    </p>
   </div>
   <div class='ocr_carea' id='block_1_23' title="bbox 2249 1112 3784 1190">
    <p class='ocr_par' dir='ltr' id='par_1_23' title="bbox 2249 1112 3784 1190">
     <span class='ocr_line' id='line_1_23' title="bbox 2249 1112 3784 1190; baseline -0.006 -17"><span class='ocrx_word' id='word_1_155' title='bbox 2249 1121 2322 1173; x_wconf 84' lang='grc' dir='ltr'>Τὸ</span> <span class='ocrx_word' id='word_1_156' title='bbox 2353 1120 2458 1172; x_wconf 84' lang='grc' dir='ltr'>τῶν</span> <span class='ocrx_word' id='word_1_157' title='bbox 2512 1119 2810 1190; x_wconf 85' lang='grc' dir='ltr'>σουδαρίων</span> <span class='ocrx_word' id='word_1_158' title='bbox 2845 1119 2939 1172; x_wconf 72' lang='grc' dir='ltr'>καὶ</span> <span class='ocrx_word' id='word_1_159' title='bbox 2983 1117 3093 1170; x_wconf 89' lang='grc' dir='ltr'>τῶν</span> <span class='ocrx_word' id='word_1_160' title='bbox 3130 1114 3301 1168; x_wconf 84' lang='grc' dir='ltr'>σκιῶν</span> <span class='ocrx_word' id='word_1_161' title='bbox 3331 1113 3439 1168; x_wconf 90' lang='grc' dir='ltr'>τῶν</span> <span class='ocrx_word' id='word_1_162' title='bbox 3485 1112 3784 1184; x_wconf 80' lang='grc' dir='ltr'>μαθητῶν,</span> 
     </span>
    </p>
   </div>
   <div class='ocr_carea' id='block_1_24' title="bbox 2183 1202 3782 1281">
    <p class='ocr_par' dir='ltr' id='par_1_24' title="bbox 2183 1202 3782 1281">
     <span class='ocr_line' id='line_1_24' title="bbox 2183 1202 3782 1281; baseline -0.004 -18"><span class='ocrx_word' id='word_1_163' title='bbox 2183 1211 2388 1281; x_wconf 85' lang='grc' dir='ltr'>σημεῖὰ</span> <span class='ocrx_word' id='word_1_164' title='bbox 2427 1213 2544 1263; x_wconf 86' lang='grc' dir='ltr'>ἐστι</span> <span class='ocrx_word' id='word_1_165' title='bbox 2609 1209 2834 1281; x_wconf 81' lang='grc' dir='ltr'>μείζονα</span> <span class='ocrx_word' id='word_1_166' title='bbox 2897 1202 2972 1262; x_wconf 85' lang='grc' dir='ltr'>ὧν</span> <span class='ocrx_word' id='word_1_167' title='bbox 3007 1210 3036 1260; x_wconf 89' lang='grc' dir='ltr'>ὁ</span> <span class='ocrx_word' id='word_1_168' title='bbox 3083 1206 3290 1277; x_wconf 83' lang='grc' dir='ltr'>Ἰησοῦς</span> <span class='ocrx_word' id='word_1_169' title='bbox 3353 1206 3608 1273; x_wconf 81' lang='grc' dir='ltr'>ἐποίησε·</span> <span class='ocrx_word' id='word_1_170' title='bbox 3671 1206 3782 1257; x_wconf 70' lang='grc' dir='ltr'>καὶ</span> 
     </span>
    </p>
   </div>
   <div class='ocr_carea' id='block_1_25' title="bbox 2178 1294 3782 1373">
    <p class='ocr_par' dir='ltr' id='par_1_25' title="bbox 2178 1294 3782 1373">
     <span class='ocr_line' id='line_1_25' title="bbox 2178 1294 3782 1373; baseline -0.004 -19"><span class='ocrx_word' id='word_1_171' title='bbox 2178 1302 2488 1373; x_wconf 80' lang='grc' dir='ltr'>πληροῦται</span> <span class='ocrx_word' id='word_1_172' title='bbox 2521 1302 2615 1354; x_wconf 72' lang='grc' dir='ltr'>καὶ</span> <span class='ocrx_word' id='word_1_173' title='bbox 2647 1303 2706 1353; x_wconf 84' lang='grc' dir='ltr'>ὲν</span> <span class='ocrx_word' id='word_1_174' title='bbox 2730 1300 2942 1362; x_wconf 80' lang='grc' dir='ltr'>τούτοις</span> <span class='ocrx_word' id='word_1_175' title='bbox 2965 1302 2993 1352; x_wconf 86' lang='grc' dir='ltr'>ὁ</span> <span class='ocrx_word' id='word_1_176' title='bbox 3020 1298 3179 1366; x_wconf 80' lang='grc' dir='ltr'>λόγος</span> <span class='ocrx_word' id='word_1_177' title='bbox 3201 1297 3260 1349; x_wconf 85' lang='grc' dir='ltr'>ὃν</span> <span class='ocrx_word' id='word_1_178' title='bbox 3283 1294 3437 1349; x_wconf 76' lang='grc' dir='ltr'>εἶπεν</span> <span class='ocrx_word' id='word_1_179' title='bbox 3462 1298 3490 1348; x_wconf 86' lang='grc' dir='ltr'><strong>ὁ</strong></span> <span class='ocrx_word' id='word_1_180' title='bbox 3532 1295 3782 1366; x_wconf 80' lang='grc' dir='ltr'>Ἰησοῦς,</span> 
     </span>
    </p>
   </div>
   <div class='ocr_carea' id='block_1_26' title="bbox 2182 1385 3820 1460">
    <p class='ocr_par' dir='ltr' id='par_1_26' title="bbox 2182 1385 3820 1460">
     <span class='ocr_line' id='line_1_26' title="bbox 2182 1385 3820 1460; baseline -0.006 -12"><span class='ocrx_word' id='word_1_181' title='bbox 2182 1395 2313 1448; x_wconf 82' lang='grc' dir='ltr'>Ὀτι</span> <span class='ocrx_word' id='word_1_182' title='bbox 2337 1397 2369 1447; x_wconf 83' lang='lat' dir='ltr'>d</span> <span class='ocrx_word' id='word_1_183' title='bbox 2403 1395 2706 1447; x_wconf 83' lang='grc' dir='ltr'>πιστεύων</span> <span class='ocrx_word' id='word_1_184' title='bbox 2736 1395 2824 1458; x_wconf 80' lang='grc' dir='ltr'>εις</span> <span class='ocrx_word' id='word_1_185' title='bbox 2858 1390 2965 1459; x_wconf 78' lang='grc' dir='ltr'>ἐμὲ</span> <span class='ocrx_word' id='word_1_186' title='bbox 2987 1389 3232 1460; x_wconf 82' lang='grc' dir='ltr'>μείζονα</span> <span class='ocrx_word' id='word_1_187' title='bbox 3265 1387 3487 1458; x_wconf 79' lang='grc' dir='ltr'>σημεῖα</span> <span class='ocrx_word' id='word_1_188' title='bbox 3527 1385 3820 1453; x_wconf 79' lang='grc' dir='ltr'>ποιήσει·</span> 
     </span>
    </p>
   </div>
   <div class='ocr_carea' id='block_1_27' title="bbox 2180 1478 3789 1555">
    <p class='ocr_par' dir='ltr' id='par_1_27' title="bbox 2180 1478 3789 1555">
     <span class='ocr_line' id='line_1_27' title="bbox 2180 1478 3789 1555; baseline -0.006 -15"><span class='ocrx_word' id='word_1_189' title='bbox 2180 1480 2268 1540; x_wconf 80' lang='grc' dir='ltr'>ὧν</span> <span class='ocrx_word' id='word_1_190' title='bbox 2294 1486 2410 1555; x_wconf 75' lang='grc' dir='ltr'>ἐγὼ</span> <span class='ocrx_word' id='word_1_191' title='bbox 2433 1484 2603 1539; x_wconf 81' lang='grc' dir='ltr'>ποιῶ.</span> <span class='ocrx_word' id='word_1_192' title='bbox 2622 1515 2693 1524; x_wconf 95' lang='lat'><strong>-</strong></span> <span class='ocrx_word' id='word_1_193' title='bbox 2722 1483 3020 1552; x_wconf 83' lang='grc' dir='ltr'>Σουδάρια</span> <span class='ocrx_word' id='word_1_194' title='bbox 3048 1482 3149 1537; x_wconf 79' lang='grc' dir='ltr'>καὶ</span> <span class='ocrx_word' id='word_1_195' title='bbox 3177 1481 3550 1550; x_wconf 78' lang='grc' dir='ltr'>σημικίνθια,</span> <span class='ocrx_word' id='word_1_196' title='bbox 3594 1478 3789 1550; x_wconf 80' lang='grc' dir='ltr'>ἀμφό·</span> 
     </span>
    </p>
   </div>
   <div class='ocr_carea' id='block_1_28' title="bbox 2183 1571 3792 1648">
    <p class='ocr_par' dir='ltr' id='par_1_28' title="bbox 2183 1571 3792 1648">
     <span class='ocr_line' id='line_1_28' title="bbox 2183 1571 3792 1648; baseline -0.005 -17"><span class='ocrx_word' id='word_1_197' title='bbox 2183 1595 2320 1648; x_wconf 88' lang='grc' dir='ltr'>τερα</span> <span class='ocrx_word' id='word_1_198' title='bbox 2349 1576 2555 1645; x_wconf 80' lang='grc' dir='ltr'>νομίζω</span> <span class='ocrx_word' id='word_1_199' title='bbox 2586 1576 2820 1644; x_wconf 73' lang='grc' dir='ltr'>λινοειδῆ</span> <span class='ocrx_word' id='word_1_200' title='bbox 2858 1573 2998 1630; x_wconf 79' lang='grc' dir='ltr'>εἶναι</span> <span class='ocrx_word' id='word_1_201' title='bbox 3025 1590 3048 1621; x_wconf 87' lang='grc'>·.</span> <span class='ocrx_word' id='word_1_202' title='bbox 3083 1573 3230 1644; x_wconf 82' lang='grc' dir='ltr'>πλὴν</span> <span class='ocrx_word' id='word_1_203' title='bbox 3267 1573 3335 1626; x_wconf 88' lang='grc' dir='ltr'>τά</span> <span class='ocrx_word' id='word_1_204' title='bbox 3384 1572 3484 1642; x_wconf 88' lang='grc' dir='ltr'>μὲν</span> <span class='ocrx_word' id='word_1_205' title='bbox 3517 1571 3792 1642; x_wconf 79' lang='grc' dir='ltr'>σουδάρια</span> 
     </span>
    </p>
   </div>
   <div class='ocr_carea' id='block_1_29' title="bbox 2185 1662 3791 1738">
    <p class='ocr_par' dir='ltr' id='par_1_29' title="bbox 2185 1662 3791 1738">
     <span class='ocr_line' id='line_1_29' title="bbox 2185 1662 3791 1738; baseline -0.003 -18"><span class='ocrx_word' id='word_1_206' title='bbox 2185 1669 2278 1722; x_wconf 75' lang='grc' dir='ltr'>ἐπὶ</span> <span class='ocrx_word' id='word_1_207' title='bbox 2308 1670 2406 1737; x_wconf 87' lang='grc' dir='ltr'>τῆς</span> <span class='ocrx_word' id='word_1_208' title='bbox 2441 1667 2686 1738; x_wconf 78' lang='grc' dir='ltr'>κεφαλῆς</span> <span class='ocrx_word' id='word_1_209' title='bbox 2737 1665 3117 1730; x_wconf 76' lang='grc' dir='ltr'>ἐπιϐάλλεται,</span> <span class='ocrx_word' id='word_1_210' title='bbox 3149 1664 3219 1718; x_wconf 87' lang='grc' dir='ltr'>τά</span> <span class='ocrx_word' id='word_1_211' title='bbox 3273 1663 3330 1716; x_wconf 84' lang='grc' dir='ltr'>δὲ</span> <span class='ocrx_word' id='word_1_212' title='bbox 3363 1662 3686 1732; x_wconf 87' lang='grc' dir='ltr'>σημικίνθια</span> <span class='ocrx_word' id='word_1_213' title='bbox 3725 1663 3791 1715; x_wconf 87' lang='grc' dir='ltr'>ἐν</span> 
     </span>
    </p>
   </div>
   <div class='ocr_carea' id='block_1_30' title="bbox 498 1747 2096 1835">
    <p class='ocr_par' dir='ltr' id='par_1_30' title="bbox 498 1758 2080 1835">
     <span class='ocr_line' id='line_1_30' title="bbox 498 1758 2080 1835; baseline -0.007 -17"><span class='ocrx_word' id='word_1_214' title='bbox 498 1765 695 1835; x_wconf 90' lang='lat' dir='ltr'><strong>induti)</strong></span> <span class='ocrx_word' id='word_1_215' title='bbox 741 1774 957 1835; x_wconf 77' lang='lat' dir='ltr'><strong>gestare</strong></span> <span class='ocrx_word' id='word_1_216' title='bbox 1014 1777 1120 1817; x_wconf 91' lang='lat' dir='ltr'>non</span> <span class='ocrx_word' id='word_1_217' title='bbox 1171 1770 1397 1832; x_wconf 83' lang='lat' dir='ltr'><strong>possunt</strong></span> <span class='ocrx_word' id='word_1_218' title='bbox 1449 1759 1651 1823; x_wconf 86' lang='lat' dir='ltr'><strong>oraria,</strong></span> <span class='ocrx_word' id='word_1_219' title='bbox 1704 1758 1752 1812; x_wconf 91' lang='lat' dir='ltr'>id</span> <span class='ocrx_word' id='word_1_220' title='bbox 1794 1767 1896 1822; x_wconf 89' lang='lat' dir='ltr'><strong>est,</strong></span> <span class='ocrx_word' id='word_1_221' title='bbox 1929 1771 2080 1825; x_wconf 75' lang='lat' dir='ltr'><strong>qua:-</strong></span> 
     </span>
    </p>
   </div>
   <div class='ocr_carea' id='block_1_31' title="bbox 2204 1747 3784 1835">
    <p class='ocr_par' dir='ltr' id='par_1_31' title="bbox 2204 1749 3784 1830">
     <span class='ocr_line' id='line_1_31' title="bbox 2204 1749 3784 1830; baseline -0.004 -20"><span class='ocrx_word' id='word_1_222' title='bbox 2204 1761 2305 1823; x_wconf 74' lang='grc' dir='ltr'>ταῖς</span> <span class='ocrx_word' id='word_1_223' title='bbox 2342 1759 2499 1830; x_wconf 71' lang='grc' dir='ltr'>χερσὶ</span> <span class='ocrx_word' id='word_1_224' title='bbox 2537 1756 2866 1827; x_wconf 83' lang='grc' dir='ltr'>κατέχουσιν</span> <span class='ocrx_word' id='word_1_225' title='bbox 2893 1767 2941 1820; x_wconf 76' lang='grc' dir='ltr'>ε,</span> <span class='ocrx_word' id='word_1_226' title='bbox 2990 1755 3039 1808; x_wconf 92' lang='grc' dir='ltr'>οί</span> <span class='ocrx_word' id='word_1_227' title='bbox 3093 1753 3170 1826; x_wconf 84' lang='grc' dir='ltr'>μὴ</span> <span class='ocrx_word' id='word_1_228' title='bbox 3194 1753 3485 1824; x_wconf 81' lang='grc' dir='ltr'>δυνάμενοι</span> <span class='ocrx_word' id='word_1_229' title='bbox 3515 1752 3720 1822; x_wconf 83' lang='grc' dir='ltr'>ὸράρια</span> <span class='ocrx_word' id='word_1_230' title='bbox 3753 1749 3784 1790; x_wconf 68' lang='grc' dir='ltr'>ἆ</span> 
     </span>
    </p>
   </div>
   <div class='ocr_carea' id='block_1_32' title="bbox 498 1850 2085 1927">
    <p class='ocr_par' dir='ltr' id='par_1_32' title="bbox 498 1850 2085 1927">
     <span class='ocr_line' id='line_1_32' title="bbox 498 1850 2085 1927; baseline -0.006 -16"><span class='ocrx_word' id='word_1_231' title='bbox 498 1873 714 1927; x_wconf 90' lang='lat' dir='ltr'><strong>cunque</strong></span> <span class='ocrx_word' id='word_1_232' title='bbox 742 1857 1045 1911; x_wconf 89' lang='lat' dir='ltr'><strong>inserviunt</strong></span> <span class='ocrx_word' id='word_1_233' title='bbox 1069 1854 1413 1924; x_wconf 88' lang='lat' dir='ltr'><strong>detergendis</strong></span> <span class='ocrx_word' id='word_1_234' title='bbox 1439 1853 1617 1907; x_wconf 82' lang='lat' dir='ltr'><strong>vultus</strong></span> <span class='ocrx_word' id='word_1_235' title='bbox 1651 1850 1991 1913; x_wconf 87' lang='lat' dir='ltr'><strong>humoribus,</strong></span> <span class='ocrx_word' id='word_1_236' title='bbox 2025 1858 2085 1902; x_wconf 89' lang='lat' dir='ltr'>ut</span> 
     </span>
    </p>
   </div>
   <div class='ocr_carea' id='block_1_33' title="bbox 502 1943 1872 2020">
    <p class='ocr_par' dir='ltr' id='par_1_33' title="bbox 502 1943 1872 2020">
     <span class='ocr_line' id='line_1_33' title="bbox 502 1943 1872 2020; baseline -0.005 -18"><span class='ocrx_word' id='word_1_237' title='bbox 502 1959 652 2020; x_wconf 89' lang='lat' dir='ltr'><strong>puta,</strong></span> <span class='ocrx_word' id='word_1_238' title='bbox 697 1950 903 2015; x_wconf 87' lang='lat' dir='ltr'><strong>sudori,</strong></span> <span class='ocrx_word' id='word_1_239' title='bbox 945 1948 1151 2015; x_wconf 69' lang='lat' dir='ltr'><strong>salivae,</strong></span> <span class='ocrx_word' id='word_1_240' title='bbox 1185 1945 1460 2015; x_wconf 83' lang='lat' dir='ltr'><strong>lacryniis,</strong></span> <span class='ocrx_word' id='word_1_241' title='bbox 1492 1955 1548 1999; x_wconf 87' lang='lat' dir='ltr'>et</span> <span class='ocrx_word' id='word_1_242' title='bbox 1583 1943 1872 1997; x_wconf 85' lang='lat' dir='ltr'><strong>similibus.</strong></span> 
     </span>
    </p>
   </div>
   <div class='ocr_carea' id='block_1_34' title="bbox 575 2203 2090 2274">
    <p class='ocr_par' dir='ltr' id='par_1_34' title="bbox 575 2203 2090 2274">
     <span class='ocr_line' id='line_1_34' title="bbox 575 2203 2090 2274; baseline -0.002 -12"><span class='ocrx_word' id='word_1_243' title='bbox 575 2208 742 2262; x_wconf 73' lang='lat' dir='ltr'><strong>Vens.</strong></span> <span class='ocrx_word' id='word_1_244' title='bbox 790 2207 876 2264; x_wconf 77' lang='grc'>15.</span> <span class='ocrx_word' id='word_1_245' title='bbox 919 2225 937 2258; x_wconf 83' lang='grc' dir='ltr'>ι</span> <span class='ocrx_word' id='word_1_246' title='bbox 996 2205 1369 2260; x_wconf 85' lang='lat' dir='ltr'><strong>Tentaverunt</strong></span> <span class='ocrx_word' id='word_1_247' title='bbox 1421 2214 1600 2258; x_wconf 87' lang='lat' dir='ltr'><strong>autem</strong></span> <span class='ocrx_word' id='word_1_248' title='bbox 1651 2205 1870 2274; x_wconf 90' lang='lat' dir='ltr'><strong>quidam</strong></span> <span class='ocrx_word' id='word_1_249' title='bbox 1925 2203 2090 2260; x_wconf 88' lang='lat' dir='ltr'><strong>etde</strong></span> 
     </span>
    </p>
   </div>
   <div class='ocr_carea' id='block_1_35' title="bbox 506 2297 2090 2366">
    <p class='ocr_par' dir='ltr' id='par_1_35' title="bbox 506 2297 2090 2366">
     <span class='ocr_line' id='line_1_35' title="bbox 506 2297 2090 2366; baseline -0.004 -9"><span class='ocrx_word' id='word_1_250' title='bbox 506 2301 974 2357; x_wconf 87' lang='lat' dir='ltr'><strong>circumeuntibus</strong></span> <span class='ocrx_word' id='word_1_251' title='bbox 1023 2297 1229 2353; x_wconf 73' lang='lat' dir='ltr'><strong>Iudaeis</strong></span> <span class='ocrx_word' id='word_1_252' title='bbox 1273 2298 1589 2361; x_wconf 68' lang='lat' dir='ltr'><strong>exorcistis,</strong></span> <span class='ocrx_word' id='word_1_253' title='bbox 1629 2299 1884 2352; x_wconf 82' lang='lat' dir='ltr'><strong>invocare</strong></span> <span class='ocrx_word' id='word_1_254' title='bbox 1927 2312 2090 2366; x_wconf 87' lang='lat' dir='ltr'><strong>super</strong></span> 
     </span>
    </p>
   </div>
   <div class='ocr_carea' id='block_1_36' title="bbox 503 2388 2085 2463">
    <p class='ocr_par' dir='ltr' id='par_1_36' title="bbox 503 2388 2085 2463">
     <span class='ocr_line' id='line_1_36' title="bbox 503 2388 2085 2463; baseline -0.003 -15"><span class='ocrx_word' id='word_1_255' title='bbox 503 2395 703 2463; x_wconf 88' lang='lat' dir='ltr'><strong>eosqui</strong></span> <span class='ocrx_word' id='word_1_256' title='bbox 726 2393 994 2447; x_wconf 83' lang='lat' dir='ltr'><strong>habebant</strong></span> <span class='ocrx_word' id='word_1_257' title='bbox 1014 2393 1236 2462; x_wconf 83' lang='lat' dir='ltr'><strong>spiritus</strong></span> <span class='ocrx_word' id='word_1_258' title='bbox 1259 2391 1448 2456; x_wconf 91' lang='lat' dir='ltr'><strong>malos,</strong></span> <span class='ocrx_word' id='word_1_259' title='bbox 1474 2405 1667 2444; x_wconf 89' lang='lat' dir='ltr'><strong>nomen</strong></span> <span class='ocrx_word' id='word_1_260' title='bbox 1696 2389 1907 2445; x_wconf 88' lang='lat' dir='ltr'><strong>Domini</strong></span> <span class='ocrx_word' id='word_1_261' title='bbox 1924 2388 2085 2455; x_wconf 84' lang='lat' dir='ltr'><strong>Jesu,</strong></span> 
     </span>
    </p>
   </div>
   <div class='ocr_carea' id='block_1_37' title="bbox 505 2481 2092 2552">
    <p class='ocr_par' dir='ltr' id='par_1_37' title="bbox 505 2481 2092 2552">
     <span class='ocr_line' id='line_1_37' title="bbox 505 2481 2092 2552; baseline -0.001 -13"><span class='ocrx_word' id='word_1_262' title='bbox 505 2486 787 2540; x_wconf 87' lang='lat' dir='ltr'><strong>dicentes:</strong></span> <span class='ocrx_word' id='word_1_263' title='bbox 819 2483 1023 2551; x_wconf 83' lang='lat' dir='ltr'><strong>Adjuro</strong></span> <span class='ocrx_word' id='word_1_264' title='bbox 1057 2499 1152 2538; x_wconf 86' lang='lat' dir='ltr'>vos</span> <span class='ocrx_word' id='word_1_265' title='bbox 1185 2498 1278 2552; x_wconf 87' lang='lat' dir='ltr'>per</span> <span class='ocrx_word' id='word_1_266' title='bbox 1309 2481 1496 2536; x_wconf 78' lang='lat' dir='ltr'><strong>Jesum</strong></span> <span class='ocrx_word' id='word_1_267' title='bbox 1527 2497 1687 2551; x_wconf 82' lang='lat' dir='ltr'><strong>quem</strong></span> <span class='ocrx_word' id='word_1_268' title='bbox 1729 2482 1928 2538; x_wconf 82' lang='lat' dir='ltr'><strong>Paulus</strong></span> <span class='ocrx_word' id='word_1_269' title='bbox 1952 2497 2092 2552; x_wconf 70' lang='lat' dir='ltr'><strong>pra:-</strong></span> 
     </span>
    </p>
   </div>
   <div class='ocr_carea' id='block_1_38' title="bbox 505 2576 734 2629">
    <p class='ocr_par' dir='ltr' id='par_1_38' title="bbox 505 2576 734 2629">
     <span class='ocr_line' id='line_1_38' title="bbox 505 2576 734 2629; baseline -0.009 0"><span class='ocrx_word' id='word_1_270' title='bbox 505 2576 671 2629; x_wconf 89' lang='lat' dir='ltr'><strong>dicat.</strong></span> <span class='ocrx_word' id='word_1_271' title='bbox 715 2593 734 2627; x_wconf 75' lang='grc' dir='ltr'>ι</span> 
     </span>
    </p>
   </div>
   <div class='ocr_carea' id='block_1_39' title="bbox 579 2666 2092 2740">
    <p class='ocr_par' dir='ltr' id='par_1_39' title="bbox 579 2666 2092 2740">
     <span class='ocr_line' id='line_1_39' title="bbox 579 2666 2092 2740; baseline 0.003 -21"><span class='ocrx_word' id='word_1_272' title='bbox 579 2666 929 2722; x_wconf 80' lang='lat' dir='ltr'><strong>Tentaverunt</strong></span> <span class='ocrx_word' id='word_1_273' title='bbox 952 2667 1166 2735; x_wconf 85' lang='lat' dir='ltr'><strong>quidam</strong></span> <span class='ocrx_word' id='word_1_274' title='bbox 1191 2682 1209 2720; x_wconf 93' lang='lat'><strong><em>:</em></strong></span> <span class='ocrx_word' id='word_1_275' title='bbox 1243 2667 1343 2722; x_wconf 88' lang='lat' dir='ltr'>hoc</span> <span class='ocrx_word' id='word_1_276' title='bbox 1363 2669 1531 2722; x_wconf 85' lang='lat' dir='ltr'><strong>verbo</strong></span> <span class='ocrx_word' id='word_1_277' title='bbox 1552 2677 1769 2724; x_wconf 89' lang='lat' dir='ltr'><strong>constat</strong></span> <span class='ocrx_word' id='word_1_278' title='bbox 1799 2683 1905 2724; x_wconf 92' lang='lat' dir='ltr'>non</span> <span class='ocrx_word' id='word_1_279' title='bbox 1933 2669 2092 2740; x_wconf 87' lang='lat' dir='ltr'><strong>quasi</strong></span> 
     </span>
    </p>
   </div>
   <div class='ocr_carea' id='block_1_40' title="bbox 510 2754 2096 2816">
    <p class='ocr_par' dir='ltr' id='par_1_40' title="bbox 510 2754 2096 2816">
     <span class='ocr_line' id='line_1_40' title="bbox 510 2754 2096 2816; baseline 0.005 -8"><span class='ocrx_word' id='word_1_280' title='bbox 510 2754 786 2810; x_wconf 70' lang='lat' dir='ltr'><strong>inlesum</strong></span> <span class='ocrx_word' id='word_1_281' title='bbox 841 2759 1129 2812; x_wconf 89' lang='lat' dir='ltr'><strong>credentes</strong></span> <span class='ocrx_word' id='word_1_282' title='bbox 1179 2756 1392 2814; x_wconf 65' lang='lat' dir='ltr'><strong>Judieos</strong></span> <span class='ocrx_word' id='word_1_283' title='bbox 1439 2759 1748 2814; x_wconf 83' lang='lat' dir='ltr'><strong>exorcistas</strong></span> <span class='ocrx_word' id='word_1_284' title='bbox 1787 2761 2096 2816; x_wconf 88' lang='lat' dir='ltr'><strong>immundos</strong></span> 
     </span>
    </p>
   </div>
   <div class='ocr_carea' id='block_1_41' title="bbox 510 2850 2099 2915">
    <p class='ocr_par' dir='ltr' id='par_1_41' title="bbox 510 2850 2099 2915">
     <span class='ocr_line' id='line_1_41' title="bbox 510 2850 2099 2915; baseline 0.004 -13"><span class='ocrx_word' id='word_1_285' title='bbox 510 2851 734 2915; x_wconf 84' lang='lat' dir='ltr'><strong>spiritus</strong></span> <span class='ocrx_word' id='word_1_286' title='bbox 771 2851 822 2902; x_wconf 92' lang='lat' dir='ltr'>in</span> <span class='ocrx_word' id='word_1_287' title='bbox 859 2850 1081 2904; x_wconf 87' lang='lat' dir='ltr'><strong>nomine</strong></span> <span class='ocrx_word' id='word_1_288' title='bbox 1113 2850 1326 2906; x_wconf 91' lang='lat' dir='ltr'><strong>Domini</strong></span> <span class='ocrx_word' id='word_1_289' title='bbox 1354 2853 1527 2907; x_wconf 89' lang='lat' dir='ltr'><strong>nostri</strong></span> <span class='ocrx_word' id='word_1_290' title='bbox 1555 2850 1684 2907; x_wconf 80' lang='lat' dir='ltr'><strong>Jesu</strong></span> <span class='ocrx_word' id='word_1_291' title='bbox 1711 2853 1910 2909; x_wconf 87' lang='lat' dir='ltr'><strong>Christi</strong></span> <span class='ocrx_word' id='word_1_292' title='bbox 1940 2870 2099 2910; x_wconf 80' lang='lat' dir='ltr'><strong>exor-</strong></span> 
     </span>
    </p>
   </div>
   <div class='ocr_carea' id='block_1_42' title="bbox 511 2940 2096 3013">
    <p class='ocr_par' dir='ltr' id='par_1_42' title="bbox 511 2940 2096 3013">
     <span class='ocr_line' id='line_1_42' title="bbox 511 2940 2096 3013; baseline 0.004 -20"><span class='ocrx_word' id='word_1_293' title='bbox 511 2940 798 3007; x_wconf 71' lang='lat' dir='ltr'><strong>ciuvisse;</strong></span> <span class='ocrx_word' id='word_1_294' title='bbox 822 2942 914 2996; x_wconf 89' lang='lat' dir='ltr'>sed</span> <span class='ocrx_word' id='word_1_295' title='bbox 946 2943 1100 3010; x_wconf 90' lang='lat' dir='ltr'><strong>quasi</strong></span> <span class='ocrx_word' id='word_1_296' title='bbox 1121 2951 1413 3008; x_wconf 82' lang='lat' dir='ltr'><strong>tentantes,</strong></span> <span class='ocrx_word' id='word_1_297' title='bbox 1439 2943 1677 3013; x_wconf 85' lang='lat' dir='ltr'><strong>duplices</strong></span> <span class='ocrx_word' id='word_1_298' title='bbox 1703 2946 1907 3008; x_wconf 84' lang='lat' dir='ltr'><strong>animo,</strong></span> <span class='ocrx_word' id='word_1_299' title='bbox 1937 2946 2096 3000; x_wconf 85' lang='lat' dir='ltr'><strong>deor-</strong></span> 
     </span>
    </p>
   </div>
   <div class='ocr_carea' id='block_1_43' title="bbox 513 3031 2094 3102">
    <p class='ocr_par' dir='ltr' id='par_1_43' title="bbox 513 3031 2094 3102">
     <span class='ocr_line' id='line_1_43' title="bbox 513 3031 2094 3102; baseline 0.002 -18"><span class='ocrx_word' id='word_1_300' title='bbox 513 3031 762 3098; x_wconf 81' lang='lat' dir='ltr'><strong>dinatos;</strong></span> <span class='ocrx_word' id='word_1_301' title='bbox 814 3031 1022 3100; x_wconf 88' lang='lat' dir='ltr'><strong>itaque,</strong></span> <span class='ocrx_word' id='word_1_302' title='bbox 1083 3034 1223 3087; x_wconf 87' lang='lat' dir='ltr'><strong>sicut</strong></span> <span class='ocrx_word' id='word_1_303' title='bbox 1272 3043 1504 3088; x_wconf 88' lang='lat' dir='ltr'><strong>testatus</strong></span> <span class='ocrx_word' id='word_1_304' title='bbox 1558 3043 1645 3088; x_wconf 92' lang='lat' dir='ltr'>est</span> <span class='ocrx_word' id='word_1_305' title='bbox 1705 3034 1929 3102; x_wconf 88' lang='lat' dir='ltr'><strong>spiritus</strong></span> <span class='ocrx_word' id='word_1_306' title='bbox 1989 3036 2094 3087; x_wconf 85' lang='lat' dir='ltr'><strong>im-</strong></span> 
     </span>
    </p>
   </div>
   <div class='ocr_carea' id='block_1_44' title="bbox 2189 1843 3786 1921">
    <p class='ocr_par' dir='ltr' id='par_1_44' title="bbox 2189 1843 3786 1921">
     <span class='ocr_line' id='line_1_44' title="bbox 2189 1843 3786 1921; baseline -0.004 -18"><span class='ocrx_word' id='word_1_307' title='bbox 2189 1850 2417 1921; x_wconf 81' lang='grc' dir='ltr'>φορέσαι</span> <span class='ocrx_word' id='word_1_308' title='bbox 2462 1843 2596 1918; x_wconf 77' lang='grc' dir='ltr'>(οἷόν</span> <span class='ocrx_word' id='word_1_309' title='bbox 2627 1859 2649 1887; x_wconf 72' lang='grc' dir='ltr'>ε</span> <span class='ocrx_word' id='word_1_310' title='bbox 2682 1849 2821 1900; x_wconf 87' lang='grc' dir='ltr'>είσιν</span> <span class='ocrx_word' id='word_1_311' title='bbox 2868 1848 2918 1900; x_wconf 89' lang='grc' dir='ltr'>οἱ</span> <span class='ocrx_word' id='word_1_312' title='bbox 2949 1845 3249 1917; x_wconf 80' lang='grc' dir='ltr'>φοροῦντες</span> <span class='ocrx_word' id='word_1_313' title='bbox 3301 1843 3401 1908; x_wconf 83' lang='grc' dir='ltr'>τὰς</span> <span class='ocrx_word' id='word_1_314' title='bbox 3442 1843 3461 1882; x_wconf 70' lang='grc' dir='ltr'>ί</span> <span class='ocrx_word' id='word_1_315' title='bbox 3497 1843 3786 1904; x_wconf 80' lang='grc' dir='ltr'>ὑπατικὰς</span> 
     </span>
    </p>
   </div>
   <div class='ocr_carea' id='block_1_45' title="bbox 2190 1933 3794 2012">
    <p class='ocr_par' dir='ltr' id='par_1_45' title="bbox 2190 1933 3794 2012">
     <span class='ocr_line' id='line_1_45' title="bbox 2190 1933 3794 2012; baseline -0.007 -16"><span class='ocrx_word' id='word_1_316' title='bbox 2190 1943 2428 2007; x_wconf 75' lang='grc' dir='ltr'>στολὰς),</span> <span class='ocrx_word' id='word_1_317' title='bbox 2457 1942 2626 2012; x_wconf 70' lang='grc' dir='ltr'>ἤγουν</span> <span class='ocrx_word' id='word_1_318' title='bbox 2646 1933 2735 1993; x_wconf 77' lang='grc' dir='ltr'>οἷα</span> <span class='ocrx_word' id='word_1_319' title='bbox 2779 1938 2916 2010; x_wconf 78' lang='grc' dir='ltr'>πρὸς</span> <span class='ocrx_word' id='word_1_320' title='bbox 2942 1938 3002 1991; x_wconf 84' lang='grc' dir='ltr'>τὺ</span> <span class='ocrx_word' id='word_1_321' title='bbox 3039 1935 3462 2008; x_wconf 82' lang='grc' dir='ltr'>ἀπομάττεσθαι</span> <span class='ocrx_word' id='word_1_322' title='bbox 3491 1935 3589 1998; x_wconf 81' lang='grc' dir='ltr'>τὰς</span> <span class='ocrx_word' id='word_1_323' title='bbox 3620 1933 3794 2004; x_wconf 81' lang='grc' dir='ltr'>ὑγρό-</span> 
     </span>
    </p>
   </div>
   <div class='ocr_carea' id='block_1_46' title="bbox 2188 2022 3791 2104">
    <p class='ocr_par' dir='ltr' id='par_1_46' title="bbox 2188 2022 3791 2104">
     <span class='ocr_line' id='line_1_46' title="bbox 2188 2022 3791 2104; baseline -0.006 -18"><span class='ocrx_word' id='word_1_324' title='bbox 2188 2047 2361 2104; x_wconf 86' lang='grc' dir='ltr'>τητας</span> <span class='ocrx_word' id='word_1_325' title='bbox 2411 2031 2505 2083; x_wconf 87' lang='grc' dir='ltr'>τοῦ</span> <span class='ocrx_word' id='word_1_326' title='bbox 2571 2028 2891 2099; x_wconf 83' lang='grc' dir='ltr'>προσώπου,</span> <span class='ocrx_word' id='word_1_327' title='bbox 2925 2022 3057 2094; x_wconf 76' lang='grc' dir='ltr'>οἷον,</span> <span class='ocrx_word' id='word_1_328' title='bbox 3105 2026 3363 2100; x_wconf 75' lang='grc' dir='ltr'>ἱδρῶτας,</span> <span class='ocrx_word' id='word_1_329' title='bbox 3408 2023 3659 2090; x_wconf 81' lang='grc' dir='ltr'>πτύελον,</span> <span class='ocrx_word' id='word_1_330' title='bbox 3687 2023 3791 2077; x_wconf 81' lang='grc' dir='ltr'>δά-</span> 
     </span>
    </p>
   </div>
   <div class='ocr_carea' id='block_1_47' title="bbox 2193 2120 2844 2194">
    <p class='ocr_par' dir='ltr' id='par_1_47' title="bbox 2193 2120 2844 2194">
     <span class='ocr_line' id='line_1_47' title="bbox 2193 2120 2844 2194; baseline -0.003 -17"><span class='ocrx_word' id='word_1_331' title='bbox 2193 2140 2382 2194; x_wconf 83' lang='grc' dir='ltr'>κρυον,</span> <span class='ocrx_word' id='word_1_332' title='bbox 2420 2123 2517 2174; x_wconf 81' lang='grc' dir='ltr'>καὶ</span> <span class='ocrx_word' id='word_1_333' title='bbox 2565 2120 2633 2173; x_wconf 72' lang='grc' dir='ltr'>τὰ</span> <span class='ocrx_word' id='word_1_334' title='bbox 2661 2121 2844 2190; x_wconf 81' lang='grc' dir='ltr'>ὅμοια.</span> 
     </span>
    </p>
   </div>
   <div class='ocr_carea' id='block_1_48' title="bbox 2273 2199 3790 2284">
    <p class='ocr_par' dir='ltr' id='par_1_48' title="bbox 2273 2199 3790 2284">
     <span class='ocr_line' id='line_1_48' title="bbox 2273 2199 3790 2284; baseline -0.005 -17"><span class='ocrx_word' id='word_1_335' title='bbox 2273 2235 2292 2267; x_wconf 72' lang='grc' dir='ltr'>ι</span> <span class='ocrx_word' id='word_1_336' title='bbox 2338 2199 2740 2284; x_wconf 78' lang='grc' dir='ltr'>Ἐπεχείρησαν</span> <span class='ocrx_word' id='word_1_337' title='bbox 2773 2211 2828 2264; x_wconf 85' lang='grc' dir='ltr'>δέ</span> <span class='ocrx_word' id='word_1_338' title='bbox 2863 2227 3008 2274; x_wconf 87' lang='grc' dir='ltr'>τινες</span> <span class='ocrx_word' id='word_1_339' title='bbox 3051 2209 3146 2263; x_wconf 71' lang='grc' dir='ltr'>καὶ</span> <span class='ocrx_word' id='word_1_340' title='bbox 3177 2209 3286 2263; x_wconf 93' lang='grc' dir='ltr'>τῶν</span> <span class='ocrx_word' id='word_1_341' title='bbox 3332 2205 3790 2278; x_wconf 81' lang='grc' dir='ltr'>περιερχομένων</span> 
     </span>
    </p>
   </div>
   <div class='ocr_carea' id='block_1_49' title="bbox 2203 2299 3790 2376">
    <p class='ocr_par' dir='ltr' id='par_1_49' title="bbox 2203 2299 3790 2376">
     <span class='ocr_line' id='line_1_49' title="bbox 2203 2299 3790 2376; baseline -0.005 -16"><span class='ocrx_word' id='word_1_342' title='bbox 2203 2306 2481 2360; x_wconf 79' lang='grc' dir='ltr'>Ἰουδαίων</span> <span class='ocrx_word' id='word_1_343' title='bbox 2527 2301 2865 2376; x_wconf 79' lang='grc' dir='ltr'>ἐξορκιστῶν</span> <span class='ocrx_word' id='word_1_344' title='bbox 2896 2300 3244 2371; x_wconf 76' lang='grc' dir='ltr'>ὀνοματίζειν</span> <span class='ocrx_word' id='word_1_345' title='bbox 3280 2300 3374 2354; x_wconf 75' lang='grc' dir='ltr'>ἐπὶ</span> <span class='ocrx_word' id='word_1_346' title='bbox 3399 2301 3525 2363; x_wconf 72' lang='grc' dir='ltr'>τοὺς</span> <span class='ocrx_word' id='word_1_347' title='bbox 3558 2299 3790 2369; x_wconf 77' lang='grc' dir='ltr'>ἔχοντας</span> 
     </span>
    </p>
   </div>
   <div class='ocr_carea' id='block_1_50' title="bbox 2193 2391 3793 2468">
    <p class='ocr_par' dir='ltr' id='par_1_50' title="bbox 2193 2391 3793 2468">
     <span class='ocr_line' id='line_1_50' title="bbox 2193 2391 3793 2468; baseline -0.006 -15"><span class='ocrx_word' id='word_1_348' title='bbox 2193 2400 2264 2453; x_wconf 77' lang='grc' dir='ltr'>τὰ</span> <span class='ocrx_word' id='word_1_349' title='bbox 2288 2398 2580 2468; x_wconf 87' lang='grc' dir='ltr'>πνεύματα</span> <span class='ocrx_word' id='word_1_350' title='bbox 2613 2397 2682 2450; x_wconf 76' lang='grc' dir='ltr'>τὰ</span> <span class='ocrx_word' id='word_1_351' title='bbox 2713 2396 2930 2466; x_wconf 86' lang='grc' dir='ltr'>πονηρά</span> <span class='ocrx_word' id='word_1_352' title='bbox 2961 2394 3022 2446; x_wconf 84' lang='grc' dir='ltr'>τὸ</span> <span class='ocrx_word' id='word_1_353' title='bbox 3059 2394 3231 2464; x_wconf 76' lang='grc' dir='ltr'>ὄνομα</span> <span class='ocrx_word' id='word_1_354' title='bbox 3283 2391 3380 2445; x_wconf 89' lang='grc' dir='ltr'>τοῦ</span> <span class='ocrx_word' id='word_1_355' title='bbox 3426 2393 3639 2461; x_wconf 83' lang='grc' dir='ltr'>Κυρίου</span> <span class='ocrx_word' id='word_1_356' title='bbox 3682 2391 3793 2461; x_wconf 80' lang='grc' dir='ltr'>Ἰη-</span> 
     </span>
    </p>
   </div>
   <div class='ocr_carea' id='block_1_51' title="bbox 2197 2481 3793 2558">
    <p class='ocr_par' dir='ltr' id='par_1_51' title="bbox 2197 2481 3793 2558">
     <span class='ocr_line' id='line_1_51' title="bbox 2197 2481 3793 2558; baseline -0.006 -13"><span class='ocrx_word' id='word_1_357' title='bbox 2197 2491 2317 2558; x_wconf 90' lang='grc' dir='ltr'>σοῦ,</span> <span class='ocrx_word' id='word_1_358' title='bbox 2353 2491 2606 2558; x_wconf 83' lang='grc' dir='ltr'>λέγοντες</span> <span class='ocrx_word' id='word_1_359' title='bbox 2650 2506 2665 2520; x_wconf 88' lang='grc'><strong>·</strong></span> <span class='ocrx_word' id='word_1_360' title='bbox 2705 2486 3094 2558; x_wconf 73' lang='grc' dir='ltr'>Ἐξορκίζομεν</span> <span class='ocrx_word' id='word_1_361' title='bbox 3127 2485 3270 2556; x_wconf 81' lang='grc' dir='ltr'>ὑμᾶς</span> <span class='ocrx_word' id='word_1_362' title='bbox 3299 2484 3390 2537; x_wconf 81' lang='grc' dir='ltr'>τὸν</span> <span class='ocrx_word' id='word_1_363' title='bbox 3437 2481 3670 2554; x_wconf 81' lang='grc' dir='ltr'>Ἰησοῦν,</span> <span class='ocrx_word' id='word_1_364' title='bbox 3728 2481 3793 2536; x_wconf 77' lang='grc' dir='ltr'>ὃν</span> 
     </span>
    </p>
   </div>
   <div class='ocr_carea' id='block_1_52' title="bbox 2130 2580 2786 2653">
    <p class='ocr_par' dir='ltr' id='par_1_52' title="bbox 2130 2580 2786 2653">
     <span class='ocr_line' id='line_1_52' title="bbox 2130 2580 2786 2653; baseline -0.011 -16"><span class='ocrx_word' id='word_1_365' title='bbox 2130 2608 2140 2619; x_wconf 94' lang='grc'><strong>-</strong></span> <span class='ocrx_word' id='word_1_366' title='bbox 2197 2581 2409 2644; x_wconf 85' lang='grc' dir='ltr'>Παῦλος</span> <span class='ocrx_word' id='word_1_367' title='bbox 2440 2580 2729 2653; x_wconf 81' lang='grc' dir='ltr'>κηρύσσει.</span> <span class='ocrx_word' id='word_1_368' title='bbox 2767 2597 2786 2630; x_wconf 70' lang='grc' dir='ltr'>ι</span> 
     </span>
    </p>
   </div>
   <div class='ocr_carea' id='block_1_53' title="bbox 2281 2664 3792 2742">
    <p class='ocr_par' dir='ltr' id='par_1_53' title="bbox 2281 2664 3792 2742">
     <span class='ocr_line' id='line_1_53' title="bbox 2281 2664 3792 2742; baseline -0.007 -15"><span class='ocrx_word' id='word_1_369' title='bbox 2281 2673 2722 2742; x_wconf 77' lang='grc' dir='ltr'>Ἐπεχείρησαν</span> <span class='ocrx_word' id='word_1_370' title='bbox 2750 2669 2818 2723; x_wconf 81' lang='grc' dir='ltr'>δέ</span> <span class='ocrx_word' id='word_1_371' title='bbox 2842 2685 3006 2732; x_wconf 79' lang='grc' dir='ltr'>τινες</span> <span class='ocrx_word' id='word_1_372' title='bbox 3029 2686 3041 2698; x_wconf 86' lang='grc'><strong>·</strong></span> <span class='ocrx_word' id='word_1_373' title='bbox 3064 2664 3205 2736; x_wconf 84' lang='grc' dir='ltr'>αῦτη</span> <span class='ocrx_word' id='word_1_374' title='bbox 3235 2668 3266 2736; x_wconf 87' lang='grc' dir='ltr'><strong>ή</strong></span> <span class='ocrx_word' id='word_1_375' title='bbox 3301 2664 3446 2729; x_wconf 82' lang='grc' dir='ltr'>λέξις</span> <span class='ocrx_word' id='word_1_376' title='bbox 3492 2664 3792 2730; x_wconf 81' lang='grc' dir='ltr'>δείκνυσιν,</span> 
     </span>
    </p>
   </div>
   <div class='ocr_carea' id='block_1_54' title="bbox 2198 2757 3787 2833">
    <p class='ocr_par' dir='ltr' id='par_1_54' title="bbox 2198 2757 3787 2833">
     <span class='ocr_line' id='line_1_54' title="bbox 2198 2757 3787 2833; baseline -0.008 -13"><span class='ocrx_word' id='word_1_377' title='bbox 2198 2767 2280 2821; x_wconf 82' lang='grc' dir='ltr'>ὅτι</span> <span class='ocrx_word' id='word_1_378' title='bbox 2306 2768 2406 2820; x_wconf 74' lang='grc' dir='ltr'>οὐκ</span> <span class='ocrx_word' id='word_1_379' title='bbox 2440 2767 2527 2807; x_wconf 67' lang='grc' dir='ltr'>ε-ῑι</span> <span class='ocrx_word' id='word_1_380' title='bbox 2557 2766 2632 2828; x_wconf 85' lang='grc' dir='ltr'>ὼς</span> <span class='ocrx_word' id='word_1_381' title='bbox 2673 2764 3021 2827; x_wconf 82' lang='grc' dir='ltr'>πιστεύοντες</span> <span class='ocrx_word' id='word_1_382' title='bbox 3041 2760 3311 2833; x_wconf 82' lang='grc' dir='ltr'>τῴΊησοῦ</span> <span class='ocrx_word' id='word_1_383' title='bbox 3333 2761 3382 2812; x_wconf 85' lang='grc' dir='ltr'>οἱ</span> <span class='ocrx_word' id='word_1_384' title='bbox 3419 2757 3787 2829; x_wconf 73' lang='grc' dir='ltr'>ἐπορκισταὶί</span> 
     </span>
    </p>
   </div>
   <div class='ocr_carea' id='block_1_55' title="bbox 2199 2845 3794 2927">
    <p class='ocr_par' dir='ltr' id='par_1_55' title="bbox 2199 2845 3794 2927">
     <span class='ocr_line' id='line_1_55' title="bbox 2199 2845 3794 2927; baseline -0.006 -17"><span class='ocrx_word' id='word_1_385' title='bbox 2199 2857 2492 2927; x_wconf 77' lang='grc' dir='ltr'>ὲπόρκιζον</span> <span class='ocrx_word' id='word_1_386' title='bbox 2516 2855 2529 2905; x_wconf 82' lang='lat' dir='ltr'>i</span> <span class='ocrx_word' id='word_1_387' title='bbox 2560 2855 2628 2908; x_wconf 82' lang='grc' dir='ltr'>τὰ</span> <span class='ocrx_word' id='word_1_388' title='bbox 2651 2854 2940 2926; x_wconf 84' lang='grc' dir='ltr'>ἀκάθαρτα</span> <span class='ocrx_word' id='word_1_389' title='bbox 2973 2853 3263 2923; x_wconf 79' lang='grc' dir='ltr'>πνεύματα</span> <span class='ocrx_word' id='word_1_390' title='bbox 3295 2850 3372 2921; x_wconf 80' lang='grc' dir='ltr'>τῷ</span> <span class='ocrx_word' id='word_1_391' title='bbox 3397 2849 3625 2920; x_wconf 81' lang='grc' dir='ltr'>ὀνόματι</span> <span class='ocrx_word' id='word_1_392' title='bbox 3644 2845 3670 2886; x_wconf 63' lang='grc' dir='ltr'>ι</span> <span class='ocrx_word' id='word_1_393' title='bbox 3696 2847 3794 2901; x_wconf 84' lang='grc' dir='ltr'>τοῦ</span> 
     </span>
    </p>
   </div>
   <div class='ocr_carea' id='block_1_56' title="bbox 2200 2939 3795 3022">
    <p class='ocr_par' dir='ltr' id='par_1_56' title="bbox 2200 2939 3795 3022">
     <span class='ocr_line' id='line_1_56' title="bbox 2200 2939 3795 3022; baseline -0.008 -19"><span class='ocrx_word' id='word_1_394' title='bbox 2200 2951 2414 3022; x_wconf 84' lang='grc' dir='ltr'>Κυρίου</span> <span class='ocrx_word' id='word_1_395' title='bbox 2450 2947 2611 3018; x_wconf 81' lang='grc' dir='ltr'>ἡμῶν</span> <span class='ocrx_word' id='word_1_396' title='bbox 2651 2947 2827 3016; x_wconf 84' lang='grc' dir='ltr'>Ἰησοῦ</span> <span class='ocrx_word' id='word_1_397' title='bbox 2866 2945 3127 3018; x_wconf 84' lang='grc' dir='ltr'>Χριστοῦ,</span> <span class='ocrx_word' id='word_1_398' title='bbox 3156 2943 3370 3005; x_wconf 82' lang='grc' dir='ltr'>ἀλλ’ὡς</span> <span class='ocrx_word' id='word_1_399' title='bbox 3416 2939 3795 3013; x_wconf 77' lang='grc' dir='ltr'>πειράζοντες,</span> 
     </span>
    </p>
   </div>
   <div class='ocr_carea' id='block_1_57' title="bbox 2199 3035 3797 3115">
    <p class='ocr_par' dir='ltr' id='par_1_57' title="bbox 2199 3035 3797 3115">
     <span class='ocr_line' id='line_1_57' title="bbox 2199 3035 3797 3115; baseline -0.006 -17"><span class='ocrx_word' id='word_1_400' title='bbox 2199 3045 2416 3115; x_wconf 71' lang='grc' dir='ltr'>δίψυχοι</span> <span class='ocrx_word' id='word_1_401' title='bbox 2440 3043 2614 3107; x_wconf 68' lang='grc' dir='ltr'>ὄντες,</span> <span class='ocrx_word' id='word_1_402' title='bbox 2636 3041 3009 3095; x_wconf 83' lang='grc' dir='ltr'>ἀκατάστατοι</span> <span class='ocrx_word' id='word_1_403' title='bbox 3032 3059 3044 3071; x_wconf 89' lang='grc'><strong>·</strong></span> <span class='ocrx_word' id='word_1_404' title='bbox 3064 3039 3164 3102; x_wconf 83' lang='grc' dir='ltr'>διὸ,</span> <span class='ocrx_word' id='word_1_405' title='bbox 3191 3041 3266 3101; x_wconf 84' lang='grc' dir='ltr'>ὡς</span> <span class='ocrx_word' id='word_1_406' title='bbox 3288 3038 3380 3090; x_wconf 69' lang='grc' dir='ltr'>καὶ</span> <span class='ocrx_word' id='word_1_407' title='bbox 3403 3037 3461 3090; x_wconf 76' lang='grc' dir='ltr'>τὸ</span> <span class='ocrx_word' id='word_1_408' title='bbox 3494 3035 3716 3107; x_wconf 86' lang='grc' dir='ltr'>πνεῦμα</span> <span class='ocrx_word' id='word_1_409' title='bbox 3735 3035 3797 3089; x_wconf 80' lang='grc' dir='ltr'>τὺ</span> 
     </span>
    </p>
   </div>
   <div class='ocr_carea' id='block_1_58' title="bbox 514 3119 2096 3204">
    <p class='ocr_par' dir='ltr' id='par_1_58' title="bbox 514 3123 2096 3194">
     <span class='ocr_line' id='line_1_58' title="bbox 514 3123 2096 3194; baseline 0.003 -20"><span class='ocrx_word' id='word_1_410' title='bbox 514 3126 766 3188; x_wconf 88' lang='lat' dir='ltr'><strong>mundus,</strong></span> <span class='ocrx_word' id='word_1_411' title='bbox 817 3123 943 3191; x_wconf 88' lang='lat' dir='ltr'><strong>quia</strong></span> <span class='ocrx_word' id='word_1_412' title='bbox 999 3123 1242 3178; x_wconf 76' lang='lat' dir='ltr'><strong>infideles</strong></span> <span class='ocrx_word' id='word_1_413' title='bbox 1283 3133 1463 3191; x_wconf 90' lang='lat' dir='ltr'><strong>erant,</strong></span> <span class='ocrx_word' id='word_1_414' title='bbox 1495 3139 1601 3179; x_wconf 92' lang='lat' dir='ltr'>non</span> <span class='ocrx_word' id='word_1_415' title='bbox 1642 3124 1812 3178; x_wconf 90' lang='lat' dir='ltr'><strong>multo</strong></span> <span class='ocrx_word' id='word_1_416' title='bbox 1841 3135 1964 3194; x_wconf 89' lang='lat' dir='ltr'><strong>post</strong></span> <span class='ocrx_word' id='word_1_417' title='bbox 1997 3141 2096 3178; x_wconf 88' lang='lat' dir='ltr'><strong>au-</strong></span> 
     </span>
    </p>
   </div>
   <div class='ocr_carea' id='block_1_59' title="bbox 2204 3119 3797 3204">
    <p class='ocr_par' dir='ltr' id='par_1_59' title="bbox 2215 3127 3797 3204">
     <span class='ocr_line' id='line_1_59' title="bbox 2215 3127 3797 3204; baseline -0.007 -16"><span class='ocrx_word' id='word_1_418' title='bbox 2215 3136 2530 3204; x_wconf 81' lang='grc' dir='ltr'>ἀκάθαρτον</span> <span class='ocrx_word' id='word_1_419' title='bbox 2581 3131 2991 3204; x_wconf 74' lang='grc' dir='ltr'>ἐμαρτύρησεν,</span> <span class='ocrx_word' id='word_1_420' title='bbox 3023 3129 3099 3193; x_wconf 83' lang='grc' dir='ltr'>ὡς</span> <span class='ocrx_word' id='word_1_421' title='bbox 3135 3131 3210 3200; x_wconf 82' lang='grc' dir='ltr'>μὴ</span> <span class='ocrx_word' id='word_1_422' title='bbox 3255 3130 3407 3192; x_wconf 73' lang='grc' dir='ltr'>ὄντες</span> <span class='ocrx_word' id='word_1_423' title='bbox 3448 3128 3655 3189; x_wconf 75' lang='grc' dir='ltr'>πιστοὶ,</span> <span class='ocrx_word' id='word_1_424' title='bbox 3696 3127 3797 3196; x_wconf 84' lang='grc' dir='ltr'>τῆς</span> 
     </span>
    </p>
   </div>
   <div class='ocr_carea' id='block_1_60' title="bbox 514 3216 2093 3284">
    <p class='ocr_par' dir='ltr' id='par_1_60' title="bbox 514 3216 2093 3284">
     <span class='ocr_line' id='line_1_60' title="bbox 514 3216 2093 3284; baseline 0 -14"><span class='ocrx_word' id='word_1_425' title='bbox 514 3216 682 3271; x_wconf 69' lang='grc' dir='ltr'>όειοίω</span> <span class='ocrx_word' id='word_1_426' title='bbox 735 3231 926 3284; x_wconf 70' lang='lat' dir='ltr'><strong>pinnas</strong></span> <span class='ocrx_word' id='word_1_427' title='bbox 960 3217 1264 3282; x_wconf 88' lang='lat' dir='ltr'><strong>dederunt;</strong></span> <span class='ocrx_word' id='word_1_428' title='bbox 1301 3217 1527 3270; x_wconf 77' lang='lat' dir='ltr'><strong>verbum</strong></span> <span class='ocrx_word' id='word_1_429' title='bbox 1563 3218 1683 3282; x_wconf 87' lang='lat' dir='ltr'><strong>hoc,</strong></span> <span class='ocrx_word' id='word_1_430' title='bbox 1740 3227 2093 3282; x_wconf 67' lang='lat' dir='ltr'><strong>mutaverunt,</strong></span> 
     </span>
    </p>
   </div>
   <div class='ocr_carea' id='block_1_61' title="bbox 514 3305 2100 3371">
    <p class='ocr_par' dir='ltr' id='par_1_61' title="bbox 514 3305 2100 3371">
     <span class='ocr_line' id='line_1_61' title="bbox 514 3305 2100 3371; baseline 0.004 -13"><span class='ocrx_word' id='word_1_431' title='bbox 514 3305 754 3359; x_wconf 91' lang='lat' dir='ltr'><strong>ostendit</strong></span> <span class='ocrx_word' id='word_1_432' title='bbox 780 3320 874 3360; x_wconf 89' lang='lat' dir='ltr'>eos</span> <span class='ocrx_word' id='word_1_433' title='bbox 909 3320 1010 3358; x_wconf 91' lang='lat' dir='ltr'>non</span> <span class='ocrx_word' id='word_1_434' title='bbox 1046 3305 1298 3360; x_wconf 90' lang='lat' dir='ltr'><strong>ﬁduciam</strong></span> <span class='ocrx_word' id='word_1_435' title='bbox 1336 3306 1614 3371; x_wconf 84' lang='lat' dir='ltr'><strong>habuisse,</strong></span> <span class='ocrx_word' id='word_1_436' title='bbox 1643 3306 1739 3360; x_wconf 89' lang='lat' dir='ltr'>sed</span> <span class='ocrx_word' id='word_1_437' title='bbox 1773 3316 1952 3362; x_wconf 88' lang='lat' dir='ltr'><strong>tamen</strong></span> <span class='ocrx_word' id='word_1_438' title='bbox 1987 3323 2100 3363; x_wconf 89' lang='lat' dir='ltr'><strong>ma-</strong></span> 
     </span>
    </p>
   </div>
   <div class='ocr_carea' id='block_1_62' title="bbox 516 3394 2100 3472">
    <p class='ocr_par' dir='ltr' id='par_1_62' title="bbox 516 3394 2100 3472">
     <span class='ocr_line' id='line_1_62' title="bbox 516 3394 2100 3472; baseline 0.003 -23"><span class='ocrx_word' id='word_1_439' title='bbox 516 3410 620 3449; x_wconf 91' lang='lat' dir='ltr'>nus</span> <span class='ocrx_word' id='word_1_440' title='bbox 657 3395 876 3450; x_wconf 87' lang='lat' dir='ltr'><strong>misisse</strong></span> <span class='ocrx_word' id='word_1_441' title='bbox 905 3395 948 3449; x_wconf 89' lang='lat' dir='ltr'>si</span> <span class='ocrx_word' id='word_1_442' title='bbox 984 3394 1122 3450; x_wconf 79' lang='lat' dir='ltr'><strong>forte</strong></span> <span class='ocrx_word' id='word_1_443' title='bbox 1159 3410 1383 3466; x_wconf 89' lang='lat' dir='ltr'><strong>scopum</strong></span> <span class='ocrx_word' id='word_1_444' title='bbox 1418 3397 1732 3451; x_wconf 88' lang='lat' dir='ltr'><strong>obtinerent</strong></span> <span class='ocrx_word' id='word_1_445' title='bbox 1771 3400 1892 3454; x_wconf 89' lang='lat' dir='ltr'><strong>:sie</strong></span> <span class='ocrx_word' id='word_1_446' title='bbox 1926 3399 2100 3472; x_wconf 56' lang='lat' dir='ltr'>{Egy-</span> 
     </span>
    </p>
   </div>
   <div class='ocr_carea' id='block_1_63' title="bbox 519 3481 2101 3558">
    <p class='ocr_par' dir='ltr' id='par_1_63' title="bbox 519 3481 2101 3558">
     <span class='ocr_line' id='line_1_63' title="bbox 519 3481 2101 3558; baseline 0.007 -21"><span class='ocrx_word' id='word_1_447' title='bbox 519 3485 629 3555; x_wconf 84' lang='lat' dir='ltr'><strong>ptia</strong></span> <span class='ocrx_word' id='word_1_448' title='bbox 677 3481 875 3554; x_wconf 81' lang='lat' dir='ltr'><strong>Josepb</strong></span> <span class='ocrx_word' id='word_1_449' title='bbox 916 3501 1107 3543; x_wconf 87' lang='lat' dir='ltr'><strong>manus</strong></span> <span class='ocrx_word' id='word_1_450' title='bbox 1156 3488 1364 3558; x_wconf 85' lang='lat' dir='ltr'><strong>injecit,</strong></span> <span class='ocrx_word' id='word_1_451' title='bbox 1393 3503 1493 3544; x_wconf 92' lang='lat' dir='ltr'>nec</span> <span class='ocrx_word' id='word_1_452' title='bbox 1523 3489 1780 3555; x_wconf 86' lang='lat' dir='ltr'><strong>obtinuit,</strong></span> <span class='ocrx_word' id='word_1_453' title='bbox 1817 3491 1897 3546; x_wconf 90' lang='lat' dir='ltr'>sic</span> <span class='ocrx_word' id='word_1_454' title='bbox 1929 3492 2101 3548; x_wconf 69' lang='lat' dir='ltr'><strong>Judaei</strong></span> 
     </span>
    </p>
   </div>
   <div class='ocr_carea' id='block_1_64' title="bbox 520 3575 821 3646">
    <p class='ocr_par' dir='ltr' id='par_1_64' title="bbox 520 3575 821 3646">
     <span class='ocr_line' id='line_1_64' title="bbox 520 3575 821 3646; baseline -0.003 -15"><span class='ocrx_word' id='word_1_455' title='bbox 520 3575 821 3646; x_wconf 86' lang='lat' dir='ltr'><strong>discipulis.</strong></span> 
     </span>
    </p>
   </div>
   <div class='ocr_carea' id='block_1_65' title="bbox 594 3762 2101 3836">
    <p class='ocr_par' dir='ltr' id='par_1_65' title="bbox 594 3762 2101 3836">
     <span class='ocr_line' id='line_1_65' title="bbox 594 3762 2101 3836; baseline 0.004 -19"><span class='ocrx_word' id='word_1_456' title='bbox 594 3763 760 3820; x_wconf 73' lang='lat' dir='ltr'><strong>Vsus.</strong></span> <span class='ocrx_word' id='word_1_457' title='bbox 811 3762 901 3829; x_wconf 81' lang='grc'>18,</span> <span class='ocrx_word' id='word_1_458' title='bbox 931 3764 1018 3820; x_wconf 81' lang='grc'>19.</span> <span class='ocrx_word' id='word_1_459' title='bbox 1064 3783 1083 3816; x_wconf 73' lang='grc' dir='ltr'>ι</span> <span class='ocrx_word' id='word_1_460' title='bbox 1119 3764 1378 3834; x_wconf 80' lang='lat' dir='ltr'><strong>Multique</strong></span> <span class='ocrx_word' id='word_1_461' title='bbox 1409 3765 1745 3821; x_wconf 89' lang='lat' dir='ltr'><strong>credentium</strong></span> <span class='ocrx_word' id='word_1_462' title='bbox 1775 3767 2101 3836; x_wconf 80' lang='lat' dir='ltr'><strong>veniebant,</strong></span> 
     </span>
    </p>
   </div>
   <div class='ocr_carea' id='block_1_66' title="bbox 522 3855 2104 3916">
    <p class='ocr_par' dir='ltr' id='par_1_66' title="bbox 522 3855 2104 3916">
     <span class='ocr_line' id='line_1_66' title="bbox 522 3855 2104 3916; baseline 0.004 -8"><span class='ocrx_word' id='word_1_463' title='bbox 522 3855 845 3908; x_wconf 89' lang='lat' dir='ltr'><strong>conﬁtentes</strong></span> <span class='ocrx_word' id='word_1_464' title='bbox 875 3865 929 3909; x_wconf 88' lang='lat' dir='ltr'>et</span> <span class='ocrx_word' id='word_1_465' title='bbox 963 3857 1353 3910; x_wconf 88' lang='lat' dir='ltr'><strong>annuntiantes</strong></span> <span class='ocrx_word' id='word_1_466' title='bbox 1392 3865 1544 3912; x_wconf 89' lang='lat' dir='ltr'><strong>actus</strong></span> <span class='ocrx_word' id='word_1_467' title='bbox 1570 3873 1716 3913; x_wconf 89' lang='lat' dir='ltr'><strong>suos.</strong></span> <span class='ocrx_word' id='word_1_468' title='bbox 1744 3858 1895 3915; x_wconf 79' lang='lat' dir='ltr'><strong>Multi</strong></span> <span class='ocrx_word' id='word_1_469' title='bbox 1923 3871 2104 3916; x_wconf 88' lang='lat' dir='ltr'><strong>autem</strong></span> 
     </span>
    </p>
   </div>
   <div class='ocr_carea' id='block_1_67' title="bbox 523 3947 2106 4017">
    <p class='ocr_par' dir='ltr' id='par_1_67' title="bbox 523 3947 2106 4017">
     <span class='ocr_line' id='line_1_67' title="bbox 523 3947 2106 4017; baseline 0.003 -16"><span class='ocrx_word' id='word_1_470' title='bbox 523 3962 590 4001; x_wconf 79' lang='lat' dir='ltr'><strong>ex</strong></span> <span class='ocrx_word' id='word_1_471' title='bbox 638 3948 721 4002; x_wconf 86' lang='lat' dir='ltr'>his</span> <span class='ocrx_word' id='word_1_472' title='bbox 746 3949 839 4017; x_wconf 90' lang='lat' dir='ltr'>qui</span> <span class='ocrx_word' id='word_1_473' title='bbox 891 3947 1111 4003; x_wconf 79' lang='lat' dir='ltr'><strong>fuerant</strong></span> <span class='ocrx_word' id='word_1_474' title='bbox 1143 3948 1358 4003; x_wconf 87' lang='lat' dir='ltr'><strong>curiosa</strong></span> <span class='ocrx_word' id='word_1_475' title='bbox 1406 3951 1618 4013; x_wconf 86' lang='lat' dir='ltr'><strong>sectati,</strong></span> <span class='ocrx_word' id='word_1_476' title='bbox 1652 3952 2003 4007; x_wconf 89' lang='lat' dir='ltr'><strong>contulerunt</strong></span> <span class='ocrx_word' id='word_1_477' title='bbox 2039 3954 2106 4006; x_wconf 87' lang='lat' dir='ltr'><strong>li-</strong></span> 
     </span>
    </p>
   </div>
   <div class='ocr_carea' id='block_1_68' title="bbox 524 4041 2105 4114">
    <p class='ocr_par' dir='ltr' id='par_1_68' title="bbox 524 4041 2105 4114">
     <span class='ocr_line' id='line_1_68' title="bbox 524 4041 2105 4114; baseline 0.001 -18"><span class='ocrx_word' id='word_1_478' title='bbox 524 4041 676 4104; x_wconf 89' lang='lat' dir='ltr'><strong>bros,</strong></span> <span class='ocrx_word' id='word_1_479' title='bbox 719 4051 774 4094; x_wconf 87' lang='lat' dir='ltr'>et</span> <span class='ocrx_word' id='word_1_480' title='bbox 813 4042 1232 4096; x_wconf 86' lang='lat' dir='ltr'><strong>combusserunt</strong></span> <span class='ocrx_word' id='word_1_481' title='bbox 1265 4056 1451 4098; x_wconf 89' lang='lat' dir='ltr'><strong>coram</strong></span> <span class='ocrx_word' id='word_1_482' title='bbox 1481 4045 1758 4111; x_wconf 88' lang='lat' dir='ltr'><strong>omnibus,</strong></span> <span class='ocrx_word' id='word_1_483' title='bbox 1794 4057 1847 4100; x_wconf 91' lang='lat' dir='ltr'>et</span> <span class='ocrx_word' id='word_1_484' title='bbox 1880 4062 2105 4114; x_wconf 81' lang='lat' dir='ltr'><strong>compu-</strong></span> 
     </span>
    </p>
   </div>
   <div class='ocr_carea' id='block_1_69' title="bbox 528 4132 2110 4204">
    <p class='ocr_par' dir='ltr' id='par_1_69' title="bbox 528 4132 2110 4204">
     <span class='ocr_line' id='line_1_69' title="bbox 528 4132 2110 4204; baseline 0.003 -19"><span class='ocrx_word' id='word_1_485' title='bbox 528 4133 654 4187; x_wconf 86' lang='lat' dir='ltr'><strong>tatis</strong></span> <span class='ocrx_word' id='word_1_486' title='bbox 684 4133 874 4201; x_wconf 88' lang='lat' dir='ltr'><strong>pretiis</strong></span> <span class='ocrx_word' id='word_1_487' title='bbox 923 4132 1165 4196; x_wconf 88' lang='lat' dir='ltr'><strong>illorum.</strong></span> <span class='ocrx_word' id='word_1_488' title='bbox 1194 4133 1519 4189; x_wconf 84' lang='lat' dir='ltr'><strong>invenerunt</strong></span> <span class='ocrx_word' id='word_1_489' title='bbox 1550 4138 1832 4204; x_wconf 90' lang='lat' dir='ltr'><strong>pecuniam</strong></span> <span class='ocrx_word' id='word_1_490' title='bbox 1861 4139 2110 4191; x_wconf 78' lang='lat' dir='ltr'><strong>thttnrio-</strong></span> 
     </span>
    </p>
   </div>
   <div class='ocr_carea' id='block_1_70' title="bbox 526 4224 1465 4294">
    <p class='ocr_par' dir='ltr' id='par_1_70' title="bbox 526 4224 1465 4294">
     <span class='ocr_line' id='line_1_70' title="bbox 526 4224 1465 4294; baseline -0.001 -16"><span class='ocrx_word' id='word_1_491' title='bbox 526 4239 645 4278; x_wconf 88' lang='lat' dir='ltr'>rum</span> <span class='ocrx_word' id='word_1_492' title='bbox 675 4224 1066 4294; x_wconf 78' lang='lat' dir='ltr'><strong>quinquaginta</strong></span> <span class='ocrx_word' id='word_1_493' title='bbox 1103 4225 1329 4280; x_wconf 89' lang='lat' dir='ltr'><strong>millium</strong></span> <span class='ocrx_word' id='word_1_494' title='bbox 1347 4237 1398 4281; x_wconf 78' lang='grc' dir='ltr'>ι.</span> <span class='ocrx_word' id='word_1_495' title='bbox 1445 4243 1465 4277; x_wconf 79' lang='grc' dir='ltr'>ι</span> 
     </span>
    </p>
   </div>
   <div class='ocr_carea' id='block_1_71' title="bbox 598 4314 2109 4388">
    <p class='ocr_par' dir='ltr' id='par_1_71' title="bbox 598 4314 2109 4388">
     <span class='ocr_line' id='line_1_71' title="bbox 598 4314 2109 4388; baseline 0.002 -20"><span class='ocrx_word' id='word_1_496' title='bbox 598 4314 989 4385; x_wconf 85' lang='lat' dir='ltr'><strong>Quemcunque</strong></span> <span class='ocrx_word' id='word_1_497' title='bbox 1009 4315 1218 4372; x_wconf 88' lang='lat' dir='ltr'><strong>ﬁdelem</strong></span> <span class='ocrx_word' id='word_1_498' title='bbox 1237 4326 1453 4388; x_wconf 87' lang='lat' dir='ltr'><strong>oportet</strong></span> <span class='ocrx_word' id='word_1_499' title='bbox 1485 4332 1579 4372; x_wconf 84' lang='lat' dir='ltr'>sua</span> <span class='ocrx_word' id='word_1_500' title='bbox 1595 4330 1811 4385; x_wconf 82' lang='lat' dir='ltr'><strong>peccata</strong></span> <span class='ocrx_word' id='word_1_501' title='bbox 1842 4320 2109 4382; x_wconf 88' lang='lat' dir='ltr'><strong>conﬁteri,</strong></span> 
     </span>
    </p>
   </div>
   <div class='ocr_carea' id='block_1_72' title="bbox 2207 3215 3797 3298">
    <p class='ocr_par' dir='ltr' id='par_1_72' title="bbox 2207 3215 3797 3298">
     <span class='ocr_line' id='line_1_72' title="bbox 2207 3215 3797 3298; baseline -0.006 -18"><span class='ocrx_word' id='word_1_502' title='bbox 2207 3227 2540 3298; x_wconf 86' lang='grc' dir='ltr'>προπετείας</span> <span class='ocrx_word' id='word_1_503' title='bbox 2573 3224 2840 3278; x_wconf 83' lang='grc' dir='ltr'>δεδώκασι</span> <span class='ocrx_word' id='word_1_504' title='bbox 2869 3223 3004 3293; x_wconf 81' lang='grc' dir='ltr'>πρὸς</span> <span class='ocrx_word' id='word_1_505' title='bbox 3031 3222 3212 3289; x_wconf 78' lang='grc' dir='ltr'>ὀλίγον</span> <span class='ocrx_word' id='word_1_506' title='bbox 3242 3222 3400 3291; x_wconf 87' lang='grc' dir='ltr'>δίκην</span> <span class='ocrx_word' id='word_1_507' title='bbox 3425 3239 3438 3252; x_wconf 78' lang='grc' dir='ltr'><strong>ο</strong></span> <span class='ocrx_word' id='word_1_508' title='bbox 3485 3218 3547 3272; x_wconf 82' lang='grc' dir='ltr'>τὸ</span> <span class='ocrx_word' id='word_1_509' title='bbox 3569 3215 3662 3273; x_wconf 80' lang='grc' dir='ltr'>οῦν</span> <span class='ocrx_word' id='word_1_510' title='bbox 3691 3219 3797 3272; x_wconf 69' lang='grc' dir='ltr'>ἐστ-</span> 
     </span>
    </p>
   </div>
   <div class='ocr_carea' id='block_1_73' title="bbox 2205 3311 3795 3390">
    <p class='ocr_par' dir='ltr' id='par_1_73' title="bbox 2205 3311 3795 3390">
     <span class='ocr_line' id='line_1_73' title="bbox 2205 3311 3795 3390; baseline -0.009 -15"><span class='ocrx_word' id='word_1_511' title='bbox 2205 3323 2536 3390; x_wconf 79' lang='grc' dir='ltr'>εχείρησαν</span> <span class='ocrx_word' id='word_1_512' title='bbox 2566 3319 2726 3372; x_wconf 78' lang='grc' dir='ltr'>τοῦτο</span> <span class='ocrx_word' id='word_1_513' title='bbox 2757 3318 2927 3389; x_wconf 77' lang='grc' dir='ltr'>δηλοῖ,</span> <span class='ocrx_word' id='word_1_514' title='bbox 2961 3318 3043 3371; x_wconf 81' lang='grc' dir='ltr'>ὅτι</span> <span class='ocrx_word' id='word_1_515' title='bbox 3072 3317 3173 3370; x_wconf 80' lang='grc' dir='ltr'>οὐκ</span> <span class='ocrx_word' id='word_1_516' title='bbox 3195 3315 3464 3386; x_wconf 80' lang='grc' dir='ltr'>ὲθάρῤουν</span> <span class='ocrx_word' id='word_1_517' title='bbox 3492 3312 3614 3383; x_wconf 81' lang='grc' dir='ltr'>μὲν,</span> <span class='ocrx_word' id='word_1_518' title='bbox 3655 3311 3795 3381; x_wconf 83' lang='grc' dir='ltr'>πλὴν</span> 
     </span>
    </p>
   </div>
   <div class='ocr_carea' id='block_1_74' title="bbox 2210 3404 3796 3482">
    <p class='ocr_par' dir='ltr' id='par_1_74' title="bbox 2210 3404 3796 3482">
     <span class='ocr_line' id='line_1_74' title="bbox 2210 3404 3796 3482; baseline -0.007 -15"><span class='ocrx_word' id='word_1_519' title='bbox 2210 3412 2508 3467; x_wconf 77' lang='grc' dir='ltr'>ἐπέϐαλλον</span> <span class='ocrx_word' id='word_1_520' title='bbox 2533 3413 2630 3476; x_wconf 76' lang='grc' dir='ltr'>τὰς</span> <span class='ocrx_word' id='word_1_521' title='bbox 2652 3415 2863 3482; x_wconf 84' lang='grc' dir='ltr'>χεῖρας,</span> <span class='ocrx_word' id='word_1_522' title='bbox 2897 3411 3066 3473; x_wconf 84' lang='grc' dir='ltr'>είπως</span> <span class='ocrx_word' id='word_1_523' title='bbox 3111 3408 3489 3474; x_wconf 79' lang='grc' dir='ltr'>ὲπιτεύξονται</span> <span class='ocrx_word' id='word_1_524' title='bbox 3526 3404 3620 3458; x_wconf 87' lang='grc' dir='ltr'>τοῦ</span> <span class='ocrx_word' id='word_1_525' title='bbox 3669 3420 3796 3457; x_wconf 74' lang='lat' dir='ltr'><strong>axo-</strong></span> 
     </span>
    </p>
   </div>
   <div class='ocr_carea' id='block_1_75' title="bbox 2209 3495 3797 3574">
    <p class='ocr_par' dir='ltr' id='par_1_75' title="bbox 2209 3495 3797 3574">
     <span class='ocr_line' id='line_1_75' title="bbox 2209 3495 3797 3574; baseline -0.005 -18"><span class='ocrx_word' id='word_1_526' title='bbox 2209 3504 2312 3556; x_wconf 86' lang='grc' dir='ltr'>ποῦ</span> <span class='ocrx_word' id='word_1_527' title='bbox 2333 3520 2346 3533; x_wconf 82' lang='lat'><strong><em>°</em></strong></span> <span class='ocrx_word' id='word_1_528' title='bbox 2370 3502 2512 3556; x_wconf 74' lang='grc' dir='ltr'>οὕτω</span> <span class='ocrx_word' id='word_1_529' title='bbox 2538 3505 2633 3556; x_wconf 78' lang='grc' dir='ltr'>καὶ</span> <span class='ocrx_word' id='word_1_530' title='bbox 2654 3505 2686 3574; x_wconf 85' lang='grc' dir='ltr'>ἠ</span> <span class='ocrx_word' id='word_1_531' title='bbox 2711 3501 2988 3570; x_wconf 77' lang='grc' dir='ltr'>Αἰγυπτία</span> <span class='ocrx_word' id='word_1_532' title='bbox 3008 3500 3334 3572; x_wconf 81' lang='grc' dir='ltr'>ἐπεχείρησε</span> <span class='ocrx_word' id='word_1_533' title='bbox 3355 3499 3434 3568; x_wconf 86' lang='grc' dir='ltr'>τῷ</span> <span class='ocrx_word' id='word_1_534' title='bbox 3450 3497 3670 3567; x_wconf 80' lang='grc' dir='ltr'>Ἰωσὴφ,</span> <span class='ocrx_word' id='word_1_535' title='bbox 3701 3495 3797 3548; x_wconf 77' lang='grc' dir='ltr'>καὶ</span> 
     </span>
    </p>
   </div>
   <div class='ocr_carea' id='block_1_76' title="bbox 2209 3589 3798 3664">
    <p class='ocr_par' dir='ltr' id='par_1_76' title="bbox 2209 3589 3798 3664">
     <span class='ocr_line' id='line_1_76' title="bbox 2209 3589 3798 3664; baseline -0.005 -17"><span class='ocrx_word' id='word_1_536' title='bbox 2209 3597 2310 3647; x_wconf 81' lang='grc' dir='ltr'>οὐκ</span> <span class='ocrx_word' id='word_1_537' title='bbox 2349 3595 2617 3664; x_wconf 77' lang='grc' dir='ltr'>ἐπέτυχε·</span> <span class='ocrx_word' id='word_1_538' title='bbox 2658 3595 2753 3647; x_wconf 70' lang='grc' dir='ltr'>καὶ</span> <span class='ocrx_word' id='word_1_539' title='bbox 2792 3596 2842 3646; x_wconf 80' lang='lat' dir='ltr'>oi.</span> <span class='ocrx_word' id='word_1_540' title='bbox 2889 3593 3349 3664; x_wconf 78' lang='grc' dir='ltr'>ἐπιχειρήσαντες</span> <span class='ocrx_word' id='word_1_541' title='bbox 3395 3589 3640 3644; x_wconf 84' lang='grc' dir='ltr'>Ἰουδαῖοι</span> <span class='ocrx_word' id='word_1_542' title='bbox 3683 3590 3798 3651; x_wconf 85' lang='grc' dir='ltr'>τοῖς</span> 
     </span>
    </p>
   </div>
   <div class='ocr_carea' id='block_1_77' title="bbox 2216 3685 2512 3754">
    <p class='ocr_par' dir='ltr' id='par_1_77' title="bbox 2216 3685 2512 3754">
     <span class='ocr_line' id='line_1_77' title="bbox 2216 3685 2512 3754; baseline -0.003 -16"><span class='ocrx_word' id='word_1_543' title='bbox 2216 3685 2512 3754; x_wconf 83' lang='grc' dir='ltr'>μαθηταῖς.</span> 
     </span>
    </p>
   </div>
   <div class='ocr_carea' id='block_1_78' title="bbox 2291 3771 3800 3845">
    <p class='ocr_par' dir='ltr' id='par_1_78' title="bbox 2291 3771 3800 3845">
     <span class='ocr_line' id='line_1_78' title="bbox 2291 3771 3800 3845; baseline -0.001 -19"><span class='ocrx_word' id='word_1_544' title='bbox 2291 3796 2308 3826; x_wconf 82' lang='grc' dir='ltr'>ι</span> <span class='ocrx_word' id='word_1_545' title='bbox 2355 3776 2548 3830; x_wconf 74' lang='grc' dir='ltr'>Πολλοὶ</span> <span class='ocrx_word' id='word_1_546' title='bbox 2587 3775 2644 3829; x_wconf 83' lang='grc' dir='ltr'>δὲ</span> <span class='ocrx_word' id='word_1_547' title='bbox 2671 3775 2779 3828; x_wconf 88' lang='grc' dir='ltr'>τῶν</span> <span class='ocrx_word' id='word_1_548' title='bbox 2827 3775 3279 3828; x_wconf 84' lang='grc' dir='ltr'>πεπιστευκότων</span> <span class='ocrx_word' id='word_1_549' title='bbox 3331 3774 3583 3845; x_wconf 71' lang='grc' dir='ltr'>ἤρχοντο,</span> <span class='ocrx_word' id='word_1_550' title='bbox 3618 3771 3800 3841; x_wconf 70' lang='grc' dir='ltr'>ἐξομο-</span> 
     </span>
    </p>
   </div>
   <div class='ocr_carea' id='block_1_79' title="bbox 2214 3859 3796 3936">
    <p class='ocr_par' dir='ltr' id='par_1_79' title="bbox 2214 3859 3796 3936">
     <span class='ocr_line' id='line_1_79' title="bbox 2214 3859 3796 3936; baseline -0.006 -15"><span class='ocrx_word' id='word_1_551' title='bbox 2214 3867 2536 3936; x_wconf 86' lang='grc' dir='ltr'>λογούμενοι</span> <span class='ocrx_word' id='word_1_552' title='bbox 2567 3868 2660 3920; x_wconf 80' lang='grc' dir='ltr'>καὶ</span> <span class='ocrx_word' id='word_1_553' title='bbox 2709 3864 3138 3934; x_wconf 80' lang='grc' dir='ltr'>ἀναγγέλλοντες</span> <span class='ocrx_word' id='word_1_554' title='bbox 3182 3864 3281 3926; x_wconf 78' lang='grc' dir='ltr'>τὰς</span> <span class='ocrx_word' id='word_1_555' title='bbox 3319 3861 3549 3933; x_wconf 81' lang='grc' dir='ltr'>πράξεις</span> <span class='ocrx_word' id='word_1_556' title='bbox 3597 3859 3796 3912; x_wconf 75' lang='grc' dir='ltr'>αὐτῶν.</span> 
     </span>
    </p>
   </div>
   <div class='ocr_carea' id='block_1_80' title="bbox 2226 3952 3802 4029">
    <p class='ocr_par' dir='ltr' id='par_1_80' title="bbox 2226 3952 3802 4029">
     <span class='ocr_line' id='line_1_80' title="bbox 2226 3952 3802 4029; baseline -0.004 -18"><span class='ocrx_word' id='word_1_557' title='bbox 2226 3959 2426 4012; x_wconf 76' lang='grc' dir='ltr'>Ἱκανοὶ</span> <span class='ocrx_word' id='word_1_558' title='bbox 2461 3959 2516 4011; x_wconf 82' lang='grc' dir='ltr'>δὲ</span> <span class='ocrx_word' id='word_1_559' title='bbox 2543 3959 2650 4011; x_wconf 88' lang='grc' dir='ltr'>τῶν</span> <span class='ocrx_word' id='word_1_560' title='bbox 2679 3961 2746 4010; x_wconf 86' lang='grc' dir='ltr'>τὰ</span> <span class='ocrx_word' id='word_1_561' title='bbox 2772 3958 3044 4029; x_wconf 83' lang='grc' dir='ltr'>περίεργα</span> <span class='ocrx_word' id='word_1_562' title='bbox 3076 3955 3424 4026; x_wconf 77' lang='grc' dir='ltr'>πραξάντων,</span> <span class='ocrx_word' id='word_1_563' title='bbox 3453 3952 3802 4020; x_wconf 83' lang='grc' dir='ltr'>εἰσενέγκαν-</span> 
     </span>
    </p>
   </div>
   <div class='ocr_carea' id='block_1_81' title="bbox 2214 4046 3800 4119">
    <p class='ocr_par' dir='ltr' id='par_1_81' title="bbox 2214 4046 3800 4119">
     <span class='ocr_line' id='line_1_81' title="bbox 2214 4046 3800 4119; baseline -0.003 -16"><span class='ocrx_word' id='word_1_564' title='bbox 2214 4069 2305 4114; x_wconf 89' lang='grc' dir='ltr'>τες</span> <span class='ocrx_word' id='word_1_565' title='bbox 2335 4052 2432 4113; x_wconf 75' lang='grc' dir='ltr'>τὰς</span> <span class='ocrx_word' id='word_1_566' title='bbox 2463 4050 2703 4119; x_wconf 77' lang='grc' dir='ltr'>βίϐλους,</span> <span class='ocrx_word' id='word_1_567' title='bbox 2755 4050 3046 4102; x_wconf 82' lang='grc' dir='ltr'>κατέκαιον</span> <span class='ocrx_word' id='word_1_568' title='bbox 3110 4047 3343 4100; x_wconf 85' lang='grc' dir='ltr'>ἐνώπιον</span> <span class='ocrx_word' id='word_1_569' title='bbox 3408 4049 3626 4099; x_wconf 78' lang='grc' dir='ltr'>πάντων</span> <span class='ocrx_word' id='word_1_570' title='bbox 3653 4059 3666 4074; x_wconf 82' lang='grc'><strong><em>⁸</em></strong></span> <span class='ocrx_word' id='word_1_571' title='bbox 3705 4046 3800 4098; x_wconf 77' lang='grc' dir='ltr'>καὶ</span> 
     </span>
    </p>
   </div>
   <div class='ocr_carea' id='block_1_82' title="bbox 2219 4133 3798 4213">
    <p class='ocr_par' dir='ltr' id='par_1_82' title="bbox 2219 4133 3798 4213">
     <span class='ocr_line' id='line_1_82' title="bbox 2219 4133 3798 4213; baseline -0.005 -18"><span class='ocrx_word' id='word_1_572' title='bbox 2219 4143 2591 4213; x_wconf 66' lang='grc' dir='ltr'>συνεψήφισαν</span> <span class='ocrx_word' id='word_1_573' title='bbox 2621 4142 2716 4204; x_wconf 78' lang='grc' dir='ltr'>τὰς</span> <span class='ocrx_word' id='word_1_574' title='bbox 2756 4140 2922 4211; x_wconf 77' lang='grc' dir='ltr'>τιμὰς</span> <span class='ocrx_word' id='word_1_575' title='bbox 2968 4139 3170 4207; x_wconf 76' lang='grc' dir='ltr'>αὐτῶν,</span> <span class='ocrx_word' id='word_1_576' title='bbox 3208 4141 3303 4193; x_wconf 71' lang='grc' dir='ltr'>καὶ</span> <span class='ocrx_word' id='word_1_577' title='bbox 3341 4133 3500 4209; x_wconf 77' lang='grc' dir='ltr'>εὖρον</span> <span class='ocrx_word' id='word_1_578' title='bbox 3530 4137 3798 4207; x_wconf 79' lang='grc' dir='ltr'>ἀργυρίου</span> 
     </span>
    </p>
   </div>
   <div class='ocr_carea' id='block_1_83' title="bbox 2222 4233 2760 4302">
    <p class='ocr_par' dir='ltr' id='par_1_83' title="bbox 2222 4233 2760 4302">
     <span class='ocr_line' id='line_1_83' title="bbox 2222 4233 2760 4302; baseline -0.004 -18"><span class='ocrx_word' id='word_1_579' title='bbox 2222 4233 2488 4302; x_wconf 75' lang='grc' dir='ltr'>μυριάδας</span> <span class='ocrx_word' id='word_1_580' title='bbox 2517 4233 2702 4284; x_wconf 75' lang='grc' dir='ltr'>πέντε.</span> <span class='ocrx_word' id='word_1_581' title='bbox 2743 4250 2760 4282; x_wconf 75' lang='grc' dir='ltr'>ι</span> 
     </span>
    </p>
   </div>
   <div class='ocr_carea' id='block_1_84' title="bbox 2293 4319 3797 4392">
    <p class='ocr_par' dir='ltr' id='par_1_84' title="bbox 2293 4319 3797 4392">
     <span class='ocr_line' id='line_1_84' title="bbox 2293 4319 3797 4392; baseline -0.002 -17"><span class='ocrx_word' id='word_1_582' title='bbox 2293 4327 2383 4375; x_wconf 88' lang='grc' dir='ltr'>Δεῖ</span> <span class='ocrx_word' id='word_1_583' title='bbox 2424 4325 2600 4376; x_wconf 81' lang='grc' dir='ltr'>πάντα</span> <span class='ocrx_word' id='word_1_584' title='bbox 2658 4322 2845 4374; x_wconf 81' lang='grc' dir='ltr'>πιστὸν</span> <span class='ocrx_word' id='word_1_585' title='bbox 2897 4321 3080 4392; x_wconf 85' lang='grc' dir='ltr'>λέγειν</span> <span class='ocrx_word' id='word_1_586' title='bbox 3113 4321 3212 4386; x_wconf 77' lang='grc' dir='ltr'>τὰς</span> <span class='ocrx_word' id='word_1_587' title='bbox 3247 4320 3444 4375; x_wconf 78' lang='grc' dir='ltr'>ἑαυτοῦ</span> <span class='ocrx_word' id='word_1_588' title='bbox 3500 4319 3797 4390; x_wconf 82' lang='grc' dir='ltr'>ἁμαρτίας,</span> 
     </span>
    </p>
   </div>
   <div class='ocr_carea' id='block_1_85' title="bbox 531 4394 2096 4484">
    <p class='ocr_par' dir='ltr' id='par_1_85' title="bbox 531 4407 2096 4477">
     <span class='ocr_line' id='line_1_85' title="bbox 531 4407 2096 4477; baseline 0.001 -16"><span class='ocrx_word' id='word_1_589' title='bbox 531 4417 586 4461; x_wconf 89' lang='lat' dir='ltr'>ct</span> <span class='ocrx_word' id='word_1_590' title='bbox 612 4407 850 4474; x_wconf 90' lang='lat' dir='ltr'><strong>seipsum</strong></span> <span class='ocrx_word' id='word_1_591' title='bbox 887 4408 1323 4477; x_wconf 87' lang='lat' dir='ltr'><strong>redarguentem,</strong></span> <span class='ocrx_word' id='word_1_592' title='bbox 1357 4409 1438 4463; x_wconf 92' lang='lat' dir='ltr'>eis</span> <span class='ocrx_word' id='word_1_593' title='bbox 1465 4407 1579 4475; x_wconf 79' lang='lat' dir='ltr'><strong>jam</strong></span> <span class='ocrx_word' id='word_1_594' title='bbox 1618 4407 1881 4462; x_wconf 81' lang='lat' dir='ltr'><strong>faciendis</strong></span> <span class='ocrx_word' id='word_1_595' title='bbox 1911 4425 2096 4462; x_wconf 85' lang='lat' dir='ltr'><strong>renun-</strong></span> 
     </span>
    </p>
   </div>
   <div class='ocr_carea' id='block_1_86' title="bbox 2204 4394 3799 4484">
    <p class='ocr_par' dir='ltr' id='par_1_86' title="bbox 2221 4413 3799 4484">
     <span class='ocr_line' id='line_1_86' title="bbox 2221 4413 3799 4484; baseline -0.001 -16"><span class='ocrx_word' id='word_1_596' title='bbox 2221 4415 2317 4468; x_wconf 74' lang='grc' dir='ltr'>καὶ</span> <span class='ocrx_word' id='word_1_597' title='bbox 2353 4415 2756 4468; x_wconf 86' lang='grc' dir='ltr'>ἁποτάττεσθαι</span> <span class='ocrx_word' id='word_1_598' title='bbox 2806 4414 2895 4467; x_wconf 76' lang='grc' dir='ltr'>διὰ</span> <span class='ocrx_word' id='word_1_599' title='bbox 2945 4415 3038 4468; x_wconf 90' lang='grc' dir='ltr'>τοῦ</span> <span class='ocrx_word' id='word_1_600' title='bbox 3071 4416 3265 4469; x_wconf 78' lang='grc' dir='ltr'>ἑαυτὸν</span> <span class='ocrx_word' id='word_1_601' title='bbox 3316 4415 3561 4484; x_wconf 78' lang='grc' dir='ltr'>ἐλέγχειν</span> <span class='ocrx_word' id='word_1_602' title='bbox 3596 4413 3687 4466; x_wconf 77' lang='grc' dir='ltr'>τοῦ</span> <span class='ocrx_word' id='word_1_603' title='bbox 3723 4413 3799 4466; x_wconf 80' lang='grc' dir='ltr'>ἑτι</span> 
     </span>
    </p>
   </div>
   <div class='ocr_carea' id='block_1_87' title="bbox 534 4495 2110 4565">
    <p class='ocr_par' dir='ltr' id='par_1_87' title="bbox 534 4495 2110 4565">
     <span class='ocr_line' id='line_1_87' title="bbox 534 4495 2110 4565; baseline 0.004 -19"><span class='ocrx_word' id='word_1_604' title='bbox 534 4495 691 4560; x_wconf 87' lang='lat' dir='ltr'><strong>tiare,</strong></span> <span class='ocrx_word' id='word_1_605' title='bbox 717 4503 777 4548; x_wconf 91' lang='lat' dir='ltr'>ut</span> <span class='ocrx_word' id='word_1_606' title='bbox 814 4495 1168 4563; x_wconf 73' lang='lat' dir='ltr'><strong>iustiﬁcetur,</strong></span> <span class='ocrx_word' id='word_1_607' title='bbox 1206 4496 1361 4564; x_wconf 82' lang='lat' dir='ltr'><strong>juxta</strong></span> <span class='ocrx_word' id='word_1_608' title='bbox 1389 4496 1533 4565; x_wconf 87' lang='lat' dir='ltr'><strong>quod</strong></span> <span class='ocrx_word' id='word_1_609' title='bbox 1566 4496 1769 4548; x_wconf 90' lang='lat' dir='ltr'><strong>dictum</strong></span> <span class='ocrx_word' id='word_1_610' title='bbox 1809 4507 1891 4550; x_wconf 89' lang='lat' dir='ltr'>est</span> <span class='ocrx_word' id='word_1_611' title='bbox 1923 4518 1934 4552; x_wconf 92' lang='lat'><strong>:</strong></span> <span class='ocrx_word' id='word_1_612' title='bbox 1967 4499 2110 4553; x_wconf 83' lang='lat' dir='ltr'><strong>Con-</strong></span> 
     </span>
    </p>
   </div>
   <div class='ocr_carea' id='block_1_88' title="bbox 530 4587 2110 4657">
    <p class='ocr_par' dir='ltr' id='par_1_88' title="bbox 530 4587 2110 4657">
     <span class='ocr_line' id='line_1_88' title="bbox 530 4587 2110 4657; baseline 0.006 -17"><span class='ocrx_word' id='word_1_613' title='bbox 530 4587 678 4654; x_wconf 81' lang='lat' dir='ltr'><strong>ﬁtere</strong></span> <span class='ocrx_word' id='word_1_614' title='bbox 702 4588 928 4654; x_wconf 86' lang='lat' dir='ltr'><strong>primum</strong></span> <span class='ocrx_word' id='word_1_615' title='bbox 959 4600 1170 4657; x_wconf 82' lang='lat' dir='ltr'><strong>peccata</strong></span> <span class='ocrx_word' id='word_1_616' title='bbox 1195 4601 1311 4655; x_wconf 86' lang='lat' dir='ltr'><strong>tua,</strong></span> <span class='ocrx_word' id='word_1_617' title='bbox 1342 4599 1399 4643; x_wconf 88' lang='lat' dir='ltr'>ut</span> <span class='ocrx_word' id='word_1_618' title='bbox 1417 4589 1772 4657; x_wconf 77' lang='lat' dir='ltr'><strong>justiﬁceris;</strong></span> <span class='ocrx_word' id='word_1_619' title='bbox 1801 4600 1891 4645; x_wconf 88' lang='lat' dir='ltr'><strong>et:</strong></span> <span class='ocrx_word' id='word_1_620' title='bbox 1923 4594 2110 4650; x_wconf 72' lang='lat' dir='ltr'><strong>Justus</strong></span> 
     </span>
    </p>
   </div>
   <div class='ocr_carea' id='block_1_89' title="bbox 534 4675 2110 4746">
    <p class='ocr_par' dir='ltr' id='par_1_89' title="bbox 534 4675 2110 4746">
     <span class='ocr_line' id='line_1_89' title="bbox 534 4675 2110 4746; baseline 0.006 -16"><span class='ocrx_word' id='word_1_621' title='bbox 534 4692 587 4730; x_wconf 74' lang='lat' dir='ltr'>se</span> <span class='ocrx_word' id='word_1_622' title='bbox 617 4687 853 4730; x_wconf 73' lang='lat' dir='ltr'><strong>accusat.</strong></span> <span class='ocrx_word' id='word_1_623' title='bbox 905 4677 1214 4746; x_wconf 87' lang='lat' dir='ltr'><strong>Tantopere</strong></span> <span class='ocrx_word' id='word_1_624' title='bbox 1240 4689 1420 4731; x_wconf 89' lang='lat' dir='ltr'><strong>autem</strong></span> <span class='ocrx_word' id='word_1_625' title='bbox 1471 4675 1789 4733; x_wconf 67' lang='lat' dir='ltr'><strong>idololatriae</strong></span> <span class='ocrx_word' id='word_1_626' title='bbox 1839 4681 2002 4735; x_wconf 90' lang='lat' dir='ltr'><strong>dediti</strong></span> <span class='ocrx_word' id='word_1_627' title='bbox 2057 4695 2110 4738; x_wconf 90' lang='lat' dir='ltr'>et</span> 
     </span>
    </p>
   </div>
   <div class='ocr_carea' id='block_1_90' title="bbox 538 4768 2118 4840">
    <p class='ocr_par' dir='ltr' id='par_1_90' title="bbox 538 4768 2118 4840">
     <span class='ocr_line' id='line_1_90' title="bbox 538 4768 2118 4840; baseline 0.009 -20"><span class='ocrx_word' id='word_1_628' title='bbox 538 4769 727 4837; x_wconf 69' lang='lat' dir='ltr'><strong>magia:</strong></span> <span class='ocrx_word' id='word_1_629' title='bbox 753 4769 1172 4839; x_wconf 85' lang='lat' dir='ltr'><strong>erantEphesii,</strong></span> <span class='ocrx_word' id='word_1_630' title='bbox 1225 4780 1283 4822; x_wconf 92' lang='lat' dir='ltr'>ut</span> <span class='ocrx_word' id='word_1_631' title='bbox 1332 4768 1543 4839; x_wconf 78' lang='lat' dir='ltr'><strong>magnis</strong></span> <span class='ocrx_word' id='word_1_632' title='bbox 1595 4773 1899 4840; x_wconf 85' lang='lat' dir='ltr'><strong>sumptibus</strong></span> <span class='ocrx_word' id='word_1_633' title='bbox 1951 4777 2118 4835; x_wconf 81' lang='lat' dir='ltr'><strong>libros</strong></span> 
     </span>
    </p>
   </div>
   <div class='ocr_carea' id='block_1_91' title="bbox 538 4861 2116 4932">
    <p class='ocr_par' dir='ltr' id='par_1_91' title="bbox 538 4861 2116 4932">
     <span class='ocr_line' id='line_1_91' title="bbox 538 4861 2116 4932; baseline 0.008 -19"><span class='ocrx_word' id='word_1_634' title='bbox 538 4861 866 4915; x_wconf 86' lang='lat' dir='ltr'><strong>contulerint</strong></span> <span class='ocrx_word' id='word_1_635' title='bbox 891 4861 1146 4930; x_wconf 87' lang='lat' dir='ltr'><strong>magicos,</strong></span> <span class='ocrx_word' id='word_1_636' title='bbox 1184 4869 1242 4914; x_wconf 91' lang='lat' dir='ltr'>ut</span> <span class='ocrx_word' id='word_1_637' title='bbox 1298 4861 1364 4915; x_wconf 89' lang='lat' dir='ltr'>ad</span> <span class='ocrx_word' id='word_1_638' title='bbox 1403 4863 1564 4914; x_wconf 90' lang='lat' dir='ltr'><strong>vitam</strong></span> <span class='ocrx_word' id='word_1_639' title='bbox 1620 4866 1820 4932; x_wconf 87' lang='lat' dir='ltr'><strong>optima</strong></span> <span class='ocrx_word' id='word_1_640' title='bbox 1862 4871 2116 4925; x_wconf 71' lang='lat' dir='ltr'><strong>exhiben-</strong></span> 
     </span>
    </p>
   </div>
   <div class='ocr_carea' id='block_1_92' title="bbox 544 4952 2116 5027">
    <p class='ocr_par' dir='ltr' id='par_1_92' title="bbox 544 4952 2116 5027">
     <span class='ocr_line' id='line_1_92' title="bbox 544 4952 2116 5027; baseline 0.008 -26"><span class='ocrx_word' id='word_1_641' title='bbox 544 4963 662 5017; x_wconf 80' lang='lat' dir='ltr'><strong>tes;</strong></span> <span class='ocrx_word' id='word_1_642' title='bbox 711 4968 871 5021; x_wconf 88' lang='lat' dir='ltr'><strong>quos,</strong></span> <span class='ocrx_word' id='word_1_643' title='bbox 925 4960 1280 5020; x_wconf 85' lang='lat' dir='ltr'><strong>posteaquam</strong></span> <span class='ocrx_word' id='word_1_644' title='bbox 1320 4953 1373 5005; x_wconf 92' lang='lat' dir='ltr'>in</span> <span class='ocrx_word' id='word_1_645' title='bbox 1407 4952 1686 5008; x_wconf 88' lang='lat' dir='ltr'><strong>Christum</strong></span> <span class='ocrx_word' id='word_1_646' title='bbox 1747 4960 2116 5027; x_wconf 68' lang='lat' dir='ltr'><strong>crediderant,</strong></span> 
     </span>
    </p>
   </div>
   <div class='ocr_carea' id='block_1_93' title="bbox 541 5043 2111 5108">
    <p class='ocr_par' dir='ltr' id='par_1_93' title="bbox 541 5043 2111 5108">
     <span class='ocr_line' id='line_1_93' title="bbox 541 5043 2111 5108; baseline 0.008 -13"><span class='ocrx_word' id='word_1_647' title='bbox 541 5061 646 5098; x_wconf 89' lang='lat' dir='ltr'>non</span> <span class='ocrx_word' id='word_1_648' title='bbox 697 5045 1076 5104; x_wconf 76' lang='lat' dir='ltr'><strong>vendiderunt,</strong></span> <span class='ocrx_word' id='word_1_649' title='bbox 1120 5043 1244 5098; x_wconf 87' lang='lat' dir='ltr'><strong>licet</strong></span> <span class='ocrx_word' id='word_1_650' title='bbox 1271 5045 1341 5099; x_wconf 91' lang='lat' dir='ltr'>ibi</span> <span class='ocrx_word' id='word_1_651' title='bbox 1387 5044 1590 5102; x_wconf 76' lang='lat' dir='ltr'><strong>fuerint</strong></span> <span class='ocrx_word' id='word_1_652' title='bbox 1623 5049 1770 5104; x_wconf 87' lang='lat' dir='ltr'><strong>multi</strong></span> <span class='ocrx_word' id='word_1_653' title='bbox 1800 5067 1987 5106; x_wconf 86' lang='lat' dir='ltr'><strong>eorum</strong></span> <span class='ocrx_word' id='word_1_654' title='bbox 2019 5070 2111 5108; x_wconf 61' lang='lat' dir='ltr'><strong>aco</strong></span> 
     </span>
    </p>
   </div>
   <div class='ocr_carea' id='block_1_94' title="bbox 539 5137 2112 5214">
    <p class='ocr_par' dir='ltr' id='par_1_94' title="bbox 539 5137 2112 5214">
     <span class='ocr_line' id='line_1_94' title="bbox 539 5137 2112 5214; baseline 0.011 -30"><span class='ocrx_word' id='word_1_655' title='bbox 539 5137 924 5205; x_wconf 84' lang='lat' dir='ltr'><strong>quirendorum</strong></span> <span class='ocrx_word' id='word_1_656' title='bbox 1003 5137 1206 5203; x_wconf 87' lang='lat' dir='ltr'><strong>cupidi,</strong></span> <span class='ocrx_word' id='word_1_657' title='bbox 1277 5139 1370 5193; x_wconf 87' lang='lat' dir='ltr'>sed</span> <span class='ocrx_word' id='word_1_658' title='bbox 1433 5143 1886 5211; x_wconf 88' lang='lat' dir='ltr'><strong>combusserunt;</strong></span> <span class='ocrx_word' id='word_1_659' title='bbox 1938 5147 2112 5214; x_wconf 90' lang='lat' dir='ltr'><strong>primo</strong></span> 
     </span>
    </p>
   </div>
   <div class='ocr_carea' id='block_1_95' title="bbox 618 5304 1070 5377">
    <p class='ocr_par' dir='ltr' id='par_1_95' title="bbox 618 5304 1070 5377">
     <span class='ocr_line' id='line_1_95' title="bbox 618 5304 1070 5377; baseline 0 -11"><span class='ocrx_word' id='word_1_660' title='bbox 618 5325 645 5352; x_wconf 77' lang='grc' dir='ltr'>ι</span> <span class='ocrx_word' id='word_1_661' title='bbox 669 5312 731 5366; x_wconf 89' lang='lat' dir='ltr'><strong>C.</strong></span> <span class='ocrx_word' id='word_1_662' title='bbox 765 5311 825 5364; x_wconf 78' lang='grc' dir='ltr'>Ο.</span> <span class='ocrx_word' id='word_1_663' title='bbox 857 5304 971 5377; x_wconf 84' lang='grc' dir='ltr'>οῦν,</span> <span class='ocrx_word' id='word_1_664' title='bbox 1003 5314 1070 5366; x_wconf 89' lang='grc' dir='ltr'>εί.</span> 
     </span>
    </p>
   </div>
   <div class='ocr_carea' id='block_1_96' title="bbox 548 5380 1936 5458">
    <p class='ocr_par' dir='ltr' id='par_1_96' title="bbox 548 5380 1936 5458">
     <span class='ocr_line' id='line_1_96' title="bbox 548 5380 1936 5458; baseline 0.003 -15"><span class='ocrx_word' id='word_1_665' title='bbox 548 5380 568 5418; x_wconf 68' lang='grc' dir='ltr'>ί</span> <span class='ocrx_word' id='word_1_666' title='bbox 606 5383 667 5436; x_wconf 87' lang='lat' dir='ltr'>C-</span> <span class='ocrx_word' id='word_1_667' title='bbox 701 5382 760 5436; x_wconf 66' lang='grc' dir='ltr'>(δι</span> <span class='ocrx_word' id='word_1_668' title='bbox 793 5397 902 5434; x_wconf 78' lang='grc' dir='ltr'>οιιι-</span> <span class='ocrx_word' id='word_1_669' title='bbox 926 5384 1044 5446; x_wconf 81' lang='grc' dir='ltr'>τάς.</span> <span class='ocrx_word' id='word_1_670' title='bbox 1121 5389 1276 5444; x_wconf 61' lang='lat' dir='ltr'><strong>uno.</strong></span> <span class='ocrx_word' id='word_1_671' title='bbox 1306 5388 1366 5443; x_wconf 82' lang='lat' dir='ltr'><strong>C.</strong></span> <span class='ocrx_word' id='word_1_672' title='bbox 1398 5380 1616 5458; x_wconf 46' lang='lat' dir='ltr'>‘oo&#39;xf&#39;i</span> <span class='ocrx_word' id='word_1_673' title='bbox 1649 5389 1710 5446; x_wconf 88' lang='lat' dir='ltr'><strong>C.</strong></span> <span class='ocrx_word' id='word_1_674' title='bbox 1736 5393 1794 5446; x_wconf 76' lang='grc' dir='ltr'>ϐ.</span> <span class='ocrx_word' id='word_1_675' title='bbox 1825 5396 1936 5447; x_wconf 76' lang='grc' dir='ltr'>ἐπὶ.</span> 
     </span>
    </p>
   </div>
   <div class='ocr_carea' id='block_1_97' title="bbox 618 5533 2119 5616">
    <p class='ocr_par' dir='ltr' id='par_1_97' title="bbox 618 5533 2119 5616">
     <span class='ocr_line' id='line_1_97' title="bbox 618 5533 2119 5616; baseline 0.013 -30"><span class='ocrx_word' id='word_1_676' title='bbox 618 5533 731 5616; x_wconf 61' lang='grc'>(18)</span> <span class='ocrx_word' id='word_1_677' title='bbox 867 5537 982 5616; x_wconf 56' lang='grc' dir='ltr'>ὁδον</span> <span class='ocrx_word' id='word_1_678' title='bbox 1015 5541 1164 5616; x_wconf 81' lang='grc' dir='ltr'>λέγει</span> <span class='ocrx_word' id='word_1_679' title='bbox 1206 5545 1298 5616; x_wconf 80' lang='grc' dir='ltr'>τὸν</span> <span class='ocrx_word' id='word_1_680' title='bbox 1328 5547 1598 5616; x_wconf 84' lang='grc' dir='ltr'>Χριστόν⁹</span> <span class='ocrx_word' id='word_1_681' title='bbox 1636 5551 1730 5602; x_wconf 71' lang='grc' dir='ltr'>καὶ</span> <span class='ocrx_word' id='word_1_682' title='bbox 1773 5552 1887 5614; x_wconf 75' lang='grc' dir='ltr'>ὁδὸς</span> <span class='ocrx_word' id='word_1_683' title='bbox 1940 5552 2119 5604; x_wconf 85' lang='grc' dir='ltr'>καλεῖ-</span> 
     </span>
    </p>
   </div>
   <div class='ocr_carea' id='block_1_98' title="bbox 545 5533 2116 5725">
    <p class='ocr_par' dir='ltr' id='par_1_98' title="bbox 545 5533 2116 5725">
     <span class='ocr_line' id='line_1_98' title="bbox 618 5533 2116 5656; baseline 0.013 -70"><span class='ocrx_word' id='word_1_684' title='bbox 769 5537 836 5589; x_wconf 90' lang='grc' dir='ltr'><em>Ἢ</em></span> <span class='ocrx_word' id='word_1_685' title='bbox 867 5537 982 5626; x_wconf 64' lang='grc' dir='ltr'>ὁδδν</span> <span class='ocrx_word' id='word_1_686' title='bbox 1015 5541 1164 5611; x_wconf 86' lang='grc' dir='ltr'>λέγει</span> <span class='ocrx_word' id='word_1_687' title='bbox 1206 5545 1298 5598; x_wconf 84' lang='grc' dir='ltr'>τὸν</span> <span class='ocrx_word' id='word_1_688' title='bbox 1328 5547 1598 5616; x_wconf 84' lang='grc' dir='ltr'>Χριστόν⁹</span> <span class='ocrx_word' id='word_1_689' title='bbox 1636 5551 1730 5631; x_wconf 71' lang='grc' dir='ltr'>καὶ</span> <span class='ocrx_word' id='word_1_690' title='bbox 1773 5552 1887 5614; x_wconf 75' lang='grc' dir='ltr'>ὁδὸς</span> <span class='ocrx_word' id='word_1_691' title='bbox 1940 5552 2116 5632; x_wconf 56' lang='grc' dir='ltr'>καλεῖς</span> 
     </span>
     <span class='ocr_line' id='line_1_99' title="bbox 545 5606 2116 5691; baseline 0.014 -38"><span class='ocrx_word' id='word_1_692' title='bbox 545 5619 660 5687; x_wconf 33' lang='grc' dir='ltr'>ται,</span> <span class='ocrx_word' id='word_1_693' title='bbox 723 5606 872 5675; x_wconf 75' lang='grc' dir='ltr'>,ὁδὸν</span> <span class='ocrx_word' id='word_1_694' title='bbox 897 5609 1043 5678; x_wconf 85' lang='grc' dir='ltr'>λεγει</span> <span class='ocrx_word' id='word_1_695' title='bbox 1069 5615 1165 5681; x_wconf 86' lang='grc' dir='ltr'>τὴν</span> <span class='ocrx_word' id='word_1_696' title='bbox 1197 5615 1380 5670; x_wconf 87' lang='grc' dir='ltr'>πίστιν</span> <span class='ocrx_word' id='word_1_697' title='bbox 1406 5618 1501 5688; x_wconf 83' lang='grc' dir='ltr'>τὴν</span> <span class='ocrx_word' id='word_1_698' title='bbox 1543 5619 1739 5690; x_wconf 85' lang='grc' dir='ltr'>ἀληθη.</span> <span class='ocrx_word' id='word_1_699' title='bbox 1771 5623 1869 5691; x_wconf 79' lang='grc' dir='ltr'>τὴν</span> <span class='ocrx_word' id='word_1_700' title='bbox 1907 5621 1994 5674; x_wconf 86' lang='grc' dir='ltr'>διὰ</span> <span class='ocrx_word' id='word_1_701' title='bbox 2022 5640 2116 5675; x_wconf 90' lang='grc' dir='ltr'>του</span> 
     </span>
     <span class='ocr_line' id='line_1_100' title="bbox 547 5670 2116 5725; baseline 0 0"><span class='ocrx_word' id='word_1_702' title='bbox 797 5681 1310 5725; x_wconf 62' lang='grc' dir='ltr'>καταγγελληηέυτίυ</span> <span class='ocrx_word' id='word_1_703' title='bbox 1359 5689 1426 5725; x_wconf 65' lang='grc' dir='ltr'>δι’</span> <span class='ocrx_word' id='word_1_704' title='bbox 1469 5690 1537 5725; x_wconf 45' lang='lat' dir='ltr'>au</span> <span class='ocrx_word' id='word_1_705' title='bbox 1571 5707 1655 5725; x_wconf 61' lang='lat' dir='ltr'>Et!</span> <span class='ocrx_word' id='word_1_706' title='bbox 1683 5691 1884 5725; x_wconf 52' lang='grc' dir='ltr'>Απεοῦιηυ</span> <span class='ocrx_word' id='word_1_707' title='bbox 1918 5692 2116 5725; x_wconf 59' lang='grc' dir='ltr'>διΛυεε-ιί</span> 
     </span>
    </p>
   </div>
   <div class='ocr_carea' id='block_1_99' title="bbox 599 5672 2118 5759">
    <p class='ocr_par' dir='ltr' id='par_1_99' title="bbox 599 5672 2118 5759">
     <span class='ocr_line' id='line_1_101' title="bbox 599 5672 2118 5759; baseline 0.016 -33"><span class='ocrx_word' id='word_1_708' title='bbox 599 5672 760 5730; x_wconf 77' lang='grc' dir='ltr'>αύλου</span> <span class='ocrx_word' id='word_1_709' title='bbox 797 5672 1332 5755; x_wconf 75' lang='grc' dir='ltr'>καταγγελλομένην,</span> <span class='ocrx_word' id='word_1_710' title='bbox 1359 5689 1426 5741; x_wconf 88' lang='grc' dir='ltr'>δι’</span> <span class='ocrx_word' id='word_1_711' title='bbox 1459 5672 1537 5756; x_wconf 81' lang='grc' dir='ltr'>’ἦν</span> <span class='ocrx_word' id='word_1_712' title='bbox 1571 5672 1655 5753; x_wconf 72' lang='grc' dir='ltr'>τις</span> <span class='ocrx_word' id='word_1_713' title='bbox 1683 5672 1884 5746; x_wconf 65' lang='grc' dir='ltr'>ὅδεύῶν</span> 
     </span>
    </p>
   </div>
   <div class='ocr_carea' id='block_1_100' title="bbox 1154 5316 2422 5399">
    <p class='ocr_par' dir='ltr' id='par_1_100' title="bbox 1154 5316 2422 5399">
     <span class='ocr_line' id='line_1_102' title="bbox 1154 5316 2422 5399; baseline 0.008 -29"><span class='ocrx_word' id='word_1_714' title='bbox 1398 5319 1472 5399; x_wconf 75' lang='grc' dir='ltr'>μῂ</span> <span class='ocrx_word' id='word_1_715' title='bbox 1499 5319 1618 5399; x_wconf 41' lang='grc' dir='ltr'>ἔχῃ,</span> <span class='ocrx_word' id='word_1_716' title='bbox 1656 5333 1711 5399; x_wconf 41' lang='lat' dir='ltr'>AG</span> <span class='ocrx_word' id='word_1_717' title='bbox 1942 5325 2422 5399; x_wconf 53' lang='grc' dir='ltr'>οημκατέχουσιν.</span> 
     </span>
    </p>
   </div>
   <div class='ocr_carea' id='block_1_101' title="bbox 2019 5396 3216 5468">
    <p class='ocr_par' dir='ltr' id='par_1_101' title="bbox 2019 5396 3216 5468">
     <span class='ocr_line' id='line_1_103' title="bbox 2019 5396 3216 5468; baseline 0.001 -20"><span class='ocrx_word' id='word_1_718' title='bbox 2019 5396 2031 5442; x_wconf 71' lang='grc' dir='ltr'>ἱ</span> <span class='ocrx_word' id='word_1_719' title='bbox 2061 5397 2122 5448; x_wconf 62' lang='grc' dir='ltr'>(ἆ.</span> <span class='ocrx_word' id='word_1_720' title='bbox 2150 5396 2207 5450; x_wconf 91' lang='lat' dir='ltr'><strong>C.</strong></span> <span class='ocrx_word' id='word_1_721' title='bbox 2237 5399 2623 5468; x_wconf 75' lang='grc' dir='ltr'>ἐπορκίζοντα.</span> <span class='ocrx_word' id='word_1_722' title='bbox 2698 5397 2726 5439; x_wconf 78' lang='grc' dir='ltr'>¹ι</span> <span class='ocrx_word' id='word_1_723' title='bbox 2753 5398 2816 5452; x_wconf 84' lang='lat' dir='ltr'><strong>C.</strong></span> <span class='ocrx_word' id='word_1_724' title='bbox 2841 5396 2904 5452; x_wconf 88' lang='lat' dir='ltr'><strong>C.</strong></span> <span class='ocrx_word' id='word_1_725' title='bbox 2932 5396 2994 5451; x_wconf 80' lang='grc' dir='ltr'>τὸ</span> <span class='ocrx_word' id='word_1_726' title='bbox 3017 5396 3216 5468; x_wconf 71' lang='grc' dir='ltr'>ὄνομα.</span> 
     </span>
    </p>
   </div>
   <div class='ocr_carea' id='block_1_102' title="bbox 2221 4505 3800 4578">
    <p class='ocr_par' dir='ltr' id='par_1_102' title="bbox 2221 4505 3800 4578">
     <span class='ocr_line' id='line_1_104' title="bbox 2221 4505 3800 4578; baseline -0.002 -19"><span class='ocrx_word' id='word_1_727' title='bbox 2221 4509 2395 4559; x_wconf 87' lang='grc' dir='ltr'>ποιεῖν</span> <span class='ocrx_word' id='word_1_728' title='bbox 2425 4507 2494 4558; x_wconf 74' lang='grc' dir='ltr'>τὰ</span> <span class='ocrx_word' id='word_1_729' title='bbox 2533 4505 2692 4569; x_wconf 75' lang='grc' dir='ltr'>αὐτὰ,</span> <span class='ocrx_word' id='word_1_730' title='bbox 2747 4506 2836 4560; x_wconf 84' lang='grc' dir='ltr'>ἵνα</span> <span class='ocrx_word' id='word_1_731' title='bbox 2881 4506 3088 4570; x_wconf 87' lang='grc' dir='ltr'>δίκαιος</span> <span class='ocrx_word' id='word_1_732' title='bbox 3119 4508 3346 4578; x_wconf 85' lang='grc' dir='ltr'>γένηται</span> <span class='ocrx_word' id='word_1_733' title='bbox 3382 4505 3524 4559; x_wconf 83' lang='grc' dir='ltr'>κατὰ</span> <span class='ocrx_word' id='word_1_734' title='bbox 3554 4506 3613 4558; x_wconf 79' lang='grc' dir='ltr'>τὸ</span> <span class='ocrx_word' id='word_1_735' title='bbox 3651 4507 3800 4575; x_wconf 77' lang='grc' dir='ltr'>εἰρη-</span> 
     </span>
    </p>
   </div>
   <div class='ocr_carea' id='block_1_103' title="bbox 2224 4597 3801 4671">
    <p class='ocr_par' dir='ltr' id='par_1_103' title="bbox 2224 4597 3801 4671">
     <span class='ocr_line' id='line_1_105' title="bbox 2224 4597 3801 4671; baseline -0.002 -18"><span class='ocrx_word' id='word_1_736' title='bbox 2224 4601 2419 4671; x_wconf 80' lang='grc' dir='ltr'>μένον³</span> <span class='ocrx_word' id='word_1_737' title='bbox 2448 4599 2597 4670; x_wconf 77' lang='grc' dir='ltr'>Λέγε</span> <span class='ocrx_word' id='word_1_738' title='bbox 2631 4601 2712 4654; x_wconf 83' lang='grc' dir='ltr'>σὺ</span> <span class='ocrx_word' id='word_1_739' title='bbox 2752 4602 2860 4666; x_wconf 84' lang='grc' dir='ltr'>τὰς</span> <span class='ocrx_word' id='word_1_740' title='bbox 2900 4602 3190 4670; x_wconf 76' lang='grc' dir='ltr'>ἁμαρτίας</span> <span class='ocrx_word' id='word_1_741' title='bbox 3243 4616 3360 4654; x_wconf 88' lang='grc' dir='ltr'>σου</span> <span class='ocrx_word' id='word_1_742' title='bbox 3405 4597 3664 4666; x_wconf 71' lang='grc' dir='ltr'>πρῶτον,</span> <span class='ocrx_word' id='word_1_743' title='bbox 3705 4599 3801 4650; x_wconf 70' lang='grc' dir='ltr'>ἵνα</span> 
     </span>
    </p>
   </div>
   <div class='ocr_carea' id='block_1_104' title="bbox 2217 4690 3797 4760">
    <p class='ocr_par' dir='ltr' id='par_1_104' title="bbox 2217 4690 3797 4760">
     <span class='ocr_line' id='line_1_106' title="bbox 2217 4690 3797 4760; baseline -0.001 -17"><span class='ocrx_word' id='word_1_744' title='bbox 2217 4690 2538 4758; x_wconf 73' lang='grc' dir='ltr'>δικαιωθῇς</span> <span class='ocrx_word' id='word_1_745' title='bbox 2570 4709 2585 4722; x_wconf 88' lang='grc'><strong>·</strong></span> <span class='ocrx_word' id='word_1_746' title='bbox 2625 4693 2715 4743; x_wconf 76' lang='grc' dir='ltr'>καὶ</span> <span class='ocrx_word' id='word_1_747' title='bbox 2774 4692 2858 4755; x_wconf 79' lang='grc' dir='ltr'>τὸ,</span> <span class='ocrx_word' id='word_1_748' title='bbox 2902 4693 3136 4757; x_wconf 76' lang='grc' dir='ltr'>Δίκαιος</span> <span class='ocrx_word' id='word_1_749' title='bbox 3171 4691 3389 4744; x_wconf 80' lang='grc' dir='ltr'>ἑαυτοῦ</span> <span class='ocrx_word' id='word_1_750' title='bbox 3436 4693 3797 4760; x_wconf 74' lang='grc' dir='ltr'>κατήγορος·</span> 
     </span>
    </p>
   </div>
   <div class='ocr_carea' id='block_1_105' title="bbox 2218 4779 3798 4853">
    <p class='ocr_par' dir='ltr' id='par_1_105' title="bbox 2218 4779 3798 4853">
     <span class='ocr_line' id='line_1_107' title="bbox 2218 4779 3798 4853; baseline -0.001 -20"><span class='ocrx_word' id='word_1_751' title='bbox 2218 4783 2463 4834; x_wconf 75' lang='grc' dir='ltr'>τοσοῦτοι</span> <span class='ocrx_word' id='word_1_752' title='bbox 2493 4781 2505 4818; x_wconf 81' lang='grc' dir='ltr'>ι</span> <span class='ocrx_word' id='word_1_753' title='bbox 2533 4782 2591 4834; x_wconf 83' lang='grc' dir='ltr'>δέ</span> <span class='ocrx_word' id='word_1_754' title='bbox 2631 4779 2772 4853; x_wconf 75' lang='grc' dir='ltr'>ἦσαν</span> <span class='ocrx_word' id='word_1_755' title='bbox 2812 4784 3130 4837; x_wconf 82' lang='grc' dir='ltr'>κατείδιυλοι</span> <span class='ocrx_word' id='word_1_756' title='bbox 3163 4785 3212 4837; x_wconf 87' lang='grc' dir='ltr'>οί</span> <span class='ocrx_word' id='word_1_757' title='bbox 3277 4784 3518 4851; x_wconf 75' lang='grc' dir='ltr'>Ἐφέσιοι</span> <span class='ocrx_word' id='word_1_758' title='bbox 3546 4784 3640 4834; x_wconf 73' lang='grc' dir='ltr'>καὶ</span> <span class='ocrx_word' id='word_1_759' title='bbox 3672 4782 3798 4849; x_wconf 67' lang='grc' dir='ltr'>γόη-</span> 
     </span>
    </p>
   </div>
   <div class='ocr_carea' id='block_1_106' title="bbox 2217 4872 3800 4946">
    <p class='ocr_par' dir='ltr' id='par_1_106' title="bbox 2217 4872 3800 4946">
     <span class='ocr_line' id='line_1_108' title="bbox 2217 4872 3800 4946; baseline -0.001 -21"><span class='ocrx_word' id='word_1_760' title='bbox 2217 4889 2328 4936; x_wconf 87' lang='grc' dir='ltr'>τες,</span> <span class='ocrx_word' id='word_1_761' title='bbox 2353 4873 2432 4926; x_wconf 84' lang='grc' dir='ltr'>ὃτι</span> <span class='ocrx_word' id='word_1_762' title='bbox 2463 4874 2559 4926; x_wconf 76' lang='grc' dir='ltr'>καὶ</span> <span class='ocrx_word' id='word_1_763' title='bbox 2593 4874 2908 4946; x_wconf 83' lang='grc' dir='ltr'>πολυτίμως</span> <span class='ocrx_word' id='word_1_764' title='bbox 2939 4875 3038 4939; x_wconf 82' lang='grc' dir='ltr'>τὰς</span> <span class='ocrx_word' id='word_1_765' title='bbox 3067 4873 3433 4943; x_wconf 82' lang='grc' dir='ltr'>γοητευτικὰς</span> <span class='ocrx_word' id='word_1_766' title='bbox 3466 4872 3800 4926; x_wconf 82' lang='grc' dir='ltr'>κατεσκεύα-</span> 
     </span>
    </p>
   </div>
   <div class='ocr_carea' id='block_1_107' title="bbox 2219 4963 3796 5038">
    <p class='ocr_par' dir='ltr' id='par_1_107' title="bbox 2219 4963 3796 5038">
     <span class='ocr_line' id='line_1_109' title="bbox 2219 4963 3796 5038; baseline -0.002 -20"><span class='ocrx_word' id='word_1_767' title='bbox 2219 4966 2312 5030; x_wconf 81' lang='grc' dir='ltr'>ζον</span> <span class='ocrx_word' id='word_1_768' title='bbox 2351 4966 2566 5036; x_wconf 73' lang='grc' dir='ltr'>βίϐλους</span> <span class='ocrx_word' id='word_1_769' title='bbox 2589 5009 2603 5031; x_wconf 93' lang='grc'>,</span> <span class='ocrx_word' id='word_1_770' title='bbox 2649 4968 2725 5031; x_wconf 84' lang='grc' dir='ltr'>ὡς</span> <span class='ocrx_word' id='word_1_771' title='bbox 2781 4967 2890 5021; x_wconf 91' lang='grc' dir='ltr'>τῶν</span> <span class='ocrx_word' id='word_1_772' title='bbox 2923 4968 2980 5020; x_wconf 88' lang='grc' dir='ltr'>ἐν</span> <span class='ocrx_word' id='word_1_773' title='bbox 3012 4967 3112 5038; x_wconf 79' lang='grc' dir='ltr'>βίῳ</span> <span class='ocrx_word' id='word_1_774' title='bbox 3144 4967 3387 5037; x_wconf 81' lang='grc' dir='ltr'>ἐχουσῶν</span> <span class='ocrx_word' id='word_1_775' title='bbox 3412 4965 3479 5019; x_wconf 84' lang='grc' dir='ltr'>τὰ</span> <span class='ocrx_word' id='word_1_776' title='bbox 3507 4963 3796 5018; x_wconf 72' lang='grc' dir='ltr'>κάλλιστα·</span> 
     </span>
    </p>
   </div>
   <div class='ocr_carea' id='block_1_108' title="bbox 2220 5055 3800 5128">
    <p class='ocr_par' dir='ltr' id='par_1_108' title="bbox 2220 5055 3800 5128">
     <span class='ocr_line' id='line_1_110' title="bbox 2220 5055 3800 5128; baseline -0.002 -17"><span class='ocrx_word' id='word_1_777' title='bbox 2220 5057 2460 5127; x_wconf 78' lang='grc' dir='ltr'>ἆπερείς</span> <span class='ocrx_word' id='word_1_778' title='bbox 2487 5057 2722 5128; x_wconf 84' lang='grc' dir='ltr'>Χριστὸν</span> <span class='ocrx_word' id='word_1_779' title='bbox 2759 5057 3152 5122; x_wconf 81' lang='grc' dir='ltr'>πιστεύσαντες</span> <span class='ocrx_word' id='word_1_780' title='bbox 3195 5057 3294 5110; x_wconf 77' lang='grc' dir='ltr'>οὐκ</span> <span class='ocrx_word' id='word_1_781' title='bbox 3330 5055 3646 5125; x_wconf 81' lang='grc' dir='ltr'>ἐπώλησαν,</span> <span class='ocrx_word' id='word_1_782' title='bbox 3688 5058 3800 5108; x_wconf 86' lang='grc' dir='ltr'>καί·</span> 
     </span>
    </p>
   </div>
   <div class='ocr_carea' id='block_1_109' title="bbox 2218 5147 3800 5218">
    <p class='ocr_par' dir='ltr' id='par_1_109' title="bbox 2218 5147 3800 5218">
     <span class='ocr_line' id='line_1_111' title="bbox 2218 5147 3800 5218; baseline -0.003 -16"><span class='ocrx_word' id='word_1_783' title='bbox 2218 5166 2368 5218; x_wconf 85' lang='grc' dir='ltr'>τοιγε</span> <span class='ocrx_word' id='word_1_784' title='bbox 2389 5151 2564 5204; x_wconf 76' lang='grc' dir='ltr'>ἄλλων</span> <span class='ocrx_word' id='word_1_785' title='bbox 2585 5152 2761 5204; x_wconf 82' lang='grc' dir='ltr'>ἐκεῖσε</span> <span class='ocrx_word' id='word_1_786' title='bbox 2784 5150 3045 5204; x_wconf 89' lang='grc' dir='ltr'>τοιούτων</span> <span class='ocrx_word' id='word_1_787' title='bbox 3059 5159 3098 5187; x_wconf 75' lang='grc' dir='ltr'>ω</span> <span class='ocrx_word' id='word_1_788' title='bbox 3112 5148 3281 5204; x_wconf 77' lang='grc' dir='ltr'>ὄντων</span> <span class='ocrx_word' id='word_1_789' title='bbox 3296 5148 3403 5201; x_wconf 90' lang='grc' dir='ltr'>τῶν</span> <span class='ocrx_word' id='word_1_790' title='bbox 3427 5148 3690 5202; x_wconf 88' lang='grc' dir='ltr'>θελόντων</span> <span class='ocrx_word' id='word_1_791' title='bbox 3710 5147 3800 5209; x_wconf 65' lang='grc' dir='ltr'>τὰς</span> 
     </span>
    </p>
   </div>
   <div class='ocr_carea' id='block_1_110' title="bbox 2536 5319 3796 5452">
    <p class='ocr_par' dir='ltr' id='par_1_110' title="bbox 2536 5319 3796 5452">
     <span class='ocr_line' id='line_1_112' title="bbox 2536 5319 3796 5398; baseline -0.004 -16"><span class='ocrx_word' id='word_1_792' title='bbox 2536 5327 2563 5366; x_wconf 69' lang='grc' dir='ltr'>ἀ</span> <span class='ocrx_word' id='word_1_793' title='bbox 2600 5327 2690 5382; x_wconf 88' lang='lat' dir='ltr'><strong>Sic</strong></span> <span class='ocrx_word' id='word_1_794' title='bbox 2722 5326 2854 5381; x_wconf 88' lang='lat' dir='ltr'><strong>Cod.</strong></span> <span class='ocrx_word' id='word_1_795' title='bbox 2888 5327 3103 5398; x_wconf 87' lang='grc' dir='ltr'>ὡράρια</span> <span class='ocrx_word' id='word_1_796' title='bbox 3129 5324 3357 5382; x_wconf 76' lang='lat' dir='ltr'><strong>(Eoum.</strong></span> <span class='ocrx_word' id='word_1_797' title='bbox 3439 5336 3464 5364; x_wconf 77' lang='grc' dir='ltr'><strong><em>ο</em></strong></span> <span class='ocrx_word' id='word_1_798' title='bbox 3492 5323 3554 5380; x_wconf 89' lang='lat' dir='ltr'><strong>C.</strong></span> <span class='ocrx_word' id='word_1_799' title='bbox 3587 5325 3649 5378; x_wconf 92' lang='lat' dir='ltr'><strong>C.</strong></span> <span class='ocrx_word' id='word_1_800' title='bbox 3677 5319 3796 5378; x_wconf 71' lang='grc' dir='ltr'>οἶοι.</span> 
     </span>
     <span class='ocr_line' id='line_1_113' title="bbox 2536 5394 3796 5452; baseline -0.004 0"><span class='ocrx_word' id='word_1_801' title='bbox 2536 5417 2623 5452; x_wconf 88' lang='grc' dir='ltr'>τα.</span> <span class='ocrx_word' id='word_1_802' title='bbox 2698 5397 2726 5439; x_wconf 80' lang='grc' dir='ltr'>Ιι</span> <span class='ocrx_word' id='word_1_803' title='bbox 2753 5398 2816 5452; x_wconf 85' lang='lat' dir='ltr'><strong>C.</strong></span> <span class='ocrx_word' id='word_1_804' title='bbox 2841 5396 2904 5452; x_wconf 89' lang='lat' dir='ltr'><strong>C.</strong></span> <span class='ocrx_word' id='word_1_805' title='bbox 2932 5398 2994 5451; x_wconf 85' lang='grc' dir='ltr'>τὸ</span> <span class='ocrx_word' id='word_1_806' title='bbox 3021 5397 3216 5452; x_wconf 78' lang='grc' dir='ltr'>ὄνομα.</span> <span class='ocrx_word' id='word_1_807' title='bbox 3299 5394 3318 5434; x_wconf 73' lang='lat'><strong>1</strong></span> <span class='ocrx_word' id='word_1_808' title='bbox 3348 5396 3410 5452; x_wconf 88' lang='lat' dir='ltr'><strong>C.</strong></span> <span class='ocrx_word' id='word_1_809' title='bbox 3434 5396 3495 5452; x_wconf 90' lang='lat' dir='ltr'><strong>C.</strong></span> <span class='ocrx_word' id='word_1_810' title='bbox 3531 5396 3796 5449; x_wconf 76' lang='grc' dir='ltr'>τοσοῦτον.</span> 
     </span>
    </p>
   </div>
   <div class='ocr_carea' id='block_1_111' title="bbox 3396 5413 3797 5452">
    <p class='ocr_par' dir='ltr' id='par_1_111' title="bbox 3396 5413 3797 5452">
     <span class='ocr_line' id='line_1_114' title="bbox 3396 5413 3797 5452; baseline -0.015 1"><span class='ocrx_word' id='word_1_811' title='bbox 3396 5437 3410 5452; x_wconf 78' lang='lat'><em>.</em></span> <span class='ocrx_word' id='word_1_812' title='bbox 3434 5413 3495 5452; x_wconf 62' lang='grc' dir='ltr'>ιλ.</span> <span class='ocrx_word' id='word_1_813' title='bbox 3531 5413 3797 5449; x_wconf 72' lang='grc' dir='ltr'>τοσουτον.</span> 
     </span>
    </p>
   </div>
   <div class='ocr_carea' id='block_1_112' title="bbox 2230 5552 3800 5625">
    <p class='ocr_par' dir='ltr' id='par_1_112' title="bbox 2230 5552 3800 5625">
     <span class='ocr_line' id='line_1_115' title="bbox 2230 5552 3800 5625; baseline -0.004 -15"><span class='ocrx_word' id='word_1_814' title='bbox 2230 5555 2323 5610; x_wconf 77' lang='grc' dir='ltr'>ἐπί</span> <span class='ocrx_word' id='word_1_815' title='bbox 2360 5555 2455 5625; x_wconf 80' lang='grc' dir='ltr'>τὴν</span> <span class='ocrx_word' id='word_1_816' title='bbox 2487 5555 2766 5625; x_wconf 80' lang='grc' dir='ltr'>βασιλείαν</span> <span class='ocrx_word' id='word_1_817' title='bbox 2804 5555 2912 5608; x_wconf 90' lang='grc' dir='ltr'>τῶν</span> <span class='ocrx_word' id='word_1_818' title='bbox 2948 5554 3218 5624; x_wconf 83' lang='grc' dir='ltr'>οὐρανῶν.</span> <span class='ocrx_word' id='word_1_819' title='bbox 3262 5552 3375 5608; x_wconf 85' lang='lat' dir='ltr'><strong>Hoc</strong></span> <span class='ocrx_word' id='word_1_820' title='bbox 3419 5554 3683 5607; x_wconf 77' lang='lat' dir='ltr'><strong>scholinir.</strong></span> <span class='ocrx_word' id='word_1_821' title='bbox 3717 5569 3800 5604; x_wconf 79' lang='lat' dir='ltr'><strong>ra-</strong></span> 
     </span>
    </p>
   </div>
   <div class='ocr_carea' id='block_1_113' title="bbox 2228 5597 3801 5695">
    <p class='ocr_par' dir='ltr' id='par_1_113' title="bbox 2228 5597 3801 5695">
     <span class='ocr_line' id='line_1_116' title="bbox 2228 5597 3801 5695; baseline -0.001 -18"><span class='ocrx_word' id='word_1_822' title='bbox 2228 5597 2350 5695; x_wconf 69' lang='grc' dir='ltr'>ζρὶιὶι</span> <span class='ocrx_word' id='word_1_823' title='bbox 2402 5597 2776 5679; x_wconf 60' lang='grc' dir='ltr'>ὰι-εῗιῖιίτῖἰῖιὶὶ</span> <span class='ocrx_word' id='word_1_824' title='bbox 2814 5597 3218 5695; x_wconf 59' lang='grc' dir='ltr'>’ἔιὶτὶξὸᾗὸῖηῖ</span> <span class='ocrx_word' id='word_1_825' title='bbox 3262 5597 3664 5694; x_wconf 54' lang='grc' dir='ltr'>ΒΫδῘέΪῖἱυξ</span> <span class='ocrx_word' id='word_1_826' title='bbox 3687 5632 3801 5691; x_wconf 78' lang='lat' dir='ltr'><strong>post</strong></span> 
     </span>
    </p>
   </div>
   <div class='ocr_carea' id='block_1_114' title="bbox 2227 5693 3610 5764">
    <p class='ocr_par' dir='ltr' id='par_1_114' title="bbox 2227 5693 3610 5764">
     <span class='ocr_line' id='line_1_117' title="bbox 2227 5693 3610 5764; baseline -0.001 -14"><span class='ocrx_word' id='word_1_827' title='bbox 2227 5693 2361 5750; x_wconf 89' lang='lat' dir='ltr'><strong>Cod.</strong></span> <span class='ocrx_word' id='word_1_828' title='bbox 2387 5695 2550 5750; x_wconf 79' lang='lat' dir='ltr'><strong>Coisl.</strong></span> <span class='ocrx_word' id='word_1_829' title='bbox 2585 5695 2873 5752; x_wconf 83' lang='lat' dir='ltr'><strong>Ammonio</strong></span> <span class='ocrx_word' id='word_1_830' title='bbox 2903 5693 3294 5753; x_wconf 79' lang='lat' dir='ltr'><strong>restituendum</strong></span> <span class='ocrx_word' id='word_1_831' title='bbox 3334 5704 3610 5764; x_wconf 84' lang='lat' dir='ltr'><strong>putamus.</strong></span> 
     </span>
    </p>
   </div>
  </div>
