4064 6404
297 329 425 398 1577
1208 317 1673 380 FRAGMENTA
1703 315 1786 376 IN
1828 278 2021 376 ACTA
2056 312 2640 375 APOSTOLORUM.
3421 312 3559 377 1573

295 445 508 519 βίϐλους
538 440 862 513 κτήσασθαι,
904 437 1018 493 ἀλλ’
1052 435 1292 490 ἔκαυσαν
1315 449 1330 464 ·
1381 431 1600 503 πρῶτον
1636 429 1737 501 μὲν
1770 428 1862 483 ἵνα
1893 475 1900 492 Α

1967 427 2184 498 quidem
2208 442 2277 483 ne
2293 429 2437 496 quis,
2457 443 2555 498 per
2572 444 2653 495 se,
2688 430 2822 484 mala
2848 424 2932 483 illa
2960 430 3261 483 anlmarum
3294 440 3445 499 peste
3469 430 3557 483 ina

298 541 455 611 μήτις
490 534 740 606 μετάσχῃ
781 532 879 602 τῆς
920 530 1014 584 ἀπ’
1058 527 1237 583 αὐτῶν
1268 525 1619 598 ψυχοφθόρου
1658 520 1861 593 λύμης

1976 521 2231 577 ficeretur
2261 539 2278 589 ;
2304 520 2502 576 deinde
2545 535 2612 576 ne
2662 537 2732 575 ex
2782 520 2873 576 illo
2907 520 3055 576 fonte
3093 520 3389 590 quidquam
3421 520 3556 576 lucri

294 633 481 686 ἔπειτα
514 627 571 681 δὲ
616 626 705 681 ἵνα
740 626 815 696 μὴ
838 623 947 677 ἀπὸ
986 619 1248 691 τοιαύτης
1281 618 1463 681 αἰτίας
1492 613 1805 687 κτήσωνται
1838 623 1867 651 ιι

1977 614 2259 680 facerent;
2296 612 2440 668 sicut
2468 613 2614 667 enim
2668 627 2775 667 non
2818 612 2944 668 licet
2982 612 3157 682 stupri
3195 613 3431 682 pretium
3469 624 3560 668 aut

292 740 362 777 τι.
395 722 608 789 ’Ὠσπερ
635 717 744 787 γὰρ
796 713 1178 785 ἀπηγόρευται
1216 710 1277 764 τὺ
1314 708 1408 763 τοῦ
1440 705 1606 770 κυνὸς
1626 705 1870 776 τίμημα,

1976 703 2355 758 fornicationis
2391 704 2694 759 mercedem
2729 703 2838 760 Deo
2862 702 3079 773 olferre,
3108 705 3188 761 sic
3221 705 3424 760 bonum
3453 721 3558 761 non

292 813 411 887 ἢτὸ
463 813 573 867 ἀπὸ
621 810 878 883 πορνείας
927 806 1120 879 κέρδος
1156 803 1457 877 προσάγειν
1497 799 1642 871 Θεῷ,
1698 797 1873 861 οὓτως

1977 804 2308 851 censuerunt
2362 797 2648 867 pecuniam
2697 796 2824 853 inde
2857 806 3035 853 ortam
3074 797 3145 853 ad
3187 798 3559 868 apostolorum

292 886 408 961 οὐδὲ
439 907 501 960 τὸ
531 907 596 959 ἐκ
618 905 716 975 τῆς
742 902 919 965 αἰτίας
946 899 1155 969 ταύτης
1183 895 1452 968 ἀργύριον
1474 893 1701 964 τεθῆναι
1724 890 1876 961 παρὰ

802 902 919 965 τίας
946 899 1155 969 ταύτης
1183 895 1452 968 ἀργύριον
1474 893 1701 964 τεθῆναι
1724 890 1876 961 παρὰ
1978 891 2142 961 pedes
2190 886 2407 944 aﬂ'erre.

290 1000 417 1060 τοὺς
448 996 557 1051 τῶν
578 993 894 1049 ἀποστόλων
930 990 1096 1053 πόδας
1118 988 1327 1043 δίκαιον
1372 985 1619 1057 ἔκριναν.

369 1110 388 1143 ι
421 1088 529 1153 Οὓς
590 1085 978 1157 συναθροίσας,
1030 1084 1124 1137 καί¹
1170 1082 1300 1144 τοὺς
1353 1081 1486 1149 περὶ
1531 1078 1600 1131 τὰ
1647 1073 1877 1129 τοιαῦτα

2051 1069 2216 1126 Vens.
2250 1068 2340 1124 25.
2373 1087 2393 1122 ι
2432 1069 2581 1135 Quos
2630 1085 2963 1138 convocans,
3012 1082 3067 1129 et
3100 1088 3196 1129 eos
3241 1076 3335 1145 qui
3374 1075 3563 1157 hujus-

293 1184 550 1256 ἐργάτας,
574 1178 747 1236 εῐπεψ
766 1179 1014 1250 ΙἌνδρες,
1043 1172 1345 1228 ἐπίστασθε
1361 1173 1445 1227 δτι
1463 1172 1527 1225 ἐκ
1552 1169 1759 1239 ταύτης
1778 1167 1878 1238 τῆς

1980 1163 2125 1217 modi
2171 1172 2332 1217 erant
2362 1163 2602 1235 opifices,
2636 1165 2813 1220 dixit:
2842 1166 2979 1233 Viri,
3016 1168 3168 1224 sci-tis
3196 1169 3321 1238 quia
3353 1170 3420 1225 de
3448 1173 3550 1226 hoc

293 1255 555 1349 ἐργασίας
588 1275 622 1345 ἡ
653 1271 889 1343 εὐπορία
917 1268 1080 1341 ἡμῶν
1113 1269 1253 1321 ἐστι.
1302 1283 1322 1318 ι

1318 1291 1322 1311 ,
1981 1255 2215 1312 artiﬁcio
2243 1267 2328 1312 est
2352 1259 2514 1315 nobis
2548 1258 2862 1329 acquisitio.
2904 1278 2923 1313 ι

366 1369 523 1441 ’ῌδει
546 1366 642 1420 οῦν
667 1367 696 1419 ὁ
711 1364 1024 1435 Δημήτριος
1045 1361 1128 1414 ὃτι
1155 1356 1346 1428 ἠπάτα
1370 1354 1500 1417 τοὺς
1522 1350 1878 1423 ἀνθρώπους,

2052 1345 2171 1402 Non
2226 1350 2509 1405 nesciebat
2552 1349 2864 1408 Demetrius
2900 1367 2961 1408 se
3014 1352 3265 1407 homines
3294 1353 3565 1424 decipere.

292 1462 462 1516 ποιῶν
494 1461 679 1522 αὐτοῖς
729 1456 901 1519 ναοὺς
953 1454 1050 1508 καὶ
1091 1451 1249 1514 θεοὺς
1296 1445 1575 1521 ἀργυροῦς
1598 1464 1611 1476 ·
1640 1444 1736 1498 καὶ
1761 1443 1879 1497 ἐδε-

1980 1439 2064 1493 eis
2098 1440 2297 1508 templa
2330 1450 2384 1495 et
2411 1441 2543 1497 deos
2574 1456 2642 1498 ex
2673 1453 2898 1513 argento
2923 1443 3237 1510 facientem,
3272 1454 3331 1499 et
3358 1456 3568 1499 metue-

292 1553 394 1607 δίει
416 1565 442 1592 ο
483 1554 560 1623 μὴ
601 1547 835 1619 ἐλεγχθῇ
873 1544 1040 1601 αὐτοῦ
1064 1545 1097 1613 ἡ
1127 1539 1449 1614 ρᾳδιονργία
1489 1538 1583 1591 καὶ
1609 1538 1643 1608 ἡ
1666 1535 1877 1607 ἀπάτη,

1982 1530 2077 1586 bat
2104 1546 2170 1584 ne
2198 1532 2619 1588 convinceretur
2657 1533 2774 1604 ejus
2805 1534 2959 1591 fraus
2988 1543 3044 1590 et
3078 1534 3325 1605 deceptio
3350 1552 3449 1606 per
3477 1552 3569 1592 ve-

292 1643 383 1697 δια
431 1643 531 1713 τῆς
581 1639 819 1711 ἀληθοῦς
851 1635 945 1691 τοῦ
978 1635 1197 1689 Παύλου
1230 1631 1474 1702 διδαχῆς.
1535 1626 1882 1697 Σημειωτὲον

1986 1639 2101 1677 ram
2140 1623 2293 1679 Pauli
2333 1625 2668 1682 doctrinam.
2722 1626 3033 1683 Notandum
3083 1638 3167 1685 est
3196 1638 3379 1685 autem
3424 1640 3573 1685 tanto

293 1734 349 1788 δὲ
378 1735 464 1788 δτι
492 1731 750 1786 τοσοῦτον
776 1729 1079 1798 διέλαμπεν
1124 1727 1157 1797 ἡ
1207 1721 1418 1794 ἀληθὴς
1458 1720 1661 1785 πίστις,
1703 1717 1882 1771 καίτοι

1987 1714 2196 1784 fulgore
2242 1716 2584 1788 splenduisse
2616 1734 2801 1775 veram
2831 1719 3020 1787 fidem,
3050 1721 3301 1790 quamvis
3333 1724 3570 1777 nondum

498 1784 1089 1894 situmsitum-161$
1130 1784 1628 1885 τῆςοίκουμένης,
1664 1810 1748 1863 ὅτι
1778 1810 1885 1878 Δη.

1989 1784 2305 1863 universum
2331 1809 2520 1864 orbem
2547 1811 2849 1880 subegerit,
2880 1819 2940 1866 ut
2970 1784 3177 1867 veritus
3195 1812 3362 1868 fuerit
3386 1815 3576 1868 Deme-

296 1920 535 1991 μήτριος
596 1915 828 1977 ἐδεδίει,
892 1910 969 1983 μὴ
1010 1910 1103 1963 καὶ
1153 1909 1235 1971 είς
1278 1905 1429 1968 τέλος
1471 1902 1746 1974 ἀπόληται
1780 1901 1885 1971 τῆς

1991 1899 2131 1955 trins
2179 1915 2249 1955 ne
2299 1910 2644 1957 everteretur
2683 1902 2873 1958 Diana:
2900 1904 3158 1974 templum
3185 1903 3521 1976 Ephesiuum
3558 1923 3573 1973 ;

307 1990 630 2084 Ἀρτέμιδος
679 2010 708 2061 ὁ
755 2009 814 2061 ἐν
881 2005 1094 2074 Ἐφέσῳ
1132 2002 1261 2064 ναός
1291 2018 1304 2032 ·
1354 1998 1453 2053 καὶ
1506 1995 1885 2070 προανεφώνει

1991 1990 2174 2061 templi
2226 2001 2408 2048 autem
2442 2007 2606 2063 quam
2648 1995 3038 2064 praenuntiavit
3066 1997 3426 2064 eversionem,
3464 1998 3579 2053 haec

292 2083 398 2174 τὴν
423 2101 702 2156 ἀπώλειαν
730 2096 825 2151 τοῦ
851 2095 1004 2160 ναοῦ,
1034 2094 1067 2147 ὃ
1102 2094 1195 2148 καὶ
1216 2084 1602 2161 γέγονεν“(19).
1989 2083 2207 2139 accidit.

372 2215 393 2247 ‹
413 2191 601 2246 ’Ἄλλοι
625 2190 725 2261 μὲν
747 2184 840 2244 οῦν
858 2188 989 2242 ἄλλο
1012 2204 1068 2240 τι
1097 2184 1354 2257 ἔκραζονο
1377 2179 1446 2256 ἦν
1458 2181 1622 2252 γὰρὴ
1657 2179 1888 2250 Ἐκκληο

2066 2175 2228 2233 Vens.
2278 2179 2371 2235 32.
2433 2198 2454 2232 ι
2496 2179 2603 2234 Alii
2644 2189 2827 2236 autem
2871 2180 3019 2238 aliud
3060 2182 3413 2255 clamabant;
3462 2202 3579 2245 erat

297 2289 391 2341 σία
428 2283 837 2355 συγκεχυμένη,
868 2283 965 2336 καὶ
997 2281 1048 2334 oi
1084 2278 1303 2341 πλείους
1330 2276 1435 2330 οὐκ
1464 2275 1708 2346 ᾔδεισαν,
1743 2273 1887 2336 τίνος

1991 2269 2135 2324 enim
2168 2268 2413 2328 Ecclesia
2437 2271 2702 2341 confusa;
2733 2283 2790 2329 et
2820 2272 3002 2344 plures
3031 2277 3347 2334 nesciebant
3372 2297 3479 2351 qua
3508 2285 3575 2339 de

291 2377 316 2428 ἐ
328 2392 465 2429 νεκα
489 2370 974 2442 συνεληλύθεισαν.
1021 2389 1040 2422 ι

1993 2376 2157 2417 causa
2197 2364 2602 2421 convenissent.
2652 2385 2672 2421 ι

367 2467 622 2520 Δείκνυσι
647 2463 746 2536 τὴν
764 2463 990 2535 ἄκριτον
1019 2459 1165 2515 κατὰ
1197 2456 1293 2511 τοῦ
1327 2455 1546 2510 Παύλου
1575 2452 1887 2506 ἐπανάστα-

2065 2453 2432 2510 luordinatum
2463 2456 2700 2514 fuissein
2727 2460 2951 2518 Paulum
3005 2465 3293 2521 tumultum
3339 2469 3583 2522 ostendi-

298 2576 386 2613 σιν
412 2574 427 2589 ·
461 2559 542 2612 ὃτι
573 2556 638 2628 δὴ
666 2556 762 2610 καὶ
807 2552 1043 2624 ἠγνόουν
1069 2550 1216 2614 τινὲς
1251 2545 1655 2612 καταϐοῶντες,
1689 2544 1775 2615 ἐφ’
1808 2536 1891 2607 οἷς

1999 2555 2106 2610 tur,
2142 2546 2409 2616 siquidem
2428 2551 2886 2609 conclamantium
2909 2555 3095 2626 plures
3123 2558 3439 2614 nesciebant
3473 2577 3582 2631 qua

300 2649 663 2721 συναχθέντες
702 2647 960 2718 ἔκραζον.

1994 2636 2061 2690 de
2087 2650 2251 2691 causa
2283 2638 2733 2699 vociferarentur.

377 2760 397 2793 ι
436 2737 917 2815 Καταστείλαςδὲ
954 2738 983 2790 ὁ
1022 2733 1392 2805 γραμματεὺς
1421 2730 1514 2785 τὸν
1545 2729 1727 2801 ὄχλον,
1783 2746 1892 2815 φη-

2067 2727 2233 2786 Vens.
2266 2731 2355 2787 '55.
2417 2749 2436 2784 ‹
2486 2730 2707 2789 Etcum
2734 2736 2979 2792 sedasset
3031 2737 3213 2794 scriba
3242 2742 3451 2807 turbas,
3500 2742 3584 2796 di-

299 2831 420 2887 ciV'
455 2829 686 2898 ’Ἄνδρες
727 2814 989 2896 Ἐφέσιοι,
1021 2824 1107 2886 τίς
1140 2822 1247 2891 γάρ
1280 2821 1430 2873 ἔστιν
1476 2816 1805 2888 ἀνθρώπων,
1829 2814 1893 2878 ὃς

1998 2821 2076 2875 xit
2102 2819 2249 2877 :Viri
2270 2824 2656 2895 Epliesii,quis
2671 2826 2816 2881 enim
2846 2829 3218 2885 estltominum
3249 2832 3342 2901 qui
3376 2834 3584 2889 nesciat

294 2924 406 2980 οὐκ
429 2917 795 2988 ἐπιγινώσκει.
834 2914 936 2989 τὴν
970 2914 1084 2969 τῶν
1130 2911 1394 2981 Ἐφεσίων
1435 2908 1592 2962 πόλιν
1622 2906 1894 2977 νεωκόρον

1997 2911 2358 2982 Ephesiorum
2382 2915 2665 2973 civitatem
2691 2918 2973 2976 cultricem
2998 2934 3121 2978 esse
3147 2937 3357 2994 magna:
3378 2923 3582 2993 Dianae,

297 3010 475 3071 οὖσαν
522 3013 625 3084 τῆς
695 3009 945 3082 μεγάλης
1019 3002 1343 3078 Ἀρτέμιδος
1393 3002 1490 3056 καὶ
1552 2999 1650 3053 τοῦ
1714 2998 1894 3051 διοπε-

944 3028 945 3033 η
1019 3002 1343 3078 Ἀρτέμιδος
1393 3002 1490 3056 καὶ
1552 2999 1650 3053 τοῦ
1714 2998 1894 3051 διοπε-
1996 3002 2549 3076 Jovisqueprolis‘h

300 3124 437 3170 τους
458 3124 476 3174 ;
505 3124 524 3156 ι

379 3124 524 3174 υςςι

379 3196 491 3251 Καὶ
512 3195 620 3250 τοῦ
649 3191 991 3258 διοπετοῦς,
1040 3187 1138 3242 τοῦ
1170 3185 1299 3241 ναοῦ
1336 3182 1431 3239 τοῦ
1465 3182 1620 3247 Διός·
1650 3182 1769 3251 ἤτοι
1798 3180 1895 3235 τοῦ
1925 3123 1971 3183 c

2077 3184 2327 3257 Iovisque
2347 3187 2535 3255 prolis,
2565 3189 2616 3244 id
2641 3201 2742 3256 est,
2773 3192 2955 3263 templi
2989 3191 3173 3262 Iovis;
3201 3204 3296 3250 aut
3319 3198 3541 3253 rotundi
3569 3217 3584 3264 ;

307 3283 836 3356 στρογγυλοειδοῦςο
874 3283 908 3354 ἦ
944 3280 1150 3353 μᾶλλον
1192 3279 1333 3346 ὅπερ
1384 3275 1479 3331 καὶ
1520 3274 1723 3346 ἀληθές
1756 3275 1896 3338 ἐστι,

2008 3285 2102 3331 aut
2127 3279 2327 3347 potius,
2352 3283 2497 3351 quod
2518 3295 2703 3336 verum
2725 3294 2829 3350 est,
2861 3284 2941 3340 sic
2970 3296 3128 3341 vocat
3147 3296 3383 3343 statuam
3405 3290 3591 3346 Diana:

305 3378 562 3442 διοπετὲς
595 3376 757 3431 καλεί
805 3374 867 3428 τὸ
896 3372 1125 3443 ἄγαλμα
1157 3370 1260 3440 τῆς
1300 3366 1788 3440 ’Δρτέμιδος,ἧτοι
1841 3365 1904 3419 τὸ

2009 3377 2103 3422 aut
2136 3368 2457 3437 Palladium,
2485 3373 2629 3442 quod
2671 3374 2957 3432 crederent
2984 3391 3014 3433 e
3048 3378 3186 3434 cw‘lo
3219 3380 3593 3446 descendisse.

308 3472 618 3531 Παλλάδιον
637 3488 653 3503 ο
696 3470 837 3541 ὅπερ
866 3465 1074 3524 ἄνωθεν
1097 3467 1164 3518 ὲκ
1199 3459 1294 3515 τοῦ
1334 3460 1459 3524 Διὸς
1490 3457 1858 3530 διαθήλασθαι
1877 3467 1904 3506 ι)

1242 3459 1294 3515 οῦ
1334 3460 1459 3524 Διὸς
1490 3457 1904 3530 διαθήλασθαιι)
2014 3476 2114 3517 nec
2150 3463 2429 3518 hominum
2485 3480 2622 3536 opus
2653 3466 2847 3525 fuisse.

395 3583 509 3633 ντο,
545 3563 646 3619 καὶ
677 3562 779 3615 οὐκ
811 3559 872 3624 ἐξ
901 3555 1231 3629 ἀνθρώπων.

393 3675 416 3710 ι
468 3657 743 3728 ’Δγοραῖοι
775 3651 1024 3721 ἄγονται,
1058 3648 1152 3703 καὶ
1185 3642 1493 3702 ἀνθύπατοί
1525 3644 1663 3696 εἰσιν
1690 3656 1702 3670 ·
1739 3640 1906 3709 ὲγκα·

2090 3643 2251 3699 νιειιε.
2283 3645 2375 3700 38.
2418 3663 2438 3697 ι
2479 3644 2799 3704 Conventus
2822 3647 3068 3708 forenses
3098 3662 3352 3723 aguntur,
3380 3665 3434 3710 et
3483 3672 3602 3726 pro-

308 3753 372 3807 λε
384 3750 588 3804 ίτωσαν
613 3744 890 3815 ἀλλήλοις.
942 3759 962 3793 ι

942 3759 962 3793 ι
2014 3737 2267 3793 consules
2299 3749 2444 3794 sunt.
2487 3757 2505 3792 ι

392 3836 548 3903 Εἶδος
603 3833 675 3910 ἦν
705 3831 980 3889 δικαστῶν
1020 3830 1078 3885 ὲν
1112 3830 1176 3900 τῇ
1230 3825 1389 3898 ’Δσίᾳ
1429 3822 1666 3879 εὐτελῶν
1699 3823 1750 3876 οἱ
1778 3824 1907 3891 ἀγο-

2088 3827 2225 3884 Erat
2253 3830 2307 3884 in
2335 3830 2463 3886 Asia
2498 3848 2670 3902 genus
2698 3836 2970 3903 quoddam
3002 3836 3248 3908 jndicum
3282 3840 3599 3898 inferiorum

317 3934 492 4008 ραῖοι,
536 3930 736 3992 οἵτινες
769 3923 1025 3989 ἐδίκαζον
1077 3923 1193 3986 τοῖς
1252 3920 1454 3990 πένησι
1499 3917 1596 3971 καὶ
1626 3915 1910 3987 ἀγοραίοις

2016 3923 2108 3994 qui
2153 3938 2423 3992 pauperes
2473 3935 2530 3980 et
2565 3925 2804 3993 plebeios
2848 3928 3171 3998 judicabant
3201 3943 3256 3989 et
3281 3936 3605 3992 dicebantur

311 4024 675 4097 ἀνθρὼποις’
729 4020 813 4074 διδ
868 4017 966 4072 καὶ
1023 4015 1275 4087 ἀγοραῖοι
1311 4008 1608 4065 ἐκαλοῦντο
1670 4009 1900 4080 μᾶλλον·

2021 4015 2287 4082 forenses,
2308 4015 2451 4070 sicut
2468 4017 2519 4070 in
2543 4019 2867 4086 quibusdam
2887 4021 3202 4079 civitatibus
3221 4025 3421 4082 ultores
3439 4038 3562 4082 sunt
3585 4048 3601 4098 ;

314 4121 517 4191 ὥσπερ
543 4117 681 4172 εἰσιν
707 4116 757 4169 οἱ
783 4113 987 4168 ἔκδικοι
1016 4109 1160 4164 κατὰ
1199 4107 1388 4170 πόλεις
1415 4105 1568 4169 τινάς
1589 4120 1604 4136 ·
1637 4105 1688 4157 oi
1708 4102 1757 4156 δ’
1779 4101 1911 4157 ἀνθ-

2021 4107 2378 4177 proconsules
2410 4108 2637 4162 divitum
2674 4110 2799 4164 lites
2833 4121 2927 4166 aut
2967 4114 3280 4171 criminales
3304 4132 3502 4173 causas
3518 4118 3607 4187 ju-

316 4215 529 4267 ύπατοι
593 4211 716 4272 ταῖς
784 4206 894 4260 τῶν
957 4203 1232 4257 πλουσίων
1287 4200 1322 4271 ἢ
1370 4198 1480 4253 τῶν
1543 4195 1913 4268 ἐγκλημάτων

2023 4199 2325 4255 dicabant:
2387 4199 2468 4255 vel
2518 4202 2772 4257 forenses
2824 4213 2952 4258 sunt
2994 4205 3286 4273 causidici,
3327 4222 3356 4261 a
3386 4211 3607 4264 concio-

314 4304 506 4363 δίκαις
556 4300 835 4370 ὑπήκουον
869 4297 916 4345 P'
972 4294 1006 4365 ἢ
1061 4290 1311 4362 ἀγοραῖοι
1365 4291 1502 4343 εἰσιν
1535 4290 1585 4341 ot
1618 4285 1912 4356 δικολόγοι,

1898 4324 1912 4352 ,
2026 4290 2224 4358 nando,
2264 4293 2409 4362 quod
2440 4302 2526 4348 est
2555 4308 2738 4349 coram
2773 4294 2973 4367 populo
3007 4296 3211 4363 dicere,
3242 4299 3322 4354 sic
3353 4299 3503 4356 dicti.

318 4390 486 4463 παρὰ
512 4389 573 4444 τὸ
596 4386 885 4459 ἀγορεύειν
909 4385 1219 4454 λεχθέντες,
1251 4382 1279 4435 ὅ
1306 4382 1423 4434 ἐστι
1443 4379 1817 4451 δημηγορεῖν.

939 4497 1192 4553 ΚΕΦΔΛ.
1230 4496 1298 4549 Κ⁹
1332 4496 1335 4499 ’
1954 4489 1999 4544 [δ

1954 4489 1999 4544 [δ
2676 4494 2833 4551 CAP.
2890 4495 3010 4551 XX.

410 4659 430 4692 ι
472 4637 716 4708 Ἥγαγον
748 4635 807 4690 δὲ
859 4632 952 4687 τὸν
1005 4630 1174 4685 παῖδα
1205 4628 1385 4694 ζῶντα
1438 4628 1535 4683 καὶ
1570 4628 1920 4700 παρεκλήθην

2091 4626 2257 4683 Vens.
2314 4628 2403 4683 12.
2449 4648 2467 4680 ι
2530 4629 2888 4686 Adduxeruut
2936 4642 3115 4687 autem
3159 4649 3393 4705 puerum
3420 4635 3609 4693 viven-

331 4749 439 4789 σαν
466 4732 526 4785 οὐ
565 4728 822 4802 μετρίως.
876 4746 895 4779 ι
1582 4736 1594 4747 ·

2024 4730 2156 4787 tem,
2190 4733 2239 4777 et
2273 4724 2540 4777 consolati
2570 4733 2699 4793 sunt
2726 4740 2828 4778 non
2861 4726 3105 4781 minime.
3143 4747 3161 4780 ι

411 4821 753 4895 Σημειωτέον
787 4821 869 4874 ὅτι
914 4818 1009 4872 καὶ
1036 4817 1069 4870 ό
1103 4813 1320 4879 Παῦλος
1345 4814 1542 4885 νεκρὸν
1579 4814 1804 4887 ἤγειρεν
1832 4813 1924 4867 τὸν

2099 4814 2407 4868 Notandum
2474 4823 2559 4869 est
2626 4813 2857 4871 Paulum
2923 4819 3281 4875 resuscitasse
3340 4831 3612 4877 mortuum

333 4917 681 4986 καλούμενον
722 4911 963 4983 Εΰτυχον
993 4921 1043 4966 ιι.

1005 4921 1043 4966 ι.
2024 4904 2243 4959 nomine
2284 4905 2610 4976 Eutychum.

418 5031 437 5065 ι
483 5008 758 5063 Δουλεύων
799 5005 877 5077 τῷ
908 5003 1099 5075 Κυρίῳ
1150 5001 1271 5074 μεθ’
1323 5000 1479 5072 ὑμῶν
1532 4998 1671 5071 μετὰ
1737 4997 1923 5068 πάσης

2116 4993 2282 5050 Vens.
2332 4995 2417 5049 l9.
2459 5013 2478 5045 ι
2519 4995 2775 5052 Serviens
2805 4996 3038 5052 Domino
3061 5014 3185 5052 cum
3215 4998 3361 5053 omni
3393 4998 3617 5054 humili-

340 5100 866 5172 ταπεινοφροσύνης.
901 5118 920 5151 ι

622 5100 866 5172 ροσύνης.
901 5118 920 5151 ι
2034 5095 2166 5141 late.
2209 5107 2227 5139 ι

416 5197 529 5266 Οὐχ
551 5195 627 5258 ὡς
683 5191 922 5248 ἐπαινῶν
956 5189 1149 5244 ἑαυτὸν
1183 5190 1213 5242 ὁ
1249 5187 1464 5250 Παῦλος
1512 5183 1804 5253 καταλέγει
1827 5182 1926 5248 τὰς

2106 5178 2225 5234 Non
2262 5188 2322 5234 ut
2356 5180 2595 5249 seipsum
2642 5179 2930 5251 glot-illcet,
2973 5196 3108 5238 suas
3132 5182 3361 5238 virtutes
3388 5198 3618 5238 enume-

456 5384 485 5412 ιι
511 5373 575 5429 C.
601 5371 665 5427 C.
691 5372 993 5425 κτίσονται.
1105 5382 1128 5406 ο
1161 5367 1222 5423 C.
1245 5364 1308 5421 C.
1333 5364 1573 5420 ὲδεδείει.
1661 5374 1689 5414 P
1716 5364 1781 5417 ἐκ
1819 5381 1871 5417 τ.
1906 5360 2029 5427 Διὸς
2053 5362 2061 5411 ε

2014 5359 2197 5427 ςδιαθ.
2222 5358 2396 5429 suppl.
2452 5375 2564 5416 rec.
2594 5376 2669 5416 m.
2697 5360 2752 5416 in
2782 5375 2956 5431 marg.
3084 5359 3138 5409 Ρ·
3168 5358 3231 5415 C.
3259 5357 3324 5415 ϐ.
3357 5360 3619 5432 ὑπήκοον.

348 5457 375 5495 (ι
393 5446 459 5502 ο.
486 5444 553 5499 C.
579 5442 823 5513 Εὕτυχον
849 5441 943 5495 τὸν
972 5437 1329 5509 καλούμενον.

424 5601 538 5672 (l9)
564 5599 698 5655 Cod.
723 5598 891 5672 coisl.
918 5596 985 5672 ad
1007 5591 1431 5672 pagittant_522,_
1455 5601 1578 5672 post
1603 5588 1932 5643 versiculum

2044 5586 2302 5672 ἐπιστολῇ
2337 5586 2629 5672 μέμνηται.
2654 5586 2683 5638 ὁ
2717 5586 3041 5672 ’ἑπόστρλος
3063 5606 3090 5672 ’⁸
3135 5586 3277 5660 πλὴν
3319 5589 3623 5672 καιγραὲὴ

351 5656 443 5736 29,
472 5656 611 5725 linea
665 5671 873 5739 paginae
924 5656 1112 5739 ulti-ma
1157 5664 1332 5739 venia
1355 5656 1621 5739 srltolium
1651 5674 1931 5739 scq‘uenss

2043 5660 2229 5721 αὐτοῖς
2278 5656 2558 5727 μαρτυρεί
2603 5658 2686 5712 ὃτι
2740 5657 2827 5710 διὰ
2877 5656 2974 5729 τὴν
3028 5656 3363 5712 πίστιν’καἰ
3418 5656 3625 5712 ἐκινδύὲ

365 5728 696 5807 Ἀξιμωνίοὺ
735 5728 1184 5805 Ὲτρεσὸυτέρουξ
1230 5732 1450 5786 Τούτων
1485 5730 1542 5783 ἓν
1585 5747 1691 5784 τινι
1736 5728 1933 5784 ἑαυτοῦ
2043 5746 2262 5783 νευσαν.

727 5831 991 5898 ΡΑτιιοι..
1030 5834 1144 5896 Gn.
1179 5826 1462 5890 LXXXV.

3188 5820 3257 5882 50
