4064 6390
499 305 630 372 15ῖ9

1669 312 2005 373 ΑΜΜΟΝΙΙ
2046 315 2575 380 ALEXANDRINI

3623 332 3759 400 1580

498 427 618 480 rat;
655 415 948 470 scientibus
970 416 1111 468 enim
1155 416 1336 470 dicere
1384 416 1678 470 absurdum
1714 420 1946 487 fuisset;
1983 437 2055 474 sci

2183 426 2488 496 προσούσας
2537 427 2686 498 αύτῷ
2737 431 2939 502 ἀρετάς
2965 449 2978 463 ·
3011 434 3213 488 ἄτοπον
3244 436 3351 508 γὰρ
3387 439 3481 491 καὶ
3525 441 3762 511 μάλιστα

497 517 555 559 ιιι
588 507 704 576 ejus
754 507 1055 560 imitatores
1081 519 1261 560 essent
1302 509 1352 561 in
1387 508 1658 572 omnibus,
1700 514 1838 566 sicut
1879 513 1930 567 in
1965 514 2072 568 ﬁne

495 601 578 654 sui
607 599 871 653 sermonis
900 598 1032 652 dicit
1071 622 1082 654 :
1129 599 1292 654 Vobis
1318 602 1498 654 omnia
1530 605 1760 669 ostendi,
1803 607 2072 674 quomodo

497 700 741 761 oporteat
774 691 852 744 sic
880 689 1187 748 laborantes
1215 693 1493 764 suscipere
1517 694 1784 752 inﬁrmos.

564 869 727 923 Vens.
749 869 841 923 22.
861 887 882 921 ‹
911 869 974 924 Et
996 885 1141 925 nunc
1157 885 1283 925 ecce
1306 869 1554 939 alligatus
1574 884 1674 940 ego
1692 873 1906 942 spiritu,
1934 876 2071 931 vado

493 960 545 1014 in
581 959 882 1017 Jerusalem
917 981 930 1016 :
963 978 1081 1033 quae
1122 963 1174 1017 in
1221 978 1284 1018 ea
1333 972 1558 1018 ventura
1598 973 1722 1019 sunt
1755 965 1883 1020 mibi
1915 967 2068 1038 igno-

491 1068 640 1108 rans.
674 1071 693 1105 ι

563 1144 869 1200 Notandum
923 1154 1008 1199 est
1067 1160 1170 1198 non
1221 1146 1400 1199 omnia
1433 1159 1594 1202 nosse
1626 1148 1938 1218 prophetas,
1974 1150 2068 1205 sed

490 1251 612 1306 qua:
647 1247 961 1307 suggereret
1023 1236 1255 1303 Spiritus
1286 1246 1550 1304 sanctus;
1593 1251 1721 1294 ecce
1757 1240 1898 1294 enim
1930 1257 2069 1310 prae-

488 1329 696 1390 dieens,
744 1336 799 1379 ut
836 1327 1120 1394 propheta,
1155 1326 1372 1391 Paulus,
1405 1329 1532 1398 quia
1566 1330 1775 1383 vincula
1819 1340 1870 1384 et
1905 1331 2070 1385 tribu-

486 1419 707 1472 lationes
734 1434 812 1471 me
840 1429 1071 1483 manent,
1102 1427 1158 1473 et
1187 1420 1310 1488 quia
1333 1435 1456 1474 eum
1487 1435 1594 1475 non
1631 1421 1863 1490 amplius
1886 1430 2068 1477 essent

488 1510 653 1561 visuri
702 1510 948 1580 Ephesii,
1004 1509 1210 1566 addens
1263 1527 1479 1582 quoque
1523 1528 1586 1569 ea
1620 1529 1741 1583 qua:
1784 1514 1852 1566 ab
1891 1517 2070 1569 inere-

487 1603 629 1656 dulis
681 1611 734 1655 et
780 1602 1050 1656 haereticis
1090 1612 1274 1657 essent
1313 1603 1578 1669 facienda,
1611 1620 1773 1660 unum
1805 1614 1980 1660 tamen
2007 1621 2069 1662 se

488 1696 703 1749 nescire
741 1695 892 1759 dicit,
941 1699 1064 1764 quis
1095 1699 1304 1754 scilicet
1338 1698 1442 1752 erit
1475 1713 1660 1754 eorum
1712 1699 1836 1754 linis
1865 1716 1880 1766 ;
1914 1715 2066 1754 nam-

481 1802 584 1853 que
632 1786 725 1856 qui
781 1790 963 1842 omnia
1016 1789 1456 1845 manifestaverat
1515 1791 1564 1845 ei
1615 1790 1891 1856 Dominus,
1935 1789 2055 1843 illud

2169 1779 2277 1879 γάρ
2311 1809 2636 1880 φανερὼσας
2667 1779 2816 1882 αύτῷ
2839 1814 2866 1864 ὁ
2901 1813 3128 1884 Κύριος,

482 1880 656 1933 solum
703 1879 916 1943 celavit,
980 1883 1107 1948 quid
1160 1881 1415 1937 nimirum
1463 1884 1512 1938 ei
1567 1894 1688 1953 post
1743 1884 1952 1938 vincula
2011 1893 2066 1939 et

484 1971 864 2026 tribulationes
900 1971 1165 2036 eveniret,
1215 1987 1282 2028 ne
1335 1974 1386 2028 in
1425 1977 1734 2044 superbiam
1765 1976 1966 2040 elatus,
2005 1989 2064 2031 se

478 2063 595 2129 ejus
633 2061 884 2116 omnibus
933 2064 1162 2131 potitum
1201 2064 1412 2131 videns,
1458 2066 1709 2134 superbia
1741 2065 2058 2132 laberetur;

478 2153 606 2206 illud
639 2154 690 2206 in
720 2152 973 2222 ambiguo
991 2154 1213 2224 reliquit
1245 2155 1485 2224 Spiritus
1510 2166 1756 2222 satietus,
1785 2166 1844 2212 ut
1869 2159 1958 2213 ille
1978 2158 2060 2212 in-

476 2245 792 2299 ﬁrmitatem
830 2245 1014 2302 carnis
1052 2246 1272 2314 timens,
1320 2262 1350 2302 a
1379 2246 1494 2304 Deo
1527 2263 1584 2304 se
1609 2264 1640 2303 a
1673 2250 2064 2306 tentationibus

476 2334 694 2391 liberari
728 2339 1048 2408 postularet.

546 2499 709 2555 Vsus.
741 2501 832 2567 2‘5,
865 2501 956 2554 24.
983 2521 1001 2552 ι
1027 2502 1292 2568 Quoniam
1333 2501 1562 2563 vincula,
1595 2510 1650 2558 et
1685 2502 2060 2557 tribulationes

475 2609 561 2645 me
590 2603 832 2648 manent.
872 2593 978 2649 Sed
1027 2595 1180 2649 nihili
1225 2596 1404 2661 iacio;
1460 2610 1560 2650 nec
1618 2595 1789 2650 habeo
1823 2597 2058 2650 animam

473 2698 650 2737 meam
676 2685 1053 2751 pretiosiorem
1072 2701 1236 2755 quam
1256 2702 1362 2750 me,
1381 2687 2056 2742 dummodoconsummem

471 2791 690 2827 cursum
723 2789 898 2828 meum
953 2785 1007 2830 et
1039 2776 1400 2830 ministerium
1435 2777 1606 2841 verbi,
1639 2778 1780 2847 quod
1815 2778 1996 2846 accepi
2026 2792 2058 2831 a

473 2867 702 2922 Domino
759 2864 913 2932 Jesu,
972 2867 1254 2923 testiﬁcari
1289 2867 1636 2939 Evangelium
1667 2870 1853 2940 gratiae
1881 2870 1998 2925 Dei.
2031 2890 2050 2924 ι

539 3041 635 3096 llic
662 3051 852 3095 contra
887 3055 1230 3096 communem
1265 3056 1418 3096 usum
1449 3041 1819 3110 accipiendum
1848 3049 1933 3095 est
1971 3039 2054 3108 fa-

2180 515 2316 588 πρὸς
2355 517 2562 583 εἰδότας
2593 520 2794 588 λέγειν,
2833 522 2948 576 ἀλλ’
2977 524 3060 578 ἵνα
3093 528 3330 598 μιμηταὶ
3359 530 3527 584 αὑτοῦ
3557 533 3755 601 γένωνο

2178 627 2266 662 ται
2297 609 2354 664 ὲν
2383 611 2518 664 πᾶσι
2540 630 2553 644 ·
2597 612 2782 678 καθὼς
2812 617 2866 668 ὲν
2901 617 3043 670 τέλει
3075 620 3174 690 τῆς
3218 621 3382 676 αὑτοῦ
3409 623 3760 698 δημηγορίας

2181 700 2546 771 φησί-Πάντα
2603 706 2862 774 ὑπέδειξα
2911 710 3062 778 ὑμῖν,
3117 712 3200 766 ὅτι
3252 713 3400 768 οὕτω
3445 717 3763 782 κοπιῶντας

2176 791 2258 846 δεῖ
2284 795 2780 866 ἀντιλαμϐάνεσθαι
2818 800 2928 855 τῶν
2951 802 3345 860 ἀσθενούντων.

2255 905 2274 938 ι
2317 887 2428 940 Καὶ
2457 887 2551 942 νῦν
2595 889 2728 954 ίδοὺ,
2767 891 3055 965 δεδεμένος
3086 896 3197 966 ὲγὼ
3233 898 3309 968 τῷ
3336 900 3617 972 Πνεύματι
3659 923 3761 959 πο-

2179 975 2411 1046 ρεύομαι
2437 977 2518 1040 εἰς
2559 977 2944 1055 Ἰερουσαλὴμ,
2989 987 3054 1038 τὰ
3085 989 3143 1040 ὲν
3179 987 3318 1058 αὐτῇ
3358 992 3760 1064 συμϐησόμενά

2179 1087 2270 1140 μοι
2322 1070 2397 1142 μὴ
2425 1071 2600 1136 εἰδώς.
2655 1091 2674 1126 i

2246 1162 2592 1232 Σημειωτέον
2634 1165 2716 1218 ὅτι
2747 1167 2808 1219 οῦ
2872 1168 3049 1221 πάντα
3119 1171 3302 1224 ἴσασιν
3345 1174 3394 1226 οἱ
3446 1177 3755 1245 προφῆται,

2174 1251 2290 1305 ἀλλ’
2325 1254 2426 1306 ὅσα
2479 1254 2773 1310 ὑποϐάλλει
2823 1258 3009 1322 αὐτοῖς
3038 1259 3098 1311 τὸ
3153 1262 3310 1328 ἅγιον
3350 1264 3579 1335 Πνεῦμα
3607 1284 3619 1296 ο
3647 1268 3758 1322 ἰδοὺ

2173 1344 2282 1416 γὰρ
2322 1346 2602 1414 προειπὼν
2644 1347 2720 1412 ὡς
2762 1352 3052 1424 προφήτης
3080 1353 3108 1404 ὁ
3142 1353 3525 1420 Παῦλος,”οτι
3559 1358 3761 1429 δεσμὰ

2173 1435 2274 1490 καὶ
2304 1437 2541 1506 θλίψεις
2557 1457 2632 1508 με
2657 1441 2930 1508 μένουσι,
2977 1445 3069 1496 καὶ
3095 1444 3177 1497 ὅτι
3213 1446 3398 1500 οὐκέτι
3443 1449 3681 1519 ῆμελλον
3706 1454 3757 1504 εί

2173 1530 2230 1583 ὲν
2269 1529 2479 1602 Ἐφέσῳ
2502 1531 2721 1602 βλέπειν
2747 1534 2932 1599 αὐτὸν,
2956 1537 3050 1589 καὶ
3075 1537 3207 1608 περὶ
3233 1540 3342 1591 τῶν
3366 1542 3758 1612 γενησομένων

2172 1627 2229 1680 ὲν
2260 1626 2443 1690 αὐτοῖς
2497 1627 2849 1681 κακοπίστων
2900 1629 2994 1683 καὶ
3041 1632 3356 1700 αίρετικῶν,
3420 1635 3480 1688 τὸ
3515 1636 3576 1688 ἓν
3599 1633 3756 1691 εἶπεν

2171 1721 2390 1787 ἀγνοεῖν
2415 1734 2430 1750 ο
2464 1718 2524 1772 τὸ
2553 1719 2606 1772 τί
2640 1720 2746 1790 ἀρα
2780 1720 2933 1773 ἔσται
2979 1722 3182 1777 τούτων
3210 1725 3271 1777 τδ
3321 1726 3495 1790 τέλος.
3559 1730 3752 1784 Πάντα

3175 1817 3354 1870 έκεῖνο
3395 1820 3558 1888 μόνον
3591 1821 3757 1891 ἐκρυ-

2167 1901 2269 1971 ψεν
2299 1901 2396 1955 ἀπ’
2423 1900 2612 1963 αὑτοῦ,
2639 1901 2701 1954 τὸ
2731 1902 2783 1955 τί
2810 1903 2917 1974 ἄρα
2952 1905 3108 1957 ἔσται
3137 1906 3288 1977 αὐτῷ
3324 1909 3462 1977 μετά
3494 1909 3756 1982 τὰδεσμά

2167 1993 2260 2047 καὶ
2283 1994 2381 2056 τὰς
2405 1993 2613 2064 θλίψεις
2637 2009 2650 2023 ⁸
2676 1995 2762 2048 ἵνα
2783 1996 2856 2066 μὴ
2886 1997 3150 2068 ἐπαρθεὶς
3170 1999 3266 2054 καὶ
3284 1999 3442 2064 εἰδὼς
3464 2002 3545 2054 ὅτι
3577 2003 3754 2057 πάντα

2164 2085 2412 2153 τεύξεται
2439 2086 2652 2150 τούτου,
2686 2087 2772 2140 διὰ
2803 2088 3108 2160 ὑπεροψίας
3139 2091 3348 2162 ἐκπέσῃ
3377 2107 3391 2123 ο
3420 2093 3536 2146 ἀλλ’
3565 2093 3756 2150 εἴασεν

2164 2177 2297 2230 αὐτὸ
2317 2177 2616 2247 ἀμφίϐολον
2645 2178 2792 2248 αὐτῷ
2821 2179 2882 2232 τδ
2915 2181 3139 2251 Πνεῦμα
3159 2198 3174 2212 ο
3217 2181 3307 2234 ἵνα
3338 2182 3533 2246 δεδιὼς
3553 2185 3613 2237 τὸ
3647 2185 3751 2256 τῆς

2166 2270 2368 2340 σαρκὸς
2409 2271 2656 2335 ἀσθενὲς,
2687 2270 2855 2344 δεηθῇ
2887 2271 2981 2325 τοῦ
3017 2273 3152 2327 Θεοῦ
3193 2273 3461 2345 ρυσθῆναι
3503 2278 3566 2329 ἐκ
3623 2295 3747 2331 πει-

2162 2361 2416 2431 ρασμῶν.

2238 2495 2259 2526 ι
2305 2475 2428 2528 Ὀτι
2485 2475 2661 2544 δεσμά
2709 2479 2802 2529 καὶ
2843 2476 3054 2547 θλίψεις
3119 2496 3186 2548 με
3251 2479 3531 2548 μένουσιν.
3598 2481 3749 2533 Ἀλλ’

2162 2564 2374 2622 οὐδενὸς
2404 2565 2562 2632 λόγου
2589 2566 2871 2635 ποιοῦμαι,
2900 2567 3024 2620 οὐδὲ
3055 2568 3164 2637 ἔχω
3209 2570 3308 2640 τὴν
3340 2571 3520 2642 ψυχὴν
3548 2572 3748 2643 τιμίαν

2163 2655 2409 2725 ἐμαυτῷ,
2434 2654 2510 2718 ὼς
2551 2655 2838 2708 τελειῶσαι
2871 2656 2965 2728 τὴν
2991 2657 3194 2729 δρόμον
3225 2677 3328 2729 μου
3367 2661 3510 2731 μετὰ
3542 2664 3747 2733 χαρᾶς,

2160 2747 2254 2799 καὶ
2276 2747 2373 2817 τὴν
2395 2747 2672 2801 διακονίαν
2693 2750 2757 2820 ἢν
2781 2747 2975 2802 ἔλαϐον
3000 2750 3150 2821 παρά
3167 2749 3260 2804 τοῦ
3293 2753 3501 2823 Κυρίου
3541 2754 3744 2825 Ἰησοῦ,

2159 2840 2633 2913 διαμαρτύρασθαι
2707 2841 2768 2894 τὸ
2809 2843 3146 2912 Εὐαγγέλιον
3214 2845 3316 2916 τῆς
3377 2845 3601 2918 χᾲριτος
3648 2846 3746 2901 τοῦ

2159 2935 2314 2989 Θεοῦ.
2353 2955 2372 2987 ι

2234 3030 2351 3080 ἰνα
2402 3029 2545 3082 κατά
2595 3029 2777 3084 κοινοῦ
2831 3029 2972 3102 λάσῃ
2999 3042 3020 3070 τ
3054 3050 3139 3097 τις
3169 3032 3230 3086 τὸ
3264 3033 3545 3102 ποιοῦμαι
3573 3048 3588 3064 ο
3621 3033 3750 3086 ἀντὶ

465 3137 548 3188 cio
593 3148 693 3204 pro
734 3150 836 3187 non
871 3144 1132 3203 antepono
1164 3134 1325 3188 vitam
1372 3150 1564 3198 meam,
1596 3135 1648 3188 id
1681 3144 1787 3199 est,
1829 3133 1967 3188 nihil
1999 3135 2051 3187 in

2159 3118 2272 3185 τοῦ,
2312 3119 2388 3174 Ού
2418 3121 2672 3190 προτιμῶ
2715 3121 2814 3193 τὴν
2860 3122 3006 3193 ζωήν
3047 3141 3188 3193 μουο
3245 3125 3363 3178 ἀλλ’
3421 3125 3542 3178 οὐδὲ
3579 3125 3746 3180 ἄλλου

469 3229 570 3282 hac
624 3229 735 3282 vita
788 3229 968 3296 petius
1027 3227 1204 3282 habeo
1249 3241 1414 3296 quam
1466 3228 1836 3282 ministerium
1873 3241 2051 3281 meum

468 3319 716 3390 implere,
743 3327 799 3374 et
825 3317 1036 3373 Domini
1061 3317 1325 3372 voluntati
1359 3333 1589 3387 parere;
1617 3334 1722 3373 non
1758 3332 1876 3372 sum
1902 3317 2054 3371 simi-

470 3412 536 3465 lis
597 3409 768 3476 Jouze,
818 3410 908 3478 qui
955 3410 1360 3477 pra'dicationis
1416 3425 1615 3465 munus
1663 3409 1930 3474 deseruit;
1984 3424 2054 3464 ne

469 3501 679 3566 videar,
734 3499 932 3569 inquit,
973 3501 1226 3565 mendax,
1265 3501 1309 3556 si
1351 3515 1380 3553 a
1415 3516 1500 3555 me
1539 3499 1901 3569 praenuntiata
1945 3515 2048 3553 non

465 3593 762 3659 eveniant;
802 3591 1104 3647 ministerio
1150 3609 1256 3648 non
1312 3604 1584 3662 antepono
1614 3592 1892 3647 hominum
1925 3593 2047 3663 opi-

465 3685 705 3749 nionem,
773 3699 870 3738 nec
919 3681 1162 3750 divitias,
1217 3699 1319 3739 nec
1374 3685 1638 3754 quidquid
1688 3683 1874 3740 aliud:
1918 3684 2048 3739 illud

467 3775 611 3829 enim
658 3772 950 3844 signiﬁcat,
998 3774 1048 3828 ni
1106 3772 1287 3839 fallor,
1329 3773 1430 3830 hoc
1478 3775 1705 3840 dictum,
1758 3774 1908 3828 nihili
1960 3775 2048 3844 [a-

464 3869 567 3923 cio.

544 3982 706 4037 Vsus.
756 3981 848 4037 26.
891 3999 909 4032 ι
961 3979 1303 4050 Quapropter
1331 3990 1610 4037 contestor
1655 3997 1750 4038 vos
1783 3981 2047 4037 hodierna

463 4074 572 4138 die,
610 4073 735 4144 quia
769 4072 1001 4128 mundus
1047 4087 1166 4128 sum
1221 4089 1250 4128 a
1283 4076 1548 4144 sanguine
1575 4074 1844 4130 omnium.
1880 4092 1899 4125 ι

534 4187 675 4251 Quia
720 4189 946 4240 mundus
988 4203 1104 4242 sum
1143 4204 1176 4240 a
1210 4189 1469 4258 sanguine
1502 4189 1764 4242 omnium.
1797 4185 1916 4240 Jam
1951 4199 2046 4239 su-

461 4295 556 4348 pra
604 4281 912 4336 notavimus
961 4281 1171 4336 erroris
1205 4267 1528 4350 magistrum
1569 4292 1759 4348 lacertas
1791 4279 1920 4330 dare
1951 4289 2048 4346 pro

463 4373 748 4428 animabus
777 4373 1111 4427 audientium
1146 4387 1431 4427 sermones
1460 4370 1599 4436 ejus,
1630 4369 1786 4438 quasi
1814 4366 2043 4422 fundens

2154 3213 2300 3274 τινος
2339 3213 2726 3283 ἀντιποιοῦμαι
2762 3217 2820 3268 ἐν
2861 3215 2940 3285 τῷ
2972 3215 3067 3268 νῦν
3089 3216 3219 3287 βίῳ,
3255 3217 3288 3288 ἥ
3321 3217 3415 3270 τοῦ
3460 3217 3747 3272 ἐκτελέσαι

2154 3304 2252 3375 τὴν
2286 3305 2566 3362 διακονίαν
2617 3326 2742 3379 μου,
2772 3310 2868 3364 καὶ
2915 3312 3289 3385 πειθαρχῆσαι
3318 3316 3384 3383 τῇ
3409 3313 3502 3366 τοῦ
3535 3313 3744 3382 Κυρίου

2157 3396 2320 3467 βουλῇ
2352 3414 2364 3426 ·
2395 3397 2456 3450 οὐ
2495 3398 2715 3468 γίνομαι
2751 3402 2895 3454 κατὰ
2915 3402 3007 3455 τὸν
3051 3401 3234 3457 Ἱωνςῑν
3259 3404 3352 3458 τὸν
3391 3406 3739 3458 ἀπολιπόντα

2154 3488 2251 3560 τὴν
2275 3489 2555 3543 διακονίαν
2575 3493 2668 3544 τοῦ
2704 3493 3084 3564 κηρύγματος.
3117 3496 3204 3549 ἵνα
3245 3497 3320 3569 μὴ
3358 3496 3534 3567 φανῶν
3573 3498 3739 3567 φησὶν

2151 3581 2392 3650 ψεύστης
2414 3624 2426 3647 ,
2461 3584 2518 3636 ὲν
2548 3578 2592 3652 ᾧ
2623 3585 2698 3655 μὴ
2722 3585 3008 3640 ἀποϐαίνει
3049 3587 3117 3640 τὰ
3151 3591 3283 3660 παρ’
3327 3588 3497 3643 αὑτοῦ
3531 3605 3743 3660 κηρυτ-

2150 3675 2373 3744 τόμενα.
2405 3677 2478 3728 Ού
2511 3676 2767 3748 προτιμῶ
2791 3678 2948 3743 δόξαν
2980 3679 3286 3751 ἀνθρώπων
3312 3681 3412 3751 τῇς
3435 3682 3741 3746 διακονίας,

2150 3766 2212 3819 οῦ
2244 3766 2524 3836 χρήματα,
2578 3767 2678 3820 οὐκ
2710 3768 2837 3821 ἄλλο
2867 3786 2919 3822 τι
2955 3786 2968 3799 ·
2996 3770 3156 3824 τοῦτο
3191 3771 3303 3843 γὰρ
3342 3768 3499 3843 οἶμαι
3537 3775 3742 3844 σημαί-

2149 3874 2260 3910 νειν
2289 3857 2370 3920 τὸ,
2389 3857 2640 3924 οὐδενὸς
2663 3860 2850 3930 λόγου
2870 3862 3170 3932 ποιοῦμαι.

2227 3987 2244 4023 ι
2279 3971 2371 4024 Διὸ
2401 3971 2754 4044 μαρτύρομαι
2786 3973 2915 4045 ὑμῖν
2955 3975 3014 4028 ὲν
3039 3979 3104 4047 τῇ
3143 3978 3385 4049 σήμερον
3419 3978 3623 4052 ἡμέρᾳ.
3649 3979 3736 4034 δτι

2148 4062 2386 4135 καθαρός
2414 4066 2532 4136 εἰμι
2557 4065 2666 4120 ἀπὸ
2696 4065 2793 4119 τοῦ
2821 4067 3056 4138 αἵματος
3086 4070 3334 4129 πάντων.
3377 4091 3395 4125 ι

2221 4177 2352 4231 Ὅτι
2378 4179 2639 4246 καθαρός
2674 4181 2813 4246 ειμι,
2864 4179 2986 4235 ἀπὸ
3019 4181 3128 4235 τοῦ
3169 4183 3416 4251 αἵματος
3461 4185 3728 4241 πάντων.

2147 4267 2256 4321 Καὶ
2280 4269 2458 4321 ὀπίσω
2501 4268 2745 4322 τοιοῦτόν
2776 4287 2827 4322 τι
2872 4273 3328 4343 ὲσημειωσάμην,
3370 4275 3454 4328 ὅτι
3487 4278 3513 4328 ὁ
3537 4276 3735 4344 ψευδο-

2146 4357 2471 4423 διδάσκαλος
2502 4360 2659 4430 δίκην
2689 4360 2883 4431 ὑπέχει
2909 4363 3046 4434 ὑπὲρ
3085 4363 3194 4417 τῶν
3221 4364 3409 4434 ψυχῶν
3441 4366 3551 4418 τῶν
3577 4367 3736 4437 δεχο-

461 4465 779 4536 sanguinem
819 4465 1058 4535 ipsorum
1089 4483 1102 4519 :
1137 4462 1362 4528 sanguis
1387 4461 1532 4515 enim
1561 4459 1671 4513 vita
1699 4457 1853 4512 nobis
1880 4476 1895 4514 :
1930 4460 2045 4516 haec

2159 4448 2330 4518 μένων
2366 4449 2457 4502 τὸν
2489 4449 2649 4515 λόγον
2682 4449 2848 4503 αὐτοῦ
2879 4467 2891 4480 ·
2923 4448 2998 4514 ὡς
3030 4451 3092 4504 τὸ
3127 4447 3266 4522 αἷμα
3295 4453 3496 4519 αὐτῶν,
3521 4455 3549 4508 ὂ
3579 4457 3734 4510 ἐστιν

463 4555 627 4622 igitur
669 4555 834 4609 verba
871 4571 885 4608 :
929 4553 1152 4606 mundus
1181 4566 1320 4615 sum,
1358 4549 1463 4602 hoc
1489 4547 1660 4613 magis
1690 4547 2043 4617 signiﬁcant:

463 4660 677 4714 nempe,
704 4643 962 4700 testiﬁcor
988 4657 1106 4697 mea
1128 4639 1372 4694 doctrina
1402 4636 1672 4690 neminem
1699 4645 1903 4692 {eterna
1930 4639 2037 4694 vita

462 4753 582 4790 esse
613 4737 1014 4796 del‘raudatum,
1043 4731 1139 4785 sed
1171 4745 1201 4783 e
1227 4736 1417 4781 contra
1442 4741 1666 4796 regnum
1691 4728 1950 4784 ccclorum
1974 4734 2043 4787 ob

459 4827 645 4880 oculos
669 4826 932 4897 proponi;
968 4820 1216 4891 quisquis
1240 4831 1370 4886 ergo
1391 4831 1477 4872 me
1511 4832 1615 4873 non
1649 4819 1904 4886 audierit,
1955 4838 2041 4879 se-

459 4919 632 4989 ipsum
664 4922 882 4974 damnet
903 4924 961 4970 ut
984 4909 1341 4976 homicidam;
1376 4924 1474 4980 ego
1494 4911 1634 4966 enim
1661 4928 1778 4968 sum
1808 4917 2038 4973 mundus

462 5025 492 5063 a
532 5011 795 5080 sanguine
821 5005 1062 5061 omnium
1095 5001 1209 5068 qui,
1244 5003 1483 5072 acceptis
1511 5005 1854 5062 sermonibus
1878 5008 2033 5074 meis,

460 5102 589 5155 mihi
619 5117 722 5154 non
759 5091 1110 5152 crediderint.

534 5215 694 5268 Vens.
733 5211 823 5263 27.
863 5227 880 5260 ι
923 5204 1040 5257 Non
1076 5203 1219 5257 cnim
1249 5205 1548 5276 subterfugi
1603 5212 1892 5278 quominus
1931 5228 2032 5266 an-

459 5305 766 5357 nuntiarem
799 5315 961 5354 omne
994 5296 1278 5352 consilium
1313 5295 1408 5354 Dei
1446 5301 1616 5355 vobis.
1658 5319 1676 5353 ι

530 5391 837 5444 Notandum
871 5407 976 5444 non
1006 5393 1189 5446 utilem
1219 5406 1340 5447 esse
1369 5393 1687 5464 magistrum
1720 5394 1810 5461 qui
1844 5393 2034 5450 fideles

456 5483 660 5554 aliquid
692 5481 830 5535 celat
858 5497 1044 5538 eorum
1076 5499 1197 5554 qua:
1219 5484 1286 5536 ad
1315 5484 1568 5553 pietatem
1599 5485 1921 5554 perducunt.

2147 4540 2180 4610 ή
2207 4537 2321 4609 ζωὴ
2347 4540 2478 4608 ἡμῖν
2505 4545 2551 4604 ⁸,
2588 4539 2796 4608 ἐκχέων
2818 4555 2832 4569 °
2874 4539 2936 4592 τὸ
2962 4537 3055 4594 οῦν
3089 4545 3348 4612 καθαρός
3371 4547 3489 4613 ειμι
3523 4547 3732 4616 μᾶλλον

2141 4630 2302 4684 τοῦτο
2333 4631 2593 4701 σημαίνει
2624 4649 2636 4662 ·
2669 4631 3054 4704 Μαρτύρομαι,
3085 4635 3168 4689 ὅτι
3197 4639 3228 4706 ἡ
3267 4637 3589 4691 διδασκαλία
3623 4658 3730 4710 μου

2142 4722 2332 4776 οὐδένα
2355 4724 2453 4792 τῆς
2475 4723 2696 4777 αἰωνίου
2722 4725 2866 4795 ζωῆς
2887 4726 3206 4797 ἀποστερεῖ,
3230 4728 3365 4781 ἀλλά
3385 4729 3680 4800 προτίθησι
3710 4733 3726 4768 ί

2143 4815 2238 4867 καὶ
2267 4815 2516 4884 οὐρανῶν
2569 4814 2850 4884 βασιλείαν
2876 4834 2888 4846 '
2932 4819 2960 4870 δ
3003 4812 3097 4870 οὖν
3129 4818 3204 4888 μὴ
3257 4819 3576 4890 πειθαρχῶν
3611 4838 3727 4888 μοι,

2145 4907 2338 4959 ἑαυτὸν
2366 4906 2632 4960 αἰτιάσθω
2654 4907 2730 4970 ὼς
2758 4908 2924 4978 φονέα
2953 4925 2968 4940 ·
2998 4909 3175 4972 ἀθῶος
3201 4910 3310 4981 γάρ
3331 4913 3448 4981 είμι
3477 4911 3588 4981 ἐγὼ
3619 4914 3731 4968 ἀπὸ

2145 4997 2240 5051 τοῦ
2293 4997 2526 5065 αἵματος
2582 4997 2799 5051 πάντων
2848 4997 2954 5052 τῶν
3007 4999 3317 5054 ἀκουόντων
3344 5012 3372 5040 ιι
3405 5001 3515 5056 τῶν
3547 5002 3730 5074 λόγων

2145 5093 2241 5144 καὶ
2279 5093 2353 5162 μὴ
2387 5089 2774 5144 πιστευόντων.

2157 5196 2179 5210 ’”
2215 5228 2233 5259 ι
2268 5209 2342 5260 Οὐ
2373 5210 2483 5278 γὰρ
2517 5205 2924 5276 ὑπεστειλάμην
2953 5206 3049 5258 τοῦ
3086 5205 3162 5276 μὴ
3186 5207 3511 5276 ἀναγγεῖλαι
3543 5211 3728 5265 πᾶσαν

2141 5301 2237 5368 τὴν
2261 5301 2458 5370 βουλὴν
2492 5299 2588 5352 τοῦ
2619 5299 2755 5353 Θεοῦ
2791 5301 2944 5369 ὑμῖν.
2985 5317 3003 5350 ι

2143 5386 2148 5391 ’
2209 5392 2576 5461 Σημειωτέον,
2610 5393 2692 5445 ὃτι
2738 5392 2892 5445 οὐδὲν
2932 5391 3137 5462 ὠφελεῖ
3173 5394 3202 5446 ὁ
3234 5393 3557 5456 διδάσκαλος
3588 5393 3730 5448 ἀπο-

2136 5485 2396 5554 κρύπτων
2437 5487 2564 5548 τοὺς
2622 5487 2848 5549 πιστοὺς
2905 5485 3014 5540 τῶν
3080 5485 3182 5539 ὃσα
3224 5488 3360 5559 πρὸς
3409 5486 3726 5540 θεοσέϐειαν

2137 5580 2280 5648 ἄγει.

545 5746 640 5808 'C.
667 5751 731 5806 C.
764 5751 915 5807 λάϐοι
1019 5762 1040 5792 ⁸
1070 5751 1130 5808 C.
1162 5751 1223 5821 C,
1250 5751 1426 5823 ἡμῶν.
1511 5756 1527 5790 ι
1561 5753 1622 5809 C.
1655 5753 1698 5810 C
1753 5758 2054 5831 προστίθησ

2177 5772 2202 5800 υ
2236 5759 2536 5814 ἀκουόντων
2569 5775 2691 5829 μου.
