4064 6388
459 308 596 372 1;,83

1625 312 1963 373 ΑΜΜΟΝΙΙ
2003 316 2532 382 ΑΙ.ΕΧΛΝΙ)Β[ΝΙ

3593 333 3724 399 1584

531 424 776 478 Obscure
809 432 862 478 et
901 423 1062 476 tacite
1088 423 1320 477 ostendit
1355 423 1572 478 Patrem
1603 440 1724 480 esse
1765 425 1954 495 Deum,
1987 443 2016 482 e

2215 435 2499 489 Δεὶκνυσιν
2552 437 2775 507 ἀφανῶς
2829 441 2923 493 καὶ
2969 441 3301 514 λεληθότως,
3330 443 3412 498 δτι
3458 445 3485 496 6
3537 447 3726 516 Πατὴρ

459 514 653 568 Filium
687 514 802 582 ejus
832 513 1040 579 Jesum,
1079 514 1245 566 Deum
1276 513 1517 569 Verbum
1549 516 1600 569 in
1631 531 1696 570 co
1736 526 1856 573 esse
1883 537 1897 572 :
1932 534 2039 574 non

453 607 600 660 enim
662 605 941 674 pluraliter
987 605 1118 658 dicit
1161 615 1426 673 potentes,
1465 608 1559 661 sed
1585 608 1888 691 ’singularis
1937 626 2039 663 nu-

456 696 587 749 meri
630 697 846 749 nomine
871 698 1204 764 singularem
1237 698 1524 752 amborum
1552 699 1850 752 essentiam
1890 700 2034 753 imii-

452 797 560 852 eat,
608 787 814 851 dicens,
856 796 1064 856 potens.
1095 786 1206 842 Nos
1238 787 1404 855 igitur
1432 803 1592 842 unam
1623 788 1804 842 Patris
1831 797 1885 842 et
1914 787 2036 842 Filii

450 877 748 933 essentiam
813 878 938 932 inde
979 881 1250 943 novimus,
1291 889 1344 933 et
1387 894 1482 934 eos
1507 879 1641 934 duos
1666 895 1787 934 esse
1822 888 1878 933 et
1909 881 2039 934 sub-

449 968 668 1033 sistere,
701 983 808 1023 non
840 967 986 1022 nuda
1011 969 1371 1038 appellatione
1398 969 1706 1036 distinctos,
1740 971 1832 1024 sed
1861 969 2037 1038 reipsa

452 1060 830 1124 subsistentes,
867 1074 934 1114 ex
972 1060 1056 1115 his
1079 1075 1199 1130 qua:
1225 1059 1358 1116 dicit
1384 1061 1678 1130 Apostolus
1715 1063 1767 1116 in
1796 1063 2035 1116 aediﬁca-

456 1151 653 1207 tionem
685 1151 1048 1207 Ecclesiarum
1088 1153 1252 1218 Asite,
1284 1153 1686 1223 cognoscimus.

522 1341 682 1397 Vens.
747 1343 835 1398 55.
891 1361 911 1394 ε
971 1344 1264 1412 Argentum
1320 1352 1373 1399 et
1427 1360 1657 1411 aurum,
1693 1355 1784 1400 aut
1821 1357 2030 1401 vestem

449 1433 648 1486 nullius
704 1433 1011 1502 concupivi.
1060 1453 1079 1486 ι

519 1523 822 1580 Notandum
878 1526 1022 1595 quod
1092 1535 1309 1595 oportet
1359 1526 1640 1582 avaritiam
1673 1528 1938 1593 aversari,
1981 1537 2038 1582 et

448 1620 500 1672 in
526 1619 841 1673 universum
867 1618 1002 1674 nihil
1035 1621 1239 1674 terreni
1271 1621 1681 1690 concupiscere.

519 1803 683 1857 Vens.
723 1803 813 1858 '54.
855 1822 871 1855 ι
927 1801 1032 1872 Ipsi
1076 1805 1225 1858 scitis
1251 1806 1505 1874 quoniam
1542 1807 1608 1858 ad
1652 1820 1714 1860 ea
1747 1820 1866 1873 qua
1898 1805 2029 1860 mihi
2065 1782 2105 1836 Β

444 1909 582 1964 opus
611 1905 788 1958 erant,
814 1906 867 1949 et
901 1895 986 1950 his
1026 1895 1119 1965 qui
1163 1911 1372 1950 tnecum
1397 1905 1544 1961 sunt,
1579 1897 2031 1952 ministraverunt

447 2003 642 2042 manus
673 1989 808 2042 istas.
845 2005 864 2039 ο

516 2077 817 2132 Notandum
853 2086 936 2131 est
972 2091 1148 2130 veram
1180 2077 1577 2149 eleemosynam
1607 2093 1636 2133 e
1670 2079 1902 2148 propriis
1951 2079 2026 2133 la-

443 2169 666 2223 boribus
705 2169 934 2223 dandam
971 2171 1320 2238 pauperibus.

515 2259 672 2316 Vsns.
712 2260 802 2314 36.
843 2279 862 2312 ι
901 2261 1113 2316 Etcum
1150 2263 1264 2316 haec
1299 2263 1547 2330 dixisset,
1577 2265 1768 2333 positis
1799 2267 2026 2336 genibus

440 2352 574 2416 suis,
637 2354 815 2406 oravit
853 2368 973 2407 cum
1007 2354 1261 2410 omnibus
1295 2355 1421 2409 illis.
1466 2375 1486 2409 ο

510 2445 819 2501 Notandum
852 2457 1107 2516 oportere
1152 2463 1274 2502 eum
1326 2449 1414 2518 qui
1459 2450 1734 2518 valedicit,
1780 2468 1938 2506 orare
1970 2462 2026 2506 et

439 2552 611 2605 genua
635 2536 852 2592 nectere
878 2551 1002 2592 cum
1039 2538 1292 2592 omnibus
1316 2539 1694 2606 prmsentibus,
1721 2550 1774 2595 et
1805 2542 1884 2595 sic
1916 2543 2024 2596 dis-

438 2628 653 2682 cedere.

1059 2746 1214 2800 CAP.
1256 2745 1397 2801 XXI.

509 2858 669 2913 Vens.
711 2858 764 2913 9.
807 2876 826 2911 ι
861 2856 1002 2916 Huic
1029 2871 1214 2916 autent
1243 2871 1399 2917 erant
1431 2872 1664 2933 quatuor
1694 2864 1816 2921 lilia:
1846 2867 2014 2937 virgi-

435 2963 532 3003 nes
575 2947 984 3018 prophetantes.
1023 2967 1042 3000 ι

505 3039 672 3093 Erant
716 3038 966 3110 Philippo
1005 3039 1238 3096 diacono
1289 3041 1452 3108 ﬁliae;
1499 3041 1698 3098 licebat
1728 3044 1892 3113 igitur
1934 3047 2018 3102 bis

2145 528 2238 578 καὶ
2264 526 2427 591 Θεὸς,
2458 530 2553 581 καὶ
2579 532 2608 582 ό
2654 531 2846 584 τούτου
2882 533 3010 599 Υἱὸς
3057 533 3297 604 Ἰησοῦς,
3330 535 3358 588 ό
3390 535 3524 598 Θεὸς
3555 536 3725 602 Λόγος

2141 617 2373 671 ἔνεισιν·
2421 621 2482 672 ού
2533 623 2642 692 γὰρ
2669 619 2790 676 εἷπε
2834 627 2944 687 τοῖς
2972 624 3294 696 δυναμένοις
3320 627 3724 694 πληθυντικῶς,

2140 709 2256 762 ἀλλ’
2287 709 2452 780 ἐνικῷ
2481 713 2707 782 ὀνόματι
2727 716 2824 784 τὴν
2851 716 3147 786 μοναδικὴν
3178 718 3368 771 οὐσίαν
3396 718 3724 788 ἀμφοτέρων

2141 803 2417 872 ἐσήμανεν
2446 805 2616 858 εἰπὼν
2646 804 2727 871 τῷ
2773 806 3088 876 δυναμένῳ
3109 823 3123 837 ⁸
3157 809 3298 863 ὥστε
3354 810 3449 864 οὖν
3485 811 3577 864 καὶ
3625 811 3724 880 τὴν

2143 895 2274 963 μίαν
2317 895 2541 967 οἴδαμεν
2572 897 2786 969 Πατρὸς
2834 900 2930 953 καὶ
2965 900 3095 954 Υἱοῦ
3127 901 3339 961 οὐσίαν,
3375 902 3470 954 καὶ
3511 902 3594 954 δτι
3632 901 3726 954 δύο

2141 987 2247 1041 εἰσὶ
2273 989 2367 1040 καὶ
2398 990 2744 1057 ὑφίστανται,
2776 993 2875 1046 οὐκ
2905 993 3133 1063 ὀνόμασι
3164 993 3342 1062 ψιλοῖς
3378 993 3722 1063 δηλούμενοι,

2139 1079 2254 1132 ἀλλ’
2291 1079 2524 1152 ἀληθείᾳ
2569 1082 2968 1152 ὑφιστάμενοι,
3021 1087 3084 1138 ἐκ
3134 1085 3244 1138 τῶν
3273 1085 3369 1140 νῦν
3403 1085 3482 1155 τῷ
3528 1085 3724 1155 Παύλῳ

2139 1171 2451 1242 λεγομένων
2495 1176 2574 1238 είς
2618 1178 2994 1248 καταρτισμὸν
3022 1179 3134 1231 τῶν
3163 1177 3264 1247 τῆς
3321 1178 3552 1241 ’Λοίαςι
3597 1179 3722 1232 Ἐκ-

2140 1265 2402 1336 κλησιῶν.

2214 1375 2233 1407 ι
2290 1357 2579 1429 Ἀργυρίου
2617 1359 2650 1430 ἦ
2694 1361 2920 1432 χρυσίου
2965 1362 2998 1432 ἢ
3045 1361 3343 1433 ἱματισμοῦ
3376 1362 3592 1425 οὐδενὸς
3623 1364 3716 1415 ἐπ’

2137 1448 2407 1519 εθύμησα.
2452 1469 2470 1502 ι

2209 1542 2557 1612 Σημειωτέον
2602 1545 2686 1596 ὅτι
2729 1544 2810 1596 δεῖ
2843 1543 3291 1614 ἀποστρέφεσθαι
3321 1543 3416 1614 τὴν
3450 1544 3719 1615 φιλαργυ-

2137 1632 2285 1702 ρίαν,
2324 1633 2418 1687 καὶ
2475 1633 2708 1704 μηδενὸς
2760 1634 2820 1686 τὸ
2866 1633 3086 1688 σύνολον
3122 1633 3230 1687 τῶν
3263 1634 3358 1686 ἐπὶ
3390 1633 3494 1702 γῆς
3527 1634 3719 1686 ἐπιθυ-

2139 1727 2282 1794 μεῖν.

2215 1837 2234 1868 (
2281 1818 2445 1871 Αὐτοὶ
2473 1817 2774 1886 γινώσκετε
2803 1820 2886 1872 ὅτι
2924 1821 3045 1880 ταῖς
3079 1819 3292 1889 χρείαις
3319 1836 3422 1889 μου
3445 1861 3459 1882 ,
3484 1819 3578 1872 καὶ
3603 1819 3714 1880 τοῖς

2137 1909 2256 1964 οῦσι
2289 1910 2407 1979 μετ’
2437 1908 2594 1979 ἐμοῦ,
2630 1911 2984 1981 ὑπηρέτησαν
3015 1911 3070 1962 αί
3105 1913 3283 1981 χεῖρες
3315 1907 3493 1964 αὗται.
3537 1929 3554 1960 ι

2207 2078 2550 2150 Σημειωτέον
2592 2081 2670 2132 ὅτι
2717 2081 2749 2150 ἡ
2785 2079 2992 2150 ἀληθὴς
3043 2081 3385 2154 ἐλεημοσύνη
3418 2083 3478 2134 τὸ
3509 2084 3573 2136 ἐκ
3606 2083 3714 2136 τῶν

2139 2170 2284 2223 ἰδίων
2311 2170 2496 2223 κόπων
2527 2169 2724 2222 διδόναι
2749 2172 2860 2232 τοῖς
2891 2171 3114 2224 ἐνδεέσι.

2211 2281 2230 2312 ‹
2270 2259 2378 2313 Καὶ
2415 2259 2593 2314 ταῦτα
2635 2259 2828 2323 εἰπὼν,
2875 2259 2990 2323 θεὶς
3041 2261 3110 2312 τὰ
3150 2261 3355 2328 γόνατα
3385 2260 3582 2325 αὐτοῦ,
3618 2261 3714 2315 σὺν

2138 2354 2272 2405 πᾶσι
2298 2359 2326 2399 1
2359 2351 2726 2422 προσηύξατο.
2762 2370 2781 2403 ι

2206 2444 2553 2514 Σημειωτέον
2593 2445 2674 2496 ὅτι
2703 2443 2784 2497 δεῖ
2812 2443 2901 2497 τὸν
2947 2443 3376 2512 συνταττόμενον
3413 2442 3578 2514 εὐχὴν
3618 2444 3712 2496 καὶ

2131 2530 2480 2597 γονυκλισίαν
2517 2530 2788 2585 ποιεῖσθαι
2823 2533 2920 2585 σὺν
2957 2534 3091 2586 πᾶσι
3114 2541 3142 2581 θ’
3174 2535 3288 2597 τοῖς
3321 2533 3578 2603 παροῦσι,
3615 2534 3710 2585 καὶ

2131 2619 2306 2684 οὓτως
2339 2622 2668 2691 ἀποχωρεῖν.

2710 2738 2962 2792 ΚΕΦΑΛ.
3002 2739 3134 2793 KA'.

2205 2869 2221 2900 ι
2263 2849 2450 2919 Τούτῳ
2482 2849 2539 2903 δὲ
2580 2847 2721 2922 ἦσαν
2775 2851 3038 2923 παρθένοι
3083 2852 3388 2923 θυγατέρες
3441 2852 3708 2924 τέσσαρες

2131 2946 2592 3014 προφητεύουσαι.
2634 2963 2652 2996 ι

2199 3035 2324 3088 Ὅτι
2367 3035 2460 3090 τοῦ
2493 3037 2746 3090 διακόνου
2789 3036 3058 3090 Φιλίππου
3098 3034 3239 3109 ἦσαν
3277 3039 3334 3092 αί
3366 3037 3706 3108 θυγατέρες·

434 3130 525 3200 qui
559 3131 908 3186 matrimonio
927 3129 1335 3202 fuerantjuncti
1369 3135 1701 3190 ministrare.
1728 3133 1864 3190 Nota
1890 3152 2018 3193 vero

2123 3127 2261 3182 ὥστε
2307 3124 2400 3182 οῦν
2459 3129 2588 3200 ἐξῆν
2638 3129 2716 3200 τῷ
2775 3132 3166 3201 κοινωνήσαντι
3227 3131 3390 3202 γάμῳ
3428 3131 3527 3202 (sic
3564 3130 3705 3200 cod.)

433 3223 576 3278 tilias
601 3223 719 3293 ejus
766 3224 1142 3294 prophetissas
1177 3223 1344 3280 fuisse
1362 3226 1621 3293 virgines,
1649 3237 1703 3282 et
1726 3241 1819 3281 eas
1847 3229 2020 3296 pieta-

435 3315 504 3368 tis
537 3330 698 3369 causa
731 3315 1092 3386 virginitatem
1121 3329 1390 3382 servasse,
1431 3317 1573 3372 unde
1602 3318 1886 3388 prophetia
1918 3319 2019 3373 de-

433 3417 576 3460 natat
608 3415 767 3460 sunt:
799 3406 905 3461 nisi
957 3417 1136 3463 autem
1171 3409 1456 3479 virginitas
1489 3409 1666 3479 magni
1696 3410 1853 3478 pretii
1882 3409 2018 3466 fuis-

433 3508 539 3565 set,
589 3513 695 3552 non
728 3498 1052 3569 subiecisset
1109 3501 1406 3557 historicus
1430 3516 1526 3556 eas
1558 3499 1724 3556 luisse
1754 3501 2014 3573 virgines.

504 3678 669 3734 Vsus.
701 3681 788 3736 l3.
823 3700 842 3734 ι
876 3680 1029 3737 Tunc
1055 3683 1333 3752 respondit
1360 3682 1559 3740 Paulus
1592 3692 1646 3739 et
1667 3682 1807 3738 dixit
1832 3704 1844 3739 :
1873 3684 2012 3752 Quid

431 3772 613 3828 facitis
667 3772 858 3829 ﬂentes
885 3783 940 3830 et
989 3773 1290 3845 aﬂligentes
1339 3790 1434 3828 cur
1489 3790 1666 3830 meum
1691 3775 1714 3829 ?
1743 3791 1843 3844 ego
1867 3777 2012 3832 enim

431 3880 537 3918 non
575 3865 750 3920 solum
787 3866 1019 3938 alligari,
1061 3870 1155 3922 sed
1205 3879 1258 3921 et
1305 3870 1442 3923 mori
1500 3869 1550 3922 in
1582 3867 1886 3924 Jerusalem
1916 3883 2014 3939 pa-

430 3963 579 4010 ratus
615 3971 758 4020 sum,
791 3966 1014 4026 propter
1045 3972 1238 4011 nomen
1272 3956 1480 4012 Domini
1510 3957 1660 4012 Jesu.
1705 3976 1724 4009 ι

499 4044 809 4101 Notandum
836 4056 920 4102 est
940 4058 1195 4118 oportere
1228 4064 1322 4103 eos
1353 4049 1616 4119 repellere
1647 4047 1737 4117 qui
1776 4046 2012 4116 aliquem

429 4155 458 4194 a
479 4138 728 4194 faciendo
750 4139 953 4208 aliquid
978 4142 1225 4210 generosi
1250 4140 1560 4210 prohibeant,
1579 4138 1791 4194 etiamsi
1814 4137 2011 4202 ﬂeant;

429 4231 548 4286 istis
577 4246 792 4300 quoque
845 4231 1068 4286 ﬂetibus
1114 4231 1336 4287 Paulum
1371 4233 1545 4300 ipsum
1579 4230 1746 4284 fuisse
1780 4227 2012 4280 fractum

426 4331 479 4375 et
540 4321 656 4388 ejus
697 4324 862 4377 robur
917 4325 1187 4390 attritum,
1247 4333 1580 4393 quapropter
1628 4335 1722 4375 eos
1779 4317 2010 4387 repellit.

426 4412 566 4478 Quid
619 4429 750 4483 ergo
807 4415 1097 4470 dicendum
1147 4416 1214 4469 de
1253 4415 1335 4470 his
1381 4429 1499 4485 qua:
1531 4411 1733 4467 Paulus
1769 4409 2012 4478 adjicit?

2119 3219 2424 3274 διακονεῖν·
2483 3221 2794 3292 σημείωσαι
2827 3221 2884 3275 δὲ
2929 3223 3010 3275 δτι
3055 3224 3110 3276 αἱ
3158 3223 3490 3294 προφήτιδες
3525 3225 3580 3275 αἱ
3613 3223 3707 3276 θυ-

2120 3312 2353 3383 γατέρες
2383 3311 2551 3366 αὐτοῦ
2584 3313 2848 3384 παρθένοι
2894 3310 3056 3384 ἦσαν,
3088 3315 3183 3368 καὶ
3214 3316 3296 3368 ὃτι
3327 3316 3531 3386 ἤσκουν
3565 3315 3706 3385 μᾶλ-

2118 3404 2209 3458 λον
2239 3405 2306 3457 δι’
2337 3404 2626 3458 εὐλάϐειαν
2656 3406 2836 3472 τοῦτο,
2873 3405 3014 3459 ὥστε
3041 3407 3134 3460 καὶ
3169 3412 3508 3478 προφητείας
3541 3407 3705 3476 ἠξιῶ-

2119 3496 2276 3550 σθαι·
2329 3498 2378 3550 εἰ
2430 3498 2506 3569 μὴ
2559 3496 2616 3550 δὲ
2657 3492 2727 3567 ἦν
2774 3498 3266 3569 περισπούδαστον,
3300 3499 3402 3551 οὑκ
3431 3501 3497 3552 ἂν
3531 3514 3702 3570 προσ-

2117 3588 2314 3658 έθηκεν
2340 3588 2368 3640 6
2401 3590 2780 3659 συγγραφεὺς,
2809 3589 2892 3642 δτι
2922 3590 3014 3641 καὶ
3045 3589 3304 3660 παρθένοι
3331 3585 3496 3660 ἦσαν.

2191 3698 2210 3732 ι
2259 3679 2394 3732 Τότε
2425 3679 2702 3751 ἀπεκρίθη
2733 3683 2760 3733 ό
2795 3680 3004 3745 Παῦλος
3027 3698 3038 3709 ·
3067 3682 3132 3734 Τί
3167 3685 3373 3735 ποιεῖτε
3417 3681 3701 3744 κλαίοντες

2117 3773 2209 3825 καὶ
2242 3771 2673 3843 συνθρύπτοντές
2727 3790 2827 3843 μου
2862 3772 2959 3843 τὴν
3005 3773 3265 3844 καρδίανς
3323 3773 3434 3841 ἐγὼ
3484 3773 3594 3842 γὰρ
3638 3773 3697 3824 οὐ

2119 3865 2278 3936 μόνον
2301 3864 2551 3935 δεθῆναι,
2589 3864 2727 3919 ἀλλὰ
2757 3867 2851 3918 καὶ
2879 3866 3176 3920 ἀποθανεῖν
3216 3868 3296 3926 είς
3339 3865 3698 3936 Ἰερουσαλὴμ

2115 3957 2346 4029 ἑτοίμως
2362 3957 2471 4029 ἐχω
2501 3958 2645 4028 ὑπὲρ
2673 3957 2767 4011 τοῦ
2796 3958 3060 4027 ὀνόματος
3085 3957 3178 4011 τοῦ
3203 3959 3411 4029 Κυρίου
3447 3959 3644 4028 Ἰησοῦ.
3671 3978 3689 4009 ι

2184 4051 2532 4122 Σημειωτέον
2560 4053 2646 4104 ὅτι
2675 4050 2755 4104 δεῖ
2781 4051 3192 4122 ἀποτρέπεσθαι
3220 4054 3346 4115 τοὺς
3387 4052 3697 4114 κωλύοντας

2113 4159 2237 4196 τινα
2286 4144 2463 4196 ποιεῖν
2504 4158 2557 4196 τι
2594 4144 2862 4211 γενναῖον,
2903 4142 3007 4195 κᾶν
3062 4141 3369 4213 δακρύωσι·
3403 4143 3495 4195 καὶ
3524 4143 3605 4195 δτι
3638 4143 3696 4194 τὸ

2112 4233 2353 4288 τοιοῦτον
2379 4235 2636 4306 ’δάκρυον
2674 4233 2768 4286 καὶ
2825 4233 2990 4288 αὐτὸν
3033 4234 3122 4287 τὸν
3176 4234 3391 4288 Παῦλον
3435 4235 3691 4300 συνέκλα,

2113 4326 2208 4379 καὶ
2249 4326 2312 4380 τὸ
2363 4326 2719 4398 ἐρρωμένονπ
2773 4325 2938 4379 αὐτοῦ
2977 4326 3190 4380 διέλυε’
3247 4327 3328 4380 διὸ
3377 4327 3693 4381 ἀποσείεται

2112 4415 2308 4480 αὐτούς
2328 4431 2344 4446 ⁸
2373 4417 2424 4470 τί
2448 4412 2541 4469 οὖν
2564 4415 2643 4468 δεῖ
2671 4416 2846 4469 εἰπεῖν
2879 4417 3010 4488 περὶ
3036 4416 3144 4470 τῶν
3177 4416 3382 4470 λοιπῶν
3413 4416 3505 4470 τοῦ
3540 4415 3692 4469 Παύ-

426 4503 627 4558 Contra
675 4515 876 4560 matres
907 4516 962 4562 et
1005 4515 1261 4577 parentes
1293 4507 1384 4575 qui
1429 4519 1557 4559 suos
1595 4503 1795 4558 liberos
1825 4516 2008 4556 mona-

2123 4508 2209 4563 λου
2239 4507 2400 4562 τοῦτο
2432 4508 2678 4571 εἰπόντος
2699 4524 2757 4573 ·;
2803 4507 3062 4578 Ἀρμόςει
3110 4509 3251 4562 κατὰ
3283 4509 3540 4581 μητέρων
3573 4509 3692 4579 ἤτοι

429 4592 565 4647 chos
589 4608 709 4649 esse
734 4596 1045 4664 prohibent,
1097 4595 1380 4664 aptissima
1417 4604 1565 4649 sunt.

501 4683 662 4739 Vens.
710 4685 793 4740 19.
831 4705 850 4737 ε
891 4689 1037 4753 Quos
1089 4702 1212 4742 cum
1264 4687 1575 4754 salutasset,
1613 4692 1866 4746 narrabat
1913 4709 2010 4762 per

427 4776 638 4846 singula
680 4794 801 4846 quat
833 4779 972 4833 Deus
1002 4778 1225 4834 fecisset
1262 4779 1313 4831 in
1343 4779 1595 4846 gentibus
1627 4798 1722 4851 per
1759 4786 2005 4842 ministe-

426 4867 564 4922 rium
593 4869 784 4939 ipsius.
831 4889 850 4923 ι

495 4957 604 5012 Per
660 4958 1015 5014 ministerium
1062 4958 1249 5026 ipsius,
1301 4961 1352 5014 id
1400 4971 1499 5027 est,
1536 4979 1630 5032 per
1665 4967 2005 5034 przedicatio-

428 5067 549 5106 nem
605 5052 899 5120 Evangelii.
950 5051 1085 5104 Eunt
1138 5067 1238 5107 nec
1287 5052 1580 5109 laudabant
1611 5071 1710 5112 nec
1764 5060 2004 5113 admira-

428 5145 646 5211 bantur,
688 5145 814 5215 quia
846 5144 926 5198 sic
966 5145 1226 5200 narrabat
1281 5157 1339 5202 ut
1389 5157 1582 5203 cuncta
1609 5151 1675 5204 ad
1707 5150 1872 5205 Deum
1919 5167 2005 5206 re-

426 5231 614 5286 ferret.

497 5321 659 5376 Vens.
703 5323 795 5389 25,
827 5323 918 5378 2L
949 5344 967 5376 ι
1006 5325 1144 5380 Sunt
1179 5328 1332 5383 nobis
1368 5328 1470 5382 viri
1509 5341 1764 5398 quatuor,
1809 5341 1998 5384 votum

426 5413 691 5468 habentes
741 5429 906 5486 super
951 5432 1031 5472 se.
1092 5417 1188 5474 llis
1245 5423 1566 5491 assumptis,
1625 5423 1909 5477 sanctilica
1951 5433 2000 5477 te

429 5517 549 5556 cum
581 5501 709 5560 illis.
748 5525 767 5558 ι

530 5657 803 5737 ’,ρῦσίαςο
860 5666 1098 5737 Δια’ἰοιί.
1131 5665 1297 5721 Coisl.
1333 5669 1600 5737 συμπᾶσι.

441 5727 699 5796 μονάξην.
773 5738 819 5771 θ’
849 5733 979 5790 Cod.
1017 5736 1129 5788 ἕνα.

1709 5679 1729 5704 ²
1769 5668 1828 5724 C.
1870 5671 2202 5744 ἐρῤωμενές.

2107 4601 2312 4670 γονέων
2339 4600 2663 4654 κωλυόντων
2689 4601 2816 4664 τοὺς
2849 4601 3056 4655 ἑαυτῶν
3079 4602 3107 4642 b
3136 4603 3330 4666 παῖδας
3363 4601 3617 4673 μονάζειν
3637 4611 3685 4656 ε.

2187 4710 2205 4742 ‹
2242 4692 2354 4744 Καὶ
2391 4690 2781 4761 ἀσπασάμενος
2835 4691 3067 4756 αὐτοὺς,
3109 4691 3356 4761 ἐξηγεῖτο
3403 4691 3524 4746 καθ’
3557 4691 3615 4743 ἓν
3639 4693 3687 4729 ο·

2107 4781 2336 4834 ἕκαστον
2385 4773 2462 4834 ὧν
2511 4781 2767 4852 ἐποίησεν
2806 4783 2834 4834 ό
2861 4781 2992 4846 Θεὸς
3023 4784 3081 4834 ἐν
3121 4785 3235 4845 τοῖς
3262 4783 3440 4835 ἔθνεσι
3473 4781 3561 4834 διὰ
3590 4781 3692 4850 τῆς

2109 4873 2384 4936 διακονίας
2415 4872 2602 4927 αὐτοῦ.

2180 4961 2284 5015 Διὰ
2317 4962 2427 5031 τῆς
2448 4963 2760 5028 διακονίας
2780 4962 2968 5016 αὐτοῦ
2989 4980 3000 4992 ⁸
3031 4964 3149 5016 ἀντὶ
3173 4964 3264 5016 τοῦ
3283 4963 3380 5032 τῆς
3404 4963 3690 5033 κηρύξεως

2109 5053 2200 5106 τοῦ
2237 5054 2596 5122 εὐαγγελικοῦ
2647 5055 2828 5123 λόγου.
2864 5057 2978 5109 Οὐκ
3022 5057 3232 5108 ἐκεῖνον
3279 5055 3536 5126 ἐπῄνουν,
3566 5057 3691 5109 οὐδὲ

2107 5144 2447 5214 ἐθαύμαζον·
2497 5145 2639 5200 οὕτω
2686 5147 2796 5218 γάρ
2842 5147 3142 5218 διηγήσατο
3187 5147 3264 5210 ὡς
3299 5147 3691 5218 ἀνατιθέμενος

2107 5237 2184 5306 τῷ
2217 5237 2355 5306 Θεῷ.

2187 5355 2204 5387 ι
2247 5338 2401 5389 Εἰσὶν
2445 5339 2573 5408 ἡμῖν
2607 5339 2800 5410 ἄνδρες
2842 5341 3108 5412 τέσσαρες
3141 5340 3308 5410 εὐχὴν
3356 5341 3571 5412 ἔχοντες
3604 5343 3693 5409 ἐφ’

2111 5426 2354 5478 ἐαυτῶν’
2407 5429 2629 5492 τούτους
2691 5430 3028 5500 παραλαϐὼν
3087 5432 3377 5502 ἁγνίσθητι
3435 5432 3532 5484 σὺν
3588 5432 3694 5486 αύ-

2111 5534 2244 5580 τοις.
2292 5536 2310 5568 ι

2885 5677 2912 5716 δ
2945 5677 3006 5733 C.
3035 5677 3095 5733 C.
3135 5679 3348 5735 ἑαυτόν.
3474 5690 3497 5718 ο
3529 5677 3589 5733 C.
3624 5678 3689 5734 C.

2803 5805 2808 5810 .
2849 5750 2917 5799 In

2282 5683 2300 5704 '
2326 5672 2386 5729 C.
2419 5672 2480 5728 C.
2516 5677 2782 5740 εἰπόντες.
