4064 6404
349 396 483 461 1585

1385 379 1851 444 FRAGMENTA
1886 378 1971 441 IN
2010 378 2202 441 ACTA
2237 378 2814 442 APOSTOLORUM.

3482 378 3617 446 1586

415 518 479 570 Οί
514 516 573 569 ἐν
614 511 1013 588 Ἰεροσολύμοις
1048 506 1441 571 πιστεύσαντες
1490 507 1598 560 ἀπὸ
1662 505 1929 560 Ἰουδαίων

2106 505 2208 574 Qui
2246 506 2298 562 in
2337 505 2639 563 Jerusalem
2666 522 2733 561 ex
2761 503 2963 560 Judaeis
2994 504 3335 558 crediderant
3370 499 3619 556 volebant

345 607 412 661 τὰ
435 604 533 676 ἔθη
559 603 629 658 τὰ
657 601 860 673 νομικὰ
886 599 1081 671 ἧθελον
1101 600 1173 638 δ”
1196 596 1513 667 φυλάττειν.

423 719 440 750 ι
484 698 619 752 Τότε
645 698 675 751 ὁ
704 695 916 760 Παῦλος
942 692 1279 765 παραλαϐὼν
1309 693 1435 757 τοὺς
1468 692 1690 761 ἄνδρας,
1718 693 1780 763 τῇ
1809 693 1927 762 ἐχο-

348 793 485 866 μένῃ
533 791 723 863 ἡμέρᾳ
770 790 869 845 σὺν
923 789 1109 854 αὐτοῖς
1162 786 1444 857 ἁγνισθεὶς
1495 785 1671 856 εἰσῄει
1728 785 1810 850 είς
1865 784 1928 838 τὸ

348 884 512 957 ίερόν.
553 903 572 936 ι
1484 884 1509 899 ’

418 984 581 1046 Ἔθος
632 980 833 1052 μᾶλλον
873 973 942 1051 ἦν
984 976 1111 1041 τοὺς
1156 974 1379 1046 ἔχοντας
1419 972 1586 1043 εὐχὴν
1634 968 1927 1043 κείρασθαι

346 1078 444 1147 τὴν
486 1073 733 1145 κεφαλὴν
786 1070 926 1143 μετὰ
950 1070 1010 1122 τὸ
1036 1066 1362 1137 ἀγνισθῆναι
1382 1106 1398 1130 ,
1426 1066 1522 1118 καὶ
1552 1063 1727 1126 οὕτως
1759 1062 1854 1116 ἐπὶ
1883 1062 1927 1127 ζ’

347 1167 560 1239 ἡμέρας
593 1162 1119 1233 ποιεῖνηπροσφορὰν
1150 1158 1291 1230 ὑπὲρ
1317 1156 1529 1211 ἑαυτῶν
1549 1171 1562 1185 ⁸
1598 1153 1846 1209 τοιοῦτόν
1877 1171 1927 1207 τι

347 1258 601 1329 ἐποίησεν
619 1253 649 1296 (ι
695 1254 930 1317 Ἀκύλας
964 1251 1059 1306 καὶ
1089 1248 1395 1322 Πρίσκιλλα
1414 1266 1426 1279 ·
1460 1248 1536 1311 ὼς
1560 1246 1722 1317 δῆλον
1749 1239 1888 1298 εἶναι
1913 1283 1927 1308 ,

345 1355 426 1407 ὅτι
446 1352 520 1414 ὡς
543 1346 922 1410 θεοσεϐοῦντες
950 1343 1312 1413 ἀπεκείροντο
1340 1340 1440 1414 τὴν
1464 1340 1647 1410 κόμην
1671 1349 1695 1378 θ
1713 1355 1726 1369 ·
1750 1336 1932 1400 καλῶς

346 1440 440 1499 οὖν
484 1441 581 1496 καὶ
609 1439 705 1494 νῦν
746 1439 797 1493 οι
830 1436 1082 1499 εὐλαϐεῖς
1112 1435 1426 1506 κείρονται’
1452 1430 1618 1486 δεῖδὲ
1649 1430 1744 1485 καὶ
1778 1430 1934 1497 ἁγνι-

346 1538 516 1610 σμοῦο
550 1540 609 1591 ἐν
649 1537 765 1599 τοῖς
811 1532 1094 1605 Ἀριθμοτς
1137 1529 1196 1585 δὲ
1241 1529 1418 1583 κεῖται
1461 1527 1491 1580 ὁ
1532 1525 1700 1595 νόμος
1739 1518 1930 1587 οῦτοςο

358 1629 650 1687 Ἰουδαϊκὸν
679 1623 772 1681 οὖν
798 1625 859 1679 τὸ
884 1624 1028 1687 ἔθος.

426 1745 444 1777 ι
496 1720 813 1777 Ἠκολούθει
838 1719 950 1790 γάρ
981 1716 1044 1770 τὸ
1071 1714 1277 1788 πλῆθος
1300 1712 1394 1768 τοῦ
1423 1711 1577 1779 λαοῦ,
1611 1710 1931 1782 κράζοντεςο

346 1815 481 1889 Αἶρε
513 1816 697 1871 αὐτόν.
737 1833 756 1866 ι

2038 599 2230 670 legalia
2264 615 2504 655 servare.

2114 691 2272 748 Vens.
2333 692 2426 747 26.
2481 710 2499 742 ι
2538 692 2692 745 Tune
2718 689 2942 753 Paulus,
2988 688 3285 756 assumptis
3327 686 3481 749 viris,
3523 700 3621 755 po-

2037 796 2184 841 stera
2235 787 2323 839 die
2376 784 2698 855 puriticatns
2752 798 2877 838 cum
2919 783 3053 847 illis,
3108 778 3332 836 intravit
3375 779 3428 833 in
3482 786 3619 833 tem-

2038 879 2208 951 plum.
2253 898 2272 932 ι

2110 974 2225 1030 Mos
2254 981 2371 1029 erat
2402 983 2586 1027 votum
2616 971 2881 1026 habentes
2905 968 3099 1023 radere
3124 966 3304 1035 capita
3329 978 3453 1029 sua,
3478 968 3625 1031 post-

2039 1083 2199 1139 quam
2246 1066 2461 1121 inerant
2517 1063 2811 1136 puriﬁcali,
2855 1069 2912 1115 et
2955 1061 3028 1115 ita
3082 1066 3205 1130 post
3253 1066 3462 1125 septem
3510 1053 3625 1107 dies

2039 1163 2365 1219 oblationem
2396 1175 2495 1231 pro
2524 1173 2583 1213 se
2606 1158 2739 1226 ipsis
2770 1156 3078 1211 faciebant:
3107 1150 3312 1220 aliquid
3342 1147 3448 1204 tale
3476 1146 3620 1201 fece-

2040 1262 2163 1312 rant
2216 1253 2408 1323 Aquila
2438 1260 2492 1307 et
2539 1249 2819 1314 Priscilla;
2857 1247 2997 1302 unde
3027 1241 3374 1300 manifestum
3418 1247 3502 1294 est
3527 1251 3622 1292 eos

2040 1347 2131 1418 qui
2183 1344 2422 1415 religiosi
2471 1351 2631 1397 crant
2678 1340 2779 1394 sibi
2830 1351 3041 1392 comam
3090 1332 3435 1397 abscidisse;
3476 1336 3623 1384 recte

2041 1440 2205 1511 igitur
2227 1446 2280 1506 et
2308 1451 2456 1491 nunc
2502 1434 2576 1502 pii
2617 1433 2923 1495 raduntur;
2960 1427 3054 1483 sed
3082 1422 3460 1495 puriﬁcatione
3487 1433 3624 1487 opus

2041 1510 2126 1588 cst
2155 1549 2170 1585 :
2199 1543 2361 1601 porro
2396 1527 2450 1582 in
2480 1523 2735 1580 Numeris
2762 1522 2910 1592 jacet
2935 1518 3020 1573 lex
3050 1516 3136 1572 illa
3163 1533 3179 1583 ;
3209 1527 3338 1585 ergo
3371 1510 3628 1566 Iudaicus

2041 1631 2124 1680 CSl
2150 1637 2199 1676 m
2207 1636 2288 1678 ος.

2115 1716 2278 1769 Vens.
2330 1712 2424 1768 56.
2483 1728 2503 1762 ι
2555 1706 2894 1774 Sequebatur
2945 1717 3069 1758 eum
3120 1696 3407 1755 multitudo
3446 1691 3627 1764 populi

2044 1809 2323 1864 clamans:
2365 1803 2518 1859 Tolle
2547 1817 2670 1856 eum
2695 1800 2758 1854 ¹⁶.
2803 1817 2821 1851 ι

426 1877 586 1973 ἰἘθος
626 1910 740 1972 τοῖς
795 1905 1076 1968 Ἰουδαίοις
1127 1902 1335 1973 ταύτην
1384 1904 1566 1970 λέγειν
1617 1903 1717 1973 τὴν
1749 1901 1934 1971 φωνὴν

2114 1899 2374 1954 Solebant
2422 1892 2591 1959 Judaei
2630 1890 2771 1944 hanc
2808 1901 2995 1942 vocem
3034 1886 3301 1938 adversus
3329 1880 3508 1948 jnstos
3551 1877 3631 1931 er-

350 2005 496 2060 κατά
528 2002 636 2058 τῶν
674 2000 929 2055 δικαίων·
964 1999 1041 2063 ὡς
1080 1997 1177 2053 καὶ
1206 1996 1348 2051 κατὰ
1386 1994 1481 2049 τοῦ
1509 1994 1754 2066 Κυρίου·
1792 1989 1935 2063 Αἵρε

348 2096 569 2152 αὐτόν’
598 2094 722 2149 ἀντὶ
750 2090 868 2154 τοῦ,
902 2092 1149 2161 Ἔπαρον
1173 2088 1338 2143 αὐτὸν
1364 2088 1429 2141 ἐκ
1449 2087 1560 2141 τῶν
1588 2085 1828 2151 ζώντων.

432 2208 452 2241 ‹
492 2181 629 2242 Eine
666 2186 724 2239 δέ
774 2188 804 2239 ὁ
855 2182 1100 2247 Παῦλος,
1168 2180 1309 2250 Ἐγὼ
1364 2180 1651 2251 ἄνθρωπος
1688 2179 1787 2250 μέν
1820 2179 1936 2247 είμι

365 2280 638 2343 Ἰουδαῖος.
676 2278 961 2349 Ταρσεὺς,
996 2277 1095 2347 τῆς
1129 2273 1389 2338 Κιλικίας
1431 2272 1532 2326 οὐκ
1584 2271 1802 2342 ἀσήμου
1836 2269 1937 2323 πός

350 2376 492 2436 λεως
514 2371 759 2442 πολίτης.
810 2388 833 2422 ι

424 2468 762 2533 Ἀνθρωπος
785 2461 904 2532 μέν
933 2463 1051 2532 ειμι
1103 2457 1415 2523 Ἰουδαῖος.
1463 2454 1627 2509 Φύσει
1659 2455 1772 2526 γὰρ
1809 2454 1942 2507 Ἰου⁹

354 2557 496 2613 δαίοί
532 2559 698 2626 ἐσμεν
723 2556 772 2608 oi.
804 2552 1148 2624 Χριστιανοὶ,
1190 2551 1267 2615 ώς
1317 2546 1805 2619 ἐξομολογούμενοι
1842 2544 1942 2618 τὴν

354 2651 533 2722 ἀληθῆ
565 2649 748 2703 πίστιν
769 2665 782 2680 ⁸
811 2649 951 2718 ὅπερ
981 2645 1237 2715 σημαίνει
1264 2643 1324 2696 τὸ
1361 2642 1565 2705 Ἰούδας
1590 2641 1782 2712 ὄνομα.

940 2758 1198 2811 ΚΕΦΑΛ.
1238 2754 1369 2810 ΚΒ’.

434 2894 453 2926 ‹
514 2872 766 2941 Ἐγένετο
816 2869 875 2924 δέ
914 2886 1004 2941 μοι
1056 2866 1411 2939 πορευομένῳ
1454 2869 1549 2922 καὶ
1603 2866 1838 2937 ἐγγίζων
1875 2870 1941 2939 τῇ

359 2964 658 3037 Δαμασκῷ,
705 2964 834 3033 περὶ
889 2961 1241 3034 μεσημϐρίαν
1293 2961 1556 3031 ἐξαίφνης
1616 2963 1680 3015 ἐκ
1715 2960 1809 3015 τοῦ
1851 2961 1945 3015 οὖ-

365 3052 524 3123 ρανοῦ
559 3051 966 3125 περιαστράψαι
1003 3050 1119 3121 φῶς
1147 3050 1328 3104 ἱκανὸν
1352 3050 1623 3119 περίἐμέ.
1668 3070 1687 3102 ι

429 3144 558 3212 Φῶς
586 3145 815 3208 ἱκανὸν,
842 3144 977 3199 πολὺ
1003 3143 1122 3214 φῶς
1141 3160 1154 3175 ο
1179 3137 1242 3198 οῦ
1266 3143 1341 3215 μὴ
1363 3143 1603 3211 ἐνεγκὼν
1628 3143 1726 3215 τὴν
1749 3144 1945 3213 αἴγλην

2038 1992 2203 2057 ferre,
2221 1996 2281 2043 ut
2312 1987 2571 2041 adversus
2594 1980 2776 2036 Jesum
2800 1977 3064 2033 fecerunt.
3091 1973 3236 2029 Tolle
3259 1988 3396 2037 eum,
3418 1984 3542 2040 pro,
3565 1967 3632 2023 de

2040 2083 2216 2139 medio
2242 2081 2487 2135 vivorum
2516 2090 2638 2129 eum
2661 2070 2913 2129 sustolle.

2114 2173 2274 2230 Vens.
2317 2170 2407 2226 59.
2449 2186 2468 2222 ι
2513 2167 2654 2222 Dixit
2684 2173 2864 2219 autem
2891 2159 3093 2215 Paulus
3121 2177 3133 2213 :
3172 2157 3287 2228 Ego
3320 2155 3484 2210 homo
3509 2168 3629 2208 sum

2040 2267 2260 2339 quidem
2313 2261 2535 2318 Judazus
2568 2274 2596 2314 a
2641 2256 2816 2312 Tarso
2867 2252 3075 2309 Ciliciae
3107 2265 3214 2303 non
3260 2248 3457 2318 ignota:
3492 2242 3628 2299 civi-

2044 2360 2171 2417 tatis
2201 2357 2507 2423 municeps.
2550 2371 2571 2405 ι

2114 2451 2290 2505 Hanno
2346 2445 2558 2518 quidem
2590 2459 2704 2498 sum
2730 2439 2978 2495 Iudaeus.
3008 2435 3218 2491 Revera
3249 2432 3393 2487 enim
3436 2425 3606 2483 .luda‘i

2046 2557 2236 2599 sumus
2268 2517 2579 2610 quicunque
2608 2531 2929 2595 Christiani,
2956 2528 3045 2598 qui
3071 2540 3251 2581 veram
3284 2521 3440 2578 iidem
3467 2517 3633 2575 contis

2047 2646 2257 2692 temur:
2292 2647 2415 2688 nam
2447 2629 2552 2685 boc
2582 2625 2853 2697 signiﬁcat
2876 2634 3072 2677 nomen
3100 2617 3275 2673 Judae.

2647 2736 2804 2795 CAP.
2856 2732 3028 2790 XXII.

2121 2863 2284 2919 Vens.
2318 2860 2374 2915 6.
2435 2877 2455 2910 ι
2492 2855 2717 2911 Factum
2749 2860 2833 2908 est
2869 2859 3075 2914 autem,
3104 2855 3268 2903 eunte
3303 2858 3408 2909 me,
3442 2852 3497 2897 et
3537 2855 3634 2911 ap-

2046 2956 2449 3025 propinquante
2496 2948 2784 3008 Damasco,
2817 2942 2995 2996 media
3028 2939 3138 3006 die,
3186 2936 3367 2991 subito
3397 2934 3463 2989 de
3494 2932 3635 2988 caelo

2048 3043 2411 3101 circumlulsit
2441 3055 2527 3097 me
2558 3041 2643 3095 lux
2675 3034 2967 3092 sulliciens.
3004 3048 3024 3088 ν

2120 3137 2238 3192 Lua:
2289 3136 2549 3206 su/ﬁciem
2589 3148 2606 3187 :
2664 3131 2755 3185 lux
2800 3127 3040 3198 copiosa,
3082 3126 3238 3195 cujus
3291 3120 3636 3192 splendorem

356 3235 386 3288 ὁ
411 3234 659 3300 Παῦλος,
725 3233 1040 3304 ἀπελιθώθη
1086 3232 1215 3297 τοὺς
1257 3231 1570 3304 ὀφθαλμούς
1594 3250 1609 3265 ο
1664 3233 1726 3286 οὐ
1782 3232 1943 3303 μόνον

2053 3247 2160 3287 non
2213 3229 2397 3285 ferens
2440 3226 2642 3282 Paulus
2694 3230 2999 3279 excrecatus
3028 3229 3112 3274 est
3161 3216 3359 3278 oculis.
3396 3230 3502 3269 non
3539 3229 3639 3268 au-

354 3330 486 3392 τοὺς
518 3327 837 3397 αἰσθητοὺς,
865 3326 1005 3384 ἀλλὰ
1030 3328 1172 3398 τάχα
1200 3328 1297 3381 καὶ
1319 3328 1446 3390 τοὺς
1476 3326 1724 3399 νοητοὺς·
1748 3326 1944 3397 ἀμέλει

357 3421 546 3492 φησίνο
586 3422 684 3489 Ὠς
709 3421 779 3475 δὲ
807 3423 920 3476 οὐκ
942 3420 1279 3476 ἐνέϐλεπον
1315 3420 1435 3475 ἀπὸ
1464 3418 1577 3488 τῆς
1615 3419 1802 3487 δόξης
1839 3419 1948 3474 τοῦ

355 3513 557 3582 φωτὸς
585 3511 845 3567 ἐκείνου.

438 3624 459 3657 ι
496 3607 619 3659 Ὀτι
649 3603 748 3676 ἔσῃ
782 3601 994 3674 μάρτυς
1014 3599 1168 3671 αὐτῷ
1189 3600 1328 3671 πρὸς
1356 3600 1566 3663 πάντας
1596 3599 1943 3671 ἀνθρώπους,

350 3692 434 3753 ὧν
460 3715 520 3751 τε
548 3695 802 3768 ἑώρακας
821 3694 918 3749 καὶ⁵
942 3693 1205 3765 ἦκουσας.
1248 3711 1267 3745 ι

431 3788 778 3862 Σημειωτέον
815 3788 897 3842 ὅτι
940 3786 1037 3840 καὶ
1060 3780 1170 3839 εἶδε
1199 3784 1292 3837 τὸν
1353 3783 1558 3855 Ἰησοῦν
1589 3784 1683 3838 καὶ
1709 3785 1948 3855 ἦκουσεν

351 3880 528 3937 αὐτοῦ
549 3882 578 3935 ὁ
605 3877 819 3959 Παῦλος
842 3892 856 3907 ⁸
882 3879 932 3931 οἱ
954 3876 1010 3930 δὲ
1038 3875 1291 3939 συνόντες
1310 3875 1408 3946 τὴν
1435 3874 1757 3947 λαμπηδόνα
1787 3874 1948 3945 μόνον

353 3972 458 4030 τοῦ
485 3970 662 4042 φωτδς
692 3967 859 4025 αὐτοῦ
894 3963 1058 4034 εἶδον,
1092 3967 1154 4021 οὐ
1188 3967 1296 4039 μὴν
1336 3967 1500 4020 αὐτόν
1520 3984 1533 3998 ·
1567 3967 1663 4021 καὶ.
1692 3966 1785 4019 τὸν
1812 3961 1948 4037 ἦχον

353 4065 563 4137 ἤκουον
592 4064 694 4134 τῆς
736 4062 942 4134 φωνῆς,
981 4061 1043 4115 οὗ
1101 4060 1208 4133 μὴν
1231 4060 1473 4131 συνῆκαν
1500 4059 1568 4113 τὰ
1611 4058 1946 4131 λαλούμενα,

352 4158 439 4221 ὡς
460 4156 635 4235 ὀπίσω
659 4155 877 4226 ἐλέχθη.

442 4266 461 4298 r
519 4247 631 4302 Καὶ
687 4247 782 4300 νῦν
832 4245 885 4299 τί
943 4244 1191 4315 μέλλεις;
1242 4243 1478 4306 ἀναστὰς
1535 4242 1795 4313 βάπτισαι
1851 4242 1946 4296 καὶ

358 4338 667 4392 ἀπόλουσαι
713 4337 809 4401 τὰς
858 4336 1136 4408 ἁμαρτίας
1190 4352 1320 4403 σου,
1370 4332 1842 4404 ἐπικαλεσάμενος
1890 4331 1950 4387 τὸ

362 4430 538 4502 ὄνομα
560 4427 748 4484 αὐτοῦ.
785 4448 806 4480 ι

437 4498 513 4579 (lo
544 4526 652 4579 πᾶν
684 4524 778 4579 οὖν
817 4522 1102 4595 βάπτισμα
1143 4522 1281 4577 ἀλλὰ
1314 4522 1475 4592 μόνον
1502 4522 1563 4575 τὸ
1586 4520 1710 4585 είς(
1745 4498 1969 4594 Κύριον.

383 4615 586 4686 Ἰησοῦν
619 4618 765 4669 ποιεῖ
800 4614 1089 4687 ἁμαρτιῶν
1121 4613 1489 4685 καθαρισμόν.

443 4729 462 4760 ι
518 4709 765 4778 Ἐγένετο
785 4707 840 4760 δέ
880 4723 971 4777 μοι
1007 4706 1410 4777 ὑποστρέψαντι
1435 4707 1513 4770 είς
1559 4704 1939 4778 Ἰερουσαλὴμ,

370 4799 464 4855 καὶ
490 4797 932 4870 προσευχομένου
975 4813 1077 4867 μου
1118 4797 1177 4850 ἐν
1214 4795 1291 4863 τῷ
1320 4796 1474 4867 ἱερῷ,
1503 4796 1758 4864 γενέσθαι
1797 4812 1865 4865 με
1893 4796 1952 4847 ἐν

369 4894 650 4956 ἐκστάσει,
678 4892 771 4946 καὶ
799 4887 939 4944 εἶδον
977 4889 1140 4944 αὐτὸν
1166 4889 1395 4958 λέγοντά
1428 4906 1541 4960 μοι’
1587 4888 1829 4942 Σπεῦσον
1854 4889 1948 4942 καὶ

368 4983 555 5051 ἔξελθε
586 4986 643 5037 ἐν
672 4984 825 5054 τάχει
848 4981 909 5048 ἐξ
943 4981 1336 5052 Ἰερουσαλήμ·
1374 4981 1509 5041 διότι
1537 4982 1597 5035 οὐ
1624 4980 1956 5051 παραδέξον-

365 5076 459 5131 ταί
487 5092 581 5130 σου
602 5075 702 5146 τὴν
736 5072 1042 5147 μαρτυρίαν
1070 5073 1204 5144 περὶ⁸
1227 5072 1388 5144 ἐμοῦ.
1436 5090 1455 5125 ι

444 5168 586 5239 Ὅρα
625 5167 743 5231 πῶς
783 5166 945 5221 αὑτὸν
973 5166 1221 5220 είσωθεῖ·
1249 5163 1479 5233 ἾΙλθον,
1503 5164 1661 5236 φησὶ,
1688 5164 1830 5236 μετὰ
1853 5163 1951 5236 τὴν

367 5261 490 5330 ὄψιν
511 5259 729 5331 ἐκείνην
758 5261 839 5323 είς
874 5258 1234 5331 Ἰερουσαλήμ
1255 5275 1268 5290 ·
1309 5259 1475 5315 πάλιν
1503 5258 1662 5313 τοῦτο
1697 5241 1954 5328 άμάρτυέ

374 5368 465 5421 ρον
485 5366 499 5381 ο
532 5350 647 5405 ἀλλ’
679 5351 781 5422 ὅρα
805 5350 871 5404 ἐκ
891 5352 917 5391 ε
936 5350 1037 5420 τῆς
1062 5348 1342 5413 ἐκϐάσεως
1369 5351 1403 5420 ἠ
1432 5346 1711 5419 μαρτυρία
1728 5363 1740 5377 ο
1767 5342 1947 5412 εἶπεν,

371 5445 453 5495 ὅτι
494 5442 554 5496 οὐ
590 5442 834 5508 δέξονταί
870 5460 965 5496 σου
1007 5443 1106 5513 τὴν
1146 5441 1485 5514 μαρτυρίαν
1533 5440 1633 5493 οὐκ
1665 5438 1947 5503 ἐδέξαντο·

372 5533 469 5586 καὶ
504 5533 613 5604 μήν
648 5549 835 5602 φησιν,
866 5533 977 5603 εἴγε
1004 5535 1118 5625 άπὸ
1155 5532 1433 5604 λυγισμῶν
1475 5531 1583 5586 ἔδει
1618 5529 1779 5586 τοῦτο
1823 5531 1956 5584 ὑπο-

446 5690 489 5721 ¹⁶
520 5688 677 5745 Joan.
702 5704 817 5754 xui,
851 5688 932 5742 l5.

2056 3333 2162 3380 tem
2209 3322 2386 3377 solum
2438 3317 2705 3387 corporis,
2752 3317 2847 3373 sed
2894 3314 3075 3370 forsan
3109 3310 3274 3366 etiam
3310 3307 3530 3368 mentis.
3560 3306 3640 3361 si-

2052 3419 2270 3488 quidem
2311 3416 2487 3472 dicit:
2520 3412 2654 3468 Cum
2698 3429 2799 3468 non
2827 3412 3188 3479 videremprre
3237 3405 3443 3476 fulgore
3484 3403 3642 3473 huius
3678 3410 3685 3415 ‘

2051 3509 2292 3563 luminis.

2127 3600 2289 3655 Vens.
2330 3598 2417 3651 t5.
2473 3614 2491 3649 ι
2526 3595 2661 3662 Quia
2698 3596 2810 3650 eris
2852 3594 3011 3649 testis
3049 3592 3195 3646 illius
3223 3590 3288 3643 ad
3316 3603 3508 3645 utnnes
3545 3587 3642 3640 ίιο-

2052 3691 2228 3745 mincs
2257 3704 2446 3743 eorum
2479 3703 2600 3756 qua:
2623 3685 2807 3740 vidisti
2840 3693 2896 3739 et
2928 3682 3147 3738 audisti.
3187 3701 3206 3734 ι

2122 3780 2433 3837 Notandum
2489 3786 2574 3833 est
2628 3777 2772 3847 quod
2833 3774 3023 3831 Jesum
3084 3773 3283 3829 viderit
3316 3781 3372 3826 et
3406 3770 3641 3824 audierit

2051 3873 2278 3938 Paulus;
2304 3872 2357 3926 bi
2387 3881 2567 3925 autem
2590 3869 2681 3939 qui
2708 3883 2831 3925 cum
2854 3883 2921 3923 eo
2947 3875 3126 3931 erant,
3155 3864 3500 3935 splendorem
3530 3873 3644 3915 tan-

2053 3975 2164 4021 tum
2195 3965 2418 4020 luminis
2447 3964 2716 4026 viderunt,
2750 3976 2854 4017 non
2885 3970 3066 4015 autem
3094 3973 3254 4020 eum;
3294 3972 3486 4012 sonum
3512 3970 3643 4025 quo-

2052 4073 2160 4129 que
2185 4055 2337 4111 vocis
2368 4055 2680 4120 audierunt,
2715 4052 2859 4108 dicta
2909 4058 3090 4106 autem
3121 4064 3229 4105 non
3257 4056 3637 4119 perceperunt,

2054 4151 2215 4208 sicuti
2245 4164 2408 4219 supra
2444 4147 2648 4203 dictum
2682 4156 2788 4201 est.

2125 4242 2289 4298 Vens.
2332 4240 2423 4295 l6.
2464 4259 2481 4291 ι
2527 4237 2587 4292 Et
2623 4252 2767 4293 nunc
2809 4236 2938 4305 quid
2972 4235 3252 4299 moraris:
3291 4246 3545 4302 exsurge,
3587 4240 3642 4286 et

2055 4335 2355 4403 baptizare,
2405 4341 2462 4387 et
2505 4329 2666 4386 ablue
2704 4337 2925 4398 peccata
2975 4335 3088 4383 tua.
3135 4326 3388 4382 invocato
3420 4322 3641 4379 nomine

2056 4428 2249 4498 ipsius.
2300 4446 2319 4478 ι

2130 4519 2246 4575 Νοιι
2301 4503 2479 4576 omnis
2529 4517 2857 4588 baptismus,
2887 4516 2982 4571 sed
3017 4515 3062 4570 is
3092 4512 3241 4570 solus
3272 4512 3363 4583 qui
3392 4512 3447 4566 in
3478 4510 3643 4568 Cbri-

1985 4616 2034 4676 D
2060 4621 2204 4669 stum
2229 4622 2334 4677 est,
2373 4612 2544 4666 abluit
2582 4619 2823 4681 peccata.

2130 4702 2293 4757 Vens.
2333 4702 2415 4756 l7.
2444 4722 2462 4753 ι
2489 4700 2716 4756 Factum
2743 4709 2825 4757 est
2857 4711 3037 4755 autem
3086 4697 3381 4754 revertenti
3412 4696 3543 4751 mibi
3589 4695 3642 4751 in

2054 4794 2373 4859 Jerusalem,
2413 4802 2468 4846 et
2492 4793 2671 4848 oranti
2710 4794 2761 4847 in
2796 4793 3018 4863 templo,
3071 4791 3183 4846 fieri
3223 4806 3311 4846 me
3338 4791 3393 4843 in
3425 4799 3645 4860 stupore

2055 4885 2277 4951 mentis,
2303 4893 2357 4937 et
2389 4884 2577 4937 videre
2624 4883 2778 4938 illum
2808 4884 3077 4939 dicentem
3111 4882 3238 4935 mihi
3268 4898 3283 4935 :
3316 4880 3559 4941 Festina,
3592 4888 3638 4931 et

2056 4978 2142 5032 exi
2190 4974 2449 5030 velociter
2476 4990 2540 5029 ex
2575 4972 2881 5029 Jerusalem
2915 4991 2929 5028 :
2960 4974 3213 5044 quoniam
3241 4987 3346 5027 non
3379 4970 3646 5041 recipient

2062 5067 2436 5124 testimonium
2470 5068 2538 5122 de
2583 5081 2690 5122 me.
2730 5085 2749 5118 ι

2131 5160 2268 5216 Vide
2321 5159 2594 5230 quomodo
2636 5173 2760 5212 eum
2809 5156 3072 5226 impellit:
3109 5154 3262 5220 Veni,
3289 5154 3489 5223 inquit,
3519 5162 3641 5223 post

2059 5251 2202 5306 banc
2231 5249 2515 5315 visionem,
2544 5248 2597 5302 in
2624 5246 2924 5303 Jerusalem
2956 5263 2972 5313 ;
3021 5246 3261 5300 nondum
3295 5244 3453 5299 adest
3488 5245 3642 5298 testi-

2063 5344 2353 5408 monium;
2404 5343 2501 5398 sed
2550 5342 2603 5397 in
2650 5339 3007 5409 sequentibus
3047 5338 3169 5391 vide
3220 5334 3593 5392 testimonium
3621 5377 3637 5401 ,

2065 5439 2316 5493 dixerat:
2379 5433 2497 5488 Non
2545 5433 2810 5502 recipient
2876 5428 3244 5486 testimonium
3304 5438 3496 5491 tuum;
3532 5442 3638 5481 non

2066 5535 2388 5596 receperunt
2418 5543 2431 5579 :
2466 5535 2522 5579 et
2572 5524 2774 5580 dictum
2829 5533 2931 5587 est,
2980 5520 3230 5592 quamvis
3261 5518 3635 5576 arbitrandum

450 5844 535 5883 οι·
559 5843 693 5900 Cod.
732 5842 971 5905 suam.
1050 5841 1075 5882 ἀ
1108 5841 1167 5925 (2.
1208 5840 1269 5898 C.
1302 5841 1585 5913 ἐποίησαν.
1670 5852 1693 5881 ε
1721 5840 1781 5895 C.
1814 5838 1875 5895 C.
1915 5855 1943 5908 γ

2051 5855 2165 5911 ιην.
2208 5839 2267 5915 ,ί
2304 5838 2366 5895 C.
2404 5837 2582 5915 (3.5!;
2620 5836 2729 5895 τόν.
2812 5838 2838 5879 δ
2877 5837 2938 5897 C.
2974 5836 3036 5893 C.
3072 5834 3199 5892 ἀπό.
