4064 6392
474 314 607 382 1587
1638 327 1975 388 ΑΜΜΟΝΙΙ

2105 331 2265 394 ιΕΧΑ
2277 334 2560 401 NDRINI

3605 355 3740 424 1588

468 449 612 494 esset
640 454 733 492 eos
771 439 994 494 omnino
1023 448 1341 509 recepturos
1368 459 1381 494 :
1421 457 1572 498 eram
1603 441 1856 502 inimicus
1886 448 1998 506 Chr

2105 464 2122 517 ι
2154 454 2424 525 πτεῦσαι,
2467 461 2550 515 ὅτι
2588 461 2808 528 πάντως
2851 465 3097 534 δέξονται
3119 470 3182 510 λ’
3222 471 3375 541 ἐγὼί
3409 475 3559 547 ἢμην
3589 481 3614 534 6
3643 497 3740 534 πο-

467 534 758 590 tianorum.
785 533 923 584 unde
949 547 1044 586 eos
1073 533 1313 602 recipere
1343 535 1648 600 oportebat.
1683 535 1780 592 llic
1807 540 1913 595 duo
1937 552 1998 597 st:

2153 549 2336 619 λεμῶν
2386 553 2776 624 Χριστιανοῖς,
2827 557 2971 612 ὥστε
3023 560 3113 616 διὰ
3164 563 3325 620 τοῦτο
3383 566 3488 621 ἔδει
3539 570 3737 638 αὐτοὺς

467 623 570 675 tuit
601 639 613 674 :
647 624 822 692 primo
855 624 1250 680 inexcusabiles
1311 636 1488 694 erant,
1520 631 1611 699 qui
1652 633 1854 688 absone
1884 645 1939 690 et
1964 653 1998 690 l't

2146 641 2405 709 δέξασθαι
2425 623 2449 670 ’ν
2472 647 2708 702 ἐνταῦθα
2748 649 2845 705 δύο
2875 654 3302 721 κατασκευάζει,
3327 658 3410 712 ὅτι
3438 677 3498 713 τε

464 727 738 780 pugnante
773 715 986 770 ratione
1017 731 1137 770 eum
1174 723 1442 780 persecuti
1471 732 1598 776 sunt
1625 741 1638 789 ;
1683 725 1876 782 deinde
1901 728 1998 784 Det

2146 731 2353 804 λόγητα
2400 735 2586 800 αὐτοῖς
2625 739 2800 790 ἐστιν·
2852 739 2913 792 οὑ
2955 741 3064 812 γὰρ
3113 715 3258 797 κατά
3289 715 3350 796 τὸ
3383 747 3532 810 εἰκὸς
3570 715 3735 802 αὐτον

459 816 539 857 est
598 806 864 870 Christus,
901 811 989 877 qui
1035 825 1095 864 ea
1129 827 1249 881 quae
1297 824 1484 870 contra
1513 829 1728 871 omnem
1761 830 1916 875 erant
1943 838 1998 877 ex

2146 824 2390 889 ἐδίωκον,
2416 825 2537 879 οὐδὲ
2569 828 2713 881 κατά
2731 806 2992 899 λογισμόν
3012 806 3143 885 ’-καὶ
3170 834 3252 886 ὅτι
3291 834 3425 898 Θεὸς
3550 839 3576 889 6
3600 839 3734 908 Χριο

461 897 846 962 spectationem
893 903 1276 970 prophetabat,
1326 923 1428 961 non
1465 911 1828 977 praesentibus
1867 922 1998 968 alter

2145 915 2292 983 στὺς,
2339 916 2409 971 τὰ
2458 919 2611 989 παρά
2659 897 2989 992 προσδοκίαν
3030 925 3416 994 προφητεύων,
3479 897 3576 982 καὶ
3630 897 3730 1001 οὐχ

456 990 608 1053 deus,
639 990 732 1043 sed
762 991 937 1046 futura
962 997 1278 1063 prrevidcns.
1302 999 1455 1054 —Et
1477 1014 1589 1070 post
1609 1019 1819 1073 pauca:
1845 1006 1998 1060 Orant

2139 1008 2282 1080 ὁρῶν
2308 1010 2388 1073 είς
2413 1012 2482 1063 τά
2521 990 2810 1082 γενόμενα,
2854 1015 2991 1068 ἀλλά
3025 990 3096 1070 τά
3141 990 3408 1088 μέλλοντα
3435 990 3726 1090 προειδὼςῖ

455 1080 604 1142 mihi,
637 1083 832 1152 inquit,
866 1085 921 1138 in
965 1087 1154 1156 templo
1180 1105 1198 1142 :
1230 1090 1352 1158 quia
1388 1092 1708 1160 phantasma
1749 1111 1852 1150 non
1896 1109 1998 1151 erat

2137 1130 2208 1142 —
2235 1102 2346 1157 Καὶ
2369 1104 2497 1172 μετ’
2532 1080 2736 1175 ὀλίγαο
2781 1080 3289 1180 Προσευχομίὲνῳ,
3324 1080 3510 1184 φησὶν,
3544 1116 3615 1170 ἐν
3645 1080 3726 1183 till

453 1169 573 1223 ideo
628 1176 802 1226 oranti
858 1177 1050 1231 astitit.
1088 1177 1342 1235 Ostendit
1381 1198 1596 1254 quoque
1640 1201 1700 1242 se
1733 1202 1838 1242 non
1886 1198 1996 1244 mel

2137 1193 2295 1263 ἱερῷ⁶
2337 1169 2419 1248 ὅτι
2443 1195 2541 1266 οὐχ
2583 1169 2770 1262 ἁπλῶς
2801 1169 3072 1270 φαντασία
3093 1169 3168 1272 ἦν
3188 1220 3202 1234 ο
3253 1169 3349 1258 Sui.
3365 1169 3526 1260 τοῦτο
3550 1226 3724 1279 προσ-

450 1263 815 1328 periculorum
870 1265 1090 1338 fugisse,
1145 1272 1240 1327 sed
1301 1275 1430 1333 auia
1479 1274 1599 1345 ejus
1660 1280 1998 1336 testimonia:

2133 1285 2414 1356 ευχομένῳ
2461 1263 2702 1359 ἐπέστη·
2759 1263 2857 1343 καὶ
2908 1263 3182 1346 δείκνυε-ἰν
3229 1293 3314 1347 ὅτι
3362 1296 3486 1366 οιίαχλ⁵
3523 1263 3724 1368 $0606-

449 1368 554 1405 non
586 1357 916 1424 reciperent.

2134 1393 2295 1448 μενος
2334 1378 2498 1432 αὐτὸν
2549 1357 2679 1444 τοὺς
2731 1381 3014 1447 κινδύνους
3064 1383 3290 1455 ἔφυγεν,
3321 1357 3462 1441 ἀλλῗ
3496 1357 3579 1445 ὅτι
3618 1392 3720 1446 οὐκ

2131 1469 2378 1541 ἐδέχοντο
2410 1471 2511 1542 τὴν
2543 1474 2849 1545 μαρτυρίαν
2879 1475 3069 1531 αὑτοῦ.

515 1560 676 1616 Vens.
730 1563 818 1620 l9.
862 1583 882 1618 ‹
924 1567 991 1622 Et
1033 1582 1134 1639 ego
1184 1571 1337 1626 dixi:
1391 1573 1640 1644 Domine,
1693 1577 1799 1648 ipsi
1846 1579 1998 1636 sciun

2206 1605 2225 1638 ε
2260 1587 2370 1640 Καὶ
2416 1586 2528 1657 ἐγὼ
2561 1584 2714 1646 εἷπον
2738 1608 2755 1626 ο
2804 1593 3008 1664 Κύριε,
3053 1593 3213 1647 αὐτοὶ
3257 1597 3600 1664 ἐπίστανται,
3632 1599 3715 1653 δτι

441 1653 565 1719 quia
599 1669 698 1723 ego
726 1669 876 1712 eram
930 1661 1264 1718 concludens
1301 1663 1354 1718 in
1381 1680 1678 1736 carcerem,
1719 1680 1774 1726 et
1813 1671 1992 1726 czeden

2127 1679 2238 1748 ἐγὼ
2268 1682 2418 1752 ήμην
2455 1653 2769 1752 φυλακίζων
2800 1653 2909 1742 καὶ.
2926 1653 3100 1760 δέρων
3140 1690 3288 1746 κατά
3323 1692 3423 1754 τὰς
3468 1653 3715 1762 συναγω-

439 1756 536 1811 per
565 1759 862 1818 synagogas
888 1764 980 1804 eos
1011 1752 1099 1820 qui
1131 1755 1422 1810 credebant
1452 1758 1505 1812 in
1539 1769 1608 1814 te.
1641 1778 1662 1812 ι

517 1832 622 1871 Ιηεὶ
655 1839 823 1871 ορεηηο
849 1842 974 1871 Ma-
1001 1858 1090 1871 ..η
1114 1845 1166 1871 :..
1210 1862 1468 1871 ---μ--.μ
1515 1865 1649 1871 -__-__
1692 1867 1770 1871 _-_,
1794 1853 1842 1871 ,.,
1879 1853 1901 1871 1

2124 1771 2229 1840 γάς
2259 1773 2389 1836 τοὺς
2423 1775 2780 1842 πιστεύοντας
2808 1781 2900 1834 ἐπὶ
2942 1752 3023 1836 σέ.
3067 1800 3086 1834 ι

509 1832 622 1902 Ipsi
649 1839 823 1891 sciunt
848 1842 975 1908 quia
997 1858 1090 1910 ego
1114 1845 1166 1897 in
1201 1862 1471 1902 carcerem
1506 1865 1650 1903 eram
1680 1853 1994 1910 concludens

2136 1832 2148 1840 Ι
2194 1832 2381 1916 Antei
2429 1832 2817 1932 ἐπίστανταί,
2845 1832 2957 1924 -ότι
3143 1870 3308 1942 ἥμην
3347 1871 3709 1941 φυλακίζων.

437 1923 550 1978 Hoc
573 1928 704 1982 dicit
733 1929 931 1988 Paulus
961 1949 975 1986 :
1010 1934 1067 1989 Si
1102 1936 1194 1991 tibi
1223 1953 1329 1993 non
1359 1941 1588 1994 credunt
1612 1939 1805 2010 Judaei,
1838 1961 1998 2002 meun

2121 1951 2292 2006 Τοῦτό
2323 1971 2491 2025 φησιν
2523 1958 2551 2010 6
2575 1923 2816 2023 Παῦλος,
2839 1960 2924 2014 ὅτι
2955 1923 3591 2035 Είικαὶ-ἷιηγπιιστεύωσί
3625 1979 3711 2018 σοι

438 2026 615 2072 tamen
667 2035 972 2078 sermonem
1028 2027 1268 2096 recipere
1307 2028 1639 2096 debuissent,
1673 2036 2019 2106 quandoqui-

435 2108 558 2162 dem
592 2125 715 2166 cum
784 2116 864 2168 eis
920 2130 1069 2172 eram
1126 2133 1458 2190 persequens
1511 2122 1856 2194 Ecclesiam;
1913 2129 2013 2197 ipsi

432 2215 646 2269 quoque
693 2205 1007 2263 debuissent
1037 2225 1354 2280 persuasum
1409 2215 1650 2285 habere,
1709 2235 1795 2276 me
1823 2222 2015 2290 pristi-

431 2307 555 2344 nam
575 2295 879 2362 opinionem
914 2316 1018 2354 non
1053 2303 1395 2360 deserturum
1427 2306 1617 2376 fuisse,
1652 2312 1754 2366 nisi
1790 2315 2014 2371 omnino

430 2398 722 2451 persuasus
765 2388 990 2446 fuissem
1056 2409 1162 2450 non
1226 2413 1384 2467 posse
1441 2402 1650 2456 salvum
1683 2405 1799 2460 tieri
1840 2407 2014 2461 homi-

429 2490 554 2531 nem
595 2478 699 2534 nisi
758 2495 856 2550 per
893 2483 1054 2540 ﬁdem
1111 2487 1162 2542 in
1198 2489 1514 2561 Christum;
1558 2497 1873 2553 admiranda
1894 2514 2011 2556 mea

427 2569 809 2629 immutatione
857 2575 1174 2636 debuissent
1227 2595 1282 2638 et
1331 2585 1430 2654 ipsi
1497 2588 1796 2645 immutari.

493 2775 662 2834 Vnus.
693 2779 783 2837 20.
833 2800 854 2836 ι
893 2783 959 2838 Et
986 2799 1108 2840 cum
1144 2787 1466 2845 funderetur
1493 2796 1717 2865 sanguis
1745 2795 2005 2866 Stephani

423 2871 577 2926 testis
611 2874 708 2939 tui,
746 2889 846 2945 ego
873 2878 1141 2947 astabam,
1178 2890 1233 2934 et
1279 2886 1707 2955 consentiebam,
1743 2897 1798 2944 et
1828 2899 2010 2946 custo-

421 2960 631 3017 diebam
660 2966 980 3023 vestimenta
1023 2968 1478 3030 interﬁcientium
1513 2992 1658 3033 cum.
1697 2997 1716 3030 ι

485 3189 603 3247 Non
659 3193 945 3264 ignorabat
989 3200 1265 3258 hominem
1298 3205 1610 3262 conﬁtendo
1641 3220 1865 3277 peccata
1902 3225 1998 3265 sua

416 3296 602 3336 coram
629 3285 739 3341 Deo
763 3297 818 3342 et
841 3289 1081 3359 seipsum
1138 3297 1584 3366 reprehendendo
1605 3301 1859 3354 mundum
1884 3302 2000 3359 ﬁeri

415 3377 484 3425 ab
517 3375 776 3431 omnibus
807 3379 1182 3448 iniquitatibus
1209 3385 1322 3440 suis
1352 3401 1367 3452 ;
1408 3385 1592 3455 itaque
1626 3387 1920 3444 conﬁtetur
1948 3400 2002 3448 et

417 3465 531 3532 ipse
575 3481 671 3520 sua
713 3468 934 3537 delicta,
961 3481 1020 3526 ut
1056 3473 1385 3544 iustificetur
1418 3487 1472 3532 et
1499 3479 1551 3531 in
1583 3494 1779 3550 magno
1797 3480 2001 3552 judicio

415 3554 731 3611 absolvatur
757 3574 773 3624 ;
802 3560 943 3616 unde
971 3561 1025 3617 in
1059 3564 1222 3619 terris
1245 3565 1482 3635 seipsum
1506 3565 1841 3638 iudicantem
1873 3587 1996 3628 eum

414 3645 684 3702 viderunt.

495 3753 659 3811 Vsus.
689 3756 782 3812 27.
831 3777 851 3810 ε
882 3759 1162 3819 Accedens
1191 3773 1368 3819 autem
1401 3768 1675 3834 tribunus,
1708 3770 1845 3825 dixit
1877 3772 1952 3826 illi
1980 3789 1996 3828 :

413 3847 508 3902 Dic
537 3850 665 3904 mihi
695 3851 738 3907 si
772 3861 828 3906 tu
862 3851 1139 3911 Romanus
1163 3871 1220 3912 es
1243 3857 1268 3911 7
1292 3859 1361 3913 At
1389 3859 1479 3915 ille
1508 3863 1647 3917 dixit
1673 3880 1687 3918 :
1726 3862 1927 3919 Etiam.
1972 3884 1990 3918 ι

481 3939 581 3994 Dic
609 3941 740 3996 mihi
767 3953 823 3997 tu
846 3960 865 3999 :
895 3944 1170 4002 Romanus
1206 3951 1296 4004 es?
1344 3962 1398 4005 at
1429 3952 1520 4007 ille
1562 3955 1697 4008 dixit
1722 3971 1739 4009 :
1768 3953 1947 4011 Etiam
1977 3974 1996 4012 :

409 4033 590 4089 sciens
641 4035 769 4104 quia
805 4047 1022 4106 oportet
1051 4040 1234 4111 regnis
1264 4051 1320 4097 et
1349 4047 1715 4112 potestatibus
1748 4049 1993 4114 obedire,

407 4138 461 4180 et
515 4129 643 4198 quia
674 4129 1043 4186 Romanorum
1087 4150 1244 4204 reges
1275 4139 1554 4201 universo,
1591 4149 1650 4193 ut
1685 4141 1757 4194 ita
1793 4142 1993 4206 dicam,

407 4212 523 4268 orbi
582 4215 944 4286 imperabant,
988 4230 1042 4276 et
1091 4223 1192 4292 ipsi
1245 4223 1467 4292 Judtete,
1518 4243 1640 4297 quEB
1667 4227 1864 4282 Caesari
1896 4231 1994 4282 tri-

407 4307 532 4359 huta
574 4307 863 4377 solvebat,
909 4310 1202 4369 afﬁrmavit
1243 4330 1304 4370 se
1351 4331 1473 4373 esse
1519 4316 1851 4384 Romanum,
1888 4335 1992 4374 non

406 4395 471 4449 ad
509 4399 884 4466 repellendum
931 4405 1301 4461 Romanorum
1332 4409 1620 4478 imperium
1659 4417 1714 4462 et
1740 4409 1988 4465 domina-

2119 2049 2169 2102 οί
2213 2049 2477 2117 Ἰουδαῖοι,
2507 2051 2619 2106 ἀλλ’
2649 2049 2742 2106 οῦν
2771 2053 3002 2122 ὤφειλον
3026 2055 3119 2110 τὸν
3149 2057 3284 2128 ἐμὸν
3306 2057 3710 2123 καταδέξασθαι

2119 2138 2276 2210 λόγον
2301 2159 2314 2172 ·
2349 2145 2583 2216 ἐπείπερ
2608 2146 2706 2200 σὺν
2738 2148 2922 2211 αὐτοῖς
2947 2149 3096 2220 ἥμην
3134 2152 3162 2202 6
3189 2149 3402 2204 διώκων
3439 2151 3536 2224 τὴν
3584 2152 3708 2203 Ἐκ-

2118 2237 2368 2308 κλησίαν,
2416 2242 2511 2293 καὶ
2537 2241 2645 2294 ἔδει
2694 2243 2893 2306 αὐτοὺς
2939 2243 3452 2316 πληῳφορηθῆναι,
3487 2245 3570 2297 ὅτι
3603 2245 3705 2296 οὐκ

2117 2329 2294 2394 ἄλλως
2337 2332 2586 2403 ἀπέστην
2625 2334 2725 2403 τῆς
2778 2333 3004 2406 πρώτης
3033 2335 3214 2407 δόξης,
3259 2338 3306 2388 εί
3354 2335 3429 2406 μὴ
3456 2334 3704 2406 ἀκριϐῶς

2117 2424 2612 2496 ὲπληροφορήθην·
2671 2429 2752 2481 ὅτι
2793 2429 2893 2482 οὐκ
2937 2429 3085 2483 ἔστιν
3115 2429 3289 2492 ἄλλως
3323 2427 3565 2499 σωθῆναι
3611 2428 3704 2483 ἄν·
3811 2437 3826 2449 ⁸

2117 2517 2336 2586 θρωπον
2366 2520 2414 2571 εί
2452 2519 2526 2589 μὴ
2558 2519 2646 2574 διὰ
2674 2520 2775 2588 τῆς
2807 2521 2888 2586 είς
2919 2522 3156 2594 Χριστὸν
3195 2521 3404 2592 Ἰησοῦν
3435 2521 3698 2583 πίστεως·

2111 2609 2174 2661 τὸ
2214 2604 2307 2662 οῦν
2341 2611 2648 2680 παράδοξον
2681 2614 2786 2683 τῆς
2830 2615 2970 2685 ἐμῆς
3012 2613 3322 2686 μεταϐολῆς
3376 2613 3549 2685 ἐχρῆν
3573 2614 3702 2669 ,κά-

2115 2703 2327 2767 κείνους
2358 2708 2708 2775 μεταπεῖσαι.

2188 2836 2206 2868 r
2246 2817 2358 2870 Καὶ
2393 2818 2481 2873 ὅτε
2515 2819 2792 2889 ἐξεχεῖτοί
2835 2822 2897 2876 τὸ
2945 2817 3087 2893 αἷμα
3113 2822 3388 2892 Στεφάνου
3424 2821 3519 2876 τοῦ
3557 2821 3699 2892 μάρ-

2109 2904 2267 2975 τυρός
2308 2923 2425 2970 σου,
2457 2911 2552 2962 καὶ
2582 2910 2742 2974 αὐτὸς
2767 2911 2914 2981 ἤμην
2949 2912 3192 2982 ἐφεστὼς
3226 2911 3322 2966 καὶ
3355 2910 3698 2966 συνευδοκῶν

2109 2999 2175 3067 τῇ
2208 2998 2488 3070 ἀναιρέσει
2536 3001 2728 3068 αὑτοῦ,
2771 3005 2865 3058 καὶ
2909 3003 3202 3074 φυλάσσων
3242 3004 3312 3058 τὰ
3357 3004 3552 3075 ίμόιτια
3586 3002 3695 3058 τῶν

2109 3087 2480 3160 ἀναιρούντων
2499 3093 2682 3147 αὐτόν.
2722 3111 2740 3145 ι

2185 3199 2343 3257 Οἶδεν
2369 3205 2451 3258 ὅτι
2479 3205 2541 3258 τὺ
2566 3205 2852 3276 ὁμολογεῖν
2875 3207 2967 3261 ἐπὶ
2998 3207 3093 3262 τοῦ
3115 3207 3252 3262 Θεοῦ
3281 3209 3352 3262 τὰ
3380 3207 3489 3262 ίδια
3511 3209 3696 3279 πλημ-

2111 3296 2434 3368 μελήματα,
2470 3299 2564 3352 καὶ
2603 3300 2954 3370 κατακρίνειν
3003 3300 3217 3364 ἑαυτὸν,
3271 3301 3417 3353 ποιεῖ
3463 3299 3695 3370 καθαρι-

2107 3387 2242 3458 σμὸν
2279 3389 2602 3460 ἁμαρτιῶνο
2653 3391 2746 3444 καὶ
2791 3391 3048 3461 ὁμολογεῖ
3079 3393 3173 3446 καὶ
3220 3391 3384 3457 αὐτὸς
3435 3391 3502 3447 τά
3548 3409 3694 3463 πρα-

2103 3475 2301 3546 χθέντα
2330 3477 2481 3549 αὑτῷ
2514 3479 2712 3543 ἄτοπα,
2745 3481 2831 3535 ἵνα
2858 3481 3150 3553 δικαιωθῇ,
3188 3481 3283 3537 καὶ
3313 3479 3409 3536 τοῦ
3450 3482 3689 3552 μεγάλου

2103 3567 2390 3637 κριτηρίου
2422 3568 2598 3640 ἀφεθῇ
2622 3587 2635 3600 ο
2665 3570 2724 3637 ἐξ
2775 3563 2852 3625 ὧν
2881 3571 3044 3634 αὐτὸς
3083 3571 3276 3627 ἐαυτὸν
3325 3571 3562 3628 ἐνταῦθα
3592 3588 3693 3624 κα·

2101 3660 2376 3728 τακρίνων
2407 3661 2679 3728 ἐφαίνετο.

2179 3770 2197 3802 ‹
2239 3751 2562 3820 Προσελθὼν
2601 3752 2658 3806 δὲ
2707 3753 2735 3806 6
2790 3753 3071 3825 χιλίαρχος
3125 3749 3279 3809 εἶπεν
3323 3755 3474 3826 αὐτῷ
3503 3771 3518 3787 ·
3544 3753 3688 3824 Λέγε

2103 3860 2216 3913 μοι,
2255 3843 2318 3896 σὺ
2361 3843 2632 3915 Ῥωμαῖος
2677 3841 2765 3910 ei;
2798 3847 2827 3898 6
2853 3845 2912 3898 δὲ
2941 3845 3079 3916 ἔφη·
3108 3846 3236 3900 Ναί.
3283 3865 3304 3901 ›

2175 3933 2321 4003 Λέγε
2343 3953 2438 4001 μοι
2464 3936 2545 3990 σύ
2567 3953 2580 3966 ·
2623 3936 2905 4006 Ῥωμαῖος
2923 3933 3016 4001 ei;
3041 3940 3075 3992 ό
3104 3937 3172 3992 δὲ
3199 3939 3336 4007 ἔφη,
3359 3940 3474 3994 Ναί
3493 3956 3504 3969 ·
3534 3936 3690 4002 εἰδὼς

2100 4027 2182 4081 ὅτι
2207 4027 2288 4081 δεῖ
2316 4029 2510 4099 ἀρχαῖς
2545 4029 2638 4083 καὶ
2657 4029 2927 4094 ἐξουσίαις
2952 4031 3382 4085 ὑποτάττεσθαι·
3412 4032 3506 4086 καὶ
3538 4031 3622 4085 ὅτι
3660 4033 3689 4085 6

2113 4121 2401 4190 Ῥωμαίων
2464 4119 2720 4189 βασιλεὺς
2783 4121 2904 4175 κατ’
2966 4124 3143 4174 ἐκεῖνο
3199 4121 3396 4194 καιροῦ
3458 4124 3683 4192 ἐκράτει

2101 4206 2290 4275 σχεδὸν
2314 4207 2490 4260 εἰπεῖν
2530 4207 2714 4278 πάσης
2753 4207 2858 4277 γῆς
2885 4207 2957 4274 i‘,
3001 4208 3082 4263 ἔτι
3125 4210 3234 4281 μὴν
3267 4210 3362 4264 καὶ
3390 4209 3560 4280 αὐτῆς
3582 4212 3683 4282 τῆς

2111 4297 2412 4362 Ἰουδαίαςο
2471 4299 2670 4362 οἵτινες
2731 4300 2827 4352 καὶ
2884 4302 3049 4371 φόρον
3103 4302 3322 4356 ἐτέλουν
3397 4304 3677 4375 Καίσαρι’

2098 4386 2450 4459 ὡμολόγησεν
2477 4384 2617 4442 εἶναι
2656 4390 2850 4444 ἐαυτὸν
2888 4391 3207 4463 Ῥωμαῖον¹ι
3241 4395 3314 4466 μὴ
3346 4397 3680 4467 ἀποσειόμε-

407 4488 632 4554 tionem,
680 4492 1122 4552 sicuttaclebant
1151 4500 1333 4553 eteteri
1382 4498 1719 4570 Iudaeorum,
1750 4501 1864 4573 qui,
1905 4519 1991 4560 se-

2105 4497 2188 4546 νος
2217 4481 2315 4552 τὴν
2353 4482 2530 4553 ἀρχὴν
2554 4483 2648 4535 καὶ
2677 4483 3001 4537 δεσποτείαν
3027 4487 3128 4556 τὴν
3161 4486 3477 4559 Ῥωμαϊκήν
3501 4507 3512 4520 ·
3541 4490 3682 4560 ὅπερ

405 4579 554 4646 ipsos
579 4581 933 4654 decipientes,
967 4588 1137 4642 Deum
1175 4589 1349 4644 solum
1373 4591 1476 4646 sibi
1504 4607 1684 4662 regem
1707 4609 1851 4661 esse,
1881 4614 1987 4653 non

402 4679 584 4725 autem
619 4675 915 4744 hominem,
945 4679 1231 4746 dicebant;
1266 4682 1332 4735 de
1363 4680 1506 4736 facto
1535 4694 1738 4752 autem,
1771 4697 1828 4742 ut
1858 4690 1989 4747 viles

401 4766 567 4830 servi,
602 4767 803 4822 tributa
834 4769 1137 4838 solvebant,
1164 4774 1446 4829 servitutis
1476 4791 1672 4832 nomen
1695 4784 1987 4851 repudiati.

403 4865 504 4919 tes,
544 4871 734 4915 revera
764 4858 1108 4928 subiacentes
1135 4879 1149 4928 ;
1179 4877 1317 4932 quos
1351 4864 1740 4938 Vespasianus,
1762 4875 1986 4944 quintus

399 4945 767 5007 Romanorum
799 4968 914 5021 rex,
937 4955 1095 5024 quasi
1127 4970 1233 5011 non
1264 4959 1596 5029 obedientes,
1628 4969 1844 5022 evertit.

472 5209 637 5266 Vens.
690 5207 782 5264 28'.
829 5229 848 5262 ε
903 5209 968 5266 Ει
1022 5218 1296 5284 respondit
1348 5222 1636 5281 tribunus:
1671 5227 1781 5298 Ego
1815 5231 1980 5287 multa

397 5314 608 5353 summa
654 5300 972 5358 civilitatem
1018 5307 1158 5363 hanc
1189 5324 1511 5370 consecutus
1543 5330 1662 5371 sum
1705 5337 1722 5374 :
1760 5329 1814 5375 et
1843 5319 1982 5376 Pau-

398 5388 482 5443 lus
530 5390 607 5443 ait
636 5406 651 5446 :
683 5391 798 5462 Ego
826 5404 1004 5452 autem
1032 5408 1086 5455 et
1118 5412 1276 5459 natus
1307 5420 1446 5460 sum.
1492 5427 1510 5461 ι

467 5480 684 5548 Cilicia,
715 5496 844 5542 ante
896 5500 1075 5547 ortum
1133 5493 1308 5563 Pauli,
1375 5515 1406 5553 a
1436 5499 1699 5558 Romanis
1729 5508 1979 5576 subacta,

626 5666 686 5721 C.
723 5667 1000 5735 δέξωνται.

1118 5676 1133 5715 ί
1171 5679 1231 5735 (Ζ.
1266 5681 1326 5737 C.
1355 5681 1464 5749 ἐγὼ
1497 5683 1625 5754 γάρ.

406 5728 426 5763 λ
452 5734 513 5787 C.
535 5733 596 5790 C.
639 5728 908 5812 Ῥισιμαίον
940 5747 1050 5801 καί.

1749 5697 1762 5736 ι
1800 5687 1929 5745 Cod.
1965 5689 2264 5760 ἐξεχύνετο.

2093 4575 2143 4626 oi
2195 4573 2374 4628 λοιποὶ
2429 4575 3214 4647 Ἰουδαῖοιλφρεναπατῶντες,
3265 4581 3353 4634 τὸν
3402 4583 3502 4651 μὲν
3546 4583 3683 4636 Θεὸν

2093 4665 2304 4718 ἑαυτῶν
2329 4666 2488 4734 μόνον
2511 4665 2695 4735 ἔλεγον
2720 4668 2847 4722 ἴδιον
2870 4670 3121 4740 βασιλέα,
3143 4674 3206 4726 οὐ
3233 4673 3338 4744 μὴν
3360 4675 3676 4743 ἄνθρωπον·

2091 4757 2274 4828 ἔργοις
2298 4755 2353 4809 δὲ
2379 4757 2566 4822 αὐτοῖς
2594 4758 2669 4821 ὡς
2700 4759 2980 4824 ὑποτελεῖς
3008 4761 3218 4815 οἰκέται
3244 4763 3408 4833 φόρον
3435 4763 3677 4828 ἐτέλουν,

2089 4849 2151 4901 τί)
2175 4849 2274 4918 μὲν
2302 4848 2474 4919 ὄνομα
2496 4849 2845 4920 ἀρνούμενοι,
2874 4851 3057 4922 ἔργοις
3081 4853 3138 4905 δὲ
3171 4853 3522 4923 ὑποκείμενοι
3543 4870 3558 4886 ο
3581 4852 3677 4916 οὓς

2091 4940 2184 4993 καὶ
2218 4941 2529 5012 ἐπόρθησεν
2577 4943 3012 5010 Οὐεσπασιανὸς,
3057 4944 3132 5008 ὡς
3180 4946 3256 5016 μὴ
3297 4945 3679 5013 ὑποτασσομέ-

2085 5049 2241 5095 νουςσ
2283 5032 2342 5097 ὃς
2390 5033 2530 5104 μετά
2569 5034 2847 5106 τέσσαρας
2891 5035 3133 5106 βασιλεῖς
3175 5037 3459 5108 Ῥωμαίων
3486 5037 3679 5090 ἐϐασί-

2086 5123 2297 5179 λευσεν.

2143 5257 2163 5291 ε
2184 5239 2482 5312 ’Δπεκρίθη
2506 5240 2564 5294 δὲ
2601 5243 2629 5295 6
2661 5242 2960 5314 χιλίαρχος,
2994 5243 3135 5312 Ἐγὼ
3152 5244 3347 5298 πολλοῦ
3373 5245 3671 5314 κεφαλαίου

2081 5329 2180 5399 τὴν
2213 5331 2490 5385 πολιτείαν
2520 5333 2725 5406 ταύτην
2762 5337 3109 5408 ἐκτησάμην.
3129 5338 3187 5390 Ὀ
3220 5337 3274 5391 δὲ
3302 5334 3512 5404 Παῦλος
3542 5340 3670 5412 ἔφη,

2079 5419 2226 5489 Ἐγὼ
2253 5421 2348 5476 καὶ
2372 5422 2734 5494 γεγέννημαι.
2774 5443 2794 5476 ι

2153 5514 2269 5586 Πρὸ
2297 5516 2412 5587 γὰρ
2437 5518 2530 5571 τοῦ
2560 5520 2892 5592 γεννηθῆναι
2928 5521 3019 5576 τδν
3049 5521 3264 5598 Παῦλον
3291 5523 3674 5594 γεγενημένης

2379 5695 2426 5746 i‘
2462 5698 2609 5768 σχεδ.
2642 5700 2773 5756 πάσ.
2814 5718 2868 5771 γ.
2901 5703 3013 5757 sin.
3050 5701 3206 5770 Cod.,
3267 5719 3410 5760 corr.
3445 5719 3552 5762 rec.
3587 5724 3669 5763 tn.
