4064 6456
359 339 507 407 1589

1289 347 1760 410 FRAGMENTA
1794 348 1877 409 IN
1918 347 2107 409 ACTA
2141 350 2720 432 APOSTOLORUM.

3513 356 3649 423 1590

352 452 465 521 τῆς
488 451 740 516 Κιλικίας
771 453 878 507 ὑπὸ
913 453 1217 526 Ῥωμαίους
1244 455 1288 520 ι,
1315 458 1526 530 ἀνάγκη
1560 458 1656 512 καὶ
1687 458 1851 513 αὐτὸν
1877 459 1942 524 ὼς

2060 475 2285 517 necesse
2341 475 2459 518 erat
2521 463 2774 532 Paulum,
2833 465 2915 521 eis
2966 467 3293 537 subjectum,
3340 467 3646 523 Romanum

351 544 495 598 ὅντα
527 545 619 598 ὑπ’
659 546 882 611 αὐτοὺς,
923 546 1194 619 Ῥωμαῖον
1225 544 1402 604 εἶναι’
1431 551 1570 614 τέως
1596 551 1654 606 δὲ
1676 552 1818 606 κατὰ
1852 553 1953 624 τὴν

352 638 710 707 προφητείαν
752 640 1054 713 ἐδεσμεύθη
1101 643 1158 694 ὲν
1227 642 1589 714 Ἰερουσαλὴμ
1635 645 1663 696 ὁ
1716 643 1952 712 Παῦλος,

354 728 461 782 καὶ
493 728 655 800 ἐξέϐη
681 732 710 784 ὁ
738 730 916 800 λόγος.

948 870 1200 926 ΚΕΦΑΛ.
1249 873 1354 925 ΚΓ

437 999 460 1034 ο
503 982 617 1037 Καὶ
659 984 723 1038 σὺ
772 985 918 1058 κάθῃ
965 988 1167 1060 κρίνων
1215 1009 1282 1061 με
1326 990 1469 1047 κατὰ
1493 993 1587 1046 τὸν
1635 992 1823 1063 νόμον,
1857 993 1953 1048 καὶ

354 1074 701 1145 παρανομῶν
728 1075 972 1142 κελεύεις
995 1097 1062 1150 με
1087 1080 1408 1137 τύπτεσθαι.
1450 1103 1469 1136 ι

427 1166 545 1222 Kal
571 1170 936 1240 παρανομῶν
961 1175 1230 1241 κελεύεις
1249 1192 1326 1245 με
1361 1177 1726 1242 τύπτεσθαι;
1751 1178 1952 1250 ήλεγχε

351 1257 454 1311 τὸν
501 1259 766 1332 ἀρχιερέα
814 1264 922 1317 τῶν
979 1265 1248 1322 Ἰουδαίων
1295 1270 1623 1340 παραϐάτην
1675 1271 1805 1325 ὄντα
1855 1272 1950 1327 τοῦ

353 1351 556 1422 νόμου,
602 1355 697 1408 καὶ
737 1357 814 1428 μὴ
850 1356 1134 1427 ὀφείλοντα
1175 1360 1334 1416 ἄλλον
1355 1363 1447 1416 ἐπὶ
1476 1365 1797 1436 παρανομίᾳ
1829 1364 1951 1436 κρί-

353 1459 493 1500 νειν.
1809 1447 1817 1460 ’

403 1635 406 1637 Δ
435 1572 456 1606 σ
499 1553 670 1608 Τοῦτο
696 1554 754 1609 δὲ
788 1559 954 1613 αὑτοῦ
984 1559 1338 1634 λαλήσαντος,
1365 1564 1586 1634 ἐγένετο
1625 1565 1816 1630 στάσις
1838 1566 1948 1622 τῶν

348 1648 674 1719 Φαρισαίων
720 1651 815 1705 καὶ
865 1653 976 1708 τῶν
1017 1655 1413 1724 Σαδδουκαίων,
1464 1660 1560 1714 καὶ
1612 1662 1840 1732 ἐσχίσθη
1889 1663 1951 1719 τὸ

348 1739 590 1811 πλῆθος.
631 1742 982 1801 Σαδδουκαῖοι
1018 1749 1116 1818 μὲν
1148 1750 1255 1822 γὰρ
1285 1751 1505 1820 λέγουσι
1551 1755 1627 1825 μὴ
1652 1754 1791 1809 εἶναι
1818 1757 1946 1812 ἀνά-

2060 567 2208 608 esse.
2275 553 2484 612 Interea
2541 556 2764 625 Paulus,
2827 560 3124 615 secundum
3175 560 3533 631 prephetiam,
3595 563 3646 617 iu

2055 644 2358 702 Jerusalem
2443 648 2546 704 fuit
2619 650 2893 720 alligatus,
2942 660 2998 707 et
3081 654 3165 708 sic
3232 654 3490 722 impletus
3565 663 3648 709 est

2056 752 2257 795 SCI‘lIlO.

2669 881 2820 939 CAP.
2849 882 3038 938 XXIII.

2127 988 2290 1043 Vens.
2319 989 2372 1045 5.
2409 1009 2426 1042 ι
2464 989 2530 1044 Ει
2565 1000 2616 1045 ιιι
2642 993 2841 1048 sedens
2871 994 3090 1062 judicas
3117 1010 3202 1050 me
3240 994 3638 1052 secundumle-

2054 1093 2196 1152 gem,
2225 1092 2276 1137 et
2305 1094 2491 1138 contra
2517 1084 2684 1154 legem
2704 1085 2868 1153 jubes
2894 1102 2976 1141 me
3007 1089 3260 1156 percuti?
3294 1108 3324 1160 ι,

2125 1173 2327 1229 Contra
2361 1175 2523 1246 legem
2551 1178 2705 1248 jubet
2737 1195 2816 1233 me
2835 1180 3041 1248 percuti
3063 1182 3088 1234 ?
3111 1179 3424 1252 Priucipem
3454 1197 3641 1237 sacer-

2054 1265 2241 1322 dotum
2291 1267 2600 1325 Judaeorum
2657 1273 2834 1342 arguit
2881 1274 3027 1342 quod
3077 1275 3251 1343 legem
3306 1273 3642 1346 transgredi-

2055 1364 2162 1423 tur,
2194 1373 2314 1414 cum
2343 1363 2612 1418 neminem
2644 1363 2840 1420 debeat
2865 1374 3055 1421 contra
3086 1365 3256 1434 legem
3283 1365 3553 1433 judicare.

2130 1557 2291 1616 Vens.
2321 1558 2372 1623 7,
2401 1559 2454 1613 8.
2503 1578 2521 1612 ι
2552 1558 2688 1616 Cum
2715 1560 2830 1615 haec
2858 1560 3114 1626 dixisset,
3154 1559 3294 1614 facta
3317 1569 3400 1614 est
3425 1561 3638 1615 dissen-

2052 1647 2135 1704 sio
2183 1648 2328 1703 inter
2370 1649 2674 1704 Pharismos
2717 1659 2773 1704 et
2811 1650 3175 1716 Sadducmos,
3229 1661 3285 1706 et
3336 1651 3510 1706 soluta
3555 1660 3639 1706 est

2055 1740 2370 1796 multitudo.
2427 1741 2709 1796 Sadducmi
2750 1743 2894 1796 enim
2943 1743 3126 1796 dicunt
3158 1757 3265 1796 non
3297 1757 3414 1797 esse
3450 1757 3636 1795 resur-

349 1849 577 1898 στασιν,
617 1836 756 1906 μήτε
795 1838 1028 1906 ἄγγελον
1084 1843 1224 1913 μήτε
1267 1845 1485 1916 πθεῦμα
1512 1863 1524 1875 °
1555 1822 1842 1920 λιναρισαῐοι
1888 1849 1942 1904 δὲ

2056 1833 2353 1888 rectionem
2376 1873 2391 1899 ,
2431 1848 2606 1902 neque
2639 1834 2888 1904 angelum
2909 1876 2924 1900 ,
2961 1849 3135 1903 neque
3158 1833 3416 1904 Spiritum
3449 1851 3463 1888 :
3495 1833 3640 1887 Pha-

346 1926 689 1996 ὁμολογοῦσι
715 1930 784 1983 τὰ
808 1933 1120 2006 ἀμφότερα.
1150 1955 1170 1989 ι

423 2042 777 2111 Σημειωτέον
797 2047 856 2100 ὲν
878 2047 1027 2120 ρητῷ
1050 2049 1150 2123 τὴν
1177 2051 1285 2106 τῶν
1303 2053 1681 2111 Σαδδουκαίων
1705 2057 1944 2127 αἵρεσιν·

345 2133 447 2222 καὶ
476 2136 561 2188 ὃτι
597 2137 630 2207 ἡ
655 2136 802 2205 λέξις
828 2141 859 2212 ή
898 2139 1136 2210 λέγουσα
1167 2144 1497 2214 ἀμφότερα,
1531 2147 1592 2201 οὐ
1625 2149 1786 2219 μόνον
1814 2150 1948 2222 περὶ

342 2221 444 2281 δύο
465 2228 635 2296 λέγει,
664 2232 801 2303 ὅπερ
837 2235 1042 2304 κυρίως
1059 2236 1209 2308 δηλοῖ
1244 2239 1312 2293 τὰ
1332 2240 1656 2310 ἀμφότερα,
1686 2244 1822 2299 ἀλλὰ
1851 2221 1946 2300 καί¹

344 2321 488 2391 περὶ⁵
512 2323 711 2391 τριῶν·
759 2323 901 2378 ὥστε
937 2323 1032 2381 οὖν
1061 2330 1123 2382 οὐ
1157 2331 1240 2384 δεῖ
1259 2332 1326 2386 ὲκ
1349 2333 1448 2403 τῆς
1477 2333 1677 2398 ἔξωθεν
1717 2337 1945 2408 ἀκριϐο-

341 2412 546 2469 λέκτου
571 2417 896 2489 κυριότητος
917 2421 1127 2490 κρίνειν
1148 2423 1248 2487 τὰς
1264 2423 1374 2478 τῶν
1400 2423 1586 2478 ἁπλῶν
1608 2427 1702 2481 καλ¹
1723 2429 1946 2500 ἀγραμ-

343 2505 546 2575 μάτων
579 2509 777 2564 άλιέων
809 2513 1140 2583 συγγραφάς
1159 2530 1172 2545 ’
1195 2517 1260 2569 ὲκ
1285 2516 1493 2571 τούτων
1524 2518 1634 2591 γὰρ
1669 2521 1841 2585 πᾶσα,
1869 2521 1944 2585 ὡς

339 2600 549 2664 εἰπεῖν,
580 2601 793 2674 αἵρεσις
812 2607 1095 2673 γεννᾶται,
1122 2607 1264 2662 κατὰ
1295 2610 1636 2680 κυριολεξίαν
1663 2612 1757 2665 ἐπί
1779 2631 1945 2668 τινων

339 2690 528 2763 λόγων
565 2695 666 2757 τὰς
690 2696 915 2767 Γραφὰς
942 2698 1432 2771 πολυπραγμονεῖν
1464 2701 1797 2773 ζητούντων.

424 2906 446 2940 ι
494 2889 744 2957 Ἐγένετο
790 2890 848 2944 δὲ
891 2893 1110 2964 κραυγὴ
1165 2894 1410 2966 μεγάλη·
1467 2895 1562 2949 καὶ
1606 2897 1944 2964 ἀναστάντες

329 2979 496 3045 σιινὲς
530 2981 638 3035 τῶν
681 2985 1060 3056 γραμματέων
1094 2985 1190 3039 τοῦ
1236 2987 1436 3057 μέρους
1483 2989 1594 3042 τῶν
1622 2991 1940 3063 Φαρισαίων

337 3073 695 3145 διεμάχοντο,
719 3074 991 3144 λέγοντες·
1023 3077 1193 3132 Οὐδὲν
1215 3079 1388 3132 κακὸν
1417 3079 1750 3151 εὑρίσκομεν
1775 3083 1833 3135 ὲν
1862 3082 1941 3153 τῷ

2055 1925 2197 1982 risazi
2224 1934 2402 1980 autem
2437 1935 2670 1994 utraque
2690 1927 3044 1982 confitentur.
3081 1944 3100 1978 ι

2123 2035 2179 2091 In
2208 2037 2296 2092 his
2328 2038 2504 2094 verbis
2537 2049 2762 2094 notatur
2795 2041 3020 2095 tumresis
3049 2038 3501 2108 Sadducaeorum;
3539 2041 3640 2096 ob-

2051 2127 2379 2183 servandum
2415 2137 2594 2182 autem
2628 2135 2712 2183 est
2757 2131 2981 2183 verbum
3017 2140 3239 2199 utraque
3267 2145 3374 2182 non
3407 2127 3474 2182 de
3502 2128 3640 2182 duo-

2049 2216 2151 2272 bus
2211 2231 2355 2284 esse,
2416 2224 2475 2272 ut
2523 2218 2752 2273 verbum
2802 2230 3023 2287 utraque
3061 2219 3278 2288 prOprie
3315 2229 3486 2283 n0tat,
3544 2218 3638 2272 sed

2050 2311 2117 2364 de
2166 2309 2337 2364 tribus
2385 2324 2539 2364 :non
2585 2310 2731 2364 enim
2783 2324 2850 2364 ex
2900 2310 3230 2364 auctoritate
3279 2308 3639 2364 accuratioris

2047 2401 2336 2456 verborum
2371 2401 2784 2457 iuscrutationis
2809 2402 3117 2472 iudicandae
3147 2412 3275 2458 sunt
3308 2402 3635 2472 simplicium

2047 2500 2102 2548 et
2133 2493 2474 2548 indoctorum
2521 2494 2858 2564 piscatorum
2903 2495 3146 2549 historiae
3199 2513 3213 2548 :
3267 2495 3394 2550 inde
3435 2495 3633 2560 omnis,

2047 2591 2108 2638 ut
2141 2583 2215 2638 ita
2249 2584 2452 2649 dicam,
2487 2584 2714 2639 haeresis
2741 2585 2953 2651 oritur,
3007 2585 3330 2654 quibusdam
3365 2584 3636 2639 curiosius

2047 2674 2326 2744 inquirere
2372 2677 2438 2730 de
2477 2674 2641 2730 certis
2665 2674 3068 2743 Scripturarum
3095 2673 3228 2730 locis
3261 2675 3418 2746 juxta
3447 2675 3639 2731 verbo-

2046 2783 2166 2822 rum
2195 2767 2578 2838 proprietatem
2609 2767 2970 2823 studentibus.

2116 2881 2283 2938 Vsns.
2316 2883 2370 2938 9.
2433 2901 2452 2935 ι
2483 2879 2686 2938 Facws
2709 2893 2794 2938 est
2818 2895 2998 2939 autem
3032 2883 3236 2938 clamor
3269 2897 3513 2953 magnus.
3571 2882 3638 2938 Et

2046 2986 2336 3044 surgentes
2372 2976 2591 3044 quidam
2621 2975 3041 3042 Pharisaeorum,
3085 2975 3416 3044 pugnabant,
3449 2973 3637 3028 dicen-

2044 3074 2129 3122 tes
2165 3084 2178 3122 :
2213 3065 2358 3122 Nihil
2393 3066 2520 3121 mali
2553 3067 2860 3122 invenimus
2894 3067 2945 3120 in
2978 3067 3197 3121 homine
3227 3067 3351 3120 isto.
3391 3065 3528 3132 Quid
3586 3066 3632 3121 si
3695 3072 3697 3074 ’

337 3166 624 3238 ἀνθρώπῳ
657 3169 854 3240 τούτῳ.
884 3169 948 3224 Εἰ
971 3170 1027 3224 δὲ
1063 3170 1282 3242 πνεῦμα
1302 3172 1567 3244 ἐλάλησεν
1596 3173 1748 3247 αὐτῷ
1772 3175 1805 3246 ἢ
1839 3174 1942 3245 άγ-

2049 3157 2290 3228 Spiritus
2321 3157 2534 3214 locutus
2561 3167 2645 3214 est
2671 3156 2722 3212 ei
2752 3165 2847 3212 aut
2872 3156 3125 3228 angelus?
3149 3175 3168 3208 ι

338 3260 532 3330 γελος,
562 3259 636 3332 μὴ
659 3261 1045 3332 θεομαχῶμεν.
1081 3282 1101 3316 t

411 3354 483 3406 El
506 3351 576 3406 δὲ
602 3353 839 3423 πνεῦμα
867 3354 1178 3420 ἐλάλησεν
1205 3354 1366 3422 αὐτῷ
1385 3357 1424 3426 ἢ
1452 3357 1728 3428 ἅγγελος.
1778 3360 1940 3415 Ἀσα-

342 3445 448 3516 et;
478 3443 541 3498 τὸ
570 3445 752 3516 ῥητὸν,
787 3444 818 3516 ἢ
843 3446 953 3516 γάρ
978 3446 1154 3501 λείπει
1183 3465 1239 3501 τι
1271 3449 1422 3520 αὐτῷ
1442 3451 1580 3520 πρὸς
1607 3452 1941 3524 ἀναπλήρω-

344 3555 434 3592 σιν
469 3537 565 3590 τοῦ
593 3538 885 3608 νοήματος,
921 3537 1008 3592 ἵνα
1094 3538 1290 3604 οὕτως’
1322 3541 1387 3592 Εἰ
1421 3539 1476 3592 δὲ
1516 3542 1744 3612 Πνεῦμα
1772 3542 1805 3614 ἢ
1839 3545 1940 3613 ἄγ-

341 3628 508 3698 γελος
539 3627 804 3698 ἐλάλησεν
841 3628 994 3700 αύτῷ
1039 3629 1139 3700 τὴν
1182 3629 1434 3701 μηχανὴν
1474 3631 1571 3684 τοῦ
1611 3632 1810 3700 λόγου,
1853 3635 1942 3688 ἵνα

341 3721 568 3794 ἐκφύγῃ
604 3721 702 3792 τὴν
731 3720 1052 3792 ἐπιϐουλὴν,
1081 3721 1275 3793 ἄδηλόν
1306 3736 1494 3791 φησιν·
1527 3723 1560 3793 ἢ
1593 3724 1669 3787 ὡς
1701 3725 1809 3776 ἀπὸ
1831 3725 1941 3778 τῶν

340 3813 662 3885 Φαρισαίων
688 3811 749 3866 τὸ
778 3813 930 3884 ῥῆμα
961 3812 1205 3866 λεκτέονο
1246 3816 1314 3868 Εἰ
1345 3813 1414 3866 δὲ
1445 3814 1689 3884 Πνεῦμα
1719 3815 1942 3884 ἐλάλη-

340 3920 461 3960 σεν
489 3905 654 3978 αὐτῷ
678 3905 717 3973 ἣ
746 3904 1001 3974 ἅγγελος
1023 3924 1036 3938 ·
1070 3904 1194 3959 ἀντὶ
1230 3904 1351 3970 τοῦ,
1391 3905 1522 3959 Ἰδοὺ
1543 3907 1613 3960 τὰ
1644 3907 1776 3977 περὶ
1809 3909 1943 3962 ἁνα-

341 3999 600 4060 στάσεως
627 4006 664 4032 αι
684 3995 862 4050 λαλῶν
877 3995 1039 4066 δῆλός
1069 3998 1240 4060 ἐστιν,
1269 3996 1410 4070 astat
1431 3997 1754 4069 Πνεύματος
1781 3999 1938 4068 ἁγίου

338 4089 375 4162 ἢ
411 4090 482 4145 δι’
509 4088 746 4158 ἀγγέλου
775 4087 1110 4161 κατηχηθεὶς
1134 4089 1226 4142 τὸν
1247 4090 1349 4160 τῆς
1375 4090 1729 4156 ἀναστάσεως
1756 4092 1935 4162 λόγον.

417 4202 438 4236 ι
473 4181 688 4252 Πολλῆς
706 4181 763 4234 δὲ
784 4182 1088 4252 γενομένης
1105 4181 1373 4246 στάσεως,
1401 4181 1662 4252 φοϐηθεὶς
1681 4183 1709 4235 ὀ
1729 4184 1941 4256 χιλίαρ-

339 4290 438 4345 χος
469 4273 552 4344 μὴ
585 4271 895 4342 διασπασθῇ
930 4275 957 4325 ὁ
990 4271 1205 4337 Παῦλος
1233 4273 1326 4329 ὑπ’
1353 4273 1556 4338 αὐτῶν,
1590 4273 1843 4327 ἐκέλευσε
1875 4275 1939 4329 τὺ

343 4366 669 4440 στράτευμα
693 4363 939 4418 καταϐὰν
967 4364 1216 4436 ἁρπάσαι
1245 4363 1412 4419 αὐτὸν
1441 4366 1506 4418 ὲκ
1543 4365 1710 4437 μέσου
1734 4365 1936 4434 αὐτῶν,

341 4459 508 4530 ἄγειν
537 4475 596 4510 τε
621 4458 703 4522 είς
732 4457 830 4529 τὴν
867 4457 1245 4529 παρεμϐολήν.
1292 4476 1312 4510 ι

2113 3333 2175 3389 Si
2207 3331 2440 3403 Spiritus
2471 3332 2681 3388 locutus
2710 3341 2786 3388 est
2813 3333 2860 3387 ei
2895 3343 2986 3388 aut
3023 3329 3276 3402 angelus?
3331 3328 3632 3385 Obscurum

2043 3424 2243 3481 dictum
2275 3425 2417 3481 istud
2441 3443 2456 3480 :
2481 3425 2566 3480 vel
2589 3426 2732 3481 enim
2763 3426 2966 3496 aliquid
2989 3424 3140 3479 deest
3179 3422 3244 3478 ad
3271 3421 3636 3490 complemen-

2042 3525 2154 3571 tum
2184 3518 2467 3573 sententia:
2487 3558 2502 3583 ,
2555 3534 2675 3589 qua:
2703 3527 2847 3574 esset
2881 3519 2995 3573 haec
3024 3534 3038 3572 :
3073 3515 3127 3571 Si
3163 3515 3398 3586 Spiritus
3428 3512 3510 3568 vel
3537 3527 3634 3566 an-

2042 3609 2194 3678 gelus
2226 3611 2274 3664 ei
2304 3625 2615 3666 sermonem
2645 3611 2915 3678 suggessit
2945 3609 3224 3665 caelestem
3269 3623 3379 3677 quo
3409 3606 3633 3662 insidias

2043 3701 2321 3771 effugeret,
2357 3717 2463 3756 non
2509 3714 2632 3757 vera
2660 3704 2822 3768 dicit;
2876 3702 2959 3756 vel
2991 3703 3196 3756 dictum
3231 3700 3630 3754 Pharisaeorum

2041 3806 2124 3849 est
2170 3812 2183 3849 :
2231 3793 2291 3849 Si
2331 3804 2507 3849 autem
2547 3794 2779 3865 Spiritus
2825 3795 3030 3848 locum:
3068 3801 3145 3847 est
3177 3794 3223 3846 ei
3261 3800 3353 3846 aut
3383 3792 3626 3861 angelus,

2042 3903 2140 3955 pro
2193 3906 2205 3941 :
2251 3887 2422 3953 Ecce,
2466 3889 2726 3957 quoniam
2767 3891 2834 3942 de
2864 3885 3266 3941 resurrectione
3294 3883 3536 3948 disserit,
3575 3882 3628 3936 in

2043 3977 2248 4048 Spiritu
2274 3989 2465 4033 saucto
2498 3988 2591 4032 aut
2624 3978 2818 4049 angelo
2843 3978 2983 4032 haud
3007 3977 3167 4032 dubie
3193 3975 3260 4031 de
3286 3983 3627 4030 mortuorum

2043 4071 2443 4125 resurrectione
2465 4070 2772 4125 doctrinam
2799 4068 2901 4123 fuit
2925 4069 3174 4124 edoctus.

2113 4158 2277 4214 Vsus.
2299 4159 2388 4216 t0.
2435 4179 2454 4213 ι
2495 4161 2563 4216 Ει
2594 4175 2718 4215 cum
2753 4175 2950 4230 magna
2983 4158 3256 4214 dissensio
3288 4158 3432 4212 facta
3457 4164 3624 4220 esset,

2043 4249 2242 4304 timens
2288 4249 2540 4304 tribunus
2593 4264 2662 4304 ne
2704 4249 3104 4320 discerperetur
3166 4247 3366 4302 Paulus
3409 4247 3478 4301 ab
3522 4246 3624 4312 eis,

2034 4341 2201 4410 jussit
2246 4342 2445 4397 milites
2489 4341 2822 4397 descendere
2871 4350 2929 4397 et
2970 4356 3160 4410 rapere
3195 4355 3318 4396 eum
3351 4339 3419 4395 de
3447 4339 3627 4394 medio

2040 4451 2251 4502 eorum,
2288 4451 2353 4491 ac
2382 4435 2653 4493 deducere
2679 4452 2801 4491 eum
2839 4436 2892 4490 in
2919 4443 3120 4491 castra.
3143 4453 3162 4486 ι

409 4549 671 4605 Φοϐεῖται
686 4525 874 4602 λοιπὸν
894 4551 922 4602 ὁ
942 4525 1222 4620 χιλίαρχος
1248 4549 1324 4620 μὴ
1344 4549 1654 4622 διασπασθῇ
1674 4561 1724 4616 ιι,
1749 4552 1937 4623 ἐπειδὴ

2115 4527 2293 4592 Tunc,
2327 4528 2452 4600 quia
2476 4529 2692 4584 dixerat
2717 4547 2730 4584 :
2758 4527 3029 4582 Romanus
3053 4543 3191 4592 sum,
3223 4536 3441 4582 veretur
3466 4525 3629 4580 tribu-

343 4638 505 4696 εἶπεν
529 4680 545 4707 ,
573 4641 656 4695 δτι
708 4639 980 4708 Ῥωμαῖός
1007 4641 1125 4692 ἐστι
1145 4654 1157 4668 ’
1193 4640 1288 4694 καὶ
1328 4639 1429 4693 ούκ
1467 4639 1750 4696 ἀκίνδυνον
1783 4637 1852 4711 ἦν
1880 4642 1942 4695 τὸ

343 4737 588 4806 πρᾶγμα
606 4748 621 4763 °
657 4733 790 4803 ὁρᾷς
815 4732 900 4784 ὅτι
924 4730 1151 4794 δικαίως
1181 4731 1539 4803 ὡμολόγησεν
1567 4734 1764 4787 ἑαυτὸν
1804 4733 1939 4786 Ῥω-

346 4832 512 4894 μαίον
557 4822 722 4879 εἶναι’
763 4819 800 4895 ἦ
845 4823 953 4895 γὰρ
999 4824 1066 4878 ἂν
1103 4823 1226 4877 οὐδὲ
1273 4822 1368 4878 νῦν
1417 4825 1684 4898 ἐφοϐήθη⁹
1735 4830 1831 4881 καὶ
1880 4827 1940 4882 τὸ

347 4915 674 4985 στράτευμα
698 4911 884 4966 λοιπὸν
914 4911 1152 4982 ἁρπάζει
1185 4911 1345 4966 αὐτὸν
1374 4911 1450 4976 ὡς
1477 4914 1628 4980 ἴδιον,
1663 4911 1831 4987 οἶμαι.

427 5103 447 5136 ι
487 5081 796 5152 Γενομένης
833 5079 891 5135 δὲ
919 5081 1154 5152 ἡμέρας,
1186 5083 1515 5153 ποιήσαντες
1541 5085 1853 5157 συστροφὴν
1885 5088 1936 5140 οἱ

359 5173 628 5235 Ἰουδαῖοι,
663 5172 1062 5243 ἀνεθεμάτισαν
1092 5173 1342 5239 ἑαυτοὺς,
1380 5173 1633 5243 λέγοντες
1665 5177 1803 5247 μήτε
1831 5194 1937 5246 φα-

350 5267 469 5333 γεῖν
505 5266 643 5336 μήτε
670 5266 836 5329 πιεῖν,
867 5263 975 5328 ἕως
1008 5258 1070 5319 οὗ
1107 5265 1472 5320 ἀποκτείνωσι
1501 5266 1592 5321 τὸν
1621 5267 1856 5326 Παῦλον.
1910 5289 1930 5323 ι

433 5439 892 5510 Ἂνεθεμάτισαν
917 5441 1193 5508 ἑαυτούς·
1213 5441 1336 5495 ἀντὶ
1357 5441 1475 5509 τοῦ,
1501 5441 1647 5507 Ἔξω
1675 5436 1815 5497 εἴναι
1835 5443 1936 5514 τῆς

355 5531 501 5584 κατὰ
524 5531 657 5586 Θεὸν
693 5533 930 5599 πίστεως
953 5530 1110 5588 εἶπον
1131 5541 1156 5570 °
1177 5535 1426 5599 ἑαυτοὺς,
1463 5537 1514 5588 εἰ
1543 5535 1618 5606 μὴ
1647 5539 1936 5607 ποιήσαιεν

360 5620 425 5674 τὰ
459 5621 720 5690 δόξαντα·
755 5626 865 5678 εἴτε
906 5622 1001 5681 οὖν
1037 5627 1337 5697 ἐψεύσαντο
1364 5628 1463 5700 τὴν
1503 5629 1822 5699 ὑπόσχεσιν,
1858 5629 1934 5694 ὡς

2042 4636 2145 4675 nus
2181 4635 2247 4674 ne
2273 4621 2616 4690 discerpatur
2668 4637 2683 4674 :
2736 4629 2791 4674 et
2839 4620 2942 4674 hoc
2991 4633 3096 4673 non
3129 4619 3246 4672 sine
3273 4615 3516 4686 periculo
3547 4614 3629 4669 fa-

2039 4721 2184 4767 ctum
2217 4713 2426 4768 fuisset.
2487 4713 2650 4768 Vides
2683 4727 2812 4782 ergo
2862 4727 3026 4783 quam
3065 4711 3298 4767 feliciter
3338 4707 3537 4764 Paulus
3569 4723 3630 4764 se

2039 4798 2346 4854 Romanum
2369 4800 2589 4854 dixerit.
2619 4799 2775 4866 Quod
2801 4801 2854 4854 ni
2881 4801 3119 4865 fecisset,
3143 4815 3247 4855 nec
3271 4809 3399 4855 tunc
3417 4799 3631 4854 timuis-

2039 4902 2122 4947 set
2151 4892 2424 4947 tribunus.
2485 4891 2684 4948 Milites
2714 4903 2924 4962 antem,
2958 4905 3018 4951 ut
3041 4895 3312 4962 arbitror,
3349 4907 3474 4949 eum
3507 4901 3630 4946 tan-

2041 5000 2203 5055 quam
2233 4998 2390 5040 suum
2424 4985 2661 5052 rapiunt.

2117 5077 2285 5132 Vens.
2320 5076 2404 5131 l2.
2454 5096 2473 5128 ι
2504 5075 2667 5132 Facta
2695 5088 2880 5134 autem
2905 5080 3022 5144 die,
3057 5080 3390 5149 collegerunt
3415 5095 3474 5136 se
3504 5081 3628 5148 qui-

2045 5167 2170 5223 dam
2202 5183 2269 5222 ex
2298 5165 2500 5224 Judaeis
2547 5178 2603 5222 et
2647 5169 2980 5225 devoverent
3009 5187 3069 5227 se
3091 5214 3107 5237 ,
3165 5174 3410 5227 dicentes
3449 5188 3625 5241 neque

2042 5261 2468 5316 manducaturos
2519 5273 2698 5330 neque
2736 5261 3039 5330 bibituros,
3097 5265 3269 5318 donec
3312 5264 3622 5320 occiderent

2039 5352 2286 5408 Paulum.
2319 5373 2339 5405 ι

2111 5444 2441 5500 Deum-erunt
2471 5464 2525 5501 se
2551 5449 2692 5518 ipsos
2712 5486 2728 5513 ,
2779 5463 2898 5519 pro,
2952 5462 3011 5504 se
3042 5447 3295 5503 dixerunt
3320 5460 3470 5516 spem
3504 5459 3626 5514 quia:

2046 5537 2100 5594 in
2139 5540 2305 5596 Deum
2341 5551 2426 5596 est
2463 5541 2798 5612 abjudicare,
2850 5541 2952 5596 nisi
2978 5556 3096 5610 qua:
3121 5549 3425 5596 statuerant
3455 5537 3622 5593 focis-

2044 5637 2196 5694 seut;
2252 5631 2395 5698 quod
2430 5631 2476 5685 si
2535 5631 2863 5700 promissum
2896 5633 3278 5697 mentirentur,
3315 5640 3372 5685 ut
3407 5627 3621 5683 mentiti

432 5773 799 5854 ιιῬωμαίους
822 5784 933 5838 καί.
1012 5795 1048 5822 υ·
1081 5784 1141 5840 C.
1177 5783 1236 5840 C.
1273 5785 1708 5848 ἀναναστάσεως.
1788 5790 1812 5819 η
1845 5781 1907 5836 C.
1939 5801 1942 5822 ι

2045 5783 2328 5858 itote-tradi).
2406 5793 2428 5815 ⁹
2468 5784 2530 5839 C.
2574 5785 2634 5840 C.
2675 5779 2858 5842 εἷπαν.
