4064 6408
437 331 569 401 1591

1608 333 1950 396 ΑΜΜΟΝΠ
1985 333 2524 396 ALEXANDRINI

3582 322 3718 390 1592

435 459 584 514 sunt,
636 447 919 504 anathema
966 456 1156 517 erant;
1217 449 1261 503 si
1304 440 1485 504 autem
1536 446 1791 515 Paulum,
1814 447 2014 518 justum

2129 451 2222 504 mi.
2253 448 2575 519 ἐψεύσαντο,
2604 445 2859 519 ἀνάϐεμά
2897 446 3037 499 εἰσιν
3061 441 3213 498 "sf-re
3251 442 3348 498 mi.
3374 442 3468 497 τὸν
3501 442 3716 496 Παῦλον

435 548 492 595 et
532 541 901 596 indemnatum
947 541 1144 605 virum,
1197 548 1257 595 ut
1287 540 1605 597 occiderent
1632 541 2019 608 obtinuissent,

434 633 667 702 seipsos,
699 642 757 687 ut
780 632 1107 698 homicidas,
1139 633 1435 689 anathema
1461 633 1739 700 fecissent,
1766 634 1853 689 vel
1877 634 2021 690 Deus

436 723 683 786 fecisset,
721 723 849 780 licet
884 723 1185 780 tacuissent
1219 726 1572 783 sacerdotum
1601 727 1898 797 principes.

503 904 671 964 Vsus.
698 907 788 962 16.
824 927 843 960 ι
869 907 1024 975 Quod
1053 923 1176 963 cum
1203 907 1445 963 audisset
1472 907 1615 964 illius
1639 908 1847 964 sororis
1868 906 2021 965 Pauli

436 994 702 1063 insidias,
747 1000 899 1054 venit
948 1008 1005 1055 et
1050 998 1273 1055 intravit
1312 998 1366 1055 in
1405 1009 1608 1068 castra,
1641 1000 2023 1072 nuntiavitque

431 1087 620 1145 Paulo.
652 1109 674 1143 ι

504 1179 766 1246 Facilius,
819 1188 878 1234 ut
916 1179 1009 1250 qui
1042 1177 1263 1234 Judaaus
1291 1186 1347 1233 et
1376 1192 1499 1234 cum
1525 1177 1609 1233 eis
1639 1184 2018 1246 conversatus,

434 1272 642 1326 audivit
692 1288 709 1326 :
771 1262 1064 1326 notandum
1097 1281 1279 1327 autem
1330 1287 1438 1327 non
1471 1269 1897 1342 propinquitate,
1922 1272 2020 1325 sed

432 1362 676 1417 moribus
726 1361 870 1431 gigni
936 1362 1057 1417 ndei
1117 1358 1599 1430 communitatem;
1652 1361 1734 1417 vel
1782 1375 1889 1417 non
1920 1360 2021 1417 fuit

426 1454 674 1521 Iudaeus,
708 1466 764 1510 et
795 1465 973 1512 tamen
1006 1457 1217 1512 audivit
1245 1463 1301 1513 et
1328 1456 1495 1511 Paulo
1520 1456 1814 1512 nuntiavit.

504 1546 667 1603 Vsus.
694 1547 787 1603 55.
829 1566 848 1600 ι
879 1546 1053 1604 .inssit
1085 1548 1139 1604 in
1178 1548 1435 1619 praetorio
1473 1545 1705 1615 Herodis
1751 1544 2017 1603 custodiri

431 1652 574 1693 cum.
616 1658 634 1690 ι

502 1728 809 1784 Notandum
839 1740 922 1786 est
950 1731 1003 1787 in
1031 1732 1280 1789 Caesarea
1305 1731 1476 1790 fuisse
1503 1722 1816 1804 praetorium
1844 1726 2018 1785 Hero-

429 1820 534 1878 dis.

1035 1893 1186 1951 CAP.
1216 1892 1411 1949 XXIV.

499 1977 664 2035 Vens.
682 1979 734 2036 1.
759 1999 779 2034 ι
805 1979 934 2037 Post
961 1983 1202 2053 quinque
1223 1990 1403 2037 autem
1431 1979 1547 2036 dies
1570 1977 2016 2050 descenditprin-

427 2084 558 2139 ceps
604 2072 983 2138 sacerdotum,
1033 2073 1309 2139 Ananias,
1364 2086 1491 2127 cum
1542 2071 1847 2128 senioribus
1891 2071 2016 2143 qui-

425 2159 654 2217 busdam
690 2172 749 2219 et
774 2163 1019 2220 Tertullo
1048 2167 1282 2235 quodam
1317 2175 1538 2221 oratore
1578 2180 1594 2218 :
1635 2164 1727 2235 qui
1760 2163 2016 2220 adierunt

424 2253 728 2324 principem
765 2257 1029 2312 adversus
1055 2255 1308 2312 Paulum.
1338 2274 1359 2310 ι

493 2346 755 2407 Adiertmt
819 2350 1112 2424 principem
1155 2364 1176 2408 :
1219 2349 1309 2409 hic
1356 2364 1547 2411 rursus
1599 2349 1754 2410 deest
1806 2348 2014 2423 aliquid

422 2443 490 2497 ad
518 2458 763 2509 sensum,
796 2446 886 2515 qui
917 2445 1007 2501 hic
1028 2453 1112 2500 est
1141 2462 1155 2500 :
1186 2443 1289 2512 Qui
1313 2445 1578 2502 adversus
1600 2443 1831 2500 Paulum
1858 2442 2015 2499 libel-

421 2531 534 2588 lum
559 2536 899 2592 obtulerunt.

495 2628 667 2685 Vens.
689 2628 744 2685 5.
792 2646 813 2681 ι
835 2630 1130 2688 Auctorem
1160 2629 1447 2687 seditionis
1472 2629 1702 2688 haeresis
1722 2628 2012 2685 Nasamo-

422 2735 565 2776 rum.
601 2740 621 2774 ι

494 2812 786 2870 Νοειιτασοε
834 2812 1115 2872 Tertullus
1159 2816 1293 2873 dicit
1330 2815 1649 2882 haereticos,
1699 2816 1825 2885 quia
1869 2814 2014 2871 inter

423 2903 642 2961 Iudaeos
673 2909 787 2962 haec
812 2922 1031 2978 quoque
1056 2917 1175 2964 erat
1201 2909 1429 2964 haeresis
1456 2925 1472 2963 :
1498 2908 1581 2964 vel
1608 2906 2015 2978 potiusTertul-

423 2998 505 3054 Ius
541 3000 760 3069 gentilis
789 3012 945 3065 erat,
996 3011 1053 3056 et
1093 3001 1216 3056 ideo
1264 3001 1543 3057 rhetorum
1579 3009 1672 3056 aut
1701 2999 2011 3056 causidico-

424 3106 545 3145 rum
574 3106 728 3162 more
758 3091 1105 3162 loquebatur.

497 3182 658 3240 Vens.
676 3158 761 3241 ὰ.
784 3204 804 3236 ι
826 3158 1102 3241 Conﬁteor
1113 3195 1291 3240 autem
1308 3184 1413 3240 hoc
1425 3184 1544 3252 tibi,
1557 3184 1700 3256 quod
1715 3183 2012 3241 secundum
2041 3165 2084 3224 (ἶ

421 3273 566 3329 viam
595 3290 759 3345 quam
778 3284 976 3332 vocant
1003 3275 1254 3331 haeresim
1272 3276 1353 3333 sic
1375 3276 1627 3332 deservio
1642 3276 1819 3347 patrio
1840 3275 1972 3331 Deo.
1987 3292 2006 3327 ι

498 3366 654 3421 Viam
683 3368 816 3423 dicit
843 3375 939 3422 aut
969 3367 1128 3422 [idem
1175 3376 1269 3423 aut
1294 3368 1678 3435 traditionem;
1716 3369 2011 3425 notandum

426 3472 643 3527 quoque
670 3466 754 3513 est
784 3456 1074 3515 Nazaraos
1100 3460 1309 3515 servire
1337 3460 1515 3531 patrio
1537 3460 1649 3515 Deo
1671 3499 1687 3523 ,
1739 3459 2015 3515 mandatis

425 3549 563 3619 legis
590 3560 645 3604 et
668 3550 950 3621 prophetis
970 3565 1183 3622 parere,
1213 3560 1268 3606 et
1290 3560 1628 3607 mortuorum
1654 3551 2015 3607 resurrectio-

338 3658 353 3675 ·
426 3658 550 3698 nem
603 3643 864 3711 credere;
920 3644 1160 3700 ostendit
1204 3642 1409 3700 Paulus
1453 3658 1523 3700 ex
1569 3643 1654 3699 his
1697 3659 1818 3716 qua:
1856 3643 2010 3710 dicit,

425 3734 638 3790 scilicet
653 3735 886 3791 deservio
906 3737 1085 3809 patrio
1112 3735 1247 3802 Deo,
1265 3751 1325 3792 se
1344 3737 1394 3790 in
1424 3735 1611 3793 Jesum
1642 3737 2011 3801 credere,nec

424 3828 589 3882 alium
611 3826 779 3883 Deum
804 3828 984 3885 colere
1028 3844 1093 3884 ac
1121 3828 1269 3883 illum
1288 3827 1380 3898 qui
1409 3828 1549 3883 idem
1576 3838 1661 3882 est
1680 3844 1802 3883 cum
1821 3825 2010 3895 Patre,

424 3919 542 3991 lege
573 3928 629 3975 et
657 3920 940 3991 prophetis
968 3920 1264 3991 pmdicato
1284 3962 1300 3986 ,
1335 3929 1388 3974 et
1419 3934 1611 3976 omnes
1647 3920 1698 3974 in
1729 3918 2009 3975 Christum

423 4012 732 4080 credentes,
768 4020 828 4067 ut
855 4012 1053 4069 Paulus
1074 4011 1213 4083 ipse,
1242 4011 1414 4084 Moysi
1443 4013 1614 4084 legem
1641 4021 1693 4070 et
1719 4013 2010 4084 prophetas

425 4105 688 4176 recipere.
734 4103 926 4176 Neque
970 4121 1035 4163 ex
1073 4106 1364 4162 verborum
1396 4106 1662 4163 strictiori
1694 4106 2013 4173 acceptione

423 4198 617 4254 credas
650 4198 752 4254 hos
780 4197 954 4253 solum
987 4197 1159 4254 libros
1192 4213 1315 4255 esse
1347 4198 1607 4271 legendos
1627 4236 1644 4263 ,
1702 4197 1798 4251 sed
1829 4194 2010 4265 potius

422 4301 704 4360 oportere,
744 4305 810 4346 ea
845 4288 1029 4347 latiori
1056 4304 1221 4347 sensu
1255 4291 1628 4362 intelligendo,
1675 4288 1802 4359 quia
1834 4286 2011 4341 omnis

422 4394 587 4459 vetus.
640 4383 921 4455 Scriptura
999 4383 1259 4440 divinitus
1318 4383 1584 4453 inspirata
1647 4389 1705 4434 et
1760 4377 2011 4434 utilitatis

2125 541 2335 597 δίκαιον
2386 541 2558 613 ἄνδρα
2600 541 2695 595 καὶ
2744 540 3117 610 ἀκατάκριτον
3171 536 3480 606 ἐξεγεγόνει
3530 536 3716 598 αὐτοῖς

2127 632 2413 705 φονεῦσαι,
2438 633 2602 687 πάλιν
2628 632 2705 696 ὡς
2733 634 2918 701 φονεῖς
2941 630 3191 701 ἀνάθεμα
3216 630 3447 693 ἑαυτοὺς
3467 629 3709 681 ἐποίουν·

2125 727 2244 799 ῆτοι
2288 728 2317 781 ὀ
2355 726 2489 791 Θεὸς
2529 726 2706 781 ἐποίει
2747 724 2983 792 αὐτοὺς,
3027 724 3077 777 εί
3123 722 3219 776 καὶ
3257 718 3628 793 παρεσιώπων
3661 719 3713 773 oi

2123 817 2421 888 ἀρχιερεῖς.

2200 928 2222 963 ι
2273 906 2539 970 Ἀκούσας
2581 905 2639 960 δὲ
2674 907 2705 958 6
2755 904 2872 968 υίὸς
2915 904 3015 975 τῆς
3066 902 3306 975 ἀδελφῆς
3344 900 3560 955 Παύλου
3610 897 3713 966 τὴν

2124 1001 2370 1074 ἐνέδραν,
2397 999 2845 1073 παραγενόμενος
2866 998 2962 1051 καὶ
2984 994 3244 1051 εἰσελθὼν
3266 998 3345 1059 είς
3369 993 3468 1066 τῳ
3490 1007 3710 1064 παρεμ-

2125 1093 2311 1165 ϐολὴν,
2343 1090 2648 1162 ἀπήγγειλε
2673 1090 2753 1161 τῷ
2781 1089 3001 1161 Παύλῳ.
3044 1106 3062 1141 ι

2195 1183 2413 1240 Μᾶλλον
2440 1183 2517 1248 ὡς
2554 1182 2808 1246 Ἰουδαῖος
2832 1179 2908 1235 ὣν
2936 1182 3031 1235 καὶ
3063 1180 3239 1235 συνὼν
3269 1178 3454 1243 αὐτοῖς
3480 1178 3705 1247 ἣκουσεο

2126 1275 2462 1348 σημειωτέον
2507 1275 2565 1329 δὲ
2602 1274 2685 1329 ὅτι
2722 1275 2787 1328 ού
2834 1273 3124 1342 συγγένεια
3170 1274 3316 1325 ποιεῖ
3350 1270 3705 1341 δμοπίστους,

2122 1365 2239 1421 ἀλλ’
2269 1368 2299 1421 6
2326 1366 2546 1437 τρόπον
2579 1364 2614 1435 ἢ
2645 1364 2741 1418 καὶ
2771 1364 2871 1418 οὐκ
2900 1359 2970 1434 ἦν
3008 1362 3263 1425 Ἰουδαῖος
3282 1402 3299 1428 ,
3341 1363 3437 1415 καὶ
3465 1358 3709 1422 ἀκούσας

2121 1454 2278 1531 ἦλθε,
2314 1458 2413 1512 καὶ
2450 1454 2911 1527 πρώιωρθώσατο
2952 1454 3047 1508 τὸν
3078 1452 3313 1509 Παῦλον.

2198 1572 2218 1604 ι
2279 1549 2567 1605 Ἐκέλευτέ
2599 1566 2660 1602 τε
2697 1548 2865 1603 αὐτὸν
2890 1550 2950 1603 ὲν
2989 1548 3069 1618 τῷ
3099 1544 3424 1618 πραιτωρίῳ
3467 1541 3707 1614 Ἡρώδου
3728 1562 3747 1569 -

2121 1642 2513 1715 φυλάσσεσθαι.
2548 1661 2566 1694 ι

2190 1737 2538 1807 Σημειωτέον
2581 1737 2662 1789 ὄτι
2696 1738 2754 1789 ὲν
2782 1733 3101 1806 Καιοαρείἷςιι⁷
3128 1733 3253 1787 ἐστὶ
3276 1731 3338 1786 τὸ
3372 1728 3715 1802 πραιτώριαν

2044 1799 2091 1861 Β
2130 1799 2391 1900 Ἦρῶδου.

2701 1895 2951 1950 ΚΕΦΑΛ.
2993 1894 3083 1947 ΚΔ
3105 1935 3118 1947 .

2196 2006 2217 2040 ι
2239 1985 2395 2042 Μετά
2424 1985 2483 2039 δὲ
2512 1984 2675 2039 πέντε
2697 1985 2913 2057 ἡμέρας
2941 1982 3148 2052 κατέϐη
3179 1984 3207 2034 ὁ
3236 1980 3527 2052 ἀρχιερεὺς
3553 1978 3704 2030 ’Λναε

2117 2079 2237 2144 νίας
2261 2078 2400 2151 μετά
2421 2076 2807 2148 πρεσϐυτέρων
2834 2074 2996 2128 τινῶν
3025 2074 3120 2127 καὶ
3143 2073 3373 2145 ῥήτορος
3402 2068 3705 2138 Τερτύλλου

2114 2170 2281 2235 τινός·
2301 2170 2498 2233 οἵτινες
2537 2168 2867 2238 ἐνεφάνισαν
2893 2165 2972 2237 τῷ
3005 2166 3232 2238 ἡγεμόνι
3267 2163 3410 2218 κατὰ
3434 2163 3528 2220 τοῦ
3560 2162 3707 2220 llas}-

2114 2264 2230 2324 λου.
2277 2283 2298 2321 ι

2198 2354 2600 2426 Ἐνεφὰνισαν
2625 2354 2705 2421 τῷ
2734 2354 3013 2426 ἠγεμόνι·
3048 2351 3224 2406 λείπει
3256 2352 3421 2406 πάλιν
3440 2349 3518 2422 τῷ
3552 2347 3703 2420 ῥητῷ

2114 2449 2253 2523 πρὸς
2283 2450 2344 2503 τὸ
2374 2449 2553 2520 νόημα
2579 2448 2756 2515 λέξις,
2788 2448 2877 2503 ἵνα
2975 2445 3150 2512 οῦτως
3170 2464 3182 2477 ’
3208 2445 3423 2509 Οῖτινες
3452 2444 3704 2514 ὲνεφάνι·

2116 2559 2218 2598 σαν
2251 2541 2630 2598 διδασκαλικὸν
2672 2540 2881 2613 χάρτην
2925 2541 3068 2595 κατὰ
3099 2539 3193 2593 τοῦ
3234 2539 3474 2593 Παύλου.

2192 2654 2210 2687 ι
2231 2633 2633 2707 Πρωτοστάτην
2654 2649 2713 2687 τε
2742 2634 2841 2703 τῆς
2858 2631 2969 2685 τῶν
2987 2630 3332 2704 Ναζωραίων
3354 2629 3643 2701 αἱρέσεως.
3677 2646 3699 2681 ι

2182 2815 2507 2888 Δὶρετικοὺς
2536 2813 2686 2884 λέγει
2744 2812 2874 2877 τοὺς
2911 2808 3273 2882 Ναξωραίους
3309 2809 3339 2862 6
3365 2806 3699 2879 Τέρτυλλος,

2115 2910 2193 2975 ὡς
2221 2905 2361 2964 εἶναι
2387 2910 2482 2964 καὶ
2503 2908 2709 2979 ταύτην
2737 2907 2796 2960 ὲν
2836 2904 3117 2967 Ἰουδαίοις
3141 2902 3380 2973 αἵρεσιν·
3414 2900 3619 2971 μᾶλλον
3644 2899 3702 2952 δὲ

2114 3003 2144 3056 ὁ
2168 2998 2470 3075 ’Τέρτυλλος
2500 2998 2701 3069 Ἕλλην
2724 2993 2812 3069 ἦν·
2843 2994 2923 3049 διὸ
2947 2994 3041 3048 καὶ
3066 2993 3414 3065 ὲρητόρευεν,
3449 2990 3568 3061 ἦτοι
3591 2988 3701 3042 sat-

2115 3095 2351 3165 κολόγει.

2194 3206 2215 3241 ι
2270 3185 2551 3259 Ὀμολογῶ
2584 3185 2643 3239 δὲ
2683 3182 2840 3238 τοῦτό
2891 3199 2997 3249 σοι,
3043 3181 3127 3235 ὅτι
3167 3177 3309 3233 κατά
3343 3173 3441 3248 τὴν
3475 3171 3593 3227 ὁδον
3635 3171 3703 3243 ἢν

2116 3279 2368 3351 λέγουσιν
2390 3279 2622 3349 αἰρεσιν,
2651 3276 2825 3339 οὕτως
2852 3273 3105 3344 λατρεύω
3130 3272 3209 3344 τῷ
3236 3267 3476 3340 πατρῴῳ
3499 3263 3642 3336 Θεῷ.
3674 3281 3697 3316 ι

2200 3370 2350 3427 Ὀδὸν
2378 3371 2529 3440 λέγει
2561 3370 2661 3442 τὴν
2705 3369 2891 3423 πίστιν
2933 3368 3052 3440 ἦτοι
3097 3365 3197 3437 τὴν
3233 3361 3567 3434 παράδοσιν·
3604 3357 3704 3412 καὶ

2116 3465 2455 3540 σημειωτέον
2483 3468 2657 3521 sum
2677 3461 2992 3534 Ναξωραῖοι
3018 3457 3336 3515 πιστεύουσι
3373 3455 3453 3527 τῷ
3481 3452 3601 3525 Θεῷ
3624 3449 3707 3523 τῷ

2115 3558 2483 3634 πατρῴῳ,καὶ
2503 3562 2612 3624 τοῖς
2636 3560 2782 3612 κατά
2802 3558 2895 3611 τὸν
2917 3556 3103 3627 νόμον,
3122 3554 3218 3607 καὶ
3238 3554 3348 3616 τοῖς
3367 3550 3699 3622 προφήταις,

2115 3656 2211 3711 καὶ
2255 3656 2337 3719 είς
2376 3654 2673 3710 ἀνάστασιν
2715 3648 2949 3719 νεκρῶν·
2994 3647 3265 3702 δείκνυσιν
3297 3647 3326 3698 ὁ
3357 3642 3602 3707 Παῦλος,
3644 3638 3705 3705 ἐξ

2114 3739 2191 3801 ὧν
2221 3756 2244 3785 ι’
2278 3762 2433 3816 φησι,
2492 3744 2577 3811 Τῷ
2616 3740 2864 3811 πατρῴῳ
2899 3738 3021 3806 Θεῷ
3045 3738 3344 3807 λατρεύω,
3376 3737 3458 3789 ὅτι
3500 3735 3581 3796 είς
3609 3732 3709 3785 τὸν

2127 3836 2334 3911 Ἰησοῦν
2364 3835 2614 3890 πιστεύει
2640 3843 2687 3872 ⁸·
2724 3834 2841 3889 ἀλλ’
2865 3833 2966 3887 οὑκ
2994 3831 3153 3887 ἄλλον
3183 3829 3331 3884 σέϐει
3365 3827 3530 3894 Θεὸν,
3562 3823 3700 3879 ἀλλὰ

2112 3931 2205 3987 τὸν
2222 3929 2387 3986 αὐτὸν
2407 3930 2539 3984 ὄντα
2556 3927 2634 4000 τῷ
2658 3929 2675 3966 ί
2704 3927 2880 3999 Πατρὶ
2899 3925 2977 3997 τῷ
3000 3929 3064 3980 ὲκ
3087 3925 3254 3996 νόμου
3282 3921 3378 3976 καὶ
3401 3916 3700 3992 προφητῶν

2114 4022 2464 4095 κηρυχθέντιο
2490 4021 2585 4075 καὶ
2611 4020 2694 4074 ὅτι
2718 4021 2862 4083 οίείς
2885 4016 2975 4072 τὸν
2998 4030 3024 4058 υ
3051 4014 3289 4088 Χριστὸν
3321 4010 3698 4071 πιστεύοντες,

2113 4112 2190 4177 ὡς
2219 4112 2315 4167 καὶ
2352 4114 2381 4167 ὁ
2423 4109 2656 4174 Παῦλος,
2693 4109 2941 4179 δέχονται
2987 4106 3234 4168 Μωσέως
3271 4104 3363 4158 τδν
3397 4102 3561 4172 νόμον
3600 4097 3700 4152 καὶ

2112 4206 2241 4270 τοὺς
2264 4206 2570 4277 προφήτας·
2606 4203 2701 4257 καὶ
2728 4201 2891 4273 βλέπε
2920 4202 2994 4272 μὴ
3023 4200 3089 4253 ὲκ
3108 4199 3207 4269 τῆς
3227 4196 3321 4251 τοῦ
3349 4193 3514 4267 ῥητοῦ
3539 4193 3700 4263 ἀκρισ

2113 4296 2266 4362 ϐείας
2294 4299 2485 4370 μόναις
2512 4296 2595 4350 δεῖ
2618 4293 2918 4363 ὲγκύπτειν
2958 4291 3185 4354 ταύταις
3219 4290 3340 4352 ταίς
3373 4284 3579 4357 βίϐλοις
3601 4323 3617 4348 ,
3648 4283 3700 4336 εί

2115 4391 2314 4463 μήτιγε
2355 4384 2814 4460 καταχρηστικῶς
2838 4426 2854 4453 ,
2897 4384 2974 4449 ὡς
3007 4383 3189 4455 πάσης
3245 4380 3414 4451 οὔσης
3449 4376 3698 4440 Παλαιᾶς

420 4478 596 4547 plena,
624 4476 821 4533 Esther
846 4476 1031 4543 etiam,
1057 4484 1113 4533 et
1134 4474 1342 4542 Judith,
1370 4483 1426 4532 et
1449 4473 1632 4530 Tobim
1674 4471 1841 4528 libros
1871 4474 2009 4529 reci.

2120 4483 2336 4555 Γραφῆς
2374 4479 2735 4536 θεοπνεύστου
2770 4479 2868 4532 καὶ
2896 4475 3176 4547 ὠφελίμου
3196 4517 3210 4542 ,
3250 4472 3455 4541 δέξοιτό
3487 4486 3571 4534 τις
3601 4466 3698 4521 καὶ

456 4585 573 4626 ere.

456 4585 486 4626 e
553 4608 573 4626 .

420 4585 451 4638 Ρ
491 4586 773 4718 Ιίῖθειιελέ.
820 4683 838 4717 ι
866 4664 1079 4732 Quibus
1124 4662 1364 4723 auditis,
1420 4658 1631 4715 distulit
1666 4658 1789 4715 illos
1832 4656 2007 4727 Felix,

420 4755 728 4812 certissime
753 4756 934 4814 sciens
963 4757 1031 4813 de
1057 4756 1140 4810 via
1169 4757 1295 4819 hac,
1334 4753 1522 4809 dicens
1549 4769 1564 4807 :
1589 4750 1727 4808 Cum
1760 4752 2010 4809 tribunus

301 4888 323 4906 .
419 4846 615 4919 Lysias
643 4850 1010 4912 descenderit,
1049 4846 1268 4901 audiam
1298 4860 1417 4903 vos.
1451 4863 1471 4897 ι

490 4937 801 4996 Notandum
850 4939 994 5010 quod
1040 4937 1349 4994 certissime
1385 4936 1546 4994 ﬁdem
1582 4938 1798 4995 noverit
1825 4937 2008 5006 Felix,

420 5046 543 5100 qua:
570 5042 695 5087 sunt
724 5032 928 5088 Christi
979 5044 1048 5085 ex
1093 5030 1262 5085 veteri
1295 5028 1580 5101 Scriptura
1610 5032 1857 5099 edoctus,
1894 5048 2002 5089 non

420 5133 604 5178 autem
652 5123 879 5179 Paulum
927 5121 1231 5187 dimiserit,
1285 5125 1599 5181 hominibus
1633 5140 1758 5182 eum
1788 5125 2006 5195 placere

420 5216 601 5283 vellet,
632 5215 777 5270 sicut
806 5213 1089 5269 declarant
1116 5217 1399 5284 sequentia
1427 5218 1589 5274 verba
1614 5231 1631 5273 :
1667 5216 1860 5272 Volem
1878 5234 2007 5285 gra-

286 5342 307 5353 ,
419 5311 552 5359 tiam
598 5303 808 5359 Judaei:
835 5313 1087 5372 prmtare
1118 5302 1311 5373 Felix;
1357 5317 1411 5363 et
1440 5315 1689 5376 speraret
1713 5306 2003 5376 pecuniam

421 5394 491 5448 ab
531 5408 598 5448 eo
629 5392 877 5462 accipere
931 5411 945 5449 :
1002 5394 1159 5452 ﬁdem
1208 5407 1389 5453 autem
1436 5399 1559 5453 ideo
1593 5408 1841 5466 noverat,
1873 5399 2000 5468 quia

418 5484 704 5553 conjugem
735 5486 963 5544 habebat
983 5487 1244 5557 Judmam,
1262 5505 1292 5544 a
1314 5506 1418 5561 qua
1442 5490 1559 5547 haec
1579 5493 1795 5548 assidue
1814 5493 2005 5561 audie:

421 5576 533 5631 bat.

492 5716 575 5763 PA
612 5707 679 5764 C.
708 5710 768 5768 C.
798 5715 878 5772 ὅτι
906 5718 977 5772 oi.
1062 5726 1084 5756 ι’
1109 5714 1171 5773 C.
1195 5715 1256 5774 C.
1292 5718 1373 5775 ὃν.
1456 5730 1478 5759 ⁸
1519 5717 1580 5775 C.
1605 5717 1669 5776 C.
1707 5720 1998 5779 πιστεύων.

2132 5722 2192 5777 ιι.
2226 5689 2398 5777 (1.16.

426 5781 673 5846 παρέσχε
684 5799 785 5840 ιαν.

2110 4574 2210 4646 τὴν
2249 4572 2451 4643 Ἑσθὴρ
2481 4571 2578 4625 καὶ
2620 4569 2846 4641 Ἰουδὴθ,
2880 4570 2975 4622 καὶ
3004 4568 3108 4639 τὴν
3137 4566 3289 4619 Τωϐὶ
3325 4563 3528 4635 βίϐλον.

2182 4683 2201 4717 ι
2249 4662 2515 4727 Ἀκούσας
2559 4662 2617 4717 δὲ
2645 4662 2819 4716 ταῦτα
2847 4663 2875 4716 δ
2916 4659 3087 4732 Φῆλιξ
3132 4658 3427 4714 ἀνεϐάλετο
3457 4654 3699 4721 αὐτοῦς,

2106 4756 2501 4830 ἀκριϐέστερον
2517 4753 2675 4818 εἰδὼς
2699 4754 2769 4809 τά
2786 4751 3032 4825 περὶτῆς
3051 4751 3195 4819 ὁδοῦ,
3213 4749 3406 4814 είπὼν,
3430 4749 3562 4802 ὅταν
3582 4748 3695 4800 Δυ-

2107 4850 2230 4913 σίας
2247 4848 2277 4902 6
2298 4846 2577 4919 χιλίαρχος
2599 4843 2833 4916 καταϐῇ,
2861 4843 3235 4911 διαγνώσομαι
3257 4839 3326 4893 τὰ
3348 4836 3469 4893 καθ’
3486 4835 3654 4905 ὑμᾶς.
3672 4852 3691 4886 ι

2186 4940 2529 5013 Σημειωτέον
2559 4938 2642 4992 ὅτι
2672 4938 2791 5010 ᾔδει
2825 4937 2853 4991 ὁ
2883 4934 3050 5007 Φῆλιξ
3087 4935 3188 5006 τὴν
3219 4932 3401 4986 πίστιν
3428 4926 3698 5000 ἀκριϐῶς,

2114 5032 2447 5103 κατηχηθεὶς
2484 5033 2550 5084 ὲκ
2591 5029 2692 5098 τῆς
2726 5028 2971 5090 Παλαιᾶς
3006 5026 3077 5081 τὰ
3107 5025 3237 5094 περὶ
3279 5019 3519 5094 Χριστοῦ
3540 5059 3555 5083 ,
3600 5019 3704 5071 καὶ

2111 5124 2255 5179 κατὰ
2284 5106 2811 5194 ἀνθρωπαρέσκειαν
2837 5121 2886 5159 ιι⁶
2919 5119 3021 5173 οὐκ
3059 5117 3267 5173 ἀπέλυε
3310 5114 3403 5168 τὸν
3447 5110 3696 5177 Παῦλον,

2108 5216 2185 5281 ὼς
2220 5212 2582 5288 παρακατιὼν
2618 5215 2648 5267 6
2687 5212 2846 5284 λόγος
2876 5212 3045 5283 φησι·
3093 5210 3297 5265 Θέλων
3337 5207 3406 5262 δὲ
3450 5202 3693 5275 χάριτας

2110 5307 2476 5363 καταθέσθαι
2510 5304 2637 5372 τοῖς
2679 5303 2990 5371 Ἰουδαίοις
3031 5305 3064 5357 ό
3096 5300 3311 5369 Φῆλιξ·
3352 5298 3435 5352 ἔτι
3478 5313 3543 5366 γε
3586 5295 3695 5365 μὴν

2109 5400 2206 5454 καὶ
2236 5399 2500 5471 χρήματα
2531 5397 2768 5463 ἐλπίζων
2799 5394 3099 5468 λαμϐάνειν
3126 5393 3217 5447 διὰ
3243 5392 3405 5446 τοῦτο
3435 5387 3570 5459 παρ’
3595 5388 3689 5442 αύ-

2110 5492 2225 5545 τοῦ·
2267 5491 2384 5563 ᾔδει
2416 5491 2495 5559 δὲ,
2546 5491 2623 5554 ὡς
2671 5490 2811 5562 ἔχων
2858 5488 3090 5559 γυναῖκα
3132 5484 3419 5553 Ἰουδαίαν,
3456 5481 3587 5553 παρ’
3630 5474 3697 5555 ἧς

2115 5585 2359 5656 συνεχῶς
2385 5585 2550 5655 ἤκουε
2577 5582 2773 5639 ταῦτα.

2518 5728 2543 5757 υ
2578 5718 2639 5776 C.
2674 5716 2739 5774 ϐ.
2791 5734 2899 5776 om.
2951 5719 3062 5775 τόν.
3142 5716 3353 5775 1³⁵(ζοι1.
3402 5713 3693 5787 ἀνθρωπο-
