4064 6408
302 368 441 435 i503
1213 357 1676 423 FRAGMENTA
1715 354 1801 415 IN
1836 350 2045 412 'ACTA
2078 343 2653 408 APOSTOLORUM.
2972 394 2985 399 -
3428 332 3563 398 159's

382 500 398 530 ι
440 477 592 532 Μετὰ
621 476 680 530 δὲ
712 474 927 548 ἡμέρας
974 474 1129 538 τινὰς
1162 473 1607 546 παραγενόμενος
1652 471 1681 523 6
1713 463 1878 537 Φῆλιξ

2056 462 2229 521 Vsus.
2251 462 2344 518 ΞΔ.
2385 480 2402 513 ι
2429 459 2559 515 Post
2586 458 2791 527 aliquot
2816 462 2994 510 autem
3027 451 3389 521 dics,veniens
3412 449 3564 504 Felix

312 573 402 625 σὺν
424 568 723 641 Δρουσίλλῃ
735 543 816 640 τῇ
831 543 956 638 ⁷ἰδίᾳ
983 567 1205 636 γυναικὶ
1242 543 1391 635 οὔσῃ.
1420 561 1673 632 Ἰουδαίᾳ.
1715 577 1733 611 ι

2006 570 2109 611 tum
2144 551 2375 607 Drusilla
2406 565 2573 604 uxore
2603 562 2720 610 sua,
2754 561 2875 616 qua:
2905 554 3023 600 erat
3048 543 3254 599 ludam.
3291 561 3310 593 ι

377 629 497 715 Σὺίρ
521 629 860 727 ripaue-(.131)
882 629 957 727 tij
984 629 1103 727 ίδίᾳ
1132 629 1392 728 γυναικί.
1420 653 1580 726 Παρὰ
1596 629 1689 705 τδν
1716 650 1882 721 νόμον

2054 644 2186 700 Cum
2216 640 2455 698 Drusilla
2487 654 2652 693 more
2680 653 2802 692 sua.
2841 635 3045 691 Preller
3072 634 3246 702 legem
3276 632 3324 684 ei
3360 629 3543 698 nupsit

310 750 453 820 αὐτῷ
478 759 504 788 ν
535 720 786 820 συνήιρθη
829 720 1234 804 ἦούδαίαόῦσα
1269 720 1530 813 Ἐλληνιί
1561 743 1595 815 ἢ
1634 720 1793 813 τάχα
1813 736 1883 810 ἦν

2006 734 2163 791 iudwa
2214 732 2441 804 gentili;
2485 738 2582 784 aut
2625 728 2808 783 forsan
2843 742 2872 781 e
2904 724 3112 789 Iudaea,
3161 723 3209 777 ei
3242 729 3433 789 nupta,
3482 720 3532 773 la

313 812 698 914 paucosne,
722 812 1038 912 γαμηθεῖσα
1063 840 1121 895 δὲ
1148 838 1299 910 αὐτῷ
1330 812 1549 907 ιγένετο
1584 812 1845 904 ’Ἑλληνίς
1864 849 1879 863 ·

2006 836 2068 882 :ta
2098 834 2183 882 est
2211 824 2470 896 gentilis;
2507 820 2651 891 quod
2679 828 2862 874 autem
2895 817 2944 872 ei
2974 825 3156 871 nolam
3184 812 3379 870 fecerit
3407 825 3563 865 suam

310 908 387 990 διὸ
414 936 508 989 καὶ
535 908 785 1001 ἐξέλεγεν
804 908 957 1003 αύτῷ
982 932 1080 1002 τὴν
1106 908 1308 1001 ἑαυτῆ-ς
1336 928 1539 982 πίστινο
1561 927 1595 996 ἢ
1617 926 1710 980 οὖν
1750 926 1884 978 Ἰου-

2006 921 2167 982 Ideni,
2186 916 2270 972 vel
2300 915 2424 985 quia
2456 912 2640 969 Iudaea
2669 920 2808 978 erat,
2844 918 2899 964 et
2930 916 2989 963 ut
3016 908 3193 985 virum
3222 910 3568 971 converteret

309 1028 433 1082 δαία
457 1020 525 1097 ἦν
555 1026 649 1079 καὶ
680 1024 887 1092 ἔλεγεν,
914 1024 1002 1077 ἵνα
1029 1024 1124 1077 καὶ
1146 1032 1175 1060 ι
1203 1021 1510 1093 μεταπείσῃ
1538 1018 1637 1072 καὶ
1663 1019 1755 1071 τδν
1790 1015 1886 1070 ἇν-

2006 1011 2341 1081 oqnebatur;
2374 1008 2459 1063 vel
2490 1006 2641 1077 quia,
2671 1004 2844 1075 legem
2870 1010 3281 1074 praetergressa,
3305 1010 3371 1053 eo
3394 1008 3566 1065 usque

311 1119 430 1189 δρα·
454 1118 489 1190 ἢ
505 1118 579 1182 ὡς
599 1117 891 1189 παραὸᾶσα
914 1118 1005 1170 τὸν
1028 1116 1215 1188 νόμον,
1238 1115 1334 1169 καὶ
1361 1115 1441 1177 εἰς
1459 1112 1618 1166 τοῦτο
1642 1108 1883 1181 παρέϐη.

2006 1117 2329 1175 ransgressa
2361 1110 2466 1156 est.

898 1231 1149 1285 ΚΕΦΔΛ.
1179 1230 1309 1284 KE'.

2619 1208 2769 1266 CAP.
2802 1206 2969 1263 XXV.

390 1348 684 1417 Ἀπολογου
692 1346 855 1418 μένου
871 1345 927 1400 δὲ
951 1341 1138 1408 αὐτοῦ,
1164 1363 1183 1397 ι
1198 1345 1319 1398 ’Ότι
1343 1340 1467 1396 οὔτε
1495 1342 1575 1405 εἰς
1598 1340 1692 1395 τὸν
1723 1338 1887 1410 νόμον

2059 1332 2224 1389 Vens.
2249 1331 2303 1387 8.
2374 1348 2392 1381 ι
2430 1326 2693 1396 Quoniam
2736 1337 2913 1392 neque
2945 1322 2998 1377 in
3028 1320 3202 1391 legem
3230 1315 3565 1380 Judaaorum,

308 1441 415 1496 τῶν
466 1410 763 1504 Ἰουδαίων,
795 1438 920 1494 οὔτε
961 1440 1041 1502 εἰς
1080 1438 1141 1492 τὸ
1169 1437 1336 1507 ἱερὸν,
1367 1434 1491 1488 οὔτε
1524 1435 1605 1498 εἰς
1629 1431 1887 1503 Καισαρά

2006 1441 2163 1498 neque
2192 1426 2248 1481 in
2282 1423 2569 1494 templum,
2611 1432 2787 1489 neque
2820 1418 2872 1471 in
2904 1415 3174 1471 Caesarem
3205 1410 3407 1480 aliquid
3437 1422 3567 1476 pec-

308 1550 361 1585 τι
387 1531 660 1603 ἥμαρτον.
696 1549 715 1582 ι
1614 1590 1619 1599 1

2006 1520 2128 1576 :avi.
2163 1536 2183 1569 ι
2246 1506 2248 1509 ’

388 1591 528 1676 ’ἰδοῦ
557 1622 834 1693 μαρτυρία
862 1620 1041 1693 σαφὴς
1067 1619 1151 1673 ὅτι
1180 1620 1236 1671 ὲν
1263 1618 1429 1671 πᾶσιν
1455 1591 1646 1669 έαυτδν
1678 1613 1890 1686 ἀπρόσ-

2060 1609 2200 1665 Ecce
2230 1606 2584 1664 manifestum
2611 1609 2991 1673 argumentum
3020 1594 3246 1653 Paulum
3280 1605 3340 1648 se
3370 1591 3422 1646 in
3452 1603 3570 1644 om-

310 1730 479 1768 κοπον
507 1715 535 1767 6
557 1685 772 1777 ὴαῦλος
799 1685 1089 1781 ἐφύλαττε·
1119 1712 1258 1782 μήτε
1290 1710 1369 1769 εἰς
1388 1716 1419 1757 7
1440 1707 1531 1761 τὸν
1555 1705 1720 1777 νόμον
1806 1705 1887 1767 εἰς

2006 1720 2091 1760 ωε
2123 1700 2341 1772 injuriis
2368 1696 2735 1763 abstinuisse;
2766 1693 2858 1763 qui
2889 1703 3064 1761 neque
3089 1688 3144 1742 in
3172 1685 3367 1755 legem,
3394 1694 3570 1751 neque

307 1804 628 1876 ἄνθρωπον,
663 1802 697 1873 ἢ
727 1770 806 1868 ei;
831 1770 892 1856 τὸ
918 1803 1062 1874 ἱερὸν
1096 1770 1441 1872 αμαρτήσας,
1472 1797 1594 1851 ἀντὶ
1621 1770 1742 1859 τοῦ,
1765 1770 1888 1847 οὐδὲ

2013 1812 2045 1849 n
2094 1770 2410 1855 hominem,
2476 1803 2655 1857 neque
2710 1787 2766 1842 in
2820 1782 3077 1853 templum
3106 1775 3376 1849 peccavit,
3410 1770 3568 1843 quasi

305 1896 375 1949 τὰ
412 1869 483 1949 ἐκ
518 1869 696 1949 λίθων-
724 1869 1139 1965 οἰκοδομήματα
1178 1869 1287 1945 τιῖιν
1326 1888 1599 1943 Ἰουδαίων
1632 1885 1887 1959 ἐνύδρισέ

2006 1890 2262 1943 liceretur
2318 1883 2515 1939 Paulus
2588 1896 2657 1937 ne
2707 1878 2936 1935 aedilicia
2999 1875 3215 1947 quidem
3262 1869 3569 1925 Judmoruin

307 2005 439 2043 ποτε
477 1990 506 2041 6
532 1988 776 2052 Παῦλος,
807 1987 1011 2058 καίπερ
1043 1985 1200 2050 εἰδὼς
1241 1985 1336 2039 καὶ
1369 1982 1683 2054 κηρύσσων.
1719 1980 1795 2052 μὴ
1831 1981 1889 2033 ὲν

2006 1998 2054 2038 2x
2086 1979 2357 2049 lapidibus
2386 1982 2703 2032 constructa
2734 1971 2951 2042 injuriis
2977 1966 3337 2037 impetivisse,
3377 1973 3572 2031 quam-

306 2050 837 2154 xstpoarOtﬁtOLe'rbv
862 2050 1130 2150 ’Ὕψιστον
1171 2079 1341 2132 οἰκεῖν
1360 2118 1375 2143 ,
1409 2050 1526 2130 ἀλλ’
1569 2072 1693 2128 οὔτε
1722 2050 1892 2143 ήῑερέα

2006 2073 2074 2127 vis
2117 2070 2286 2126 sciret
2338 2077 2395 2123 et
2438 2065 2767 2136 praedicaret
2813 2076 2922 2116 non
2964 2061 3019 2114 in
3056 2053 3384 2112 manul'actis
3404 2050 3572 2105 Altis-

306 2141 611 2246 ἒτόλμησεν
643 2141 864 2243 ύθρισαι
893 2141 1184 2241 ὲνέἰδήσει
1219 2141 1472 2222 Ἰουδαῖον
1493 2208 1508 2231 ,
1533 2141 1891 2233 καίτοιγεῗμὴ

2006 2164 2185 2220 simum
2221 2159 2499 2224 habitare,
2530 2154 2703 2224 neque
2730 2152 2971 2208 Judaeum
3001 2147 3338 2204 sacerdotem
3368 2141 3574 2205 sciens,

309 2231 628 2337 πειθαρχῶν
661 2231 744 2319 ἔτι
778 2267 893 2329 τοῖς
932 2231 1203 2317 Ἰουδαίων
1231 2257 1607 2332 ἀρχιερεῦσιν.
1818 2231 1827 2233 ἡ
1879 2231 1889 2233 ἡ

2006 2251 2335 2310 contumeliis
2380 2248 2596 2303 allicere
2644 2258 2812 2300 ausus
2849 2250 2974 2306 est,
3029 2239 3158 2293 licet
3197 2251 3302 2290 non
3337 2231 3572 2300 amplius

1991 2346 2300 2403 Iudaeorum
2333 2340 2677 2398 sacerdotum
2710 2333 3052 2407 principibus
3081 2328 3351 2385 obediret.

2067 2434 2234 2490 Vens.
2256 2433 2345 2487 l0.
2391 2450 2411 2483 ι
2436 2430 2583 2484 Dixit
2609 2436 2789 2482 autem
2812 2424 3012 2480 Paulus
3043 2439 3060 2479 :
3090 2423 3169 2478 Ad
3198 2417 3434 2475 tribunal
3459 2416 3577 2471 Ca:-

1994 2529 2133 2585 saris
2156 2535 2239 2581 sto
2270 2542 2285 2580 :
2318 2523 2410 2578 ubi
2439 2536 2527 2577 me
2553 2528 2768 2590 oportet
2790 2516 3044 2587 judicari.
3065 2532 3085 2566 ι

385 2461 409 2498 ι
446 2439 586 2498 Εἷπε
614 2443 671 2498 δὲ
696 2444 724 2498 6
750 2441 995 2502 Παῦλοςτ
1039 2440 1165 2494 Ἐπὶ
1195 2436 1289 2492 τοῦ
1337 2436 1577 2508 βήματος
1613 2431 1896 2503 Καίσαρος

308 2536 487 2602 ἑστώς
515 2539 654 2608 εἰμι,
686 2529 748 2591 οὗ
782 2553 851 2607 με
882 2535 966 2588 δεῖ
997 2531 1302 2605 κρίνεσθαι.
1339 2551 1357 2582 ι

312 2630 318 2635 ’
379 2629 684 2698 Καίσαρος
706 2627 896 2694 ἑστώς
921 2629 1058 2695 εἰμι’
1086 2621 1160 2681 οὗ
1187 2643 1264 2694 με
1290 2623 1386 2678 δεῖ
1401 2624 1709 2693 κρίνεσθαι
1727 2637 1742 2652 ο
1772 2617 1900 2672 ἀντὶ

309 2718 430 2782 τοῦ,
483 2719 570 2770 Ἐν
598 2720 662 2787 τῇ
704 2715 897 2785 Ῥώμῃ
921 2714 1062 2767 θέλω
1083 2711 1342 2765 ἀπελθεῖν
1363 2711 1516 2781 παρά
1539 2709 1618 2781 τῷ
1653 2708 1891 2779 βασιλεῖ,

308 2810 477 2865 κάκεῖ
502 2802 827 2858 δικάσασθαι
855 2800 1194 2868 ὲκκαλοῦμαί
1229 2816 1309 2864 σε,
1343 2798 1531 2869 φησίν.

391 2917 410 2950 ι
466 2893 718 2966 Ἥμερῶν
762 2893 819 2947 δὲ
851 2890 1248 2961 διαγενομένων
1281 2889 1444 2943 τινῶν
1467 2930 1483 2955 ,
1525 2888 1833 2957 ’Δγρίππας
1868 2888 1898 2940 6

314 2985 576 3061 βασιλεὺς
612 2985 707 3038 καὶ
753 2983 988 3052 Βερνίκη
1012 2981 1364 3052 κατήντησαν
1405 2982 1485 3044 εἰς
1536 2980 1896 3051 Καισάρειαν,

310 3076 690 3145 ἀσπασόμενοι
726 3073 818 3126 τὸν
846 3072 1075 3143 Φῆστον.
1120 3088 1143 3124 ι

390 3169 467 3221 Ἥ
507 3137 587 3230 si;
618 3166 774 3231 τάξιν
807 3137 1084 3236 βασιλέως
1118 3161 1311 3234 κατῄει
1348 3163 1408 3218 ὲν
1439 3164 1561 3226 ταῖς
1599 3161 1895 3234 ἐπαρχίαις
1924 3137 1969 3197 c

308 3264 339 3317 6
377 3259 718 3332 Ἀγρίππας,
776 3257 874 3312 καὶ
901 3259 990 3314 διὰ
1022 3255 1182 3312 τοῦτο
1213 3256 1308 3310 καὶ
1345 3254 1601 3325 βασιλεὺς
1641 3255 1895 3326 ἐχρημά-

309 3354 485 3420 τιζεν·
509 3352 543 3425 ἢ
563 3352 655 3406 καὶ
674 3351 816 3422 τάχα
842 3351 1098 3422 βασιλεὺς
1120 3345 1194 3421 ἦν
1218 3349 1313 3403 καὶ
1341 3348 1505 3413 αὐτὸς
1533 3349 1641 3402 τῶν
1659 3349 1901 3403 ἀνατολι-

311 3445 430 3500 κῶν
467 3444 670 3516 μερῶν·
698 3443 793 3497 τοῦ
829 3443 1082 3514 Νέρωνος
1105 3441 1216 3494 τῶν
1246 3441 1481 3495 δυτικῶν
1505 3441 1766 3513 ἄρχοντος
1802 3443 1899 3494 καὶ

309 3538 471 3601 ὄντος
501 3538 559 3590 ὲν
599 3535 817 3608 Ῥώμῃ·
862 3535 925 3588 τὸ
966 3533 1076 3604 γὰρ
1123 3534 1345 3603 Καῖσαρ
1385 3532 1558 3602 ὄνομα
1603 3533 1899 3603 Ῥωμαϊστὶ

312 3630 551 3702 βασιλέα
576 3628 851 3698 σημαίνει,
878 3625 954 3689 ὡς
980 3623 1146 3695 κοινῷ
1168 3623 1394 3694 ὀνόματι
1423 3623 1633 3687 πάντας
1656 3624 1901 3694 βασιλεῖς

324 3717 625 3789 Ῥωμαίων
662 3714 947 3784 Καίσαρας
979 3713 1077 3783 μὲν
1115 3711 1402 3765 καλεῖσθαι
1425 3753 1441 3777 ,
1468 3710 1604 3765 καθὸ
1634 3712 1896 3783 βασιλεῖς·

310 3810 374 3865 ού
421 3811 536 3881 μὴν
562 3806 657 3860 καὶ
687 3806 831 3859 ἰδικὰ
860 3804 1040 3859 αὐτῶν
1073 3799 1213 3858 εῖναι
1245 3802 1487 3873 ὀνόματα
1515 3803 1712 3857 ταῦτα·
1743 3803 1902 3858 τοῦτο

309 3901 371 3955 δὲ
402 3895 565 3954 εἶπον
584 3938 599 3957 .
622 3898 710 3951 ἵνα
739 3897 902 3967 μήτις
931 3896 995 3949 ὲκ
1019 3895 1122 3965 τῆς
1141 3895 1463 3966 ὁμωνυμίας
1487 3895 1583 3950 τοῦ
1606 3896 1900 3951 καθολικοῦ

309 3991 585 4062 ὀνόματος
621 3988 838 4060 νομίσῃ,
869 3987 951 4040 ὅτι
981 3986 1076 4040 ἐπὶ
1104 3985 1198 4040 τοῦ
1241 3985 1409 4039 αὑτοῦ
1439 3985 1706 4055 βασιλέως
1736 3988 1834 4041 καὶ
1874 3990 1904 4043 6

310 4086 531 4156 Κύριος
556 4080 713 4151 ἡμῶν
748 4079 976 4151 ἐτέχθη.
1006 4079 1102 4133 καὶ
1137 4081 1166 4133 6
1196 4078 1409 4142 Παῦλος
1435 4077 1640 4133 ἔπαθεν
1660 4096 1673 4110 ·
1704 4080 1902 4152 ἐτέχθη

313 4177 418 4245 μὲν
447 4173 566 4243 γὰρ
603 4174 632 4226 6
680 4170 922 4243 Κύριος,
964 4168 1147 4233 καθὼς
1186 4171 1234 4223 οἱ
1270 4170 1454 4241 χρόνοι
1487 4170 1776 4242 δηλοῦσιν,
1813 4173 1906 4226 ἐπὶ

288 4265 639 4337 Αὐγούστου
685 4262 966 4334 Καίσαρος
993 4278 1007 4292 ·
1050 4261 1291 4316 ἀπέθανε
1328 4262 1403 4326 δὲ,
1433 4263 1575 4332 μετὰ
1609 4263 1907 4333 τριάκοντα

309 4357 408 4412 δύο
436 4358 540 4426 έτη
561 4355 655 4408 ἐπὶ
673 4353 928 4424 Τιϐερίου
950 4352 1263 4422 Αὐγούστου
1286 4368 1302 4382 ·
1324 4354 1353 4406 6
1380 4352 1438 4406 δὲ
1463 4352 1675 4417 Παῦλος
1701 4353 1908 4410 ἀπέθα-

2070 2618 2153 2674 Ad
2186 2617 2447 2670 Cmarem
2472 2620 2555 2667 sto
2600 2624 2619 2664 :
2671 2609 2759 2663 ubi
2808 2623 2891 2661 me
2920 2611 3124 2676 oportet
3150 2599 3413 2670 iudicari,
3457 2611 3578 2666 pro,

1998 2711 2228 2767 Romam
2262 2706 2388 2762 volo
2412 2706 2493 2760 ire
2519 2702 2588 2758 ad
2613 2715 2827 2772 regem,
2870 2707 2927 2754 et
2958 2696 3055 2762 ibi,
3092 2704 3149 2749 ut
3171 2692 3404 2763 judicer,
3443 2690 3495 2744 in
3530 2697 3584 2744 te

2000 2804 2235 2860 aoocllo.

2107 2820 2235 2859 eno.

2036 2820 2239 2951 ιηξῖιιιιει.
2267 2894 2354 2949 15.
2400 2908 2420 2944 ι
2444 2889 2535 2955 Et,
2565 2901 2689 2943 cum
2718 2884 2834 2940 dies
2855 2881 3059 2950 aliquot
3088 2873 3349 2932 transacti
3375 2878 3580 2934 essent,

2001 2988 2237 3058 Agrippa
2268 3000 2362 3039 rex
2393 2994 2449 3036 et
2475 2980 2701 3035 Bernice
2730 2973 3128 3031 descenderunt
3154 2966 3482 3028 Caesaream,
3513 2960 3581 3015 ad

2002 3076 2347 3138 salutandum
2377 3074 2615 3130 Festum.
2640 3089 2661 3122 ι

2075 3171 2171 3229 Vel
2219 3169 2381 3241 regiae
2420 3163 2709 3238 potestatis
2758 3162 2811 3216 in
2851 3155 3147 3228 provinciis
3189 3148 3584 3221 eratAgrippa;

1997 3276 2052 3323 et
2094 3264 2164 3321 ob
2195 3278 2313 3318 eam
2344 3274 2562 3316 causam
2605 3270 2699 3310 rex
2724 3252 3030 3315 dicebatur;
3083 3246 3167 3301 vel
3192 3246 3371 3300 forsan
3398 3255 3587 3297 revera

1997 3366 2116 3414 crat
2144 3371 2235 3410 rex
2275 3349 2629 3409 Orientalium
2664 3345 2919 3417 partium,
2971 3338 3183 3394 Nerone
3213 3337 3266 3391 in
3298 3333 3589 3389 Occidente

1999 3458 2259 3518 regnante
2279 3455 2331 3501 et
2346 3444 2534 3499 Romae
2545 3448 2919 3497 commorante
2938 3452 2953 3487 :
2974 3449 3169 3490 nomen
3193 3430 3334 3485 enim
3358 3425 3590 3481 Gwsaris

1998 3539 2191 3594 Latino
2217 3552 2386 3605 regem
2413 3542 2590 3599 sonat,
2632 3534 2779 3585 unde
2811 3527 3064 3585 omnibus
3094 3525 3464 3579 Romanorum
3502 3534 3593 3573 re-

1999 3629 2155 3698 gibus
2186 3626 2370 3681 Caesar
2400 3637 2596 3678 nomen
2626 3630 2745 3676 erat
2768 3660 2784 3684 ,
2836 3620 2890 3671 in
2924 3625 3183 3687 quantum
3216 3624 3372 3668 erant
3403 3596 3627 3681 reges;—

2000 3718 2218 3791 propria
2262 3725 2444 3771 autem
2504 3728 2698 3768 eorum
2753 3708 2969 3764 nomina
3023 3721 3129 3759 non
3169 3712 3325 3759 erant
3362 3699 3590 3755 eadem:

2002 3811 2144 3881 quod
2189 3808 2299 3863 dixi
2354 3822 2423 3861 ne
2465 3805 2609 3874 quis,
2674 3817 2741 3856 ex
2791 3797 3027 3853 nominis
3052 3795 3464 3857 communitate,
3497 3803 3592 3846 ar-

2000 3902 2236 3957 bitretur
2264 3898 2365 3953 sub
2391 3895 2583 3951 eodem
2611 3906 2741 3963 rege
2781 3899 2835 3945 et
2862 3888 3149 3943 Dominum
3177 3900 3299 3939 esse
3321 3893 3504 3937 natum
3538 3890 3593 3936 et

2005 3992 2229 4049 Paulum
2258 4003 2382 4045 esse
2412 4001 2627 4057 passum
2675 3998 2693 4038 :
2739 3991 2899 4038 natus
2929 3990 3013 4035 est
3045 3978 3188 4033 enim
3219 3977 3498 4038 Dominus,
3533 3982 3593 4028 ut

2006 4095 2249 4152 tempora
2277 4078 2532 4134 evincunt
2562 4114 2579 4140 ,
2635 4072 2737 4128 sub
2761 4070 3006 4137 Augusto
3036 4065 3290 4127 Caesare;
3345 4071 3592 4115 mortuus

2005 4186 2091 4232 est
2118 4150 2300 4228 autem
2347 4176 2473 4239 post
2496 4166 2602 4222 duo
2635 4174 2692 4219 et
2727 4161 2949 4230 triginta
2977 4171 3149 4212 annos
3175 4194 3190 4219 ,
3242 4154 3343 4209 sub
3371 4150 3592 4205 Tiberio

2007 4270 2287 4337 Augusto;
2320 4257 2520 4315 Paulus
2546 4270 2679 4311 vero
2705 4263 2955 4308 mortuus
2978 4258 3060 4304 est
3091 4248 3190 4301 sub
3214 4244 3448 4309 Nerone,
3484 4242 3591 4296 duo

2007 4366 2063 4411 et
2098 4332 2300 4425 'viginti
2344 4362 2515 4404 annos
2564 4354 2686 4415 post
2730 4339 2941 4397 Domini
2974 4343 3225 4392 mortem.
3281 4332 3385 4386 Sed
3414 4332 3591 4401 potius

310 4468 406 4511 νεν
462 4450 565 4503 ἐπὶ
618 4446 870 4518 Νέρωνος
933 4446 1073 4517 μετὰ
1127 4445 1374 4499 εἰκοστὸν
1427 4444 1685 4517 δεύτερον
1738 4444 1904 4510 ἔτος⁸

2012 4446 2273 4511 llerodes,
2310 4456 2416 4498 non
2441 4453 2599 4495 secus
2623 4450 2689 4491 ac
2709 4433 2942 4503 Agrippa
2968 4470 2988 4501 ,
3042 4427 3244 4499 regiam
3267 4432 3592 4495 potestatem

309 4543 412 4598 τοῦ
447 4540 690 4597 θανάτου
723 4538 818 4594 τοῦ
854 4540 1085 4609 Κυρίου.
1108 4538 1331 4593 Μᾶλλον
1373 4536 1430 4591 δὲ
1469 4537 1564 4592 καὶ
1592 4539 1621 4592 6
1661 4536 1906 4609 Ἡρώδης

2012 4537 2270 4602 habebat,
2300 4541 2352 4590 et
2382 4532 2504 4588 ideo
2535 4542 2628 4585 rex
2654 4524 2955 4582 dicebatur.
3058 4564 3069 4567 ς

311 4635 391 4699 ὡς
426 4634 459 4687 6
485 4635 518 4664 ⁸
571 4630 882 4701 Ἀγρίππας
913 4630 991 4682 ἐν’
1013 4627 1169 4693 τάξει
1205 4628 1476 4698 βασιλέως
1519 4627 1791 4698 κατῆλθε·
1831 4629 1916 4684 διδ

313 4726 414 4780 καὶ
447 4722 620 4786 αὐτὸς
652 4720 902 4775 ἐκαλεῖτο
934 4718 1211 4791 βασιλεύς.

392 4834 415 4869 ι
458 4813 611 4884 Πρὸς
661 4811 757 4875 οὒς
793 4810 1140 4882 ἀπεκρίθην,
1167 4812 1249 4865 ὅτι
1277 4811 1380 4864 οὐκ
1411 4811 1562 4865 ἔστιν
1600 4811 1724 4876 ἔθος
1777 4813 1914 4868 Ῥω-

316 4904 512 4977 μαῐοις
535 4900 858 4973 χαρίζεσθαι
887 4917 1008 4952 τινα
1032 4898 1320 4969 ἄνθρωπον
1340 4900 1420 4962 εἰς
1450 4898 1751 4968 ἀπώλειαν,
1773 4901 1906 4972 πρὶν

311 4996 348 5067 ἢ
373 4998 404 5049 6
435 4990 925 5064 κατηγορούμενος
958 4987 1101 5042 κατὰ
1130 4987 1425 5057 πρόσωπον
1453 4988 1571 5058 ἔχοι
1609 4989 1740 5052 τοὺς
1768 5006 1908 5042 κατ-

311 5085 589 5157 ηγόρους,
619 5082 785 5136 τόπον
811 5095 871 5133 τε
901 5076 1200 5146 ἀπολογίας
1225 5074 1381 5132 λάϐοι
1415 5077 1545 5149 περὶ
1574 5076 1670 5132 τοῦ
1703 5078 1909 5148 ἐγκλή-

319 5192 525 5248 ματος.
552 5192 572 5225 ι

396 5268 569 5321 ’Ὥστε
594 5264 690 5320 οὖν
715 5268 744 5319 6
764 5265 997 5329 Πιλάτος
1026 5265 1400 5336 χαρισάμενος
1424 5260 1517 5316 τὸν
1559 5259 1771 5333 Ἰησοῦν
1795 5263 1912 5325 τοῖς

331 5360 643 5423 Ἰουδαίοις,
682 5359 769 5413 ἵνα
796 5359 962 5414 αὑτὸν
992 5358 1280 5423 ἀνέλωσιν,
1309 5356 1468 5429 δῆλος
1495 5351 1565 5427 ἦν
1592 5356 1909 5426 μιαιφονικῇ

320 5454 477 5523 ψυχῇ
509 5451 672 5507 τοῦτο
702 5453 956 5524 ποιήσας.
988 5453 1125 5506 ὅπου
1156 5468 1221 5520 γε
1253 5450 1315 5503 οὐ
1365 5450 1527 5521 μόνον
1554 5448 1619 5501 τὸ
1651 5447 1748 5501 τοῦ
1776 5446 1911 5500 Θεοῦ

322 5541 589 5610 ὑπερεῖδε
630 5544 803 5616 κρῖμα
841 5544 922 5606 εἰς
968 5541 1147 5606 τοῦτο,
1178 5538 1318 5595 ἀλλὰ
1361 5540 1458 5594 καὶ
1491 5537 1584 5591 τὸν
1625 5535 1734 5592 τῶν
1782 5537 1914 5590 Ῥω-

395 5702 428 5733 ν
458 5691 522 5764 (ζ.
553 5693 596 5749 C
628 5698 787 5764 αὐτῇ.

321 5780 441 5821 οιιι.
477 5762 529 5817 6.

868 5694 1049 5753 καί]
1099 5713 1212 5753 οιη.
1248 5694 1350 5749 ἵνα
1398 5692 1510 5749 καί.
1585 5690 1918 5749 10.ϐ..τδν
1952 5685 2163 5762 οεδνη,

2081 4801 2249 4859 Vens.
2276 4797 2367 4854 16.
2432 4795 2563 4851 «Ad
2605 4810 2741 4864 quos
2792 4790 3046 4863 respondi
3097 4807 3115 4844 :
3164 4787 3302 4856 Quia
3352 4800 3460 4842 non
3510 4792 3596 4840 cst

2012 4893 2275 4952 Romanis
2320 4887 2658 4946 consuetudo
2717 4880 2985 4941 damnare
3035 4881 3269 4951 aliquem
3317 4878 3592 4934 hominem

2014 4987 2335 5058 priusquam
2371 4981 2418 5036 is
2447 4978 2540 5050 qui
2571 4988 2863 5032 accusatur
2889 4982 3185 5045 praesentes
3207 4970 3405 5026 habeat
3428 4983 3593 5022 accu-

2012 5088 2222 5135 satores
2241 5114 2258 5143 ,
2306 5073 2596 5139 locumque
2619 5065 2940 5123 defendendi
2970 5063 3206 5135 accipiat
3234 5060 3301 5116 ad
3324 5058 3591 5115 abluenda

2012 5166 2263 5224 crimina.
2296 5181 2316 5217 ι

2084 5259 2253 5330 Igitur
2279 5257 2508 5323 Pilatus,
2544 5253 2727 5312 lesum
2752 5250 2954 5307 Judaais
2984 5249 3052 5304 ad
3074 5244 3430 5304 occidendum
3465 5256 3590 5311 pro-

2012 5362 2131 5424 pter
2146 5350 2377 5422 gratiam
2403 5359 2645 5414 trauens,
2665 5344 2913 5420 apparuit
2935 5359 2999 5400 ex
3019 5341 3376 5415 perversitate
3393 5338 3590 5408 egisse,

2012 5442 2450 5515 quandoquidem
2514 5456 2621 5497 non
2672 5440 2841 5505 solius
2887 5436 2981 5491 Dei
3026 5433 3294 5506 judicium
3340 5440 3591 5485 contem-

2014 5534 2144 5603 psit,
2205 5535 2301 5590 sed
2322 5532 2486 5589 etiam
2512 5533 2876 5589 Romanorum
2916 5529 3062 5598 leges
3088 5525 3315 5598 pedibus
3337 5521 3602 5585 calcavit,

2266 5696 2288 5725 ³
2320 5685 2383 5743 C.
2412 5684 2474 5745 Ο.
2503 5684 2751 5740 εἰκοστοῦ
2783 5684 3057 5754 δευτέρου·
3092 5680 3264 5745 ἔτους.
3341 5688 3369 5721 ι
3403 5676 3466 5733 ϐ.
3525 5681 3607 5742 (ζ.
