4064 6410
279 343 426 412 1597

1198 351 1664 414 FRAGMENTA
1707 354 1789 416 ΙΝ
1828 355 2020 418 ACTA
2057 357 2637 424 APOSTOLORUM.

3433 369 3569 440 1598

275 455 594 528 ὑπερνικᾷν
629 454 690 508 τὸ
731 453 956 524 ἡλιακὸν
1002 456 1118 526 φῶς
1164 459 1344 513 ἐκεῖνο
1397 463 1578 532 φήσας
1634 462 1872 527 ἀνοῖξαι

1983 481 2094 522 rem
2145 468 2210 522 ad
2257 469 2581 534 aperiendos
2624 470 2810 528 oculos
2849 485 3040 528 eorum
3074 471 3240 546 (quod
3270 481 3454 548 gentili
3495 484 3569 538 illi

274 548 638 620 ὀφθαλμοὺς
652 548 870 614 αὐτῶν,
894 550 971 616 τῷ
995 549 1192 622 ἐθνικῷ
1211 551 1618 624 διαλεγόμενος,
1637 555 1882 626 κηρύξαι

273 659 337 694 τε
366 641 532 712 αὐτῷ
565 641 782 712 πρῶτον
809 642 1110 697 ἀνάστασιν
1140 644 1370 715 νεκρῶν,
1399 647 1674 718 ἐπιφέρει,
1699 647 1792 701 καὶ
1822 647 1884 702 τὸ

272 735 392 788 δεῖν
419 733 702 786 πιστεύειν
743 733 822 805 τῷ
872 734 1021 806 μόνῳ
1067 735 1206 806 Θεῷ,
1257 737 1571 791 ἀποστάντα
1618 739 1741 796 τινὰ
1783 743 1885 810 τῆς

273 825 374 879 τοῦ
401 826 624 896 Σατανᾶ
654 825 883 897 πλάνηςο
910 827 1204 896 ἀφίσταται
1235 829 1312 893 δὲ,
1350 831 1396 882 εί
1425 831 1538 894 τοῖς
1565 829 1748 898 λόγοις
1771 833 1884 895 τοῖς

271 916 392 970 τῶν
429 916 939 987 εὐαγγελιζομένων
965 920 1160 1002 πεισθῇ
1189 938 1293 984 τις·
1325 917 1442 975 εἶτα
1471 923 1763 992 καταλέγει
1788 925 1883 980 καὶ

272 1009 346 1061 τὰ
400 1008 516 1062 τῶν
565 1008 770 1063 πιστῶν
815 1001 1028 1080 ἀγαθάξ
1068 1013 1166 1085 τὴν
1215 1015 1410 1082 ἄφεσιν
1453 1015 1560 1068 τῶν
1595 1015 1881 1087 ἁμαρτιῶν

272 1101 380 1156 καὶ
405 1101 434 1141 ἀ
468 1103 608 1174 μετά
637 1103 746 1157 τῶν
775 1103 947 1173 ἀγίων
975 1104 1444 1175 ἐγκαταλεγῆναι.

354 1213 375 1245 ι
404 1193 595 1259 Ὅθεν,
638 1195 860 1266 βασιλεῦ
879 1196 1185 1268 Ἀγρίππα,
1224 1197 1325 1252 οὐκ
1354 1197 1624 1270 ἐγενόμην
1646 1197 1881 1270 ἀπειθὴς

271 1285 344 1354 τῇ
379 1285 625 1357 οὐρανίῳ
653 1286 912 1358 ὀπτασίᾳ.
949 1306 969 1340 ι

362 1377 428 1430 ’0
462 1378 678 1443 Παῦλος
709 1379 955 1450 κηρύξας
989 1380 1056 1433 δι’
1102 1373 1176 1434 ὧν
1217 1381 1467 1451 κρίνεται
1517 1382 1614 1454 τὴν
1658 1382 1875 1448 πίστιν,

274 1467 378 1521 ἐπὶ
416 1469 566 1522 τέλει
609 1475 705 1524 τοῦ
733 1471 894 1539 λόγου
919 1473 1075 1544 φησὶ,
1120 1473 1210 1545 Τῷ
1239 1474 1354 1546 λαῷ
1383 1476 1475 1530 καὶ
1500 1479 1610 1540 τοῖς
1635 1476 1841 1532 ἔθνεσιν
1861 1493 1874 1508 ’

276 1558 371 1612 ἵνα
403 1560 504 1613 καὶ
534 1559 625 1613 τὸν
657 1563 971 1634 Ἀγρίππαν
1002 1575 1025 1603 ο
1055 1566 1150 1620 καὶ
1178 1569 1304 1631 τοὺς
1329 1570 1425 1624 σὺν
1461 1568 1611 1640 αὐτῷ
1642 1569 1876 1640 προτρέ-

271 1650 458 1719 ψηται
514 1651 787 1721 ὲθνικοὺς,
840 1655 1099 1721 καὶτοὺς
1148 1659 1264 1712 ὅσοι
1313 1661 1570 1733 παρῆσαν
1609 1661 1873 1718 Ἰουδαῖοι.

272 1743 393 1796 Καὶ
415 1743 605 1798 πάλιψ
631 1744 827 1812 Ὅθεν,
845 1748 1112 1812 ,ϐασιλεῦ
1136 1750 1439 1820 Ἀγρίππα,
1454 1755 1564 1807 οὐκ
1582 1753 1878 1824 ἐγενόμην

273 1831 546 1901 ἀπειθὴς
576 1833 651 1903 τῇ
686 1838 946 1904 οὐρανίῳ
978 1839 1256 1907 ὀπτασίαν
1288 1840 1476 1914 ὥσπερ
1503 1839 1597 1896 οὖν
1627 1843 1738 1912 ἐγὼ
1758 1845 1878 1897 ὲπί-
1909 1827 1954 1886 Β

235 1987 238 1990 4
277 1941 520 1991 στευσα,
566 1925 710 1980 οὕτω
732 1929 814 1980 δεῖ
842 1929 860 1966 ΐ
889 1930 984 1983 καὶ
1013 1931 1105 1985 τὸν
1133 1932 1401 1987 ἀκούοντά
1429 1952 1557 2006 μου,
1588 1936 1880 1992 πιστεῦσαί

276 2031 410 2083 μοι·
448 2016 515 2069 ού
561 2016 671 2088 γάρ
695 2017 868 2090 ἀκοὴν
913 2020 1245 2089 ἀπαγγέλλω
1284 2022 1457 2091 λόγων
1499 2025 1733 2096 ἑτέρων,
1763 2026 1878 2080 ἀλλ’

274 2099 355 2161 ὧν
387 2106 510 2178 ἐγὼ
535 2109 746 2179 ἤκουσα
771 2111 866 2165 καὶ
893 2113 918 2152 ⁸
943 2107 1085 2168 εἶδον
1117 2111 1177 2178 ἐξ
1207 2113 1436 2185 οὐρανοῦ
1465 2134 1478 2145 ·
1530 2116 1672 2170 κατά
1709 2117 1878 2170 ὀπτα-

275 2197 408 2254 σίαν
429 2199 494 2252 δέ
511 2200 540 2241 Ιι
563 2203 712 2257 ἐστιν
729 2205 761 2274 ή
777 2203 996 2277 καθαρά
1022 2205 1142 2272 θέα,
1170 2207 1202 2278 ή
1235 2206 1644 2278 ὑπερϐαίνουσα
1669 2208 1882 2282 ἀνθρω-

275 2306 404 2344 πον’
441 2290 589 2365 ἅπερ
608 2310 692 2358 τις
715 2295 771 2348 ὲν
797 2297 961 2367 σαρκὶ
992 2299 1007 2338 ι
1031 2297 1154 2369 δίχα
1182 2298 1276 2352 τοῦ
1299 2298 1756 2369 ἀποκαλυφθῆναι
1785 2300 1881 2354 αύ-

273 2383 374 2435 τοῦ
403 2385 536 2449 τοὺς
566 2386 902 2459 ὀφθαλμοὺς,
931 2390 1031 2444 οὐκ
1057 2390 1205 2444 ἔστιν
1230 2390 1361 2445 ὶδεῖν
1392 2391 1639 2456 δυνατός.

360 2494 380 2527 ‹
429 2477 494 2530 Ei
527 2477 771 2550 παθητὸς
810 2483 837 2534 ὁ
878 2482 1139 2554 Χριστὸς,
1192 2484 1241 2537 εί
1280 2483 1497 2555 πρῶτος
1537 2484 1598 2548 ἐξ
1641 2483 1880 2538 ἀναστάο

277 2582 429 2630 σεως
460 2570 671 2640 νεκρῶν
697 2611 714 2637 ,
746 2572 863 2642 φῶς
900 2574 1084 2645 μέλλει
1117 2575 1511 2645 καταγγέλλειν
1537 2576 1614 2648 τῷ
1645 2576 1761 2648 λαῷ
1786 2577 1881 2631 καὶ

274 2659 398 2722 τοῖς
423 2657 628 2713 ἔθνεσι.
667 2679 686 2711 r

356 2752 428 2802 El
473 2751 744 2818 παθητὸς
787 2756 821 2808 ό
856 2757 1128 2824 Χριστός·
1173 2760 1234 2811 τὸ
1279 2761 1375 2816 τοῦ
1423 2762 1663 2833 Χριστοῦ
1709 2763 1880 2835 ὄνομα

273 2839 421 2892 Θεὸν
440 2839 742 2928 ένσαρκον,
772 2845 868 2898 σὺν
888 2846 1033 2919 ψυχῇ
1065 2852 1226 2921 νοερᾷ
1253 2853 1492 2924 παρέχον
1519 2852 1531 2902 i
1561 2857 1701 2908 νοεῖν
1721 2857 1876 2928 ἡμῖν,

275 2928 387 2980 οὐκ
421 2926 530 2990 ἔξω
564 2928 746 2997 λόγου,
785 2933 880 2986 καὶ
912 2934 1155 3004 παθητὸν
1192 2937 1354 2991 αὐτὸν
1396 2939 1564 3008 λέγει·
1592 2926 1766 2994 ταῦτα
1798 2941 1875 3008 δὲ,

277 3019 446 3089 φησὶ,
474 3021 716 3093 Μωυσῆς
742 3025 836 3077 καὶ
866 3026 916 3078 οἱ
947 3028 1225 3098 προφῆται
1254 3032 1552 3101 προεῖπον·
1583 3032 1631 3085 εί
1661 3033 1878 3103 πρῶτος

276 3112 344 3176 ἐξ
372 3113 728 3178 ἀναστάσεως
744 3117 976 3187 νεκρῶν,
1008 3120 1125 3188 φῶς
1157 3121 1344 3192 μέλλει
1385 3125 1878 3197 καταγγέλλειντῷ

275 3202 423 3273 λαῷ,
464 3205 558 3257 καὶ
590 3208 706 3271 τοῖς
734 3207 915 3262 ἔθνεσι
939 3211 1002 3264 τὸ
1029 3212 1102 3276 τί,
1136 3213 1260 3266 ἀντὶ
1293 3214 1410 3280 τοῦ,
1441 3217 1470 3270 ὅ
1490 3217 1542 3270 τί
1570 3218 1707 3272 ἐστι.
1743 3219 1877 3273 Μω-

280 3295 390 3365 σῆς
419 3295 449 3336 ¹ι
483 3313 544 3349 τε
573 3293 728 3352 εἶπεν
751 3316 764 3332 ·
788 3302 830 3354 Ε
837 3303 856 3356 ί
890 3304 1156 3372 παθητὸς
1182 3309 1216 3360 ό
1254 3309 1533 3376 Χριστὸς,
1568 3313 1618 3365 εί
1647 3310 1880 3380 πρῶτος

279 3388 354 3453 ἐξ
383 3390 812 3458 ἀναστάσεως·
848 3394 930 3447 ὅτι
970 3397 1215 3468 παθητὸς
1257 3402 1285 3452 ὁ
1332 3402 1590 3470 Χριστὸς,
1641 3404 1876 3475 πρῶτος.

281 3483 518 3554 Πρῶτος
545 3485 654 3556 γὰρ
689 3478 844 3549 οὗτος
873 3489 1074 3559 ἀνέστη
1100 3529 1115 3554 ,
1163 3491 1258 3545 καὶ
1290 3493 1474 3546 οὐκέτι
1505 3495 1875 3566 ἀποθνήσκει·

279 3578 331 3630 οἱ
358 3578 472 3649 γάρ
503 3577 840 3644 ἀναστάντες
873 3567 946 3632 δι(
966 3581 1151 3646 αὐτοῦ,
1191 3583 1225 3653 ἢ
1268 3582 1376 3636 τῶν
1406 3585 1688 3656 μαθητῶν,
1715 3588 1879 3642 πάλιν

283 3670 586 3737 ἀπέθανον,
625 3672 732 3734 ἕως
760 3673 860 3743 τῆς
891 3673 1188 3742 καθολικῆς
1212 3675 1563 3741 ἀναστάσεως
1597 3679 1870 3748 μένοντες.

360 3781 382 3816 ι
425 3764 487 3816 '0
533 3763 589 3816 δὲ
634 3763 844 3828 Παῦλος
872 3764 974 3836 ἔφη
998 3783 1010 3795 ·
1060 3765 1341 3838 Εὐξαίμην
1373 3767 1439 3821 ἂν
1474 3768 1551 3841 τῷ
1580 3769 1700 3841 Θεῷ
1727 3812 1740 3836 ,
1779 3774 1878 3827 καὶ⁹

286 3853 346 3907 ὲν
377 3853 552 3924 ὀλίγῳ
583 3855 675 3908 καὶ
696 3857 753 3909 ὲν
777 3855 977 3926 πολλῷ,
1013 3857 1074 3910 ού
1106 3858 1264 3926 μόνον
1302 3858 1360 3910 σὲ
1383 3859 1518 3912 ἀλλὰ
1539 3861 1634 3913 καὶ
1666 3861 1879 3927 πάντας

281 3945 413 4010 τοὺς
475 3944 778 4010 ἀκούοντάς
819 3965 921 4017 μου
974 3948 1214 4018 σήμερον
1260 3948 1516 4016 γενέσθαι
1557 3950 1831 4018 τοιούτους
1857 3994 1872 4020 ,

283 4040 466 4102 ὁποῖος
501 4038 656 4108 κάγώ
689 4041 824 4109 εἰμι,
857 4041 1129 4111 παρεκτὸς
1156 4041 1267 4094 τῶν
1300 4040 1520 4112 δεσμῶν
1558 4045 1785 4099 τούτων.
1822 4064 1842 4098 r

352 4132 462 4187 Τὸν
521 4134 734 4187 ὲθνικὸν
783 4137 862 4198 είς
913 4137 1097 4190 πίστιν
1144 4137 1312 4191 θέλων
1369 4137 1597 4192 ἑλκύσαι
1628 4179 1643 4206 ,
1683 4139 1878 4210 ἤθελεν

281 4225 449 4280 αὑτὸν
489 4226 839 4298 μαρτυρῆσαι
875 4231 988 4291 τοῖς
1019 4228 1111 4281 ὑπ’
1139 4229 1304 4282 αὐτοῦ
1335 4229 1670 4300 λεγομένοις,
1705 4231 1772 4284 δι’
1802 4223 1878 4284 ὧν

282 4334 475 4388 φησιν,
516 4318 576 4371 Τί
605 4318 868 4372 ἄπιστον
893 4321 1157 4388 κρίνεται
1185 4321 1322 4390 παρ’
1348 4321 1491 4389 ὑμῖν
1506 4337 1526 4384 ;
1553 4321 1662 4390 ἵνα,
1699 4321 1766 4375 δι’
1800 4314 1877 4376 ὧν

281 4410 445 4474 αὐτὸς
501 4409 770 4480 ὡμολόγει
810 4409 822 4448 ί
876 4411 1021 4482 σωθῇ
1049 4429 1062 4442 ·
1093 4410 1173 4482 τῷ
1206 4411 1264 4465 δὲ
1291 4411 1410 4482 θεῷ
1445 4410 1558 4481 τὴν
1589 4411 1690 4483 τῆς
1743 4411 1878 4465 ἀνα-

1987 555 2326 628 dicebat),et
2358 570 2647 629 postquam
2697 562 2744 616 ei
2789 562 3021 631 primum
3066 566 3334 621 nuntiavit
3385 584 3570 627 resur-

1987 646 2285 702 rectionem
2319 661 2694 714 mortuorum,
2748 652 2898 705 addit
2941 661 3195 720 oportere
3248 671 3409 710 unum
3451 674 3569 712 cre-

1985 739 2112 793 dere
2147 739 2336 806 Deum,
2382 741 2598 796 deserto
2637 741 2908 797 diabolico
2939 759 3148 808 errore,
3174 760 3336 814 quem
3369 748 3571 802 deserit

1985 830 2298 900 quicunque
2343 835 2835 901 evangelizantium
2881 836 3227 891 sermonibus
3265 836 3423 890 ﬁdem
3474 839 3571 891 ad-

1984 921 2167 988 hibet;
2207 922 2401 978 deinde
2446 925 2683 980 ﬁdelium
2730 926 2870 982 bona
2920 935 3238 992 enumerat,
3291 927 3569 982 remissio-

1985 1027 2110 1067 nem
2145 1028 2337 1085 nempe
2370 1026 2717 1087 peccatorum
2747 1027 2802 1074 et
2850 1033 2973 1074 cum
3006 1017 3207 1074 sanctis
3238 1017 3567 1073 adnumera-

1985 1104 2211 1160 tionem.

2053 1195 2218 1252 Vens.
2240 1198 2327 1254 19.
2373 1217 2393 1253 ι
2424 1197 2600 1267 Unde,
2649 1217 2743 1258 rex
2784 1199 3046 1272 Agrippa,
3102 1214 3213 1255 non
3267 1199 3344 1254 fui
3388 1199 3569 1256 incre-

1980 1286 2140 1343 dulus
2169 1287 2376 1345 caelesti
2403 1291 2622 1345 visioni.
2656 1311 2675 1344 ι

2050 1378 2345 1451 Postquam
2369 1382 2568 1438 Paulus
2610 1383 2774 1438 ﬁdem
2811 1398 2998 1438 eorum
3023 1382 3089 1438 de
3116 1383 3313 1452 quibus
3344 1381 3396 1437 in
3424 1382 3570 1454 judi-

1981 1472 2124 1528 cium
2181 1473 2352 1541 venit,
2400 1474 2733 1544 prtedicavit,
2791 1489 2984 1529 versus
3034 1473 3192 1528 linem
3229 1474 3312 1528 sui
3367 1488 3572 1529 sermo-

1980 1565 2066 1619 nis
2107 1564 2511 1636 dicitzPopulo
2550 1574 2605 1620 et
2650 1564 2922 1635 gentibus,
2971 1563 3346 1635 utAgrippam
3391 1573 3444 1619 et
3474 1563 3568 1634 qui

1979 1671 2101 1712 cum
2129 1671 2194 1712 eo
2222 1665 2380 1712 erant
2409 1655 2662 1728 gentiles,
2683 1664 2736 1711 et
2763 1657 3072 1726 quicunque
3097 1658 3322 1709 aderant
3353 1653 3568 1709 Iudaeos

1979 1749 2318 1805 exhortetur.
2351 1747 2419 1803 Et
2449 1763 2644 1804 rursus
2690 1766 2704 1803 :
2743 1745 2917 1812 Unde,
2948 1763 3040 1802 rex
3067 1747 3326 1818 Agrippa,
3359 1763 3461 1800 non
3489 1745 3571 1815 fui

1982 1839 2285 1894 incredulus
2329 1839 2528 1894 cmlesti
2568 1838 2782 1893 visioni.
2842 1838 2995 1894 Sicut
3018 1837 3185 1908 igitur
3216 1849 3315 1906 ego
3339 1836 3568 1902 credidi,

1983 1933 2059 1988 ita
2108 1944 2163 1987 et
2211 1932 2366 1999 mihi,
2401 1931 2494 2002 qui
2546 1931 2700 1986 audit
2744 1947 2854 1996 me,
2883 1932 3105 1986 credere
3148 1945 3269 1985 eum
3314 1938 3568 2000 oportet;

1983 2040 2091 2080 non
2125 2025 2270 2079 enim
2321 2024 2426 2078 alia
2463 2023 2699 2094 praedico
2756 2037 2920 2093 quam
2975 2036 3094 2092 quae
3123 2021 3302 2075 audivi
3337 2020 3403 2075 de
3432 2019 3570 2075 ctelo

1981 2124 2036 2169 et
2083 2115 2211 2171 vidi.
2249 2115 2368 2170 .Per
2392 2114 2658 2170 visionem
2693 2125 2876 2169 autem
2927 2112 3074 2169 clare
3101 2119 3420 2183 spectantur
3450 2125 3571 2180 qua:

1983 2221 2146 2276 supra
2200 2207 2478 2263 hominem
2525 2215 2695 2271 sunt,
2751 2219 2874 2276 quae
2964 2205 3068 2260 nisi
3112 2201 3302 2260 oculus
3349 2210 3570 2270 apertus

1982 2299 2170 2367 fuerit,
2202 2315 2432 2356 cernere
2464 2315 2570 2355 non
2593 2306 2794 2369 potest.

2058 2475 2224 2531 Vsus.
2253 2475 2350 2530 ‘23.
2419 2493 2441 2528 ι
2500 2474 2559 2532 Si
2606 2469 2884 2546 passibilis
2930 2470 3216 2537 Christus,
3273 2469 3318 2526 si
3361 2469 3568 2542 primus

1984 2582 2050 2624 ex
2101 2567 2507 2624 resurrectione
2554 2577 2892 2622 mortuorum
2923 2605 2939 2632 ,
2993 2565 3176 2621 lumen
3217 2564 3571 2620 annuntiatu-

1983 2676 2078 2716 rus
2110 2669 2195 2716 est
2229 2658 2427 2730 populo
2457 2669 2512 2715 et
2538 2662 2811 2730 gentibus.
2843 2681 2866 2715 ι

2057 2753 2121 2810 Si
2162 2753 2429 2824 passibilis
2474 2752 2738 2810 Christus.
2798 2749 3004 2816 Nomen
3032 2750 3233 2816 Christi
3265 2741 3574 2828 significare

1985 2847 2152 2902 Deum
2182 2847 2553 2912 incarnatum,
2583 2863 2704 2903 cum
2729 2850 2982 2907 rationali
3012 2855 3218 2917 anima,
3251 2867 3357 2906 non
3383 2851 3574 2906 absur-

1984 2941 2050 2996 de
2082 2942 2234 3006 dicit,
2271 2941 2664 3012 Christumque
2695 2952 2855 2998 vocat
2887 2945 3236 3014 passibilem;
3286 2958 3427 3013 quae,
3471 2941 3568 3006 ait,

1982 3033 2194 3104 Moyses
2212 3042 2266 3090 et
2282 3036 2560 3104 prophetae
2579 3036 2951 3106 praedixerunt
2973 3054 2986 3090 :
3007 3037 3051 3092 si
3074 3037 3283 3106 primus
3300 3050 3364 3089 ex
3388 3049 3571 3089 resur-

1984 3127 2225 3182 rectione
2267 3139 2634 3195 mortuorum,
2675 3128 2859 3182 lumen
2893 3127 3317 3182 annuntiaturus
3348 3135 3431 3180 est
3468 3140 3569 3194 po-

1985 3221 2110 3290 pulo
2143 3230 2196 3277 et
2225 3220 2498 3290 gentibus,
2539 3219 2669 3290 quid
2698 3221 2790 3283 sit,
2839 3219 2892 3274 id
2927 3228 3032 3284 est,
3069 3218 3193 3288 quia
3218 3228 3321 3272 est.
3359 3216 3572 3288 Moyses

1983 3322 2166 3368 autem
2220 3311 2360 3368 dixit
2419 3329 2434 3366 :
2493 3311 2556 3368 Si
2609 3309 2880 3381 passibilis
2930 3309 3217 3375 Christus,
3271 3309 3318 3362 si
3368 3310 3566 3377 primus

1982 3422 2047 3462 ea:
2076 3405 2455 3460 resurrectione
2495 3421 2513 3460 :
2541 3404 2814 3476 passibilis
2845 3403 2990 3460 enim
3012 3401 3288 3466 Christus,
3323 3403 3559 3471 primus;

1983 3497 2194 3566 primus
2224 3497 2489 3560 surrexit,
2525 3511 2625 3552 nec
2645 3495 2759 3565 jam
2791 3495 3060 3561 moritur;
3092 3494 3181 3564 qui
3206 3503 3385 3547 autem
3417 3493 3485 3546 ab
3506 3506 3571 3546 eo

1981 3589 2067 3644 vel
2113 3603 2144 3642 a
2183 3587 2463 3658 discipulis
2502 3587 2621 3658 ejus
2668 3586 2975 3642 resuscitati
3008 3595 3166 3651 sunt,
3203 3601 3396 3641 rursus
3421 3601 3571 3640 mor-

1984 3681 2057 3734 tui
2099 3686 2260 3743 sunt,
2314 3677 2626 3750 generalem
2660 3676 3115 3732 resurrecrionetn
3159 3684 3568 3745 exspectantes.

2052 3771 2330 3828 Vuns.29.
2377 3788 2396 3823 ι
2444 3770 2511 3824 Ει
2555 3769 2758 3827 Paulus
2802 3787 2816 3824 :
2861 3766 3003 3835 Opto
3033 3767 3172 3837 apud
3207 3769 3394 3832 Deum,
3432 3770 3568 3821 etin

1983 3863 2200 3918 modico
2229 3872 2284 3917 et
2315 3863 2367 3916 in
2394 3878 2614 3933 magno,
2650 3876 2758 3916 non
2792 3870 3002 3914 tantum
3032 3867 3104 3923 te,
3137 3861 3232 3913 sed
3259 3860 3419 3913 etiam
3449 3874 3567 3913 om-

1981 3970 2078 4011 nes
2106 3953 2195 4023 qui
2226 3952 2478 4018 audiunt,
2505 3953 2669 4008 hodie
2701 3951 2816 4007 ﬁeri
2845 3951 2981 4006 tales
3015 3948 3194 4020 qualis
3225 3959 3278 4003 et
3300 3964 3400 4020 ego
3423 3965 3567 4015 sum,

1981 4045 2224 4114 exceptis
2259 4043 2487 4098 vinculis
2513 4043 2617 4098 his.
2651 4061 2672 4095 ι
2847 4098 2849 4101 ,

2051 4137 2324 4194 Gentilem
2374 4138 2441 4192 ad
2483 4135 2644 4192 ﬁdem
2696 4135 2913 4191 trahere
2953 4135 3176 4202 volens,
3227 4148 3350 4189 eum
3396 4130 3568 4184 voluit

1989 4231 2358 4285 testimonium
2391 4228 2684 4298 perhibere
2713 4229 2779 4282 de
2800 4228 2888 4282 his
2915 4243 3035 4297 quae
3060 4227 3127 4281 ab
3152 4242 3218 4282 eo
3243 4227 3383 4280 dicta
3410 4231 3569 4276 erant

1983 4321 2251 4394 (prOpter
2293 4321 2439 4391 quod
2482 4320 2611 4376 dicit
2663 4337 2679 4376 :
2728 4320 2870 4385 Quid
2934 4319 3239 4374 incredibile
3281 4315 3567 4384 jndicatur

1981 4413 2121 4483 apud
2150 4430 2240 4467 vos
2255 4413 2327 4479 ?),
2347 4420 2483 4467 ute'x
2512 4427 2609 4468 sua
2632 4411 2973 4466 confessione
2994 4399 3176 4467 salvus
3197 4412 3312 4475 liat;
3349 4409 3455 4462 Deo
3470 4423 3567 4460 au-

283 4501 538 4563 στάσεως
589 4500 700 4554 τῶν
725 4502 939 4575 νεκρῶν
973 4504 1312 4574 κατόρθωσιν
1355 4503 1606 4576 ἀφορίζει
1635 4503 1772 4574 πρὸς
1798 4503 1878 4575 τῷ

1983 4517 2092 4563 tem
2153 4515 2491 4561 mortuorum
2551 4504 3016 4559 resurrectionem
3072 4501 3362 4564 attribuit,
3423 4512 3566 4567 prie-

286 4594 499 4661 μηδένα
541 4597 653 4656 τοῖς
685 4594 1002 4665 λεγομένοις
1032 4597 1308 4650 ἀντειπεῖν
1333 4613 1347 4628 ·
1381 4597 1467 4656 τίς
1498 4595 1608 4666 γάρ
1642 4596 1796 4657 οὗτος
1831 4606 1874 4635 ιιι

281 4683 500 4751 ἠλίθιος
539 4683 572 4754 ἢ
610 4684 926 4754 βλάσφημος
955 4725 969 4746 ,
1015 4685 1075 4748 ὃς
1106 4685 1430 4756 τολμήσειεν
1459 4687 1658 4750 εἰπεῖν,
1689 4685 1770 4738 ὅτι
1812 4683 1874 4737 οὐ

281 4775 514 4831 δύναται
543 4778 571 4829 ὁ
595 4775 731 4840 Θεὸς
780 4787 809 4815 ιι
843 4777 1069 4846 ποιῆσαι
1103 4779 1204 4832 ὅσα
1234 4778 1412 4845 θέλει;
1447 4778 1480 4848 ἢ
1522 4777 1618 4832 οὖν
1645 4776 1875 4840 ἑκόντας

283 4867 594 4923 διαπιστεῖν
624 4869 818 4940 ἤθελεν
841 4869 1084 4934 ἐκείνους
1123 4870 1419 4924 συνθέσθαι
1471 4869 1550 4941 τῷ
1595 4871 1714 4941 τῆς,
1738 4873 1875 4925 ἀνα-

286 4961 533 5022 στάσεως
569 4959 733 5030 λόγῳ,
767 4959 800 5030 ἢ
830 4959 920 5012 διὰ
969 4960 1060 5014 τὸν
1108 4959 1271 5030 φόϐον
1312 4959 1405 5013 τοῦ
1460 4961 1534 5031 μὴ
1569 4959 1875 5030 θεομάχους

286 5051 701 5122 ὑποπτευθῖψαι
726 5051 946 5115 αὐτούς.

361 5147 616 5198 Δείκνυσι
638 5144 702 5198 τὸ
727 5145 824 5216 τῆς
859 5143 1147 5208 θεοσεϐοῦς
1175 5143 1343 5198 αὑτοῦ
1375 5144 1597 5215 ἀγάπης
1621 5145 1650 5197 ὁ
1677 5144 1866 5214 λόγος·

290 5237 371 5300 εἰς
399 5239 499 5308 μὲν
528 5237 597 5292 τὰ
638 5238 780 5292 καλά
813 5237 1024 5301 πάντας
1051 5237 1222 5291 θέλων
1247 5239 1540 5301 κοινωνοὺς
1565 5234 1723 5302 εἶναι,
1762 5255 1868 5310 μηο

290 5328 419 5385 δένα
441 5333 498 5385 δὲ
522 5330 672 5403 αύτῷ
705 5332 1032 5403 κοινωνῆσαι
1055 5331 1135 5394 είς
1159 5329 1393 5401 βάσανον
1417 5331 1453 5401 ἢ
1487 5329 1685 5400 θλίψιν.

358 5493 387 5560 ε
417 5489 476 5543 C.
503 5489 564 5546 C.
598 5489 694 5542 καὶ
717 5489 798 5542 τό.
881 5501 905 5529 θ
938 5488 1000 5544 C.
1030 5489 1090 5560 C.
1141 5489 1438 5560 Ἀγρίππα.
1521 5488 1539 5528 τ
1579 5488 1639 5542 C.
1674 5488 1736 5544 C.
1769 5488 1854 5560 δή.

291 5557 420 5632 acia
447 5561 523 5632 δέ.
610 5560 719 5632 [(1.
752 5560 812 5615 C.
844 5561 1009 5632 σαρκὶ
1043 5559 1139 5615 ὢν.
1221 5557 1252 5610 ι“
1277 5560 1339 5617 C.
1368 5561 1430 5615 C.
1462 5560 1738 5632 παρέχων.
1806 5559 1882 5616 Ιίί

1982 5559 2008 5614 ι.
2040 5560 2298 5630 Μωῦσῆς.

294 5634 322 5664 ⁸³
355 5631 412 5684 C.
437 5630 499 5684 (Σ.
530 5629 754 5700 ποιῆσαι
783 5632 810 5684 ὁ
839 5629 990 5694 Θεός.

1934 5490 1959 5529 ε
1986 5489 2048 5543 c.
2078 5469 2142 5544 cf
2165 5488 2260 5543 καὶ
2289 5489 2344 5546 ἆ.
2421 5490 2449 5530 ιι
2475 5488 2535 5543 ο.
2570 5489 2632 5544 c.
2658 5487 2792 5557 οὐρα

1985 4608 2234 4668 terquam
2293 4611 2454 4650 nemo
2503 4594 2665 4650 dictis
2713 4593 3129 4650 contradicebat
3184 4611 3199 4647 :
3252 4591 3374 4660 quis
3420 4590 3565 4642 enim

1985 4699 2091 4744 tam
2123 4687 2354 4742 stolidus
2409 4695 2502 4741 aut
2545 4687 2897 4753 blaSphemus
2924 4725 2938 4749 ,
2998 4686 3088 4754 qui
3146 4686 3328 4738 dicere
3369 4682 3569 4734 audeat

1981 4780 2148 4835 Deum
2179 4793 2520 4849 quaecunque
2543 4779 2673 4833 velit
2703 4777 2886 4834 facere
2907 4792 3018 4833 non
3041 4777 3236 4848 posse?
3272 4773 3379 4829 Eos
3402 4774 3568 4845 igitur

1980 4871 2344 4928 incredulitati
2381 4880 2600 4938 para-tos
2632 4871 2751 4926 vult
2783 4873 2888 4927 sibi
2922 4871 3219 4926 conciliare
3268 4869 3350 4922 vel
3381 4881 3566 4922 resur-

1982 4964 2242 5019 rectionis
2271 4963 2549 5027 doctrina,
2583 4963 2665 5016 vel
2696 4973 2863 5027 metu,
2897 4978 2968 5016 ne
2995 4963 3048 5014 in
3079 4960 3444 5028 suspicionem
3478 4957 3566 5010 in-

1979 5054 2236 5126 surgendi
2263 5053 2321 5108 in
2350 5052 2518 5108 Deum
2549 5053 2819 5107 venirent.
2842 5079 2914 5093 —~
2935 5052 3226 5105 Declarant
3257 5049 3370 5101 haec
3398 5046 3562 5102 verba

1977 5147 2094 5216 ejus
2118 5146 2258 5215 piam
2283 5145 2852 5215 clraritatem,_qulppe
2877 5144 2967 5214 qui
2991 5151 3142 5211 optat
3163 5151 3355 5196 omnes
3389 5139 3563 5208 parti-

1979 5242 2129 5310 cipes
2156 5239 2275 5294 ﬁeri
2304 5253 2524 5293 suorum
2557 5238 2825 5292 bonorum
2845 5275 2859 5301 ,
2920 5237 3192 5291 neminem
3221 5243 3400 5288 autem
3432 5247 3561 5288 sua-

1959 5347 2098 5414 .rum
2131 5331 2503 5387 molestiarum
2535 5337 2628 5385 aut
2657 5329 3092 5384 tribulationum.

2796 5487 2888 5541 νοῦ
2917 5488 3057 5541 κατά
3079 5486 3380 5541 ὀπτασίαν
3419 5485 3578 5540 ὀπτι

2383 5559 2492 5614 lC.
2527 5559 2585 5613 C.
2643 5554 2738 5627 ομζ
2795 5559 2936 5628 (sic).
3042 5559 3175 5612 l“C.
3227 5558 3285 5613 C.
3354 5554 3574 5625 obtusi.

366 5785 478 5855 xtl)
518 5786 759 5844 Cramcri
803 5798 990 5844 catena
1018 5790 1120 5846 hoc
1170 5787 1429 5843 scholium
1491 5785 1583 5849 (lat
1635 5786 2038 5858 Chrysostamo.
