4064 6432
474 393 613 462 1509

1056 500 1203 560 CAP.
1242 499 1459 557 XXVII.

544 620 706 679 Vsus.
741 622 822 677 l0.
891 640 909 675 ι
957 620 1107 687 Viri,
1159 622 1317 678 video
1364 621 1623 692 quoniam
1683 633 1805 673 cum
1857 618 2053 689 injuria

470 726 522 769 et
544 715 713 770 multo
728 714 946 780 damno,
978 729 1086 768 non
1105 714 1277 769 solum
1299 715 1483 770 oneris
1499 722 1554 768 et
1575 713 1747 778 navis,
1775 710 1869 767 sed
1886 710 2052 765 etiam

471 809 775 862 animarum
804 816 1154 875 nostrarum,
1193 808 1383 879 incipit
1410 821 1532 863 esse
1562 806 1858 875 navigatio.
1885 822 1905 855 ι

540 898 807 968 Propheta
849 901 994 954 enim
1037 914 1159 955 cum
1190 908 1335 955 esset
1360 897 1582 963 Paulus,
1616 895 2054 968 nuntiavitperi-

468 990 648 1043 Culum
700 988 844 1059 quod
886 993 967 1046 eis
1016 992 1068 1045 in
1118 992 1238 1045 navi
1282 991 1625 1057 immineret,
1685 989 1781 1045 sed
1818 990 1899 1045 eis
1945 1004 2051 1045 non

468 1082 739 1149 persuasit
787 1092 844 1134 ut
892 1082 943 1136 iu
988 1082 1146 1136 Creta
1192 1083 1529 1147 hiemarent,
1578 1097 1685 1137 non
1716 1082 1857 1152 quod
1884 1081 2054 1138 fatum

468 1187 563 1227 eos
589 1173 655 1225 ad
688 1172 738 1227 id
769 1173 1018 1238 traxerit,
1053 1175 1145 1227 sed
1175 1173 1387 1242 propria
1415 1172 1680 1228 voluntas.

545 1345 704 1400 Vsus.
732 1347 818 1400 ll.
839 1365 857 1398 ι
877 1346 1133 1401 Centurio
1151 1357 1331 1401 autem
1359 1348 1711 1420 gubernatori
1730 1357 1786 1405 et
1801 1351 2056 1406 nauclero

472 1438 641 1508 magis
669 1439 925 1493 credebat
955 1452 1118 1508 quam
1151 1440 1237 1496 his
1264 1455 1385 1510 quae
1411 1456 1440 1495 a
1462 1441 1633 1497 Paulo
1657 1441 1999 1498 dicebantur.
2026 1459 2047 1494 ι

546 1618 718 1675 Ratus
749 1637 940 1691 nempe
991 1621 1166 1690 magis
1195 1623 1525 1679 credendum
1560 1640 1682 1681 esse
1709 1627 2054 1697 peritioribus

471 1713 835 1781 navigationis
869 1729 1028 1782 quam
1054 1714 1262 1769 vectori
1293 1714 1438 1771 illius
1456 1718 1592 1773 artis
1621 1718 1839 1789 ignaro;
1871 1720 2055 1790 itaque

469 1820 574 1859 non
596 1803 713 1871 fati,
734 1805 828 1860 sed
845 1806 1137 1863 voluntatis
1159 1818 1278 1864 erat
1298 1817 1579 1879 peceatum
1605 1829 1618 1865 :
1646 1827 1789 1876 nam,
1808 1827 1929 1866 cum
1948 1815 2056 1869 sci-

470 1913 591 1951 mus
627 1907 817 1951 natura
850 1901 985 1954 duce
1017 1900 1318 1969 periculum
1354 1901 1562 1972 fugere,
1600 1919 1781 1958 rerum
1815 1905 1929 1975 ipsa
1956 1921 2053 1961 ex-

468 1988 737 2056 perientia
769 2004 871 2044 nos
898 1991 1056 2046 docet
1085 2007 1190 2046 non
1215 1994 1412 2049 debere
1435 2010 1764 2065 quemquam
1787 2012 1846 2051 se
1867 1998 2056 2067 praeci-

469 2078 669 2148 pitare,
695 2081 847 2148 quasi
876 2082 930 2134 in
955 2081 1058 2136 hoc
1081 2098 1185 2138 non
1205 2094 1347 2139 esset
1370 2084 1470 2139 nisi
1488 2085 1712 2141 dubium
1734 2089 2055 2157 periculum,

467 2165 781 2222 aﬂ'erentem
829 2172 993 2225 sortis
1018 2180 1111 2224 aut
1161 2169 1255 2226 fati
1293 2173 1619 2241 discrimen;
1671 2175 1817 2246 quod
1853 2186 2054 2244 tamen,

468 2258 583 2313 sive
606 2257 861 2327 dormiat,
895 2261 1011 2318 sive
1042 2264 1260 2334 vigilet,
1286 2265 1439 2343 .nibil
1470 2276 1646 2335 potest
1677 2269 1937 2326 adversus
1964 2271 2059 2326 bo-

468 2352 631 2407 minis
656 2353 986 2409 voluntatem
1008 2394 1024 2421 ,
1078 2371 1201 2427 qua:
1244 2372 1353 2427 quo
1393 2358 1529 2426 vult,
1561 2374 1623 2413 ea
1654 2374 1773 2429 quae
1801 2361 1900 2416 sibi
1928 2363 2058 2419 sub-

466 2446 729 2515 ]iciuntur
775 2446 982 2518 dirigit,
1015 2447 1091 2503 uti
1120 2448 1367 2506 fecerunt
1389 2451 1482 2520 qui
1507 2465 1630 2506 cum
1651 2450 1820 2506 Paulo
1842 2454 2060 2524 naviga.

471 2537 639 2602 bant;
665 2539 744 2595 sic
771 2539 916 2594 enim
944 2542 1243 2596 secundum
1269 2556 1422 2596 suam
1448 2542 1780 2599 voluntatem
1806 2547 2057 2614 agebant,

471 2637 533 2681 ut
581 2629 762 2683 statim
810 2628 1026 2685 favente
1065 2637 1224 2685 vento
1272 2629 1435 2685 laztati
1486 2640 1632 2696 sunt,
1675 2633 1817 2689 sicut
1860 2633 2058 2689 dictum

473 2729 586 2775 est:
607 2719 875 2787 aspirante
905 2730 1080 2775 autem
1104 2731 1310 2789 austro,
1334 2724 1701 2778 existimantes
1738 2726 2062 2792 prOpositum

1634 380 1974 444 AMMONII
2014 372 2550 439 ALEXANDRINI

2084 499 2132 556 A

3609 355 3749 423 1600

2739 484 2990 539 ΚΕΦΑΛ.
3032 478 3159 536 KZ'.

2234 623 2252 656 t
2308 603 2560 674 ΙἌνδρες,
2598 597 2792 671 θεωρῶ
2835 599 2918 652 ὅτι
2965 593 3106 666 μετὰ
3149 591 3359 665 ὕϐρεως
3403 590 3497 644 καὶ
3545 586 3752 674 πολλῆς

2156 694 2385 766 ζημίας,
2413 672 2475 747 ού
2515 690 2678 763 μόνον
2706 688 2802 743 τοῦ
2836 687 3065 758 φορτίου
3104 684 3199 739 καὶ
3241 681 3334 736 τοῦ
3370 680 3579 745 πλοίου,
3614 672 3752 732 ἀλλά

2157 788 2253 841 καὶ
2278 785 2386 840 τῶν
2404 783 2594 856 ψυχῶν
2618 784 2651 853 ἡ
2660 782 2801 852 μῶν,
2832 778 3048 850 μέλλειν
3076 774 3297 829 ἔσεσθαι
3333 772 3425 827 τὸν
3452 770 3639 825 πλοῦν.
3688 789 3709 822 ι
3738 772 3754 795 ⁴

2228 878 2525 951 Προφήτης
2553 875 2664 946 γὰρ
2704 872 2804 937 ὣν,
2836 867 3133 941 ἀνήγγειλε
3158 866 3252 920 τὸν
3282 864 3541 936 ἐσόμενον
3568 864 3628 915 ὲν
3669 860 3751 931 τῷ

2157 972 2330 1044 πλοίῳ
2371 970 2616 1025 κίνδυνον
2647 967 2860 1031 Παῦλος
2886 980 2901 994 ⁸
2937 963 3032 1019 καὶ
3060 959 3366 1033 παραινῶν,
3397 957 3496 1013 ούκ
3528 954 3750 1010 ἔπειθεν

2156 1067 2358 1130 αὐτοὺς
2388 1066 2447 1118 ὲν
2485 1062 2684 1136 Κρήτῃ
2714 1057 3157 1133 παραχειμάσαι,
3186 1056 3248 1108 ού
3273 1054 3372 1125 τῆς
3401 1049 3749 1123 εἱμαρμένης

2156 1158 2356 1222 αὐτοὺς
2395 1157 2477 1220 εἱς
2520 1154 2682 1208 τοῦτο
2715 1150 3047 1221 εἱσαγούσης
3080 1156 3131 1214 ο,
3182 1146 3321 1201 ἀλλά
3377 1144 3479 1215 τῆς
3534 1139 3744 1198 ἑαυτῶν

2156 1247 2403 1321 γνώμηςι
2742 1336 2748 1337 ί
2976 1332 3001 1337 _
3129 1330 3153 1337 _
3271 1329 3283 1337 _
3466 1323 3582 1337 Η,

2236 1358 2257 1393 ι
2319 1340 2378 1393 Ὃ
2406 1339 2464 1394 δὲ
2492 1336 2902 1407 ἑκατοντάρχης
2933 1332 3011 1403 τῷ
3048 1329 3366 1401 κυϐερνήτῃ
3394 1326 3491 1380 καὶ
3514 1326 3593 1396 τῷ
3614 1341 3745 1379 ναυ-

2157 1433 2347 1504 κλήρῳ
2382 1431 2585 1504 μᾶλλον
2620 1427 2896 1494 ἐπείθετο,
2927 1426 2961 1497 ἢ
2994 1428 3106 1490 τοῖς
3139 1420 3245 1477 ὑπὸ
3281 1419 3379 1475 τοῦ
3415 1417 3630 1473 Παύλου
3658 1417 3753 1469 λε-

2155 1522 2433 1594 γομένοις.
2486 1541 2505 1574 ι
3254 1588 3267 1600 .

2227 1612 2486 1685 Νομίζων
2548 1613 2629 1665 ὅτι
2675 1609 2760 1663 δεῖ
2813 1606 3014 1679 μᾶλλον
3068 1606 3182 1669 τοῖς
3232 1602 3517 1674 ἐμπείρως
3563 1601 3752 1672 έχουσι

2156 1708 2293 1781 πρὸς
2324 1707 2385 1761 τὸ
2415 1706 2570 1760 πλεῖν
2602 1701 2927 1764 πείθεσθαι,
2980 1700 3013 1770 ἢ
3056 1696 3295 1767 ὲπιϐἀτῃ
3324 1694 3541 1766 ἀπείρῳ
3565 1709 3752 1746 ναυτι-

2158 1801 2260 1872 κῆς
2283 1816 2296 1828 ·
2321 1799 2462 1853 ὥστε
2482 1793 2575 1853 οῦν
2601 1795 2827 1866 γνώμης
2848 1788 2916 1864 ἦν
2938 1791 3030 1845 καὶ
3052 1791 3113 1844 οὐ
3146 1787 3316 1859 τύχης
3341 1786 3403 1840 τὸ
3420 1785 3749 1858 ἁμάρτημα*

2156 1893 2240 1947 ὅτι
2270 1891 2379 1962 γάρ
2412 1889 2639 1960 οἴδαμεν
2665 1885 2809 1940 κατά
2830 1884 2993 1954 φύσιν
3019 1882 3288 1951 ἐκφυγεῖν
3311 1877 3581 1940 κίνδυνον,
3611 1872 3755 1944 αὐτὴ

2157 1985 2192 2055 ή
2216 1985 2378 2055 πεῖρα
2401 1980 2510 2035 τῶν
2531 1978 2885 2052 πραγμάτων
2902 1974 3149 2029 διδάσκει
3173 1971 3249 2045 μὴ
3276 1966 3752 2039 κατακρημνίζειν

2159 2077 2353 2132 ἑαυτόν
2385 2091 2529 2142 τινα,
2562 2074 2638 2138 ὡς
2663 2068 3059 2143 ἀναμφιϐόλως
3088 2065 3180 2122 τοῦ
3212 2064 3542 2134 πράγματος
3571 2059 3750 2113 κίνδυ⁴

2159 2185 2247 2224 νον
2297 2167 2591 2239 φέροντος,
2642 2163 2743 2234 τῆς
2779 2161 2962 2233 ⁸τύχης
3022 2159 3120 2213 καὶ
3173 2155 3520 2228 εἱμαρμένης
3578 2150 3753 2205 εἰπὼν

2160 2252 2440 2329 προῦπτον
2461 2253 2844 2326 κοιμωμένης,
2871 2249 2903 2320 ἢ
2934 2246 3322 2320 γρηγορούσης
3354 2245 3475 2315 μὲν,
3500 2242 3669 2315 μηδὲν
3691 2240 3750 2294 δὲ

2159 2350 2468 2422 δυναμένης
2498 2341 2939 2415 ἀντιπράξασθαι
2961 2339 3105 2395 κατά
3123 2339 3223 2409 τῆς
3244 2336 3622 2410 προαιρέσεως
3649 2332 3751 2403 τῆς

2158 2442 2269 2497 τῶν
2328 2438 2667 2512 ἀνθρώπων·
2721 2433 2846 2488 καθ’
2894 2433 2962 2504 ἢν
2991 2424 3037 2500 ᾧ
3092 2431 3159 2484 ἂν
3195 2428 3525 2501 βούλωνται,
3552 2424 3625 2477 τά
3665 2423 3752 2491 ἐφ’

2162 2533 2363 2604 ἑαυτῆς
2402 2541 2430 2582 ι)
2464 2530 2771 2600 πράγματα
2799 2526 2994 2595 ἄγουσι
3025 2524 3121 2577 καὶ
3146 2521 3432 2594 φέρουσιν,
3467 2517 3541 2580 ὡς
3577 2515 3672 2569 καὶ
3697 2514 3750 2567 οἱ

2165 2626 2262 2679 σῑδν
2294 2622 2372 2694 τῷ
2412 2620 2614 2692 Παύλῳ
2646 2616 3017 2689 ἐκδημοῦντες
3042 2631 3057 2645 ο
3091 2611 3237 2666 οὕτω
3283 2610 3342 2664 δὲ
3369 2606 3515 2663 κατά
3557 2604 3755 2677 προαί-

2168 2734 2317 2790 ρεσιν
2338 2715 2628 2786 ἔπραττον,
2650 2711 2734 2765 ὅτι
2764 2708 2968 2770 εὐθέως
2995 2701 3308 2774 ἐπιτηδείου
3337 2698 3596 2770 τυχόντες
3624 2694 3755 2790 ἀνέ-

468 2826 529 2866 ee
588 2819 785 2877 tenere,
845 2825 1035 2866 eorum
1085 2811 1523 2868 incredulitatem
1590 2829 1825 2885 arguens
1864 2814 2061 2871 Paulus

2168 2788 2268 2880 μου
2301 2807 2520 2879 ἔχαιρον
2551 2802 2695 2858 κατὰ
2722 2802 2783 2856 τὸ
2818 2800 2982 2874 ῥητόν
3007 2815 3022 2830 ·
3061 2796 3207 2869 φησι
3244 2793 3378 2864 γὰρ,
3423 2788 3758 2843 ’Υποπνεύ-

474 2902 602 2956 dicit
657 2919 672 2956 :
720 2901 1004 2972 Oportebat
1051 2904 1287 2975 quidem,
1317 2920 1347 2959 o
1400 2906 1519 2972 viri,
1578 2907 1760 2961 audito
1819 2922 1920 2972 me,
1960 2923 2061 2962 non

2166 2916 2391 2966 σαντος
2444 2896 2514 2951 δὲ
2551 2897 2756 2963 νότου,
2804 2893 3096 2958 δόξαντες
3139 2885 3252 2955 τῆς
3281 2885 3755 2975 προθέσεως-κε-

476 2995 678 3051 solvere
704 3012 735 3050 a
767 2995 943 3053 Creta.
1063 2973 1073 2975 ί

2167 2991 2560 3062 sparum-Erat,
2591 2982 2667 3042 ὧν
2708 2987 2771 3040 τὸ
2800 2984 3026 3048 ἀπειθὲς
3075 2978 3423 3050 κατελέγχων
3473 2977 3502 3030 ὁ
3544 2973 3757 3037 Παῦλος

2169 3102 2333 3155 φησιν
2352 3101 2364 3113 ·
2398 3082 2563 3137 Ἔδει
2586 3080 2723 3151 μὲν,
2745 3090 2773 3130 ει
2799 3076 3035 3145 ἄνδρες,
3078 3066 3605 3142 πειθαρχήσαντάς
3630 3083 3753 3137 μοι,

2091 3195 2135 3253 ο
2161 3176 2249 3248 μὴ
2280 3176 2613 3245 ἀνάγεσθαι
2646 3173 2763 3228 ἀπὸ
2791 3169 2903 3239 τῆς
2932 3168 3195 3238 Κρήτης.

548 3254 821 3312 Vens.l5.
870 3275 892 3310 ι
936 3255 1182 3328 Cumque
1225 3266 1443 3329 arrepta
1476 3268 1617 3315 esset
1653 3260 1826 3327 navis,
1869 3269 2061 3315 etnon

477 3358 661 3415 posset
701 3345 947 3415 aspicere
977 3356 1169 3402 contra
1205 3357 1424 3402 ventum
1444 3388 1460 3415 ,
1497 3348 1623 3404 data
1653 3362 1791 3403 nave
1822 3348 2058 3417 ﬂatibus,

477 3435 807 3490 ferebamur.
835 3453 855 3487 ι

546 3526 781 3598 Cumque
827 3537 1040 3600 arrepta
1062 3537 1193 3584 esset
1220 3529 1388 3594 navis,
1420 3538 1468 3583 et
1510 3544 1613 3583 non
1642 3539 1812 3597 posset
1839 3530 2070 3599 aspicere

479 3629 667 3672 contra
692 3628 927 3675 ventum.
966 3618 1081 3675 Non
1113 3628 1332 3689 oportet
1362 3620 1417 3673 in
1449 3618 1750 3689 Scripturis
1778 3620 2066 3675 verborum

481 3712 872 3781 proprietatem
901 3712 1185 3783 requirere
1218 3727 1232 3764 :
1256 3710 1532 3780 quomodo
1554 3710 1699 3764 enim
1730 3710 1950 3780 proprie
1974 3725 2070 3781 po-

486 3809 591 3855 test
618 3802 869 3871 usurpari
901 3803 968 3857 de
995 3802 1116 3856 navi
1153 3817 1255 3857 vox
1285 3802 1519 3870 aspicere
1546 3812 1732 3856 contra
1754 3839 1769 3864 ,
1809 3814 1932 3870 quae
1967 3800 2067 3855 lto-

480 3893 611 3947 inini
641 3892 936 3948 convenit?

554 3983 717 4040 Vens.
741 3985 832 4039 24.
880 4003 900 4037 ι
936 3985 1004 4039 Et
1034 3998 1164 4041 ecce
1193 3984 1417 4040 donavit
1450 3984 1546 4039 tibi
1574 3983 1715 4041 Deus
1749 3999 1940 4043 omnes
1969 3987 2060 4056 qui

480 4077 738 4145 navigant
768 4086 967 4131 tecum.
995 4095 1014 4129 ι

553 4168 776 4223 Donavit
811 4171 905 4224 tibi
941 4171 1080 4227 Deus
1114 4188 1313 4228 omnes.
1354 4173 1506 4231 Unde
1538 4171 1735 4227 falsum
1763 4170 1906 4241 quod
1937 4169 2071 4225 dicit

484 4259 752 4316 Homerus
786 4279 800 4316 :

487 4370 539 4426 Ν
546 4374 711 4427 ultum
740 4376 1003 4429 hominem
1031 4378 1148 4431 dico
1179 4393 1328 4448 posse
1359 4378 1474 4448 fata
1496 4377 1744 4447 eﬂ’ugere,

2249 3292 2269 3325 ι
2306 3266 2792 3342 Συναρπασθέντος
2824 3265 2883 3318 δὲ
2919 3261 3015 3317 τοῦ
3050 3258 3265 3323 πλοίου,
3298 3257 3394 3312 καὶ
3425 3254 3501 3327 μὴ
3524 3252 3756 3323 δυναμέ-

2170 3381 2264 3418 νου
2296 3357 2802 3431 ἀντοφθαλμεῖντῷ
2828 3355 3039 3427 ἀνέμῳ,
3075 3351 3349 3415 ἐπιδόντες
3371 3345 3703 3420 ἐφερόμεθα.
3731 3362 3750 3395 ι

2243 3537 2794 3609 Συναρπασθέντος
2822 3533 2892 3589 δὲ
2923 3532 3033 3589 τοῦ
3059 3530 3301 3595 πλοίου,
3340 3525 3439 3581 καὶ
3457 3524 3545 3596 μὴ
3575 3521 3758 3575 δυνα-

2165 3632 2358 3703 μένου
2395 3627 2843 3701 ἀντοφθαλμεῖν
2886 3624 2968 3690 τῷ
3001 3623 3235 3694 ἀνέμῳ·
3272 3620 3414 3673 ὥστε
3439 3616 3501 3669 ού
3536 3614 3618 3668 δεῖ
3661 3630 3759 3667 κυ-

2174 3723 2474 3796 ριολεκτεῖν
2515 3721 2770 3775 ἀπαιτεῖν
2798 3718 2901 3787 τὴν
2931 3715 3156 3788 Γραφήν
3182 3729 3196 3744 ⁸
3233 3711 3356 3766 ἐπεὶ
3387 3709 3506 3772 πῶς
3531 3706 3758 3761 δύναται

2171 3816 2376 3887 κυρίως
2418 3814 2512 3867 έπὶ
2534 3812 2723 3869 πλοίου
2745 3811 2931 3866 λαϐεῖν
2974 3809 3075 3879 τὴν
3103 3806 3250 3871 λέξιν
3280 3803 3373 3858 τοῦ
3408 3800 3759 3869 ἀντοφθαλ-

2171 3906 2327 3972 ιιεῒν,
2355 3907 2490 3961 ὅπου
2517 3905 2610 3958 ἐπὶ
2638 3902 2927 3976 ἀνθρώπου
2961 3898 3223 3972 ἀρμόζεις

2248 4014 2267 4047 ι
2314 3995 2424 4048 Καὶ
2477 3994 2586 4047 ἱδοὺ
2638 3989 2963 4063 κεχάρισταὶ
3020 4004 3105 4041 σοι
3146 3987 3175 4039 ὁ
3218 3982 3351 4046 Θεὸς
3391 3979 3600 4041 πάντας
3628 3976 3760 4038 τοὺς

2173 4088 2438 4150 πλέοντας
2469 4086 2607 4155 μετά
2639 4084 2758 4138 σοῦ.
2801 4102 2819 4135 ι

2243 4176 2612 4246 Κεχάρισταί
2646 4190 2746 4228 σοι
2776 4174 2809 4226 ό
2842 4171 2987 4237 Θεὸς
3032 4166 3296 4232 πάντος’
3326 4162 3469 4216 ὣστε
3499 4155 3591 4215 οῦν
3622 4157 3760 4227 ψευ-

2172 4248 2264 4331 δὲς
2289 4267 2351 4320 τὸ
2376 4265 2672 4339 εἰρημένον
2698 4262 2776 4332 τῷ
2821 4261 3052 4331 Ὁμήρῳ
3076 4260 3125 4291 ⁸⁴

2173 4380 2403 4451 Μοῖραν
2428 4381 2482 4433 δ’
2519 4376 2729 4435 οὔτινά
2770 4392 2921 4445 φημι
2965 4370 3352 4442 πεφυγμένον
3378 4367 3625 4508 ἐῗιέἓεὲῗι
3657 4360 3765 4416 ἀν·-

3378 4506 3385 4508 μ
3529 4503 3550 4508 -
3598 4472 3615 4499 θ
3722 4499 3737 4508 .

3598 4472 3615 4499 ν

486 4505 669 4579 Neque
693 4508 910 4573 malum,
936 4525 1098 4580 neque
1120 4509 1336 4575 bonum,
1368 4526 1462 4566 nec
1490 4511 1535 4564 si
1563 4524 1629 4563 eo:
1643 4506 1962 4578 primoribus
1978 4511 2061 4565 sit.

2181 4523 2263 4577 Οὐ
2296 4520 2508 4584 κακὸν,
2538 4514 2685 4571 οὐδὲ
2710 4514 2824 4585 μὲν
2850 4513 3104 4577 ἐσθλὸν,
3130 4508 3291 4577 ἐπὴν
3328 4499 3636 4591 τὰῖζέρῷτα
3669 4499 3765 4571 τέ-

485 4668 637 4735 Quod
667 4668 931 4739 signiﬁcat
961 4686 1066 4727 non
1093 4685 1217 4727 esse
1239 4672 1498 4740 possibile
1521 4671 1895 4725 necessitatem
1924 4687 2070 4728 mor-

489 4762 556 4814 tis
574 4758 830 4831 etl‘ugere,
846 4777 964 4831 quae
977 4762 1203 4825 homini,
1218 4777 1340 4815 cum
1364 4759 1626 4825 nascitur,
1642 4769 1868 4816 mortem
1887 4762 2070 4819 deter-

487 4853 690 4919 minat;
755 4870 883 4911 ecce
909 4854 1078 4918 enim,
1106 4851 1226 4905 sine
1249 4848 1436 4915 Paulo,
1462 4866 1650 4908 omnes
1680 4851 1818 4906 mori
1846 4852 2068 4909 habuis-

488 4952 631 5010 sent,
680 4944 945 5014 siquidem
975 4944 1115 4998 Deus
1140 4942 1306 4995 vitam
1326 4944 1406 4997 eis
1424 4941 1608 4996 tribuit
1637 4951 1882 5012 respectu
1901 4943 2066 5013 justi;

489 5036 704 5103 deinde,
744 5036 793 5092 si
825 5034 936 5089 tato
965 5032 1153 5087 fuisset
1178 5032 1451 5087 decretura
1479 5048 1668 5090 omnes
1694 5038 1816 5089 esse
1839 5036 2068 5090 moritu-

488 5143 603 5192 ros.
626 5138 798 5191 certe,
817 5135 878 5181 ut
903 5124 1138 5189 videtur,
1170 5134 1416 5181 mortuus
1438 5125 1648 5193 fuisset,
1674 5125 1790 5196 ipse
1817 5137 2075 5197 quatuor-

492 5219 668 5273 decim
705 5219 821 5272 dies
852 5230 958 5270 non
983 5216 1315 5272 manducans
1336 5227 1386 5272 et
1406 5225 1594 5287 postea
1625 5216 1922 5289 naufragus
1948 5236 1961 5272 :
1987 5217 2072 5274 di-

368 5310 383 5325 ’
494 5309 728 5365 citenim
765 5310 992 5363 mendax
1023 5324 1225 5378 sermo,

840 5484 960 5541 Non
991 5490 1207 5557 malum,
1241 5507 1332 5546 nec
1360 5494 1520 5548 etiam
1550 5496 1783 5556 bonum;

484 5592 722 5649 ,ncccssc
753 5581 911 5649 igitur
936 5594 1051 5638 erat
1084 5596 1138 5638 et
1167 5585 1336 5640 bonos
1362 5595 1418 5640 et
1442 5587 1630 5652 malos,
1663 5590 1896 5645 evidenti
1925 5605 2068 5646 mor-

563 5726 587 5810 ξ’
700 5732 774 5810 (Σ.-
798 5737 1130 5810 ἀγαγούσης.
1212 5750 1239 5789 P
1272 5738 1340 5810 (ἶ1
1373 5735 1446 5810 (ἶ.Δ
1467 5737 1690 5810 έαυτῆς.
1719 5809 1724 5810 ν
1768 5739 1881 5810 ‘tC.
1912 5740 1974 5800 C.
2005 5734 2069 5798 ὧ.

527 5801 735 5870 Παῦλος
755 5801 1104 5863 ἀπολέσθαπ-
1152 5811 1170 5847 ί
1217 5810 1277 5863 (3.
1303 5808 1362 5861 (Σ.
1397 5801 1683 5878 ούδέμενον
1708 5809 1845 5881 (sic).

3448 4574 3545 4647 [νη
3554 4588 3664 4626 ται.

2253 4684 2319 4736 Ὃ
2354 4679 2609 4751 σημαίνει
2641 4678 2723 4732 ὅτι
2750 4676 3015 4731 ἀδύνατον
3039 4673 3306 4741 ἐκφυγεῖν
3336 4667 3435 4739 τὴν
3464 4664 3559 4718 τοῦ
3589 4662 3763 4716 θανά-

2173 4792 2267 4829 του
2317 4771 2664 4845 εἱμαρμένην
2713 4769 2830 4839 ἀμα
2875 4771 2943 4839 τῇ
2999 4766 3255 4836 γεννήσει
3303 4758 3565 4833 ὁριζούσῃ
3605 4765 3630 4795 ι’
3664 4753 3761 4807 τοῦ

2174 4864 2468 4936 ἀνθρώπου
2496 4865 2589 4916 τδν
2626 4861 2858 4916 Θάνατον
2879 4877 2893 4890 ’
2930 4857 3042 4912 ἰδοὺ
3072 4857 3184 4927 γὰρ
3216 4856 3265 4907 ει
3304 4855 3379 4923 μὴ
3427 4851 3520 4903 διὰ
3550 4846 3762 4903 Παῦλον

2175 4960 2378 5022 πάντες
2426 4952 2572 5028 εἶχον
2615 4958 2664 5010 οἱ
2707 4958 2765 5009 έν
2803 4952 2882 5024 τῷ
2924 4950 3098 5021 πλοίῳ
3130 4946 3455 5010 ἀπολέσθαι,
3490 4942 3583 4997 τοῦ
3621 4941 3762 4995 θεοῦ

2173 5049 2335 5103 τοῦτο
2368 5047 2759 5119 δωρησαμένου
2788 5044 2970 5105 αὐτοῖς
2996 5044 3134 5111 τιμῇ
3161 5039 3254 5093 τοῦ
3284 5037 3495 5091 δικαίου
3513 5051 3527 5065 ⁸
3564 5035 3763 5087 ἔπειτα

2173 5138 2230 5193 δὲ
2262 5140 2312 5192 εἱ
2344 5138 2578 5209 εἵμαρτο
2608 5136 2820 5198 πάντας
2850 5133 3152 5188 ἀπολέσθαι
3177 5142 3221 5194 ε,
3249 5130 3372 5183 ὅσον
3394 5131 3459 5180 ὲκ
3480 5125 3587 5180 τῶν
3617 5124 3766 5178 εἰκό-

2173 5246 2304 5294 των,
2328 5230 2386 5282 ὲν
2417 5228 2647 5296 πελάγει
2670 5226 2856 5289 ἀσιτος
2885 5225 3075 5294 μείνας
3106 5220 3517 5290 δεκατέσσαρας
3547 5216 3761 5287 ἡμέρας

2174 5319 2233 5371 έν
2261 5318 2340 5389 τῷ
2376 5318 2551 5389 πλοίῳ
2575 5359 2591 5385 ,
2637 5318 2736 5373 καὶ
2781 5317 3008 5387 ὓστερον
3047 5314 3365 5383 ναυαγήσας
3388 5328 3400 5341 ·
3446 5306 3567 5365 εἶπε
3591 5310 3704 5380 γὰρ
3733 5315 3766 5363 ὸ

2177 5411 2377 5481 ψευδὴς
2410 5411 2569 5479 λόγος
2591 5451 2606 5477 ,

2323 5503 2406 5557 Οὐ
2438 5502 2649 5566 κακὸν,
2684 5501 2827 5555 οὐδὲ
2851 5499 2999 5569 μὲν1
3028 5498 3256 5551 ἐσθλόν
3277 5512 3288 5524 ’

2174 5592 2282 5647 ἔδει
2320 5593 2431 5665 γὰρ
2480 5593 2575 5646 καὶ
2621 5593 2748 5656 τοὺς
2793 5593 2993 5655 καλοὺς
3044 5591 3136 5644 καὶ
3181 5590 3308 5651 τοὺς
3342 5588 3546 5650 κακοὺς
3580 5586 3638 5639 έν
3681 5585 3765 5639 ἑνὶ

2153 5753 2173 5780 ι’
2203 5744 2262 5799 C.
2288 5744 2349 5799 C.
2381 5744 2657 5817 ὁρίζουσα.
2729 5755 2748 5783 ⁸
2787 5743 2846 5798 C.
2877 5743 2939 5799 ϐ.
2975 5742 3278 5796 ἀπολέσθαι
3314 5737 3459 5811 εἶχεν
3496 5737 3561 5792 ἂν
3595 5737 3696 5792 καὶ
3732 5739 3761 5789 ὁ
