4064 6390
304 325 440 391 1601

1232 318 1695 381 FRAGMENTA
1736 316 1814 377 IN
1852 270 2042 375 ACTA
2074 313 2655 380 APOSTOLORUM.

3433 329 3568 394 1602

300 437 569 499 πεσόντας
617 434 870 505 πτώματι
924 430 1299 502 ἀναμφίϐολον
1356 430 1575 501 φέροντι
1626 427 1878 492 θάνατον,

1988 425 2056 480 tis
2101 426 2340 491 periculo
2389 443 2494 481 una
2541 430 2830 496 obnoxios,
2888 447 2991 487 una
3047 436 3215 500 mori;
3269 453 3300 490 e
3352 453 3567 505 contra,

299 528 597 583 ἀποθανεῖν
621 544 632 558 ·
667 526 803 578 άλλά
853 524 911 577 τὸ
944 523 1185 577 ἐναντίον
1218 519 1430 591 εἷπενή
1480 519 1695 591 Γραφῆ,
1741 519 1822 572 ὅτι
1852 520 1881 572 6

293 621 511 682 δίκαιος
539 617 777 682 ἐσώζετο
810 615 870 681 ἐξ
908 615 1337 686 ὡμολογημένον
1387 612 1657 673 κινδύνου,
1702 610 1880 664 καίτοι

296 709 524 763 πάντων
563 709 674 762 τῶν
700 710 757 760 ὲν
783 706 934 777 αὐτῷ
962 705 1423 777 ἀποθνησκόντων
1450 720 1465 733 ·
1498 702 1642 756 οὕτω
1674 702 1783 773 γὰρ
1812 696 1881 771 ἦν

294 799 377 870 τῷ
407 797 530 869 Θεῷ
571 797 729 863 δόξαν
756 797 1013 851 ἀπελθεῖν
1053 796 1219 850 αὑτὸν
1249 797 1308 849 ὲν
1354 794 1547 866 Ῥώμῃ
1574 809 1589 823 °
1623 793 1720 847 καὶ
1750 791 1881 861 ἡδύ-

292 907 431 945 νατο
463 892 560 962 μὲν
584 893 613 944 6
641 891 775 953 Θεὸς
804 891 897 943 καὶ
928 890 1186 961 ἀρπάσας
1214 900 1241 928 ιι
1272 886 1381 941 ἀπὸ
1425 885 1788 956 Ἰερουσαλὴμ
1812 884 1881 937 δι’

293 982 537 1051 ἀγγέλου
580 982 778 1052 στῆσαι
810 982 867 1034 ἐν
921 978 1146 1051 Ῥώμῃ,
1182 976 1367 1042 καθὼς
1418 976 1513 1030 τὸν
1555 975 1882 1047 Ἀμϐακοῦμ

291 1074 354 1142 ἐξ
401 1072 666 1136 Ἰουδαίας
698 1072 957 1144 ἀρπάσας
999 1071 1351 1141 παρέστησεν
1402 1071 1460 1121 ὲν
1491 1068 1770 1121 Βαϐυλῶνι
1804 1067 1882 1138 τῷ

290 1168 486 1235 λάκκῳ
536 1163 631 1217 τοῦ
681 1163 884 1233 Δανιήλ
911 1179 924 1194 ·
985 1162 1102 1216 ἀλλ’
1143 1162 1244 1215 ούκ
1287 1160 1548 1230 ἐποίησε·
1584 1158 1679 1211 καὶ
1724 1157 1883 1212 τοῦτο

290 1254 746 1325 θαυματουργίας
768 1262 795 1292 ν
824 1254 985 1323 ἔργον
1010 1250 1151 1306 εἶναι
1171 1250 1371 1317 δείξας,
1398 1249 1459 1302 τὸ
1482 1249 1540 1315 ἐξ
1560 1248 1881 1301 ἀνελπίστου

291 1347 544 1400 κινδύνου
579 1347 749 1398 σῶσαι
776 1345 869 1399 τὸν
902 1344 1111 1399 Παῦλον
1141 1344 1233 1397 καὶ
1259 1343 1387 1405 τοὺς
1417 1343 1515 1395 σὺν
1538 1338 1687 1411 αύτῷ
1713 1355 1727 1373 ·
1754 1340 1884 1410 ἐχα-

292 1438 491 1508 ρίσατο
536 1438 594 1491 δὲ
648 1437 747 1500 τὰς
797 1437 897 1507 μὲν
943 1434 1123 1506 ψυχὰς
1158 1434 1236 1505 τῷ
1274 1432 1472 1503 Παύλῳ
1510 1430 1883 1504 (φιλόστοργος

291 1531 403 1601 γάρ
436 1526 509 1601 ἦν
558 1530 652 1584 καὶ
697 1527 1046 1601 φιλάδελφος)
1073 1545 1085 1557 ·
1122 1528 1183 1580 τὸ
1208 1526 1265 1580 δὲ
1311 1525 1497 1580 πλοῖον
1526 1525 1623 1579 καὶ
1663 1523 1733 1578 τὰ
1787 1525 1884 1578 σὺν

290 1621 470 1692 αὐτῷ,
496 1620 572 1686 ὡς
614 1621 690 1692 μὴ
721 1618 1174 1690 ἀντιποιουμένου
1205 1618 1301 1671 τοῦ
1334 1615 1625 1687 θεοφιλοῦς
1654 1615 1764 1668 τῶν
1792 1613 1884 1667 ἐπὶ

288 1712 417 1780 γῆς,
447 1709 586 1780 μηδὲ
615 1708 928 1780 ἀχθομένου
965 1708 1060 1761 ἐπὶ
1092 1710 1160 1779 τῇ
1202 1706 1415 1760 τούτων
1450 1704 1702 1775 ἀπωλείᾳ
1725 1721 1739 1735 ·
1781 1697 1885 1758 ὦδε

1986 526 2185 580 tamen,
2237 517 2369 572 dicit
2397 518 2673 589 Scriptura
2722 523 2925 591 justum
2964 541 3030 579 ex
3066 528 3298 581 evidenti
3332 531 3571 597 peniculo

1981 623 2103 663 esse
2131 608 2395 663 salvatum
2421 650 2436 674 ,
2493 614 2744 680 quamvis
2776 630 2965 670 oumcs
3003 617 3052 670 iu
3083 633 3149 672 eo
3180 630 3564 685 morerentur;

1982 701 2062 756 sic
2110 701 2282 755 visunt
2334 701 2443 756 Deo
2490 703 2667 759 fuerat
2707 721 2830 760 eum
2864 706 3091 762 Ruinam
3117 709 3229 774 ire;
3268 721 3319 763 et
3354 720 3569 777 poterat

1985 791 2158 857 Deus,
2213 793 2450 862 eripiens
2500 810 2629 861 eum
2681 812 2747 851 ex
2794 796 3119 863 Jerusalem,
3174 815 3274 871 per
3316 803 3568 871 angelum

1982 883 2169 938 Romae
2199 893 2474 951 statuere,
2525 888 2980 956 quemadmodum
3009 890 3265 946 Habacuc
3299 892 3353 946 in
3381 892 3567 947 .lutlaaa

1981 988 2285 1041 assumens,
2330 975 2600 1047 Babylone
2644 979 2708 1032 ad
2749 980 2923 1034 lacum
2961 981 3194 1037 Danielis
3248 984 3565 1040 constituit:

1986 1064 2088 1120 hoc
2108 1077 2293 1120 autem
2328 1083 2434 1122 non
2464 1067 2634 1136 fecit;
2673 1072 2768 1125 sed
2794 1080 2974 1126 tamen
3006 1074 3245 1127 ostendit
3280 1075 3569 1129 miraculo-

1983 1171 2102 1211 sutn
2126 1172 2247 1213 esse
2270 1158 2496 1226 factum,
2517 1160 2743 1216 Paulum
2768 1179 2891 1217 cum
2914 1164 3081 1219 sociis
3101 1166 3309 1219 salvum
3330 1164 3566 1235 faciens;

1982 1249 2143 1319 eique
2189 1251 2397 1306 animas
2435 1267 2622 1307 eorum
2666 1253 2906 1319 donavit,
2944 1270 3008 1310 eo
3053 1257 3199 1325 quod
3247 1258 3567 1313 cliaritatem

1988 1334 2039 1387 in
2069 1334 2263 1390 fratres
2297 1338 2544 1406 haberet,
2579 1354 2683 1393 nou
2712 1352 2894 1396 autem
2930 1344 3114 1396 navim
3150 1358 3249 1397 nec
3278 1360 3398 1412 quse
3424 1346 3476 1400 iu
3504 1362 3567 1401 ea

1984 1429 2301 1496 erant,quia
2332 1428 2417 1482 vir
2447 1430 2566 1498 pius
2596 1446 2701 1484 non
2731 1434 2907 1504 magni
2938 1433 3069 1488 facit
3090 1444 3331 1501 terrena,
3358 1451 3571 1492 necco-

1988 1533 2106 1572 rum
2137 1520 2351 1587 jactura
2401 1524 2780 1578 contristatur.
2839 1524 2936 1579 llic
2974 1526 3139 1595 igitur
3174 1538 3393 1596 propter
3421 1529 3566 1597 pium

1988 1610 2173 1664 vivunt
2199 1611 2390 1682 impii;
2441 1615 2733 1684 aliquando
2773 1631 2899 1671 vero
2944 1633 2974 1671 e
3020 1619 3299 1674 contrario
3327 1621 3563 1687 accidit,

1989 1717 2086 1772 pro
2111 1718 2207 1758 sua
2235 1707 2380 1760 enim
2411 1708 2771 1775 perversitate
2806 1719 2929 1763 ante
2958 1720 3172 1779 tempus
3205 1713 3439 1766 moritur
3464 1715 3570 1766 iui-

287 1797 385 1856 οὗν
413 1801 507 1855 διὰ
539 1801 632 1856 τὸν
657 1801 869 1856 δίκαιον
897 1814 924 1842 ι
963 1799 1134 1864 ζῶσιν
1163 1801 1211 1852 oi
1244 1797 1465 1861 ἀσεϐεῖς
1491 1812 1507 1828 ⁶
1551 1797 1670 1850 ἔστι
1708 1796 1765 1849 δὲ
1792 1797 1882 1850 ὅτε

1988 1793 2104 1862 pius
2126 1834 2142 1858 ,
2200 1795 2280 1849 sic
2306 1797 2534 1866 jubeute
2563 1798 2705 1865 Deo,
2743 1799 2886 1854 sicut
2912 1801 2989 1854 ait
3019 1802 3372 1858 Ecclesiastes
3421 1821 3435 1859 :
3486 1805 3570 1859 Ne

287 1893 350 1946 τὸ
384 1894 635 1947 ἐναντίον
656 1908 670 1924 °
707 1893 803 1946 καὶ
833 1893 940 1964 πρὸ
988 1892 1137 1962 ὥρας
1163 1891 1192 1943 6
1231 1891 1435 1958 ἀσεϐὴς
1463 1888 1761 1943 ἀπόλλυται
1790 1888 1881 1942 διά

286 1984 390 2055 τὴν
416 1983 617 2038 ἑαυτοῦ
650 1984 852 2039 κακίαν
878 2000 893 2016 ο
920 1982 1015 2036 τοῦ
1061 1978 1197 2036 Θεοῦ
1224 1980 1397 2045 οὕτως
1426 1980 1590 2035 πάλιν
1618 1979 1879 2051 βουλομέ-

287 2093 405 2141 νου,
441 2073 629 2138 καθὼς
676 2077 704 2128 6
747 2074 1182 2145 Ἐκκλησιαστής
1229 2089 1398 2144 φησι,
1429 2073 1526 2140 Μὴ
1565 2070 1882 2139 ἀσεϐήσῃς

287 2165 482 2229 πολὺ,
517 2164 673 2234 μηδὲ
702 2165 876 2234 γίνου
911 2164 1211 2232 σκληρὸς,
1236 2165 1336 2217 ἵνα
1360 2162 1440 2231 μὴ
1472 2160 1782 2230 ἀποθάνῃς
1812 2162 1883 2216 ἐν

287 2259 363 2313 σὺ
393 2256 582 2326 καιρῷ
611 2272 729 2311 σου
750 2275 766 2291 ·
791 2256 1037 2311 πιστεύω
1067 2256 1178 2327 γὰρ
1207 2256 1286 2327 τῷ
1317 2254 1438 2326 Θεῷ
1466 2256 1548 2308 ὅτι
1580 2253 1757 2317 οὕτως
1791 2254 1882 2306 έσ-

288 2364 382 2404 ται
410 2366 425 2380 '
465 2350 646 2404 πάντα
685 2348 785 2419 μὲν
827 2347 1033 2402 δυνατά
1063 2346 1140 2417 τῷ
1168 2345 1482 2400 πιστεύοντι
1505 2360 1521 2373 ·
1553 2344 1695 2414 πλὴν
1731 2339 1885 2406 οὗτος

1985 1883 2146 1951 impie
2171 1900 2323 1954 agas,
2361 1903 2452 1940 nec
2483 1903 2762 1956 perversus
2788 1888 2912 1957 ﬁas,
2950 1907 3014 1945 ne
3044 1904 3163 1946 ante
3193 1904 3394 1959 tempus
3421 1904 3570 1950 tuum

1983 1975 2229 2029 moriaris
2254 1975 2318 2030 η.
2370 1977 2481 2033 Deo
2543 1989 2721 2034 autem
2762 1983 2927 2036 credo
2980 1982 3094 2038 [uec
3144 1985 3216 2038 ita
3267 1986 3404 2041 fieri.
3442 1986 3572 2042 Om-

1982 2068 2072 2121 nia
2100 2070 2315 2138 quidem
2339 2071 2609 2138 possibilia
2630 2082 2755 2127 sunt
2784 2076 3059 2143 credenti;
3084 2086 3320 2132 attamen
3355 2080 3442 2133 ille
3473 2096 3572 2136 nec

1983 2174 2080 2228 per
2106 2160 2262 2215 fidem
2305 2176 2405 2216 nec
2440 2177 2535 2230 per
2563 2165 2836 2220 orationes
2880 2181 3098 2222 suorum
3125 2170 3393 2224 sociorum
3422 2171 3571 2227 salu-

1988 2261 2095 2306 tem
2130 2252 2470 2320 impetravit,
2522 2256 2615 2309 sed
2671 2257 2798 2326 quia
2846 2259 3075 2314 credidit
3127 2276 3189 2314 ea
3238 2262 3413 2315 futura
3448 2280 3572 2319 esse

1987 2357 2107 2411 qua:
2133 2344 2234 2397 sibi
2270 2344 2410 2399 dicta
2438 2354 2613 2401 erant.

287 2442 354 2495 οὐ
383 2442 478 2495 διὰ
522 2443 762 2505 πίστεως
807 2442 902 2495 καὶ
933 2440 1099 2512 εὐχῆς
1133 2441 1298 2511 ἧνυσε
1329 2439 1430 2509 τὴν
1464 2436 1741 2508 σωτηρίαν
1770 2434 1878 2489 τῶν
1916 2434 2309 2505 συμπλεόντων
2332 2473 2349 2503 ,
2391 2436 2529 2490 ἀλλά
2597 2439 2901 2505 πιστεύσας
2963 2443 3043 2496 ὅτι
3080 2442 3254 2508 οὕτως
3288 2444 3466 2512 ἔσται,
3497 2446 3574 2508 ὡς

288 2538 537 2610 ἀλαλήθη
569 2536 738 2608 αὐτῷ.

368 2649 390 2683 ι
426 2625 597 2683 Εἶπεν
627 2632 655 2682 6
692 2628 904 2691 Παῦλος
932 2627 1011 2699 τῷ
1038 2627 1413 2698 ἑκατοντάρχῃ
1442 2625 1538 2679 καὶ
1566 2627 1681 2689 τοῖς
1713 2643 1883 2697 στρα-

288 2721 550 2783 τιώταις’
579 2720 707 2773 Ἐὰν
740 2718 816 2789 μὴ
842 2714 989 2773 οὗτοι
1030 2719 1289 2788 μείνωσιν
1311 2719 1369 2772 ὲν
1402 2718 1481 2789 τῷ
1502 2717 1691 2787 πλοίῳ,
1725 2718 1887 2788 ὑμεῖς

290 2811 619 2881 σωθῆναιού
648 2808 1115 2863 δύνασθε.-Τότε
1141 2809 1428 2878 ἀπέκοψαν
1458 2809 1508 2862 οί
1548 2809 1884 2879 στρατιῶται

289 2900 362 2955 τὰ
393 2899 608 2970 σχοινία
645 2898 749 2969 τῆς
784 2899 1001 2968 σκάφης
1026 2936 1043 2963 ,
1073 2899 1171 2951 καὶ
1204 2898 1397 2951 είασαν
1426 2899 1703 2952 ἐκπεσεῖν.
1750 2916 1769 2949 ι

363 2996 501 3049 Ὅτε
543 2990 682 3047 εἶδον
707 2994 850 3064 ὄτιή
893 2992 1120 3047 ἀϐουλία
1170 2991 1352 3046 αὐτῶν
1391 2991 1651 3062 ἐποίησεν
1682 2990 1883 3055 αὐτοὺς

2071 2625 2235 2683 Vens.
2261 2627 2352 2694 51,
2379 2628 2470 2684 3‘2.
2536 2649 2554 2683 ι
2596 2630 2743 2686 Dixit
2771 2631 2974 2689 Paulus
3012 2635 3313 2689 centurioni
3348 2646 3399 2690 et
3433 2638 3574 2691 mili-

1987 2716 2131 2771 tibus
2181 2734 2195 2771 :
2247 2716 2361 2772 Nisi
2410 2720 2463 2772 Ιιί
2520 2718 2574 2773 in
2621 2724 2747 2774 navi
2790 2725 3118 2786 manserint,
3160 2739 3254 2778 vos
3293 2727 3422 2778 Salvi
3458 2726 3574 2780 ﬁeri

1988 2822 2093 2862 non
2120 2809 2367 2878 potestis.
2388 2808 2627 2866 —'l‘uuc
2669 2812 3023 2867 absciderunt
3055 2815 3253 2869 milites
3282 2815 3438 2871 funes
3460 2832 3577 2872 sca-

1984 2898 2127 2967 pbze,
2166 2908 2217 2951 et
2248 2900 2389 2967 passi
2423 2911 2549 2954 sunt
2580 2916 2698 2955 eam
2724 2904 2991 2958 excidere.
3016 2922 3036 2955 ι

2055 2988 2349 3059 Postquam
2374 2993 2625 3047 viderunt
2646 3008 2740 3047 sua
2772 2994 2907 3048 mala
2937 2996 3211 3049 voluntate
3243 3011 3303 3051 se
3344 2997 3394 3050 in
3431 2996 3573 3067 peri-

292 3085 661 3153 κινδυνεῦσαι,
687 3085 808 3138 τότε
841 3084 1082 3155 ἤρξαντο
1113 3082 1190 3154 τῷ
1223 3082 1425 3154 Παύλῳ
1461 3081 1776 3147 πείθεσθαι,
1804 3081 1881 3145 ὡς

1988 3079 2163 3134 Culum
2200 3082 2480 3147 incidisse,
2520 3093 2647 3137 tunc
2680 3081 2846 3137 Paulo
2876 3096 3160 3152 creperum
3187 3088 3435 3151 credere,
3468 3089 3571 3142 rati

292 3177 502 3249 μᾶλλον
543 3176 644 3247 τῆς
686 3175 945 3247 εὐκαίρου
1000 3174 1318 3245 συμϐουλῆς
1363 3175 1463 3245 τῆς
1509 3173 1663 3245 παρά
1723 3175 1881 3244 ἁγίου

289 3269 491 3341 ἀνδρὸς
519 3267 818 3339 γινομένης
840 3306 855 3332 ,
893 3266 1205 3338 δυναμένης
1242 3266 1439 3335 σῶσαι,
1472 3266 1504 3338 ἢ
1535 3267 1884 3339 εἱμαρμένης

290 3361 393 3432 τῆς
427 3362 488 3413 έν
518 3359 773 3430 κινδύνῳ,
809 3358 944 3428 μηδὲ
966 3357 1142 3428 ὄνομα
1176 3357 1408 3429 ἐχούσης
1430 3373 1444 3388 ·
1478 3359 1527 3411 εί
1558 3358 1668 3429 γάρ
1695 3360 1888 3430 εἱμαρ-

296 3451 436 3522 μένῃ
468 3450 750 3504 ἐπείθοντο
783 3451 1005 3513 ἐκεῖνοι,
1048 3449 1232 3502 καίτοι
1259 3448 1415 3512 ὄντες
1444 3448 1672 3515 ἐθνικοὶ,
1738 3466 1883 3518 παρ-

294 3543 504 3606 ιδόντες
533 3542 634 3612 τὴν
666 3538 763 3594 τοῦ
791 3537 1080 3602 θεοσεϐοῦς
1105 3538 1438 3609 συμϐουλὴν,
1469 3539 1598 3592 είων
1624 3537 1883 3594 ἀπελθεῖν

291 3636 422 3698 τοὺς
455 3633 662 3696 ναύτας
703 3632 956 3700 λέγοντες
978 3670 993 3696 ,
1028 3630 1113 3682 ὅτι
1136 3630 1254 3682 Οὐκ
1296 3627 1363 3683 ἂν
1393 3621 1541 3680 οὗτοι
1577 3626 1879 3692 ἀπέλθωσι,

294 3727 373 3800 μὴ
399 3727 546 3797 φέρῃ
575 3725 632 3778 δὲ
659 3725 807 3795 ἡμᾶς
833 3723 1128 3776 ἀποθανεῖν
1155 3720 1311 3774 οὐδὲν
1342 3718 1504 3773 τοῦτο
1533 3721 1699 3772 ποιεῖ.
1741 3717 1881 3771 Ἀλλ’

291 3819 395 3873 οὐκ
427 3813 586 3870 εἷπον
610 3814 734 3869 οὔτε
761 3813 1025 3884 ἐποίησαν
1058 3811 1120 3865 τὸ
1139 3810 1350 3881 ⁴ίκιλίθιον
1373 3809 1554 3875 τοῦτο,
1578 3810 1674 3863 καὶ
1700 3808 1882 3877 πάσης

291 3912 465 3982 γέμον
495 3905 850 3978 ψευδαπάτης
901 3905 999 3958 καὶ
1029 3902 1251 3971 ἀγνοίας
1292 3904 1374 3939 κ’·
1411 3901 1478 3954 δι’
1507 3900 1544 3954 δι
1573 3902 1636 3953 ὲκ
1670 3898 1882 3954 πολλῶν

293 3999 596 4073 ὲκϐλητέος
618 4001 646 4052 6
679 3997 810 4067 περὶ
837 3994 1186 4066 εἱμαρμένης
1214 3994 1248 4065 ἦ
1282 3993 1458 4064 τύχης
1487 3992 1668 4061 λόγος.

379 4123 400 4157 ι
424 4112 618 4168 Εἰπὼν
648 4111 703 4165 δὲ
733 4110 926 4174 ταῦτα,
963 4107 1060 4163 καὶ
1080 4108 1263 4161 λαϐὼν
1284 4106 1479 4179 ἄρτον,
1511 4103 1883 4176 εὐχαρίστησέ

293 4205 369 4276 τῷ
396 4204 525 4275 Θεῷ
554 4203 790 4257 ἐνώπιον
817 4201 1061 4269 πάντων,
1084 4200 1181 4254 καὶ
1202 4198 1407 4261 κλάσας
1430 4196 1634 4269 ἠρξατο
1656 4194 1879 4248 ἐσθίειν.

296 4296 542 4370 Εὖθυμοι
570 4295 629 4348 δὲ
668 4292 956 4364 γενόμενοι
1004 4293 1209 4355 πάντες
1231 4330 1248 4358 ,
1299 4290 1395 4344 καὶ
1424 4289 1583 4344 αὐτοὶ
1614 4284 1885 4358 προσελά-

291 4387 449 4444 ϐοντο
481 4386 717 4458 τροφῆς.
754 4404 773 4438 ι

362 4498 475 4553 Καὶ
505 4493 707 4551 λαϐὼν
741 4494 946 4564 ἄρτον,
990 4489 1495 4563 εὐχαριστήσαςγ
1515 4486 1594 4553 τῷ
1628 4483 1749 4553 Θεῷ
1787 4485 1884 4540 ἐν·
1918 4523 1963 4579 D

1990 3180 2351 3242 opportunam
2384 3174 2482 3226 viri
2504 3174 2641 3242 justi
2664 3174 2967 3229 orationem
2998 3176 3119 3244 plus
3137 3177 3319 3233 valere
3345 3179 3409 3231 ad
3428 3179 3573 3233 Suill-

1993 3272 2099 3318 tem
2131 3278 2284 3318 suam
2321 3280 2481 3334 quam
2518 3264 2685 3320 fatum
2714 3266 2965 3336 periculi,
2996 3268 3079 3321 cui
3116 3283 3214 3322 uec
3243 3284 3436 3323 nomen
3459 3279 3570 3335 est;

1991 3356 2035 3410 si
2059 3356 2200 3411 enim
2226 3355 2279 3409 in
2301 3355 2488 3420 fatum,
2509 3364 2691 3426 utpote
2709 3357 2953 3425 gentiles,
2969 3359 3342 3422 credidissent,
3371 3360 3576 3415 monito

1991 3446 2064 3514 pii
2095 3447 2196 3499 viri
2226 3455 2560 3514 contempto,
2594 3448 2854 3503 sivissent
2887 3458 3078 3504 nautas
3104 3449 3256 3505 abire
3286 3451 3531 3507 dicentes
3558 3469 3573 3506 :

1990 3535 2142 3602 Quod
2193 3537 2229 3590 ii
2272 3538 2503 3602 abeant,
2543 3540 2678 3595 nihil
2714 3541 2780 3594 ad
2817 3553 3058 3595 nostram
3086 3542 3317 3598 salutem
3343 3545 3572 3611 attinet;

1990 3640 2099 3680 non
2159 3635 2338 3679 autem
2400 3628 2472 3680 ita
2530 3629 2723 3682 stolide
2792 3629 2953 3684 locuti
3007 3641 3132 3685 sunt
3177 3643 3271 3686 aut
3321 3640 3572 3701 egerunt,

1991 3731 2089 3770 nec
2119 3716 2199 3770 sic
2233 3717 2438 3786 decepti
2486 3727 2770 3782 sunt,~nec
2796 3718 3099 3789 ignorantia
3149 3722 3345 3776 irretiti
3396 3734 3570 3781 sunt:

1988 3815 2044 3860 et
2078 3822 2143 3861 ex
2193 3808 2297 3862 hoc
2333 3822 2365 3863 a
2415 3808 2599 3863 multis
2638 3808 2929 3877 rejicienda
2976 3817 3062 3867 est
3087 3811 3153 3867 de
3190 3812 3304 3867 fato
3331 3821 3386 3868 et
3420 3823 3572 3869 sorte

1988 3914 2188 3969 opuuo.

2062 4099 2228 4156 Vsus.
2252 4099 2344 4166 '55,
2363 4099 2452 4155 56.
2500 4118 2518 4152 ι
2546 4098 2611 4154 Ει
2643 4116 2763 4155 cum
2798 4101 2913 4157 inec
2941 4101 3191 4165 dixisset,
3227 4117 3448 4159 sumens
3476 4119 3574 4174 pa-

1991 4209 2113 4249 nem
2148 4192 2349 4263 gratias
2378 4192 2488 4263 egit
2513 4191 2622 4247 Deo
2656 4192 2710 4247 in
2739 4206 3030 4261 conspectu
3055 4194 3299 4247 omnium
3330 4213 3345 4249 :
3370 4207 3570 4251 etcum

1990 4284 2241 4354 fregisset
2298 4284 2463 4352 ccepit
2515 4284 2860 4338 manducare.
2903 4284 3330 4356 Animaequiores
3393 4298 3571 4344 autem

1991 4376 2122 4432 facti
2151 4392 2364 4441 omnes,
2398 4385 2454 4432 et
2480 4376 2581 4447 ipsi
2612 4387 2967 4447 sumpserunt
2995 4380 3196 4434 cibum.
3228 4397 3250 4431 ι

2064 4485 2132 4539 Et
2181 4501 2300 4539 cum
2341 4485 2455 4541 ha'c
2491 4485 2743 4549 dixisset,
2794 4503 3004 4541 sumens
3027 4504 3214 4556 panem
3240 4490 3441 4558 gratias
3467 4490 3573 4560 egit

293 4589 485 4645 ώπιον
510 4588 754 4643 πάντων
774 4588 873 4641 καί
903 4586 1142 4651 κλάσας
1171 4584 1397 4654 ἤρξατο
1426 4582 1675 4636 ἐσθίειν·
1702 4581 1883 4649 ἑωρα-

1990 4575 2100 4631 Deo
2150 4578 2208 4631 in
2241 4588 2517 4646 conspectu
2553 4579 2821 4644 omnium;
2874 4589 2922 4632 et
2965 4595 3087 4632 cum
3111 4579 3386 4650 fregisset,
3420 4583 3572 4649 capit

298 4682 407 4748 κὼς
438 4694 464 4722 ι
499 4683 527 4735 6
566 4679 792 4744 Παῦλος
823 4681 907 4734 ὅτι
950 4679 1040 4733 διὰ
1072 4678 1174 4748 τὴν
1207 4676 1454 4745 ἀνάγκην
1485 4673 1765 4728 ἐπείθοντο
1806 4670 1886 4742 τῷ

299 4775 501 4847 Παύλῳ
545 4777 599 4827 οἱ
655 4773 950 4836 συνόντες·
991 4769 1186 4840 καιρὸς
1225 4768 1282 4822 δὲ
1324 4768 1424 4820 οὑκ
1461 4760 1531 4836 ἦν
1581 4762 1887 4836 ἀθυμοῦσιν

301 4868 488 4929 αὐτοῖς
524 4866 629 4920 καὶ
668 4864 1081 4919 κινδυνεύουσιν
1131 4857 1591 4928 εὐαγγελίζεσθαι
1625 4853 1716 4910 τδν
1750 4857 1888 4926 Χρι-

303 4961 459 5013 στόν·
510 4960 648 5022 τέως
693 4958 758 5010 ὲκ
799 4954 1001 5025 μέρους
1035 4953 1280 5007 διδάσκει
1315 4950 1517 5012 αὐτοὺς
1561 4948 1663 5015 τὴν
1699 4946 1883 5001 θεοσέ-

302 5046 481 5112 ϐειαν,
507 5047 568 5100 τὸ
604 5046 681 5118 μὴ
714 5045 891 5109 άλλως
921 5043 1057 5114 κλᾷν
1087 5042 1253 5112 ἄρτον
1284 5043 1334 5094 εί
1371 5039 1449 5111 μὴ
1472 5038 1689 5110 πρῶτον
1719 5038 1888 5109 εὐχα-

308 5141 670 5211 ριστήσαντας
711 5136 789 5208 τῷ
822 5136 972 5208 μόνῳ
1011 5134 1152 5204 Θεῷ,
1183 5134 1279 5187 καὶ
1310 5131 1485 5194 οὕτως
1516 5129 1738 5183 ἐσθίειν.
1774 5129 1890 5184 Καὶ

306 5228 451 5299 ἡμᾶς
497 5229 555 5283 δὲ
599 5230 662 5282 τὸ
701 5228 835 5282 αὐτὸ
879 5227 1162 5281 διδάσκει·
1205 5226 1235 5277 6
1285 5223 1342 5276 δὲ
1372 5222 1475 5292 τῆς
1527 5221 1887 5292 εὐχαριστίας

309 5321 513 5390 τρόπτς
539 5320 697 5375 τοῦτο
711 5320 860 5374 δοκεῖ
884 5318 1051 5390 ἔχειν,
1084 5317 1167 5370 ὅτι
1194 5312 1647 5385 Εὐχαριστοῦμέν
1672 5304 1836 5379 σοι,ὧ
1858 5323 1884 5353 ιι

391 5492 433 5525 ⁸⁸
459 5501 664 5558 Eccles.
698 5516 793 5565 vn,
827 5499 914 5556 18.

1995 4668 2342 4723 manducare.
2364 4669 2565 4724 Videns
2583 4668 2778 4724 Paulus
2802 4670 2945 4740 quod
2967 4671 3293 4725 necessitate
3309 4672 3574 4741 compulsi

1996 4760 2103 4831 ipsi
2153 4761 2533 4828 credidissent,
2568 4771 2622 4816 et
2673 4762 2818 4833 quod
2867 4773 3078 4833 tempus
3133 4779 3241 4817 non
3291 4773 3411 4819 erat
3472 4765 3578 4820 illis

1997 4852 2179 4907 animo
2208 4851 2398 4907 fractis
2448 4862 2505 4908 et
2548 4854 2980 4923 periclitantibus
3028 4856 3305 4911 Christum
3342 4870 3576 4924 evange-

1991 4943 2225 5010 lizandi,
2260 4944 2452 5000 saltem
2488 4959 2555 4999 ex
2586 4955 2743 5014 parte
2772 4961 2866 5001 eos
2891 4949 3046 5002 docet
3071 4948 3352 5017 pietatem,
3391 4947 3441 4999 id
3466 4958 3573 5013 est,

1991 5050 2098 5090 non
2140 5037 2297 5105 prius
2348 5048 2541 5104 panem
2583 5034 2838 5106 frangere
2885 5051 3047 5105 quam
3092 5037 3183 5091 uni
3223 5037 3331 5091 Deo
3371 5038 3574 5107 gratias

1991 5127 2224 5196 egerint,
2250 5136 2305 5183 et
2337 5128 2408 5181 ita
2439 5127 2800 5193 manducare;
2839 5128 2978 5182 idem
3007 5142 3226 5198 quoque
3257 5142 3355 5182 nos
3387 5130 3570 5191 docet;

1991 5231 2155 5286 porro
2205 5218 2310 5272 hoc
2354 5218 2516 5275 modo
2563 5229 2745 5289 grates
2788 5219 3038 5273 videntur
3084 5217 3196 5273 Deo
3223 5229 3359 5273 actae
3395 5233 3410 5271 :
3449 5219 3569 5275 Tibi

1994 5319 2177 5379 grates
2203 5310 2433 5380 agimus,
2467 5309 2627 5375 Deus,
2674 5311 2819 5379 quod
2853 5324 2952 5366 nos
2985 5325 3157 5379 usque
3185 5310 3345 5364 modo
3382 5308 3572 5380 digna-

391 5669 418 5698 ιι
441 5660 476 5712 ἀ
516 5658 690 5721 πάσας
724 5657 905 5710 αὐτόν.
980 5664 1008 5692 ν
1125 5653 1183 5709 C.
1217 5653 1734 5726 θαυματουργήσας.
1816 5655 1844 5685 ³
1866 5645 1928 5704 C.
1953 5645 2014 5703 C.
2046 5646 2216 5702 δικαί.
2292 5655 2321 5684 ³
2376 5645 2436 5703 C.
2469 5646 2530 5703 C.
2559 5647 2800 5715 ἀγνοίας,
2883 5655 2910 5697 1
2943 5645 3003 5702 C.
3049 5643 3112 5701 C.
3143 5640 3558 5716 εὐχαρίστησεν,

340 5721 356 5747 ⁷
380 5728 441 5784 C.
560 5730 826 5784 ἑωρακός.
905 5739 930 5767 η
959 5724 1023 5781 C.
1056 5725 1119 5779 C.
1148 5725 1196 5777 ὁ.

560 5730 826 5798 έωρακός.
905 5739 930 5767 η
959 5724 999 5781 C
