4064 6422
506 353 644 418 1603

1670 345 2007 409 ΑΜΜΟΝΙῙ
2047 328 2555 402 ALEXANDRIN
2561 342 2588 401 1

3657 343 3795 410 160i

504 479 590 523 tus
641 483 700 522 es
757 465 939 520 vivere
979 464 1194 527 sinere,
1253 477 1357 516 non
1401 474 1597 530 panem
1635 460 2028 514 manducantes
2076 476 2091 512 :

2203 453 2329 517 Θεὸς
2353 496 2366 519 ,
2399 455 2482 506 ὅτι
2535 453 2779 520 ἠξίωσας
2821 454 2972 524 ἡμᾶς
3019 452 3183 525 ζῆσαι
3218 454 3326 519 ἕως
3371 455 3497 528 ἄρτι
3522 497 3537 522 ,
3568 458 3793 524 ἀσίτους

503 561 686 628 itaque
709 559 801 611 tibi
823 555 1048 626 gloriam
1067 555 1368 619 reddentes,
1394 566 1582 624 panem
1603 551 1668 606 ad
1689 549 2102 606 sumendumci-

503 653 627 707 bum
667 648 985 716 frangimus.

580 739 738 793 Vsus.
773 739 864 802 ἐξ,
896 739 990 792 45.
1059 755 1078 789 ι
1109 733 1340 790 Militum
1369 743 1549 790 autem
1587 733 1878 789 consilium
1910 731 2010 786 fuit
2043 739 2102 786 ut

501 831 777 886 custodias
807 831 1120 884 occiderent
1155 847 1168 883 :
1205 844 1272 883 ne
1299 829 1445 898 quis,
1480 842 1604 880 cum
1632 835 1935 888 enatasset,
1959 822 2098 878 etfu-

501 933 674 996 geret.
738 921 1000 976 Centurio
1053 930 1272 985 autem,
1327 919 1519 974 volens
1575 930 1800 972 servare
1851 914 2098 982 Pauium,

502 1016 779 1088 prohibuit
819 1015 956 1067 lieri.
988 1033 1006 1064 ι

575 1107 789 1160 Rursus
820 1106 1118 1158 notandum
1165 1101 1308 1171 quod
1341 1099 1530 1154 volens
1566 1099 1768 1154 occidit
1801 1098 2097 1164 homicida,

505 1215 613 1254 non
672 1209 852 1250 autem
907 1195 1019 1249 fato
1077 1194 1165 1246 vel
1215 1193 1539 1262 prohibente
1599 1191 1682 1245 vel
1737 1191 2096 1258 impellente:

503 1302 632 1344 ecce
683 1288 828 1341 etaim
856 1326 870 1350 ,
920 1285 1150 1340 consilio
1198 1284 1334 1337 inito
1361 1327 1374 1348 ,
1437 1284 1503 1336 ad
1547 1283 1869 1351 patrandam
1899 1283 2100 1337 caedem

512 1392 706 1452 sponte
725 1395 822 1434 sua
849 1379 1208 1445 devenerunt,
1242 1388 1318 1439 et,
1345 1377 1531 1430 audito
1550 1375 1890 1439 centurione,
1911 1383 2101 1444 sponte

504 1473 669 1526 etiam
696 1488 791 1525 sua
825 1479 1211 1534 cessaverunt,
1245 1470 1372 1538 quia
1405 1482 1594 1522 eorum
1622 1477 1740 1522 erat
1764 1482 1872 1520 nun
1893 1465 2100 1519 obtem-

502 1577 728 1630 perare,
783 1577 907 1617 cum
944 1563 1098 1616 multi
1126 1571 1318 1616 essent
1352 1569 1406 1616 et
1436 1560 1610 1616 fortes
1645 1571 1701 1614 et
1731 1561 1960 1625 armati;
2002 1557 2100 1610 sed

506 1654 756 1708 voluntas
793 1665 850 1708 et
877 1654 958 1707 sui
989 1653 1195 1707 arbitra
1227 1654 1368 1707 ratio
1412 1667 1530 1722 qua:
1554 1650 1667 1704 vult
1698 1649 1864 1717 facit,
1899 1659 1954 1704 et
1979 1663 2100 1719 quae

505 1760 614 1800 non
663 1745 779 1798 vult
835 1759 940 1798 non
995 1743 1170 1811 facit;
1244 1744 1512 1800 insulsum
1558 1742 1721 1813 Igitur
1762 1750 1846 1796 est
1893 1739 2097 1811 aliquid

505 1837 573 1892 de
603 1837 860 1892 inanibus
886 1836 1071 1892 verbis
1103 1836 1369 1908 cogitare.

1095 2037 1249 2095 CAP.
1280 2036 1522 2093 XXVIII.

578 2155 746 2230 Vsa}.
778 2155 834 2210 5.
897 2173 915 2206 ι
969 2153 1037 2209 Ει
1088 2153 1178 2208 ille
1217 2153 1481 2223 quidem,
1532 2150 1820 2212 excutiens
1868 2149 2098 2208 bestiam

511 2253 564 2308 in
595 2247 798 2316 ignem,
836 2246 970 2301 nihil
1002 2246 1128 2300 mali
1165 2261 1357 2317 passus
1385 2254 1494 2301 est.
1521 2265 1541 2299 ι

562 2339 683 2395 .Ille
718 2341 929 2412 quidem
975 2341 1241 2394 excutiens
1282 2338 1498 2392 bestiam
1552 2340 1608 2392 in
1639 2337 1812 2408 ignem
1854 2352 1874 2390 :
1915 2334 2101 2392 ﬁdeles

505 2436 650 2490 enim
686 2436 946 2489 omnibus
978 2432 1485 2503 impugnatiouibus
1517 2430 1756 2500 majores
1781 2436 1908 2482 sunt
1933 2468 1949 2496 ,
1986 2428 2103 2482 sive

505 2529 573 2582 ab
600 2527 904 2581 hominibus
938 2527 1051 2581 sive
1085 2543 1114 2580 a
1146 2526 1331 2581 bestiis
1349 2525 1480 2589 sint,
1512 2533 1567 2578 et
1593 2530 1720 2578 sunt
1749 2520 1854 2575 diis
1875 2518 2101 2585 similes,

506 2618 648 2672 sicut
675 2618 810 2672 dicit
837 2614 1124 2682 Scriptura
1174 2627 1189 2666 :
1236 2611 1346 2680 Ego
1380 2612 1492 2664 dixi
1520 2625 1540 2665 :
1574 2611 1666 2664 Dii
1693 2612 1859 2664 estis:
1888 2624 1978 2663 vos
2007 2624 2104 2661 au-

508 2722 634 2773 tem,
659 2719 884 2779 propter
901 2707 1356 2772 incredulitatem,
1382 2715 1436 2756 ut
1459 2704 1697 2757 homines
1716 2701 2013 2756 moriemini
2034 2701 2100 2756 ".

505 2799 692 2870 Itaque
748 2799 974 2853 Barbari
1013 2799 1258 2852 videntes
1291 2796 1420 2867 quia
1457 2810 1562 2850 non
1601 2802 1945 2856 moreretur,
2007 2791 2102 2846 sed

503 2903 711 2948 certam
745 2901 976 2947 mortem
1011 2889 1296 2958 effugeret,
1345 2901 1467 2940 eum
1507 2900 1604 2955 pro
1633 2883 1744 2939 Deo
1773 2883 2100 2949 habuerunt,

504 3001 719 3040 omnem
749 2985 1054 3055 quicunque
1083 2981 1347 3036 mirabilia
1369 2978 1574 3034 faceret
1603 2977 1772 3032 Deum
1801 2986 1991 3046 putare
2014 2989 2105 3031 so-

505 3077 584 3130 liti
609 3093 624 3144 ;
653 3091 758 3145 quo
789 3076 952 3130 etiam
984 3074 1144 3130 modo
1177 3071 1438 3141 antiquos
1466 3072 1596 3125 deos
1619 3068 2094 3136 existimaverunt,

2207 544 2502 616 μείναντας
2531 563 2544 577 ·
2572 547 2654 599 διό
2687 565 2768 601 σοι
2797 547 2956 611 δόξαν
2980 548 3423 619 ἀναπέμποντες,
3454 548 3677 619 κλῶμεν
3701 551 3794 605 τὸν

2202 639 2365 710 ἄρτον
2389 641 2481 693 ἐπὶ
2514 640 2592 710 τῷ
2624 643 2919 711 μετασχεῖν
2947 641 3179 712 τροφῆς.

2279 752 2298 784 ι
2341 732 2463 786 Τῶν
2491 732 2548 786 δέ
2600 732 3018 805 στρατιωτῶνή
3070 733 3237 804 βουλὴ
3286 733 3503 802 ἐγένετο
3547 733 3634 787 τνα
3667 734 3796 799 τοὺς

2202 825 2489 895 δεσμώτας
2529 825 2941 890 ἀποκτείνωσι,
2991 826 3062 897 μή
3096 843 3178 888 τις
3213 825 3638 896 ἐκκολυμϐήσας
3679 825 3793 878 δια-

2203 918 2371 992 φύγῃ.
2421 919 2480 972 Ὁ
2507 918 2561 972 δὲ
2589 921 2999 990 ἑκατοντάρχης
3034 918 3362 989 βουλόμενος
3404 919 3672 972 διασῶσαι
3703 921 3796 972 τὸν

2204 1011 2440 1075 Παῦλον,
2475 1010 2756 1064 ἐκώλυσεν
2781 1011 2983 1074 αὐτοὺς
3019 1013 3112 1063 τοῦ
3151 1009 3517 1081 βουλήματος.
3555 1027 3574 1060 ι

2275 1104 2620 1175 Σημειωτέον
2652 1103 2816 1157 πάλιν
2858 1103 2941 1155 ὅτι
2989 1099 3132 1154 ἐκών
3163 1117 3249 1164 τις
3280 1099 3496 1169 φονεύει
3544 1100 3667 1152 τινὰ
3692 1138 3708 1164 ,
3734 1102 3796 1153 οὺ

2203 1195 2302 1264 τῆς
2333 1195 2682 1266 εἱμαρμένης
2713 1193 3034 1263 κωλυούσης
3064 1192 3224 1246 τοῦτο
3265 1191 3557 1260 γενέσθαι,
3593 1190 3626 1262 ἢ
3661 1207 3796 1262 προ-

2200 1284 2584 1355 τρεπομένης·
2614 1284 2741 1353 είδοὺ
2773 1284 2882 1354 γάρ
2928 1283 3285 1354 βουληθέντες
3337 1281 3586 1352 πρᾶξαι,
3629 1277 3797 1354 ἦλθον

2203 1377 2298 1428 ἐπὶ
2328 1375 2388 1429 τὸ
2423 1375 2582 1447 ἔργον
2617 1376 2712 1429 τοῦ
2754 1375 2917 1446 φόνου
2959 1375 3300 1439 αὐτόϐουλοι,
3330 1375 3427 1428 καὶ
3457 1375 3799 1438 ἀκούσαντες

2201 1467 2296 1520 τοῦ
2350 1467 2790 1539 ἑκατοντάρχου,
2851 1467 3018 1544 πάλιν
3067 1467 3290 1530 ἑκόντες
3338 1465 3673 1529 ἐπαύσαντο,
3721 1465 3799 1529 ὡς

2203 1557 2330 1630 ἐξῆν
2355 1559 2556 1623 αὐτοὺς
2592 1560 2666 1630 μὴ
2700 1558 3014 1629 πεισθῆναι,
3051 1558 3282 1622 πολλοὺς
3313 1558 3474 1622 ὄντας
3506 1558 3606 1610 καὶ
3639 1559 3799 1628 ἰσχυ-

2203 1652 2331 1723 ροὺς
2358 1653 2451 1704 καὶ
2478 1651 2812 1721 ξιφηφόρους
2832 1667 2846 1682 ·
2879 1651 2996 1704 ἀλλ’
3020 1653 3053 1720 ἡ
3085 1649 3252 1722 βουλὴ
3283 1655 3377 1704 καὶ
3399 1652 3434 1722 ἡ
3467 1650 3799 1720 αὐθαίρετος

2201 1743 2394 1814 γνώμη
2426 1743 2522 1797 καὶ
2573 1744 2805 1814 πράττει
2836 1741 2872 1796 ἃ.
2905 1742 3074 1807 θέλει,
3124 1744 3220 1796 καὶ
3252 1742 3313 1795 οὐ
3375 1742 3609 1809 πράττει
3648 1739 3685 1795 θ.
3720 1740 3798 1810 μὴ

2206 1834 2493 1906 βούλεται·
2544 1834 2731 1904 μωρὸν
2777 1829 2872 1887 οὗν
2901 1832 2962 1887 τὸ
2990 1832 3346 1906 ἐνθυμεῖσθαί
3378 1850 3432 1888 τι
3484 1831 3616 1906 περὶ
3663 1834 3799 1886 ἁσυ-

2205 1927 2416 1981 στάτων
2439 1925 2740 1997 ὀνομάτων.

2773 2040 3030 2094 ΚΕΦΑΛ.
3075 2039 3187 2093 KH’
3203 2077 3220 2094 .

2279 2175 2298 2208 ‹
2351 2155 2411 2208 '0
2470 2154 2570 2226 μὲν
2616 2148 2713 2209 οὖν
2755 2153 3232 2226 άποτιναεάμενος
3275 2153 3338 2207 τὸ
3372 2153 3562 2228 θηρίον
3612 2155 3692 2219 εἰς
3731 2153 3796 2209 τὸ

2202 2247 2336 2319 πῦρ,
2369 2246 2574 2301 ἔπαθεν
2606 2247 2762 2301 οὐδὲν
2789 2248 2980 2301 κακόν.
3018 2266 3038 2300 ι

2283 2341 2348 2395 '0
2373 2339 2504 2410 ﬁer
2541 2335 2657 2396 οὖν
2705 2339 3228 2410 ἀποτιναεάμενος
3257 2343 3323 2395 τὸ
3362 2340 3575 2408 θηρίον
3602 2341 3690 2406 είς
3723 2339 3792 2393 τὸ

2203 2433 2354 2503 πῦρ·
2407 2433 2458 2486 οἱ
2489 2433 2599 2504 γὰρ
2630 2433 2812 2486 πιστοὶ
2859 2432 3149 2504 κρείττους
3183 2432 3293 2486 εἰσὶ
3327 2432 3513 2501 πάσης
3565 2431 3794 2484 ἐπιϐου-

2203 2523 2323 2592 λῆς,
2348 2521 2463 2575 εἴτε
2485 2521 2591 2576 ὑπὸ
2619 2520 2948 2592 ἀνθρώπων,
2972 2521 3084 2574 εἴτε
3113 2521 3218 2574 ὑπὸ
3243 2520 3451 2593 θηρίων
3471 2521 3793 2590 γινομένης.

2206 2617 2300 2671 καὶ
2348 2614 2529 2686 ὅμοιοί
2562 2614 2670 2668 εισι
2703 2613 2883 2676 Θεοῖς,
2916 2613 3102 2678 καθὼς
3135 2613 3231 2666 καὶ
3277 2615 3311 2684 ἡ
3361 2613 3553 2682 Γραφή
3578 2628 3593 2640 ·
3650 2610 3796 2680 Ἐγὼ

2203 2703 2344 2762 εἶπα
2365 2723 2380 2738 ·
2416 2706 2550 2760 Θεοί
2574 2705 2734 2759 ἐστε·
2763 2705 2922 2774 ὑμεῖς
2945 2705 3002 2758 δὲ
3025 2705 3054 2744 b
3075 2704 3143 2757 δι’
3171 2703 3454 2768 ἀπιστίαν,
3482 2703 3558 2768 ὡς
3578 2702 3798 2774 ἄνθρω-

2205 2816 2298 2853 ποι
2318 2797 2583 2863 θνήσκετε
2605 2807 2654 2850 θ.
2673 2796 2766 2849 Διὸ
2785 2796 2948 2849 καὶοὶ
2974 2796 3248 2868 Βάρϐαροι
3273 2794 3580 2866 ἑωρακότες
3603 2794 3796 2849 τοῦτον

2209 2890 2284 2963 μὴ
2318 2887 2698 2953 ἀποθανόντα,
2734 2886 2852 2942 ἀλλ’
2884 2887 3195 2957 ἐκφυγόντα
3224 2886 3316 2940 τὸν
3348 2885 3652 2958 ἀμφίϐολον
3701 2886 3796 2941 θά-

2205 2997 2390 3047 νατον,
2433 2979 2569 3034 Θεὸν
2617 2977 2783 3033 αὐτὸν
2814 2975 3076 3046 ἐνόμισαν
3124 2971 3288 3039 εἶναι,
3320 2975 3395 3040 ὡς
3425 2975 3546 3040 ἔθος
3575 2975 3798 3046 ἔχοντες

2208 3071 2388 3126 πάντα
2437 3069 2530 3124 τὸν
2582 3067 2845 3123 ποιοῦντά
2899 3085 2953 3122 τι
3001 3067 3310 3140 παράδοξον
3344 3067 3478 3120 Θεὸν
3510 3067 3796 3138 νομίζειν·

505 3138 621 3222 sive
655 3138 873 3236 propter
903 3165 1098 3218 virium
1132 3138 1508 3234 praestantiam
1556 3159 1756 3230 quibus
1799 3159 1920 3215 ﬁeri
1945 3159 2094 3215 vide-

2203 3163 2392 3234 ὧσπερ
2446 3162 2540 3217 καὶ
2585 3163 2710 3225 τοὺς
2753 3159 3023 3222 παλαιοὺς
3073 3138 3231 3225 θεοὺς
3283 3159 3592 3230 ὠνόμαζον,
3633 3159 3668 3230 ἢ
3727 3158 3799 3212 δι’

506 3258 636 3314 bant
681 3272 842 3325 supra
891 3255 1142 3324 proprias
1186 3255 1354 3319 vires,
1402 3262 1461 3308 ut
1498 3260 1628 3324 puta
1659 3250 1947 3309 Herculem
1996 3250 2099 3307 Se-

508 3349 676 3403 meles
729 3347 918 3412 lilium,
953 3347 1035 3401 vel
1064 3361 1158 3416 per
1211 3345 1441 3417 magiam
1501 3345 1874 3415 spectantibus
1907 3344 2099 3400 .admi-

511 3441 774 3494 rationem
822 3439 1066 3500 cientes,
1127 3436 1304 3507 qualis
1345 3437 1446 3491 fuit
1495 3437 1548 3490 iu
1596 3436 1842 3492 Samaria
1881 3435 2097 3494 Simon.

509 3528 904 3584 Existimabam
937 3544 1056 3581 eum
1088 3528 1141 3582 in
1165 3539 1424 3582 tumorem
1449 3530 1882 3583 convertendus».

586 3620 751 3677 Vsns.
771 3619 824 3674 8.
871 3638 890 3671 ι
924 3621 1166 3690 Contigit
1189 3631 1370 3675 autem
1407 3620 1585 3676 Publii
1617 3630 1825 3691 patrem
1856 3619 2101 3678 febribus

511 3721 566 3768 et
595 3713 897 3784 dysenteria
927 3723 1183 3767 vexatum
1209 3710 1415 3780 jacere,
1437 3714 1502 3765 ad
1523 3728 1680 3781 quem
1705 3711 1907 3767 Paulus
1927 3713 2099 3766 intra-

510 3807 590 3859 vit
621 3824 635 3859 :
666 3817 716 3859 et
750 3821 869 3860 cum
897 3815 1130 3870 orasset,
1168 3814 1223 3860 et
1248 3804 1600 3875 imposuisset
1625 3806 1674 3859 ei
1701 3821 1911 3869 manus,
1939 3820 2102 3862 sana-

511 3898 588 3949 vit
614 3911 760 3950 eum.
788 3913 806 3947 ι

585 3985 907 4056 Dyseuteria
946 3996 1142 4042 sanatu
1168 3984 1406 4042 dillicilis
1432 3988 1681 4055 morbus;
1719 3989 1809 4059 qui
1840 4004 1936 4058 per
1957 3985 2100 4042 Pau-

512 4077 620 4131 lum
643 4080 986 4134 sanationem
1011 4088 1325 4152 acceperat,
1357 4079 1403 4134 is
1429 4081 1629 4135 multos
1648 4081 1714 4134 ad
1735 4081 1892 4134 tidem
1913 4080 2098 4144 duxit;

513 4168 697 4239 itaque
745 4169 861 4224 fere
899 4186 1114 4241 semper
1160 4172 1421 4227 miracula
1460 4172 1515 4226 in
1547 4171 1855 4228 inﬁdelibus
1889 4179 1943 4226 et
1973 4185 2102 4240 pro-

513 4267 633 4327 pter
661 4258 903 4314 inﬁdeles
931 4256 1246 4329 patrantur.

584 4349 860 4406 Vsas.l5.
922 4370 942 4404 ι
979 4352 1046 4406 Ει
1099 4362 1220 4423 post
1263 4353 1406 4408 diem
1453 4367 1648 4416 unum,
1695 4350 1861 4405 flante
1893 4359 2099 4419 austro,

509 4443 748 4497 secunda
780 4443 866 4497 die
899 4444 1141 4498 venimus
1168 4444 1438 4499 Puteolos.
1470 4463 1488 4495 ι

583 4533 660 4586 Ita
689 4535 938 4588 celeriter
956 4537 1212 4589 currebat
1234 4535 1357 4589 fidei
1387 4537 1439 4589 in
1463 4535 1748 4590 Christum
1771 4537 2104 4612 prmdicatio,

513 4635 573 4678 ut
607 4622 834 4677 Romam
861 4641 1032 4693 usque
1058 4627 1170 4692 jam
1205 4627 1520 4692 pervenerit
1551 4633 1604 4678 et
1629 4623 1874 4680 floruerit
1895 4667 1908 4690 ,
1941 4631 2106 4687 etiam

513 4727 640 4768 ante
689 4717 979 4768 adventum
1011 4713 1203 4779 Pauli;
1267 4728 1458 4782 magna
1493 4724 1674 4769 autem
1721 4715 1887 4772 Paulo
1919 4718 2104 4776 hetitia

518 4804 732 4857 fidelem
757 4805 962 4868 videre,
984 4815 1038 4857 et
1067 4804 1174 4857 Deo
1205 4805 1410 4870 gratias
1433 4806 1628 4876 agebat
1656 4818 1938 4878 prontcrea
1964 4815 2104 4882 quod

517 4896 571 4951 iu
602 4910 724 4951 eum
747 4897 1086 4965 pervenisset
1118 4894 1212 4950 Dei
1241 4896 1501 4966 dignatio.

592 5072 756 5128 Vns.
782 5076 866 5130 l9.
915 5092 934 5125 ι
972 5073 1486 5132 Coutradirentibus
1532 5087 1712 5134 autem
1743 5077 1966 5149 Iudaeis,
2004 5098 2099 5138 co-

516 5173 670 5219 actus
691 5180 811 5217 sum
848 5165 1117 5234 appellare
1149 5167 1440 5222 Caesarem.
1468 5186 1486 5219 ι

585 5257 890 5310 Notandum
933 5258 1110 5314 denuo
1149 5272 1232 5314 est
1279 5277 1382 5314 non
1417 5262 1590 5316 solum
1633 5263 1852 5332 scriptis
1893 5265 2102 5336 legibus

2205 3256 2360 3326 ἰσχὺν
2390 3253 2653 3324 περισσόν
2681 3271 2732 3306 τι
2769 3251 2878 3305 τῶν
2917 3251 3039 3305 καθ’
3060 3252 3291 3316 ἑαυτοὺς
3326 3251 3644 3315 ποιοῦντας,
3675 3244 3792 3314 οἶος

2199 3341 2268 3419 ἦν
2299 3347 2328 3400 ὁ
2365 3345 2643 3418 Ἡρακλῆς
2672 3346 2700 3398 ὁ
2725 3345 2790 3398 ἐκ
2833 3343 3110 3415 Σεμέλης·
3165 3345 3199 3416 ἢ
3241 3345 3328 3398 διὰ
3375 3344 3610 3416 μαγείαν
3636 3341 3664 3382 δ
3705 3342 3796 3407 ἐξ·-

2205 3438 2439 3493 ιστάνων
2469 3439 2595 3502 τοὺς
2624 3436 2892 3508 δρῶντας·
2915 3431 3024 3502 οἷος
3041 3435 3108 3510 ἧν
3129 3439 3158 3491 δ
3188 3438 3372 3509 Σίμων
3404 3439 3462 3490 ἐν
3485 3437 3790 3508 Σαμαρείᾳ,

2201 3529 2596 3602 Προσεδόκων
2626 3528 2883 3599 μέλλειν
2911 3529 3342 3598 ἐμπίπρασθαι.

2279 3641 2299 3675 ι
2350 3620 2607 3690 Ἐγένετο
2644 3621 2703 3674 δὲ
2743 3619 2838 3675 τὸν
2870 3621 3086 3691 πατέρα
3121 3619 3214 3674 τοῦ
3257 3621 3494 3675 Ποπλίου
3534 3625 3797 3693 πυρετοῖς

2202 3713 2300 3768 καὶ
2327 3710 2648 3782 δυσεντερίᾳ
2681 3710 3051 3781 κατεχόμενον
3082 3710 3478 3764 κατακεῖσθαι·
3511 3713 3648 3782 πρὸς
3677 3712 3738 3765 ὃν
3766 3714 3798 3765 δ

2203 3805 2418 3868 Παῦλος
2465 3803 2749 3870 εἰσελθὼν,
2791 3804 2887 3857 καὶ
2919 3803 3387 3876 προσευξάμενος,
3430 3801 3644 3870 ἐπιθεὶς
3692 3805 3796 3869 τὰς

2203 3897 2395 3969 χεῖρας
2427 3893 2620 3960 αὐτοῦ,
2655 3895 2845 3949 ῑάσατο
2870 3896 3058 3950 αὐτόν.
3097 3913 3116 3948 ι
3479 3967 3482 3970 γ

2274 3985 2613 4057 Δυσεντερία
2647 3985 2708 4038 τὸ
2740 3984 2992 4040 δυσίατον
3026 3985 3122 4040 τοῦ
3152 3985 3391 4049 πάθους·
3427 3986 3575 4040 ἴασιν
3605 3985 3796 4040 λαϐὼν

2202 4077 2290 4130 διὰ
2329 4076 2424 4130 τοῦ
2466 4076 2686 4132 Παύλου
2743 4077 2976 4142 πολλοὺς
3008 4080 3088 4143 είς
3142 4079 3327 4132 πίστιν
3377 4080 3614 4150 ἤγαγεν·
3646 4079 3796 4132 ὥστε

2203 4163 2298 4223 οὖν
2323 4168 2412 4222 ἀεὶ
2443 4168 2512 4222 τὰ
2537 4171 2740 4239 σημεῖα
2770 4172 2830 4223 ἐν
2860 4171 2971 4235 τοῖς
3001 4171 3254 4236 ἀπίστοις
3282 4172 3374 4224 καὶ
3398 4171 3488 4224 διά
3511 4171 3638 4236 τοὺς
3665 4171 3807 4224 άπί-

2205 4276 2364 4324 στους
2405 4259 2482 4323 ὡς
2516 4261 2812 4315 ἐπιτοπολὺ
2835 4261 3080 4330 γίνεται.

2282 4367 2302 4400 ‹
2341 4349 2452 4403 Καὶ
2484 4349 2626 4419 μετὰ
2655 4351 2784 4421 μίαν
2808 4352 3021 4424 ἡμέραν
3045 4355 3438 4427 ἐπιγενομένου
3463 4357 3640 4424 νότου,
3668 4355 3804 4409 δευ-

2131 4473 2178 4530 D
2204 4445 2410 4514 τεραῖοι
2442 4443 2680 4515 ἦλθομεν
2709 4446 2790 4509 είς
2810 4446 3119 4510 Ποτιόλους.
3163 4467 3180 4499 ι

2279 4533 2553 4588 Τοσοῦτον
2594 4531 2661 4607 ἦν
2706 4534 3009 4607 διαδραμὸν
3055 4539 3117 4592 τὸ
3157 4539 3256 4611 τῆς
3294 4540 3531 4604 πίστεως
3576 4539 3676 4608 τῆς
3715 4543 3795 4604 είς

2205 4624 2443 4696 Χριστὸν
2476 4625 2760 4697 κήρυγμα,
2791 4627 2873 4682 ὄτι
2905 4628 2968 4700 δὴ
3005 4631 3101 4683 καὶ
3125 4630 3255 4703 ἄχρι
3298 4631 3515 4703 Ῥώμης
3545 4628 3612 4704 ἦν
3653 4633 3787 4703 φθά-

2205 4733 2310 4771 σαν
2348 4716 2446 4770 καὶ
2480 4719 2807 4789 ἐνεργῆσαν,
2838 4721 2932 4776 καὶ
2963 4721 3072 4793 πρὸ
3096 4723 3202 4794 τῆς
3227 4723 3322 4776 τοῦ
3349 4724 3569 4777 Παύλου
3603 4725 3794 4794 ἐπιδη-

2208 4809 2370 4880 μίας·
2423 4808 2568 4879 χαρά
2600 4804 2666 4877 ἦν
2707 4811 2783 4881 τῷ
2832 4813 3030 4882 Παύλῳ
3063 4814 3278 4884 μεγάλη
3312 4815 3374 4868 τὸ
3401 4817 3536 4886 ὁρᾷν
3575 4816 3794 4880 πιστὸν,

2206 4901 2304 4954 καί
2348 4900 2424 4964 ὡς
2459 4902 2539 4968 είς
2580 4902 2745 4956 αὑτὸν
2789 4903 3101 4976 φθανούσης
3131 4907 3227 4976 τῆς
3266 4906 3588 4979 εὐεργεσίας
3615 4908 3793 4978 ηὐχα-

2206 4993 2401 5062 ρίστει.

2282 5104 2301 5136 ‹
2360 5084 2781 5152 Ἀντιλεγόντων
2826 5085 2884 5138 δὲ
2932 5087 3040 5140 τῶν
3095 5086 3387 5153 Ἰουδαίων,
3437 5087 3798 5159 ἠναγκάσθην

2202 5177 2636 5230 ἐπικαλέσασθαι
2672 5176 2949 5247 Καίσαρα.
2985 5196 3003 5229 ι

2277 5267 2620 5338 Σημειωτέον
2651 5267 2814 5321 πάλιν
2849 5269 2930 5321 ὅτι
2966 5269 3026 5321 οὐ
3063 5269 3224 5335 μόνον
3261 5269 3565 5340 ἐγγράφοις
3601 5270 3793 5339 νόμοις

515 5356 610 5402 aut
659 5348 928 5402 mandatis
965 5349 1148 5406 fideles
1180 5364 1431 5422 Oportere
1453 5367 1680 5422 parere,
1719 5355 2023 5426 quicunque
2047 5358 2099 5410 in

2203 5359 2320 5428 ἤτοι
2353 5358 2753 5429 παραγγελίαις
2782 5359 2866 5411 δεῖ
2894 5360 3042 5429 ἡμᾶς
3092 5359 3408 5429 πειθαρχεῖν
3443 5361 3568 5421 τοὺς
3597 5361 3662 5430 τῇ
3698 5361 3792 5412 πί-

513 5437 790 5494 Christum
819 5441 1067 5510 credunt,
1085 5444 1180 5500 sed
1210 5445 1372 5500 etiam
1394 5447 1641 5500 moribus
1667 5463 1679 5498 :
1705 5447 1847 5514 quod
1878 5448 2096 5516 proprie

2207 5465 2324 5501 στει
2359 5450 2424 5518 τῇ
2459 5449 2540 5512 είς
2574 5447 2812 5518 Χριστὸν
2839 5449 3221 5517 πιστεύοντας,
3264 5450 3400 5504 ἀλλὰ
3427 5449 3520 5504 καὶ⁸
3541 5451 3652 5514 τοῖς
3671 5447 3795 5503 E95-

591 5595 634 5628 "
665 5594 809 5650 Psal.
845 5614 1033 5666 mm,
1063 5601 1117 5670 6,
1150 5604 1204 5656 7.

587 5751 615 5794 1³
642 5751 705 5809 C.
738 5754 799 5812 C.
822 5754 903 5828 δή.
985 5769 1007 5798 ε
1038 5757 1102 5814 G.
1133 5755 1196 5814 C.
1225 5756 1634 5828 ἀποθνήσκετε.
1719 5756 1743 5794 ά
1772 5755 1836 5812 C.
1861 5756 1923 5812 C.
1957 5759 2172 5828 μαγίαις.
