4064 6428
290 344 461 411 1605
1212 344 1678 408 FRAGMENTA
1718 347 1801 411 IN
1840 348 2027 410 ACTA
2068 348 2649 411 APOSTOLORUM.

3458 353 3599 419 1606

286 478 393 515 σιν
418 478 435 492 ο
473 462 612 534 ὅπερ
642 463 846 535 κυρίως
886 465 1033 519 ἐστὶν
1069 459 1349 538 ἔγγραφος
1381 479 1406 509 ε
1436 467 1598 538 νόμος
1625 482 1638 496 ·
1672 465 1901 536 ἁρμόζει

2009 473 2092 519 est
2130 464 2209 519 lex
2269 479 2374 517 non
2425 465 2646 534 scripta.
2684 462 2895 533 Pugnat
2941 480 3102 535 porro
3162 478 3349 521 contra
3380 483 3474 521 eos
3503 469 3596 538 qui

280 554 466 607 κατὰ
506 554 617 607 τῶν
647 556 712 609 τὰ
762 556 859 625 ἔθη
893 558 994 625 τῆς
1035 558 1361 629 Ἐκκλησίας
1387 556 1901 629 πολυπραγμονούν-

2017 555 2277 611 Ecclesiae
2302 570 2483 609 mores
2514 557 2787 621 curiosius
2811 567 3126 611 scrutantur
3159 570 3214 613 rt
3248 559 3596 628 uniuscujus-

283 660 422 699 των
460 650 555 701 καὶ
584 648 846 719 λογισμὸν
875 650 969 718 ἀφ’
1003 651 1237 703 ἑκάστου
1269 651 1599 721 ζητούντων,
1641 648 1675 721 ἢ
1702 648 1910 720 ἔγγρα-

284 752 410 805 φον
485 739 785 810 παράδοσιν
831 742 1179 811 καινοτομίας
1235 744 1481 811 εἰσάγειν
1545 738 1910 809 πειρωμένων

283 829 462 882 κατὰ
519 828 620 899 τὴν
669 830 893 901 ἄκριτον
944 831 1123 884 αὐτῶν
1174 831 1389 900 βουλήν.
1449 830 1903 898 Ἀντιλεγόντων

298 917 639 973 Ἰουδαίων
655 919 1056 990 ἠναγκάσθην
1082 920 1561 975 ἐπικαλέσασθαι
1591 920 1864 987 Καίσαρα
1881 933 1899 950 ο

284 1007 475 1071 εἰδὼς
513 1012 541 1063 ὀ
583 1011 795 1074 Παῦλος
838 1013 920 1065 ὅτι
951 1011 1153 1066 ἄτοπον
1188 1008 1258 1083 ἦν
1301 1012 1436 1075 ὅλως
1485 1010 1505 1050 ῐ
1534 1010 1899 1074 δικάσασθαι,

287 1103 402 1153 καὶ
449 1100 687 1170 μάλιστα
722 1104 872 1174 παρὰ
902 1103 1137 1174 ἀπίστῳ,
1171 1104 1303 1172 περὶ
1343 1102 1674 1173 ἀμφοτέρων
1705 1102 1902 1157 ἀπολο-

288 1194 518 1260 γεῖται,
547 1193 630 1245 ὃτι
656 1192 782 1245 οὔτε
812 1195 961 1261 παρὰ
979 1195 1070 1247 τὸν
1096 1196 1485 1265 νενομισμένον
1504 1192 1741 1265 πράξας,
1771 1193 1909 1248 ἀλλὰ

289 1284 756 1352 συκοφαντηθεὶς
787 1284 1095 1356 ἀνεκλήθην
1130 1286 1237 1339 ὑπὸ
1274 1285 1567 1348 Ἰουδαίων,
1602 1285 1728 1339 οὔτε
1764 1284 1909 1339 ἑκὼν

286 1375 746 1446 ἐπεκαλεσάμην
783 1377 1059 1447 Καίσαρα,
1090 1377 1208 1430 ἀλλ’
1254 1378 1438 1432 αὐτῶν
1464 1378 1777 1432 δεδωκότων
1803 1378 1906 1451 τὴν

285 1467 533 1521 αἰτίαν
565 1468 682 1520 ἀνθ’
726 1461 800 1520 ὧν
832 1468 933 1522 οὐκ
972 1470 1253 1538 ἠνείχοντο
1277 1509 1292 1533 ,
1332 1460 1457 1522 οὒτε
1493 1468 1638 1523 κατά
1680 1468 1774 1522 τὸν
1803 1469 1906 1537 τῆς

302 1558 662 1628 Ἐκκλησίας
691 1559 857 1629 νόμον
880 1559 1105 1614 δικάσαι
1138 1579 1251 1632 μοι,
1296 1560 1418 1614 οὔτε
1441 1565 1560 1625 ταῖς
1588 1561 1698 1615 τῶν
1716 1562 1907 1634 ἀρχόν-

283 1666 418 1704 των
454 1650 830 1722 πειθαρχῆσαι
873 1652 1124 1723 ἐννόμοις
1173 1652 1489 1721 ἀποφάσεσι
1517 1669 1532 1685 ·
1565 1652 1754 1709 εἵνεκα
1796 1653 1905 1725 γὰρ

284 1740 406 1811 τῆς
458 1741 677 1805 ἐλπίδος
706 1744 802 1795 τοῦ
851 1743 1108 1815 Ἰσραὴλ,
1153 1744 1252 1815 μία
1286 1744 1397 1817 γὰρ
1432 1740 1503 1816 ἦν
1542 1743 1699 1809 ἐλπὶς
1731 1763 1905 1816 σωτη-

2015 663 2120 718 que
2157 651 2423 704 ratium-tn
2456 650 2827 719 expostulent,
2861 660 2954 703 aut
2984 652 3255 705 novitates
3288 652 3433 705 imer
3462 653 3599 706 scri-

2013 750 2132 809 ptas
2161 742 2485 795 traditiones
2513 757 2735 810 ponere,
2774 742 3069 795 secundum
3104 742 3469 798 inordinatam
3503 756 3594 797 vo-

2010 829 2302 886 luntatem.
2368 832 2864 887 Contradicentibus
2916 833 3161 900 Judwis,
3218 844 3433 889 coactu:
3479 851 3597 890 sum

2009 923 2275 992 appellare
2310 921 2595 979 Caesarem.
2663 924 2856 979 Sciens
2899 923 3099 978 Paulus
3140 926 3435 978 absurdum
3474 937 3596 978 esse

2008 1030 2068 1070 se
2093 1014 2350 1084 judicari,
2382 1017 2679 1084 praesertim
2703 1027 2883 1071 autem
2914 1020 2981 1070 ab
3013 1016 3239 1080 inﬁdeli,
3277 1018 3343 1071 de
3367 1026 3598 1084 utroque

2009 1120 2070 1159 se
2104 1106 2343 1160 defendit
2376 1124 2390 1160 :
2423 1122 2529 1159 non
2565 1106 2698 1175 legis
2723 1108 3181 1176 transgressione,
3216 1106 3311 1161 sed
3338 1124 3366 1161 a
3396 1106 3598 1161 ,Ιιιιιει-ἰσ

2016 1197 2379 1252 calumniatus
2407 1198 2698 1267 appellavi,
2736 1214 2911 1269 neque
2941 1199 3172 1254 libenter
3202 1200 3470 1255 Caesarem
3499 1214 3598 1267 ap-

2014 1288 2253 1358 pellavi;
2303 1289 2405 1343 sed
2440 1289 2513 1342 illi
2557 1303 2644 1342 me
2667 1300 2995 1358 coegerunt,
3045 1292 3302 1359 quoniam
3335 1307 3438 1345 non
3468 1308 3596 1362 pas-

2012 1379 2057 1433 si
2105 1389 2232 1434 sunt
2275 1394 2361 1434 me
2394 1378 2544 1447 juxta
2570 1379 3016 1433 consuetudinem
3054 1380 3306 1436 Ecclesiae
3333 1381 3595 1452 judicari,

2011 1481 2066 1526 et
2104 1471 2358 1542 legitimis
2394 1471 2697 1540 principum
2725 1471 3009 1524 sententiis
3037 1471 3294 1537 obedire;
3345 1488 3465 1542 quae
3490 1474 3594 1530 l’eci

2011 1565 2081 1621 ob
2109 1580 2257 1635 spem
2290 1562 2459 1618 Israel
2489 1580 2504 1618 :
2541 1577 2644 1616 una
2667 1563 2813 1616 enim
2843 1562 3035 1618 salutis
3057 1578 3181 1633 spes
3205 1563 3406 1620 Iudaeis
3432 1565 3597 1621 relin-

2012 1653 2197 1722 quitur
2223 1653 2277 1706 in
2303 1649 2620 1719 Scripturis,
2635 1646 2890 1705 Christus
2911 1650 3138 1715 scilicet,
3155 1666 3315 1722 quem
3336 1666 3436 1725 ego
3456 1669 3600 1724 prae-

2013 1744 2205 1797 dicans
2238 1742 2290 1797 iu
2323 1741 2532 1797 hancce
2560 1741 2934 1810 captivitatem
2957 1742 3105 1797 veni.

290 1833 399 1905 ρία
420 1836 569 1897 ετοῖς
593 1835 869 1898 Ἰουδαίοις
889 1835 1407 1909 περιλιμπανομένη
1431 1841 1495 1891 ἐκ
1518 1837 1626 1892 τῶν
1649 1838 1911 1910 Γραφῶν,
1954 1838 1982 1891 ὁ
2015 1833 2275 1907 Χριστὸς,
2306 1833 2367 1888 ὃν
2414 1832 2528 1903 ἐγὼ
2591 1832 2887 1906 κηρύσσων
2932 1835 3014 1897 είς
3051 1832 3261 1904 ταύτην
3297 1828 3462 1907 ἦλθον
3497 1835 3601 1909 τὴν

288 1926 653 1981 κατάστασιν
683 1927 791 1981 τῶν
817 1927 1053 2000 δεσμῶν.

379 2036 401 2069 ι
450 2018 595 2089 Περὶ
650 2018 749 2089 μὲν
780 2020 891 2089 γὰρ
935 2018 1036 2089 τῆς
1074 2019 1342 2092 αἱρέσεως
1368 2020 1599 2094 ταύτης,
1660 2020 1901 2092 γνωστὸν

2077 2017 2242 2073 Vens.
2262 2017 2355 2072 22.
2405 2033 2426 2069 ι
2455 2015 2588 2072 Nam
2631 2016 2699 2072 de
2726 2016 2922 2073 haeresi
2947 2019 3052 2075 hac
3089 2026 3280 2073 notum
3308 2026 3393 2073 est
3415 2018 3598 2090 nobis,

288 2110 447 2181 ἡμῖν
480 2111 651 2163 ἐστιν.
702 2128 721 2161 ι

372 2201 613 2268 Αἴρεσιν
671 2199 932 2255 καλοῦσιν
997 2200 1251 2267 Ἰουδαῖοι,
1286 2203 1387 2274 τὴν
1422 2204 1503 2267 είς
1544 2202 1784 2275 Χριστὸν
1813 2204 1904 2258 πί-

294 2311 435 2348 στιν
466 2310 482 2325 ’
538 2293 627 2347 ὅτι
671 2292 988 2362 πανταχοῦ
1023 2293 1397 2364 ἀντιλέγεται
1421 2309 1434 2323 ’
1479 2295 1587 2348 ἰδοὺ
1634 2297 1731 2348 καὶ
1764 2295 1903 2348 Ἰου-

291 2386 458 2440 δαῖοι
480 2386 860 2459 μαρτυροῦσιν
884 2388 967 2440 ὃτι
986 2388 1269 2457 πανταχοῦ
1290 2386 1569 2458 ἐκηρύχθη
1598 2388 1628 2439 ὁ
1644 2387 1901 2459 Χριστός·

296 2477 462 2547 πλὴν
500 2478 560 2530 οὐ
596 2477 820 2543 πάντες,
874 2477 1033 2549 φησι,
1070 2477 1472 2547 καταδὲχονται
1516 2477 1577 2529 τὸ
1617 2478 1903 2547 κήρυγμα,

292 2568 457 2624 ἀλλὰ
483 2570 828 2638 ἀντιλέγουσί
876 2585 1024 2632 τινες
1077 2568 1327 2622 Ἰουδαῖοι
1366 2568 1399 2640 ἢ
1426 2568 1712 2639 Ἕλληνες,
1745 2569 1779 2641 ἦ
1811 2570 1906 2623 καὶ

294 2660 493 2722 ἄλλως
516 2661 809 2731 αἰρετικοὶ,
837 2658 913 2730 μὴ
936 2659 1358 2730 συμφωνοῦντες
1374 2663 1439 2730 τῇ
1459 2659 1634 2732 ἀληθῄ
1656 2661 1681 2699 h
1701 2661 1902 2714 πίστει·

292 2750 418 2803 ἔδει
453 2749 564 2818 γὰρ
594 2749 687 2801 καὶ
729 2749 974 2817 αἱρέσεις
1008 2743 1173 2812 εἶναι,
1207 2749 1296 2801 ῖνα
1326 2749 1376 2801 οἱ
1408 2749 1626 2819 δόκιμοι
1659 2751 1899 2821 φανῶσι,

292 2843 405 2894 καὶ
464 2839 727 2910 πληρωθῇ
767 2840 857 2892 διὰ
893 2840 1114 2894 πάντων
1142 2840 1204 2893 τὸ
1257 2841 1641 2912 προφητευθέν
1690 2846 1772 2907 εἰς
1812 2844 1905 2899 τὸν

294 2928 556 2998 Χριστὸν
589 2929 677 2983 διὰ
723 2929 951 3002 Συμεὼν
993 2930 1091 2985 τοῦ
1141 2933 1430 3004 προφήτου
1485 2934 1737 2999 εἰπόντος
1774 2937 1905 3009 περὶ

295 3018 505 3074 αὑτοῦ·
548 3019 695 3087 Ἰδρὺ
715 3016 895 3088 οὗτος
924 3022 1109 3076 κεῖται
1131 3025 1219 3089 εὶς
1247 3024 1484 3079 πτῶσιν
1522 3027 1621 3081 καὶ
1642 3029 1905 3083 ἀνάστα·

295 3128 419 3168 σιν
448 3111 699 3166 πολλῶν
725 3112 798 3166 ἐν
822 3112 904 3179 τῷ
949 3114 1221 3185 Ἰσραὴλ,
1248 3115 1347 3171 καὶ
1378 3118 1467 3184 εις
1496 3118 1754 3188 σημεῖον
1794 3121 1903 3176 άν-

296 3204 733 3273 τιλετόμενον.

384 3312 407 3347 ι
449 3294 761 3365 Ταξάμενοι
794 3294 853 3348 δὲ
909 3295 1151 3367 ἡμέραν,
1208 3293 1378 3369 ἦλθον
1431 3301 1514 3365 είς
1567 3301 1669 3372 τὴν
1715 3301 1899 3370 ξενίαν

2011 2111 2139 2182 quia
2178 2111 2378 2180 ubique
2405 2109 2455 2165 ei
2487 2110 2903 2165 contradicitur.
2933 2129 2954 2163 ι

2078 2202 2337 2258 Ilaeresim
2384 2210 2583 2256 vocant
2618 2198 2788 2256 Judaei
2836 2201 2890 2256 in
2929 2200 3210 2257 Christum
3248 2201 3430 2265 ﬁdem.
3467 2206 3598 2276 quia

2004 2293 2195 2366 ubique
2242 2298 2291 2348 ei
2338 2294 2750 2348 contradicitur.
2816 2295 2960 2347 Ecce
3016 2293 3116 2363 ipsi
3165 2308 3380 2363 quoque
3424 2292 3597 2350 Judaei

2004 2386 2370 2441 testiﬁcantur
2431 2384 2633 2456 ubique
2689 2383 2966 2440 Christum
3019 2399 3143 2439 esse
3197 2386 3594 2455 praedicatum;

2005 2478 2132 2533 licet
2181 2494 2287 2532 non
2326 2494 2540 2543 omnes,
2579 2476 2780 2544 inquit,
2832 2475 3271 2546 praedicationem
3304 2477 3596 2548 recipiant,

2006 2574 2099 2626 sed
2125 2571 2507 2625 contradicaut
2536 2569 2702 2639 aliqui
2725 2568 2897 2623 Judaei
2932 2578 3025 2621 aut
3048 2568 3301 2639 gentiles,
3334 2579 3390 2624 et
3416 2568 3609 2623 diveri

2006 2679 2067 2719 ευ
2099 2665 2318 2732 quidem
2355 2665 2514 2716 modo
2539 2658 2778 2715 haeretici
2810 2673 2950 2713 verae
2976 2658 3098 2714 ﬁdei
3126 2674 3231 2713 non
3256 2660 3603 2715 coiisenticn-

2008 2760 2131 2818 tes;
2187 2750 2472 2822 oportebat
2503 2750 2649 2803 enim
2702 2761 2828 2802 esse
2856 2748 3090 2802 haereses
3112 2790 3127 2815 ,
3184 2757 3240 2802 ut
3272 2756 3599 2817 apparerent

2006 2843 2187 2908 electi,
2215 2853 2269 2897 et
2292 2842 2612 2913 impleretur
2630 2839 2697 2895 ab
2713 2841 2969 2895 clunibus
2986 2840 3130 2911 quod
3149 2840 3463 2909 praedictum
3481 2851 3603 2898 erat

2006 2935 2072 2991 de
2094 2934 2315 2991 Christo
2350 2952 2380 2991 a
2413 2934 2672 2989 Simeone
2699 2933 2963 3002 prapheta
3003 2931 3218 2987 dicente
3272 2950 3284 2985 :
3337 2930 3471 2987 Ecce
3511 2933 3599 2988 hic

2004 3029 2211 3095 positus
2236 3038 2316 3080 est
2348 3027 2403 3079 t'u
2429 3028 2639 3079 ruinam
2674 3030 2724 3078 et
2753 3023 2810 3076 in
2839 3024 3277 3077 resurrectionem
3304 3024 3596 3077 multorum

2004 3116 2062 3171 in
2096 3114 2289 3183 Israel,
2325 3124 2372 3169 et
2408 3114 2461 3170 in
2484 3115 2692 3185 signum
2719 3114 2804 3167 cui
2826 3114 3219 3168 contradicetur
3241 3112 3308 3168 ⁸ο.
3336 3131 3387 3165 »-

2077 3294 2356 3352 γεπεᾶὅ.
2405 3312 2425 3347 ι
2474 3292 2612 3350 Cum
2640 3293 3056 3350 constituissent
3100 3291 3176 3348 illi
3238 3292 3406 3360 diem,
3433 3307 3597 3350 vene-

299 3385 456 3460 πρδς
489 3387 655 3439 αὑτὸν
688 3386 964 3451 πλείονες·
1000 3386 1081 3453 οἷς
1111 3388 1387 3456 ἐξετίθετο
1416 3391 1901 3466 διαμαρτυρούμε-

2008 3400 2133 3445 runt
2162 3392 2227 3446 ad
2253 3405 2376 3443 eum
2403 3388 2456 3443 in
2484 3386 2779 3459 hospitium
2808 3384 3046 3458 plurimi,
3075 3386 3274 3455 quibus
3290 3388 3599 3456 exponebat

299 3495 400 3543 νος
443 3480 547 3552 τὴν
584 3474 867 3551 βασιλείαν
898 3481 994 3534 τοῦ
1025 3481 1185 3547 Θεοῦ,
1216 3483 1424 3537 πείθων
1445 3499 1506 3536 τε
1545 3485 1743 3549 αὐτοὺς
1772 3488 1903 3557 περὶ

297 3571 402 3627 τοῦ
455 3571 656 3642 Ἰησοῦ,
708 3573 818 3626 ἀπό
864 3590 927 3625 τε
985 3572 1082 3627 τοῦ
1136 3572 1304 3643 νόμου
1332 3574 1617 3638 Μωῦσέως
1660 3576 1903 3633 καὶτῶν

300 3663 641 3735 προφητῶν,
673 3663 784 3716 ἀπὸ
813 3661 959 3736 πρωῒ
999 3663 1106 3727 ἐως
1135 3664 1396 3737 ἑσπέρας.
1437 3681 1460 3718 ι
1776 3678 1779 3681 ·

391 3755 488 3822 ἘΞ
524 3755 825 3824 ἐγγράφων
876 3755 1210 3823 ἀποδείξεων
1246 3756 1479 3831 συνιστᾷ
1536 3759 1667 3823 τοὺς
1701 3759 1900 3814 ἑαυτοῦ

299 3847 510 3919 λόγους
537 3850 566 3901 ὁ
602 3849 814 3915 Παῦλος
839 3866 856 3880 '
891 3853 985 3905 καὶ
1033 3850 1154 3906 οὐδὲ
1203 3852 1263 3921 ἐξ
1312 3853 1543 3925 ἀσήμων
1573 3853 1669 3908 καὶ
1703 3856 1903 3909 άκανορ

305 3942 514 3995 νξστων
548 3941 789 4010 βιϐλίων,
841 3942 964 3996 οὐδέ
994 3943 1056 4010 ἐξ
1096 3943 1391 4016 ἀλλοτρίας
1429 3945 1755 4017 θρησκείας,
1782 3946 1899 4001 ἀλλ’

301 4036 366 4103 εξ
393 4034 614 4090 ἑαυτῶν
640 4053 654 4068 ·
684 4035 766 4088 διό
796 4051 954 4106 φησι,
988 4034 1202 4104 Καλῶς
1253 4037 1323 4091 τὸ
1356 4037 1604 4110 Πνεῦμα
1628 4040 1696 4093 τὸ
1729 4039 1901 4110 ἅγιον

297 4129 586 4197 ἐλάλησε
627 4128 727 4183 διὰ
772 4127 1016 4182 Ἡσαΐου
1046 4129 1153 4183 τοῦ
1210 4133 1527 4204 προφήτου
1558 4134 1711 4202 πρὸς
1758 4132 1901 4200 τοὺς

295 4225 575 4292 πατέρας
625 4220 817 4292 ὑμῶν.
846 4255 919 4264 -
954 4225 1068 4279 Καὶ
1118 4226 1243 4286 μετ’
1281 4226 1479 4294 ὀλίγαο
1512 4255 1585 4266 -
1639 4226 1803 4280 Ἀλλ’
1829 4225 1900 4279 ἐκ

295 4316 571 4381 Μωσέως
604 4316 705 4369 καὶ
739 4314 860 4369 τῶν
886 4312 1215 4384 ,προφητῶν
1242 4330 1257 4347 ·
1287 4312 1368 4367 διὸ
1400 4315 1415 4354 i
1480 4310 1619 4384 πρὸς
1653 4314 1783 4376 τοὺς
1823 4310 1899 4384 μὴ

301 4405 664 4474 πεισθέντας,
708 4406 785 4472 ὡς
814 4406 1106 4476 κακοήθως
1153 4403 1253 4457 καὶ
1280 4404 1411 4458 ἄνευ
1448 4403 1616 4470 λόγου
1658 4404 1898 4474 ἀποτρε-

301 4498 607 4568 πομένους,
634 4495 804 4567 αὐτὴν
840 4497 1138 4568 παρήγαγε
1169 4495 1270 4566 τὴν
1319 4493 1544 4548 Ἡσαΐου
1563 4495 1761 4565 χρῆσιν
1792 4507 1806 4521 ·
1839 4491 1898 4547 ἐν

300 4584 381 4654 οἷς
413 4605 579 4662 φησι,
610 4591 720 4644 Kal
748 4588 877 4656 τοῖς
903 4588 1013 4641 ὠσὶ
1026 4586 1265 4657 ,Βαρέως
1283 4584 1586 4656 ἤκουσαν,
1615 4585 1716 4638 καὶ
1755 4582 1899 4650 τοὺς

302 4683 665 4754 ὀφθαλμοὺς
703 4681 903 4737 αὐτῶν
952 4681 1353 4752 ἐκάμμυσανο
1423 4681 1643 4744 δεικνὺς
1697 4678 1781 4734 ὅτι
1836 4681 1896 4732 ἑν

302 4774 516 4845 είδήσει
546 4772 700 4836 ὄντες
754 4769 848 4827 τοῦ
884 4770 1143 4842 ἀληθοῦς,
1200 4770 1770 4841 άποπροσποιοῦνται,
1815 4768 1891 4841 μὴ

301 4865 559 4930 θέλοντες
590 4864 885 4934 πεισθῆναι
907 4879 921 4894 ·
950 4861 1049 4917 καὶ
1074 4865 1128 4917 ol
1148 4861 1267 4933 μὲν
1292 4862 1611 4918 ἐπείθοντο
1640 4861 1766 4925 τοῖς
1791 4864 1893 4914 ,λε-

304 4960 607 5029 γομένοις,
643 4965 698 5013 at
729 4957 797 5011 δὲ
827 4956 1135 5024 ἠπίστουν
1159 4971 1173 4985 ·
1208 4954 1510 5018 ἀνενδότως
1531 4947 1647 5024 εἶχε
1675 4951 1807 5023 περὶ
1835 4950 1898 5005 τὸ

306 5057 461 5126 πρᾶγ
471 5071 546 5125 μα
577 5055 604 5107 ὁ
626 5053 861 5116 Παῦλος,
896 5051 970 5122 μὴ
990 5049 1173 5104 ἀποκά
1181 5066 1332 5120 μνων
1366 5045 1599 5118 πρὸς-τὸ
1618 5045 1780 5116 ἔργον
1797 5043 1898 5115 τῆς

2010 3483 2305 3538 testiﬁcans
2359 3496 2583 3551 regnum
2630 3478 2766 3545 Dei,
2823 3477 3172 3546 suadensque
3221 3478 3301 3533 eis
3357 3480 3424 3534 de
3467 3475 3599 3534 Jesu

2005 3588 2072 3629 ex
2105 3574 2223 3645 lege
2262 3572 2432 3643 Moysi
2477 3579 2531 3628 et
2561 3570 2845 3642 prophetis
2868 3608 2885 3636 ,
2941 3585 2971 3624 a
3013 3585 3175 3625 mane
3207 3585 3380 3640 usque
3410 3572 3478 3626 ad
3505 3584 3598 3625 ve-

2003 3678 2241 3734 sperant.
2268 3681 2289 3714 ι

2077 3752 2119 3810 Ε
2149 3752 2450 3825 Scripturis
2472 3752 2773 3824 desumptis
2800 3751 3137 3824 argumentis
3163 3766 3444 3809 sermones
3467 3767 3597 3809 suos

2004 3843 2222 3899 conﬁcit
2246 3841 2480 3907 Paulus,
2535 3855 2639 3896 non
2667 3850 2847 3896 autem
2880 3855 2947 3895 ex
2969 3840 3122 3896 libris
3143 3840 3467 3911 ignobilibus
3501 3851 3593 3898 aut

2004 3951 2112 3993 non
2141 3934 2442 4001 canonicis,
2473 3950 2648 4003 neque
2679 3947 2952 3990 extraneae
2986 3932 3285 4004 religionis,
3324 3934 3418 3988 sed
3449 3934 3594 4005 ipso-

2004 4043 2158 4096 rum;
2212 4028 2392 4097 itaque
2420 4027 2554 4082 dicit
2585 4043 2599 4080 :
2634 4025 2866 4096 Spiritus
2895 4036 3110 4081 sanctus
3139 4042 3235 4093 per
3259 4024 3464 4080 Isaiam
3494 4042 3595 4096 pa-

2003 4121 2168 4174 tribus
2191 4120 2371 4174 rum":
2402 4098 2608 4173 locutus
2630 4126 2799 4174 εει-
2814 4114 2880 4169 Ει
2904 4125 3024 4187 post
3048 4132 3217 4186 pauca
3238 4113 3437 4171 z—Sed
3459 4127 3504 4171 et
3526 4133 3593 4172 ea:

2003 4210 2185 4282 Hoer
2208 4223 2254 4266 et
2276 4212 2586 4282 prophetis;
2643 4208 2871 4280 idquue
2893 4218 3080 4264 contra
3110 4207 3437 4275 incredulos,
3471 4219 3592 4263 tan-

2000 4320 2161 4374 quam
2186 4319 2439 4375 perverse
2455 4313 2508 4360 et
2526 4304 2727 4358 absone
2748 4301 3088 4367 resistentes,
3124 4301 3262 4356 hanc
3290 4299 3440 4356 Isaiae
3461 4317 3590 4370 pro—-

2000 4396 2106 4451 fert
2134 4395 2458 4450 sententiam
2486 4411 2501 4449 :
2526 4390 2784 4447 Gratu'bus
2806 4392 3025 4446 auribus
3049 4392 3356 4457 audierunt,
3375 4395 3586 4448 oculos-

1999 4504 2098 4558 que
2124 4503 2247 4542 suos
2278 4487 2579 4540 clauserunt
2597 4484 2674 4551 “;
2739 4484 3033 4540 ostendens
3057 4498 3152 4539 eos
3171 4522 3187 4549 ,
3221 4486 3466 4553 quamvis
3490 4501 3588 4540 ve-

2002 4578 2179 4634 ritatis
2199 4576 2548 4642 sintconscii,
2569 4575 2711 4630 illam
2735 4576 3043 4646 repudiare,
3065 4566 3287 4630 c'federe
3308 4580 3583 4634 nolentes:

2005 4669 2069 4724 Et
2091 4671 2309 4741 quidam
2332 4669 2610 4724 credebant
2639 4668 2708 4722 iis
2732 4681 2850 4738 qua:
2869 4666 3204 4733 dicebautur,
3229 4667 3446 4738 quidam
3467 4684 3588 4722 vero

1999 4782 2102 4819 non
2119 4764 2417 4818 credebant.
2463 4760 2697 4831 Impigre
2718 4759 2933 4830 negotio
2957 4759 3194 4815 instabat
3210 4757 3431 4827 Paulus,
3454 4776 3591 4815 nuu-

1999 4871 2159 4927 quam
2179 4854 2354 4910 fessus
2380 4852 2432 4906 in
2454 4850 2748 4906 laborando
2772 4865 2869 4921 pro
2890 4849 3115 4906 salutari
3145 4850 3247 4904 ﬁde
3270 4860 3324 4904 et
3348 4849 3591 4920 Evange-

2000 4950 2055 5004 lii
2099 4944 2512 5016 praedicatione;
2573 4956 2682 5012 qua
2724 4942 2791 4996 de
2836 4954 3024 5008 causa,
3055 4940 3265 5009 aliquos
3295 4943 3589 5008 persuade-

2001 5038 2090 5095 bat
2117 5077 2133 5104 ,
2183 5034 2395 5091 caeteris
2424 5034 2492 5086 oh
2520 5047 2673 5086 suam
2699 5032 3020 5101 pravitatem
3068 5047 3174 5084 non
3211 5030 3582 5088 credentibus.

1071 5104 1342 5210 καὶσπρὸς
1392 5104 1893 5206 κίονί-εὐαγγελικῶ
1929 5132 2090 5202 λόγον
2114 5147 2127 5161 ·
2158 5127 2240 5182 διὸ
2305 5124 2402 5181 καὶ
2442 5122 2631 5177 ἔπειθὲ
2658 5139 2834 5187 τινας,
2869 5122 2979 5176 τῶν
3022 5120 3198 5177 ἄλλων
3234 5121 3321 5176 διὰ
3380 5104 3584 5179 κακίαν

310 5238 715 5296 ἀπιστούντων.

387 5351 407 5382 ι
444 5331 692 5387 Γνωστὸν
735 5331 827 5385 οὖν
879 5329 1010 5401 ὑμῖν
1060 5326 1229 5393 ἔστω,
1260 5326 1347 5382 ὅτι
1388 5328 1498 5392 τοῖς
1536 5326 1750 5380 ἔθνεσιν
1778 5325 1887 5380 άπ-

310 5424 515 5494 εστάλη
545 5423 702 5477 τοῦτο
729 5424 791 5476 τὸ
822 5423 1093 5492 σωτήριον
1119 5416 1217 5472 τοῦ
1248 5416 1384 5472 Θεοῦ
1440 5417 1596 5472 αὐτοὶ
1612 5417 1707 5471 καὶ
1725 5414 1893 5472 ἀκού-

314 5529 517 5571 σονται.
561 5534 580 5568 ι

388 5649 434 5679 ²⁶
465 5646 599 5703 Luc.
630 5661 686 5708 ll,
712 5647 782 5701 δι
879 5647 923 5677 ¹¹
956 5643 1060 5699 lsa.
1094 5660 1168 5710 vt,
1201 5649 1286 5698 10.

2080 5317 2356 5375 Vens.‘28.
2405 5334 2423 5367 ι
2452 5312 2646 5368 Notum
2677 5327 2807 5382 ergo
2840 5312 2910 5367 sit
2939 5312 3126 5376 vobis,
3164 5312 3416 5382 quoniam
3446 5326 3583 5384 gen-

2005 5413 2149 5468 tibus
2180 5410 2410 5466 tuissum
2439 5416 2523 5462 est
2555 5404 2659 5459 hoc
2685 5403 2923 5459 salutare
2950 5403 3065 5470 Dei,
3096 5415 3148 5459 et
3177 5401 3278 5472 ipsi
3303 5401 3577 5458 audient.»

362 5780 469 5838 ρο.
504 5783 547 5840 C
601 5785 869 5856 ἄγραφος,
909 5793 1073 5839 recte.
1155 5781 1174 5820 τ
1220 5779 1283 5836 C.
1308 5778 1372 5835 C.
1413 5778 1551 5842 ὅλως
1585 5776 1665 5832 τό.
1747 5772 1860 5831 ⁸0.
1892 5779 1901 5824 1

2006 5768 2288 5842 τωτηρίας.
2366 5760 2392 5801 δ
2427 5764 2489 5821 C.
2517 5763 2578 5822 C.
2613 5763 2822 5836 ἀληθεῖ.
2903 5762 2919 5802 ί
2952 5759 3098 5819 C.C.
3134 5759 3213 5816 διὸ
3231 5754 3341 5817 και
