4064 6412
492 310 629 376 1607

1645 316 1980 376 ΑΜΜΟΝΙΙ
2020 316 2555 377 ALEXANDRINI

3622 312 3763 380 1603

564 430 741 501 Supra
776 429 974 482 dictum
1006 424 1299 479 etiamtuit
1330 426 1479 494 quia,
1511 426 1713 483 ludatis
1740 432 1961 484 verbum
1989 446 2073 486 re-

2247 432 2357 484 Kal
2381 430 2558 484 ὀπίσω
2589 429 2787 500 ἐλέχθη
2834 431 2939 497 ὅτι,
2992 431 3101 485 τῶν
3157 430 3430 485 Ἰουδαίων
3457 431 3759 485 ἀποσαλλο·

494 523 849 594 pollentibus,
886 519 1253 573 Convertimur
1298 522 1369 574 ad
1413 530 1589 589 gentes
1637 535 1655 573 :
1701 522 1854 576 deest
1890 533 2071 578 autem

2176 524 2358 592 μένων
2383 522 2472 575 τὸν
2493 522 2677 590 λόγον,
2706 523 3085 592 Στρεςρόμεθα
3100 526 3188 589 εις
3207 524 3280 577 τὰ
3303 523 3470 590 ἔθνη·
3498 523 3677 577 λείπει
3701 523 3757 577 δὲ

495 629 595 666 vox
623 628 736 681 per,
772 627 890 683 pro,
936 612 1181 669 snlJtare
1211 615 1357 683 quod
1383 627 1479 682 per
1505 611 1673 667 Deum
1704 611 1954 671 ﬁdelibus
1977 615 2073 670 da-

496 715 605 759 tur.

2173 611 2237 664 τὺ
2262 610 2379 676 διὰ,
2411 612 2537 665 ἀντὶ
2564 610 2684 677 τοῦ,
2723 613 2758 681 ἡ
2792 612 3038 682 σωτηρία
3073 616 3107 684 ή
3140 614 3228 666 διὰ
3260 611 3354 666 τοῦ
3379 612 3514 667 Θεοῦ
3541 613 3759 685 διδομέ-

2177 719 2242 772 νη
2273 703 2386 767 τοῖς
2426 704 2659 767 πιστοῖς.

511 912 3742 941 mm

673 1078 1495 1171 FRAGMENTUM
1559 1078 1682 1167 IN
1740 1076 2207 1166 PRIMAM
2262 1077 2358 1165 S.
2417 1076 2776 1167 PETRI
2864 1077 3543 1171 EPISTOLAM

1336 1269 1361 1318 Ι
1390 1267 1477 1323 Ea:
1503 1280 1688 1323 catena
1719 1267 1968 1324 (λιιι-εει
1992 1268 2050 1323 in
2077 1265 2344 1337 Epistolas
2377 1267 2687 1333 catholicas,
2716 1286 2770 1338 μ.
2801 1267 2916 1339 68.)

1137 1566 1295 1624 CAP.
1336 1566 1423 1622 Ill.

570 1695 735 1748 Vens.
768 1687 855 1752 l9,
879 1685 972 1741 ‘20.
1016 1704 1034 1736 ι
1069 1684 1127 1739 In
1150 1700 1257 1754 quo
1279 1683 1430 1740 etbis
1453 1686 1543 1755 qui
1568 1684 1620 1740 in
1651 1698 1869 1742 carcere
1894 1694 2071 1752 erant,

2732 1571 2995 1625 ΚΕΦΔΔ.
3038 1568 3113 1627 Γ.

2258 1703 2278 1737 ι
2325 1683 2415 1738 Ἕν
2524 1684 2757 1749 καὶτοῖς
2794 1685 2853 1739 ἐν
2886 1684 3100 1758 φυλακῇ
3139 1687 3416 1758 πνεύμασι
3460 1690 3761 1760 πορευθεὶς

496 1780 800 1849 spiritibus,
852 1779 1073 1833 veniens
1131 1778 1465 1847 praedicavit,
1513 1776 1604 1846 qui
1664 1777 1922 1832 increduli
1960 1777 2077 1832 fue-

2179 1777 2468 1846 ἐκήρυξεν,
2522 1777 2857 1846 ἀπειθήσασὶ
2897 1794 3052 1844 ποτε,
3085 1778 3174 1831 ὅτε
3206 1777 3622 1851 ἀπεξεδέχετοή
3661 1782 3759 1835 τοῦ

497 1882 621 1927 rant
647 1871 955 1940 aliquando,
977 1872 1194 1940 quando
1213 1869 1598 1939 exspectabant
1624 1869 1717 1923 Dei
1750 1868 2069 1939 patientiam

501 1965 556 2018 in
578 1963 770 2020 diebus
790 1961 923 2025 Noe,
949 1978 1069 2017 cum
1099 1962 1459 2015 fabricaretur
1489 1975 1613 2014 arca
1641 1976 1655 2015 :
1682 1959 1736 2014 in
1763 1973 1867 2028 qua
1891 1959 2068 2029 pauci,

494 2057 550 2113 id
583 2065 669 2109 est
699 2065 821 2109 octo
849 2057 1043 2108 anima:
1072 2054 1233 2108 salva:
1260 2052 1415 2106 factm
1444 2060 1569 2106 sunt
1592 2065 1687 2120 per
1715 2066 1933 2121 aquam.
1976 2068 1995 2102 ι

567 2144 923 2215 Interrogavit
949 2157 1035 2197 me
1063 2142 1334 2197 Caesarius
1364 2140 1748 2206 scholasticus,
1788 2156 1939 2207 num,
1976 2139 2071 2194 de-

491 2235 789 2290 scendente
815 2233 881 2287 ad
913 2232 1115 2288 inferos
1150 2232 1301 2298 Jesu,
1326 2232 1418 2287 Dei
1449 2230 1645 2293 Verbo,
1676 2231 1919 2286 omnium
1953 2232 2071 2284 ani-

495 2341 703 2379 marum
758 2324 972 2379 vincula
1022 2324 1201 2378 soluta
1222 2324 1365 2389 sint;
1412 2333 1465 2378 et
1496 2323 1750 2393 respondi
1788 2340 1802 2378 :
1849 2320 2067 2391 Utique.

495 2418 561 2472 Et
588 2417 677 2473 ille
703 2435 716 2472 :
744 2417 863 2487 Ipse
889 2417 1053 2471 etiam
1084 2414 1253 2469 Judas
1287 2416 1550 2469 liberatus
1573 2413 1690 2469 est?
1710 2413 1963 2475 Omnino,
1986 2415 2068 2467 in-

495 2527 655 2582 quam
684 2528 698 2564 :
718 2518 987 2582 praesente
1006 2509 1149 2564 enim
1181 2510 1558 2563 universorum
1583 2522 1728 2578 rege,
1753 2520 1857 2562 non
1896 2506 2070 2577 potuit

494 2610 778 2672 tyrannus,
801 2610 853 2654 et
879 2600 995 2669 ipse
1010 2598 1285 2661 subactus,
1315 2607 1542 2652 mortem
1568 2598 1711 2665 dico,
1733 2597 1897 2652 ullum
1918 2607 2069 2668 post-
2094 2638 2097 2639 ν

495 2706 558 2746 ca
582 2691 824 2744 detinere
859 2688 1150 2757 captivum.
1173 2688 1311 2753 Quid
1340 2688 1502 2758 igitur
1526 2686 1654 2741 fecit
1673 2686 2071 2743 Dontinusliu-

496 2781 637 2853 quit.
681 2779 1012 2848 Sicutsuper
1055 2788 1256 2833 terram
1284 2777 1688 2847 przedicaverat,
1717 2776 1789 2831 ita
1821 2776 2071 2831 omnibus

494 2874 585 2944 qui
611 2873 662 2926 in
679 2871 889 2926 inferno
910 2882 1061 2926 erant
1078 2868 1395 2939 praedicavit
1417 2870 1556 2923 viam
1582 2882 1702 2938 quae.
1722 2868 1790 2923 ad
1815 2879 2069 2923 aeternam

491 2963 718 3019 salutem
742 2966 984 3028 duceret,
1005 2976 1198 3031 nempe
1225 2970 1281 3014 ut
1297 2960 1583 3016 crederent
1608 2961 1660 3014 in
1678 2959 1917 3025 Patrem,
1943 2970 1996 3016 et
2018 2960 2070 3014 in

494 3055 694 3125 ipsum,
714 3054 803 3123 qui
829 3053 1257 3118 incarnatuseSI,
1278 3060 1523 3106 mortuus
1538 3060 1618 3105 est
1636 3060 1856 3120 prapter
1877 3065 1993 3115 nos,
2018 3058 2071 3105 et

2173 1866 2308 1924 Θεοῦ
2352 1866 2727 1938 μακροθυμία,
2761 1868 2818 1919 ἐν
2861 1868 3099 1939 ἡμέραις
3138 1868 3286 1932 Νῶε,
3339 1871 3758 1936 κατασκευαζο-

2174 1958 2345 2031 μένης
2368 1958 2632 2022 κιϐωτοῦ,
2663 1960 2742 2023 είς
2762 1960 2828 2031 ἢν
2854 1960 3056 2028 ὀλίγαι,
3083 1962 3364 2016 τουτέστιν
3393 1963 3559 2029 ὀκτὼ,
3584 1965 3761 2036 ψυχαὶ

2169 2050 2506 2120 διεσώθησαν
2545 2052 2612 2104 δι’
2647 2050 2863 2115 ὕδατος,
2897 2071 2916 2104 ι

2254 2140 2542 2212 ’Πρώτησὲ
2592 2158 2660 2211 με
2710 2144 2739 2194 ό
2796 2142 3155 2212 σχολαστικὸς
3186 2145 3514 2218 Καισάριος,
3551 2150 3599 2202 εξ
3629 2165 3761 2202 κατ-

2169 2231 2419 2294 ελθόντος
2475 2233 2557 2295 εἱς
2603 2232 2733 2303 ᾅδου
2785 2233 2962 2304 Ἰησοῦ
3001 2234 3096 2288 τοῦ
3150 2236 3284 2289 Θεοῦ
3331 2239 3529 2306 Λόγου.
3564 2240 3762 2293 πασῶν

2169 2322 2278 2375 τῶν
2315 2322 2505 2393 ψυχῶν
2555 2322 2718 2394 ἐλύθη
2754 2327 2826 2376 τὰ
2857 2324 3056 2395 δεσμά.
3098 2328 3212 2381 Καὶ
3254 2327 3430 2384 εἵπονο
3464 2330 3593 2385 Ναί.
3624 2327 3762 2386 Εἶτα

2169 2410 2264 2467 οὖν
2293 2431 2426 2484 φησι
2445 2430 2457 2443 ·
2506 2414 2615 2467 Kal
2637 2416 2665 2468 ὁ
2725 2414 2926 2480 Ἰούδας
2967 2416 3261 2488 λελυμένος
3300 2415 3370 2491 ἦν
3397 2439 3413 2487 ;
3444 2423 3557 2475 Kal
3577 2418 3758 2489 εἷπον,

2171 2505 2282 2559 Καὶ
2322 2504 2482 2557 πάνυ.
2528 2506 2603 2558 Ού
2648 2506 2758 2577 γὰρ
2791 2501 2904 2561 οἷόν
2953 2526 3013 2561 τε
3062 2505 3153 2581 ἦν,
3208 2510 3304 2563 τοῦ
3360 2513 3763 2584 παμϐασιλέως

2172 2595 2462 2668 παρόντος,
2485 2594 2578 2648 τὸν
2608 2595 2871 2664 τύραννον
2909 2597 3002 2650 καὶ
3031 2597 3197 2652 αὑτὸν
3225 2601 3584 2672 χειρωθέντα,
3614 2603 3762 2671 λέγω

2170 2690 2234 2762 δὴ
2274 2690 2367 2743 τὸν
2402 2689 2661 2756 θάνατον,
2693 2689 2773 2742 ἐτι
2803 2691 2928 2753 τοὺς
2957 2690 3342 2762 αἰχμαλώτους
3375 2693 3653 2764 κατέχειν.
3690 2695 3760 2748 Τί

2170 2781 2264 2840 οὖν
2290 2788 2318 2839 ό
2346 2785 2554 2858 Κύριος
2568 2785 2813 2856 ἐποίησε,
2834 2785 3371 2859 φησίν;.Ἐκήρυξεν
3398 2788 3475 2853 ὡς
3505 2790 3598 2843 ἐπὶ
3626 2789 3757 2859 γῆς.

2172 2878 2411 2941 καὶτοῖς
2458 2880 2517 2935 ἐν
2572 2878 2701 2950 ᾅδου
2737 2879 2892 2943 πᾶσι,
2948 2878 3049 2950 τὴν
3091 2880 3171 2943 είς
3211 2879 3433 2934 αἰώνιον
3478 2883 3760 2952 σωτηρίαν

2172 2969 2413 3040 ἄγουσαν
2453 2969 2598 3034 όδὸν,
2651 2967 2796 3022 ὥστε
2825 2970 3107 3024 πιστεύειν
3137 2971 3218 3035 εἰς
3246 2973 3339 3024 τὸν
3376 2972 3621 3044 Πατέρα,
3660 2975 3760 3028 καὶ

2173 3063 2255 3125 εἰς
2276 3060 2440 3115 αὑτὸν
2465 3061 2557 3114 τὸν
2588 3059 3094 3132 ἐνανθρωπήσαντα
3123 3063 3219 3115 καὶ
3239 3062 3584 3117 ἀποθανόντα
3614 3065 3760 3137 ὑπὲρ

494 3120 772 3203 descendit
794 3145 861 3200 ad
887 3144 1109 3209 inferos,
1131 3158 1336 3198 necnon
1354 3143 1409 3197 in
1432 3141 1692 3213 Spiritum
1714 3153 1962 3198 sanctum
1981 3160 1995 3210 ;
2016 3151 2069 3196 et
2097 3138 2101 3167 ¹

2173 3120 2352 3224 ήμῶν,
2382 3152 2478 3207 καὶ
2511 3120 2843 3206 κατελθόντα
2886 3120 2966 3216 εἰς
3012 3153 3161 3224 ᾅδου,
3188 3153 3282 3209 καὶ
3333 3156 3414 3219 είς
3442 3156 3503 3209 τδ
3529 3120 3761 3227 Πνεῦμα

492 3238 584 3308 qui
609 3237 985 3301 crediderunt,
1016 3250 1112 3291 eos
1147 3235 1363 3304 quidem
1400 3249 1584 3289 secum
1615 3235 1860 3300 abduxit,
1890 3232 2066 3290 inere-

492 3328 646 3385 dulos
684 3340 865 3383 autem
902 3328 956 3382 in
1013 3327 1181 3396 priori
1235 3335 1380 3380 statu
1432 3325 1672 3395 reliquit.
1723 3322 1868 3379 Tum
1908 3325 1996 3379 ille
2048 3342 2063 3378 :

493 3419 1009 3489 Quomodoﬁuquit,
1037 3418 1162 3473 ﬁeri.
1176 3418 1349 3487 potuit
1371 3428 1430 3472 ut
1448 3419 1542 3488 qui
1568 3418 1620 3472 in
1658 3417 1869 3472 inferno
1890 3424 2065 3484 erant,

494 3524 594 3583 per
629 3511 1001 3581 ptenitentiam
1032 3509 1428 3566 liberarentur?
1456 3509 1523 3564 In
1553 3508 1762 3578 inferno
1801 3510 1959 3575 enim,
1985 3509 2069 3563 in-

494 3601 607 3670 quit
623 3600 928 3670 Scriptura,
951 3599 1069 3670 quis
1090 3598 1421 3667 conﬁtebitur
1436 3598 1624 3653 tibi“?
1642 3597 1804 3666 Sane,
1824 3598 2065 3668 inquam,

493 3682 850 3763 pauitantia,
889 3691 1005 3747 sive
1050 3691 1351 3758 confessio,
1400 3692 1578 3746 locum
1608 3690 1809 3746 habere
1837 3691 1975 3746 solet
2013 3691 2068 3746 in

496 3783 562 3837 iis
596 3782 707 3851 qui,
740 3796 768 3834 a
806 3795 972 3850 prave
998 3779 1131 3834 actis
1166 3778 1569 3848 resipiscentes,
1611 3778 1832 3848 propria
1872 3777 2067 3834 delicta

492 3876 824 3930 conﬁtentur
854 3890 871 3929 :
904 3872 1046 3941 quod
1079 3870 1151 3926 ibi
1185 3870 1407 3925 minime
1432 3868 1633 3924 factum
1666 3878 1772 3936 est,
1801 3870 2067 3940 siquidem

493 3966 608 4020 sola
640 3964 774 4019 ﬁdes
821 3977 915 4017 eos
962 3960 1192 4017 salvavit
1238 3960 1332 4029 qui
1376 3960 1432 4014 in
1459 3960 1671 4015 inferno
1697 3960 2064 4016 crediderunt.

495 4057 760 4112 Cancrum
794 4064 980 4125 aperte
999 4053 1194 4124 legitur
1215 4051 1268 4108 in
1288 4050 1544 4122 Epistolis
1567 4052 1884 4120 Catholicis,
1918 4054 2069 4109 Chri-

492 4163 635 4203 stum
665 4146 957 4200 incredulis
998 4145 1049 4199 in
1086 4144 1297 4200 inferno
1332 4145 1678 4215 praedicasse,
1725 4160 1824 4199 nec
1866 4145 2068 4199 frustra

2167 3250 2229 3303 τὸ
2251 3248 2431 3317 ἆγιον.
2465 3248 2578 3303 Kal
2615 3248 2744 3313 τοὺς
2796 3247 2898 3318 μὲν
2930 3248 3340 3314 πιστεύσαντας
3379 3252 3625 3323 ἀνήγαγε
3657 3255 3761 3307 σὺν

2168 3340 2347 3411 ἐαυτῷ
2380 3357 2393 3371 ·
2433 3340 2563 3403 τοὺς
2592 3338 2649 3392 δέ
2672 3339 3091 3409 ἀπιστήσαντας
3120 3339 3273 3394 εἴασε
3323 3342 3476 3396 κάτω
3506 3342 3669 3395 πάλιν
3686 3345 3759 3397 ἓν

2166 3435 2233 3503 τῇ
2267 3429 2459 3503 πρώτῃ
2483 3429 2844 3485 καταστάσει.
2866 3424 3003 3485 Εῐτα
3024 3429 3187 3485 πάλιν
3204 3427 3328 3485 εῐπέ
3346 3450 3438 3503 μοι
3456 3450 3469 3462 ·
3497 3433 3607 3487 Kal
3636 3433 3758 3498 πῶς

2167 3518 2279 3577 οἷόν
2307 3539 2367 3576 τε
2381 3517 2451 3594 ἦν
2478 3522 2608 3587 τοὺς
2639 3522 2698 3576 ἐν
2722 3520 2849 3593 ᾅδου
2874 3520 2962 3574 διὰ
2985 3521 3280 3593 μετανοίας
3295 3523 3754 3595 ἐλευθερωθῐψας

2181 3614 2284 3669 Ἐν
2296 3612 2365 3667 δὲ
2382 3613 2463 3680 τῷ
2483 3611 2599 3683 ᾅδῃ
2630 3612 2723 3679 τίς
2740 3612 3250 3683 ἐξομολογήσεται
3277 3631 3380 3670 σοι
3403 3632 3422 3678 ;
3442 3612 3520 3670 Ἦ
3548 3617 3689 3686 τάχα
3718 3617 3755 3688 η

2169 3704 2555 3778 ἐξομολόγησις
2569 3701 2786 3757 ἐπὶτῶν
2810 3704 3276 3776 μεταμελομένων
3289 3704 3376 3775 ἐφ’
3387 3700 3469 3771 οἷς
3485 3706 3757 3779 ἔπραξαν,

2169 3795 2263 3851 καὶ
2297 3792 2807 3866 ἐξομολογουμένων
2829 3792 2899 3848 τὰ
2945 3793 3051 3848 ῐδια
3092 3794 3542 3867 πλημμελήματα
3569 3797 3759 3870 χώραν

2169 3886 2304 3958 ἔχει,
2350 3888 2490 3957 ὅπερ
2531 3885 2653 3940 τότε
2680 3885 2743 3939 οὐ
2791 3885 2986 3955 γέγονε
3010 3902 3023 3917 ·
3054 3886 3197 3958 ψιλὴν
3216 3886 3326 3959 γὰρ
3360 3889 3543 3953 πίστις
3577 3890 3756 3944 ἔσωσε

2168 3978 2295 4043 τοὺς
2321 3981 2379 4033 ἐν
2408 3977 2509 4051 ᾅδῃ
2531 3976 2959 4043 πιστεύσαντας.
2985 3979 3099 4032 Kal
3137 3978 3254 4032 ἐστι
3289 3979 3393 4050 μὲν
3419 3982 3593 4051 σαφὲς
3622 3981 3759 4035 ἀνά-

2170 4083 2399 4139 γνωσμα
2429 4069 2488 4121 ἐν
2518 4068 2642 4130 ταῖς
2689 4066 3047 4133 Καθολικαῖς,
3091 4068 3174 4121 ὅτι
3215 4069 3488 4139 ἐκήρυξεν
3527 4071 3586 4123 ἐν
3626 4070 3759 4142 ᾂδού

2170 4160 2284 4222 τοῖς
2314 4157 2687 4229 ἀπειθήσασιν
2712 4156 3048 4229 ἀνθρώποις,
3067 4160 3306 4231 ἐκήρυξε
3331 4162 3389 4216 δέ
3406 4162 3528 4235 οὐχὶ
3553 4163 3756 4235 μάτην,

494 4239 843 4312 praedicasse,
866 4253 1051 4292 verum
1084 4247 1141 4294 ut
1163 4238 1528 4309 praedicationi
1559 4239 1844 4293 credentes
1871 4236 2068 4290 libera-

2170 4248 2285 4303 ἀλλ’
2318 4248 2405 4305 ἵνα
2458 4250 2588 4314 τοὺς
2639 4248 3047 4315 πιστεύσαντας
3077 4252 3154 4322 τῷ
3184 4254 3505 4326 κηρύγματι
3546 4254 3761 4329 λυτρώ-

495 4342 598 4387 ret.
631 4330 1120 4398 Quemadmodum,
1148 4331 1272 4385 dum
1297 4330 1352 4383 in
1379 4331 1536 4383 terris
1561 4337 2000 4392 conversaretur,
2028 4342 2058 4382 a

2172 4357 2335 4412 σηται
2361 4357 2376 4372 °
2413 4340 2605 4412 ὥσπερ
2651 4341 2748 4395 καὶ
2792 4340 2888 4394 ἐπὶ
2940 4342 3040 4411 τῆς
3072 4344 3176 4413 γῆς
3222 4343 3321 4410 ὢν,
3372 4347 3499 4410 τοὺς
3540 4348 3764 4402 πιστεύι

497 4422 739 4492 peccatis
760 4435 855 4491 per
876 4421 1338 4489 regenerationem
1373 4419 1639 4474 liberabat
1667 4420 1975 4482 credentes,
2001 4421 2066 4476 ad

2178 4448 2377 4497 σαντας
2451 4431 2755 4504 ἠλευθέρου
2834 4432 2948 4512 τῶν
3001 4436 3287 4508 προτέρων
3336 4439 3761 4511 ἁμαρτημάτων

490 4502 845 4583 archetypum
888 4526 983 4573 eos
1044 4513 1365 4565 reformatis.
1438 4510 1614 4578 lpsine
1652 4507 1802 4564 Judze
1830 4550 1845 4575 ,
1895 4510 2068 4581 inquit

2173 4522 2260 4577 διὰ
2312 4524 2414 4595 τῆς
2469 4502 2622 4588 θείας
2657 4502 3128 4597 ἡάναγεννήσεως,
3176 4502 3288 4581 ’ἐπὶ
3331 4502 3393 4583 τό
3447 4502 3761 4602 ἀρχέτυπον

493 4602 788 4669 Caesarius,
821 4603 985 4657 etiam
1017 4601 1355 4673 praedicavit,
1389 4600 1549 4666 eique
1576 4596 1887 4653 facultatem
1921 4601 2069 4657 dedit

2172 4615 2372 4678 αὐτοὺς
2416 4605 2829 4686 ἀναστοιχειῶν.
2869 4596 3007 4672 Εἶτα
3057 4619 3220 4673 πάλιν
3276 4616 3401 4673 εἶπέ
3454 4596 3586 4692 μοι·
3645 4624 3761 4677 Kal

494 4710 591 4764 per
627 4693 999 4762 paenitentiam
1047 4706 1231 4746 secum
1273 4688 1637 4743 ascendendi?
1667 4687 1784 4745 Non
1836 4693 2063 4761 opinor,

2172 4706 2252 4777 τῷ
2297 4705 2467 4777 Ἰούδᾳ
2495 4706 2753 4778 ἐκήρυξε,
2786 4709 2882 4763 καὶ
2925 4708 3125 4763 ἔδωκεν
3154 4710 3304 4783 αύτῷ
3353 4687 3540 4766 ἄδειαν
3566 4713 3662 4767 τοῦ
3693 4717 3761 4770 ἐκ

2177 4793 2472 4865 μετανοίας
2495 4798 2867 4870 συναναὸἦναι
2890 4799 3076 4870 αὐτῷ;
3118 4802 3231 4855 Kal
3263 4798 3420 4857 εἷπον
3444 4819 3459 4835 ·
3493 4805 3569 4858 Οὐ
3602 4807 3759 4876 νομί-

492 4876 757 4945 siquidem
796 4875 832 4929 ii
862 4873 952 4943 qui
1003 4871 1310 4940 baptizandi
1356 4882 1509 4936 sunt,
1551 4878 1940 4946 mystagogicas
1971 4893 2066 4932 ca-

2174 4884 2274 4951 ζω.
2299 4886 2412 4941 Καὶ
2435 4885 2543 4960 γὰρ
2574 4890 2831 4960 περιττὸν
2851 4885 2921 4961 ἧν
2959 4890 3037 4961 τῷ
3065 4893 3229 4946 εἰδότι
3260 4895 3519 4966 κηρύξαι,
3550 4871 3759 4966 ὅπουγε

493 4967 740 5022 techeses
772 4964 937 5019 semel
967 4963 1271 5029 accipiunt;
1302 4976 1463 5031 porro
1494 4962 1690 5029 ludas,
1735 4982 1839 5021 non
1877 4969 2064 5035 modo,

2174 4979 2405 5043 καὶτοῖς
2457 4980 2713 5051 μέλλουσι
2738 4981 3102 5052 βαπτίζεσθαι
3137 4962 3431 5058 προσάπαξ
3473 4991 3529 5043 al
3581 4962 3757 5061 μυστ-

496 5058 624 5114 dum
660 5055 1049 5125 redemptionis
1085 5056 1343 5125 mysterio
1381 5056 1626 5112 initiatus
1670 5067 1781 5126 est,
1826 5058 1955 5115 illud
1985 5071 2068 5116 est

2173 5071 2449 5140 αγωγικιι.)⁸
2478 5075 2812 5144 κατηχήσεις
2840 5075 3103 5143 γίνονταιο
3120 5077 3150 5129 ό
3176 5055 3235 5131 δὲ
3272 5078 3472 5144 Ἰούδας
3497 5081 3559 5133 οὐ
3581 5055 3757 5151 ’μόνον

493 5149 797 5218 amplexus,
826 5160 1018 5200 verum
1067 5146 1232 5199 etiam
1256 5146 1382 5216 ipse
1407 5148 1529 5204 aliis
1566 5151 1896 5219 praedicavit,
1929 5151 2066 5208 divi-

2171 5160 2260 5214 ὅτε
2282 5163 2571 5233 κατηχήθη
2600 5164 2662 5217 τὸ
2689 5166 2989 5237 μυστήριον
3011 5168 3105 5221 καὶ
3127 5169 3475 5236 κατεδέξατο,
3495 5146 3632 5225 ἀλλὰ
3664 5176 3760 5226 καὶ
3792 5226 3795 5229 ,

495 5256 671 5309 itaque
701 5238 875 5306 gratia
903 5237 1157 5305 dignatus
1180 5247 1283 5305 est,
1307 5240 1440 5295 adeo
1459 5252 1518 5295 ut
1541 5242 1801 5299 daemonia
1834 5246 2059 5315 ejiceret

2172 5250 2357 5315 ἄλλοις
2386 5253 2551 5316 αὐτὸς
2584 5255 2840 5325 ἐκήρυξε,
2881 5258 2977 5310 καὶ
3026 5257 3178 5324 θείας
3233 5260 3460 5332 χάριτος
3516 5262 3755 5333 ἠξιώθη,

490 5339 548 5384 et
587 5326 902 5383 saltationes
924 5337 1283 5396 operaretur;
1331 5341 1515 5398 postea
1545 5347 1673 5387 vero
1708 5347 1805 5403 per
1835 5334 2063 5389 liberum

2170 5340 2312 5395 ὥστε
2359 5344 2455 5397 καὶ
2494 5345 2761 5417 δαίμονας
2808 5347 3096 5405 ἐκϐάλλειν
3150 5326 3266 5406 καί.
3306 5326 3480 5418 ίάσεις
3534 5326 3755 5409 ποιεῖνῖ

493 5433 608 5474 sua:
657 5416 947 5472 voluntatis
989 5418 1271 5474 arbitrium
1324 5435 1356 5476 a
1406 5433 1555 5477 recta
1589 5424 1675 5478 via
1726 5424 2002 5481 aberravit
2048 5444 2063 5482 :

2174 5434 2405 5508 ὕστερον
2436 5436 2493 5490 δὲ
2533 5416 2623 5492 διὰ
2653 5439 2748 5492 τοῦ
2775 5441 3130 5509 αὐτεξουσίου
3165 5445 3264 5514 τῆς
3297 5416 3494 5500 ἑαυτοῦ
3524 5445 3757 5517 γνώμης

493 5506 585 5577 qui
626 5520 696 5561 ne
734 5509 1095 5574 reprehensus
1124 5510 1340 5579 quidem
1372 5526 1399 5564 a
1434 5510 1665 5567 Domino
1692 5513 1907 5572 dicente
1938 5536 1949 5571 :
1986 5517 2065 5572 Tu

2174 5506 2553 5598 μετατραπεὶς
2575 5529 2861 5597 ἐξώκειλεν
2885 5549 2899 5564 ο
2923 5506 2981 5598 δς
3004 5534 3125 5589 ούδέ
3163 5506 3447 5608 ἐλεγχθεὶς
3478 5506 3759 5611 παρὰ-τόδ

495 4785 715 4855 inquam
758 4802 772 4839 :
808 4784 1010 4837 frustra
1046 4782 1188 4835 enim
1224 4780 1416 4834 scienti
1448 4780 1793 4847 praedicatum
1841 4784 2062 4855 fuisset,

569 5682 615 5759 ’ξ
640 5684 781 5744 Psal.
814 5703 887 5759 vt,
920 5692 972 5748 6.
