4064 6408
532 282 670 352 1615

1617 273 1873 336 GENNA
1887 273 1998 334 DII
2037 269 2551 334 PATRIARCILE
2581 272 2691 336 (ΖΡ.

3679 279 3819 342 Milli

527 403 674 458 enim
706 407 762 454 et
787 392 1157 468 spiritualibns
1184 389 1344 449 donis
1379 389 1521 446 nulla
1549 399 1631 445 est
1661 403 1785 444 cum
1814 387 2044 441 terrenis
2065 395 2112 440 et

2223 386 2254 456 ῆ
2291 386 2512 457 χρυσὸν,
2541 387 2575 458 ή
2612 402 2735 441 τινα
2775 387 3117 459 περιουσίαν,
3147 389 3322 455 ἄλλως
3361 390 3500 456 ὅλως
3535 391 3748 466 ὑλικὴν,
3782 395 3816 467 ῆ

530 491 916 565 temporalibus
944 483 1307 544 commutandi
1343 482 1506 539 ratio.
1529 480 1642 535 lloc
1666 487 1845 535 autem
1879 492 2118 547 praecep-

531 598 642 642 tum
677 601 781 641 non
814 583 987 639 solum
1019 578 1146 644 illis,
1168 576 1262 632 sed
1293 576 1457 632 etiam
1486 573 1643 630 nobis
1674 587 1769 644 per
1803 571 1926 626 illos
1949 571 2116 637 dedit,

528 690 667 745 quos
691 675 742 728 in
775 673 988 727 illorum
1009 670 1233 740 gradum
1250 667 1491 724 etlocum
1507 661 1839 720 substituere
1863 661 2116 732 dignatus

525 776 610 820 est
637 774 723 819 :et
742 769 976 834 oportet,
1003 759 1146 816 sicut
1164 757 1240 813 illi
1258 764 1409 822 tunc,
1430 769 1530 812 nos
1551 766 1767 824 quoque
1792 767 1936 808 nunc
1957 766 2120 806 accu-

526 867 645 912 rate
667 865 722 910 et
746 853 1032 926 diligenter
1059 863 1300 914 servare,
1333 862 1434 904 nec
1459 847 1514 902 in
1543 845 1610 902 iis
1631 859 1754 916 quae
1778 844 2006 900 techuas
2030 857 2119 899 so-

527 947 790 1020 phisticae
807 959 912 1001 non
935 944 1252 1007 admittunt,
1268 939 1348 996 uti
1367 937 1661 1009 sophistica
1679 934 1992 1000 calliditate,
2018 949 2120 991 nec

527 1041 701 1096 aleam
729 1035 1087 1110 periculosam
1116 1033 1300 1104 jacere
1326 1045 1340 1085 :
1363 1027 1566 1094 Gratis,
1593 1027 1786 1098 inquit,
1817 1025 2114 1096 accepistis,

527 1131 693 1204 gratis
715 1132 858 1185 date.
887 1126 936 1182 Ν
945 1144 1011 1182 οη
1038 1123 1362 1196 possidentes
1389 1139 1483 1186 res.
1523 1136 1685 1192 neque
1706 1136 1924 1186 aurum,
1953 1134 2117 1190 neque

526 1230 800 1291 argentum
822 1221 876 1272 in
900 1217 1048 1272 sonis
1067 1215 1316 1270 vestris".
1341 1212 1582 1282 Simplex
1613 1223 1696 1267 est
1719 1220 1773 1265 et
1800 1219 1990 1281 aperta
2017 1209 2119 1264 hn-

523 1311 612 1381 jns
651 1308 892 1365 mandati
939 1307 1115 1372 ratio,
1154 1319 1276 1375 qua:
1316 1303 1450 1359 nihil
1499 1303 1665 1358 habet
1703 1302 1940 1368 varium,
1980 1299 2116 1355 nihil

527 1404 669 1474 quod
695 1418 801 1458 non
825 1401 896 1456 sit
937 1399 1096 1459 facile
1122 1407 1176 1455 et
1198 1397 1550 1468 explicatum,
1592 1393 1728 1450 nihil
1760 1393 1908 1464 quod
1933 1393 2117 1464 sophi-

524 1496 660 1552 stica
687 1494 1031 1566 expositione
1054 1502 1232 1565 egeat.
1262 1492 1311 1547 Α
1349 1506 1461 1558 me,
1491 1491 1690 1562 inquit,
1712 1489 2002 1560 accepistis
2030 1489 2116 1544 di-

525 1589 784 1662 gnitatem
815 1586 1125 1645 sacerdotii.
1166 1584 1223 1640 Si
1262 1583 1394 1639 mihi
1435 1597 1535 1654 pro
1578 1585 1696 1654 ipso
1758 1597 1951 1652 parum
1986 1579 2117 1651 quid

523 1679 608 1735 vel
635 1693 887 1750 magnum
949 1675 1192 1732 solvistis
1215 1714 1231 1742 ,
1279 1683 1333 1730 et
1362 1674 1467 1731 hoc
1497 1688 1528 1727 a
1559 1687 1646 1729 me
1670 1671 1950 1728 venditum
1987 1679 2112 1736 est,

524 1787 622 1829 vos
660 1750 1118 1842 quoque'ipsum
1151 1767 1273 1824 aliis
1306 1766 1525 1823 vendite
1571 1781 1586 1820 :
1636 1765 1682 1822 si
1717 1773 1898 1819 autem
1939 1763 2114 1834 gratis

524 1863 838 1934 accepistis,
853 1877 948 1918 vos
965 1874 1180 1932 quoque
1195 1859 1366 1932 gratis
1381 1858 1530 1913 date.
1547 1855 1686 1924 Quid
1710 1857 1814 1911 hoc
1839 1863 1928 1911 est
1954 1871 2112 1910 man-

527 1957 655 2012 dato
705 1955 986 2026 apertius?
1015 1950 1156 2020 Quid
1197 1960 1379 2006 autem
1413 1949 1480 2004 iis
1505 1948 1596 2018 qui
1639 1954 1856 2018 parent,
1887 1945 2114 2002 utilius?

523 2047 620 2103 Vm
645 2047 756 2104 illis
771 2061 828 2102 re
849 2061 972 2101 vera
993 2045 1083 2116 qui
1107 2041 1201 2098 Dei
1219 2041 1419 2098 donum
1434 2040 1744 2111 acquirere,
1761 2037 1846 2094 vel
1870 2038 1998 2094 illud
2017 2051 2114 2110 pro

526 2139 754 2212 pecunia
775 2139 908 2196 dare
934 2139 989 2192 in
1019 2135 1256 2190 animum
1277 2133 1560 2189 inducunt.
1589 2129 1647 2184 In
1681 2129 1751 2186 fel
1778 2131 1922 2185 enim
1957 2143 2114 2184 ama-

525 2231 776 2288 ritudinis
798 2239 855 2286 et
875 2228 1148 2284 vinculum
1175 2224 1478 2295 iniquitatis
1500 2223 1561 2291 ii,
1585 2225 1738 2295 juxta
1764 2223 1936 2279 sancti
1967 2221 2114 2278 Petri

523 2319 849 2377 sententiam
869 2319 912 2384 ³,
934 2333 964 2372 a
985 2331 1083 2372 sua
1115 2315 1318 2370 malitia
1346 2311 1725 2383 comprehensi
1757 2320 1904 2366 sunt.

2221 479 2422 551 γεώδη*
2463 480 2539 551 μὴ
2573 479 2684 552 γὰρ
2715 476 2858 536 εἶναι
2886 483 2996 537 τῶν
3043 484 3406 557 ἐπουρανίων,
3443 490 3536 541 καὶ
3570 505 3818 562 πνευμα-

2220 572 2389 625 τικῶν
2415 572 2778 644 χαρισμάτων
2806 575 3069 648 ἀμοιϐὴν,
3093 577 3163 632 τα
3196 578 3393 651 γεηρὰ,
3423 579 3520 634 καὶ
3552 581 3819 654 ἐπίκηρα.

2221 663 2442 736 Ταύτην
2484 665 2584 735 τὴν
2633 665 2877 740 ἐντολὴν,
2919 668 2982 722 ού
3034 670 3198 741 μόνον
3228 671 3502 737 ἐκείνοις,
3536 674 3674 729 ἀλλὰ
3728 679 3821 729 καὶ

2221 755 2354 825 ἡμῖν
2385 754 2453 808 δι’
2486 755 2712 810 ἐκείνων
2745 758 3072 826 ἐνετείλατο,
3100 759 3197 830 οὒς
3229 762 3310 824 εἰς
3338 761 3431 816 τὸν
3462 763 3690 817 ἐκείνων
3725 763 3824 835 βα-

2221 847 2360 916 θμόν
2384 864 2467 909 τε,
2496 848 2594 901 καὶ
2623 849 2789 904 τόπον
2813 851 3220 921 ὑπεισαγαγείν
3247 853 3588 926 κατηξίωσε’
3615 846 3712 910 καὶ
3743 857 3822 911 δεῖ

2220 937 2476 1008 καθάπερ
2511 941 2712 994 ἐκεῖνοι
2743 941 2892 1008 τότε,
2917 943 3013 998 καὶ
3042 945 3191 1016 ἡμᾶς
3215 943 3312 1000 νῦν
3339 946 3589 1018 ἀκριϐῶς
3618 948 3824 1018 φυλάτ-

2219 1043 2336 1081 τειν
2381 1036 2482 1091 τε,
2535 1030 2629 1083 καὶ
2680 1034 3044 1105 παρατηρεῖν,
3096 1035 3194 1089 καὶ
3249 1035 3324 1107 μὴ
3379 1035 3698 1106 σοφίζεσθαι
3753 1039 3822 1092 τά

2219 1119 2422 1189 ἀσοφα,
2461 1122 2599 1193 μηδέ
2634 1121 2802 1177 κύϐον
2835 1125 3202 1197 ἀναρρίπτειν
3249 1129 3345 1181 ἐπὶ⁹
3397 1127 3664 1185 κίνδυνον.
3701 1132 3824 1186 Δωι

2215 1215 2388 1280 ρεὰν,
2419 1215 2609 1285 φησὶν,
2640 1215 2908 1282 ἐλάϐετε,
2944 1217 3172 1286 δωρεὰν
3199 1218 3338 1274 δότε
3357 1259 3374 1286 ,
3401 1220 3487 1290 μὴ
3523 1223 3823 1294 κτησάμε-

2218 1323 2315 1359 νοι
2341 1307 2598 1376 χαλκὸν,
2634 1308 2791 1379 μηδὲ
2827 1309 3113 1380 ἅργιιρον,
3137 1309 3295 1380 μήτε
3326 1312 3568 1381 χρυσὸν
3592 1317 3680 1381 εἰς
3713 1315 3824 1382 τὰς

2218 1393 2404 1463 ζώνας
2418 1395 2606 1466 ὑμῶν.
2626 1398 2859 1464 Ἀπλοῦς
2887 1401 2986 1455 καὶ
3019 1402 3198 1473 σαφὴς
3212 1405 3240 1456 6
3257 1407 3356 1474 τῆς
3374 1405 3594 1476 ἐντολῆς
3613 1409 3823 1478 ταύτης

2217 1488 2373 1558 λόγος
2387 1491 2558 1555 ἐστὶν,
2577 1491 2734 1546 οὐδὲν
2751 1493 2998 1547 ποικίλον
3016 1495 3176 1566 ἔχων,
3192 1496 3314 1550 ούδέ
3332 1499 3678 1569 δυσέφικτον,
3697 1503 3823 1556 οὐδὲ

2219 1582 2542 1655 σοφιστικῆς
2572 1583 2826 1656 δεόμενον
2855 1585 3173 1659 ἐξηγήσεως
3203 1605 3216 1618 °
3245 1590 3388 1663 Παρ’
3439 1593 3600 1663 ἐμοῦ,
3626 1595 3815 1666 φησὶν,

2217 1673 2474 1740 ἐδέξασθε
2501 1675 2565 1730 τὸ
2593 1677 2693 1749 τῆς
2727 1679 3036 1753 ἱερωσύνης
3064 1680 3305 1753 ἀξίωμα,
3335 1684 3384 1737 sl
3415 1685 3516 1755 μὲν
3540 1687 3682 1758 ὑπὲρ
3715 1689 3817 1742 αὑ-

2145 1743 2191 1804 B
2218 1765 2312 1819 τοῦ
2343 1783 2434 1838 μοι
2467 1743 2687 1840 μικρὸν,
2719 1768 2754 1841 ἢ
2781 1743 2934 1841 μέγα
3059 1743 3462 1836 κατεδάλλεσθε
3483 1816 3498 1841 ,
3529 1778 3626 1832 καὶ
3651 1743 3820 1832 τοῦτο

2220 1858 2353 1930 ὑμῖν
2386 1859 2669 1932 πέπραται
2693 1862 2824 1936 παρ’
2847 1862 3006 1936 ἐμοῦ,
3032 1865 3265 1919 πωλεῖτε
3297 1868 3393 1923 καὶ
3419 1868 3578 1940 ὑμεῖς
3607 1869 3819 1943 ἑτέροις

2221 1951 2376 2006 αὑτό.
2410 1951 2476 2006 Εἰ
2503 1952 2560 2007 δέ
2582 1953 2794 2025 δωρεὰν
2817 1955 3106 2027 εἰλήφατε,
3128 1956 3250 2012 δότε
3275 1958 3487 2028 δωρεὰν
3517 1961 3611 2014 καὶ
3634 1962 3813 2033 ὑμεῖς.

2222 2041 2288 2094 Τί
2319 2042 2420 2113 τῆς
2450 2043 2673 2113 ἐντολῆς
2701 2045 2909 2118 ταύτης
2944 2047 3312 2120 σαφέστερον;
3342 2049 3408 2104 Τί
3431 2051 3488 2104 δέ
3515 2053 3628 2116 τοίς
3657 2053 3816 2106 πειθ-

2221 2134 2451 2205 αρχοῦσι
2488 2135 2972 2210 λυσιτελέστερονς
3013 2139 3154 2193 Ούαὶ
3202 2139 3281 2210 τῷ
3307 2140 3442 2207 δντι,
3471 2145 3584 2206 τοῖς
3615 2144 3818 2215 κτήσα-

2225 2223 2351 2277 σθαι
2375 2224 2478 2295 τὴν
2507 2225 2602 2278 τοῦ
2620 2225 2758 2280 Θεοῦ
2781 2226 3016 2298 δωρεὰν,
3054 2229 3086 2300 ἢ
3118 2227 3322 2284 διδόναι
3345 2231 3548 2303 ταύτην
3571 2233 3660 2289 διὰ
3685 2251 3818 2306 χρη⁸

2222 2316 2411 2384 μάτων
2463 2316 2850 2388 ὑπειληφόσιν.
2899 2319 2995 2383 Εἰς
3039 2319 3150 2393 γὰρ
3194 2321 3356 2394 χολὴν
3401 2325 3665 2395 πικρίας,
3720 2326 3816 2379 καὶ

523 2413 822 2482 σύνδεσμον
863 2407 1080 2472 ἀδικίας
1115 2406 1166 2460 οί
1211 2404 1484 2471 τοιοῦτοι,
1527 2403 1668 2458 κατά
1697 2403 1797 2476 τήν
1841 2398 2118 2473 ἀπόφασιν
2157 2406 2252 2460 τοῦ
2285 2408 2444 2478 ἁγίου
2508 2410 2718 2481 Πέτρου
2741 2451 2759 2476 ,
2790 2411 3098 2483 ὑπάρχουσι
3163 2413 3562 2485 συλληφθέντες
3586 2417 3692 2471 ὑπὸ
3717 2419 3814 2488 τῆ;

521 2506 732 2563 ἐαυτῶν
769 2500 1158 2577 φιλαργυρίας.

594 2601 751 2657 Unde
793 2609 851 2657 et
885 2607 1200 2656 sanctorum
1233 2606 1290 2654 et
1324 2595 1605 2652 beatorum
1651 2594 1872 2651 Patrum
1909 2603 2113 2652 sanctae

523 2705 737 2763 magnze
780 2687 972 2762 synodi
1004 2687 1358 2742 mcumenicae
1398 2685 1740 2742 Chalcedone
1769 2696 2112 2758 congregata:

523 2785 652 2841 huic
675 2782 777 2853 legi
813 2779 1107 2837 Dominiea:
1153 2779 1410 2835 convenit
1437 2792 1635 2844 canon,
1661 2779 1750 2850 qui
1778 2779 1860 2834 sic
1890 2794 1920 2833 a
1951 2780 2110 2836 nobis

533 2884 718 2946 aperte
743 2872 934 2930 iisdem
969 2871 1154 2928 verbis
1184 2869 1364 2926 editus
1393 2877 1481 2926 est
1523 2889 1538 2926 :

597 3067 617 3102 ι
647 3047 703 3104 Si
733 3047 855 3119 quis
880 3045 1166 3118 episcopus
1187 3041 1432 3113 pecuniis
1459 3043 1857 3099 ordinationem
1892 3043 2106 3109 fecerit,

521 3141 607 3197 vel
647 3156 752 3198 non
808 3137 1056 3194 venalem
1088 3134 1320 3208 gratiam
1349 3135 1417 3189 ad
1463 3135 1832 3190 venditionem
1870 3136 2110 3190 deduxe-

523 3236 688 3300 rit,et
718 3231 963 3302 pecuniis
993 3227 1330 3284 ordiuaverit
1367 3227 1702 3298 episcopum,
1740 3227 1824 3283 vel
1855 3228 2112 3297 chorepi-

523 3340 767 3394 scopum,
789 3323 871 3377 vel
897 3320 1293 3392 presbyterum,
1313 3317 1401 3374 vel
1423 3318 1733 3385 diaconum,
1755 3317 1836 3373 vel
1869 3320 2108 3389 aliquem

527 3431 718 3474 eorum
750 3415 845 3486 qui
902 3415 956 3470 in
999 3413 1146 3468 clero
1178 3419 1678 3476 connumerantur,
1728 3411 1812 3465 vel
1865 3411 2112 3480 pecuniis

525 3508 790 3581 provehat
820 3520 1186 3572 meonomum,
1217 3506 1299 3561 vel
1332 3502 1698 3569 defensorem,
1733 3502 1818 3558 vel
1854 3517 2108 3572 paramu-

526 3601 766 3668 narium,
794 3598 877 3658 vel
909 3598 1130 3654 omnino
1148 3597 1383 3668 aliquem
1406 3610 1474 3652 ex
1503 3596 1672 3661 clero,
1705 3605 1928 3664 propter
1951 3609 2108 3650 suum

531 3692 933 3764 turpelucrum
979 3709 994 3746 :
1039 3691 1132 3761 qui
1179 3690 1282 3746 hoc
1323 3702 1614 3760 aggressus
1659 3702 1784 3743 esse
1832 3688 2113 3744 convictus

525 3786 712 3854 fuerit,
743 3785 810 3841 de
841 3781 1064 3856 proprio
1087 3781 1254 3854 gradu
1283 3780 1468 3836 veniat
1496 3778 1552 3834 in
1575 3779 1874 3850 periculum
1897 3797 1912 3849 ;
1939 3790 1994 3836 et
2017 3781 2111 3852 qui

525 3864 810 3936 ordinatur
835 3913 852 3941 ,
886 3875 1024 3930 nihil
1060 3888 1127 3928 ex
1158 3872 1539 3937 ordinatione,
1590 3871 1676 3926 vel
1730 3873 2074 3941 promotione
2095 3912 2110 3934 .

534 3983 653 4041 quae
692 3969 752 4025 ﬁt
775 3969 951 4024 instar
977 3975 1321 4034 mercaturae,
1341 3965 1585 4036 juvetur,
1620 3964 1714 4020 sed
1743 3963 1813 4018 sit
1841 3963 2053 4020 alienus
2079 3980 2110 4019 a

524 4061 821 4132 dignitate,
861 4057 944 4114 vel
987 4057 1274 4114 curatione
1295 4097 1310 4123 ,
1335 4072 1497 4127 quam
1524 4055 1774 4127 pecuniis
1829 4065 2114 4110 assecutus

523 4164 627 4208 est.
655 4152 710 4208 Si
748 4153 872 4222 quis
921 4161 1103 4206 autem
1136 4150 1223 4206 his
1259 4148 1514 4218 turpibus
1557 4163 1619 4202 ac
1669 4145 1896 4202 nefariis
1947 4144 2114 4199 lueris

523 4253 808 4313 sequester
843 4243 1239 4298 intercessorve
1264 4241 1602 4310 apparuerit,
1633 4239 1680 4291 is
1715 4251 1931 4306 quoque
1962 4236 2006 4289 si
2042 4237 2116 4290 sit

527 4335 756 4392 clericus
781 4378 796 4405 ,
843 4351 872 4390 a
905 4335 1082 4407 primo
1111 4334 1280 4406 gradu
1311 4331 1528 4387 excidat
1564 4347 1578 4384 :
1611 4329 1656 4385 si
1697 4337 1876 4382 autem
1906 4328 2109 4393 laicus,

526 4429 609 4484 vel
643 4427 964 4494 monachus,
993 4421 1510 4481 anatliematizctur.
1549 4437 1568 4472 ι

596 4519 967 4574 Pulcherrima
997 4527 1052 4572 et
1075 4516 1231 4570 valde
1259 4514 1349 4584 pia
1375 4520 1506 4565 sunt
1540 4507 1702 4580 hujus
1735 4509 1960 4564 canonis
1991 4525 2110 4564 san-

525 4622 732 4667 ctorum
752 4609 970 4666 Patrum
988 4615 1282 4678 praecepta,
1306 4605 1399 4674 qui
1427 4614 1644 4656 omnem
1663 4597 1994 4656 invasionem
2020 4616 2112 4656 sa-

527 4701 798 4766 tanicam,
847 4697 1288 4766 diabolicumque
1331 4703 1618 4759 conatum,
1671 4691 1762 4762 qui
1814 4692 1867 4746 in
1909 4692 2109 4748 donum

529 4791 818 4864 spirituale
866 4779 1212 4854 intenditur,
1263 4785 1480 4858 repellit
1537 4794 1593 4840 et
1639 4784 1922 4841 rescindit.
1949 4783 2109 4841 Nullo

524 4887 671 4941 enim
715 4883 876 4940 modo
905 4883 1024 4936 vult
1047 4878 1406 4934 ordinationis
1437 4879 1831 4948 promotionem
1857 4879 2109 4948 pecuniis

525 4975 784 5040 autﬁeri,
815 4981 909 5030 aut
942 4970 1165 5040 suscipi,
1221 4985 1324 5024 nec
1355 4971 1422 5026 ab
1451 4983 1515 5024 eo
1549 4971 1640 5039 qui
1668 4969 1822 5024 illam
1859 4980 2104 5034 exercet,

527 5083 626 5123 nec
657 5067 727 5123 ab
773 5080 840 5121 eo
876 5063 966 5132 qui
1007 5061 1368 5118 ordinationis
1413 5061 1814 5131 promotionem
1853 5061 2056 5132 accipit
2091 5079 2106 5116 :

525 5159 620 5215 sed
655 5171 754 5212 nec
789 5164 914 5210 ante
963 5163 1173 5224 tempus
1217 5151 1614 5219 ordinatioitis,
1665 5166 1765 5208 nec
1798 5161 1958 5222 post,
1993 5150 2108 5206 dari

530 5247 790 5319 pecunias
814 5245 1066 5302 concedit
1094 5263 1109 5302 :
1141 5245 1381 5304 omnium
1409 5245 1552 5302 enim
1582 5245 1635 5300 in
1673 5246 1776 5299 hac
1803 5257 2020 5314 quoque
2054 5258 2112 5297 re

523 5352 644 5394 esse
672 5339 877 5402 sordes,
903 5351 1296 5408 munerumque
1335 5336 1738 5405 corruptionem
1770 5333 2106 5404 pronuntiat.

2143 4461 2192 4520 D

2286 2597 2452 2655 Ὅθεν
2481 2601 2578 2656 καὶ
2607 2603 2718 2656 τῶν
2747 2602 2934 2669 ὁσίων,
2973 2605 3066 2658 καί
3098 2606 3391 2679 μακαρίων
3418 2608 3680 2681 Πατέρων
3708 2610 3815 2664 τῶν

2220 2689 2318 2761 τῆς
2346 2692 2509 2760 ἁγίας
2537 2692 2631 2746 καὶ
2663 2694 2909 2766 μεγάλης
2941 2697 3332 2768 οἰκουμενικῆς
3377 2699 3476 2770 τῆς
3506 2702 3566 2754 ἐν
3596 2701 3818 2772 Χαλκη-

2217 2780 2330 2836 δόνι
2363 2784 2726 2856 συναχθείσης
2745 2826 2760 2852 ,
2785 2785 2870 2858 τῷ
2895 2787 3216 2860 Δεσποτικῷ
3245 2789 3420 2861 τούτῳ
3461 2791 3612 2864 νόμῳ
3648 2795 3816 2867 συνᾲ-

2216 2873 2298 2926 δει
2327 2876 2356 2928 6
2401 2876 2531 2948 περὶ
2553 2875 2746 2930 τούτου
2783 2879 2986 2946 κανὼν,
3019 2879 3079 2944 ὃς
3107 2883 3242 2952 ἡμῖν
3271 2881 3460 2951 σαφῶς
3494 2887 3697 2940 οὑτωσὶ
3727 2887 3816 2940 ὶέο

2220 2964 2366 3030 ξεσιν
2397 2969 2588 3034 αὑταῖς
2628 2970 3038 3040 ἐκπεφώνηται·

2295 3076 2314 3111 ι
2355 3059 2424 3112 Et
2447 3077 2531 3124 τις
2563 3062 2862 3127 ἐπίσκοπος
2893 3065 2988 3117 ἐπὶ
3011 3066 3264 3136 χρήμασι
3291 3068 3627 3140 χειροτονίαν
3658 3076 3817 3144 ποιή·

2221 3165 2400 3214 σαιτο,
2429 3151 2523 3204 καὶ
2545 3153 2624 3215 εἰς
2649 3154 2854 3225 πράσιν
2888 3159 3196 3226 καταγάγοι
3225 3158 3328 3228 τὴν
3353 3157 3600 3230 ἄπρατον
3626 3162 3813 3236 χάριν,

2217 3241 2312 3294 καὶ
2342 3245 2724 3314 χειροτονῆσαι
2771 3247 2865 3299 ἐπὶ
2911 3249 3195 3320 χρήμασιν
3228 3249 3551 3317 ἐπίσκοπον,
3595 3253 3629 3324 ἢ
3669 3274 3814 3327 χωρε⁵

2217 3331 2538 3401 ἐπίσκοπον,
2565 3335 2598 3406 ἢ
2626 3337 2898 3408 πρεσϐύτε
2909 3356 3022 3410 ρον,
3057 3341 3090 3412 ἢ
3117 3339 3385 3407 διάκονον,
3415 3342 3450 3416 ῆ
3482 3344 3670 3416 ἔτερόν
3691 3364 3814 3402 τινα

2215 3425 2326 3478 τῶν
2353 3426 2410 3480 ἐν
2439 3427 2517 3497 τῷ
2549 3427 2737 3500 κλήρῳ
2767 3431 3325 3503 καταριθμουμένων,
3373 3434 3406 3506 ἢ
3452 3436 3812 3507 προϐάλλοιτο

2216 3515 2309 3568 ἐπὶ
2342 3518 2619 3588 χρήμασιν
2657 3521 2968 3590 οἰκονόμον,
2992 3523 3025 3594 ἢ
3049 3521 3286 3588 ἔκδικον,
3309 3524 3342 3598 ἢ
3369 3528 3809 3600 παραμονάριον,

2217 3607 2250 3680 ἢ
2287 3609 2462 3675 ἄλλως
2489 3611 2615 3665 τινὰ
2639 3612 2734 3666 τοῦ
2760 3613 2990 3686 κλήρου,
3021 3616 3089 3669 δι’
3111 3618 3562 3691 αἰσχροκέρδειαν
3579 3622 3812 3684 οἰκείαν,

2215 3702 2244 3755 ὁ
2265 3700 2443 3773 τούτῳ
2471 3703 2832 3778 ἐπιχειρήσας
2859 3695 3521 3778 ἐλεγχθεὶςκινδυνευὲτω
3553 3711 3688 3784 περὶ
3718 3714 3812 3765 τὸν

2214 3794 2418 3848 οἰκεῖον
2444 3794 2678 3866 βαθμόν·
2716 3799 2812 3852 καὶ
2842 3799 2871 3851 6
2893 3799 3398 3871 χειροτονούμενος,
3427 3803 3595 3873 μηδὲν
3619 3805 3684 3856 ἐκ
3709 3806 3812 3874 τῆς

2215 3885 2338 3937 κατ’
2363 3885 2636 3956 ἐμπορίαν
2659 3886 2979 3955 ὼφελείσθω
3013 3887 3388 3959 χειροτονίας,
3435 3889 3468 3960 ἢ
3509 3890 3808 3962 προϐολῆς·

2215 3977 2330 4032 ἀλλ’
2363 3978 2506 4033 ἔστω
2537 3979 2819 4050 ἀλλότριος
2843 3979 2943 4052 τῆς
2974 3979 3134 4046 ἀξίας
3155 3979 3227 4052 ,ἢ
3255 3979 3350 4035 τοῦ
3377 3982 3808 4053 φροντίσματοςν

2215 4065 2508 4154 οῦπεριέπὶ
2532 4074 2813 4144 χρήμασιν
2835 4073 3048 4146 ἔτυχεν.
3077 4074 3140 4127 Εἰ
3171 4073 3229 4128 δέ
3265 4091 3352 4134 τις
3377 4075 3472 4130 καί⁵
3503 4075 3813 4146 μεσιτεύων

2217 4167 2362 4235 φανῇ
2395 4167 2510 4228 τοῖς
2538 4167 2787 4237 αίσχροίς
2815 4165 3061 4233 τούτοις,
3084 4167 3182 4220 καὶ
3203 4165 3488 4236 ἀθεμίτοις
3517 4166 3773 4237 λήμμασι
3797 4211 3811 4230 ,

2216 4256 2310 4308 καὶ
2338 4250 2494 4319 οὗτος
2516 4255 2566 4306 εἰ
2589 4257 2688 4326 μὲν
2715 4255 2980 4327 κληρικδς
3005 4257 3113 4328 είη,
3139 4254 3234 4310 τοῦ
3261 4256 3463 4310 οἰκείου
3495 4257 3816 4309 ἐκπιπτὲτω

2219 4342 2456 4415 βαθμοῦο
2490 4345 2540 4396 εἰ
2561 4343 2620 4398 δὲ
2641 4343 2856 4410 λαῖκδς,
2879 4345 2914 4417 ἢ
2943 4345 3216 4417 μονάζων,
3244 4344 3753 4416 ἀναθεματιζέσθω.
3789 4363 3809 4394 ›

2287 4515 2572 4573 Κάλλιστα
2598 4517 2694 4572 καὶ
2722 4517 2842 4572 λίαν
2875 4517 3078 4589 εὐσεδῆ
3108 4515 3207 4572 τοῦ
3235 4519 3464 4582 κανόνος
3487 4515 3595 4571 τῶν
3637 4517 3816 4584 ἁγίων

2213 4605 2481 4676 Πατάρων
2519 4605 2759 4677 ὑπάρχει
2789 4607 2859 4660 τά
2902 4605 3365 4678 παραγγέλματα,
3406 4605 3587 4658 πᾶσαν
3618 4605 3816 4674 ἔφοδον

2213 4697 2537 4769 σατανικὴν,
2570 4700 2667 4752 καὶ
2696 4699 2806 4758 πᾶν
2839 4700 3152 4771 ἐγχείρημα
3191 4696 3500 4752 διαδολικὸν
3539 4695 3682 4749 κατὰ
3709 4695 3815 4765 τῆς

2210 4787 2593 4859 πνευματικῆς
2619 4789 2922 4860 φερόμενον
2947 4788 3182 4860 δωρεᾶς,
3210 4785 3584 4856 ἀπωθούμενά
3605 4800 3686 4850 τε,
3716 4791 3816 4838 καὶ

2211 4880 2615 4936 ἀνακύπτοντα.
2659 4883 2734 4935 Οὑ
2783 4881 3038 4952 βούλεται
3094 4879 3206 4954 γὰρ
3246 4877 3503 4950 οὐδαμῶς
3529 4877 3621 4930 διὰ
3669 4893 3814 4948 χρη-

2217 4970 2406 5042 μάτων
2453 4969 2702 5038 γίνεσθαι
2745 4971 2844 5042 τῆς
2886 4970 3230 5042 χειροτονίας
3269 4971 3371 5040 τὴν
3421 4965 3718 5041 προϐολὴν,
3775 4967 3811 5036 ἢ

2217 5061 2598 5132 ὑποδέχεσθαι,
2618 5059 2743 5117 οὔτε
2766 5061 2918 5134 παρά
2937 5061 3030 5114 τοῦ
3051 5059 3262 5130 ταύτην
3281 5059 3656 5130 ἐνεργοῦντος,
3683 5056 3812 5110 οὔτε

2217 5155 2368 5224 παρά
2408 5153 2503 5207 τοῦ
2545 5154 2644 5224 τῆς
2691 5154 3028 5225 χειροτονίας
3073 5153 3170 5226 τὴν
3228 5151 3502 5222 προϐολὴν
3545 5149 3807 5218 ὑποδεχο-

2221 5245 2410 5314 μένου,
2447 5245 2564 5299 ἀλλ⁹
2593 5245 2716 5300 οὑδέ
2759 5244 2864 5317 πρὸ
2894 5244 3090 5317 καιροῦ
3126 5245 3226 5316 τῆς
3267 5242 3600 5316 χειροτονίας
3625 5279 3639 5304 ,
3684 5240 3816 5293 οὑδὲ

2221 5337 2359 5405 μετὰ
2386 5336 2477 5389 τὸν
2515 5335 2708 5408 καιρὸν
2733 5337 2835 5406 τῆς
2858 5336 3220 5408 χειροτονίας,
3247 5335 3370 5388 οὐδὲ
3397 5335 3540 5388 κατά
3563 5333 3656 5386 τὸν
3688 5349 3816 5385 και-

525 5429 620 5496 ρὸν
651 5425 816 5481 αὑτὸν
830 5426 930 5500 τῆς
956 5429 1313 5500 χειροτονίας,
1343 5427 1485 5498 ὑπὲρ
1513 5427 1612 5500 τῆς
1641 5423 1984 5497 χειροτονίας
2010 5422 2247 5478 δίδοσθαι
2267 5429 2528 5498 χρήματα
2557 5430 2855 5498 συγχωρεϊο
2885 5427 3120 5482 καθόλου
3149 5426 3260 5500 γὰρ
3291 5426 3392 5499 τὴν
3411 5426 3506 5478 ἐπὶ
3529 5423 3610 5496 τῷ
3626 5423 3817 5494 πράγ-

530 5535 662 5588 ματι
687 5515 860 5590 τούτῳ
889 5519 1213 5592 δωροδοκίαν
1237 5517 1535 5588 ἀπέφηνεν.

627 5723 831 5779 ’Mattlt.
869 5743 980 5793 ut,
1012 5724 1062 5792 8,
1097 5724 1150 5781 9.
1230 5725 1250 5754 ¹
1283 5725 1406 5778 Act.
1448 5739 1569 5790 vni,
