4064 6410
208 382 326 447 Lit?

1418 388 1538 447 EPl
1548 383 1777 446 STOLA
1820 383 2247 444 ENCYCLICA.

3323 361 3460 427 i613

266 493 454 565 Ὅμως
488 495 682 571 ἐπειδὴ
706 496 826 561 νῦν,
859 493 1035 550 καίτοι
1078 495 1362 567 προδήλως
1388 494 1597 549 τούτων
1629 494 1774 549 οὕτω

1952 493 2216 561 Quoniam
2249 500 2426 545 tamen
2465 487 2533 542 iis
2560 488 2630 540 ita
2661 491 2845 555 aperte
2873 480 3163 552 prohibitis
3187 519 3204 545 ,
3236 478 3455 548 quidam

206 586 611 659 κεκωλυμένων,
639 587 1005 660 ἐφωράθησαν
1034 605 1178 651 τινες
1206 587 1350 641 κατά
1384 587 1497 641 τῶν
1518 587 1775 642 Γαλατῶν

202 679 607 751 ὀλιγωροῦντες,
634 682 728 735 καὶ
752 680 1187 753 παραϐαίνοντες
1213 680 1279 733 δι’
1299 680 1774 751 αἰσχροκέρδειαν,

202 771 290 825 καὶ
311 773 693 845 φιλαργυρίαν·
717 775 784 827 τὰ
805 775 1051 845 σωτήρια
1076 775 1272 839 ταῦτα,
1298 774 1394 828 καὶ
1415 773 1777 844 φιλάνθρωπα

207 864 664 936 παραγγέλματα,
697 863 756 919 εὖ
784 868 926 937 ἔχειν
953 866 1102 933 ἔδοξε
1125 867 1219 920 καὶ
1250 868 1382 937 ἡμῖν
1412 865 1586 920 ταῦτα
1617 865 1779 919 πάλιν

205 955 611 1010 ἀνανεώσασθαι
636 959 775 1028 μετά
797 959 892 1028 τῆς
916 958 1079 1027 ἁγίας
1116 958 1359 1024 συνόδου,
1389 962 1491 1029 τῆς
1514 959 1636 1029 ὲνδη
1647 958 1780 1028 μού-

205 1063 299 1115 σης
320 1051 375 1101 ὲν
400 1048 576 1120 ταύτῃ
597 1053 664 1119 τῇ
694 1049 1058 1124 βασιλευούσῃ
1101 1050 1198 1123 νέᾳ
1235 1050 1424 1124 Ῥώμῃ
1448 1092 1463 1117 ,
1494 1051 1635 1104 ὥστε
1659 1051 1782 1121 δίχα

204 1138 378 1207 πάσης
401 1140 646 1204 ἐπινοίας
665 1182 679 1203 ,
710 1142 806 1195 καὶ
831 1142 1012 1213 πάσης
1046 1142 1404 1215 προφάσεως,
1439 1145 1533 1197 καὶ
1580 1144 1783 1207 παντὸς

204 1231 490 1302 σοφισμοῦ,
528 1233 629 1304 τὴν
655 1233 920 1306 βδελυρὰν
950 1235 1180 1305 ταύτην,
1216 1235 1311 1289 καὶ
1341 1236 1517 1306 ἀσεϐῆ
1547 1236 1648 1289 ούκ
1681 1235 1781 1289 οἱδ⁹

203 1324 342 1387 ὅπως
368 1325 793 1381 ἐπεισελθοῦσαν
818 1327 1109 1400 συνήθειαν
1136 1330 1256 1393 ταῖς
1288 1330 1624 1397 ἁγιωτάταις
1661 1329 1785 1381 Ἐκ·

204 1415 449 1485 κλησίαις
482 1418 763 1491 παντελῶς
809 1420 1086 1489 ἐκτεμεῖν·
1137 1419 1223 1474 ἵνα
1274 1420 1495 1492 ἀληθῶς
1559 1422 1783 1489 ἁκαπη-

202 1505 383 1559 λεύτου
407 1546 422 1572 ,
469 1508 567 1560 καὶ
598 1509 843 1580 καθαρᾶς
874 1512 1030 1583 παρὰ
1069 1512 1178 1566 τῶν
1212 1513 1517 1585 ἀρχιερέων
1545 1513 1646 1582 τῆς
1691 1512 1787 1565 ἐπὶ

202 1596 304 1650 τῶν
324 1601 817 1669 χειροτονουμένων
845 1603 1203 1674 ἀναρρήσεως
1230 1604 1541 1675 γινομένης,
1579 1602 1788 1658 ἄνωθεν

203 1689 232 1756 ἡ
260 1687 348 1741 τοῦ
375 1688 695 1759 [Ινεύματος
726 1693 885 1762 χάρις
913 1695 1189 1765 ἐπιφοιτᾷ·
1222 1688 1298 1748 ὧν
1328 1694 1424 1748 νῦν
1455 1712 1517 1765 γε
1547 1695 1647 1751 οὐκ
1674 1691 1789 1749 οἶδα

198 1779 280 1832 διὰ
318 1781 621 1850 χρημάτων
647 1782 747 1852 τὴν
780 1784 1051 1855 προϐολὴν
1082 1785 1446 1855 ποιουμένων,
1478 1788 1574 1840 καὶ
1604 1787 1664 1839 ού
1693 1788 1789 1856 τῆς

1879 598 2005 643 sunt
2035 588 2088 640 in
2109 584 2422 641 Galatarum
2445 579 2685 634 Ecclesia
2704 575 3025 647 deprehensi
3051 580 3276 643 propter
3305 581 3458 637 turpe
3512 598 3515 603 -

1880 679 2090 732 luerunt
2126 685 2180 729 et
2207 672 2494 727 avaritiam
2529 670 2645 723 haec
2676 666 2933 721 salutaria
2966 673 3025 720 et
3054 666 3293 718 humana
3320 676 3463 729 prae-

1881 781 2034 838 cepta
2070 768 2338 838 negligere
2366 774 2418 820 et
2451 761 2750 833 transgredi
2785 772 2881 812 :ea
2910 771 3123 828 quoque
3147 756 3262 824 ipsa
3297 755 3456 807 nobis

1881 875 2145 917 renovare
2176 860 2349 913 visum
2387 865 2470 912 est
2504 870 2627 909 cum
2661 856 2763 909 hac
2783 861 2969 909 sancta
2996 849 3224 920 synodo,
3256 860 3377 916 quae
3403 846 3453 897 in

1881 955 1987 1010 hac
2013 962 2275 1021 regnante
2303 966 2439 1004 nova
2474 949 2666 1010 Roma,
2711 961 2853 1000 nunc
2887 943 2999 1012 agit
3028 959 3041 994 :
3078 952 3136 995 ut
3171 941 3287 995 sine
3316 936 3461 989 omni

1882 1046 2098 1116 penitus
2157 1042 2467 1094 inventione
2494 1077 2508 1100 ,
2545 1046 2600 1091 et
2650 1035 2795 1089 omni
2830 1039 3129 1103 praetextu,
3160 1028 3465 1096 callidoque

1882 1143 2194 1193 commento
2219 1174 2234 1200 ,
2266 1131 2488 1201 impiam
2525 1130 2665 1184 hanc
2694 1136 2745 1181 et
2800 1125 3042 1180 odiosam
3062 1163 3075 1187 ,
3106 1137 3225 1191 qum
3280 1119 3486 1173 neseiat

1885 1227 2155 1300 quomodo
2178 1226 2230 1279 in
2261 1223 2637 1280 sanctissimas
2657 1218 2926 1274 Ecclesias
2953 1215 3139 1280 subiit,
3177 1222 3472 1269 consuetu-

1884 1323 2063 1379 dinem
2090 1319 2309 1374 omuiuo
2340 1315 2726 1371 exseiudamns
2749 1330 2764 1378 ;
2791 1320 2848 1364 ut
2875 1324 2998 1365 cum
3025 1322 3159 1378 pura
3183 1315 3239 1362 et
3264 1307 3470 1374 absque

1885 1416 1990 1469 ulla
2019 1410 2417 1481 cauponatioue
2448 1424 2511 1462 eo
2525 1421 2643 1461 rum
2670 1405 2759 1475 qui
2806 1402 3148 1466 ordinantur,
3188 1397 3469 1453 renuntia-

1888 1507 1963 1562 tio
1990 1506 2058 1562 ab
2082 1503 2414 1560 antistitibus
2439 1500 2575 1554 facta
2604 1498 2787 1561 fuerit,
2824 1497 2994 1565 gratia
3030 1492 3267 1563 Spiritus
3293 1490 3477 1566 sancti

1888 1614 2122 1669 superne
2172 1597 2373 1651 veniat.
2430 1594 2637 1659 Quibus
2678 1591 2866 1645 nescio
2915 1604 2983 1642 an
3034 1601 3130 1657 per
3177 1583 3463 1656 pecuniam
3503 1612 3507 1617 -

1890 1690 2284 1761 proutotionent
2330 1686 2678 1746 facientibus,
2710 1692 2762 1737 ct
2816 1696 2976 1735 manu
3029 1696 3137 1733 non
3168 1691 3300 1759 pure
3339 1689 3470 1743 ope-

1895 1794 2069 1848 rante,
2108 1784 2173 1834 ad
2218 1796 2343 1836 eum
2373 1780 2464 1849 qui
2503 1772 3123 1848 protnoveturgaccedit,
3165 1754 3465 1824 secundum

199 1872 374 1941 χειρὸς
409 1872 671 1945 καθαρῶς
709 1875 1044 1946 ἐνεργούσης
1066 1918 1079 1941 ,
1113 1879 1369 1949 ἐπιφοιτᾷ
1394 1878 1473 1949 τῷ
1511 1896 1787 1950 προχειρι-

1896 1890 2078 1930 vocem
2113 1873 2427 1943 Evangelii,
2483 1880 2538 1925 ct
2585 1885 2692 1924 non
2748 1868 2928 1939 potius
2968 1863 3264 1920 retrahitur
3296 1860 3473 1930 gratia

197 1960 407 2031 ζομένῳ
449 1965 591 2015 κατὰ
620 1961 718 2033 τὴν
754 1964 936 2034 φωνὴν
968 1963 1063 2018 τοῦ
1101 1966 1459 2035 κηρύγματος
1483 2007 1498 2030 ,
1533 1969 1627 2019 καὶ
1664 1967 1786 2038 οὐχὶ

199 2053 550 2108 συστέλλεται
585 2055 787 2126 μᾶλλον
822 2057 856 2127 ἡ
902 2055 998 2111 τοῦ
1042 2058 1196 2126 ἁγίου
1248 2059 1570 2130 Πνεύματος
1601 2060 1784 2129 χάρις.

266 2145 406 2200 Ἰσθι
438 2146 642 2213 τοίνυν,
676 2147 743 2201 τὰ
781 2150 959 2203 πάντα
1008 2149 1431 2215 θεοσεϐέστατε,
1474 2153 1653 2204 πάντα
1695 2154 1787 2204 τὸν

194 2237 474 2290 ὁντιναοῦν
505 2238 798 2309 ἀλίσκομεν
828 2240 919 2292 ἐπὶ
972 2239 1052 2310 τῷ
1075 2242 1301 2313 τοιούτῳ
1326 2242 1432 2296 τινὶ
1464 2242 1784 2306 ἐπίσκοπον,

195 2325 225 2393 ῆ
265 2327 710 2398 χωρεπίσκοπον,
745 2327 777 2398 ἢ
812 2329 1192 2400 περιοδευτὴν,
1236 2329 1269 2400 ἢ
1322 2327 1716 2402 πρεσϐύτερον,
1754 2329 1785 2399 ἢ

192 2417 460 2482 διάκονον,
493 2418 525 2489 ἢ
555 2417 714 2472 ἄλλον
734 2419 857 2473 τινὰ
881 2420 1085 2491 δήποτε
1112 2419 1204 2474 τοῦ
1240 2421 1488 2484 κανόνος,
1514 2420 1549 2492 ἢ
1576 2420 1788 2486 λαῖκὺν,

193 2509 356 2579 κοινῷ
403 2510 638 2581 δίγματι
673 2511 783 2565 τῶν
818 2512 1125 2584 ἀρχιερέων
1160 2511 1639 2583 κατακεκρίσθαι,
1695 2511 1791 2564 καὶ

191 2604 346 2672 κοινῇ
380 2603 550 2675 ψήφῳ
576 2644 589 2665 ,
630 2603 816 2668 καθὼς
860 2606 986 2675 περὶ
1025 2604 1217 2659 τούτου
1268 2605 1417 2658 καὶὸ
1463 2604 1572 2658 τῶν
1618 2604 1788 2671 ἁγίων

196 2693 464 2763 Ιιατέρων
488 2693 669 2747 κανὼν
703 2694 915 2763 φθάσας
938 2694 1198 2748 διαλαλεῖ.
1233 2697 1323 2746 Δεῖ
1373 2693 1480 2764 γὰρ
1525 2690 1665 2747 εἶναι
1694 2692 1789 2762 χά-

191 2803 279 2855 ριν
319 2786 424 2853 τὴν
460 2786 642 2854 χάριν,
684 2786 778 2837 καὶ
820 2785 1072 2854 μηδαμοῦ
1116 2783 1424 2853 μεσιτεύειν
1472 2786 1604 2853 παρ’
1651 2784 1788 2854 αύτῇ

189 2875 490 2946 ἀργύριον.
524 2875 707 2926 Ἔστω
735 2874 918 2927 τοίνυν
952 2875 1048 2928 καὶ
1076 2874 1225 2927 ἐστιν
1256 2876 1662 2946 ἀποκήρυκτος,
1695 2875 1791 2927 καὶ

189 2970 380 3037 πάσης
412 2966 693 3036 ἱερατικῆς
718 2964 874 3030 ἀξίας
902 2983 984 3030 τε,
1008 2966 1103 3019 καί
1122 2965 1465 3036 λειτουργίας
1488 2964 1789 3036 ἀλλότριος,

188 3060 289 3122 καὶ
338 3062 409 3130 τῇ
448 3059 666 3130 κατάρα
702 3059 797 3112 τοῦ
843 3058 1187 3128 ἀναθέματος
1220 3059 1583 3130 ὑποκείμενος
1609 3100 1624 3123 ,
1661 3060 1688 3113 ὅ
1731 3076 1789 3112 τε

188 3148 405 3218 ταύτην
441 3149 673 3201 κτᾶσθαι
711 3148 798 3201 διὰ
833 3148 1133 3220 χρημάτων
1163 3147 1440 3218 οἰόμενος,
1475 3149 1567 3201 καὶ
1597 3150 1625 3201 ό
1655 3147 1789 3202 ταύ-

190 3258 292 3310 την
317 3238 585 3310 παρέχειν
608 3240 701 3294 ἐπὶ
731 3243 1011 3313 χρήμασιν
1035 3240 1299 3309 ύπισχνού
1309 3257 1492 3309 μενος,
1519 3240 1627 3294 εἴτε
1659 3228 1793 3310 κλη-

195 3332 371 3401 ρικὸς,
401 3330 512 3383 είτε
547 3330 734 3393 λαῖκὸς
764 3330 879 3402 εἴη,
908 3331 1013 3386 κᾶν
1047 3330 1342 3401 ἐλέγχοιτο,
1379 3330 1482 3385 κᾶν
1523 3331 1598 3402 μὴ
1631 3331 1795 3400 ἐλέγ-

193 3440 347 3493 χοιτο
398 3425 593 3489 ποιεῖν,
654 3424 737 3477 ὅτι
782 3422 905 3476 οὐδὲ
938 3416 1050 3477 οἷόν
1083 3440 1143 3475 τε
1195 3422 1634 3493 ωμϐιϐασθῆναί
1666 3440 1797 3477 ποτε

194 3515 260 3598 τα
293 3513 569 3583 σύμϐολα,
600 3515 722 3570 οὐδὲ
770 3513 889 3584 Θεῷ
928 3514 1296 3584 συμφωνῆσαι
1326 3513 1421 3566 τὸν
1459 3516 1794 3584 μαμμωνᾶν,

192 3606 225 3677 ἢ
259 3609 391 3668 τοὺς
416 3605 596 3677 τούτῳ
622 3605 974 3668 δουλεύοντας
1003 3604 1289 3659 δουλεῦσαι
1313 3604 1454 3674 Θεῷ.
1490 3604 1796 3675 Δεσποτικὴ

193 3699 289 3750 καὶ
324 3695 469 3768 αῦτη
502 3697 650 3751 ἐστὶν
676 3697 951 3764 ἀπόφασις
980 3693 1380 3766 ἀναμφίϐολος·
1414 3696 1497 3749 Οὺ
1526 3693 1796 3750 δύνασθε

194 3788 316 3853 Θεῷ
350 3788 696 3854 δουλεύειν,
728 3788 826 3841 καὶ
855 3786 1175 3858 μαμμωνᾷ.

263 3880 503 3944 Τούτοις
541 3880 969 3953 ὲπιθαρῤοῦντες
1014 3882 1176 3952 ἡμεῖς
1215 3879 1359 3935 κατὰ
1397 3879 1647 3952 δύναμιν,
1701 3881 1797 3934 καὶ

192 3972 405 4036 τούτοις
436 3973 768 4043 ύπήκοντες,
810 3973 949 4043 μετὰ
974 3972 1069 4025 τοῦ
1112 3971 1288 4026 ταῦτα
1317 3974 1611 4044 φήσαντος,
1651 3971 1795 4026 κατὰ

192 4064 296 4115 τῶν
313 4064 502 4118 ταῦτα
520 4064 985 4134 παρανομούντων
1003 4066 1102 4137 τὴν
1120 4066 1398 4135 ἀπόφασιν
1423 4065 1792 4136 πεποιήμεθα.

196 4155 552 4224 Φροντισάτω
581 4154 636 4206 δὲ
666 4157 763 4207 καὶ
792 4157 824 4225 ἡ
865 4153 931 4226 σὴ
961 4156 1181 4226 ὁσιότης
1214 4155 1304 4209 διὰ
1339 4154 1524 4228 πάσης
1562 4173 1796 4228 περιφυ-

190 4244 364 4317 λακῆς
396 4244 732 4314 ποιουμένη,
779 4245 916 4316 δῆλα
944 4247 1285 4318 καταστῆσαι
1323 4247 1412 4301 διὰ
1442 4248 1795 4318 ἀντιγράφων

189 4337 285 4390 καί⁸
318 4342 437 4403 τοῖς
484 4337 592 4390 ὑπὸ
625 4337 683 4390 σὲ
704 4337 1147 4407 θεονριλεστάτοις
1183 4340 1538 4405 ἐπισκόποις,
1573 4340 1668 4393 καὶ
1700 4358 1796 4393 πε-

190 4429 540 4497 ριοδευταῖς,
572 4428 669 4483 καὶ
701 4432 814 4495 τοῖς
844 4429 1027 4494 ἄλλοις
1053 4433 1279 4487 ἆπασιψ
1314 4431 1402 4486 ἵνα
1434 4435 1492 4486 ἐν
1518 4432 1601 4486 ἑνὶ
1630 4432 1795 4486 πνεύ-

190 4538 322 4589 ματι
344 4561 360 4586 ,
395 4520 501 4576 καὶ
552 4520 651 4591 μιᾷ
682 4520 830 4593 ψυχῇ
864 4523 1068 4587 πάντες
1098 4523 1234 4593 ὁμοῦ
1274 4525 1597 4595 Χριστιανοὶ
1652 4542 1793 4595 συμ-

187 4612 542 4683 φραξάμενοι
581 4612 723 4666 κατὰ
767 4613 861 4666 τοῦ
910 4615 1093 4668 κοινοῦ
1125 4616 1429 4686 δυσμενοῦς
1480 4615 1793 4687 ἰσχύσωμεν

189 4705 285 4759 σὺν
327 4704 457 4777 Θεῷ
482 4743 498 4766 ,
532 4704 632 4775 τὴν
671 4704 764 4757 ὑπ’
794 4705 1006 4760 ἐκείνου
1042 4706 1404 4776 φυτευθεῖσαν
1442 4708 1501 4761 ὲν
1535 4709 1666 4780 ἡμῖν
1693 4710 1792 4779 τῆς

186 4795 567 4868 φιλαργυρίας
623 4796 802 4868 ῥίζαν,
856 4798 974 4868 ἅμα
1015 4801 1184 4852 πᾶσιν
1229 4800 1419 4863 αὐτοῖς
1446 4799 1558 4853 τῶν
1603 4798 1791 4853 κακῶν

185 4891 297 4952 τοῖς
338 4889 727 4959 βλαστήμασιν
760 4889 1035 4957 ἐκτεμεῖν.
1088 4890 1277 4943 Πᾶσαν
1319 4888 1418 4961 τὴν
1454 4891 1553 4945 σὺν
1602 4891 1685 4944 σοὶ
1733 4892 1791 4943 ὲν

184 4977 415 5049 Χριστῷ
458 4976 799 5050 ἀδελφότητα
849 4964 1299 5050 προσαγορεύω.’
1335 4980 1676 5052 Ἐρρωμένος
1727 4981 1786 5033 ὲν

182 5070 383 5141 Κυρίῳ
415 5070 728 5141 ύπερεύχου
756 5070 933 5142 ἡμῶν,
968 5070 1357 5140 θεοφιλέστατε
1389 5073 1608 5141 ἀδελφέ.

259 5162 467 5228 Τούτῳ
492 5159 574 5226 τῷ
610 5163 1041 5233 ἐπιστολιμαίῳ
1078 5165 1243 5232 λόγῳ
1271 5164 1392 5219 σὺν
1419 5167 1578 5234 αὐτῷ
1602 5164 1679 5233 δὴ
1710 5162 1791 5230 τῷ

180 5251 497 5318 Γενναδίφ
523 5252 884 5323 ὑπέγραψαν
915 5255 1013 5310 καὶ
1045 5258 1099 5310 οὶ
1126 5255 1537 5326 ἐϐδομήκοντα
1572 5255 1751 5323 τρεῖς.

1826 4573 1872 4628 D

1890 1967 2059 2023 sancti
2092 1964 2351 2036 Spiritus.

1963 2148 2117 2204 Scias
2148 2162 2297 2218 ergo,
2335 2162 2368 2201 ο
2399 2144 2480 2200 vir
2516 2141 2927 2210 religiosissime
2954 2146 3010 2191 et
3038 2134 3185 2190 omni
3218 2146 3283 2188 ex
3310 2140 3468 2201 parte

1889 2243 2253 2305 sanctissime,
2285 2240 2428 2311 quod
2461 2245 2772 2307 quicunque
2804 2234 2963 2303 hujus
2995 2230 3275 2285 convictus
3308 2224 3468 2279 fuerit

1891 2337 2195 2406 episcopus,
2221 2334 2303 2388 vel
2327 2332 2768 2401 chorepiscopus,
2804 2326 2884 2379 vel
2919 2326 3109 2387 viator,
3132 2319 3215 2375 vel
3249 2317 3474 2388 presby-

1895 2439 1999 2494 ter,
2035 2426 2116 2482 vel
2154 2428 2440 2488 diaconus,
2469 2423 2551 2476 vel
2579 2420 2757 2491 quivis
2782 2420 2919 2471 alius
2950 2429 3017 2469 ex
3040 2426 3269 2474 canone,
3297 2409 3380 2463 vel
3404 2424 3473 2460 ex

1892 2520 2085 2580 laicis.
2132 2517 2407 2574 communi
2448 2513 2751 2569 antistitum
2816 2509 3055 2573 decreto,
3097 2500 3477 2569 communique

1895 2610 2164 2669 sententia
2217 2610 2614 2664 condemnatus
2668 2612 2782 2665 est,
2818 2601 2962 2655 sicut
3006 2597 3075 2653 de
3109 2597 3212 2650 hoc
3261 2605 3479 2663 quoque

1905 2714 2223 2759 sanctorum
2254 2701 2474 2756 Patrum
2497 2700 2812 2767 pratcedens
2831 2707 3007 2748 canon
3030 2687 3289 2759 loquitur.
3312 2684 3483 2753 Opur-

1898 2804 1972 2849 tet
2002 2795 2147 2849 enim
2183 2793 2412 2861 gratiam
2440 2803 2650 2857 semper
2680 2801 2802 2843 esse
2832 2784 3081 2857 gratiam,
3112 2788 3167 2833 et
3200 2783 3475 2846 argentum

1898 2884 2036 2954 apud
2066 2899 2186 2939 eam
2219 2898 2562 2954 nequaquam
2624 2879 2978 2935 intercedere.
3025 2871 3110 2928 Sit
3154 2883 3284 2939 ergo
3329 2865 3479 2921 etab

1897 2976 2043 3031 omni
2083 2974 2412 3031 sacerdotali
2446 2973 2713 3042 dignitate
2754 2980 2810 3025 et
2837 2966 3141 3023 ministerio
3169 2961 3398 3021 alienus,
3424 2965 3483 3010 et

1896 3068 2265 3123 anathematis
2301 3067 2422 3122 loco
2451 3066 2729 3136 subjectus
2749 3104 2764 3127 ,
2805 3061 2898 3132 qui
2926 3068 2979 3112 et
3008 3072 3067 3112 se
3094 3070 3189 3126 per
3217 3049 3485 3124 pecunias

1900 3160 2185 3232 acquirere
2208 3159 2505 3224 existimat,
2535 3167 2590 3212 et
2613 3154 2704 3227 qui
2731 3168 2851 3209 eam
2879 3149 3121 3224 pecuniis
3149 3146 3350 3202 habere
3370 3141 3480 3212 pol-

1903 3254 2116 3320 licetur,
2142 3254 2259 3308 sive
2287 3252 2360 3307 sit
2389 3250 2644 3316 clericus,
2676 3247 2790 3302 sive
2810 3243 3004 3310 laicus,
3033 3240 3150 3297 sive
3172 3238 3276 3292 hoc
3303 3234 3483 3288 facere

1900 3345 2279 3411 convincatur,
2312 3345 2431 3401 sive
2475 3357 2584 3398 non
2622 3354 2638 3395 :
2688 3338 2815 3411 quia
2866 3334 2982 3391 ﬁeri
3029 3346 3140 3388 non
3176 3334 3389 3401 potest,
3423 3330 3484 3376 ut

1900 3437 2226 3493 conveniant
2261 3450 2381 3505 qua:
2410 3432 2704 3490 convenire
2740 3435 3052 3499 nequeunt,
3076 3437 3177 3479 nec
3206 3429 3266 3475 ut
3308 3430 3485 3473 mam-

1898 3544 2060 3582 mona
2110 3526 2223 3582 Deo
2253 3526 2597 3590 consentiat;
2633 3522 2719 3578 vel
2749 3532 2808 3576 ut
2838 3520 2927 3590 qui
2969 3517 3018 3572 ei
3059 3514 3301 3572 serviunt
3324 3552 3340 3577 ,
3373 3509 3482 3563 Deo

1900 3621 2165 3678 serviant.
2206 3618 2416 3673 Domini
2449 3627 2533 3673 est
2569 3613 2864 3676 sententia,
2907 3610 2996 3666 cui
3035 3602 3339 3665 contradici
3372 3615 3482 3657 non

1896 3721 2074 3785 potest
2104 3729 2123 3768 :
2149 3709 2272 3765 Non
2302 3709 2521 3780 potestis
2544 3704 2654 3761 Deo
2684 3704 2879 3760 servire
2909 3708 2958 3755 et
2986 3713 3300 3754 mammam:
3319 3698 3361 3748 ³.

1967 3889 2079 3946 Nos
2111 3890 2165 3945 in
2196 3888 2281 3944 his
2321 3901 2419 3958 pro
2461 3886 2668 3940 viribus
2719 3880 3103 3946 consulentes,
3144 3887 3200 3935 et
3227 3878 3309 3934 eis
3357 3892 3476 3933 cre-

1899 3984 2111 4047 dentes,
2144 3996 2268 4037 cum
2298 3993 2366 4034 eo
2399 3980 2490 4049 qui
2517 3978 2632 4033 hac
2660 3975 2832 4041 dixit,
2862 3974 3128 4028 adversus
3155 3986 3250 4027 eos
3288 3969 3380 4040 qui
3425 3970 3481 4025 in

1898 4074 1966 4130 iis
2016 4081 2265 4144 peccant,
2303 4068 2629 4126 sententiam
2679 4065 3026 4138 protulimus.
3060 4063 3178 4119 Tua
3218 4061 3484 4119 sanctitas

1900 4179 2087 4223 curam
2115 4170 2290 4234 gerat,
2327 4160 2476 4216 omni
2527 4158 2774 4215 adhibita
2802 4156 3109 4227 diligentia,
3144 4165 3205 4211 ut
3237 4155 3355 4210 haec
3385 4168 3484 4224 per

1900 4258 2227 4328 transcripta
2260 4253 2592 4325 exemplaria
2634 4253 2979 4307 innotescunt
3017 4256 3072 4305 et
3112 4247 3483 4306 sanctissimis

1897 4349 2171 4421 episcopis
2200 4348 2290 4418 qui
2322 4346 2417 4401 tibi
2458 4345 2708 4410 subsunt,
2738 4356 2793 4399 et
2819 4341 3227 4414 περιοδευταϊς,
3274 4348 3328 4396 et
3357 4339 3482 4395 aliis

1898 4442 2152 4499 omnibus
2183 4457 2197 4494 :
2230 4448 2290 4494 ut
2322 4440 2375 4494 in
2406 4452 2516 4493 uno
2542 4437 2733 4508 spiritu
2769 4446 2820 4493 et
2849 4450 2955 4490 una
2987 4435 3166 4491 anima
3192 4446 3384 4489 omnes
3408 4434 3493 4487 si»

1899 4536 2009 4590 mul
2042 4533 2331 4602 constipati
2363 4529 2662 4587 Christiani
2692 4532 2954 4583 adversus
2991 4539 3337 4582 communem
3370 4524 3488 4579 ini-

1897 4628 2120 4691 micum,
2146 4623 2242 4679 Dei
2269 4622 2490 4687 auxilio,
2512 4621 2786 4692 possimus
2808 4618 3050 4674 avaritias
3075 4616 3336 4682 radicem,
3363 4629 3499 4685 quas.

1896 4721 1966 4777 ab
1997 4719 2090 4775 illo
2114 4719 2167 4772 in
2195 4716 2350 4773 nobis
2376 4716 2539 4771 insita
2566 4724 2671 4782 est,
2705 4728 2832 4769 cum
2862 4711 3116 4768 omnibus
3144 4725 3335 4768 eorum
3370 4723 3484 4766 ma-

1897 4813 2072 4889 lorum
2104 4809 2443 4884 germinibus
2500 4805 2843 4863 exscindere.
2890 4804 3118 4860 Omnem
3146 4817 3269 4873 quae
3304 4812 3480 4857 tecum

1896 4916 1981 4964 est
2011 4908 2066 4963 in
2106 4905 2327 4963 Christo
2356 4900 2752 4957 fraternitatem
2782 4899 3102 4955 salutamus.
3133 4896 3315 4952 Fortis
3338 4893 3484 4949 exsi-

1894 5009 2044 5058 stens
2079 5000 2132 5054 in
2160 4997 2397 5063 Christo,
2417 5009 2511 5050 ora
2535 5007 2632 5063 pro
2653 4992 2831 5056 nobis,
2862 4990 3213 5047 sanctissime
3244 4985 3445 5043 frater.

1969 5177 2108 5231 Huic
2136 5172 2369 5242 epistola:
2413 5186 2533 5224 cum
2561 5169 2673 5237 ipso
2712 5163 2990 5221 Gennadio
3046 5160 3489 5231 subscripserunt

1893 5271 2053 5328 etiam
2085 5265 2423 5336 septuaginta
2449 5272 2573 5319 tres.

1321 5366 1662 5424 STEPHANI
1698 5364 1979 5422 B'ALUle
2016 5357 2319 5417 ADDITIO.

260 5481 556 5557 Decretum
623 5482 780 5539 istius
835 5482 1063 5541 Concilii
1130 5484 1393 5543 adversus
1453 5484 1781 5542 simoniacas

178 5574 506 5631 molitiones
537 5582 716 5630 eXstat
734 5580 876 5645 apud
904 5577 1302 5646 Balsamonem,
1341 5588 1397 5635 et
1422 5578 1549 5634 hinc
1582 5578 1635 5633 in
1661 5577 1782 5633 edi-

181 5665 432 5721 tionibus
470 5664 857 5723 Couciliorum.
896 5669 1302 5729 Desuntautem
1339 5671 1624 5742 utrobique
1650 5669 1781 5727 sub-

259 5782 279 5813 ³
308 5777 508 5837 Matth.
536 5796 610 5850 vt,
648 5783 740 5845 24.

1890 5482 2212 5554 scriptiones
2235 5476 2648 5548 Episcoporum,
2679 5485 2815 5542 quas
2834 5468 3055 5526 exhibet
3086 5463 3277 5521 Petrus
3302 5461 3471 5554 Lam-f

1890 5553 2078 5635 becius
2115 5587 2184 5628 ex
2238 5568 2606 5627 vetustissimo
2655 5564 2844 5623 codice
2891 5578 2996 5618 ms.
3055 5558 3327 5623 Busbekii,
3377 5553 3495 5626 qui.-

1894 5684 2036 5730 nunc
2078 5674 2328 5725 servatur
2358 5663 2415 5720 in
2469 5659 2798 5719 bibliotheca
2839 5653 3210 5728 imperatoria.
3238 5650 3481 5715 Exstant
