4064 6460
367 359 535 426 1625

1496 360 1581 420 ΙΝ
1617 357 1953 418 ϐΕΝΕΞΙΝ
1991 357 2477 419 FRAGMENTA.

3525 357 3667 424 1626

366 473 562 535 νέναι,
579 468 768 539 νοητόν
792 485 912 522 τινα
939 468 1143 539 κόσμον
1161 467 1254 537 ἀφ’
1271 466 1479 520 ἑαυτῶν
1504 467 1755 538 ἀλλήλων
1783 469 1960 537 ἐτερα-

2077 467 2289 540 Moyses
2333 469 2459 522 dum
2504 467 2679 523 dicit:
2712 467 2779 521 In
2823 469 3084 541 principio
3123 470 3250 541 fecit
3288 469 3428 526 Deus
3470 472 3663 529 calum

363 559 656 612 τεύσαντο
678 574 692 590 '
730 558 823 612 καὶ
851 558 948 612 νῦν
977 558 1187 614 Μωσέα
1215 558 1306 612 τὸν
1341 558 1612 630 μακάριον
1648 558 1830 627 λέγειν
1851 558 1975 627 μέν,

381 648 510 704 Ἐν
538 646 699 718 ἀρχῇ
729 649 1023 717 ἐποίησεν
1045 653 1077 704 ὀ
1125 650 1270 715 Θεὸς
1294 649 1403 703 τὸν
1425 647 1689 717 οὐρανὸν
1725 647 1825 701 καί
1863 644 1980 714 τὴν

364 737 531 808 γῆν,
563 734 705 793 εἶναι
729 738 787 793 δὲ
819 740 921 794 οὐκ
953 740 1171 810 ἀληθῶς
1203 738 1371 793 αὐτοῦ
1410 740 1511 809 τῆς
1549 739 1824 810 ποιήσεως
1842 739 1976 790 ταύ-

362 847 490 901 την
529 832 727 903 ἀρχὴν,
769 831 887 885 ἀλλ’
934 832 1130 902 ἑτέραν
1171 830 1352 902 πολλῷ
1395 831 1801 901 πρεσϐυτέραν,
1843 830 1904 884 ἐν

365 924 484 989 τὰς
510 926 775 994 ἀοράτους
796 926 890 979 καὶ
909 925 1134 993 λογικὰς
1156 925 1508 996 ὑπεστήσατο
1527 923 1740 992 φύσεις.
1776 924 1976 994 Ἐχρῆν

364 1014 434 1069 δέ
491 1016 740 1087 ἀκριϐῶς
797 1018 1203 1089 ἐπιστήσαντας
1244 1016 1339 1070 τὸν
1383 1015 1510 1070 νοῦν
1542 1021 1608 1086 τῇ
1652 1015 1977 1086 διδασκαλίᾳ

364 1106 481 1161 τοῦ
533 1107 871 1179 Πνεύματος,
919 1107 1157 1181 ζητῆσαι
1184 1108 1245 1163 τὸ
1285 1108 1505 1180 ἀληθές.
1541 1107 1739 1181 Εὓροις
1776 1107 1885 1181 γὰρ
1908 1107 1975 1162 ἂν

366 1197 642 1254 ἐντεῦθεν
679 1200 866 1281 σαφῶς
915 1200 1017 1272 τῆς
1063 1200 1462 1272 εὐλογοφανοῦς
1502 1201 1722 1273 ἀπάτης
1755 1202 1975 1274 ἐκείνης

365 1290 477 1345 τὸν
514 1290 736 1362 ἔλεγχον
760 1307 773 1322 ·
809 1291 869 1345 ού
904 1292 1066 1360 μόνον
1092 1293 1153 1346 τὸ
1190 1292 1522 1366 τιμιώτερον
1563 1294 1667 1377 τῆς
1701 1295 1805 1364 γῆς
1841 1294 1972 1348 ὄντα

362 1385 474 1439 τὸν
522 1386 757 1457 οὐρανὸν
808 1386 948 1457 μετὰ
1006 1388 1237 1460 ταύτης,
1290 1387 1428 1441 ἀλλὰ
1484 1388 1561 1458 μὴ
1612 1388 1720 1459 πρὸ
1767 1386 1973 1459 ταύτης

361 1475 665 1542 γενέσθαι,
694 1475 834 1530 ἀλλὰ
871 1477 968 1531 καὶ
996 1476 1058 1531 τὺ
1082 1476 1183 1548 τὴν
1222 1475 1319 1531 τοῦ
1346 1476 1525 1545 φωτὸς
1547 1476 1711 1545 φύσιν
1738 1476 1973 1547 ὑστέραν

362 1567 773 1638 παραχθῆναι,
811 1569 1103 1639 κρείττονα
1145 1569 1241 1623 τοῦ
1279 1567 1508 1632 σκότους
1544 1566 1832 1637 προδήλως
1862 1566 1968 1619 ὑπ-

361 1658 686 1729 άρχουσαν.
731 1652 869 1714 Εἶτα
909 1659 1224 1730 σπέρματα,
1260 1657 1403 1728 μετὰ
1425 1657 1585 1712 τοῦτο
1629 1657 1727 1711 καὶ
1750 1655 1965 1727 δένδρα,

360 1746 502 1803 εἶτα
529 1749 644 1814 ζῶα
671 1751 890 1821 πτηνῶν
915 1767 978 1804 τε
1002 1751 1098 1806 καὶ
1121 1749 1334 1821 κτηνῶν
1356 1750 1451 1804 καὶ
1476 1750 1750 1821 χερσαίων
1773 1749 1965 1822 θεάσῃ,

360 1841 474 1895 καὶ
498 1841 593 1894 ἐπὶ
614 1842 753 1894 πᾶσι
776 1840 990 1904 τούτοις
1011 1841 1100 1895 τὸν
1124 1840 1430 1911 ἄνθρωπον.
1456 1842 1519 1894 Εἰ
1539 1840 1594 1894 δὲ
1623 1839 1852 1908 λέγοιεν,
1882 1840 1964 1892 ὅτι

358 1937 591 1991 τούτων
618 1936 872 2000 ἕκαστον,
893 1935 998 1989 κᾶν
1034 1936 1084 1988 εί
1121 1934 1449 2006 τιμιώτερόν
1483 1935 1601 1987 ἐστι
1639 1934 1700 1986 τὸ
1733 1948 1963 2003 μεταγε-

358 2027 635 2098 νέστερον
671 2027 767 2080 τοῦ
792 2029 1303 2098 πρωτογενεστέρου
1324 2064 1340 2091 ,
1382 2026 1472 2080 τὸν
1510 2025 1778 2096 ἡμέτερον
1804 2023 1965 2092 λόγον

357 2118 535 2172 οὐδέν
563 2135 617 2172 τι
648 2118 849 2188 μᾶλλον
890 2117 1063 2189 ψευδῆ
1105 2118 1403 2188 διελέγχει,
1432 2117 1532 2170 οὐκ
1557 2115 1791 2185 αἰσθητὰ
1829 2115 1966 2187 πρὸς

357 2208 614 2280 αἰσθητὰ
634 2209 1075 2281 παραϐάλλοντα,
1095 2208 1231 2263 ἀλλὰ
1249 2209 1387 2280 πρὸς
1403 2208 1638 2279 αἰσθητὰ
1652 2207 1844 2278 νοητὰ,
1868 2207 1965 2287 καὶ

356 2301 459 2356 διὰ
500 2300 661 2355 τοῦτο
693 2301 804 2356 τῶν
847 2300 1125 2372 αἰσθητῶν
1159 2300 1374 2372 ἔφαμεν
1407 2299 1850 2372 προγεγενῑμτθαι
1892 2297 1965 2352 τὰ

359 2389 545 2460 νοητά
565 2406 578 2420 ·
608 2389 842 2461 ἐροῦμεν
874 2390 968 2444 καὶ
991 2390 1129 2460 πρὸς
1158 2388 1317 2443 τοῦτο
1356 2391 1538 2461 ἡμεῖς,
1565 2389 1648 2444 ὅτι
1676 2406 1782 2459 περ
1803 2391 1837 2460 ἡ
1866 2387 1963 2442 τοῦ

359 2480 668 2552 ἀνθρώπου
700 2480 849 2553 ψυχὴ
870 2481 1064 2553 λογική
1097 2500 1155 2536 τε
1177 2476 1314 2536 οὖσα
1353 2482 1451 2534 καὶ
1475 2481 1665 2552 νοητὴ,
1700 2480 1965 2553 δευτέραν

356 2574 475 2644 τῆς
513 2574 719 2646 σαρκὸς
747 2574 875 2646 ἔσχε
917 2576 1020 2645 τὴν
1042 2575 1280 2644 γένεσιν.
1329 2573 1577 2626 Ἔπλασε
1614 2572 1725 2644 γὰρ
1762 2574 1790 2625 6
1830 2571 1965 2637 Θεὸς

357 2660 593 2733 πρῶτον
629 2661 721 2715 τὸν
761 2662 1051 2734 ἄνθρωπον
1092 2663 1221 2733 χοῦν
1251 2662 1360 2717 ἀπὸ
1398 2662 1499 2731 τῆς
1520 2661 1646 2730 γῆς,
1673 2656 1794 2715 εἶτα
1826 2662 1966 2733 μετὰ

358 2754 535 2809 τοῦτο
588 2753 925 2823 ἐνεφύσησεν
981 2754 1062 2816 είς
1107 2755 1170 2807 τὸ
1224 2755 1518 2825 πρόσωπον
1574 2754 1742 2809 αὐτοῦ
1793 2755 1965 2828 πνοὴν

360 2841 543 2910 ζωῆς.
573 2843 744 2895 Τοῦτο
773 2842 829 2895 δὲ
859 2843 953 2895 καὶ
974 2845 1004 2896 6
1035 2844 1327 2915 προφήτης
1364 2844 1639 2915 Ζαχαρίας
1678 2840 1847 2913 δηλοῖ,
1876 2846 1966 2900 λέο

358 2945 527 2995 γωνο
595 2930 660 2981 ’0
712 2928 961 2995 πλάσας
1003 2930 1242 3000 πνεῦμα
1293 2932 1612 3001 ἀνθρώπου
1654 2933 1726 2987 ἐν
1780 2934 1962 3000 αὐτῷ.

364 3023 540 3075 ’Ὡστε
587 3022 649 3075 τὸ
684 3024 786 3093 μέν
833 3022 928 3076 τοῦ
964 3025 1252 3090 Πλάτωνος
1281 3026 1463 3096 δόγμα
1503 3025 1731 3095 ψευδὲς,
1762 3026 1963 3098 ἀληθὲς

2080 571 2127 615 ct
2163 571 2395 625 terram,
2431 574 2539 615 non
2584 575 2775 615 verum
2806 562 3098 617 creationis
3145 563 3356 617 initium
3392 577 3664 617 memora-

2080 653 2146 706 rit
2172 670 2186 719 ;
2218 669 2343 707 nam
2372 652 2479 707 alia
2519 661 2759 707 exstaret
2804 653 2977 709 multo
3006 654 3285 724 antiquior
3305 694 3321 717 ,
3352 668 3461 723 qua
3520 654 3665 708 invi-

2080 746 2263 801 sibiles
2297 743 2718 815 spiritualesque
2760 753 2970 800 naturae
3015 744 3194 800 forent
3222 746 3478 799 conditae.
3524 745 3670 814 Istos

2081 848 2261 892 autem
2289 838 2602 906 oportebat,
2634 846 2874 891 mentem
2911 837 3135 907 spiritus
3188 826 3449 892 doctrina:
3481 837 3664 892 inten-

2079 930 2289 994 dentes,
2322 930 2609 985 veritatem
2657 929 2975 1001 diligentius
3005 929 3302 999 inquirere.
3358 927 3455 983 llla
3511 928 3658 984 enim

2078 1022 2385 1091 speciosum
2420 1022 2582 1077 istum
2614 1036 2860 1077 errorem
2891 1020 3182 1076 manifeste
3204 1020 3542 1077 confutatum
3573 1035 3663 1074 re-

2078 1116 2274 1186 peries.
2314 1114 2448 1169 Nam
2497 1114 2717 1182 cadum,
2764 1115 2895 1170 licet
2950 1122 3101 1169 terra
3147 1113 3514 1182 praestantius,
3551 1126 3658 1165 una

2076 1220 2198 1261 cum
2252 1219 2352 1272 ea,
2404 1220 2511 1261 non
2551 1215 2730 1260 autem
2785 1215 2914 1262 ante
2961 1219 3082 1261 eam
3134 1204 3336 1259 factum
3370 1203 3655 1269 invenies;

2077 1298 2187 1353 imo
2227 1297 2393 1352 etiam
2449 1295 2589 1350 lucis
2638 1302 2926 1363 naturam,
2980 1295 3184 1365 absque
3222 1292 3386 1350 dubio
3421 1292 3660 1349 tenebris

2078 1386 2363 1441 meliorem
2392 1426 2408 1453 ,
2445 1384 2720 1454 posterius
2749 1393 2930 1439 tamen
2962 1384 3253 1453 prolatam.
3311 1382 3516 1438 Deinde
3566 1397 3660 1439 se-

2074 1477 2247 1542 mina,
2275 1486 2331 1533 et
2360 1487 2546 1547 postea
2580 1480 2826 1542 arbores,
2862 1490 2926 1532 ac
2947 1476 3182 1545 denique
3210 1489 3411 1546 genera
3460 1475 3658 1530 volati-

2073 1566 2203 1621 lium
2233 1576 2287 1622 et
2327 1581 2585 1637 pecorum
2614 1576 2671 1622 et
2711 1567 3055 1624 terrestrium
3089 1567 3428 1632 animalium,
3459 1580 3525 1623 ac
3557 1581 3663 1637 po-

2073 1668 2281 1716 stremo
2311 1659 2528 1715 tandem
2563 1659 2812 1715 homines
2852 1658 2982 1715 editi
3027 1669 3175 1714 sunt.
3229 1658 3422 1714 Dicent
3470 1658 3608 1713 forte
3634 1673 3653 1712 :

2073 1749 2335 1815 Quamvis
2361 1749 2414 1803 in
2449 1749 2677 1804 istorum
2704 1748 2895 1804 ordine
2920 1749 3225 1819 posteriora
3253 1764 3424 1820 usque
3455 1749 3655 1819 priori-

2072 1843 2172 1895 bus
2203 1848 2487 1910 prmstant,
2518 1840 2624 1894 hoc
2656 1838 2803 1895 nulla
2838 1838 3051 1894 ratione
3077 1836 3382 1894 doctrinam
3409 1848 3652 1895 nostram

2071 1931 2269 1987 refellit
2297 1948 2314 1998 ;
2349 1944 2458 1986 non
2486 1930 2633 1987 enim
2670 1929 2958 1988 sensibilia
2984 1945 3108 1987 cum
3137 1929 3489 1986 seusibilibus
3520 1944 3654 1985 con-

2064 2024 2317 2091 ferimus,
2365 2024 2463 2081 sed
2512 2039 2639 2081 cum
2674 2024 3029 2083 sensibilihus
3067 2022 3392 2095 spiritualia,
3424 2023 3663 2091 ideoque

2065 2117 2367 2187 spiritualia
2418 2115 2660 2172 diximus
2686 2131 2800 2186 prae
2847 2116 3200 2173 sensibiiibus
3233 2115 3529 2171 exstitisse.
3565 2114 3654 2168 Ad

2064 2209 2180 2263 haec
2208 2198 2391 2263 autem
2423 2208 2874 2278 respondebimus
2922 2207 3162 2264 animam
3218 2205 3456 2261 hominis
3480 2247 3495 2271 ,
3526 2205 3654 2260 licet

2063 2296 2363 2366 spiritualis
2393 2297 2465 2351 sit
2487 2304 2542 2351 et
2569 2296 2876 2363 rationalis,
2919 2310 3085 2352 carne
3118 2295 3479 2350 recentiorem
3501 2308 3653 2350 esse.

2067 2389 2203 2443 Nam
2247 2389 2481 2458 primum
2514 2386 2672 2442 ﬁnxit
2702 2386 2846 2443 Deus
2893 2386 3168 2442 hominem
3192 2423 3211 2452 ,
3250 2384 3525 2455 pulverem
3585 2384 3652 2437 de

2066 2490 2232 2548 terra,
2253 2494 2318 2536 ac
2355 2479 2551 2536 deinde
2577 2478 2811 2535 suillavit
2836 2479 2890 2534 in
2918 2478 3109 2534 faciem
3140 2477 3258 2547 ejus
3287 2475 3472 2531 tlatum
3504 2476 3650 2531 vit'e.

2067 2574 2210 2629 Idem
2249 2571 2497 2629 declarat
2543 2572 2709 2629 etiam
2763 2573 3025 2645 propheta
3070 2570 3367 2627 Zacharias
3413 2569 3603 2624 dicens
3634 2585 3653 2623 :

2066 2666 2138 2721 Et
2176 2665 2378 2737 ﬁngens
2424 2664 2673 2735 spiritum
2702 2664 2932 2719 hominis
2969 2663 3027 2719 in
3081 2679 3141 2719 eo
3179 2664 3220 2718 ¹.
3257 2661 3502 2717 Platonis
3551 2660 3655 2728 igi-

2062 2747 2155 2815 tur
2185 2758 2434 2815 doetrina
2482 2755 2647 2824 falsa,
2695 2754 2895 2828 Moysis
2938 2766 3120 2812 autem
3159 2755 3379 2811 eﬂ'atum
3419 2768 3651 2810 verum:

2067 2848 2135 2903 In
2185 2848 2447 2919 principio
2503 2847 2627 2918 fecit
2678 2846 2822 2902 Deus
2854 2847 3043 2902 cretum
3074 2856 3122 2902 et
3156 2856 3373 2903 terram.
3428 2844 3655 2900 Videtur
3736 2848 3763 2857 “

2065 2938 2230 2995 etiam
2293 2938 2385 2993 hic
2455 2939 2591 2994 ordo
2659 2937 2860 2992 rationi
2906 2938 3179 2994 humanae
3246 2937 3416 2993 multo
3480 2939 3652 3007 magis

2067 3040 2488 3087 consentaneus.
2528 3029 2711 3085 lnnuit
2754 3030 2900 3085 enim
2954 3030 3096 3086 ratio
3143 3030 3290 3086 hunc
3339 3043 3462 3085 esse
3511 3029 3653 3099 opti-

358 3115 423 3169 δὲ
457 3115 664 3186 Μωσῆς
695 3111 849 3170 εἶπεν
870 3132 884 3148 ⁶
932 3118 1034 3172 Ἐν
1063 3116 1223 3189 ἀρχῇ
1251 3118 1544 3187 ἐποίησεν
1592 3120 1626 3172 ό
1667 3120 1812 3187 Θεὸς
1857 3120 1960 3175 τὸν

2071 3141 2218 3182 mum
2247 3125 2528 3190 ordinem,
2556 3125 2600 3180 si
2627 3123 2828 3187 minus,
2855 3133 2949 3178 aut
2972 3122 3151 3193 potius
3182 3122 3227 3176 si
3266 3120 3509 3176 deterius
3540 3135 3654 3175 me-

358 3207 635 3274 θὺρανὸν
674 3207 775 3263 καί
807 3208 926 3276 τὴν
969 3209 1119 3280 γῆν·
1155 3211 1281 3264 ἐπεὶ
1313 3212 1407 3264 καὶ
1442 3210 1586 3266 κατὰ
1617 3210 1962 3282 ἀνθρώπινον

358 3299 633 3370 λογισμὸν
674 3300 836 3355 τοῦτό
876 3303 1026 3355 ἐστιν
1064 3301 1279 3358 ἐκείνου
1313 3301 1497 3375 πολλῷ
1526 3303 1691 3360 πλέον
1729 3304 1960 3358 ἀκολου-

361 3390 617 3461 θότερον.
665 3390 756 3462 Τῷ
803 3393 903 3463 μὲν
954 3391 1064 3463 γὰρ
1102 3393 1324 3464 ἥττονι,
1370 3395 1575 3466 μᾶλλον
1631 3397 1690 3451 δέ
1738 3397 1834 3452 καὶ
1882 3397 1962 3469 τῷ

358 3479 577 3551 χείρονι
607 3478 670 3532 τὸ
708 3482 958 3551 κρεῖττον
985 3483 1336 3550 ἐπιγενέσθαι
1365 3484 1574 3552 τάξεως
1600 3488 1701 3558 τῆς
1728 3487 1960 3559 ἀρίστης

356 3572 528 3639 λόγον
567 3570 691 3642 ἐχον
734 3571 872 3626 ἐστί.
925 3572 1186 3645 Προκοπὴ
1231 3573 1342 3645 γὰρ
1383 3576 1444 3630 ἐν
1490 3578 1604 3640 τοῖς
1642 3579 1809 3632 πᾶσιν
1849 3580 1958 3632 ἀπὸ

356 3662 460 3717 τοῦ
511 3660 738 3727 ἀτελοῦς
786 3662 880 3717 ἐπὶ
909 3666 970 3717 τὸ
999 3662 1204 3718 τέλειον
1234 3665 1468 3735 γίνεται.
1509 3666 1671 3721 Ὅθεν
1728 3668 1850 3722 οὐδὲ
1897 3669 1958 3723 τὸ

356 3752 743 3824 πνευματικὸν
796 3754 1033 3825 πρῶτον,
1085 3755 1225 3811 ἀλλὰ
1296 3757 1359 3811 τὸ
1408 3757 1643 3830 ψυχικὸν
1712 3760 1954 3830 ἐγένετο,

354 3845 561 3902 ἔπειτα
605 3845 666 3899 τὸ
722 3834 1117 3916 πνευματικόν.
1179 3849 1256 3902 Τδ
1307 3849 1400 3918 δὲ⁴,
1436 3851 1513 3915 ὡς
1546 3852 1746 3906 ἐκεῖνοί
1773 3859 1952 3923 ’φασι,

350 3941 474 4003 τοῖς
538 3936 777 4007 βελτίοσι,
824 3936 900 4011 [1⁵.
959 3939 1136 4014 πρὸς]
1195 3940 1550 4014 προτίθεσθαι
1597 3942 1827 4017 δεύτερα
1887 3946 1955 4000 τὰ

353 4027 706 4099 φαυλότερα,
734 4029 1048 4092 τούναντίον
1077 4033 1251 4085 ποιεῖ’
1288 4032 1384 4087 τοῦ
1420 4034 1664 4107 χείρονος
1697 4037 1797 4108 μὲν
1828 4037 1951 4093 ἐπί-

349 4121 533 4183 δοσιν,
564 4118 863 4173 ἐλάττωσιν
897 4119 955 4174 δέ
990 4118 1086 4175 τοῖ’)⁹
1115 4121 1421 4194 ἀμείνονος.
1458 4125 1523 4178 Ὃ
1555 4126 1697 4180 κατᾶ
1723 4126 1821 4181 τοῦ
1860 4145 1953 4182 σο-

352 4208 616 4279 φωτάτου
672 4209 781 4265 τῶν
810 4211 948 4266 ὅλων
978 4214 1328 4286 Δημιουργοῦ
1380 4215 1557 4280 οὐδεὶς
1599 4217 1667 4272 ἂν
1709 4218 1954 4291 ἐνθυμη-

352 4302 524 4373 θῆναι
548 4300 864 4374 τολμήσειε.
892 4305 1001 4360 Καὶ
1024 4307 1156 4377 μετ’
1185 4308 1379 4377 ὀλίγα·
1422 4308 1564 4363 Ἀλλ’
1592 4309 1824 4375 ἐκείνοις
1851 4312 1952 4382 μὲν

265 4457 272 4467 ι
350 4396 618 4467 οὐδαμῶς
647 4398 982 4469 προσεκτέον
1006 4416 1019 4430 ·
1047 4401 1173 4454 ἐπεὶ
1202 4400 1340 4472 μηδὲ
1365 4401 1555 4474 ἕτερον
1587 4401 1730 4457 οὕτω
1755 4421 1808 4456 τι
1839 4406 1953 4468 τοῖς

2067 3219 2189 3279 liori
2223 3216 2649 3289 prtegrediatnr.
2691 3214 2827 3270 Nam
2875 3229 2971 3284 per
2998 3213 3180 3271 omnia
3208 3215 3278 3268 ab
3310 3211 3651 3281 imperfectis

2062 3315 2131 3372 ad
2154 3310 2394 3386 perfecta
2419 3306 2719 3380 profectus.
2754 3306 2908 3364 Unde
2930 3323 3036 3364 non
3058 3304 3365 3377 spiritualia
3391 3304 3648 3376 primum,

2061 3408 2155 3464 sed
2190 3403 2447 3462 animalia
2487 3402 2766 3458 condenda
2801 3442 2817 3467 ,
2853 3410 2907 3456 ct
2958 3399 3153 3457 deinde
3198 3397 3523 3470 spiritualia.
3580 3396 3653 3452 At

2063 3497 2277 3564 viliora,
2312 3506 2372 3549 ut
2401 3493 2476 3548 illi
2502 3491 2711 3559 volunt,
2756 3486 3074 3549 melioribus
3102 3489 3345 3561 adjicere
3370 3530 3386 3557 ,
3427 3497 3652 3544 contra-

2064 3589 2205 3643 rium
2235 3587 2487 3657 praebet:
2526 3583 2730 3654 pejoris
2771 3584 3138 3639 accessionem
3183 3591 3240 3639 et
3266 3582 3506 3638 melioris
3548 3582 3652 3635 im-

2062 3678 2448 3733 minutionem.
2495 3673 2649 3741 Quod
2701 3687 2836 3728 sane
2892 3674 2960 3728 de
3005 3673 3410 3744 sapientissimo
3469 3686 3649 3727 rerum

2058 3769 2301 3824 omnium
2332 3763 2630 3822 Conditore
2652 3764 2899 3834 cogitare
2924 3778 3083 3819 nemo
3112 3764 3354 3818 audebit.
3391 3761 3458 3817 Et
3483 3762 3648 3832 paulo

2055 3869 2169 3926 post
2202 3874 2222 3914 :
2257 3858 2329 3913 At
2382 3856 2489 3912 illis
2532 3855 2677 3909 nulla
2721 3856 2937 3912 ratione
2981 3853 3476 3919 consentiendum;
3520 3869 3645 3909 nam

2057 3946 2192 4001 nihil
2219 3944 2363 4000 aliud
2407 3944 2698 4015 plerosque
2742 3944 2809 3999 ad
2859 3943 2983 4000 illas
3011 3957 3298 4014 perversas
3331 3944 3399 3999 de
3423 3942 3563 3999 Filio
3590 3953 3646 3998 et

2058 4035 2266 4107 Spiritu
2297 4045 2491 4090 sancto
2525 4033 2811 4104 opiniones
2840 4036 3017 4103 magis
3050 4033 3294 4098 deduxit,
3326 4048 3647 4104 quampra-

2056 4145 2135 4185 vae
2180 4129 2297 4185 ista:
2347 4126 2417 4182 de
2473 4141 2657 4182 rerum
2704 4125 2918 4195 origine
2951 4125 3447 4195 interpretationes.
3480 4123 3642 4179 'Nam

2056 4221 2238 4290 plures
2264 4218 2571 4274 creationes
2600 4230 2700 4286 pro
2733 4222 2888 4272 certo
2940 4223 3208 4278 tenentes,
3239 4222 3295 4268 et
3344 4228 3505 4268 unam
3554 4230 3646 4270 δοσ-

2055 4312 2276 4382 Iamque
2299 4315 2676 4365 creaturarum
2709 4307 2954 4363 omnium
2991 4306 3256 4376 originem
3296 4314 3640 4375 respuentes,

2054 4402 2256 4474 gradus
2285 4400 2548 4470 quosdam
2578 4406 2635 4455 et
2661 4398 2884 4453 ordines
2906 4399 3128 4453 deorum
3170 4398 3477 4463 tinxerunt,
3522 4413 3640 4450 ma-

350 4489 575 4543 πλείοσι
607 4489 710 4559 τῆς
756 4490 1108 4563 ἐσφαλμένης
1145 4492 1272 4562 περί
1311 4509 1372 4548 τε
1408 4492 1502 4546 τοῦ
1553 4493 1686 4548 Υἱοῦ
1728 4496 1824 4549 καὶ
1854 4495 1949 4550 τοῦ

2064 4509 2193 4565 gnos
2239 4503 2296 4548 et
2330 4493 2567 4563 majores
2621 4498 2679 4547 et
2732 4491 3002 4547 maximos
3062 4489 3480 4561 distinguentcs.
3535 4490 3641 4558 Qui

350 4581 518 4652 ἁγίου
544 4581 866 4653 Πνεύματος
898 4581 1059 4653 δόξης
1087 4583 1379 4655 παραίτιον
1411 4585 1658 4655 γέγονεν,
1686 4587 1764 4651 ὡς
1790 4588 1950 4644 τοῦτο

351 4671 886 4745 παρερμηνευθῆναι
907 4673 1018 4727 τῶν
1046 4672 1303 4747 πρώτων,
1337 4675 1399 4728 ού
1431 4675 1615 4741 καλῶς
1636 4676 1945 4750 ἐκδοθῆναι.

361 4762 729 4834 ’Υποθέμενοι
754 4763 864 4837 γὰρ
908 4765 1126 4829 ἐαυτοῖς
1153 4764 1405 4831 πλείονας
1434 4767 1819 4839 δημιουργίας,
1851 4771 1948 4827 καὶ

350 4857 449 4928 τὴν
481 4856 612 4926 μίαν
638 4857 733 4911 καὶ
755 4857 925 4928 μόνην
953 4857 1063 4919 τῶν
1084 4858 1408 4930 ποιημάτων
1430 4861 1609 4932 ἀρχὴν
1631 4862 1706 4925 ὡς
1729 4862 1947 4933 ἀληθῶς

352 4946 762 5018 ἀθετήσαντες,
808 4947 1054 5020 βαθμούς
1112 4967 1266 5015 τινας
1318 4951 1414 5005 καὶ
1442 4951 1626 5018 τάξεις
1663 4952 1812 5008 Θεῶν
1859 4971 1952 5008 κε-

353 5040 816 5110 καινοτομήκασι,
850 5039 1121 5109 μεγάλους
1141 5042 1237 5095 καὶ
1267 5040 1487 5113 μείζους
1518 5042 1611 5097 καὶ
1655 5044 1950 5114 μεγίστους

354 5128 738 5200 ἐξευρηκὸτες.
780 5126 876 5196 Οἷς
916 5134 967 5186 εἰ
1017 5132 1269 5205 παρέστη
1299 5132 1568 5205 δήπουθεν
1592 5133 1829 5205 βεόαίως
1860 5136 1943 5205 τὸ,

354 5222 447 5273 τὸν
467 5220 600 5276 Θεὸν
626 5223 795 5294 μηδὲν
819 5224 1043 5291 ἔξωθεν,
1072 5219 1148 5279 ὧν
1170 5225 1378 5296 Μωσῆς
1402 5228 1537 5298 ἡμῖν
1562 5227 1940 5300 παραδέδωκε,

359 5314 829 5385 προπεποιηκέναι
850 5354 864 5381 ,
920 5318 1020 5371 οὐκ
1049 5317 1116 5371 ἂν
1145 5319 1242 5388 τῆς
1275 5318 1442 5389 ὀρθῆς
1484 5318 1647 5390 δόξης
1686 5319 1816 5391 περὶ
1844 5321 1946 5391 τῆς

356 5405 520 5472 ἁγίας
565 5406 797 5477 Τριάδος
833 5410 1317 5482 ἀπεπλανήθησαν.
1372 5412 1588 5475 Εἰδότες
1632 5411 1743 5484 γὰρ
1776 5411 1852 5474 ὡς
1883 5413 1946 5465 τὸ

358 5498 468 5551 πᾶν
511 5499 591 5562 είς
634 5499 730 5554 δύο
771 5500 944 5556 ταῦτα
986 5504 1364 5575 διακέκριται,
1396 5505 1477 5569 εἷς
1512 5522 1571 5558 τε
1598 5505 1943 5578 Δημιουργδν

358 5588 451 5643 καὶ
482 5590 978 5664 δημιουργήματα,
1027 5594 1121 5650 καὶ
1148 5595 1222 5660 ὡς
1254 5597 1283 5651 6
1318 5596 1419 5666 μέν
1467 5597 1614 5650 ἐστιν
1648 5594 1945 5666 ὰγέννητός

433 5766 451 5800 ⁸
471 5765 704 5828 lztchar.
730 5782 827 5835 XII,
868 5771 914 5827 1.

2059 4584 2328 4657 profecto,
2366 4583 2411 4640 si
2443 4583 2678 4639 ﬁrmiter
2712 4582 3073 4638 credidissent
3107 4583 3275 4638 Deum
3319 4581 3452 4636 nihil
3486 4592 3642 4637 extra

2056 4689 2115 4730 se
2144 4684 2274 4731 ante
2304 4688 2367 4729 ca
2397 4673 2674 4729 creavisse
2697 4714 2713 4740 ,
2759 4688 2880 4744 quae
2926 4688 2956 4727 a
2992 4676 3176 4744 Moyse
3223 4673 3514 4728 traduntur
3535 4713 3552 4740 ,
3608 4687 3643 4728 a

2056 4777 2203 4823 recta
2243 4767 2495 4823 doctrina
2522 4767 2591 4823 de
2633 4774 2823 4823 sancta
2850 4764 3120 4822 Trinitate
3155 4782 3430 4838 nunquam
3473 4763 3640 4821 delle-

2054 4861 2283 4916 xissent.
2316 4858 2567 4915 Scientes
2595 4860 2741 4914 enim
2773 4860 2957 4915 omnia
2987 4875 3108 4931 quae
3134 4868 3263 4915 sunt
3307 4861 3358 4914 in
3394 4861 3509 4915 haec
3530 4860 3641 4916 duo

2052 4951 2336 5020 distingui,
2368 4948 2423 5005 in
2454 4949 2774 5007 Creatorem
2809 4951 3017 5007 scilicet
3047 4959 3101 5007 et
3130 4960 3429 5017 creaturas,
3471 4959 3639 5021 atque

2050 5042 2264 5098 illorum
2292 5057 2458 5097 unum
2490 5042 2709 5114 quidem
2746 5057 2869 5098 esse
2904 5043 3205 5098 increatum
3227 5051 3281 5096 et
3308 5042 3629 5112 ingenitum,

2050 5138 2220 5194 altera
2253 5148 2437 5194 autem
2490 5146 2680 5194 creata
2726 5147 2782 5193 et
2827 5136 3008 5204 genita
3036 5175 3051 5202 ,
3083 5139 3405 5191 alterutrum
3439 5136 3636 5191 horum

2051 5229 2293 5300 proﬁteri
2356 5230 2709 5299 Oportuisset.
2771 5231 2880 5284 Aut
2935 5228 3081 5284 enim
3132 5244 3201 5286 ex
3253 5228 3424 5284 nihilo
3478 5243 3634 5284 crea-

2052 5334 2134 5377 tos
2163 5322 2482 5377 docuissent
2525 5322 2716 5379 Filium
2761 5330 2817 5377 et
2848 5320 3111 5392 Spiritum
3143 5331 3393 5377 sanctum
3415 5362 3430 5387 ,
3471 5332 3632 5378 cretes

2049 5415 2232 5483 risque
2266 5414 2537 5469 creaturis
2585 5413 2729 5468 intra
2764 5429 2859 5469 sex
2895 5412 3014 5468 dies
3042 5412 3206 5467 editis
3229 5452 3243 5478 ,
3289 5426 3397 5467 non
3447 5422 3632 5468 autem

2051 5504 2181 5569 Deo,
2220 5504 2683 5571 annumerandos,
2715 5518 2891 5574 neque
2919 5518 3015 5559 eos
3036 5518 3146 5575 prae
3168 5503 3465 5560 creationis
3497 5504 3632 5558 viri.

2048 5597 2148 5653 bus
2183 5595 2543 5664 extulissent;
2604 5605 2740 5666 aut,
2804 5595 3006 5665 rcjecto
3054 5604 3162 5653 tam
3199 5594 3366 5668 impio
3420 5610 3632 5673 errore,
