  <div class='ocr_page' id='page_1' title='image "/cluster/home/n/w/nwhite01/storage/ocr_20150623/85/coo.31924054869866/821.png"; bbox 0 0 4064 6404; ppageno 0'>
   <div class='ocr_carea' id='block_1_1' title="bbox 413 301 3683 378">
    <p class='ocr_par' dir='ltr' id='par_1_1' title="bbox 413 301 3683 378">
     <span class='ocr_line' id='line_1_1' title="bbox 413 301 3683 378; baseline -0.002 -1"><span class='ocrx_word' id='word_1_1' title='bbox 413 313 543 378; x_wconf 62' lang='grc'>1827</span> <span class='ocrx_word' id='word_1_2' title='bbox 1514 317 1896 377; x_wconf 67' lang='grc' dir='ltr'>ϐΕΝΝΑΒΠ</span> <span class='ocrx_word' id='word_1_3' title='bbox 1934 316 2443 376; x_wconf 69' lang='grc' dir='ltr'>ΡΛΤΒΙΛΗΟΗᾸΞ</span> <span class='ocrx_word' id='word_1_4' title='bbox 2480 315 2590 375; x_wconf 87' lang='lat' dir='ltr'>CP.</span> <span class='ocrx_word' id='word_1_5' title='bbox 3544 301 3683 370; x_wconf 76' lang='grc'>1628</span> 
     </span>
    </p>
   </div>
   <div class='ocr_carea' id='block_1_2' title="bbox 397 414 2019 495">
    <p class='ocr_par' dir='ltr' id='par_1_2' title="bbox 397 420 2019 495">
     <span class='ocr_line' id='line_1_2' title="bbox 397 420 2019 495; baseline 0.002 -19"><span class='ocrx_word' id='word_1_6' title='bbox 397 437 692 495; x_wconf 88' lang='lat' dir='ltr'><strong>ntrmnqne</strong></span> <span class='ocrx_word' id='word_1_7' title='bbox 729 426 897 482; x_wconf 88' lang='lat' dir='ltr'><strong>Demn</strong></span> <span class='ocrx_word' id='word_1_8' title='bbox 933 440 1119 481; x_wconf 79' lang='lat' dir='ltr'><strong>verum</strong></span> <span class='ocrx_word' id='word_1_9' title='bbox 1155 420 1436 491; x_wconf 88' lang='lat' dir='ltr'><strong>confessi,</strong></span> <span class='ocrx_word' id='word_1_10' title='bbox 1472 436 1852 481; x_wconf 75' lang='lat' dir='ltr'>creaturarum</span> <span class='ocrx_word' id='word_1_11' title='bbox 1887 439 1982 481; x_wconf 86' lang='lat' dir='ltr'><strong>or-</strong></span> <span class='ocrx_word' id='word_1_12' title='bbox 2015 477 2019 486; x_wconf 74' lang='grc'>,</span> 
     </span>
    </p>
   </div>
   <div class='ocr_carea' id='block_1_3' title="bbox 2129 414 3682 495">
    <p class='ocr_par' dir='ltr' id='par_1_3' title="bbox 2129 414 3682 489">
     <span class='ocr_line' id='line_1_3' title="bbox 2129 414 3682 489; baseline -0.008 -11"><span class='ocrx_word' id='word_1_13' title='bbox 2129 443 2148 478; x_wconf 88' lang='grc' dir='ltr'>ε</span> <span class='ocrx_word' id='word_1_14' title='bbox 2174 425 2269 478; x_wconf 76' lang='grc' dir='ltr'>καὶ</span> <span class='ocrx_word' id='word_1_15' title='bbox 2298 424 2576 489; x_wconf 76' lang='grc' dir='ltr'>ἁκτιστος,</span> <span class='ocrx_word' id='word_1_16' title='bbox 2610 423 2677 476; x_wconf 75' lang='grc' dir='ltr'>τὰ</span> <span class='ocrx_word' id='word_1_17' title='bbox 2709 420 2787 488; x_wconf 81' lang='grc' dir='ltr'>δὲ,</span> <span class='ocrx_word' id='word_1_18' title='bbox 2819 419 3016 475; x_wconf 81' lang='grc' dir='ltr'>κτιστὰ</span> <span class='ocrx_word' id='word_1_19' title='bbox 3046 418 3144 472; x_wconf 74' lang='grc' dir='ltr'>καὶ</span> <span class='ocrx_word' id='word_1_20' title='bbox 3169 416 3429 488; x_wconf 82' lang='grc' dir='ltr'>γεννητὰ,</span> <span class='ocrx_word' id='word_1_21' title='bbox 3461 414 3682 477; x_wconf 76' lang='grc' dir='ltr'>πάντως</span> 
     </span>
    </p>
   </div>
   <div class='ocr_carea' id='block_1_4' title="bbox 395 500 2019 589">
    <p class='ocr_par' dir='ltr' id='par_1_4' title="bbox 395 516 1979 589">
     <span class='ocr_line' id='line_1_4' title="bbox 395 516 1979 589; baseline 0.001 -20"><span class='ocrx_word' id='word_1_22' title='bbox 395 517 507 570; x_wconf 91' lang='lat' dir='ltr'><strong>dini</strong></span> <span class='ocrx_word' id='word_1_23' title='bbox 531 530 627 572; x_wconf 85' lang='lat' dir='ltr'>eos</span> <span class='ocrx_word' id='word_1_24' title='bbox 659 534 934 587; x_wconf 81' lang='lat' dir='ltr'><strong>nunquam</strong></span> <span class='ocrx_word' id='word_1_25' title='bbox 964 518 1375 589; x_wconf 79' lang='lat' dir='ltr'><strong>ascripsissent,</strong></span> <span class='ocrx_word' id='word_1_26' title='bbox 1395 520 1549 589; x_wconf 88' lang='lat' dir='ltr'><strong>quasi</strong></span> <span class='ocrx_word' id='word_1_27' title='bbox 1574 532 1764 573; x_wconf 88' lang='lat' dir='ltr'><strong>eorum</strong></span> <span class='ocrx_word' id='word_1_28' title='bbox 1790 516 1979 587; x_wconf 70' lang='lat' dir='ltr'><strong>gloria:</strong></span> 
     </span>
    </p>
   </div>
   <div class='ocr_carea' id='block_1_5' title="bbox 2129 500 3681 589">
    <p class='ocr_par' dir='ltr' id='par_1_5' title="bbox 2139 500 3681 584">
     <span class='ocr_line' id='line_1_5' title="bbox 2139 500 3681 584; baseline -0.01 -17"><span class='ocrx_word' id='word_1_29' title='bbox 2139 534 2156 567; x_wconf 72' lang='grc' dir='ltr'>ι</span> <span class='ocrx_word' id='word_1_30' title='bbox 2199 515 2310 569; x_wconf 82' lang='grc' dir='ltr'>τῶν</span> <span class='ocrx_word' id='word_1_31' title='bbox 2356 514 2449 569; x_wconf 66' lang='grc' dir='ltr'>δύο</span> <span class='ocrx_word' id='word_1_32' title='bbox 2477 514 2539 567; x_wconf 72' lang='grc' dir='ltr'>τὸ</span> <span class='ocrx_word' id='word_1_33' title='bbox 2579 512 2770 584; x_wconf 69' lang='grc' dir='ltr'>ἕτερον</span> <span class='ocrx_word' id='word_1_34' title='bbox 2818 510 3086 580; x_wconf 74' lang='grc' dir='ltr'>ἔγνωσαν.</span> <span class='ocrx_word' id='word_1_35' title='bbox 3137 508 3207 560; x_wconf 83' lang='grc' dir='ltr'>Ἢ</span> <span class='ocrx_word' id='word_1_36' title='bbox 3239 506 3349 575; x_wconf 81' lang='grc' dir='ltr'>γὰρ</span> <span class='ocrx_word' id='word_1_37' title='bbox 3394 500 3681 557; x_wconf 86' lang='grc' dir='ltr'>κεκτίσθαι</span> 
     </span>
    </p>
   </div>
   <div class='ocr_carea' id='block_1_6' title="bbox 394 594 2019 679">
    <p class='ocr_par' dir='ltr' id='par_1_6' title="bbox 394 614 1880 679">
     <span class='ocr_line' id='line_1_6' title="bbox 394 614 1880 679; baseline 0.001 -12"><span class='ocrx_word' id='word_1_38' title='bbox 394 614 529 670; x_wconf 78' lang='lat' dir='ltr'><strong>satis</strong></span> <span class='ocrx_word' id='word_1_39' title='bbox 563 614 737 679; x_wconf 78' lang='lat' dir='ltr'><strong>fieret,</strong></span> <span class='ocrx_word' id='word_1_40' title='bbox 773 616 817 670; x_wconf 93' lang='lat' dir='ltr'>si</span> <span class='ocrx_word' id='word_1_41' title='bbox 853 625 981 670; x_wconf 86' lang='lat' dir='ltr'><strong>ante</strong></span> <span class='ocrx_word' id='word_1_42' title='bbox 1012 623 1205 670; x_wconf 59' lang='lat' dir='ltr'><strong>caetera</strong></span> <span class='ocrx_word' id='word_1_43' title='bbox 1234 614 1513 672; x_wconf 83' lang='lat' dir='ltr'><strong>exstitisse</strong></span> <span class='ocrx_word' id='word_1_44' title='bbox 1545 614 1880 670; x_wconf 76' lang='lat' dir='ltr'>dicerentur.</span> 
     </span>
    </p>
   </div>
   <div class='ocr_carea' id='block_1_7' title="bbox 2129 594 3683 679">
    <p class='ocr_par' dir='ltr' id='par_1_7' title="bbox 2129 594 3683 672">
     <span class='ocr_line' id='line_1_7' title="bbox 2129 594 3683 672; baseline -0.011 -11"><span class='ocrx_word' id='word_1_45' title='bbox 2129 607 2178 660; x_wconf 61' lang='grc' dir='ltr'>ὧν</span> <span class='ocrx_word' id='word_1_46' title='bbox 2208 624 2265 660; x_wconf 87' lang='grc' dir='ltr'>τε</span> <span class='ocrx_word' id='word_1_47' title='bbox 2299 604 2426 660; x_wconf 80' lang='grc' dir='ltr'>Υίδν</span> <span class='ocrx_word' id='word_1_48' title='bbox 2471 605 2564 658; x_wconf 66' lang='grc' dir='ltr'>καλ⁵</span> <span class='ocrx_word' id='word_1_49' title='bbox 2610 604 2672 658; x_wconf 81' lang='grc' dir='ltr'>τὸ</span> <span class='ocrx_word' id='word_1_50' title='bbox 2722 601 2946 672; x_wconf 80' lang='grc' dir='ltr'>Πνεῦμα</span> <span class='ocrx_word' id='word_1_51' title='bbox 2978 599 3041 654; x_wconf 74' lang='grc' dir='ltr'>τὸ</span> <span class='ocrx_word' id='word_1_52' title='bbox 3071 597 3227 667; x_wconf 76' lang='grc' dir='ltr'>ἅγιον</span> <span class='ocrx_word' id='word_1_53' title='bbox 3284 596 3344 662; x_wconf 79' lang='grc' dir='ltr'>ἐξ</span> <span class='ocrx_word' id='word_1_54' title='bbox 3376 595 3477 650; x_wconf 84' lang='grc' dir='ltr'>οὐκ</span> <span class='ocrx_word' id='word_1_55' title='bbox 3514 594 3683 646; x_wconf 72' lang='grc' dir='ltr'>ὄντων</span> 
     </span>
    </p>
   </div>
   <div class='ocr_carea' id='block_1_8' title="bbox 394 686 3681 781">
    <p class='ocr_par' dir='ltr' id='par_1_8' title="bbox 394 686 3681 781">
     <span class='ocr_line' id='line_1_8' title="bbox 394 686 3681 781; baseline -0.008 -17"><span class='ocrx_word' id='word_1_56' title='bbox 394 709 857 779; x_wconf 70' lang='grc' dir='ltr'>ἀποφαινόμενοι,</span> <span class='ocrx_word' id='word_1_57' title='bbox 925 713 1036 775; x_wconf 88' lang='grc' dir='ltr'>τοῖς</span> <span class='ocrx_word' id='word_1_58' title='bbox 1096 709 1308 777; x_wconf 80' lang='grc' dir='ltr'>λοιποῖς</span> <span class='ocrx_word' id='word_1_59' title='bbox 1362 710 1431 766; x_wconf 84' lang='grc' dir='ltr'>ἁν</span> <span class='ocrx_word' id='word_1_60' title='bbox 1495 709 1606 764; x_wconf 83' lang='grc' dir='ltr'>τῶν</span> <span class='ocrx_word' id='word_1_61' title='bbox 1660 707 1982 781; x_wconf 79' lang='grc' dir='ltr'>κτισμάτων</span> <span class='ocrx_word' id='word_1_62' title='bbox 2017 702 2217 765; x_wconf 76' lang='grc' dir='ltr'>αὐτοὺς</span> <span class='ocrx_word' id='word_1_63' title='bbox 2265 703 2380 765; x_wconf 86' lang='grc' dir='ltr'>τοῖς</span> <span class='ocrx_word' id='word_1_64' title='bbox 2422 701 2481 755; x_wconf 81' lang='grc' dir='ltr'>ἐν</span> <span class='ocrx_word' id='word_1_65' title='bbox 2509 697 2731 764; x_wconf 78' lang='grc' dir='ltr'>ταῖςὲξ</span> <span class='ocrx_word' id='word_1_66' title='bbox 2782 695 3099 766; x_wconf 76' lang='grc' dir='ltr'>γενομένοις</span> <span class='ocrx_word' id='word_1_67' title='bbox 3130 692 3369 764; x_wconf 81' lang='grc' dir='ltr'>ἡμέραις</span> <span class='ocrx_word' id='word_1_68' title='bbox 3388 728 3419 781; x_wconf 10' lang='grc' dir='ltr'>,ὲ</span> <span class='ocrx_word' id='word_1_69' title='bbox 3450 686 3681 781; x_wconf 33' lang='grc' dir='ltr'>ἀλλ’--σύ</span> 
     </span>
    </p>
   </div>
   <div class='ocr_carea' id='block_1_9' title="bbox 396 775 3683 875">
    <p class='ocr_par' dir='ltr' id='par_1_9' title="bbox 396 775 3683 875">
     <span class='ocr_line' id='line_1_9' title="bbox 396 775 3683 875; baseline -0.007 -24"><span class='ocrx_word' id='word_1_70' title='bbox 396 775 526 870; x_wconf 14' lang='grc' dir='ltr'>Θεῷί</span> <span class='ocrx_word' id='word_1_71' title='bbox 569 775 958 872; x_wconf 78' lang='grc' dir='ltr'>συνηρίθμουν,</span> <span class='ocrx_word' id='word_1_72' title='bbox 1008 802 1131 857; x_wconf 88' lang='grc' dir='ltr'>οὐδέ</span> <span class='ocrx_word' id='word_1_73' title='bbox 1182 775 1298 858; x_wconf 66' lang='grc' dir='ltr'>τῶν⁷</span> <span class='ocrx_word' id='word_1_74' title='bbox 1351 802 1453 875; x_wconf 86' lang='grc' dir='ltr'>τῆς</span> <span class='ocrx_word' id='word_1_75' title='bbox 1494 802 1728 868; x_wconf 83' lang='grc' dir='ltr'>κτίσεως</span> <span class='ocrx_word' id='word_1_76' title='bbox 1792 775 2008 875; x_wconf 77' lang='grc' dir='ltr'>μέτρων</span> <span class='ocrx_word' id='word_1_77' title='bbox 2085 793 2471 866; x_wconf 72' lang='grc' dir='ltr'>ὐπερετίθουν*</span> <span class='ocrx_word' id='word_1_78' title='bbox 2520 791 2554 863; x_wconf 80' lang='grc' dir='ltr'>ἢ</span> <span class='ocrx_word' id='word_1_79' title='bbox 2603 788 2900 861; x_wconf 83' lang='grc' dir='ltr'>φεύγοντες</span> <span class='ocrx_word' id='word_1_80' title='bbox 2947 786 3011 841; x_wconf 78' lang='grc' dir='ltr'>τὸ</span> <span class='ocrx_word' id='word_1_81' title='bbox 3065 782 3346 856; x_wconf 74' lang='grc' dir='ltr'>προφανὲς</span> <span class='ocrx_word' id='word_1_82' title='bbox 3403 775 3683 875; x_wconf 42' lang='grc' dir='ltr'>δυῌσσεϐἐς,</span> 
     </span>
    </p>
   </div>
   <div class='ocr_carea' id='block_1_10' title="bbox 395 869 3686 969">
    <p class='ocr_par' dir='ltr' id='par_1_10' title="bbox 395 869 3686 969">
     <span class='ocr_line' id='line_1_10' title="bbox 395 869 3686 969; baseline -0.008 -20"><span class='ocrx_word' id='word_1_83' title='bbox 395 869 498 949; x_wconf 74' lang='grc' dir='ltr'>οὐκ</span> <span class='ocrx_word' id='word_1_84' title='bbox 534 894 599 949; x_wconf 79' lang='grc' dir='ltr'>ἂν</span> <span class='ocrx_word' id='word_1_85' title='bbox 646 869 781 949; x_wconf 76' lang='grc' dir='ltr'>Θεὸν</span> <span class='ocrx_word' id='word_1_86' title='bbox 805 869 1042 968; x_wconf 26' lang='grc' dir='ltr'>*ἀληθῶς</span> <span class='ocrx_word' id='word_1_87' title='bbox 1098 896 1362 969; x_wconf 70' lang='grc' dir='ltr'>ἑκάτερον</span> <span class='ocrx_word' id='word_1_88' title='bbox 1409 869 1915 967; x_wconf 77' lang='grc' dir='ltr'>καθομολογοῦντες</span> <span class='ocrx_word' id='word_1_89' title='bbox 1938 934 1955 960; x_wconf 88' lang='grc'>,</span> <span class='ocrx_word' id='word_1_90' title='bbox 1995 894 2111 955; x_wconf 87' lang='grc' dir='ltr'>τοῖς</span> <span class='ocrx_word' id='word_1_91' title='bbox 2144 887 2455 959; x_wconf 76' lang='grc' dir='ltr'>ποιήμασιν</span> <span class='ocrx_word' id='word_1_92' title='bbox 2510 883 2715 947; x_wconf 79' lang='grc' dir='ltr'>αὐτοὺς</span> <span class='ocrx_word' id='word_1_93' title='bbox 2787 876 2947 945; x_wconf 76' lang='grc' dir='ltr'>αὖθις</span> <span class='ocrx_word' id='word_1_94' title='bbox 3009 875 3356 939; x_wconf 69' lang='grc' dir='ltr'>συνέταττον,</span> <span class='ocrx_word' id='word_1_95' title='bbox 3391 869 3549 927; x_wconf 86' lang='grc' dir='ltr'>τοῦτο</span> <span class='ocrx_word' id='word_1_96' title='bbox 3588 869 3686 925; x_wconf 84' lang='grc' dir='ltr'>αὐ-</span> 
     </span>
    </p>
   </div>
   <div class='ocr_carea' id='block_1_11' title="bbox 398 974 3024 1064">
    <p class='ocr_par' dir='ltr' id='par_1_11' title="bbox 398 974 3024 1064">
     <span class='ocr_line' id='line_1_11' title="bbox 398 974 3024 1064; baseline -0.005 -21"><span class='ocrx_word' id='word_1_97' title='bbox 398 990 511 1053; x_wconf 83' lang='grc' dir='ltr'>τοῖς</span> <span class='ocrx_word' id='word_1_98' title='bbox 537 987 730 1061; x_wconf 83' lang='grc' dir='ltr'>ὥσπερ</span> <span class='ocrx_word' id='word_1_99' title='bbox 762 1005 816 1043; x_wconf 91' lang='grc' dir='ltr'>τι</span> <span class='ocrx_word' id='word_1_100' title='bbox 846 987 1156 1062; x_wconf 87' lang='grc' dir='ltr'>θαυμάσιον</span> <span class='ocrx_word' id='word_1_101' title='bbox 1184 988 1558 1064; x_wconf 74' lang='grc' dir='ltr'>χαριζόμενοι,</span> <span class='ocrx_word' id='word_1_102' title='bbox 1587 991 1651 1046; x_wconf 79' lang='grc' dir='ltr'>τὸ</span> <span class='ocrx_word' id='word_1_103' title='bbox 1678 991 1985 1064; x_wconf 76' lang='grc' dir='ltr'>συγχωρεῖν</span> <span class='ocrx_word' id='word_1_104' title='bbox 2020 985 2221 1048; x_wconf 79' lang='grc' dir='ltr'>αὐτοὺς</span> <span class='ocrx_word' id='word_1_105' title='bbox 2248 980 2361 1036; x_wconf 81' lang='grc' dir='ltr'>τῶν</span> <span class='ocrx_word' id='word_1_106' title='bbox 2389 978 2569 1036; x_wconf 76' lang='grc' dir='ltr'>ἄλλων</span> <span class='ocrx_word' id='word_1_107' title='bbox 2600 974 3024 1050; x_wconf 78' lang='grc' dir='ltr'>προγεγονέναι.</span> 
     </span>
    </p>
   </div>
   <div class='ocr_carea' id='block_1_12' title="bbox 472 1102 1993 1181">
    <p class='ocr_par' dir='ltr' id='par_1_12' title="bbox 472 1102 1993 1181">
     <span class='ocr_line' id='line_1_12' title="bbox 472 1102 1993 1181; baseline 0.004 -26"><span class='ocrx_word' id='word_1_108' title='bbox 472 1102 715 1159; x_wconf 64' lang='lat'>“235.2.</span> <span class='ocrx_word' id='word_1_109' title='bbox 758 1121 778 1155; x_wconf 81' lang='grc' dir='ltr'>ι</span> <span class='ocrx_word' id='word_1_110' title='bbox 811 1103 875 1159; x_wconf 79' lang='lat' dir='ltr'><strong>Et</strong></span> <span class='ocrx_word' id='word_1_111' title='bbox 896 1105 1137 1161; x_wconf 65' lang='lat' dir='ltr'><strong>tenebras</strong></span> <span class='ocrx_word' id='word_1_112' title='bbox 1158 1115 1316 1162; x_wconf 89' lang='lat' dir='ltr'><strong>erant</strong></span> <span class='ocrx_word' id='word_1_113' title='bbox 1335 1121 1499 1179; x_wconf 81' lang='lat' dir='ltr'><strong>super</strong></span> <span class='ocrx_word' id='word_1_114' title='bbox 1516 1107 1713 1164; x_wconf 80' lang='lat' dir='ltr'><strong>faciem</strong></span> <span class='ocrx_word' id='word_1_115' title='bbox 1738 1107 1945 1181; x_wconf 81' lang='lat' dir='ltr'><strong>abyssi.</strong></span> <span class='ocrx_word' id='word_1_116' title='bbox 1972 1126 1993 1161; x_wconf 74' lang='grc' dir='ltr'>ι</span> 
     </span>
    </p>
   </div>
   <div class='ocr_carea' id='block_1_13' title="bbox 478 1216 2001 1290">
    <p class='ocr_par' dir='ltr' id='par_1_13' title="bbox 478 1216 2001 1290">
     <span class='ocr_line' id='line_1_13' title="bbox 478 1216 2001 1290; baseline 0.003 -20"><span class='ocrx_word' id='word_1_117' title='bbox 478 1216 764 1271; x_wconf 88' lang='lat' dir='ltr'><strong>Tenebras</strong></span> <span class='ocrx_word' id='word_1_118' title='bbox 819 1224 976 1271; x_wconf 78' lang='lat' dir='ltr'><strong>vocat</strong></span> <span class='ocrx_word' id='word_1_119' title='bbox 1016 1232 1121 1271; x_wconf 90' lang='lat' dir='ltr'>non</span> <span class='ocrx_word' id='word_1_120' title='bbox 1178 1226 1435 1274; x_wconf 83' lang='lat' dir='ltr'><strong>naturam</strong></span> <span class='ocrx_word' id='word_1_121' title='bbox 1500 1220 1793 1290; x_wconf 83' lang='lat' dir='ltr'><strong>quamdam</strong></span> <span class='ocrx_word' id='word_1_122' title='bbox 1848 1220 2001 1276; x_wconf 88' lang='lat' dir='ltr'><strong>mali-</strong></span> 
     </span>
    </p>
   </div>
   <div class='ocr_carea' id='block_1_14' title="bbox 2173 1085 3261 1161">
    <p class='ocr_par' dir='ltr' id='par_1_14' title="bbox 2173 1085 3261 1161">
     <span class='ocr_line' id='line_1_14' title="bbox 2173 1085 3261 1161; baseline -0.014 -10"><span class='ocrx_word' id='word_1_123' title='bbox 2173 1116 2193 1151; x_wconf 84' lang='grc' dir='ltr'>ι</span> <span class='ocrx_word' id='word_1_124' title='bbox 2230 1095 2343 1151; x_wconf 78' lang='lat' dir='ltr'><strong>Kal</strong></span> <span class='ocrx_word' id='word_1_125' title='bbox 2374 1094 2565 1159; x_wconf 81' lang='grc' dir='ltr'>σκότος</span> <span class='ocrx_word' id='word_1_126' title='bbox 2589 1090 2779 1147; x_wconf 87' lang='grc' dir='ltr'>ἐπάνω</span> <span class='ocrx_word' id='word_1_127' title='bbox 2803 1088 2905 1161; x_wconf 79' lang='grc' dir='ltr'>τῆς</span> <span class='ocrx_word' id='word_1_128' title='bbox 2933 1085 3199 1142; x_wconf 80' lang='grc' dir='ltr'>ἀδύσσου.</span> <span class='ocrx_word' id='word_1_129' title='bbox 3239 1102 3261 1136; x_wconf 71' lang='grc' dir='ltr'>ι</span> 
     </span>
    </p>
   </div>
   <div class='ocr_carea' id='block_1_15' title="bbox 2169 1188 3691 1277">
    <p class='ocr_par' dir='ltr' id='par_1_15' title="bbox 2169 1188 3691 1277">
     <span class='ocr_line' id='line_1_15' title="bbox 2169 1188 3691 1277; baseline -0.015 -13"><span class='ocrx_word' id='word_1_130' title='bbox 2169 1212 2370 1273; x_wconf 76' lang='grc' dir='ltr'>Σκότος</span> <span class='ocrx_word' id='word_1_131' title='bbox 2408 1208 2559 1277; x_wconf 86' lang='grc' dir='ltr'>λέγει</span> <span class='ocrx_word' id='word_1_132' title='bbox 2606 1206 2670 1259; x_wconf 86' lang='grc' dir='ltr'>οὐ</span> <span class='ocrx_word' id='word_1_133' title='bbox 2719 1200 2968 1274; x_wconf 80' lang='grc' dir='ltr'>πονηράν</span> <span class='ocrx_word' id='word_1_134' title='bbox 3022 1215 3151 1254; x_wconf 90' lang='grc' dir='ltr'>τινα</span> <span class='ocrx_word' id='word_1_135' title='bbox 3188 1196 3374 1268; x_wconf 82' lang='grc' dir='ltr'>φύσιν,</span> <span class='ocrx_word' id='word_1_136' title='bbox 3403 1193 3480 1256; x_wconf 84' lang='grc' dir='ltr'>ὡς</span> <span class='ocrx_word' id='word_1_137' title='bbox 3509 1193 3537 1244; x_wconf 98' lang='lat'>6</span> <span class='ocrx_word' id='word_1_138' title='bbox 3578 1188 3691 1243; x_wconf 85' lang='grc' dir='ltr'>τῶν</span> 
     </span>
    </p>
   </div>
   <div class='ocr_carea' id='block_1_16' title="bbox 406 1279 2019 1383">
    <p class='ocr_par' dir='ltr' id='par_1_16' title="bbox 406 1279 2000 1383">
     <span class='ocr_line' id='line_1_16' title="bbox 406 1279 2000 1383; baseline 0.008 -26"><span class='ocrx_word' id='word_1_139' title='bbox 406 1323 590 1377; x_wconf 70' lang='lat' dir='ltr'><strong>gnam,</strong></span> <span class='ocrx_word' id='word_1_140' title='bbox 621 1308 696 1363; x_wconf 87' lang='lat' dir='ltr'>nti</span> <span class='ocrx_word' id='word_1_141' title='bbox 745 1308 927 1377; x_wconf 86' lang='lat' dir='ltr'><strong>inepte</strong></span> <span class='ocrx_word' id='word_1_142' title='bbox 962 1309 1153 1366; x_wconf 82' lang='lat' dir='ltr'><strong>volunt</strong></span> <span class='ocrx_word' id='word_1_143' title='bbox 1182 1311 1334 1383; x_wconf 87' lang='lat' dir='ltr'><strong>impii</strong></span> <span class='ocrx_word' id='word_1_144' title='bbox 1364 1279 1674 1379; x_wconf 65' lang='lat' dir='ltr'><strong>Manichaai,</strong></span> <span class='ocrx_word' id='word_1_145' title='bbox 1729 1312 1825 1369; x_wconf 89' lang='lat' dir='ltr'>sed</span> <span class='ocrx_word' id='word_1_146' title='bbox 1860 1312 2000 1371; x_wconf 88' lang='lat' dir='ltr'><strong>lucis</strong></span> 
     </span>
    </p>
   </div>
   <div class='ocr_carea' id='block_1_17' title="bbox 2129 1279 3688 1383">
    <p class='ocr_par' dir='ltr' id='par_1_17' title="bbox 2129 1279 3688 1371">
     <span class='ocr_line' id='line_1_17' title="bbox 2129 1279 3688 1371; baseline -0.015 -14"><span class='ocrx_word' id='word_1_147' title='bbox 2129 1303 2274 1357; x_wconf 69' lang='grc' dir='ltr'>ιθέων</span> <span class='ocrx_word' id='word_1_148' title='bbox 2297 1299 2618 1371; x_wconf 74' lang='grc' dir='ltr'>Μανιχαίων</span> <span class='ocrx_word' id='word_1_149' title='bbox 2661 1296 2916 1367; x_wconf 86' lang='grc' dir='ltr'>βούλεται</span> <span class='ocrx_word' id='word_1_150' title='bbox 2946 1292 3137 1363; x_wconf 83' lang='grc' dir='ltr'>λῆρος,</span> <span class='ocrx_word' id='word_1_151' title='bbox 3160 1287 3298 1344; x_wconf 85' lang='grc' dir='ltr'>ἁλλὰ</span> <span class='ocrx_word' id='word_1_152' title='bbox 3329 1285 3429 1357; x_wconf 83' lang='grc' dir='ltr'>τὴν</span> <span class='ocrx_word' id='word_1_153' title='bbox 3452 1282 3563 1339; x_wconf 76' lang='grc' dir='ltr'>ἁπδ</span> <span class='ocrx_word' id='word_1_154' title='bbox 3592 1279 3688 1336; x_wconf 84' lang='grc' dir='ltr'>τοῦ</span> 
     </span>
    </p>
   </div>
   <div class='ocr_carea' id='block_1_18' title="bbox 409 1400 1121 1459">
    <p class='ocr_par' dir='ltr' id='par_1_18' title="bbox 409 1400 1121 1459">
     <span class='ocr_line' id='line_1_18' title="bbox 409 1400 1121 1459; baseline 0.007 -6"><span class='ocrx_word' id='word_1_155' title='bbox 409 1400 676 1456; x_wconf 81' lang='lat' dir='ltr'><strong>defectum</strong></span> <span class='ocrx_word' id='word_1_156' title='bbox 709 1408 766 1453; x_wconf 91' lang='lat' dir='ltr'>et</span> <span class='ocrx_word' id='word_1_157' title='bbox 795 1401 1121 1459; x_wconf 83' lang='lat' dir='ltr'><strong>absentiam.</strong></span> 
     </span>
    </p>
   </div>
   <div class='ocr_carea' id='block_1_19' title="bbox 486 1508 1772 1589">
    <p class='ocr_par' dir='ltr' id='par_1_19' title="bbox 486 1508 1772 1589">
     <span class='ocr_line' id='line_1_19' title="bbox 486 1508 1772 1589; baseline 0.006 -26"><span class='ocrx_word' id='word_1_158' title='bbox 486 1529 508 1563; x_wconf 79' lang='grc' dir='ltr'>ι</span> <span class='ocrx_word' id='word_1_159' title='bbox 540 1509 607 1566; x_wconf 84' lang='grc' dir='ltr'>Ει</span> <span class='ocrx_word' id='word_1_160' title='bbox 644 1508 881 1580; x_wconf 84' lang='lat' dir='ltr'><strong>Spiritus</strong></span> <span class='ocrx_word' id='word_1_161' title='bbox 904 1509 1000 1567; x_wconf 86' lang='lat' dir='ltr'><strong>Dei</strong></span> <span class='ocrx_word' id='word_1_162' title='bbox 1031 1512 1315 1571; x_wconf 77' lang='lat' dir='ltr'><strong>ferebatur</strong></span> <span class='ocrx_word' id='word_1_163' title='bbox 1332 1530 1499 1587; x_wconf 84' lang='lat' dir='ltr'><strong>super</strong></span> <span class='ocrx_word' id='word_1_164' title='bbox 1526 1531 1719 1589; x_wconf 73' lang='lat' dir='ltr'><strong>aquas.</strong></span> <span class='ocrx_word' id='word_1_165' title='bbox 1751 1537 1772 1571; x_wconf 76' lang='grc' dir='ltr'><strong><em>ι</em></strong></span> 
     </span>
    </p>
   </div>
   <div class='ocr_carea' id='block_1_20' title="bbox 485 1617 2001 1699">
    <p class='ocr_par' dir='ltr' id='par_1_20' title="bbox 485 1617 2001 1699">
     <span class='ocr_line' id='line_1_20' title="bbox 485 1617 2001 1699; baseline 0.01 -27"><span class='ocrx_word' id='word_1_166' title='bbox 485 1617 598 1673; x_wconf 83' lang='lat' dir='ltr'><strong>lloe</strong></span> <span class='ocrx_word' id='word_1_167' title='bbox 628 1621 868 1677; x_wconf 83' lang='lat' dir='ltr'><strong>nonnulli</strong></span> <span class='ocrx_word' id='word_1_168' title='bbox 904 1622 1233 1695; x_wconf 87' lang='lat' dir='ltr'><strong>interpretes</strong></span> <span class='ocrx_word' id='word_1_169' title='bbox 1263 1627 1332 1683; x_wconf 88' lang='lat' dir='ltr'>de</span> <span class='ocrx_word' id='word_1_170' title='bbox 1362 1626 1571 1699; x_wconf 86' lang='lat' dir='ltr'><strong>Spiritu</strong></span> <span class='ocrx_word' id='word_1_171' title='bbox 1613 1640 1807 1686; x_wconf 89' lang='lat' dir='ltr'><strong>sancto</strong></span> <span class='ocrx_word' id='word_1_172' title='bbox 1839 1630 2001 1686; x_wconf 87' lang='lat' dir='ltr'><strong>intel-</strong></span> 
     </span>
    </p>
   </div>
   <div class='ocr_carea' id='block_1_21' title="bbox 417 1709 2000 1791">
    <p class='ocr_par' dir='ltr' id='par_1_21' title="bbox 417 1709 2000 1791">
     <span class='ocr_line' id='line_1_21' title="bbox 417 1709 2000 1791; baseline 0.011 -31"><span class='ocrx_word' id='word_1_173' title='bbox 417 1709 606 1778; x_wconf 84' lang='lat' dir='ltr'><strong>ligunt,</strong></span> <span class='ocrx_word' id='word_1_174' title='bbox 646 1724 868 1779; x_wconf 87' lang='lat' dir='ltr'><strong>propter</strong></span> <span class='ocrx_word' id='word_1_175' title='bbox 909 1714 1176 1784; x_wconf 82' lang='lat' dir='ltr'><strong>adjectam</strong></span> <span class='ocrx_word' id='word_1_176' title='bbox 1227 1732 1415 1777; x_wconf 82' lang='lat' dir='ltr'><strong>vocem</strong></span> <span class='ocrx_word' id='word_1_177' title='bbox 1450 1718 1569 1787; x_wconf 75' lang='lat' dir='ltr'><strong>Dei,</strong></span> <span class='ocrx_word' id='word_1_178' title='bbox 1619 1721 1709 1791; x_wconf 89' lang='lat' dir='ltr'>pia</span> <span class='ocrx_word' id='word_1_179' title='bbox 1756 1730 1811 1776; x_wconf 90' lang='lat' dir='ltr'>et</span> <span class='ocrx_word' id='word_1_180' title='bbox 1857 1721 2000 1779; x_wconf 79' lang='lat' dir='ltr'><strong>ﬁdeli</strong></span> 
     </span>
    </p>
   </div>
   <div class='ocr_carea' id='block_1_22' title="bbox 2099 1385 3123 1471">
    <p class='ocr_par' dir='ltr' id='par_1_22' title="bbox 2099 1385 3123 1471">
     <span class='ocr_line' id='line_1_22' title="bbox 2099 1385 3123 1471; baseline -0.011 -20"><span class='ocrx_word' id='word_1_181' title='bbox 2099 1396 2277 1465; x_wconf 82' lang='grc' dir='ltr'>φωτὸς</span> <span class='ocrx_word' id='word_1_182' title='bbox 2304 1392 2577 1448; x_wconf 79' lang='grc' dir='ltr'>ἀπουσίαν</span> <span class='ocrx_word' id='word_1_183' title='bbox 2603 1406 2661 1444; x_wconf 90' lang='grc' dir='ltr'>τε</span> <span class='ocrx_word' id='word_1_184' title='bbox 2691 1388 2790 1443; x_wconf 76' lang='grc' dir='ltr'>καὶ</span> <span class='ocrx_word' id='word_1_185' title='bbox 2812 1385 3123 1471; x_wconf 75' lang='grc' dir='ltr'>ἀπόλειψιν.</span> 
     </span>
    </p>
   </div>
   <div class='ocr_carea' id='block_1_23' title="bbox 2172 1490 3683 1577">
    <p class='ocr_par' dir='ltr' id='par_1_23' title="bbox 2172 1490 3683 1577">
     <span class='ocr_line' id='line_1_23' title="bbox 2172 1490 3683 1577; baseline -0.015 -13"><span class='ocrx_word' id='word_1_186' title='bbox 2172 1529 2189 1562; x_wconf 81' lang='grc' dir='ltr'>ι</span> <span class='ocrx_word' id='word_1_187' title='bbox 2216 1509 2327 1563; x_wconf 76' lang='grc' dir='ltr'>Καὶ</span> <span class='ocrx_word' id='word_1_188' title='bbox 2348 1506 2577 1577; x_wconf 81' lang='grc' dir='ltr'>Πνεῦμα</span> <span class='ocrx_word' id='word_1_189' title='bbox 2598 1502 2734 1557; x_wconf 88' lang='grc' dir='ltr'>Θεοῦ</span> <span class='ocrx_word' id='word_1_190' title='bbox 2757 1500 3059 1573; x_wconf 82' lang='grc' dir='ltr'>ἐπεφέρετο</span> <span class='ocrx_word' id='word_1_191' title='bbox 3085 1495 3271 1551; x_wconf 86' lang='grc' dir='ltr'>ἐπάνω</span> <span class='ocrx_word' id='word_1_192' title='bbox 3294 1491 3389 1548; x_wconf 93' lang='grc' dir='ltr'>τοῦ</span> <span class='ocrx_word' id='word_1_193' title='bbox 3419 1490 3631 1554; x_wconf 77' lang='grc' dir='ltr'>ὕδατος.</span> <span class='ocrx_word' id='word_1_194' title='bbox 3665 1508 3683 1541; x_wconf 73' lang='grc' dir='ltr'>ι</span> 
     </span>
    </p>
   </div>
   <div class='ocr_carea' id='block_1_24' title="bbox 2179 1627 3694 1709">
    <p class='ocr_par' dir='ltr' id='par_1_24' title="bbox 2179 1627 3694 1709">
     <span class='ocr_line' id='line_1_24' title="bbox 2179 1627 3694 1709; baseline -0.013 -10"><span class='ocrx_word' id='word_1_195' title='bbox 2179 1643 2351 1699; x_wconf 85' lang='grc' dir='ltr'>Τοῦτό</span> <span class='ocrx_word' id='word_1_196' title='bbox 2371 1659 2516 1705; x_wconf 86' lang='grc' dir='ltr'>τινες</span> <span class='ocrx_word' id='word_1_197' title='bbox 2536 1640 2649 1695; x_wconf 86' lang='grc' dir='ltr'>τῶν</span> <span class='ocrx_word' id='word_1_198' title='bbox 2668 1635 3240 1709; x_wconf 76' lang='grc' dir='ltr'>προερμηνευσὰντων</span> <span class='ocrx_word' id='word_1_199' title='bbox 3264 1631 3395 1703; x_wconf 77' lang='grc' dir='ltr'>περὶ</span> <span class='ocrx_word' id='word_1_200' title='bbox 3421 1628 3515 1683; x_wconf 81' lang='grc' dir='ltr'>τοῦ</span> <span class='ocrx_word' id='word_1_201' title='bbox 3533 1627 3694 1695; x_wconf 92' lang='grc' dir='ltr'>ἁγίου</span> 
     </span>
    </p>
   </div>
   <div class='ocr_carea' id='block_1_25' title="bbox 2112 1719 3695 1809">
    <p class='ocr_par' dir='ltr' id='par_1_25' title="bbox 2112 1719 3695 1809">
     <span class='ocr_line' id='line_1_25' title="bbox 2112 1719 3695 1809; baseline -0.014 -16"><span class='ocrx_word' id='word_1_202' title='bbox 2112 1737 2251 1793; x_wconf 88' lang='grc' dir='ltr'>Πνεύ</span> <span class='ocrx_word' id='word_1_203' title='bbox 2261 1752 2429 1809; x_wconf 88' lang='grc' dir='ltr'>ματος</span> <span class='ocrx_word' id='word_1_204' title='bbox 2451 1732 2791 1804; x_wconf 81' lang='grc' dir='ltr'>ἐξειλήφασι,</span> <span class='ocrx_word' id='word_1_205' title='bbox 2817 1730 2907 1784; x_wconf 82' lang='grc' dir='ltr'>διὰ</span> <span class='ocrx_word' id='word_1_206' title='bbox 2932 1729 2993 1782; x_wconf 87' lang='grc' dir='ltr'>τδ</span> <span class='ocrx_word' id='word_1_207' title='bbox 3021 1722 3386 1799; x_wconf 84' lang='grc' dir='ltr'>προσκεῖσθαι</span> <span class='ocrx_word' id='word_1_208' title='bbox 3407 1720 3502 1775; x_wconf 86' lang='grc' dir='ltr'>τοῦ</span> <span class='ocrx_word' id='word_1_209' title='bbox 3532 1719 3695 1783; x_wconf 85' lang='grc' dir='ltr'>Θεοῦ,</span> 
     </span>
    </p>
   </div>
   <div class='ocr_carea' id='block_1_26' title="bbox 418 1803 2019 1900">
    <p class='ocr_par' dir='ltr' id='par_1_26' title="bbox 418 1803 2003 1885">
     <span class='ocr_line' id='line_1_26' title="bbox 418 1803 2003 1885; baseline 0.011 -33"><span class='ocrx_word' id='word_1_210' title='bbox 418 1812 599 1856; x_wconf 84' lang='lat' dir='ltr'><strong>mente</strong></span> <span class='ocrx_word' id='word_1_211' title='bbox 632 1803 848 1859; x_wconf 88' lang='lat' dir='ltr'><strong>deducti</strong></span> <span class='ocrx_word' id='word_1_212' title='bbox 880 1824 895 1874; x_wconf 93' lang='lat'><strong>;</strong></span> <span class='ocrx_word' id='word_1_213' title='bbox 932 1822 1055 1861; x_wconf 92' lang='lat' dir='ltr'>nam</span> <span class='ocrx_word' id='word_1_214' title='bbox 1091 1808 1218 1864; x_wconf 92' lang='lat' dir='ltr'><strong>hinc</strong></span> <span class='ocrx_word' id='word_1_215' title='bbox 1271 1811 1506 1882; x_wconf 87' lang='lat' dir='ltr'><strong>probare</strong></span> <span class='ocrx_word' id='word_1_216' title='bbox 1534 1821 1804 1868; x_wconf 89' lang='lat' dir='ltr'><strong>conantur</strong></span> <span class='ocrx_word' id='word_1_217' title='bbox 1826 1814 2003 1885; x_wconf 91' lang='lat' dir='ltr'><strong>ipsum</strong></span> 
     </span>
    </p>
   </div>
   <div class='ocr_carea' id='block_1_27' title="bbox 2129 1803 3698 1900">
    <p class='ocr_par' dir='ltr' id='par_1_27' title="bbox 2129 1803 3698 1900">
     <span class='ocr_line' id='line_1_27' title="bbox 2129 1803 3698 1900; baseline -0.012 -16"><span class='ocrx_word' id='word_1_218' title='bbox 2129 1803 2300 1900; x_wconf 70' lang='grc' dir='ltr'>ικοπῷ</span> <span class='ocrx_word' id='word_1_219' title='bbox 2348 1827 2447 1900; x_wconf 85' lang='grc' dir='ltr'>μὲν</span> <span class='ocrx_word' id='word_1_220' title='bbox 2475 1803 2693 1880; x_wconf 66' lang='grc' dir='ltr'>εὐσεϐεῖ</span> <span class='ocrx_word' id='word_1_221' title='bbox 2734 1824 2829 1879; x_wconf 75' lang='grc' dir='ltr'>καὶ</span> <span class='ocrx_word' id='word_1_222' title='bbox 2859 1818 3125 1893; x_wconf 78' lang='grc' dir='ltr'>ὀρθοδόξῳ</span> <span class='ocrx_word' id='word_1_223' title='bbox 3150 1817 3491 1889; x_wconf 83' lang='grc' dir='ltr'>χρησάμενοι</span> <span class='ocrx_word' id='word_1_224' title='bbox 3511 1830 3525 1844; x_wconf 83' lang='lat'><strong><em>°</em></strong></span> <span class='ocrx_word' id='word_1_225' title='bbox 3559 1812 3698 1885; x_wconf 77' lang='grc' dir='ltr'>πρὸς</span> 
     </span>
    </p>
   </div>
   <div class='ocr_carea' id='block_1_28' title="bbox 417 1898 2005 1975">
    <p class='ocr_par' dir='ltr' id='par_1_28' title="bbox 417 1898 2005 1975">
     <span class='ocr_line' id='line_1_28' title="bbox 417 1898 2005 1975; baseline 0.009 -28"><span class='ocrx_word' id='word_1_226' title='bbox 417 1911 632 1965; x_wconf 83' lang='lat' dir='ltr'><strong>quoque</strong></span> <span class='ocrx_word' id='word_1_227' title='bbox 665 1898 962 1955; x_wconf 86' lang='lat' dir='ltr'><strong>ereationis</strong></span> <span class='ocrx_word' id='word_1_228' title='bbox 992 1912 1274 1957; x_wconf 88' lang='lat' dir='ltr'><strong>auctorem</strong></span> <span class='ocrx_word' id='word_1_229' title='bbox 1309 1917 1451 1959; x_wconf 88' lang='lat' dir='ltr'><strong>esse.</strong></span> <span class='ocrx_word' id='word_1_230' title='bbox 1500 1905 1568 1958; x_wconf 81' lang='lat' dir='ltr'><strong>At</strong></span> <span class='ocrx_word' id='word_1_231' title='bbox 1606 1904 1721 1960; x_wconf 76' lang='lat' dir='ltr'><strong>haec</strong></span> <span class='ocrx_word' id='word_1_232' title='bbox 1752 1905 2005 1975; x_wconf 80' lang='lat' dir='ltr'><strong>probatio</strong></span> 
     </span>
    </p>
   </div>
   <div class='ocr_carea' id='block_1_29' title="bbox 420 1994 2008 2069">
    <p class='ocr_par' dir='ltr' id='par_1_29' title="bbox 420 1994 2008 2069">
     <span class='ocr_line' id='line_1_29' title="bbox 420 1994 2008 2069; baseline 0.008 -28"><span class='ocrx_word' id='word_1_233' title='bbox 420 2004 521 2045; x_wconf 81' lang='lat' dir='ltr'>nec</span> <span class='ocrx_word' id='word_1_234' title='bbox 550 1999 809 2047; x_wconf 88' lang='lat' dir='ltr'><strong>accurata</strong></span> <span class='ocrx_word' id='word_1_235' title='bbox 847 2011 946 2049; x_wconf 88' lang='lat' dir='ltr'>nec</span> <span class='ocrx_word' id='word_1_236' title='bbox 994 1994 1452 2067; x_wconf 82' lang='lat' dir='ltr'><strong>inexpugnabilis.</strong></span> <span class='ocrx_word' id='word_1_237' title='bbox 1496 1996 1632 2053; x_wconf 76' lang='lat' dir='ltr'><strong>Nam</strong></span> <span class='ocrx_word' id='word_1_238' title='bbox 1664 1999 1901 2069; x_wconf 85' lang='lat' dir='ltr'><strong>primum</strong></span> <span class='ocrx_word' id='word_1_239' title='bbox 1959 2000 2008 2055; x_wconf 89' lang='lat' dir='ltr'>si</span> 
     </span>
    </p>
   </div>
   <div class='ocr_carea' id='block_1_30' title="bbox 421 2083 2012 2163">
    <p class='ocr_par' dir='ltr' id='par_1_30' title="bbox 421 2083 2012 2163">
     <span class='ocr_line' id='line_1_30' title="bbox 421 2083 2012 2163; baseline 0.011 -31"><span class='ocrx_word' id='word_1_240' title='bbox 421 2098 517 2150; x_wconf 74' lang='lat' dir='ltr'>per</span> <span class='ocrx_word' id='word_1_241' title='bbox 544 2083 674 2138; x_wconf 84' lang='lat' dir='ltr'><strong>illud</strong></span> <span class='ocrx_word' id='word_1_242' title='bbox 710 2084 807 2140; x_wconf 81' lang='lat' dir='ltr'>Dei</span> <span class='ocrx_word' id='word_1_243' title='bbox 840 2086 1076 2155; x_wconf 79' lang='lat' dir='ltr'><strong>Spiritus</strong></span> <span class='ocrx_word' id='word_1_244' title='bbox 1106 2098 1329 2146; x_wconf 86' lang='lat' dir='ltr'><strong>sanctus</strong></span> <span class='ocrx_word' id='word_1_245' title='bbox 1354 2090 1717 2161; x_wconf 76' lang='lat' dir='ltr'><strong>significatur,</strong></span> <span class='ocrx_word' id='word_1_246' title='bbox 1749 2093 1880 2163; x_wconf 88' lang='lat' dir='ltr'><strong>quid</strong></span> <span class='ocrx_word' id='word_1_247' title='bbox 1925 2107 2012 2149; x_wconf 81' lang='lat' dir='ltr'>ve-</span> 
     </span>
    </p>
   </div>
   <div class='ocr_carea' id='block_1_31' title="bbox 423 2176 2011 2254">
    <p class='ocr_par' dir='ltr' id='par_1_31' title="bbox 423 2176 2011 2254">
     <span class='ocr_line' id='line_1_31' title="bbox 423 2176 2011 2254; baseline 0.008 -28"><span class='ocrx_word' id='word_1_248' title='bbox 423 2176 647 2243; x_wconf 59' lang='lat' dir='ltr'><strong>litquin</strong></span> <span class='ocrx_word' id='word_1_249' title='bbox 680 2178 842 2231; x_wconf 85' lang='lat' dir='ltr'><strong>etiam</strong></span> <span class='ocrx_word' id='word_1_250' title='bbox 871 2178 997 2235; x_wconf 83' lang='lat' dir='ltr'><strong>illud</strong></span> <span class='ocrx_word' id='word_1_251' title='bbox 1030 2194 1045 2233; x_wconf 90' lang='lat'><strong>:</strong></span> <span class='ocrx_word' id='word_1_252' title='bbox 1075 2176 1563 2251; x_wconf 77' lang='lat' dir='ltr'><strong>SpirabitSpirims</strong></span> <span class='ocrx_word' id='word_1_253' title='bbox 1598 2183 1735 2252; x_wconf 75' lang='lat' dir='ltr'><strong>ejus,</strong></span> <span class='ocrx_word' id='word_1_254' title='bbox 1771 2193 1818 2237; x_wconf 80' lang='lat' dir='ltr'>et</span> <span class='ocrx_word' id='word_1_255' title='bbox 1843 2183 2011 2254; x_wconf 74' lang='lat' dir='ltr'><strong>ﬂuent</strong></span> 
     </span>
    </p>
   </div>
   <div class='ocr_carea' id='block_1_32' title="bbox 422 2268 2009 2345">
    <p class='ocr_par' dir='ltr' id='par_1_32' title="bbox 422 2268 2009 2345">
     <span class='ocr_line' id='line_1_32' title="bbox 422 2268 2009 2345; baseline 0.008 -28"><span class='ocrx_word' id='word_1_256' title='bbox 422 2281 575 2335; x_wconf 70' lang='lat' dir='ltr'><strong>aqua:</strong></span> <span class='ocrx_word' id='word_1_257' title='bbox 602 2269 648 2331; x_wconf 82' lang='lat'><strong>&#39;,</strong></span> <span class='ocrx_word' id='word_1_258' title='bbox 687 2268 851 2323; x_wconf 81' lang='lat' dir='ltr'><strong>simili</strong></span> <span class='ocrx_word' id='word_1_259' title='bbox 886 2270 1128 2337; x_wconf 87' lang='lat' dir='ltr'><strong>ratione,</strong></span> <span class='ocrx_word' id='word_1_260' title='bbox 1190 2288 1294 2326; x_wconf 89' lang='lat' dir='ltr'>non</span> <span class='ocrx_word' id='word_1_261' title='bbox 1344 2274 1410 2327; x_wconf 88' lang='lat' dir='ltr'>de</span> <span class='ocrx_word' id='word_1_262' title='bbox 1443 2288 1571 2329; x_wconf 85' lang='lat' dir='ltr'><strong>aere</strong></span> <span class='ocrx_word' id='word_1_263' title='bbox 1609 2274 2009 2345; x_wconf 86' lang='lat' dir='ltr'><strong>interpreteris,</strong></span> 
     </span>
    </p>
   </div>
   <div class='ocr_carea' id='block_1_33' title="bbox 422 2360 2011 2437">
    <p class='ocr_par' dir='ltr' id='par_1_33' title="bbox 422 2360 2011 2437">
     <span class='ocr_line' id='line_1_33' title="bbox 422 2360 2011 2437; baseline 0.007 -25"><span class='ocrx_word' id='word_1_264' title='bbox 422 2361 518 2413; x_wconf 71' lang='lat' dir='ltr'>sed</span> <span class='ocrx_word' id='word_1_265' title='bbox 567 2360 633 2415; x_wconf 91' lang='lat' dir='ltr'>de</span> <span class='ocrx_word' id='word_1_266' title='bbox 664 2360 872 2431; x_wconf 84' lang='lat' dir='ltr'><strong>Spiritu</strong></span> <span class='ocrx_word' id='word_1_267' title='bbox 918 2366 1147 2421; x_wconf 87' lang='lat' dir='ltr'><strong>sancto?</strong></span> <span class='ocrx_word' id='word_1_268' title='bbox 1178 2364 1383 2421; x_wconf 88' lang='lat' dir='ltr'><strong>Deinde</strong></span> <span class='ocrx_word' id='word_1_269' title='bbox 1437 2366 1642 2421; x_wconf 87' lang='lat' dir='ltr'><strong>indicat</strong></span> <span class='ocrx_word' id='word_1_270' title='bbox 1688 2377 1875 2437; x_wconf 89' lang='lat' dir='ltr'><strong>aperte</strong></span> <span class='ocrx_word' id='word_1_271' title='bbox 1910 2383 2011 2423; x_wconf 84' lang='lat' dir='ltr'>vox</span> 
     </span>
    </p>
   </div>
   <div class='ocr_carea' id='block_1_34' title="bbox 422 2453 2011 2531">
    <p class='ocr_par' dir='ltr' id='par_1_34' title="bbox 422 2453 2011 2531">
     <span class='ocr_line' id='line_1_34' title="bbox 422 2453 2011 2531; baseline 0.008 -28"><span class='ocrx_word' id='word_1_272' title='bbox 422 2453 853 2522; x_wconf 76' lang='lat' dir='ltr'><strong>superferebalur</strong></span> <span class='ocrx_word' id='word_1_273' title='bbox 884 2472 1046 2525; x_wconf 88' lang='lat' dir='ltr'><strong>quam</strong></span> <span class='ocrx_word' id='word_1_274' title='bbox 1082 2458 1319 2512; x_wconf 86' lang='lat' dir='ltr'><strong>absurda</strong></span> <span class='ocrx_word' id='word_1_275' title='bbox 1346 2460 1416 2513; x_wconf 90' lang='lat' dir='ltr'>sit</span> <span class='ocrx_word' id='word_1_276' title='bbox 1450 2458 1568 2514; x_wconf 77' lang='lat' dir='ltr'><strong>hzec</strong></span> <span class='ocrx_word' id='word_1_277' title='bbox 1597 2459 2011 2531; x_wconf 88' lang='lat' dir='ltr'><strong>interpretatio;</strong></span> 
     </span>
    </p>
   </div>
   <div class='ocr_carea' id='block_1_35' title="bbox 427 2546 2013 2621">
    <p class='ocr_par' dir='ltr' id='par_1_35' title="bbox 427 2546 2013 2621">
     <span class='ocr_line' id='line_1_35' title="bbox 427 2546 2013 2621; baseline 0.007 -25"><span class='ocrx_word' id='word_1_278' title='bbox 427 2562 551 2598; x_wconf 87' lang='lat' dir='ltr'>nam</span> <span class='ocrx_word' id='word_1_279' title='bbox 591 2546 694 2600; x_wconf 89' lang='lat' dir='ltr'>hoc</span> <span class='ocrx_word' id='word_1_280' title='bbox 720 2564 827 2603; x_wconf 92' lang='lat' dir='ltr'>non</span> <span class='ocrx_word' id='word_1_281' title='bbox 860 2551 1071 2605; x_wconf 85' lang='lat' dir='ltr'><strong>diceret</strong></span> <span class='ocrx_word' id='word_1_282' title='bbox 1104 2553 1227 2621; x_wconf 86' lang='lat' dir='ltr'><strong>quis</strong></span> <span class='ocrx_word' id='word_1_283' title='bbox 1253 2552 1339 2606; x_wconf 84' lang='lat' dir='ltr'>vel</span> <span class='ocrx_word' id='word_1_284' title='bbox 1373 2554 1439 2609; x_wconf 82' lang='lat' dir='ltr'>de</span> <span class='ocrx_word' id='word_1_285' title='bbox 1469 2565 1722 2609; x_wconf 85' lang='lat' dir='ltr'><strong>creatura</strong></span> <span class='ocrx_word' id='word_1_286' title='bbox 1751 2553 2013 2620; x_wconf 86' lang='lat' dir='ltr'><strong>animata,</strong></span> 
     </span>
    </p>
   </div>
   <div class='ocr_carea' id='block_1_36' title="bbox 424 2640 2015 2717">
    <p class='ocr_par' dir='ltr' id='par_1_36' title="bbox 424 2640 2015 2717">
     <span class='ocr_line' id='line_1_36' title="bbox 424 2640 2015 2717; baseline 0.009 -29"><span class='ocrx_word' id='word_1_287' title='bbox 424 2649 631 2703; x_wconf 80' lang='lat' dir='ltr'><strong>quanto</strong></span> <span class='ocrx_word' id='word_1_288' title='bbox 663 2640 844 2697; x_wconf 88' lang='lat' dir='ltr'><strong>minus</strong></span> <span class='ocrx_word' id='word_1_289' title='bbox 876 2645 943 2698; x_wconf 86' lang='lat' dir='ltr'>de</span> <span class='ocrx_word' id='word_1_290' title='bbox 971 2645 1240 2709; x_wconf 86' lang='lat' dir='ltr'><strong>increata,</strong></span> <span class='ocrx_word' id='word_1_291' title='bbox 1274 2656 1328 2701; x_wconf 89' lang='lat' dir='ltr'>ct</span> <span class='ocrx_word' id='word_1_292' title='bbox 1359 2648 1516 2701; x_wconf 88' lang='lat' dir='ltr'><strong>beata</strong></span> <span class='ocrx_word' id='word_1_293' title='bbox 1562 2646 1801 2717; x_wconf 92' lang='lat' dir='ltr'><strong>Spiritus</strong></span> <span class='ocrx_word' id='word_1_294' title='bbox 1841 2648 2015 2703; x_wconf 86' lang='lat' dir='ltr'><strong>sancti</strong></span> 
     </span>
    </p>
   </div>
   <div class='ocr_carea' id='block_1_37' title="bbox 426 2732 2017 2810">
    <p class='ocr_par' dir='ltr' id='par_1_37' title="bbox 426 2732 2017 2810">
     <span class='ocr_line' id='line_1_37' title="bbox 426 2732 2017 2810; baseline 0.007 -28"><span class='ocrx_word' id='word_1_295' title='bbox 426 2740 642 2786; x_wconf 90' lang='lat' dir='ltr'><strong>natura.</strong></span> <span class='ocrx_word' id='word_1_296' title='bbox 699 2732 847 2788; x_wconf 77' lang='lat' dir='ltr'><strong>Idem</strong></span> <span class='ocrx_word' id='word_1_297' title='bbox 903 2737 1121 2805; x_wconf 84' lang='lat' dir='ltr'><strong>quidem</strong></span> <span class='ocrx_word' id='word_1_298' title='bbox 1180 2738 1267 2793; x_wconf 82' lang='lat' dir='ltr'>hic</span> <span class='ocrx_word' id='word_1_299' title='bbox 1320 2739 1514 2794; x_wconf 88' lang='lat' dir='ltr'><strong>beatus</strong></span> <span class='ocrx_word' id='word_1_300' title='bbox 1570 2738 1781 2810; x_wconf 79' lang='lat' dir='ltr'><strong>Moyses</strong></span> <span class='ocrx_word' id='word_1_301' title='bbox 1826 2739 2017 2794; x_wconf 85' lang='lat' dir='ltr'><strong>eadem</strong></span> 
     </span>
    </p>
   </div>
   <div class='ocr_carea' id='block_1_38' title="bbox 426 2824 2017 2901">
    <p class='ocr_par' dir='ltr' id='par_1_38' title="bbox 426 2824 2017 2901">
     <span class='ocr_line' id='line_1_38' title="bbox 426 2824 2017 2901; baseline 0.006 -25"><span class='ocrx_word' id='word_1_302' title='bbox 426 2838 562 2879; x_wconf 64' lang='lat' dir='ltr'><strong>rore</strong></span> <span class='ocrx_word' id='word_1_303' title='bbox 608 2824 676 2881; x_wconf 86' lang='lat' dir='ltr'>de</span> <span class='ocrx_word' id='word_1_304' title='bbox 718 2841 845 2881; x_wconf 90' lang='lat' dir='ltr'><strong>arca</strong></span> <span class='ocrx_word' id='word_1_305' title='bbox 888 2843 1021 2883; x_wconf 90' lang='lat' dir='ltr'><strong>usus</strong></span> <span class='ocrx_word' id='word_1_306' title='bbox 1056 2839 1182 2897; x_wconf 84' lang='lat' dir='ltr'><strong>est,</strong></span> <span class='ocrx_word' id='word_1_307' title='bbox 1236 2832 1427 2886; x_wconf 82' lang='lat' dir='ltr'><strong>dicens</strong></span> <span class='ocrx_word' id='word_1_308' title='bbox 1465 2846 1584 2884; x_wconf 84' lang='lat' dir='ltr'>eam</span> <span class='ocrx_word' id='word_1_309' title='bbox 1637 2847 1803 2901; x_wconf 89' lang='lat' dir='ltr'><strong>super</strong></span> <span class='ocrx_word' id='word_1_310' title='bbox 1847 2845 2017 2900; x_wconf 82' lang='lat' dir='ltr'><strong>aquas</strong></span> 
     </span>
    </p>
   </div>
   <div class='ocr_carea' id='block_1_39' title="bbox 426 2916 2019 2995">
    <p class='ocr_par' dir='ltr' id='par_1_39' title="bbox 426 2916 2019 2995">
     <span class='ocr_line' id='line_1_39' title="bbox 426 2916 2019 2995; baseline 0.008 -27"><span class='ocrx_word' id='word_1_311' title='bbox 426 2916 752 2985; x_wconf 76' lang='lat' dir='ltr'><strong>superferri,</strong></span> <span class='ocrx_word' id='word_1_312' title='bbox 789 2929 845 2974; x_wconf 90' lang='lat' dir='ltr'>at</span> <span class='ocrx_word' id='word_1_313' title='bbox 877 2922 941 2976; x_wconf 90' lang='lat' dir='ltr'>de</span> <span class='ocrx_word' id='word_1_314' title='bbox 972 2923 1206 2977; x_wconf 86' lang='lat' dir='ltr'><strong>animata</strong></span> <span class='ocrx_word' id='word_1_315' title='bbox 1233 2934 1486 2978; x_wconf 87' lang='lat' dir='ltr'><strong>creatura</strong></span> <span class='ocrx_word' id='word_1_316' title='bbox 1544 2940 1854 2995; x_wconf 83' lang='lat' dir='ltr'><strong>nunquam,</strong></span> <span class='ocrx_word' id='word_1_317' title='bbox 1893 2925 2019 2981; x_wconf 88' lang='lat' dir='ltr'><strong>licet</strong></span> 
     </span>
    </p>
   </div>
   <div class='ocr_carea' id='block_1_40' title="bbox 426 3011 2021 3088">
    <p class='ocr_par' dir='ltr' id='par_1_40' title="bbox 426 3011 2021 3088">
     <span class='ocr_line' id='line_1_40' title="bbox 426 3011 2021 3088; baseline 0.006 -25"><span class='ocrx_word' id='word_1_318' title='bbox 426 3011 595 3065; x_wconf 88' lang='lat' dir='ltr'><strong>multa</strong></span> <span class='ocrx_word' id='word_1_319' title='bbox 649 3011 1046 3084; x_wconf 89' lang='lat' dir='ltr'><strong>innumeraque</strong></span> <span class='ocrx_word' id='word_1_320' title='bbox 1098 3015 1357 3071; x_wconf 85' lang='lat' dir='ltr'><strong>animalia</strong></span> <span class='ocrx_word' id='word_1_321' title='bbox 1398 3031 1497 3086; x_wconf 89' lang='lat' dir='ltr'>per</span> <span class='ocrx_word' id='word_1_322' title='bbox 1537 3031 1707 3086; x_wconf 88' lang='lat' dir='ltr'><strong>aquas</strong></span> <span class='ocrx_word' id='word_1_323' title='bbox 1747 3024 1801 3072; x_wconf 88' lang='lat' dir='ltr'>ct</span> <span class='ocrx_word' id='word_1_324' title='bbox 1856 3031 2021 3088; x_wconf 88' lang='lat' dir='ltr'><strong>super</strong></span> 
     </span>
    </p>
   </div>
   <div class='ocr_carea' id='block_1_41' title="bbox 425 3104 2015 3178">
    <p class='ocr_par' dir='ltr' id='par_1_41' title="bbox 425 3104 2015 3178">
     <span class='ocr_line' id='line_1_41' title="bbox 425 3104 2015 3178; baseline 0.006 -23"><span class='ocrx_word' id='word_1_325' title='bbox 425 3118 594 3173; x_wconf 82' lang='lat' dir='ltr'><strong>aquas</strong></span> <span class='ocrx_word' id='word_1_326' title='bbox 626 3113 838 3160; x_wconf 86' lang='lat' dir='ltr'><strong>natent.</strong></span> <span class='ocrx_word' id='word_1_327' title='bbox 874 3104 1102 3177; x_wconf 84' lang='lat' dir='ltr'><strong>Insuper</strong></span> <span class='ocrx_word' id='word_1_328' title='bbox 1128 3108 1246 3178; x_wconf 90' lang='lat' dir='ltr'><strong>ipse</strong></span> <span class='ocrx_word' id='word_1_329' title='bbox 1271 3109 1610 3165; x_wconf 89' lang='lat' dir='ltr'><strong>narrationis</strong></span> <span class='ocrx_word' id='word_1_330' title='bbox 1636 3126 1810 3167; x_wconf 85' lang='lat' dir='ltr'><strong>nexus</strong></span> <span class='ocrx_word' id='word_1_331' title='bbox 1832 3126 2015 3167; x_wconf 87' lang='lat' dir='ltr'><strong>aerem</strong></span> 
     </span>
    </p>
   </div>
   <div class='ocr_carea' id='block_1_42' title="bbox 426 3192 2018 3267">
    <p class='ocr_par' dir='ltr' id='par_1_42' title="bbox 426 3192 2018 3267">
     <span class='ocr_line' id='line_1_42' title="bbox 426 3192 2018 3267; baseline 0.007 -21"><span class='ocrx_word' id='word_1_332' title='bbox 426 3192 668 3260; x_wconf 88' lang='lat' dir='ltr'><strong>indicat;</strong></span> <span class='ocrx_word' id='word_1_333' title='bbox 715 3211 840 3250; x_wconf 91' lang='lat' dir='ltr'>nam</span> <span class='ocrx_word' id='word_1_334' title='bbox 879 3198 1156 3267; x_wconf 89' lang='lat' dir='ltr'><strong>proposita</strong></span> <span class='ocrx_word' id='word_1_335' title='bbox 1187 3198 1469 3257; x_wconf 88' lang='lat' dir='ltr'><strong>Creatoris</strong></span> <span class='ocrx_word' id='word_1_336' title='bbox 1501 3204 1785 3258; x_wconf 88' lang='lat' dir='ltr'><strong>mentione</strong></span> <span class='ocrx_word' id='word_1_337' title='bbox 1809 3241 1826 3267; x_wconf 91' lang='lat'>,</span> <span class='ocrx_word' id='word_1_338' title='bbox 1877 3202 2018 3259; x_wconf 83' lang='lat' dir='ltr'><strong>scri-</strong></span> 
     </span>
    </p>
   </div>
   <div class='ocr_carea' id='block_1_43' title="bbox 428 3289 1785 3356">
    <p class='ocr_par' dir='ltr' id='par_1_43' title="bbox 428 3289 1785 3356">
     <span class='ocr_line' id='line_1_43' title="bbox 428 3289 1785 3356; baseline 0.009 -19"><span class='ocrx_word' id='word_1_339' title='bbox 428 3293 551 3354; x_wconf 86' lang='lat' dir='ltr'><strong>ptor</strong></span> <span class='ocrx_word' id='word_1_340' title='bbox 599 3289 851 3356; x_wconf 87' lang='lat' dir='ltr'><strong>protinus</strong></span> <span class='ocrx_word' id='word_1_341' title='bbox 884 3290 954 3344; x_wconf 91' lang='lat' dir='ltr'>de</span> <span class='ocrx_word' id='word_1_342' title='bbox 988 3291 1157 3347; x_wconf 76' lang='lat' dir='ltr'><strong>rrbus</strong></span> <span class='ocrx_word' id='word_1_343' title='bbox 1186 3292 1388 3350; x_wconf 86' lang='lat' dir='ltr'><strong>creatis</strong></span> <span class='ocrx_word' id='word_1_344' title='bbox 1427 3295 1588 3350; x_wconf 86' lang='lat' dir='ltr'><strong>verba</strong></span> <span class='ocrx_word' id='word_1_345' title='bbox 1634 3295 1785 3351; x_wconf 83' lang='lat' dir='ltr'><strong>facit.</strong></span> 
     </span>
    </p>
   </div>
   <div class='ocr_carea' id='block_1_44' title="bbox 2112 1903 3698 1993">
    <p class='ocr_par' dir='ltr' id='par_1_44' title="bbox 2112 1903 3698 1993">
     <span class='ocr_line' id='line_1_44' title="bbox 2112 1903 3698 1993; baseline -0.011 -17"><span class='ocrx_word' id='word_1_346' title='bbox 2112 1924 2222 1993; x_wconf 79' lang='grc' dir='ltr'>γὰρ</span> <span class='ocrx_word' id='word_1_347' title='bbox 2261 1919 2540 1991; x_wconf 79' lang='grc' dir='ltr'>ἀπόδειξιν</span> <span class='ocrx_word' id='word_1_348' title='bbox 2585 1916 2683 1971; x_wconf 87' lang='grc' dir='ltr'>τοῦ</span> <span class='ocrx_word' id='word_1_349' title='bbox 2729 1916 2824 1970; x_wconf 70' lang='grc' dir='ltr'>καὶ</span> <span class='ocrx_word' id='word_1_350' title='bbox 2865 1913 3001 1970; x_wconf 74' lang='grc' dir='ltr'>αὐτὸ</span> <span class='ocrx_word' id='word_1_351' title='bbox 3036 1909 3373 1983; x_wconf 82' lang='grc' dir='ltr'>δημιουργὸν</span> <span class='ocrx_word' id='word_1_352' title='bbox 3412 1903 3554 1961; x_wconf 77' lang='grc' dir='ltr'>εἶναι</span> <span class='ocrx_word' id='word_1_353' title='bbox 3593 1905 3698 1975; x_wconf 75' lang='grc' dir='ltr'>τῆς</span> 
     </span>
    </p>
   </div>
   <div class='ocr_carea' id='block_1_45' title="bbox 2111 1996 3701 2078">
    <p class='ocr_par' dir='ltr' id='par_1_45' title="bbox 2111 1996 3701 2078">
     <span class='ocr_line' id='line_1_45' title="bbox 2111 1996 3701 2078; baseline -0.013 -8"><span class='ocrx_word' id='word_1_354' title='bbox 2111 2016 2347 2076; x_wconf 76' lang='grc' dir='ltr'>κτίσεως</span> <span class='ocrx_word' id='word_1_355' title='bbox 2389 2010 2791 2078; x_wconf 80' lang='grc' dir='ltr'>πεποιήκασιν·</span> <span class='ocrx_word' id='word_1_356' title='bbox 2834 2006 2985 2076; x_wconf 84' lang='grc' dir='ltr'>ὅμως</span> <span class='ocrx_word' id='word_1_357' title='bbox 3030 2004 3131 2058; x_wconf 86' lang='grc' dir='ltr'>οὐκ</span> <span class='ocrx_word' id='word_1_358' title='bbox 3160 1999 3418 2073; x_wconf 76' lang='grc' dir='ltr'>ἀκριϐὴς,</span> <span class='ocrx_word' id='word_1_359' title='bbox 3453 1996 3576 2051; x_wconf 76' lang='grc' dir='ltr'>οὐδὲ</span> <span class='ocrx_word' id='word_1_360' title='bbox 3605 1996 3701 2050; x_wconf 82' lang='grc' dir='ltr'>ἀν·</span> 
     </span>
    </p>
   </div>
   <div class='ocr_carea' id='block_1_46' title="bbox 2114 2086 3701 2177">
    <p class='ocr_par' dir='ltr' id='par_1_46' title="bbox 2114 2086 3701 2177">
     <span class='ocr_line' id='line_1_46' title="bbox 2114 2086 3701 2177; baseline -0.012 -17"><span class='ocrx_word' id='word_1_361' title='bbox 2114 2107 2441 2177; x_wconf 79' lang='grc' dir='ltr'>αντίρῤητος</span> <span class='ocrx_word' id='word_1_362' title='bbox 2478 2103 2507 2156; x_wconf 84' lang='grc' dir='ltr'><strong>ὁ</strong></span> <span class='ocrx_word' id='word_1_363' title='bbox 2550 2100 2731 2170; x_wconf 87' lang='grc' dir='ltr'>λόγος.</span> <span class='ocrx_word' id='word_1_364' title='bbox 2771 2096 2997 2167; x_wconf 85' lang='grc' dir='ltr'>Πρῶτον</span> <span class='ocrx_word' id='word_1_365' title='bbox 3039 2096 3140 2167; x_wconf 73' lang='grc' dir='ltr'>μὲν</span> <span class='ocrx_word' id='word_1_366' title='bbox 3177 2093 3319 2164; x_wconf 85' lang='grc' dir='ltr'>γὰρ,</span> <span class='ocrx_word' id='word_1_367' title='bbox 3375 2093 3425 2145; x_wconf 84' lang='grc' dir='ltr'>εί</span> <span class='ocrx_word' id='word_1_368' title='bbox 3461 2088 3554 2144; x_wconf 79' lang='grc' dir='ltr'>διὰ</span> <span class='ocrx_word' id='word_1_369' title='bbox 3604 2086 3701 2141; x_wconf 84' lang='grc' dir='ltr'>τοῦ</span> 
     </span>
    </p>
   </div>
   <div class='ocr_carea' id='block_1_47' title="bbox 2112 2180 3699 2264">
    <p class='ocr_par' dir='ltr' id='par_1_47' title="bbox 2112 2180 3699 2264">
     <span class='ocr_line' id='line_1_47' title="bbox 2112 2180 3699 2264; baseline -0.013 -12"><span class='ocrx_word' id='word_1_370' title='bbox 2112 2197 2272 2259; x_wconf 88' lang='grc' dir='ltr'>Θεοῦ,</span> <span class='ocrx_word' id='word_1_371' title='bbox 2302 2194 2532 2264; x_wconf 88' lang='grc' dir='ltr'>Πνεῦμα</span> <span class='ocrx_word' id='word_1_372' title='bbox 2552 2190 2813 2262; x_wconf 84' lang='grc' dir='ltr'>σημαίνει</span> <span class='ocrx_word' id='word_1_373' title='bbox 2839 2188 2903 2242; x_wconf 78' lang='grc' dir='ltr'>τὸ</span> <span class='ocrx_word' id='word_1_374' title='bbox 2930 2188 3111 2258; x_wconf 66' lang='grc' dir='ltr'>ἅγιον,</span> <span class='ocrx_word' id='word_1_375' title='bbox 3136 2185 3189 2239; x_wconf 88' lang='grc' dir='ltr'>τί</span> <span class='ocrx_word' id='word_1_376' title='bbox 3222 2183 3446 2247; x_wconf 80' lang='grc' dir='ltr'>κωλύει,</span> <span class='ocrx_word' id='word_1_377' title='bbox 3485 2180 3581 2235; x_wconf 71' lang='grc' dir='ltr'>καὶ</span> <span class='ocrx_word' id='word_1_378' title='bbox 3602 2180 3662 2234; x_wconf 84' lang='grc' dir='ltr'>τὸ</span> <span class='ocrx_word' id='word_1_379' title='bbox 3682 2219 3699 2244; x_wconf 93' lang='grc'>,</span> 
     </span>
    </p>
   </div>
   <div class='ocr_carea' id='block_1_48' title="bbox 2114 2277 3702 2357">
    <p class='ocr_par' dir='ltr' id='par_1_48' title="bbox 2114 2277 3702 2357">
     <span class='ocr_line' id='line_1_48' title="bbox 2114 2277 3702 2357; baseline -0.013 -8"><span class='ocrx_word' id='word_1_380' title='bbox 2114 2289 2460 2349; x_wconf 85' lang='grc' dir='ltr'>Πνεύσειτὸ</span> <span class='ocrx_word' id='word_1_381' title='bbox 2501 2285 2741 2357; x_wconf 78' lang='grc' dir='ltr'>πνεῦμα</span> <span class='ocrx_word' id='word_1_382' title='bbox 2770 2282 2980 2348; x_wconf 82' lang='grc' dir='ltr'>αὐτοῦ,</span> <span class='ocrx_word' id='word_1_383' title='bbox 3018 2282 3117 2338; x_wconf 74' lang='grc' dir='ltr'>καί</span> <span class='ocrx_word' id='word_1_384' title='bbox 3151 2279 3451 2351; x_wconf 79' lang='grc' dir='ltr'>ρυήσεται</span> <span class='ocrx_word' id='word_1_385' title='bbox 3482 2277 3702 2342; x_wconf 81' lang='grc' dir='ltr'>ῦδατα,</span> 
     </span>
    </p>
   </div>
   <div class='ocr_carea' id='block_1_49' title="bbox 2115 2367 3708 2457">
    <p class='ocr_par' dir='ltr' id='par_1_49' title="bbox 2115 2367 3708 2457">
     <span class='ocr_line' id='line_1_49' title="bbox 2115 2367 3708 2457; baseline -0.013 -16"><span class='ocrx_word' id='word_1_386' title='bbox 2115 2383 2259 2441; x_wconf 83' lang='grc' dir='ltr'>κατὰ</span> <span class='ocrx_word' id='word_1_387' title='bbox 2305 2384 2404 2457; x_wconf 81' lang='grc' dir='ltr'>τὴν</span> <span class='ocrx_word' id='word_1_388' title='bbox 2443 2384 2639 2454; x_wconf 84' lang='grc' dir='ltr'>ὁμοίαν</span> <span class='ocrx_word' id='word_1_389' title='bbox 2680 2381 2915 2444; x_wconf 82' lang='grc' dir='ltr'>ἔννοιαν,</span> <span class='ocrx_word' id='word_1_390' title='bbox 2954 2377 3016 2431; x_wconf 92' lang='grc' dir='ltr'>οὐ</span> <span class='ocrx_word' id='word_1_391' title='bbox 3050 2376 3180 2445; x_wconf 73' lang='grc' dir='ltr'>περὶ</span> <span class='ocrx_word' id='word_1_392' title='bbox 3208 2372 3306 2427; x_wconf 85' lang='grc' dir='ltr'>τοῦ</span> <span class='ocrx_word' id='word_1_393' title='bbox 3349 2372 3533 2441; x_wconf 84' lang='grc' dir='ltr'>ἀέρος,</span> <span class='ocrx_word' id='word_1_394' title='bbox 3568 2367 3708 2423; x_wconf 84' lang='grc' dir='ltr'>ἁλλὰ</span> 
     </span>
    </p>
   </div>
   <div class='ocr_carea' id='block_1_50' title="bbox 2118 2459 3708 2548">
    <p class='ocr_par' dir='ltr' id='par_1_50' title="bbox 2118 2459 3708 2548">
     <span class='ocr_line' id='line_1_50' title="bbox 2118 2459 3708 2548; baseline -0.011 -17"><span class='ocrx_word' id='word_1_395' title='bbox 2118 2479 2249 2548; x_wconf 74' lang='grc' dir='ltr'>περὶ</span> <span class='ocrx_word' id='word_1_396' title='bbox 2272 2477 2369 2532; x_wconf 89' lang='grc' dir='ltr'>τοῦ</span> <span class='ocrx_word' id='word_1_397' title='bbox 2399 2476 2557 2546; x_wconf 85' lang='grc' dir='ltr'>ἁγίου</span> <span class='ocrx_word' id='word_1_398' title='bbox 2582 2472 2901 2543; x_wconf 84' lang='grc' dir='ltr'>Πνεύματος</span> <span class='ocrx_word' id='word_1_399' title='bbox 2928 2467 3212 2531; x_wconf 76' lang='grc' dir='ltr'>ἐκλαϐεῖν;</span> <span class='ocrx_word' id='word_1_400' title='bbox 3255 2465 3490 2518; x_wconf 84' lang='grc' dir='ltr'>Ἔπειτα</span> <span class='ocrx_word' id='word_1_401' title='bbox 3534 2463 3569 2532; x_wconf 84' lang='grc' dir='ltr'>ή</span> <span class='ocrx_word' id='word_1_402' title='bbox 3610 2459 3708 2514; x_wconf 81' lang='grc' dir='ltr'>τοῦ</span> 
     </span>
    </p>
   </div>
   <div class='ocr_carea' id='block_1_51' title="bbox 2117 2548 3713 2637">
    <p class='ocr_par' dir='ltr' id='par_1_51' title="bbox 2117 2548 3713 2637">
     <span class='ocr_line' id='line_1_51' title="bbox 2117 2548 3713 2637; baseline -0.013 -15"><span class='ocrx_word' id='word_1_403' title='bbox 2117 2566 2440 2637; x_wconf 63' lang='grc' dir='ltr'>ἐπεφέρετο</span> <span class='ocrx_word' id='word_1_404' title='bbox 2473 2565 2616 2630; x_wconf 78' lang='grc' dir='ltr'>λέξις</span> <span class='ocrx_word' id='word_1_405' title='bbox 2640 2563 2903 2632; x_wconf 81' lang='grc' dir='ltr'>ἄντικρυς</span> <span class='ocrx_word' id='word_1_406' title='bbox 2948 2558 3163 2627; x_wconf 83' lang='grc' dir='ltr'>ἐλέγχει</span> <span class='ocrx_word' id='word_1_407' title='bbox 3190 2553 3285 2608; x_wconf 90' lang='grc' dir='ltr'>τοῦ</span> <span class='ocrx_word' id='word_1_408' title='bbox 3308 2552 3607 2622; x_wconf 77' lang='grc' dir='ltr'>λεγομένου</span> <span class='ocrx_word' id='word_1_409' title='bbox 3650 2548 3713 2603; x_wconf 72' lang='grc' dir='ltr'>τὺ</span> 
     </span>
    </p>
   </div>
   <div class='ocr_carea' id='block_1_52' title="bbox 2120 2641 3711 2724">
    <p class='ocr_par' dir='ltr' id='par_1_52' title="bbox 2120 2641 3711 2724">
     <span class='ocr_line' id='line_1_52' title="bbox 2120 2641 3711 2724; baseline -0.014 -11"><span class='ocrx_word' id='word_1_410' title='bbox 2120 2658 2345 2713; x_wconf 82' lang='grc' dir='ltr'>ἄτοπον.</span> <span class='ocrx_word' id='word_1_411' title='bbox 2396 2654 2571 2710; x_wconf 89' lang='grc' dir='ltr'>Τοῦτο</span> <span class='ocrx_word' id='word_1_412' title='bbox 2608 2654 2718 2724; x_wconf 86' lang='grc' dir='ltr'>γὰρ</span> <span class='ocrx_word' id='word_1_413' title='bbox 2762 2650 2872 2705; x_wconf 85' lang='grc' dir='ltr'>οὐδ’</span> <span class='ocrx_word' id='word_1_414' title='bbox 2921 2648 2989 2703; x_wconf 83' lang='grc' dir='ltr'>ἂν</span> <span class='ocrx_word' id='word_1_415' title='bbox 3032 2647 3163 2718; x_wconf 74' lang='grc' dir='ltr'>περὶ</span> <span class='ocrx_word' id='word_1_416' title='bbox 3197 2641 3423 2699; x_wconf 85' lang='grc' dir='ltr'>κτιστοῦ</span> <span class='ocrx_word' id='word_1_417' title='bbox 3457 2641 3597 2707; x_wconf 77' lang='grc' dir='ltr'>ζὼου</span> <span class='ocrx_word' id='word_1_418' title='bbox 3625 2655 3711 2702; x_wconf 88' lang='grc' dir='ltr'>τις</span> 
     </span>
    </p>
   </div>
   <div class='ocr_carea' id='block_1_53' title="bbox 2120 2729 3711 2815">
    <p class='ocr_par' dir='ltr' id='par_1_53' title="bbox 2120 2729 3711 2815">
     <span class='ocr_line' id='line_1_53' title="bbox 2120 2729 3711 2815; baseline -0.013 -13"><span class='ocrx_word' id='word_1_419' title='bbox 2120 2750 2264 2802; x_wconf 87' lang='grc' dir='ltr'>εῖποι</span> <span class='ocrx_word' id='word_1_420' title='bbox 2292 2746 2427 2801; x_wconf 82' lang='grc' dir='ltr'>ποτέ</span> <span class='ocrx_word' id='word_1_421' title='bbox 2463 2745 2607 2800; x_wconf 87' lang='grc' dir='ltr'>κατὰ</span> <span class='ocrx_word' id='word_1_422' title='bbox 2649 2743 2971 2815; x_wconf 85' lang='grc' dir='ltr'>προαίρεσιν</span> <span class='ocrx_word' id='word_1_423' title='bbox 3010 2736 3359 2807; x_wconf 78' lang='grc' dir='ltr'>κινουμένου,</span> <span class='ocrx_word' id='word_1_424' title='bbox 3416 2734 3617 2804; x_wconf 82' lang='grc' dir='ltr'>μήτιγε</span> <span class='ocrx_word' id='word_1_425' title='bbox 3644 2729 3711 2800; x_wconf 83' lang='grc' dir='ltr'>δὴ</span> 
     </span>
    </p>
   </div>
   <div class='ocr_carea' id='block_1_54' title="bbox 2122 2822 3712 2911">
    <p class='ocr_par' dir='ltr' id='par_1_54' title="bbox 2122 2822 3712 2911">
     <span class='ocr_line' id='line_1_54' title="bbox 2122 2822 3712 2911; baseline -0.011 -18"><span class='ocrx_word' id='word_1_426' title='bbox 2122 2839 2253 2911; x_wconf 76' lang='grc' dir='ltr'>περὶ</span> <span class='ocrx_word' id='word_1_427' title='bbox 2294 2839 2393 2908; x_wconf 82' lang='grc' dir='ltr'>τῆς</span> <span class='ocrx_word' id='word_1_428' title='bbox 2430 2836 2712 2901; x_wconf 88' lang='grc' dir='ltr'>άκτίστου,</span> <span class='ocrx_word' id='word_1_429' title='bbox 2746 2833 2841 2887; x_wconf 75' lang='grc' dir='ltr'>καὶ</span> <span class='ocrx_word' id='word_1_430' title='bbox 2871 2830 3149 2902; x_wconf 82' lang='grc' dir='ltr'>μακαρίας</span> <span class='ocrx_word' id='word_1_431' title='bbox 3192 2824 3290 2880; x_wconf 90' lang='grc' dir='ltr'>τοῦ</span> <span class='ocrx_word' id='word_1_432' title='bbox 3340 2825 3497 2893; x_wconf 83' lang='grc' dir='ltr'>ἁγίου</span> <span class='ocrx_word' id='word_1_433' title='bbox 3536 2822 3712 2877; x_wconf 86' lang='grc' dir='ltr'>Πνεύ-</span> 
     </span>
    </p>
   </div>
   <div class='ocr_carea' id='block_1_55' title="bbox 2126 2915 3714 3003">
    <p class='ocr_par' dir='ltr' id='par_1_55' title="bbox 2126 2915 3714 3003">
     <span class='ocr_line' id='line_1_55' title="bbox 2126 2915 3714 3003; baseline -0.012 -18"><span class='ocrx_word' id='word_1_434' title='bbox 2126 2948 2297 3003; x_wconf 84' lang='grc' dir='ltr'>ματος</span> <span class='ocrx_word' id='word_1_435' title='bbox 2330 2928 2708 2991; x_wconf 79' lang='grc' dir='ltr'>ὑποστάσεως.</span> <span class='ocrx_word' id='word_1_436' title='bbox 2758 2923 2933 2986; x_wconf 79' lang='grc' dir='ltr'>Αὐτὸς</span> <span class='ocrx_word' id='word_1_437' title='bbox 2958 2920 3092 2991; x_wconf 83' lang='grc' dir='ltr'>γοῦν</span> <span class='ocrx_word' id='word_1_438' title='bbox 3128 2915 3283 2984; x_wconf 76' lang='grc' dir='ltr'>οὗτος</span> <span class='ocrx_word' id='word_1_439' title='bbox 3307 2919 3516 2989; x_wconf 81' lang='grc' dir='ltr'>Μωσῆς</span> <span class='ocrx_word' id='word_1_440' title='bbox 3539 2918 3566 2969; x_wconf 92' lang='lat'>6</span> <span class='ocrx_word' id='word_1_441' title='bbox 3605 2931 3714 2985; x_wconf 82' lang='grc' dir='ltr'>μα-</span> 
     </span>
    </p>
   </div>
   <div class='ocr_carea' id='block_1_56' title="bbox 2123 3006 3715 3094">
    <p class='ocr_par' dir='ltr' id='par_1_56' title="bbox 2123 3006 3715 3094">
     <span class='ocr_line' id='line_1_56' title="bbox 2123 3006 3715 3094; baseline -0.011 -18"><span class='ocrx_word' id='word_1_442' title='bbox 2123 3022 2339 3094; x_wconf 82' lang='grc' dir='ltr'>κάριος,</span> <span class='ocrx_word' id='word_1_443' title='bbox 2365 3021 2459 3074; x_wconf 74' lang='grc' dir='ltr'>ἐπὶ</span> <span class='ocrx_word' id='word_1_444' title='bbox 2485 3020 2584 3092; x_wconf 76' lang='grc' dir='ltr'>μὲν</span> <span class='ocrx_word' id='word_1_445' title='bbox 2605 3019 2703 3088; x_wconf 81' lang='grc' dir='ltr'>τῆς</span> <span class='ocrx_word' id='word_1_446' title='bbox 2727 3014 2963 3070; x_wconf 79' lang='grc' dir='ltr'>κιϐωτοῦ</span> <span class='ocrx_word' id='word_1_447' title='bbox 2988 3014 3258 3084; x_wconf 81' lang='grc' dir='ltr'>κέχρηται</span> <span class='ocrx_word' id='word_1_448' title='bbox 3279 3012 3346 3081; x_wconf 77' lang='grc' dir='ltr'>τῇ</span> <span class='ocrx_word' id='word_1_449' title='bbox 3372 3010 3512 3078; x_wconf 80' lang='grc' dir='ltr'>αὐτῇ</span> <span class='ocrx_word' id='word_1_450' title='bbox 3538 3006 3715 3077; x_wconf 80' lang='grc' dir='ltr'>ταύτῃ</span> 
     </span>
    </p>
   </div>
   <div class='ocr_carea' id='block_1_57' title="bbox 2126 3096 3716 3183">
    <p class='ocr_par' dir='ltr' id='par_1_57' title="bbox 2126 3096 3716 3183">
     <span class='ocr_line' id='line_1_57' title="bbox 2126 3096 3716 3183; baseline -0.011 -17"><span class='ocrx_word' id='word_1_451' title='bbox 2126 3114 2313 3183; x_wconf 68' lang='grc' dir='ltr'>φωνῇ,</span> <span class='ocrx_word' id='word_1_452' title='bbox 2362 3110 2540 3178; x_wconf 89' lang='grc' dir='ltr'>λέγων</span> <span class='ocrx_word' id='word_1_453' title='bbox 2591 3108 2762 3180; x_wconf 79' lang='grc' dir='ltr'>αὐτὴν</span> <span class='ocrx_word' id='word_1_454' title='bbox 2804 3108 2914 3169; x_wconf 88' lang='grc' dir='ltr'>τοῖς</span> <span class='ocrx_word' id='word_1_455' title='bbox 2951 3105 3143 3159; x_wconf 76' lang='grc' dir='ltr'>ὕδασιν</span> <span class='ocrx_word' id='word_1_456' title='bbox 3189 3098 3573 3172; x_wconf 77' lang='grc' dir='ltr'>ἐπιφέρεσθαι,</span> <span class='ocrx_word' id='word_1_457' title='bbox 3618 3096 3716 3149; x_wconf 77' lang='grc' dir='ltr'>ἐπὶ</span> 
     </span>
    </p>
   </div>
   <div class='ocr_carea' id='block_1_58' title="bbox 2127 3191 3719 3269">
    <p class='ocr_par' dir='ltr' id='par_1_58' title="bbox 2127 3191 3719 3269">
     <span class='ocr_line' id='line_1_58' title="bbox 2127 3191 3719 3269; baseline -0.01 -12"><span class='ocrx_word' id='word_1_458' title='bbox 2127 3202 2266 3269; x_wconf 77' lang='grc' dir='ltr'>ζώου</span> <span class='ocrx_word' id='word_1_459' title='bbox 2306 3201 2365 3255; x_wconf 72' lang='grc' dir='ltr'>δὲ</span> <span class='ocrx_word' id='word_1_460' title='bbox 2395 3199 2643 3262; x_wconf 82' lang='grc' dir='ltr'>οὐδενός·</span> <span class='ocrx_word' id='word_1_461' title='bbox 2675 3198 2769 3252; x_wconf 85' lang='grc' dir='ltr'>καί</span> <span class='ocrx_word' id='word_1_462' title='bbox 2792 3215 2875 3250; x_wconf 87' lang='grc' dir='ltr'>τοι</span> <span class='ocrx_word' id='word_1_463' title='bbox 2912 3194 3121 3249; x_wconf 83' lang='grc' dir='ltr'>πολλῶν</span> <span class='ocrx_word' id='word_1_464' title='bbox 3156 3194 3250 3247; x_wconf 76' lang='grc' dir='ltr'>καὶ</span> <span class='ocrx_word' id='word_1_465' title='bbox 3273 3191 3518 3261; x_wconf 81' lang='grc' dir='ltr'>ἀπείρων</span> <span class='ocrx_word' id='word_1_466' title='bbox 3558 3191 3719 3257; x_wconf 81' lang='grc' dir='ltr'>ἐννη-</span> 
     </span>
    </p>
   </div>
   <div class='ocr_carea' id='block_1_59' title="bbox 2122 3281 3717 3366">
    <p class='ocr_par' dir='ltr' id='par_1_59' title="bbox 2122 3281 3717 3366">
     <span class='ocr_line' id='line_1_59' title="bbox 2122 3281 3717 3366; baseline -0.009 -18"><span class='ocrx_word' id='word_1_467' title='bbox 2122 3294 2393 3366; x_wconf 85' lang='grc' dir='ltr'>χομένων,</span> <span class='ocrx_word' id='word_1_468' title='bbox 2426 3294 2522 3347; x_wconf 70' lang='grc' dir='ltr'>καὶ</span> <span class='ocrx_word' id='word_1_469' title='bbox 2544 3290 2960 3362; x_wconf 79' lang='grc' dir='ltr'>ὲπινηχομένων</span> <span class='ocrx_word' id='word_1_470' title='bbox 2994 3289 3202 3351; x_wconf 88' lang='grc' dir='ltr'>αὐτοῖς.</span> <span class='ocrx_word' id='word_1_471' title='bbox 3228 3286 3374 3357; x_wconf 81' lang='grc' dir='ltr'>Πρὸς</span> <span class='ocrx_word' id='word_1_472' title='bbox 3411 3286 3469 3338; x_wconf 76' lang='grc' dir='ltr'>δὲ</span> <span class='ocrx_word' id='word_1_473' title='bbox 3506 3281 3717 3346; x_wconf 81' lang='grc' dir='ltr'>τούτοις</span> 
     </span>
    </p>
   </div>
   <div class='ocr_carea' id='block_1_60' title="bbox 427 3375 3720 3459">
    <p class='ocr_par' dir='ltr' id='par_1_60' title="bbox 427 3375 3720 3459">
     <span class='ocr_line' id='line_1_60' title="bbox 427 3375 3720 3459; baseline 0.004 -30"><span class='ocrx_word' id='word_1_474' title='bbox 427 3376 591 3440; x_wconf 79' lang='grc' dir='ltr'>αὐτὸς</span> <span class='ocrx_word' id='word_1_475' title='bbox 628 3380 656 3432; x_wconf 92' lang='lat'>6</span> <span class='ocrx_word' id='word_1_476' title='bbox 690 3379 790 3449; x_wconf 81' lang='grc' dir='ltr'>τῆς</span> <span class='ocrx_word' id='word_1_477' title='bbox 832 3379 1138 3453; x_wconf 82' lang='grc' dir='ltr'>διηγήσεως</span> <span class='ocrx_word' id='word_1_478' title='bbox 1171 3384 1383 3455; x_wconf 75' lang='grc' dir='ltr'>είρμὸς,</span> <span class='ocrx_word' id='word_1_479' title='bbox 1428 3386 1520 3441; x_wconf 82' lang='grc' dir='ltr'>τὸν</span> <span class='ocrx_word' id='word_1_480' title='bbox 1582 3387 1725 3459; x_wconf 84' lang='grc' dir='ltr'>ἀέρα</span> <span class='ocrx_word' id='word_1_481' title='bbox 1787 3380 2101 3459; x_wconf 73' lang='grc' dir='ltr'>σημαίνει*</span> <span class='ocrx_word' id='word_1_482' title='bbox 2140 3387 2406 3458; x_wconf 79' lang='grc' dir='ltr'>ὀνομαστὶ</span> <span class='ocrx_word' id='word_1_483' title='bbox 2457 3385 2569 3458; x_wconf 83' lang='grc' dir='ltr'>γὰρ</span> <span class='ocrx_word' id='word_1_484' title='bbox 2621 3383 2715 3437; x_wconf 82' lang='grc' dir='ltr'>τὸν</span> <span class='ocrx_word' id='word_1_485' title='bbox 2786 3382 3026 3453; x_wconf 78' lang='grc' dir='ltr'>Ποιητήν</span> <span class='ocrx_word' id='word_1_486' title='bbox 3082 3381 3111 3433; x_wconf 90' lang='lat'>6</span> <span class='ocrx_word' id='word_1_487' title='bbox 3171 3377 3531 3449; x_wconf 73' lang='grc' dir='ltr'>συγγραφεὺς</span> <span class='ocrx_word' id='word_1_488' title='bbox 3581 3375 3720 3445; x_wconf 79' lang='grc' dir='ltr'>ἡμῖν</span> 
     </span>
    </p>
   </div>
   <div class='ocr_carea' id='block_1_61' title="bbox 430 3467 2294 3550">
    <p class='ocr_par' dir='ltr' id='par_1_61' title="bbox 430 3467 2294 3550">
     <span class='ocr_line' id='line_1_61' title="bbox 430 3467 2294 3550; baseline 0.006 -30"><span class='ocrx_word' id='word_1_489' title='bbox 430 3467 862 3538; x_wconf 76' lang='grc' dir='ltr'>προεκθέμενος,</span> <span class='ocrx_word' id='word_1_490' title='bbox 910 3470 1038 3542; x_wconf 75' lang='grc' dir='ltr'>ἑξῆς</span> <span class='ocrx_word' id='word_1_491' title='bbox 1072 3476 1221 3546; x_wconf 57' lang='grc' dir='ltr'>,περὶ</span> <span class='ocrx_word' id='word_1_492' title='bbox 1262 3475 1368 3530; x_wconf 84' lang='grc' dir='ltr'>τῶν</span> <span class='ocrx_word' id='word_1_493' title='bbox 1412 3479 1752 3550; x_wconf 80' lang='grc' dir='ltr'>ποιηθέντων</span> <span class='ocrx_word' id='word_1_494' title='bbox 1786 3480 2013 3543; x_wconf 72' lang='grc' dir='ltr'>εἰκότως</span> <span class='ocrx_word' id='word_1_495' title='bbox 2047 3479 2294 3546; x_wconf 76' lang='grc' dir='ltr'>διέξεισι.</span> 
     </span>
    </p>
   </div>
   <div class='ocr_carea' id='block_1_62' title="bbox 506 3560 2021 3637">
    <p class='ocr_par' dir='ltr' id='par_1_62' title="bbox 506 3560 2021 3637">
     <span class='ocr_line' id='line_1_62' title="bbox 506 3560 2021 3637; baseline 0.009 -24"><span class='ocrx_word' id='word_1_496' title='bbox 506 3560 670 3616; x_wconf 76' lang='lat' dir='ltr'><strong>Vens.</strong></span> <span class='ocrx_word' id='word_1_497' title='bbox 710 3562 761 3618; x_wconf 84' lang='lat'><strong>6.</strong></span> <span class='ocrx_word' id='word_1_498' title='bbox 810 3582 830 3615; x_wconf 80' lang='grc' dir='ltr'>ι</span> <span class='ocrx_word' id='word_1_499' title='bbox 863 3565 1007 3620; x_wconf 81' lang='lat' dir='ltr'><strong>Dixit</strong></span> <span class='ocrx_word' id='word_1_500' title='bbox 1056 3581 1271 3637; x_wconf 88' lang='lat' dir='ltr'><strong>quoque</strong></span> <span class='ocrx_word' id='word_1_501' title='bbox 1321 3568 1504 3626; x_wconf 90' lang='lat' dir='ltr'><strong>Dens:</strong></span> <span class='ocrx_word' id='word_1_502' title='bbox 1538 3570 1660 3627; x_wconf 84' lang='lat' dir='ltr'><strong>Fiat</strong></span> <span class='ocrx_word' id='word_1_503' title='bbox 1708 3570 2021 3626; x_wconf 85' lang='lat' dir='ltr'><strong>firmamen-</strong></span> 
     </span>
    </p>
   </div>
   <div class='ocr_carea' id='block_1_63' title="bbox 434 3654 2016 3736">
    <p class='ocr_par' dir='ltr' id='par_1_63' title="bbox 434 3654 2016 3736">
     <span class='ocr_line' id='line_1_63' title="bbox 434 3654 2016 3736; baseline 0.008 -30"><span class='ocrx_word' id='word_1_504' title='bbox 434 3664 544 3707; x_wconf 88' lang='lat' dir='ltr'>tnm</span> <span class='ocrx_word' id='word_1_505' title='bbox 570 3654 621 3708; x_wconf 92' lang='lat' dir='ltr'>in</span> <span class='ocrx_word' id='word_1_506' title='bbox 653 3657 829 3713; x_wconf 89' lang='lat' dir='ltr'><strong>medio</strong></span> <span class='ocrx_word' id='word_1_507' title='bbox 852 3673 1149 3729; x_wconf 87' lang='lat' dir='ltr'><strong>aquarum:</strong></span> <span class='ocrx_word' id='word_1_508' title='bbox 1170 3673 1224 3717; x_wconf 93' lang='lat' dir='ltr'>et</span> <span class='ocrx_word' id='word_1_509' title='bbox 1249 3662 1458 3718; x_wconf 88' lang='lat' dir='ltr'><strong>dividat</strong></span> <span class='ocrx_word' id='word_1_510' title='bbox 1485 3679 1654 3734; x_wconf 86' lang='lat' dir='ltr'><strong>aquas</strong></span> <span class='ocrx_word' id='word_1_511' title='bbox 1679 3665 1747 3721; x_wconf 91' lang='lat' dir='ltr'>ab</span> <span class='ocrx_word' id='word_1_512' title='bbox 1772 3664 1950 3736; x_wconf 91' lang='lat' dir='ltr'><strong>aquis.</strong></span> <span class='ocrx_word' id='word_1_513' title='bbox 1996 3683 2016 3718; x_wconf 72' lang='grc' dir='ltr'>ι</span> 
     </span>
    </p>
   </div>
   <div class='ocr_carea' id='block_1_64' title="bbox 503 3834 2022 3919">
    <p class='ocr_par' dir='ltr' id='par_1_64' title="bbox 503 3834 2022 3919">
     <span class='ocr_line' id='line_1_64' title="bbox 503 3834 2022 3919; baseline 0.008 -26"><span class='ocrx_word' id='word_1_514' title='bbox 503 3834 645 3895; x_wconf 86' lang='lat' dir='ltr'><strong>Deus</strong></span> <span class='ocrx_word' id='word_1_515' title='bbox 673 3854 797 3894; x_wconf 89' lang='lat' dir='ltr'>cum</span> <span class='ocrx_word' id='word_1_516' title='bbox 846 3857 955 3898; x_wconf 92' lang='lat' dir='ltr'>uno</span> <span class='ocrx_word' id='word_1_517' title='bbox 985 3858 1152 3914; x_wconf 88' lang='lat' dir='ltr'><strong>opere</strong></span> <span class='ocrx_word' id='word_1_518' title='bbox 1177 3856 1428 3902; x_wconf 82' lang='lat' dir='ltr'><strong>cunctam</strong></span> <span class='ocrx_word' id='word_1_519' title='bbox 1466 3846 1893 3919; x_wconf 67' lang='lat' dir='ltr'><strong>universamque</strong></span> <span class='ocrx_word' id='word_1_520' title='bbox 1936 3863 2022 3904; x_wconf 88' lang='lat' dir='ltr'><strong>re-</strong></span> 
     </span>
    </p>
   </div>
   <div class='ocr_carea' id='block_1_65' title="bbox 435 3936 2026 4007">
    <p class='ocr_par' dir='ltr' id='par_1_65' title="bbox 435 3936 2026 4007">
     <span class='ocr_line' id='line_1_65' title="bbox 435 3936 2026 4007; baseline 0.009 -27"><span class='ocrx_word' id='word_1_521' title='bbox 435 3944 554 3983; x_wconf 92' lang='lat' dir='ltr'>rum</span> <span class='ocrx_word' id='word_1_522' title='bbox 586 3940 836 3988; x_wconf 89' lang='lat' dir='ltr'><strong>naturam</strong></span> <span class='ocrx_word' id='word_1_523' title='bbox 880 3936 1143 4005; x_wconf 82' lang='lat' dir='ltr'><strong>perlicere</strong></span> <span class='ocrx_word' id='word_1_524' title='bbox 1191 3939 1479 4007; x_wconf 87' lang='lat' dir='ltr'><strong>potuisset,</strong></span> <span class='ocrx_word' id='word_1_525' title='bbox 1529 3954 1631 3995; x_wconf 88' lang='lat' dir='ltr'>nec</span> <span class='ocrx_word' id='word_1_526' title='bbox 1667 3939 1771 3993; x_wconf 86' lang='lat' dir='ltr'><strong>ulla</strong></span> <span class='ocrx_word' id='word_1_527' title='bbox 1815 3939 2026 3995; x_wconf 86' lang='lat' dir='ltr'><strong>ratione</strong></span> 
     </span>
    </p>
   </div>
   <div class='ocr_carea' id='block_1_66' title="bbox 434 4021 2022 4105">
    <p class='ocr_par' dir='ltr' id='par_1_66' title="bbox 434 4021 2022 4105">
     <span class='ocr_line' id='line_1_66' title="bbox 434 4021 2022 4105; baseline 0.007 -30"><span class='ocrx_word' id='word_1_528' title='bbox 434 4022 501 4076; x_wconf 88' lang='lat' dir='ltr'>ad</span> <span class='ocrx_word' id='word_1_529' title='bbox 546 4021 650 4079; x_wconf 88' lang='lat' dir='ltr'>hoc</span> <span class='ocrx_word' id='word_1_530' title='bbox 694 4034 944 4098; x_wconf 88' lang='lat' dir='ltr'><strong>tempore</strong></span> <span class='ocrx_word' id='word_1_531' title='bbox 1007 4039 1102 4086; x_wconf 88' lang='lat' dir='ltr'>aut</span> <span class='ocrx_word' id='word_1_532' title='bbox 1163 4031 1353 4087; x_wconf 87' lang='lat' dir='ltr'><strong>diebus</strong></span> <span class='ocrx_word' id='word_1_533' title='bbox 1384 4032 1687 4105; x_wconf 79' lang='lat' dir='ltr'><strong>indigeret,</strong></span> <span class='ocrx_word' id='word_1_534' title='bbox 1751 4035 1892 4087; x_wconf 89' lang='lat' dir='ltr'><strong>intra</strong></span> <span class='ocrx_word' id='word_1_535' title='bbox 1925 4048 2022 4088; x_wconf 88' lang='lat' dir='ltr'>sex</span> 
     </span>
    </p>
   </div>
   <div class='ocr_carea' id='block_1_67' title="bbox 434 4114 2022 4196">
    <p class='ocr_par' dir='ltr' id='par_1_67' title="bbox 434 4114 2022 4196">
     <span class='ocr_line' id='line_1_67' title="bbox 434 4114 2022 4196; baseline 0.009 -32"><span class='ocrx_word' id='word_1_536' title='bbox 434 4114 552 4169; x_wconf 88' lang='lat' dir='ltr'><strong>dies</strong></span> <span class='ocrx_word' id='word_1_537' title='bbox 596 4118 777 4172; x_wconf 90' lang='lat' dir='ltr'><strong>omnia</strong></span> <span class='ocrx_word' id='word_1_538' title='bbox 828 4121 1069 4189; x_wconf 85' lang='lat' dir='ltr'><strong>creavit,</strong></span> <span class='ocrx_word' id='word_1_539' title='bbox 1118 4123 1223 4179; x_wconf 90' lang='lat' dir='ltr'><strong>ista</strong></span> <span class='ocrx_word' id='word_1_540' title='bbox 1257 4140 1355 4196; x_wconf 94' lang='lat' dir='ltr'>per</span> <span class='ocrx_word' id='word_1_541' title='bbox 1383 4137 1569 4196; x_wconf 89' lang='lat' dir='ltr'><strong>partes</strong></span> <span class='ocrx_word' id='word_1_542' title='bbox 1614 4133 1671 4181; x_wconf 88' lang='lat' dir='ltr'>et</span> <span class='ocrx_word' id='word_1_543' title='bbox 1718 4140 1785 4181; x_wconf 84' lang='lat' dir='ltr'>ex</span> <span class='ocrx_word' id='word_1_544' title='bbox 1829 4126 2022 4179; x_wconf 86' lang='lat' dir='ltr'><strong>ordine</strong></span> 
     </span>
    </p>
   </div>
   <div class='ocr_carea' id='block_1_68' title="bbox 435 4205 2026 4288">
    <p class='ocr_par' dir='ltr' id='par_1_68' title="bbox 435 4205 2026 4288">
     <span class='ocr_line' id='line_1_68' title="bbox 435 4205 2026 4288; baseline 0.008 -30"><span class='ocrx_word' id='word_1_545' title='bbox 435 4205 574 4261; x_wconf 77' lang='lat' dir='ltr'><strong>facta</strong></span> <span class='ocrx_word' id='word_1_546' title='bbox 622 4213 901 4268; x_wconf 89' lang='lat' dir='ltr'><strong>creatione</strong></span> <span class='ocrx_word' id='word_1_547' title='bbox 943 4217 1334 4288; x_wconf 87' lang='lat' dir='ltr'><strong>semetipsum,</strong></span> <span class='ocrx_word' id='word_1_548' title='bbox 1368 4219 1446 4273; x_wconf 91' lang='lat' dir='ltr'>uti</span> <span class='ocrx_word' id='word_1_549' title='bbox 1487 4218 1729 4273; x_wconf 79' lang='lat' dir='ltr'><strong>diximus</strong></span> <span class='ocrx_word' id='word_1_550' title='bbox 1757 4257 1772 4283; x_wconf 92' lang='lat'>,</span> <span class='ocrx_word' id='word_1_551' title='bbox 1827 4215 2026 4271; x_wconf 87' lang='lat' dir='ltr'><strong>animis</strong></span> 
     </span>
    </p>
   </div>
   <div class='ocr_carea' id='block_1_69' title="bbox 436 4300 2023 4379">
    <p class='ocr_par' dir='ltr' id='par_1_69' title="bbox 436 4300 2023 4379">
     <span class='ocr_line' id='line_1_69' title="bbox 436 4300 2023 4379; baseline 0.007 -29"><span class='ocrx_word' id='word_1_552' title='bbox 436 4300 650 4358; x_wconf 90' lang='lat' dir='ltr'><strong>ratione</strong></span> <span class='ocrx_word' id='word_1_553' title='bbox 684 4306 931 4374; x_wconf 64' lang='lat' dir='ltr'><strong>praeditis</strong></span> <span class='ocrx_word' id='word_1_554' title='bbox 966 4309 1233 4366; x_wconf 89' lang='lat' dir='ltr'><strong>revelans.</strong></span> <span class='ocrx_word' id='word_1_555' title='bbox 1269 4309 1521 4367; x_wconf 90' lang='lat' dir='ltr'><strong>Conditis</strong></span> <span class='ocrx_word' id='word_1_556' title='bbox 1561 4309 1836 4379; x_wconf 86' lang='lat' dir='ltr'><strong>prioribus</strong></span> <span class='ocrx_word' id='word_1_557' title='bbox 1864 4317 2023 4362; x_wconf 87' lang='lat' dir='ltr'><strong>natu-</strong></span> 
     </span>
    </p>
   </div>
   <div class='ocr_carea' id='block_1_70' title="bbox 436 4388 2026 4467">
    <p class='ocr_par' dir='ltr' id='par_1_70' title="bbox 436 4388 2026 4467">
     <span class='ocr_line' id='line_1_70' title="bbox 436 4388 2026 4467; baseline 0.006 -23"><span class='ocrx_word' id='word_1_558' title='bbox 436 4388 536 4455; x_wconf 87' lang='lat' dir='ltr'><strong>ris,</strong></span> <span class='ocrx_word' id='word_1_559' title='bbox 568 4392 743 4449; x_wconf 90' lang='lat' dir='ltr'><strong>lucem</strong></span> <span class='ocrx_word' id='word_1_560' title='bbox 768 4410 833 4450; x_wconf 84' lang='lat' dir='ltr'>ex</span> <span class='ocrx_word' id='word_1_561' title='bbox 866 4397 1037 4455; x_wconf 90' lang='lat' dir='ltr'><strong>nihilo</strong></span> <span class='ocrx_word' id='word_1_562' title='bbox 1066 4400 1271 4467; x_wconf 82' lang='lat' dir='ltr'><strong>edidit,</strong></span> <span class='ocrx_word' id='word_1_563' title='bbox 1300 4402 1503 4456; x_wconf 89' lang='lat' dir='ltr'><strong>docens</strong></span> <span class='ocrx_word' id='word_1_564' title='bbox 1549 4399 1623 4453; x_wconf 90' lang='lat' dir='ltr'>ita</span> <span class='ocrx_word' id='word_1_565' title='bbox 1653 4397 1943 4453; x_wconf 84' lang='lat' dir='ltr'><strong>manifeste</strong></span> <span class='ocrx_word' id='word_1_566' title='bbox 1967 4412 2026 4453; x_wconf 90' lang='lat' dir='ltr'>se</span> 
     </span>
    </p>
   </div>
   <div class='ocr_carea' id='block_1_71' title="bbox 2197 3556 3845 3634">
    <p class='ocr_par' dir='ltr' id='par_1_71' title="bbox 2197 3556 3845 3634">
     <span class='ocr_line' id='line_1_71' title="bbox 2197 3556 3845 3634; baseline -0.01 -12"><span class='ocrx_word' id='word_1_567' title='bbox 2197 3589 2214 3622; x_wconf 87' lang='grc' dir='ltr'>ι</span> <span class='ocrx_word' id='word_1_568' title='bbox 2253 3569 2362 3624; x_wconf 73' lang='grc' dir='ltr'>Καὶ</span> <span class='ocrx_word' id='word_1_569' title='bbox 2391 3562 2548 3622; x_wconf 76' lang='grc' dir='ltr'>εἶπεν</span> <span class='ocrx_word' id='word_1_570' title='bbox 2572 3570 2600 3623; x_wconf 87' lang='lat'>6</span> <span class='ocrx_word' id='word_1_571' title='bbox 2622 3566 2757 3632; x_wconf 80' lang='grc' dir='ltr'>Θεὸς</span> <span class='ocrx_word' id='word_1_572' title='bbox 2786 3582 2802 3597; x_wconf 64' lang='grc' dir='ltr'>θ</span> <span class='ocrx_word' id='word_1_573' title='bbox 2826 3562 3122 3634; x_wconf 79' lang='grc' dir='ltr'>Γενηθήτω</span> <span class='ocrx_word' id='word_1_574' title='bbox 3150 3556 3441 3631; x_wconf 78' lang='grc' dir='ltr'>στερέωμα</span> <span class='ocrx_word' id='word_1_575' title='bbox 3477 3558 3535 3611; x_wconf 85' lang='grc' dir='ltr'>ἐν</span> <span class='ocrx_word' id='word_1_576' title='bbox 3568 3556 3720 3628; x_wconf 81' lang='grc' dir='ltr'>μέσῳ</span> <span class='ocrx_word' id='word_1_577' title='bbox 3820 3582 3845 3587; x_wconf 96' lang='grc'><strong><em>-</em></strong></span> 
     </span>
    </p>
   </div>
   <div class='ocr_carea' id='block_1_72' title="bbox 2120 3647 3721 3729">
    <p class='ocr_par' dir='ltr' id='par_1_72' title="bbox 2120 3647 3721 3729">
     <span class='ocr_line' id='line_1_72' title="bbox 2120 3647 3721 3729; baseline -0.008 -14"><span class='ocrx_word' id='word_1_578' title='bbox 2120 3660 2214 3715; x_wconf 85' lang='grc' dir='ltr'>τοῦ</span> <span class='ocrx_word' id='word_1_579' title='bbox 2250 3660 2444 3726; x_wconf 73' lang='grc' dir='ltr'>ὓδατος</span> <span class='ocrx_word' id='word_1_580' title='bbox 2467 3678 2481 3692; x_wconf 77' lang='grc' dir='ltr'><strong><em>ο</em></strong></span> <span class='ocrx_word' id='word_1_581' title='bbox 2514 3661 2610 3714; x_wconf 69' lang='grc' dir='ltr'>καὶ</span> <span class='ocrx_word' id='word_1_582' title='bbox 2643 3659 2785 3713; x_wconf 72' lang='grc' dir='ltr'>ἔστω</span> <span class='ocrx_word' id='word_1_583' title='bbox 2816 3654 3145 3729; x_wconf 78' lang='grc' dir='ltr'>διαχωρίςον</span> <span class='ocrx_word' id='word_1_584' title='bbox 3186 3652 3290 3708; x_wconf 86' lang='grc' dir='ltr'>ἁνὰ</span> <span class='ocrx_word' id='word_1_585' title='bbox 3324 3652 3491 3723; x_wconf 90' lang='grc' dir='ltr'>μέσον</span> <span class='ocrx_word' id='word_1_586' title='bbox 3524 3647 3721 3711; x_wconf 76' lang='grc' dir='ltr'>ὕδατος</span> 
     </span>
    </p>
   </div>
   <div class='ocr_carea' id='block_1_73' title="bbox 2122 3749 3089 3818">
    <p class='ocr_par' dir='ltr' id='par_1_73' title="bbox 2122 3749 3089 3818">
     <span class='ocr_line' id='line_1_73' title="bbox 2122 3749 3089 3818; baseline -0.007 -10"><span class='ocrx_word' id='word_1_587' title='bbox 2122 3752 2217 3808; x_wconf 73' lang='grc' dir='ltr'>καὶ</span> <span class='ocrx_word' id='word_1_588' title='bbox 2245 3752 2461 3816; x_wconf 75' lang='grc' dir='ltr'>ὕδατος·</span> <span class='ocrx_word' id='word_1_589' title='bbox 2492 3752 2588 3806; x_wconf 74' lang='grc' dir='ltr'>καὶ</span> <span class='ocrx_word' id='word_1_590' title='bbox 2617 3752 2837 3818; x_wconf 76' lang='grc' dir='ltr'>ἐγένετο</span> <span class='ocrx_word' id='word_1_591' title='bbox 2868 3749 3031 3803; x_wconf 72' lang='grc' dir='ltr'>οὕτω.</span> <span class='ocrx_word' id='word_1_592' title='bbox 3070 3767 3089 3801; x_wconf 72' lang='grc' dir='ltr'>ι</span> 
     </span>
    </p>
   </div>
   <div class='ocr_carea' id='block_1_74' title="bbox 2195 3834 3725 3917">
    <p class='ocr_par' dir='ltr' id='par_1_74' title="bbox 2195 3834 3725 3917">
     <span class='ocr_line' id='line_1_74' title="bbox 2195 3834 3725 3917; baseline -0.008 -18"><span class='ocrx_word' id='word_1_593' title='bbox 2195 3845 2507 3917; x_wconf 82' lang='grc' dir='ltr'>Δυνάμενος</span> <span class='ocrx_word' id='word_1_594' title='bbox 2530 3846 2559 3897; x_wconf 95' lang='lat'>6</span> <span class='ocrx_word' id='word_1_595' title='bbox 2587 3845 2719 3906; x_wconf 73' lang='grc' dir='ltr'>Θεὸς</span> <span class='ocrx_word' id='word_1_596' title='bbox 2751 3844 2843 3911; x_wconf 73' lang='grc' dir='ltr'>ὐφ’</span> <span class='ocrx_word' id='word_1_597' title='bbox 2862 3842 2941 3895; x_wconf 71' lang='grc' dir='ltr'>ἐνὶ</span> <span class='ocrx_word' id='word_1_598' title='bbox 2967 3840 3274 3910; x_wconf 79' lang='grc' dir='ltr'>συνθήματι</span> <span class='ocrx_word' id='word_1_599' title='bbox 3298 3838 3398 3908; x_wconf 84' lang='grc' dir='ltr'>τὴν</span> <span class='ocrx_word' id='word_1_600' title='bbox 3423 3834 3725 3906; x_wconf 72' lang='grc' dir='ltr'>σύμπασαν</span> 
     </span>
    </p>
   </div>
   <div class='ocr_carea' id='block_1_75' title="bbox 2124 3925 3725 4009">
    <p class='ocr_par' dir='ltr' id='par_1_75' title="bbox 2124 3925 3725 4009">
     <span class='ocr_line' id='line_1_75' title="bbox 2124 3925 3725 4009; baseline -0.01 -16"><span class='ocrx_word' id='word_1_601' title='bbox 2124 3937 2387 4008; x_wconf 79' lang='grc' dir='ltr'>αὐτοτελῆ</span> <span class='ocrx_word' id='word_1_602' title='bbox 2443 3936 2609 4006; x_wconf 83' lang='grc' dir='ltr'>φύσιν</span> <span class='ocrx_word' id='word_1_603' title='bbox 2642 3936 3024 4009; x_wconf 85' lang='grc' dir='ltr'>παραγαγεῖν,</span> <span class='ocrx_word' id='word_1_604' title='bbox 3058 3932 3155 3985; x_wconf 71' lang='grc' dir='ltr'>κιιύ⁵</span> <span class='ocrx_word' id='word_1_605' title='bbox 3193 3930 3346 3984; x_wconf 76' lang='grc' dir='ltr'>οὐδὲν</span> <span class='ocrx_word' id='word_1_606' title='bbox 3386 3927 3552 3990; x_wconf 79' lang='grc' dir='ltr'>αὐτὸς</span> <span class='ocrx_word' id='word_1_607' title='bbox 3582 3925 3725 3995; x_wconf 76' lang='grc' dir='ltr'>πρὸς</span> 
     </span>
    </p>
   </div>
   <div class='ocr_carea' id='block_1_76' title="bbox 2136 4017 3729 4102">
    <p class='ocr_par' dir='ltr' id='par_1_76' title="bbox 2136 4017 3729 4102">
     <span class='ocr_line' id='line_1_76' title="bbox 2136 4017 3729 4102; baseline -0.011 -16"><span class='ocrx_word' id='word_1_608' title='bbox 2136 4031 2296 4085; x_wconf 90' lang='grc' dir='ltr'>τοῦτο</span> <span class='ocrx_word' id='word_1_609' title='bbox 2344 4028 2540 4102; x_wconf 85' lang='grc' dir='ltr'>χρόνου</span> <span class='ocrx_word' id='word_1_610' title='bbox 2583 4029 2858 4099; x_wconf 86' lang='grc' dir='ltr'>δεόμενος,</span> <span class='ocrx_word' id='word_1_611' title='bbox 2903 4025 3025 4080; x_wconf 75' lang='grc' dir='ltr'>οὐδὲ</span> <span class='ocrx_word' id='word_1_612' title='bbox 3058 4024 3287 4095; x_wconf 78' lang='grc' dir='ltr'>ἡμερῶν</span> <span class='ocrx_word' id='word_1_613' title='bbox 3310 4062 3324 4085; x_wconf 94' lang='grc'>,</span> <span class='ocrx_word' id='word_1_614' title='bbox 3360 4021 3419 4074; x_wconf 81' lang='grc' dir='ltr'>ὲν</span> <span class='ocrx_word' id='word_1_615' title='bbox 3449 4019 3513 4084; x_wconf 78' lang='grc' dir='ltr'>ἒξ</span> <span class='ocrx_word' id='word_1_616' title='bbox 3551 4017 3729 4087; x_wconf 79' lang='grc' dir='ltr'>αὐτὴν</span> 
     </span>
    </p>
   </div>
   <div class='ocr_carea' id='block_1_77' title="bbox 2132 4112 3729 4194">
    <p class='ocr_par' dir='ltr' id='par_1_77' title="bbox 2132 4112 3729 4194">
     <span class='ocr_line' id='line_1_77' title="bbox 2132 4112 3729 4194; baseline -0.012 -16"><span class='ocrx_word' id='word_1_617' title='bbox 2132 4123 2283 4193; x_wconf 85' lang='grc' dir='ltr'>ὅμως</span> <span class='ocrx_word' id='word_1_618' title='bbox 2308 4122 2543 4194; x_wconf 84' lang='grc' dir='ltr'>ήμέραις</span> <span class='ocrx_word' id='word_1_619' title='bbox 2568 4122 2731 4184; x_wconf 88' lang='grc' dir='ltr'>ποιεῖ,</span> <span class='ocrx_word' id='word_1_620' title='bbox 2760 4122 2827 4191; x_wconf 81' lang='grc' dir='ltr'>τῇ</span> <span class='ocrx_word' id='word_1_621' title='bbox 2852 4119 2992 4172; x_wconf 86' lang='grc' dir='ltr'>κατὰ</span> <span class='ocrx_word' id='word_1_622' title='bbox 3022 4117 3189 4187; x_wconf 86' lang='grc' dir='ltr'>μέρος</span> <span class='ocrx_word' id='word_1_623' title='bbox 3207 4116 3266 4167; x_wconf 83' lang='grc' dir='ltr'>ἐν</span> <span class='ocrx_word' id='word_1_624' title='bbox 3288 4113 3441 4178; x_wconf 78' lang='grc' dir='ltr'>τάξει</span> <span class='ocrx_word' id='word_1_625' title='bbox 3461 4112 3729 4183; x_wconf 81' lang='grc' dir='ltr'>δημιουρ-</span> 
     </span>
    </p>
   </div>
   <div class='ocr_carea' id='block_1_78' title="bbox 2134 4203 3726 4289">
    <p class='ocr_par' dir='ltr' id='par_1_78' title="bbox 2134 4203 3726 4289">
     <span class='ocr_line' id='line_1_78' title="bbox 2134 4203 3726 4289; baseline -0.007 -21"><span class='ocrx_word' id='word_1_626' title='bbox 2134 4214 2231 4289; x_wconf 67' lang='grc' dir='ltr'>γίᾳ</span> <span class='ocrx_word' id='word_1_627' title='bbox 2277 4214 2562 4285; x_wconf 73' lang='grc' dir='ltr'>γνωρίζων</span> <span class='ocrx_word' id='word_1_628' title='bbox 2616 4215 2727 4275; x_wconf 82' lang='grc' dir='ltr'>τοῖς</span> <span class='ocrx_word' id='word_1_629' title='bbox 2774 4210 3040 4279; x_wconf 81' lang='grc' dir='ltr'>λογικοῖς,</span> <span class='ocrx_word' id='word_1_630' title='bbox 3088 4207 3161 4270; x_wconf 82' lang='grc' dir='ltr'>ὡς</span> <span class='ocrx_word' id='word_1_631' title='bbox 3218 4206 3464 4276; x_wconf 78' lang='grc' dir='ltr'>ἔφαμεν,</span> <span class='ocrx_word' id='word_1_632' title='bbox 3508 4203 3726 4257; x_wconf 80' lang='grc' dir='ltr'>ἑαυτόν.</span> 
     </span>
    </p>
   </div>
   <div class='ocr_carea' id='block_1_79' title="bbox 2134 4293 3731 4376">
    <p class='ocr_par' dir='ltr' id='par_1_79' title="bbox 2134 4293 3731 4376">
     <span class='ocr_line' id='line_1_79' title="bbox 2134 4293 3731 4376; baseline -0.009 -16"><span class='ocrx_word' id='word_1_633' title='bbox 2134 4306 2290 4360; x_wconf 78' lang='grc' dir='ltr'>Μετὰ</span> <span class='ocrx_word' id='word_1_634' title='bbox 2320 4304 2418 4370; x_wconf 83' lang='grc' dir='ltr'>τὰς</span> <span class='ocrx_word' id='word_1_635' title='bbox 2452 4305 2677 4376; x_wconf 86' lang='grc' dir='ltr'>πρώτας</span> <span class='ocrx_word' id='word_1_636' title='bbox 2709 4302 2889 4354; x_wconf 85' lang='grc' dir='ltr'>τοίνυν</span> <span class='ocrx_word' id='word_1_637' title='bbox 2916 4300 3105 4362; x_wconf 77' lang='grc' dir='ltr'>οὐσίας</span> <span class='ocrx_word' id='word_1_638' title='bbox 3138 4298 3237 4367; x_wconf 80' lang='grc' dir='ltr'>τὴν</span> <span class='ocrx_word' id='word_1_639' title='bbox 3266 4298 3446 4366; x_wconf 71' lang='grc' dir='ltr'>φωτὸς</span> <span class='ocrx_word' id='word_1_640' title='bbox 3475 4293 3640 4364; x_wconf 82' lang='grc' dir='ltr'>φύσιν</span> <span class='ocrx_word' id='word_1_641' title='bbox 3667 4294 3731 4360; x_wconf 80' lang='grc' dir='ltr'>ἐξ</span> 
     </span>
    </p>
   </div>
   <div class='ocr_carea' id='block_1_80' title="bbox 2134 4384 3730 4464">
    <p class='ocr_par' dir='ltr' id='par_1_80' title="bbox 2134 4384 3730 4464">
     <span class='ocr_line' id='line_1_80' title="bbox 2134 4384 3730 4464; baseline -0.008 -13"><span class='ocrx_word' id='word_1_642' title='bbox 2134 4397 2233 4451; x_wconf 85' lang='grc' dir='ltr'>οὐκ</span> <span class='ocrx_word' id='word_1_643' title='bbox 2264 4397 2434 4450; x_wconf 85' lang='grc' dir='ltr'>ὄντων</span> <span class='ocrx_word' id='word_1_644' title='bbox 2467 4395 2815 4464; x_wconf 82' lang='grc' dir='ltr'>ὑποστήσας,</span> <span class='ocrx_word' id='word_1_645' title='bbox 2865 4389 3105 4454; x_wconf 77' lang='grc' dir='ltr'>ἐδίδαξεν</span> <span class='ocrx_word' id='word_1_646' title='bbox 3141 4388 3341 4449; x_wconf 77' lang='grc' dir='ltr'>αὐτοὺς</span> <span class='ocrx_word' id='word_1_647' title='bbox 3378 4384 3600 4449; x_wconf 83' lang='grc' dir='ltr'>ἱκανῶς,</span> <span class='ocrx_word' id='word_1_648' title='bbox 3642 4385 3730 4438; x_wconf 84' lang='grc' dir='ltr'>ὅτι</span> 
     </span>
    </p>
   </div>
   <div class='ocr_carea' id='block_1_81' title="bbox 435 4477 2019 4564">
    <p class='ocr_par' dir='ltr' id='par_1_81' title="bbox 435 4488 2019 4564">
     <span class='ocr_line' id='line_1_81' title="bbox 435 4488 2019 4564; baseline 0.009 -32"><span class='ocrx_word' id='word_1_649' title='bbox 435 4498 559 4537; x_wconf 89' lang='lat' dir='ltr'>enm</span> <span class='ocrx_word' id='word_1_650' title='bbox 591 4500 712 4541; x_wconf 90' lang='lat' dir='ltr'><strong>esse</strong></span> <span class='ocrx_word' id='word_1_651' title='bbox 739 4526 754 4552; x_wconf 93' lang='lat'>,</span> <span class='ocrx_word' id='word_1_652' title='bbox 787 4489 878 4557; x_wconf 90' lang='lat' dir='ltr'>qui</span> <span class='ocrx_word' id='word_1_653' title='bbox 944 4505 1006 4544; x_wconf 87' lang='lat' dir='ltr'>ea</span> <span class='ocrx_word' id='word_1_654' title='bbox 1057 4502 1271 4549; x_wconf 84' lang='lat' dir='ltr'><strong>crearet</strong></span> <span class='ocrx_word' id='word_1_655' title='bbox 1302 4508 1423 4564; x_wconf 64' lang='lat' dir='ltr'><strong>qua;</strong></span> <span class='ocrx_word' id='word_1_656' title='bbox 1466 4506 1573 4545; x_wconf 91' lang='lat' dir='ltr'>non</span> <span class='ocrx_word' id='word_1_657' title='bbox 1603 4499 1749 4545; x_wconf 91' lang='lat' dir='ltr'><strong>sunt.</strong></span> <span class='ocrx_word' id='word_1_658' title='bbox 1792 4488 1940 4557; x_wconf 86' lang='lat' dir='ltr'><strong>Quos</strong></span> <span class='ocrx_word' id='word_1_659' title='bbox 1968 4500 2019 4546; x_wconf 89' lang='lat' dir='ltr'>ut</span> 
     </span>
    </p>
   </div>
   <div class='ocr_carea' id='block_1_82' title="bbox 2129 4477 3728 4564">
    <p class='ocr_par' dir='ltr' id='par_1_82' title="bbox 2129 4477 3728 4562">
     <span class='ocr_line' id='line_1_82' title="bbox 2129 4477 3728 4562; baseline -0.01 -18"><span class='ocrx_word' id='word_1_660' title='bbox 2129 4492 2196 4543; x_wconf 69' lang='grc' dir='ltr'>τὰ</span> <span class='ocrx_word' id='word_1_661' title='bbox 2228 4489 2303 4562; x_wconf 74' lang='grc' dir='ltr'>μὴ</span> <span class='ocrx_word' id='word_1_662' title='bbox 2326 4490 2456 4544; x_wconf 79' lang='grc' dir='ltr'>ὄντα</span> <span class='ocrx_word' id='word_1_663' title='bbox 2484 4490 2659 4541; x_wconf 87' lang='grc' dir='ltr'>ποιεῖν</span> <span class='ocrx_word' id='word_1_664' title='bbox 2690 4488 2806 4539; x_wconf 81' lang='grc' dir='ltr'>ἐστὶ</span> <span class='ocrx_word' id='word_1_665' title='bbox 2832 4484 3081 4546; x_wconf 77' lang='grc' dir='ltr'>δυνατός.</span> <span class='ocrx_word' id='word_1_666' title='bbox 3124 4481 3280 4535; x_wconf 78' lang='grc' dir='ltr'>Ἐπεὶ</span> <span class='ocrx_word' id='word_1_667' title='bbox 3309 4481 3365 4534; x_wconf 74' lang='grc' dir='ltr'>δὲ</span> <span class='ocrx_word' id='word_1_668' title='bbox 3393 4480 3501 4533; x_wconf 78' lang='grc' dir='ltr'>ἔδει</span> <span class='ocrx_word' id='word_1_669' title='bbox 3530 4477 3728 4550; x_wconf 83' lang='grc' dir='ltr'>μαθεῖν</span> 
     </span>
    </p>
   </div>
   <div class='ocr_carea' id='block_1_83' title="bbox 438 4570 2026 4653">
    <p class='ocr_par' dir='ltr' id='par_1_83' title="bbox 438 4570 2026 4653">
     <span class='ocr_line' id='line_1_83' title="bbox 438 4570 2026 4653; baseline 0.008 -29"><span class='ocrx_word' id='word_1_670' title='bbox 438 4570 631 4627; x_wconf 88' lang='lat' dir='ltr'><strong>doceat</strong></span> <span class='ocrx_word' id='word_1_671' title='bbox 658 4591 717 4631; x_wconf 87' lang='lat' dir='ltr'>se</span> <span class='ocrx_word' id='word_1_672' title='bbox 749 4578 832 4631; x_wconf 74' lang='lat' dir='ltr'>vel</span> <span class='ocrx_word' id='word_1_673' title='bbox 880 4597 1068 4637; x_wconf 86' lang='lat' dir='ltr'><strong>eorum</strong></span> <span class='ocrx_word' id='word_1_674' title='bbox 1125 4597 1246 4653; x_wconf 77' lang='lat' dir='ltr'><strong>qua:</strong></span> <span class='ocrx_word' id='word_1_675' title='bbox 1292 4595 1418 4637; x_wconf 78' lang='lat' dir='ltr'><strong>ante</strong></span> <span class='ocrx_word' id='word_1_676' title='bbox 1475 4581 1650 4635; x_wconf 85' lang='lat' dir='ltr'><strong>lucem</strong></span> <span class='ocrx_word' id='word_1_677' title='bbox 1697 4582 2026 4637; x_wconf 85' lang='lat' dir='ltr'><strong>exstiterant</strong></span> 
     </span>
    </p>
   </div>
   <div class='ocr_carea' id='block_1_84' title="bbox 438 4671 2024 4742">
    <p class='ocr_par' dir='ltr' id='par_1_84' title="bbox 438 4671 2024 4742">
     <span class='ocr_line' id='line_1_84' title="bbox 438 4671 2024 4742; baseline 0.009 -28"><span class='ocrx_word' id='word_1_678' title='bbox 438 4676 564 4717; x_wconf 87' lang='lat' dir='ltr'><strong>esse</strong></span> <span class='ocrx_word' id='word_1_679' title='bbox 625 4675 948 4735; x_wconf 86' lang='lat' dir='ltr'><strong>auctorem,</strong></span> <span class='ocrx_word' id='word_1_680' title='bbox 1007 4685 1171 4742; x_wconf 90' lang='lat' dir='ltr'><strong>atque</strong></span> <span class='ocrx_word' id='word_1_681' title='bbox 1214 4673 1396 4728; x_wconf 87' lang='lat' dir='ltr'><strong>omnia</strong></span> <span class='ocrx_word' id='word_1_682' title='bbox 1459 4671 1667 4741; x_wconf 87' lang='lat' dir='ltr'><strong>pariter</strong></span> <span class='ocrx_word' id='word_1_683' title='bbox 1724 4689 1789 4728; x_wconf 74' lang='lat' dir='ltr'><strong>ex</strong></span> <span class='ocrx_word' id='word_1_684' title='bbox 1851 4675 2024 4730; x_wconf 88' lang='lat' dir='ltr'><strong>nihilo</strong></span> 
     </span>
    </p>
   </div>
   <div class='ocr_carea' id='block_1_85' title="bbox 440 4759 2026 4830">
    <p class='ocr_par' dir='ltr' id='par_1_85' title="bbox 440 4759 2026 4830">
     <span class='ocr_line' id='line_1_85' title="bbox 440 4759 2026 4830; baseline 0.009 -23"><span class='ocrx_word' id='word_1_685' title='bbox 440 4768 679 4821; x_wconf 82' lang='lat' dir='ltr'><strong>creasse,</strong></span> <span class='ocrx_word' id='word_1_686' title='bbox 712 4759 777 4813; x_wconf 91' lang='lat' dir='ltr'>de</span> <span class='ocrx_word' id='word_1_687' title='bbox 803 4761 1179 4830; x_wconf 83' lang='lat' dir='ltr'><strong>spiritualibus</strong></span> <span class='ocrx_word' id='word_1_688' title='bbox 1212 4772 1374 4829; x_wconf 88' lang='lat' dir='ltr'><strong>tacet,</strong></span> <span class='ocrx_word' id='word_1_689' title='bbox 1402 4764 1576 4819; x_wconf 88' lang='lat' dir='ltr'><strong>donec</strong></span> <span class='ocrx_word' id='word_1_690' title='bbox 1626 4765 1860 4823; x_wconf 90' lang='lat' dir='ltr'><strong>hominis</strong></span> <span class='ocrx_word' id='word_1_691' title='bbox 1901 4783 2026 4822; x_wconf 91' lang='lat' dir='ltr'><strong>nar-</strong></span> 
     </span>
    </p>
   </div>
   <div class='ocr_carea' id='block_1_86' title="bbox 445 4848 2027 4920">
    <p class='ocr_par' dir='ltr' id='par_1_86' title="bbox 445 4848 2027 4920">
     <span class='ocr_line' id='line_1_86' title="bbox 445 4848 2027 4920; baseline 0.011 -24"><span class='ocrx_word' id='word_1_692' title='bbox 445 4856 591 4901; x_wconf 90' lang='lat' dir='ltr'><strong>raret</strong></span> <span class='ocrx_word' id='word_1_693' title='bbox 631 4848 1079 4920; x_wconf 82' lang='lat' dir='ltr'><strong>fabricationem;</strong></span> <span class='ocrx_word' id='word_1_694' title='bbox 1110 4865 1237 4908; x_wconf 91' lang='lat' dir='ltr'><strong>tunc</strong></span> <span class='ocrx_word' id='word_1_695' title='bbox 1281 4867 1460 4911; x_wconf 85' lang='lat' dir='ltr'><strong>autem</strong></span> <span class='ocrx_word' id='word_1_696' title='bbox 1492 4857 1727 4912; x_wconf 87' lang='lat' dir='ltr'><strong>animam</strong></span> <span class='ocrx_word' id='word_1_697' title='bbox 1757 4876 1821 4913; x_wconf 82' lang='lat' dir='ltr'><strong>ex</strong></span> <span class='ocrx_word' id='word_1_698' title='bbox 1858 4860 2027 4914; x_wconf 86' lang='lat' dir='ltr'><strong>nihilo</strong></span> 
     </span>
    </p>
   </div>
   <div class='ocr_carea' id='block_1_87' title="bbox 443 4940 2026 5022">
    <p class='ocr_par' dir='ltr' id='par_1_87' title="bbox 443 4940 2026 5022">
     <span class='ocr_line' id='line_1_87' title="bbox 443 4940 2026 5022; baseline 0.009 -33"><span class='ocrx_word' id='word_1_699' title='bbox 443 4940 669 5004; x_wconf 84' lang='lat' dir='ltr'><strong>protulit</strong></span> <span class='ocrx_word' id='word_1_700' title='bbox 725 4951 916 4997; x_wconf 87' lang='lat' dir='ltr'><strong>natura</strong></span> <span class='ocrx_word' id='word_1_701' title='bbox 973 4945 1348 5014; x_wconf 85' lang='lat' dir='ltr'><strong>spiritualibus</strong></span> <span class='ocrx_word' id='word_1_702' title='bbox 1399 4949 1540 5003; x_wconf 87' lang='lat' dir='ltr'><strong>haud</strong></span> <span class='ocrx_word' id='word_1_703' title='bbox 1603 4954 1886 5022; x_wconf 77' lang='lat' dir='ltr'><strong>imparem.</strong></span> <span class='ocrx_word' id='word_1_704' title='bbox 1948 4951 2026 5005; x_wconf 79' lang='lat' dir='ltr'>Ex</span> 
     </span>
    </p>
   </div>
   <div class='ocr_carea' id='block_1_88' title="bbox 445 5034 2024 5112">
    <p class='ocr_par' dir='ltr' id='par_1_88' title="bbox 445 5034 2024 5112">
     <span class='ocr_line' id='line_1_88' title="bbox 445 5034 2024 5112; baseline 0.009 -33"><span class='ocrx_word' id='word_1_705' title='bbox 445 5034 950 5095; x_wconf 73' lang='lat' dir='ltr'><strong>przeexsistentihns</strong></span> <span class='ocrx_word' id='word_1_706' title='bbox 976 5049 1120 5089; x_wconf 93' lang='lat' dir='ltr'><strong>nunc</strong></span> <span class='ocrx_word' id='word_1_707' title='bbox 1173 5036 1326 5106; x_wconf 86' lang='lat' dir='ltr'><strong>aquis</strong></span> <span class='ocrx_word' id='word_1_708' title='bbox 1360 5038 1763 5096; x_wconf 78' lang='lat' dir='ltr'><strong>ﬁrmamentum</strong></span> <span class='ocrx_word' id='word_1_709' title='bbox 1804 5041 2024 5112; x_wconf 87' lang='lat' dir='ltr'><strong>prodire</strong></span> 
     </span>
    </p>
   </div>
   <div class='ocr_carea' id='block_1_89' title="bbox 436 5120 2026 5198">
    <p class='ocr_par' dir='ltr' id='par_1_89' title="bbox 436 5120 2026 5198">
     <span class='ocr_line' id='line_1_89' title="bbox 436 5120 2026 5198; baseline 0.009 -25"><span class='ocrx_word' id='word_1_710' title='bbox 436 5120 627 5188; x_wconf 82' lang='lat' dir='ltr'><strong>jubet,</strong></span> <span class='ocrx_word' id='word_1_711' title='bbox 663 5124 829 5194; x_wconf 91' lang='lat' dir='ltr'><strong>priori</strong></span> <span class='ocrx_word' id='word_1_712' title='bbox 861 5126 1002 5181; x_wconf 77' lang='lat' dir='ltr'><strong>cmlo</strong></span> <span class='ocrx_word' id='word_1_713' title='bbox 1038 5127 1245 5184; x_wconf 86' lang='lat' dir='ltr'><strong>&#39;simile.</strong></span> <span class='ocrx_word' id='word_1_714' title='bbox 1291 5129 1405 5198; x_wconf 88' lang='lat' dir='ltr'><strong>Qua</strong></span> <span class='ocrx_word' id='word_1_715' title='bbox 1443 5135 1652 5189; x_wconf 89' lang='lat' dir='ltr'><strong>ratione</strong></span> <span class='ocrx_word' id='word_1_716' title='bbox 1700 5135 1858 5190; x_wconf 82' lang='lat' dir='ltr'><strong>docct</strong></span> <span class='ocrx_word' id='word_1_717' title='bbox 1906 5148 2026 5198; x_wconf 89' lang='lat' dir='ltr'><strong>nos,</strong></span> 
     </span>
    </p>
   </div>
   <div class='ocr_carea' id='block_1_90' title="bbox 442 5213 2028 5296">
    <p class='ocr_par' dir='ltr' id='par_1_90' title="bbox 442 5213 2028 5296">
     <span class='ocr_line' id='line_1_90' title="bbox 442 5213 2028 5296; baseline 0.008 -31"><span class='ocrx_word' id='word_1_718' title='bbox 442 5213 586 5280; x_wconf 87' lang='lat' dir='ltr'><strong>quod</strong></span> <span class='ocrx_word' id='word_1_719' title='bbox 616 5215 731 5284; x_wconf 87' lang='lat' dir='ltr'><strong>ipse</strong></span> <span class='ocrx_word' id='word_1_720' title='bbox 762 5215 886 5268; x_wconf 83' lang='lat' dir='ltr'><strong>coeli</strong></span> <span class='ocrx_word' id='word_1_721' title='bbox 920 5228 975 5272; x_wconf 88' lang='lat' dir='ltr'>et</span> <span class='ocrx_word' id='word_1_722' title='bbox 1008 5234 1271 5289; x_wconf 88' lang='lat' dir='ltr'><strong>aquarmn</strong></span> <span class='ocrx_word' id='word_1_723' title='bbox 1311 5226 1599 5281; x_wconf 88' lang='lat' dir='ltr'><strong>conditor:</strong></span> <span class='ocrx_word' id='word_1_724' title='bbox 1627 5228 1753 5281; x_wconf 72' lang='lat' dir='ltr'><strong>cmli</strong></span> <span class='ocrx_word' id='word_1_725' title='bbox 1783 5227 2028 5296; x_wconf 89' lang='lat' dir='ltr'><strong>quidem,</strong></span> 
     </span>
    </p>
   </div>
   <div class='ocr_carea' id='block_1_91' title="bbox 443 5303 2027 5386">
    <p class='ocr_par' dir='ltr' id='par_1_91' title="bbox 443 5303 2027 5386">
     <span class='ocr_line' id='line_1_91' title="bbox 443 5303 2027 5386; baseline 0.01 -31"><span class='ocrx_word' id='word_1_726' title='bbox 443 5303 572 5357; x_wconf 87' lang='lat' dir='ltr'>dum</span> <span class='ocrx_word' id='word_1_727' title='bbox 599 5306 729 5359; x_wconf 85' lang='lat' dir='ltr'><strong>illud</strong></span> <span class='ocrx_word' id='word_1_728' title='bbox 768 5320 906 5362; x_wconf 83' lang='lat' dir='ltr'><strong>nova</strong></span> <span class='ocrx_word' id='word_1_729' title='bbox 935 5308 1107 5366; x_wconf 89' lang='lat' dir='ltr'><strong>forma</strong></span> <span class='ocrx_word' id='word_1_730' title='bbox 1131 5314 1349 5369; x_wconf 89' lang='lat' dir='ltr'><strong>instruit</strong></span> <span class='ocrx_word' id='word_1_731' title='bbox 1375 5333 1389 5382; x_wconf 91' lang='lat'><strong>;</strong></span> <span class='ocrx_word' id='word_1_732' title='bbox 1418 5333 1683 5386; x_wconf 87' lang='lat' dir='ltr'><strong>aquarum</strong></span> <span class='ocrx_word' id='word_1_733' title='bbox 1718 5334 1869 5385; x_wconf 80' lang='lat' dir='ltr'><strong>vero,</strong></span> <span class='ocrx_word' id='word_1_734' title='bbox 1902 5320 2027 5372; x_wconf 86' lang='lat' dir='ltr'>dum</span> 
     </span>
    </p>
   </div>
   <div class='ocr_carea' id='block_1_92' title="bbox 445 5398 2029 5474">
    <p class='ocr_par' dir='ltr' id='par_1_92' title="bbox 445 5398 2029 5474">
     <span class='ocr_line' id='line_1_92' title="bbox 445 5398 2029 5474; baseline 0.011 -25"><span class='ocrx_word' id='word_1_735' title='bbox 445 5411 510 5450; x_wconf 75' lang='lat' dir='ltr'>ex</span> <span class='ocrx_word' id='word_1_736' title='bbox 547 5398 652 5452; x_wconf 90' lang='lat' dir='ltr'><strong>illis</strong></span> <span class='ocrx_word' id='word_1_737' title='bbox 683 5398 1045 5474; x_wconf 83' lang='lat' dir='ltr'><strong>quodcunque</strong></span> <span class='ocrx_word' id='word_1_738' title='bbox 1086 5405 1342 5473; x_wconf 86' lang='lat' dir='ltr'><strong>libuerit,</strong></span> <span class='ocrx_word' id='word_1_739' title='bbox 1390 5411 1592 5465; x_wconf 87' lang='lat' dir='ltr'><strong>educit.</strong></span> <span class='ocrx_word' id='word_1_740' title='bbox 1651 5409 1810 5465; x_wconf 81' lang='lat' dir='ltr'><strong>Juxta</strong></span> <span class='ocrx_word' id='word_1_741' title='bbox 1865 5425 2029 5466; x_wconf 88' lang='lat' dir='ltr'><strong>unam</strong></span> 
     </span>
    </p>
   </div>
   <div class='ocr_carea' id='block_1_93' title="bbox 448 5490 2024 5571">
    <p class='ocr_par' dir='ltr' id='par_1_93' title="bbox 448 5490 2024 5571">
     <span class='ocr_line' id='line_1_93' title="bbox 448 5490 2024 5571; baseline 0.007 -33"><span class='ocrx_word' id='word_1_742' title='bbox 448 5495 629 5542; x_wconf 79' lang='lat' dir='ltr'><strong>tamen</strong></span> <span class='ocrx_word' id='word_1_743' title='bbox 655 5490 919 5546; x_wconf 88' lang='lat' dir='ltr'><strong>rationem</strong></span> <span class='ocrx_word' id='word_1_744' title='bbox 941 5495 1345 5553; x_wconf 84' lang='lat' dir='ltr'><strong>informandum</strong></span> <span class='ocrx_word' id='word_1_745' title='bbox 1376 5510 1495 5556; x_wconf 87' lang='lat' dir='ltr'><strong>erat</strong></span> <span class='ocrx_word' id='word_1_746' title='bbox 1519 5501 1693 5571; x_wconf 90' lang='lat' dir='ltr'><strong>primo</strong></span> <span class='ocrx_word' id='word_1_747' title='bbox 1712 5500 1785 5553; x_wconf 90' lang='lat' dir='ltr'>ita</span> <span class='ocrx_word' id='word_1_748' title='bbox 1802 5500 2024 5566; x_wconf 71' lang='lat' dir='ltr'><strong>omium,</strong></span> 
     </span>
    </p>
   </div>
   <div class='ocr_carea' id='block_1_94' title="bbox 444 5581 2025 5648">
    <p class='ocr_par' dir='ltr' id='par_1_94' title="bbox 444 5581 2025 5648">
     <span class='ocr_line' id='line_1_94' title="bbox 444 5581 2025 5648; baseline 0.008 -16"><span class='ocrx_word' id='word_1_749' title='bbox 444 5587 505 5631; x_wconf 83' lang='lat' dir='ltr'>et</span> <span class='ocrx_word' id='word_1_750' title='bbox 555 5590 743 5648; x_wconf 83' lang='lat' dir='ltr'><strong>postea</strong></span> <span class='ocrx_word' id='word_1_751' title='bbox 784 5581 836 5636; x_wconf 91' lang='lat' dir='ltr'>in</span> <span class='ocrx_word' id='word_1_752' title='bbox 882 5587 1043 5642; x_wconf 85' lang='lat' dir='ltr'><strong>aliam</strong></span> <span class='ocrx_word' id='word_1_753' title='bbox 1080 5587 1313 5646; x_wconf 87' lang='lat' dir='ltr'><strong>formam</strong></span> <span class='ocrx_word' id='word_1_754' title='bbox 1370 5591 1835 5648; x_wconf 87' lang='lat' dir='ltr'><strong>constituendum.</strong></span> <span class='ocrx_word' id='word_1_755' title='bbox 1893 5590 2025 5645; x_wconf 84' lang='lat' dir='ltr'>Nam</span> 
     </span>
    </p>
   </div>
   <div class='ocr_carea' id='block_1_95' title="bbox 521 5736 1066 5811">
    <p class='ocr_par' dir='ltr' id='par_1_95' title="bbox 521 5736 1066 5811">
     <span class='ocr_line' id='line_1_95' title="bbox 521 5736 1066 5811; baseline 0.011 -17"><span class='ocrx_word' id='word_1_756' title='bbox 521 5739 540 5769; x_wconf 84' lang='lat'>&#39;</span> <span class='ocrx_word' id='word_1_757' title='bbox 573 5736 717 5794; x_wconf 84' lang='lat' dir='ltr'><strong>Psal.</strong></span> <span class='ocrx_word' id='word_1_758' title='bbox 747 5755 948 5811; x_wconf 72' lang='lat' dir='ltr'><strong>cum,</strong></span> <span class='ocrx_word' id='word_1_759' title='bbox 981 5744 1066 5801; x_wconf 86' lang='lat' dir='ltr'><strong>l8.</strong></span> 
     </span>
    </p>
   </div>
   <div class='ocr_carea' id='block_1_96' title="bbox 2130 4569 3732 4648">
    <p class='ocr_par' dir='ltr' id='par_1_96' title="bbox 2130 4569 3732 4648">
     <span class='ocr_line' id='line_1_96' title="bbox 2130 4569 3732 4648; baseline -0.009 -12"><span class='ocrx_word' id='word_1_760' title='bbox 2130 4583 2351 4648; x_wconf 74' lang='grc' dir='ltr'>αὐτοὺς,</span> <span class='ocrx_word' id='word_1_761' title='bbox 2389 4582 2471 4634; x_wconf 83' lang='grc' dir='ltr'>ὅτι</span> <span class='ocrx_word' id='word_1_762' title='bbox 2503 4578 2738 4633; x_wconf 75' lang='grc' dir='ltr'>καὶτῶν</span> <span class='ocrx_word' id='word_1_763' title='bbox 2773 4577 2867 4632; x_wconf 90' lang='grc' dir='ltr'>τοῦ</span> <span class='ocrx_word' id='word_1_764' title='bbox 2902 4576 3080 4646; x_wconf 73' lang='grc' dir='ltr'>φωτὸς</span> <span class='ocrx_word' id='word_1_765' title='bbox 3125 4571 3599 4644; x_wconf 75' lang='grc' dir='ltr'>προϋπαρχόντων</span> <span class='ocrx_word' id='word_1_766' title='bbox 3631 4569 3732 4623; x_wconf 82' lang='grc' dir='ltr'>αὐ-</span> 
     </span>
    </p>
   </div>
   <div class='ocr_carea' id='block_1_97' title="bbox 2128 4662 3733 4743">
    <p class='ocr_par' dir='ltr' id='par_1_97' title="bbox 2128 4662 3733 4743">
     <span class='ocr_line' id='line_1_97' title="bbox 2128 4662 3733 4743; baseline -0.009 -14"><span class='ocrx_word' id='word_1_767' title='bbox 2128 4675 2221 4738; x_wconf 82' lang='grc' dir='ltr'>τός</span> <span class='ocrx_word' id='word_1_768' title='bbox 2269 4675 2419 4726; x_wconf 89' lang='grc' dir='ltr'>ἐστιν</span> <span class='ocrx_word' id='word_1_769' title='bbox 2454 4673 2483 4725; x_wconf 91' lang='lat'>6</span> <span class='ocrx_word' id='word_1_770' title='bbox 2516 4672 2773 4743; x_wconf 71' lang='grc' dir='ltr'>ποιητὴς,</span> <span class='ocrx_word' id='word_1_771' title='bbox 2815 4669 2909 4723; x_wconf 70' lang='grc' dir='ltr'>καὶ</span> <span class='ocrx_word' id='word_1_772' title='bbox 2961 4668 3060 4722; x_wconf 81' lang='grc' dir='ltr'>σὺν</span> <span class='ocrx_word' id='word_1_773' title='bbox 3092 4667 3279 4731; x_wconf 87' lang='grc' dir='ltr'>αὐτοῖς</span> <span class='ocrx_word' id='word_1_774' title='bbox 3318 4663 3377 4729; x_wconf 76' lang='grc' dir='ltr'><strong>ἐξ</strong></span> <span class='ocrx_word' id='word_1_775' title='bbox 3418 4664 3519 4719; x_wconf 81' lang='grc' dir='ltr'>οὐκ</span> <span class='ocrx_word' id='word_1_776' title='bbox 3555 4662 3733 4716; x_wconf 81' lang='grc' dir='ltr'>ὅντων</span> 
     </span>
    </p>
   </div>
   <div class='ocr_carea' id='block_1_98' title="bbox 2130 4754 3731 4832">
    <p class='ocr_par' dir='ltr' id='par_1_98' title="bbox 2130 4754 3731 4832">
     <span class='ocr_line' id='line_1_98' title="bbox 2130 4754 3731 4832; baseline -0.009 -12"><span class='ocrx_word' id='word_1_777' title='bbox 2130 4767 2362 4820; x_wconf 74' lang='grc' dir='ltr'>κάκεῖνα</span> <span class='ocrx_word' id='word_1_778' title='bbox 2400 4762 2658 4832; x_wconf 82' lang='grc' dir='ltr'>ἐποίησε,</span> <span class='ocrx_word' id='word_1_779' title='bbox 2695 4762 2757 4815; x_wconf 69' lang='grc' dir='ltr'>τὸ</span> <span class='ocrx_word' id='word_1_780' title='bbox 2799 4760 2900 4832; x_wconf 79' lang='grc' dir='ltr'>μὲν</span> <span class='ocrx_word' id='word_1_781' title='bbox 2935 4762 3060 4813; x_wconf 81' lang='grc' dir='ltr'>κατ’</span> <span class='ocrx_word' id='word_1_782' title='bbox 3092 4759 3323 4823; x_wconf 76' lang='grc' dir='ltr'>αὐτοὺς,</span> <span class='ocrx_word' id='word_1_783' title='bbox 3370 4754 3731 4827; x_wconf 80' lang='grc' dir='ltr'>ὑπερτίθεται</span> 
     </span>
    </p>
   </div>
   <div class='ocr_carea' id='block_1_99' title="bbox 2130 4848 3727 4931">
    <p class='ocr_par' dir='ltr' id='par_1_99' title="bbox 2130 4848 3727 4931">
     <span class='ocr_line' id='line_1_99' title="bbox 2130 4848 3727 4931; baseline -0.007 -21"><span class='ocrx_word' id='word_1_784' title='bbox 2130 4857 2270 4920; x_wconf 86' lang='grc' dir='ltr'>τέως</span> <span class='ocrx_word' id='word_1_785' title='bbox 2318 4855 2411 4908; x_wconf 73' lang='grc' dir='ltr'>ἐπὶ</span> <span class='ocrx_word' id='word_1_786' title='bbox 2462 4856 2564 4931; x_wconf 68' lang='grc' dir='ltr'>τῆς</span> <span class='ocrx_word' id='word_1_787' title='bbox 2613 4854 2708 4908; x_wconf 85' lang='grc' dir='ltr'>τοῦ</span> <span class='ocrx_word' id='word_1_788' title='bbox 2769 4853 3062 4923; x_wconf 82' lang='grc' dir='ltr'>ἀνθρώπου</span> <span class='ocrx_word' id='word_1_789' title='bbox 3114 4851 3306 4922; x_wconf 83' lang='grc' dir='ltr'>τηρῶν</span> <span class='ocrx_word' id='word_1_790' title='bbox 3354 4848 3727 4911; x_wconf 82' lang='grc' dir='ltr'>διαπλάσεως,</span> 
     </span>
    </p>
   </div>
   <div class='ocr_carea' id='block_1_100' title="bbox 2136 4942 3731 5020">
    <p class='ocr_par' dir='ltr' id='par_1_100' title="bbox 2136 4942 3731 5020">
     <span class='ocr_line' id='line_1_100' title="bbox 2136 4942 3731 5020; baseline -0.006 -19"><span class='ocrx_word' id='word_1_791' title='bbox 2136 4949 2299 5020; x_wconf 84' lang='grc' dir='ltr'>(τότε</span> <span class='ocrx_word' id='word_1_792' title='bbox 2334 4947 2444 5020; x_wconf 79' lang='grc' dir='ltr'>γὰρ</span> <span class='ocrx_word' id='word_1_793' title='bbox 2475 4947 2655 5017; x_wconf 78' lang='grc' dir='ltr'>ψυχὴν</span> <span class='ocrx_word' id='word_1_794' title='bbox 2692 4949 2757 5012; x_wconf 75' lang='grc' dir='ltr'>ἐξ</span> <span class='ocrx_word' id='word_1_795' title='bbox 2781 4945 2881 4999; x_wconf 88' lang='grc' dir='ltr'>οὐκ</span> <span class='ocrx_word' id='word_1_796' title='bbox 2915 4945 3087 4999; x_wconf 79' lang='grc' dir='ltr'>ὄντων</span> <span class='ocrx_word' id='word_1_797' title='bbox 3119 4942 3552 5014; x_wconf 75' lang='grc' dir='ltr'>ἐδημιούργησε,</span> <span class='ocrx_word' id='word_1_798' title='bbox 3591 4956 3731 5006; x_wconf 90' lang='grc' dir='ltr'>συγ-</span> 
     </span>
    </p>
   </div>
   <div class='ocr_carea' id='block_1_101' title="bbox 2133 5030 3733 5109">
    <p class='ocr_par' dir='ltr' id='par_1_101' title="bbox 2133 5030 3733 5109">
     <span class='ocr_line' id='line_1_101' title="bbox 2133 5030 3733 5109; baseline -0.005 -17"><span class='ocrx_word' id='word_1_799' title='bbox 2133 5039 2270 5109; x_wconf 87' lang='grc' dir='ltr'>γενῆ</span> <span class='ocrx_word' id='word_1_800' title='bbox 2309 5042 2422 5103; x_wconf 86' lang='grc' dir='ltr'>τοῖς</span> <span class='ocrx_word' id='word_1_801' title='bbox 2457 5039 2669 5107; x_wconf 82' lang='grc' dir='ltr'>νοητοῖς</span> <span class='ocrx_word' id='word_1_802' title='bbox 2697 5035 2817 5091; x_wconf 87' lang='grc' dir='ltr'>κατ’</span> <span class='ocrx_word' id='word_1_803' title='bbox 2856 5034 3107 5105; x_wconf 85' lang='grc' dir='ltr'>οὐσίαν.)</span> <span class='ocrx_word' id='word_1_804' title='bbox 3163 5036 3261 5088; x_wconf 86' lang='grc' dir='ltr'>Ἐκ</span> <span class='ocrx_word' id='word_1_805' title='bbox 3299 5034 3410 5088; x_wconf 85' lang='grc' dir='ltr'>τῶν</span> <span class='ocrx_word' id='word_1_806' title='bbox 3457 5030 3632 5085; x_wconf 72' lang='grc' dir='ltr'>ὅντων</span> <span class='ocrx_word' id='word_1_807' title='bbox 3671 5031 3733 5084; x_wconf 76' lang='grc' dir='ltr'>δὲ</span> 
     </span>
    </p>
   </div>
   <div class='ocr_carea' id='block_1_102' title="bbox 2138 5122 3737 5198">
    <p class='ocr_par' dir='ltr' id='par_1_102' title="bbox 2138 5122 3737 5198">
     <span class='ocr_line' id='line_1_102' title="bbox 2138 5122 3737 5198; baseline -0.006 -15"><span class='ocrx_word' id='word_1_808' title='bbox 2138 5129 2235 5183; x_wconf 91' lang='grc' dir='ltr'>νῦν</span> <span class='ocrx_word' id='word_1_809' title='bbox 2266 5129 2483 5182; x_wconf 68' lang='grc' dir='ltr'>ὑδάτων</span> <span class='ocrx_word' id='word_1_810' title='bbox 2507 5127 2610 5198; x_wconf 79' lang='grc' dir='ltr'>ἤδη</span> <span class='ocrx_word' id='word_1_811' title='bbox 2655 5126 2913 5195; x_wconf 84' lang='grc' dir='ltr'>γενέσθαι</span> <span class='ocrx_word' id='word_1_812' title='bbox 2951 5127 3285 5197; x_wconf 85' lang='grc' dir='ltr'>προστάττει</span> <span class='ocrx_word' id='word_1_813' title='bbox 3325 5122 3615 5192; x_wconf 85' lang='grc' dir='ltr'>στερέωμα</span> <span class='ocrx_word' id='word_1_814' title='bbox 3654 5122 3737 5192; x_wconf 80' lang='grc' dir='ltr'>τῷ</span> 
     </span>
    </p>
   </div>
   <div class='ocr_carea' id='block_1_103' title="bbox 2141 5214 3738 5293">
    <p class='ocr_par' dir='ltr' id='par_1_103' title="bbox 2141 5214 3738 5293">
     <span class='ocr_line' id='line_1_103' title="bbox 2141 5214 3738 5293; baseline -0.005 -19"><span class='ocrx_word' id='word_1_815' title='bbox 2141 5221 2499 5293; x_wconf 80' lang='grc' dir='ltr'>προγεγονότι</span> <span class='ocrx_word' id='word_1_816' title='bbox 2539 5218 2926 5290; x_wconf 77' lang='grc' dir='ltr'>παραπλήσιον</span> <span class='ocrx_word' id='word_1_817' title='bbox 2957 5216 3201 5287; x_wconf 68' lang='grc' dir='ltr'>οὐρανᾷν</span> <span class='ocrx_word' id='word_1_818' title='bbox 3242 5215 3331 5269; x_wconf 83' lang='grc' dir='ltr'>διὰ</span> <span class='ocrx_word' id='word_1_819' title='bbox 3370 5214 3565 5268; x_wconf 86' lang='grc' dir='ltr'>τούτου</span> <span class='ocrx_word' id='word_1_820' title='bbox 3599 5229 3738 5266; x_wconf 82' lang='grc' dir='ltr'>παι-</span> 
     </span>
    </p>
   </div>
   <div class='ocr_carea' id='block_1_104' title="bbox 2137 5302 3739 5375">
    <p class='ocr_par' dir='ltr' id='par_1_104' title="bbox 2137 5302 3739 5375">
     <span class='ocr_line' id='line_1_104' title="bbox 2137 5302 3739 5375; baseline -0.007 -10"><span class='ocrx_word' id='word_1_821' title='bbox 2137 5312 2308 5365; x_wconf 84' lang='grc' dir='ltr'>δεύων</span> <span class='ocrx_word' id='word_1_822' title='bbox 2335 5309 2564 5373; x_wconf 77' lang='grc' dir='ltr'>αὐτοὺς,</span> <span class='ocrx_word' id='word_1_823' title='bbox 2601 5310 2683 5363; x_wconf 77' lang='grc' dir='ltr'>ὅτι</span> <span class='ocrx_word' id='word_1_824' title='bbox 2716 5306 2813 5362; x_wconf 88' lang='grc' dir='ltr'>τοῦ</span> <span class='ocrx_word' id='word_1_825' title='bbox 2841 5306 3102 5375; x_wconf 84' lang='grc' dir='ltr'>οὐρανοῦ,</span> <span class='ocrx_word' id='word_1_826' title='bbox 3134 5307 3229 5360; x_wconf 72' lang='grc' dir='ltr'>καὶ</span> <span class='ocrx_word' id='word_1_827' title='bbox 3259 5305 3368 5358; x_wconf 87' lang='grc' dir='ltr'>τῶν</span> <span class='ocrx_word' id='word_1_828' title='bbox 3395 5304 3605 5357; x_wconf 84' lang='grc' dir='ltr'>ὐδὰτων</span> <span class='ocrx_word' id='word_1_829' title='bbox 3634 5302 3739 5356; x_wconf 85' lang='grc' dir='ltr'>αὐ-</span> 
     </span>
    </p>
   </div>
   <div class='ocr_carea' id='block_1_105' title="bbox 2138 5399 3736 5481">
    <p class='ocr_par' dir='ltr' id='par_1_105' title="bbox 2138 5399 3736 5481">
     <span class='ocr_line' id='line_1_105' title="bbox 2138 5399 3736 5481; baseline -0.006 -22"><span class='ocrx_word' id='word_1_830' title='bbox 2138 5408 2228 5470; x_wconf 77' lang='grc' dir='ltr'>τός</span> <span class='ocrx_word' id='word_1_831' title='bbox 2266 5407 2386 5481; x_wconf 72' lang='grc' dir='ltr'>ἐστι</span> <span class='ocrx_word' id='word_1_832' title='bbox 2421 5405 2674 5477; x_wconf 85' lang='grc' dir='ltr'>ποιητής·</span> <span class='ocrx_word' id='word_1_833' title='bbox 2710 5402 2803 5457; x_wconf 89' lang='grc' dir='ltr'>τοῦ</span> <span class='ocrx_word' id='word_1_834' title='bbox 2849 5402 2971 5473; x_wconf 87' lang='grc' dir='ltr'>μὲν,</span> <span class='ocrx_word' id='word_1_835' title='bbox 3017 5402 3095 5466; x_wconf 82' lang='grc' dir='ltr'>ὡς</span> <span class='ocrx_word' id='word_1_836' title='bbox 3125 5403 3359 5473; x_wconf 76' lang='grc' dir='ltr'>ποιήσας</span> <span class='ocrx_word' id='word_1_837' title='bbox 3387 5400 3578 5472; x_wconf 70' lang='grc' dir='ltr'>ἕτερον</span> <span class='ocrx_word' id='word_1_838' title='bbox 3608 5399 3736 5451; x_wconf 83' lang='grc' dir='ltr'>κατ’</span> 
     </span>
    </p>
   </div>
   <div class='ocr_carea' id='block_1_106' title="bbox 2137 5489 3737 5565">
    <p class='ocr_par' dir='ltr' id='par_1_106' title="bbox 2137 5489 3737 5565">
     <span class='ocr_line' id='line_1_106' title="bbox 2137 5489 3737 5565; baseline -0.006 -14"><span class='ocrx_word' id='word_1_839' title='bbox 2137 5499 2322 5551; x_wconf 83' lang='grc' dir='ltr'>αὐτόν·</span> <span class='ocrx_word' id='word_1_840' title='bbox 2346 5496 2456 5550; x_wconf 84' lang='grc' dir='ltr'>τῶν</span> <span class='ocrx_word' id='word_1_841' title='bbox 2485 5496 2562 5559; x_wconf 82' lang='grc' dir='ltr'>δὲ,</span> <span class='ocrx_word' id='word_1_842' title='bbox 2585 5496 2662 5559; x_wconf 85' lang='grc' dir='ltr'>ὡς</span> <span class='ocrx_word' id='word_1_843' title='bbox 2688 5495 2748 5561; x_wconf 80' lang='grc' dir='ltr'>ἐξ</span> <span class='ocrx_word' id='word_1_844' title='bbox 2767 5494 2949 5549; x_wconf 87' lang='grc' dir='ltr'>αὐτῶν</span> <span class='ocrx_word' id='word_1_845' title='bbox 2979 5494 3393 5565; x_wconf 83' lang='grc' dir='ltr'>δημιουργήσας</span> <span class='ocrx_word' id='word_1_846' title='bbox 3418 5492 3557 5563; x_wconf 74' lang='grc' dir='ltr'>πρὸς</span> <span class='ocrx_word' id='word_1_847' title='bbox 3579 5489 3737 5556; x_wconf 74' lang='grc' dir='ltr'>ἐξουο</span> 
     </span>
    </p>
   </div>
   <div class='ocr_carea' id='block_1_107' title="bbox 2140 5583 3736 5661">
    <p class='ocr_par' dir='ltr' id='par_1_107' title="bbox 2140 5583 3736 5661">
     <span class='ocr_line' id='line_1_107' title="bbox 2140 5583 3736 5661; baseline -0.006 -17"><span class='ocrx_word' id='word_1_848' title='bbox 2140 5591 2263 5645; x_wconf 81' lang='grc' dir='ltr'>σίαν</span> <span class='ocrx_word' id='word_1_849' title='bbox 2312 5584 2752 5661; x_wconf 72' lang='grc' dir='ltr'>ὅπερ’ἡθέλησε,</span> <span class='ocrx_word' id='word_1_850' title='bbox 2798 5587 2935 5641; x_wconf 81' lang='grc' dir='ltr'>Καθ’</span> <span class='ocrx_word' id='word_1_851' title='bbox 2976 5587 3076 5643; x_wconf 69' lang='grc' dir='ltr'>ἕνα</span> <span class='ocrx_word' id='word_1_852' title='bbox 3124 5588 3307 5658; x_wconf 83' lang='grc' dir='ltr'>μέντοι</span> <span class='ocrx_word' id='word_1_853' title='bbox 3353 5586 3541 5640; x_wconf 84' lang='grc' dir='ltr'>τοῦτον</span> <span class='ocrx_word' id='word_1_854' title='bbox 3574 5583 3736 5651; x_wconf 82' lang='grc' dir='ltr'>λόγον</span> 
     </span>
    </p>
   </div>
  </div>
