4064 6428
425 359 569 425 Ῑξᾷίευ

1565 352 1650 412 IN
1678 349 2011 412 GENESIN
2050 352 2533 412 FRAGMENTA.

3561 353 3703 418 1630

419 468 597 530 οὕτως
642 466 675 535 ἡ
727 463 821 516 τοῦ
877 463 1110 530 οὖρανοῦ
1172 464 1365 518 τούτου
1417 465 1640 535 ποίησις
1693 466 2011 534 ἀναγκαία,

2144 483 2320 522 crram
2349 482 2611 537 apparere
2643 467 2982 537 impossibile
3006 508 3020 532 ,
3063 470 3298 537 quaudin
3347 477 3491 524 tanta
3524 488 3694 539 aqua-

421 559 620 612 επειτα
654 556 747 611 καὶ
776 556 897 610 καθ’
928 555 1136 627 ἕτερον.
1178 557 1252 610 υὺ
1286 556 1396 628 γάρ
1421 552 1488 628 ἦν
1520 553 1631 611 οἷόν
1671 575 1730 610 τε
1778 558 2013 629 φανῆναι

345 639 352 644 ’
422 651 526 720 τὴν
551 649 656 720 γῆν
681 689 695 714 ,
744 647 958 701 ὑδάτων
1004 647 1440 719 ἐπικλυζομένην
1492 649 1687 719 πλήθει
1716 649 2012 705 τοσούτων.

421 738 544 792 Νῦν
573 738 629 790 δὲ
662 739 720 790 ὲν
750 739 934 796 αὐτοῖς
965 736 1155 804 μέσοις
1185 736 1454 803 παγέντος
1482 735 1576 787 τοῦ
1609 733 2015 806 στερεὼματος,

425 831 525 886 καὶ
558 828 1034 901 μιτεωρισθέντων
1071 828 1170 899 μὲν
1198 827 1308 881 τῶν
1349 826 1596 899 ἡμίσεων
1628 826 1769 897 ὑπὲρ
1800 826 2014 888 τούτου,

427 920 541 974 τῶν
580 918 639 973 δὲ
686 918 932 990 ἡμίσεων
979 918 1060 980 είς
1104 917 1205 982 τὰς
1239 916 1567 985 συναγωγὰς
1620 914 2016 984 συλλεγέντων,

426 1009 778 1083 ηὑτρεπίσθη
821 1010 961 1082 πρὸς
994 1008 1095 1080 τὴν
1134 1008 1488 1081 ἁρμόζουσαν
1533 1007 1728 1080 χρείαν
1771 1009 1886 1070 τοῖς
1929 1005 2019 1061 ἐπ’

430 1104 640 1174 αὐτῆς.
677 1102 775 1157 καὶ
815 1101 997 1157 πάντα
1044 1100 1137 1154 τὸν
1172 1099 1269 1154 νῦν
1302 1101 1441 1172 αὑτῇ
1478 1086 1775 1172 ’προσόντα
1813 1098 2022 1169 κόσμον

429 1193 709 1250 ἀπέλαϐεν
733 1210 749 1227 ο
797 1193 932 1247 ἀλλὰ
955 1193 1048 1246 καὶ
1080 1191 1225 1273 κατὰ
1254 1192 1415 1246 τοῦτο
1452 1192 1770 1259 ἀναγκαίως
1801 1191 1935 1245 αὑτό
1964 1206 2023 1243 τε

428 1288 499 1342 τό
527 1287 818 1359 στερέωμα
846 1287 1061 1356 γέγονε,
1093 1286 1188 1340 καὶ
1218 1286 1312 1338 ἐπὶ
1357 1284 1552 1338 τούτου
1597 1287 1630 1356 ἡ
1671 1284 1782 1337 τῶν
1815 1283 2024 1336 ὑδάτων

430 1375 753 1446 ἀφαίρεσις.
788 1374 863 1428 Τὸ
890 1373 1182 1445 στερέωμα
1210 1372 1330 1444 μὲν,
1365 1372 1456 1427 διὰ
1482 1372 1543 1425 τὸ
1569 1372 1787 1442 μέλλειν
1809 1371 1896 1425 ἐπ’
1925 1373 2027 1424 αὑ-

430 1467 531 1521 τοῦ
562 1468 655 1520 τὸν
683 1466 836 1536 ῆλιον
869 1465 965 1519 σὺν
995 1468 1107 1528 τοῖς
1136 1465 1360 1535 ἄστροις
1391 1465 1563 1519 ἅπασι
1598 1463 1865 1518 τίθεσθαι·
1903 1466 1936 1532 ἡ
1968 1462 2026 1516 δὲ

433 1560 534 1613 ἐπὶ
564 1558 659 1612 τοῦ
681 1557 1067 1629 στερεὼματος
1083 1557 1191 1610 τῶν
1216 1559 1423 1612 ὑδάτων
1442 1558 1734 1628 ἀφαίρεσις
1753 1557 2029 1625 ἀναγκαία

432 1652 653 1720 γέγονε.
692 1652 793 1705 Διά
823 1651 984 1705 τοῦτο
1007 1650 1066 1703 δὲ
1095 1652 1154 1704 ἐν
1183 1653 1293 1713 τοῖς
1325 1650 1483 1704 ὑδασι
1510 1651 1573 1704 τὸ
1611 1650 1902 1721 στερέωμα
1930 1649 2030 1721 τὴν

436 1743 705 1797 σύστασιν
730 1743 906 1813 ἔσχεν*
941 1742 1016 1805 ὡς
1044 1743 1154 1812 γὰρ
1192 1743 1257 1796 ἐκ
1289 1742 1496 1795 τούτων
1537 1743 1852 1813 γενόμενον,
1892 1759 2031 1814 κρυ-

436 1835 746 1899 σταλλῶδες
780 1834 1002 1896 εἰκότως
1039 1834 1178 1886 ἐστί’
1209 1834 1626 1905 «(emovemus-1;;
1657 1835 1713 1888 δὲ
1741 1832 1891 1905 αὑτῷ
1928 1833 2030 1903 τῆς
2065 1813 2102 1865 Β

436 1925 727 1997 πυρώδους
758 1925 968 1987 οὑσίας.
994 1924 1221 1996 ἔμελλεν
1245 1924 1471 1989 εἰκότως
1496 1927 1553 1991 ἐξ
1600 1926 1771 1995 αὐτῆς
1799 1924 2028 1995 θερμαί-

435 2018 785 2073 ιιεσοαι.“.1να
816 2014 909 2072 οὖν
938 2019 1012 2088 μὴ
1044 2017 1204 2071 τοῦτο
1250 2018 1478 2087 πάσχων
1505 2017 1716 2088 ἀπείπῃ
1761 2017 1897 2088 πρὸς
1934 2016 2031 2083 τὴν

438 2111 633 2165 στάσιν
660 2110 815 2174 ποτὲ,
848 2109 964 2164 ἀλλ’
998 2110 1284 2179 ἀκάματον
1310 2109 1512 2179 ὁμοίως
1545 2110 1637 2162 καὶ
1667 2109 1862 2178 ἀγήρω
1893 2107 2032 2160 πᾶν·

434 2220 563 2256 τοτε
585 2202 820 2273 διαμένῃ
846 2243 861 2264 ,
886 2201 1067 2268 σοφῶς
1096 2202 1122 2253 ό
1145 2200 1537 2272 ἁριστοτέχνης
1564 2199 1697 2263 Θεὸς
1737 2201 1836 2267 τὴν
1864 2197 2033 2265 ἀφαί-

443 2311 593 2364 ρεσιν
620 2293 707 2347 ἐπ’
742 2293 910 2346 αὑτοῦ
945 2293 1055 2346 τῶν
1111 2293 1323 2346 ὑδάτων
1369 2294 1779 2362 ἐμηχανήσατοο
1817 2290 1920 2361 τῆς
1969 2292 2035 2345 ὲκ

438 2387 653 2455 τούτων,
686 2386 1052 2456 ἐγγινομένης
1084 2384 1232 2455 αὑτῷ
1266 2384 1626 2454 καταψύξεως
1660 2382 1798 2455 πρὸς
1832 2382 1931 2454 τὴν
1970 2383 2035 2435 ὲκ

441 2479 548 2530 τῶν
583 2478 802 2549 ἄστρων
834 2478 1371 2548 ἀντικαθισταμένης
1405 2477 1720 2547 θερμότητα
1749 2518 1764 2540 ,
1816 2476 1910 2529 καὶ
1948 2475 2037 2528 διὰ

442 2571 543 2637 τῆς
588 2570 883 2640 ἰσορρόπου
929 2568 1136 2621 τούτων
1179 2568 1360 2636 μάχης
1396 2564 1811 2635 φυλαττομένης
1842 2563 2037 2635 ἐκείνῳ

444 2661 664 2730 βεϐαίου
704 2661 807 2728 τῆς
842 2660 1107 2720 στάσεως.
1146 2659 1267 2711 Ἔτι
1303 2658 1442 2726 πρὸς
1470 2656 1684 2718 τούτοις
1718 2656 1753 2725 ἠ
1797 2654 2039 2727 ἀκριϐὴς

444 2738 573 2822 περὶ
601 2751 823 2804 πάντων
854 2750 949 2802 τοῦ
979 2748 1115 2802 Θεοῦ
1142 2749 1462 2817 πρόγνωσις
1492 2744 1844 2798 ἐπεδείκνυτο
1872 2747 1945 2817 τῇ
1976 2763 2037 2799 τε

448 2841 644 2913 μετρίᾳ
672 2842 771 2910 τῆς
797 2839 905 2893 τῶν
936 2839 1147 2893 ὑδάτων
1182 2839 1400 2907 φύσεως
1424 2836 1713 2908 διαιρέσει,
1740 2836 1837 2889 καὶ
1865 2835 1943 2908 τῷ
1977 2836 2037 2905 ἐξ

444 2933 619 3002 ἀρχῆς
662 2931 762 3002 τὴν
795 2932 854 2984 ἐν
892 2930 1116 3003 Χριστῷ
1159 2929 1437 3000 σωτηρίαν
1477 2928 1637 2999 ἡμῶν
1672 2927 2035 2999 προωρίσθαι,

447 3023 653 3076 ἄνωθεν
694 3022 856 3086 εὐθὺς
887 3024 966 3084 εἰς
992 3021 1087 3075 δύο
1128 3020 1495 3082 καταστάσεις
1528 3020 1628 3090 τὴν
1664 3020 1843 3073 κτίσιν
1863 3019 2038 3095 ,διελο-

2121 574 2235 613 rmu
2264 559 2416 627 copia
2464 558 2792 628 operiretur.
2826 559 2977 612 Nunc.
3009 570 3190 612 autem
3228 562 3470 614 stabilito
3504 562 3553 614 in
3585 578 3699 615 me—

2119 649 2210 703 dio
2242 664 2502 720 aquarum
2541 650 2909 713 ﬁrmamento,
2937 662 2993 704 et
3023 651 3182 705 elatis
3209 653 3290 705 eis
3316 654 3510 718 partim
3537 667 3696 722 supra

2122 740 2270 803 illud,
2308 749 2362 792 et
2393 739 2589 807 partim
2645 740 2696 792 in
2749 740 3200 810 eougregationes
3246 755 3373 795 suas
3431 739 3702 805 collectis,

2117 830 2229 899 jam
2246 830 2493 885 idoneam
2513 844 2570 885 se
2594 831 2846 900 praestitit
2868 840 3010 885 terra
3031 830 3085 884 in
3112 831 3350 884 omnium
3378 847 3532 886 usum
3553 830 3704 887 ineo-

2125 921 2320 986 larum,
2339 932 2388 975 et
2415 921 2828 976 convenientem
2848 920 2947 975 sibi
2978 921 3238 975 mundum
3260 922 3517 990 suscepit.
3545 919 3707 988 Quod

2124 1020 2304 1066 autem
2335 1026 2442 1067 non
2475 1021 2688 1081 poterat
2729 1011 2847 1067 ﬁeri
2875 1050 2895 1077 ,
2945 1011 3054 1066 nisi
3102 1011 3252 1080 prius
3299 1012 3704 1067 ﬁrmamentum

2124 1105 2573 1165 constitueretur,
2604 1111 2661 1157 et
2691 1117 2847 1170 aqua:
2881 1116 3046 1170 supra
3087 1101 3217 1156 illud
3252 1102 3609 1157 tollerentur:
3644 1101 3710 1157 il-

2125 1196 2216 1250 lud
2248 1196 2487 1265 quidem,
2512 1204 2572 1249 ut
2602 1194 2682 1249 sol
2715 1201 2769 1249 et
2802 1203 2998 1249 caetera
3031 1203 3179 1248 astra
3223 1193 3565 1248 ﬁrmamento
3592 1193 3715 1248 alli-

2128 1297 2423 1357 gc-rentur;
2450 1288 2551 1343 hoc
2577 1295 2757 1342 autem
2791 1285 3001 1355 pariter
3032 1288 3432 1353 necessarium,
3466 1296 3519 1342 et
3550 1302 3613 1341 ea
3643 1288 3709 1343 de

2128 1394 2313 1439 causa
2356 1379 2409 1434 iu
2470 1378 2649 1434 medio
2703 1393 2860 1449 aquze
2912 1377 3113 1432 factum
3146 1388 3232 1433 est
3282 1378 3706 1435 ﬁrmamentum.

2129 1471 2283 1539 Quod
2310 1472 2476 1537 enim,
2500 1480 2686 1538 utpote
2716 1487 2778 1523 ex
2811 1468 2971 1537 aquis
2994 1478 3199 1533 ortum,
3236 1469 3293 1523 in
3326 1471 3709 1539 crystallorum

2130 1565 2366 1633 speciem
2411 1561 2615 1633 frigore
2645 1562 2934 1617 astrictum
2984 1560 3242 1628 videtur;
3286 1559 3501 1615 admota
3546 1560 3714 1629 igitur

2133 1658 2288 1724 ignea
2318 1655 2570 1719 materia,
2601 1655 2689 1709 illa
2726 1654 2972 1723 profecto
3004 1652 3429 1709 calefaciendum
3469 1663 3609 1707 erat.
3633 1649 3719 1706 Ne

2133 1758 2312 1802 autem
2341 1748 2417 1802 ita
2459 1748 2786 1803 calefactum
2823 1763 3062 1815 unquam
3117 1748 3416 1801 solveretur
3445 1782 3461 1807 ,
3514 1760 3580 1799 ne
3617 1762 3711 1796 un-

2133 1855 2295 1908 quam
2358 1846 2722 1894 veterasceret
2789 1847 2844 1892 et
2901 1838 3212 1900 fatisceret,
3279 1835 3721 1902 sapientissimus

2134 1945 2316 1983 rerum
2367 1928 2622 1984 conditor
2656 1928 2798 1982 Deus
2848 1942 3019 1996 aquas
3065 1940 3228 1994 supra
3259 1925 3386 1978 illud
3425 1926 3719 1990 prudenter

2134 2020 2503 2091 congregavit.
2555 2020 2839 2089 Aquarum
2889 2018 3054 2089 igitur
3101 2017 3271 2086 frigor
3298 2016 3583 2072 stellarum
3630 2030 3719 2068 ar-

2136 2116 2325 2168 dorem
2362 2120 2651 2182 temperat,
2689 2120 2746 2167 et
2791 2123 2850 2165 re
2900 2124 3008 2165 una
3056 2110 3137 2164 sic
3188 2123 3314 2162 cum
3360 2109 3530 2163 altera
3564 2121 3723 2177 mque

2135 2212 2481 2271 cmnpensata
2510 2240 2528 2268 ,
2564 2201 2922 2257 inconcussus
2950 2207 3201 2254 servatur
3233 2197 3560 2253 tlrmamenti
3602 2207 3720 2251 sta-

2139 2304 2250 2350 tus.
2278 2292 2556 2349 [indicatur
2584 2293 2809 2361 insuper
2832 2299 3086 2346 accurata
3120 2287 3215 2344 Dei
3251 2289 3318 2344 de
3352 2289 3513 2344 rebus
3543 2288 3721 2343 omni-

2141 2391 2240 2442 bus
2270 2386 2607 2456 providentia
2659 2384 2785 2437 dum
2824 2391 2970 2438 tanta
3005 2382 3289 2453 prudentia
3322 2396 3584 2451 aquarum
3620 2395 3722 2434 na-

2144 2486 2320 2531 turam
2350 2476 2655 2543 distinguit,
2683 2482 2738 2528 et
2765 2473 2875 2543 jam
2913 2474 2980 2529 ab
3022 2472 3176 2527 initio
3207 2473 3439 2525 futuram
3481 2471 3638 2526 nobis
3667 2471 3720 2524 in

2141 2567 2362 2623 Christo
2394 2568 2623 2623 salutem
2663 2567 2891 2632 deﬁnit;
2932 2581 3057 2619 nam
3092 2577 3218 2620 tunc
3246 2566 3492 2633 protinus
3539 2562 3725 2616 divisit

2142 2658 2285 2713 Deus
2325 2672 2539 2714 omnem
2570 2659 2903 2712 creationem
2947 2657 3001 2712 in
3037 2657 3172 2713 duos
3203 2655 3441 2717 ordines,
3501 2663 3554 2708 et
3597 2667 3728 2708 suas

2142 2748 2341 2818 cuique
2388 2757 2573 2818 partes
2633 2762 2900 2817 suumque
2963 2748 3139 2803 locum
3189 2743 3578 2801 convenienter
3631 2742 3730 2796 tri-

2142 2841 2281 2896 buit.
2318 2839 2642 2895 Hominibus
2670 2840 2814 2893 enim
2854 2837 3032 2893 adhuc
3074 2836 3361 2892 mutationi
3405 2843 3459 2889 et
3502 2845 3728 2905 peccato

2144 2932 2593 2996 inservientibus,
2622 2941 2787 3001 atque
2816 2932 2960 2986 banc
2989 2931 3058 2983 ob
3084 2943 3307 2984 causam
3333 2927 3433 2982 sub
3459 2926 3579 2993 lege
3598 2938 3731 2979 eon-

2144 3025 2370 3090 stitutis,
2396 3032 2714 3080 terrestrem
2748 3023 2906 3078 istam
2927 3020 3317 3077 habitationem
3344 3017 3600 3083 donavit;
3629 3016 3730 3070 iis-

452 3115 619 3185 μένου
656 3114 793 3169 Θεοῦ
812 3157 827 3180 ,
861 3115 957 3169 καὶ
986 3112 1325 3183 κατάλληλον
1382 3112 1774 3182 εὑτρεπικότος
1802 3111 2037 3185 ἑκάστῃ,

2143 3118 2445 3174 dem‘vero
2482 3115 2689 3172 Christi
2733 3115 2906 3187 gratia
2953 3114 3009 3170 in
3066 3120 3268 3167 statum
3317 3109 3617 3180 perfectum
3675 3117 3732 3162 et

448 3206 544 3258 καὶ
583 3204 890 3275 ἐπιτήδειον
934 3202 1035 3274 τὴν
1078 3202 1433 3274 καταγωγήν.
1466 3201 1735 3274 Τρεπτοῖς
1782 3203 1881 3272 μὲν
1926 3203 2036 3274 γὰρ

447 3294 600 3351 οὖσιν
632 3297 714 3350 ἔτι
747 3297 842 3349 καὶ
873 3295 1162 3368 παθητοῖς,
1196 3294 1288 3350 διὰ
1313 3294 1371 3348 δὲ
1406 3294 1563 3348 τοῦτο
1587 3295 1684 3348 καὶ
1714 3294 1818 3348 ὑπὸ
1853 3295 2039 3366 νόμον,

446 3389 545 3461 τὴν
587 3389 833 3457 ἐπίγειον
860 3387 1067 3458 ταύτην
1098 3386 1317 3456 οἴκησιν
1368 3384 1686 3457 ἐδωρήσατο
1710 3401 1725 3418 ·
1759 3384 2027 3456 μεθιστα-

453 3484 632 3554 μένοις
657 3481 716 3534 δὲ
738 3477 980 3551 Χριστοῦ
1010 3479 1193 3548 χάριτι
1221 3476 1360 3547 πρὸς
1385 3476 1598 3530 τελείαν
1633 3477 1729 3531 καὶ
1758 3477 2039 3542 παντελῶς

450 3575 863 3649 ἀναμάρτητον,
895 3570 1230 3626 ἀναπετάσει
1255 3569 1384 3631 τοὺς
1410 3569 1698 3639 οὐρανοὺς,
1733 3570 1868 3623 ὅπου
1902 3569 2038 3638 πρό-

444 3669 650 3739 δρομος
680 3665 823 3736 ὑπὲρ
865 3664 1024 3737 ἡμῶν
1064 3660 1317 3729 εἰσῆλθεν
1374 3660 1602 3731 Ἰησοῦς.
1650 3661 1948 3732 Στερέωμά
1976 3678 2040 3728 γε

454 3755 563 3827 μὴν
592 3755 667 3819 ὡς
703 3756 768 3808 ἐκ
794 3755 895 3826 τῆς
925 3752 1290 3824 δημιουργίας
1312 3753 1620 3825 ,προσεῖπεν
1651 3751 1836 3814 αὑτὸν,
1870 3751 1954 3804 ὅτι
1980 3750 2039 3816 ἐξ

447 3849 727 3917 διαλὺτου,
750 3849 985 3922 στερρὰν
1009 3848 1103 3903 καὶ
1127 3847 1468 3901 ἀδιάπτωτον
1487 3845 1584 3916 τὴν
1611 3843 1775 3915 πῆξιν
1797 3844 2034 3911 ἐδέξατο.

526 4004 546 4038 ι
602 3984 710 4038 Καὶ
752 3983 1052 4054 εὐλόγησεν
1095 3981 1237 4036 αὑτά
1284 3983 1313 4035 ό
1370 3979 1525 4046 Θεὸς,
1565 3978 1776 4049 λέγων·
1833 3979 2043 4045 Αὑξάν-

446 4076 597 4142 εσθε,
633 4076 729 4130 καὶ
764 4072 1127 4145 πληθύνεσθε,
1163 4073 1260 4125 καὶ
1291 4069 1621 4140 πληρώσατε
1657 4070 1726 4122 τὰ
1763 4066 1934 4122 ὕδατα
1971 4068 2040 4122 τὰ

448 4171 511 4221 ὲν
539 4169 660 4232 ταῖς
705 4165 1006 4228 θαλάσσαις
1030 4180 1044 4195 ·
1084 4165 1180 4218 καὶ
1204 4165 1272 4217 τὰ
1314 4161 1540 4216 πετεινὰ
1574 4160 2043 4233 πληθυνέσθωσαν

449 4261 546 4315 ἐπὶ
573 4259 679 4330 τῆς
712 4258 838 4329 γῆς.
879 4275 898 4309 ι

535 4392 658 4446 Ἐπὶ
683 4391 791 4445 τῶν
817 4391 1072 4461 δένδρων,
1110 4389 1205 4443 καὶ
1235 4388 1345 4441 τῶν
1377 4388 1706 4459 σπερμάτων
1739 4387 1838 4459 τὴν
1870 4388 2043 4459 αὐτὴν
2078 4387 2120 4442 D

449 4486 656 4557 ταύτην
685 4487 713 4538 ὁ
759 4484 892 4550 Θεὸς
941 4484 1122 4556 ῥητῶς
1151 4483 1401 4553 εὐλογίαν
1428 4482 1533 4535 οὑκ
1563 4483 1891 4554 ἐποιήσατοο
1925 4484 2048 4540 καί-

452 4597 537 4633 τοι
566 4576 839 4631 κάκείνων
873 4576 931 4628 ὲν
962 4578 1027 4646 τῇ
1057 4576 1277 4647 διαδοχῇ
1310 4576 1411 4646 τήν
1436 4591 1497 4628 τε
1518 4573 1779 4645 διαμονὴν
1812 4575 2045 4646 ἐχόντων

455 4669 551 4723 καὶ
576 4668 676 4740 τὴν
704 4667 969 4723 ἐπίδοσιν,
1002 4666 1067 4719 Τί
1097 4683 1227 4719 ποτε
1253 4663 1347 4720 οὖν
1381 4662 1490 4736 ἆρα
1519 4664 1713 4720 τούτου
1747 4666 1808 4719 τὺ
1837 4668 2043 4737 αίτιονς

468 4761 622 4833 Ἐμοὶ
656 4760 823 4827 δοκεῖ,
859 4759 941 4812 ὅτι
971 4758 1261 4812 παιδεῦσαι
1303 4759 1452 4829 ἡμᾶς
1487 4757 1664 4831 ταύτῃ
1694 4756 2044 4829 βουλόμενος,

455 4855 674 4927 πρῶτον
708 4853 829 4925 μὲν,
855 4853 938 4906 ὅτι
963 4851 1164 4906 πλείων
1195 4851 1346 4922 αὑτῷ
1373 4851 1533 4920 λόγος
1564 4852 1685 4904 ἐστὶ
1713 4852 1823 4906 τῶν
1854 4853 2046 4925 αἰσθή-

459 4944 598 5009 σεώς
625 4961 685 4998 τε
716 4945 811 4997 καὶ
835 4941 981 5012 ζωῆς
1016 4941 1377 5014 μετεχόντων,
1412 4942 1558 5013 ἥπερ
1590 4944 1699 4997 τῶν
1732 4942 2008 5014 αἰσθητῶν
2028 4960 2042 4975 ο

458 5035 679 5102 ἔπειτα,
712 5036 796 5089 ὅτι
833 5037 947 5100 τοῖς
989 5035 1272 5107 σπέρμασι
1306 5036 1406 5108 μὲν
1449 5036 1540 5089 καὶ
1572 5037 1811 5108 δένδροις
1852 5040 1879 5091 ὁ
1912 5037 2044 5101 θεὸς

459 5127 557 5198 τὴν
587 5129 652 5182 ὲκ
678 5128 779 5197 τῆς
810 5126 1066 5197 διαδοχῆς
1099 5126 1385 5197 διαμονὴν,
1416 5128 1480 5179 ἐκ
1514 5128 1613 5199 τῆς
1647 5128 1923 5198 γεωργίας
1958 5128 2044 5181 δέ-

457 5218 630 5272 δωκεν
660 5217 838 5289 ἔχειν’
876 5218 989 5282 τοῖς
1033 5216 1090 5270 δέ
1121 5232 1186 5285 γε
1222 5215 1384 5281 ζώοις
1419 5218 1621 5282 πᾶσιν,
1671 5219 1737 5271 ὲκ
1777 5218 1875 5289 τῆς
1912 5219 2045 5289 πρὸς

458 5310 665 5381 ἄλληλα
711 5310 1019 5374 συνουσίας.
1063 5308 1253 5373 Ὅπως
1292 5311 1472 5365 τοίνυν
1516 5311 1591 5382 μὴ
1630 5316 2049 5382 προαιρετικαῖς

460 5403 661 5473 ὁρμαῖς
691 5401 823 5473 δοκῇ
886 5402 1235 5473 ἐμποιεῖσθαι
1277 5403 1435 5474 τήνδε
1472 5404 1570 5475 τὴν
1604 5404 1819 5472 κίνησιν
1844 5444 1858 5469 ,
1922 5422 2050 5457 συν-

460 5493 722 5547 ωθεῖσοαι
746 5494 804 5548 δὲ
839 5495 1044 5563 μᾶλλον
1076 5496 1215 5567 πρὸς
1238 5496 1399 5549 τοῦτο
1422 5495 1501 5567 τῷ
1529 5497 1916 5567 προστάγματι
1950 5497 2046 5551 τοῦ

2150 3208 2359 3272 peccati
2396 3208 2619 3264 omnino
2649 3216 2931 3277 expertem
2957 3204 3268 3261 constitutis
3294 3243 3310 3270 ,
3357 3203 3528 3257 caelos
3573 3207 3735 3270 pate-

2152 3298 2338 3367 faciet,
2366 3314 2503 3371 quos
2534 3299 2647 3369 jam
2676 3298 2807 3354 adiit
2851 3311 3154 3369 praecursor
3187 3303 3370 3349 uoster
3407 3291 3584 3347 Jesus.
3622 3290 3729 3346 Vo-

2146 3400 2301 3447 catur
2331 3400 2512 3445 autem
2560 3390 2959 3444 ﬁrmamentum
3004 3386 3150 3443 velut
3187 3394 3411 3454 propter
3440 3381 3735 3438 ercatiouis

2149 3480 2442 3547 rationem,
2467 3480 2611 3550 quod
2640 3495 2709 3535 ex
2736 3481 2953 3534 humida
2983 3487 3038 3533 et
3066 3476 3229 3533 ﬂuida
3254 3485 3309 3531 et
3337 3474 3535 3544 liquida
3560 3485 3733 3541 aqua-

2153 3591 2271 3630 rum
2313 3586 2510 3630 natura
2544 3579 2874 3645 procedens,
2903 3574 3115 3629 ﬁrmam
3144 3583 3200 3628 et
3227 3572 3476 3628 stabilem
3505 3569 3734 3624 formam

2150 3666 2410 3735 suscepit.

2079 3753 2251 3824 ὑγρᾶς
2275 3773 2334 3810 τε
2361 3756 2452 3810 καὶ
2524 3757 2763 3829 ῥευστῆς
2832 3754 3051 3826 φύσεως
3092 3753 3203 3807 τῶν
3238 3753 3468 3816 ὑδάτων,
3504 3749 3598 3800 καὶ
3648 3747 3737 3799 εὑ-

2228 3980 2388 4036 Vl-Ens.
2435 3982 2527 4036 29..
2589 3999 2610 4032 ι
2645 3980 3037 4049 Benedixitque
3099 3979 3203 4034 illis
3267 3980 3447 4043 Deus,
3500 3978 3732 4035 dicens:

2150 4075 2414 4138 Crescite,
2447 4085 2503 4128 et
2547 4073 3008 4141 multiplicamini,
3051 4081 3106 4127 et
3162 4071 3367 4140 replete
3401 4088 3570 4141 aquas
3620 4087 3737 4128 ma-

2153 4170 2226 4222 ris
2257 4184 2271 4220 :
2300 4179 2537 4235 avesque
2567 4165 2997 4233 multiplicemur
3027 4177 3192 4232 super
3224 4175 3448 4218 terram.
3483 4182 3501 4215 ι

2225 4395 2465 4451 Arbores
2499 4404 2555 4449 et
2599 4393 2807 4450 semina
2853 4408 2958 4447 non
2997 4391 3276 4449 benedixit
3311 4391 3454 4449 Deus
3507 4403 3612 4446 tam
3656 4386 3765 4449 di;

2154 4496 2298 4541 serta
2353 4501 2506 4552 voce,
2563 4485 2688 4541 licet
2735 4496 2789 4541 et
2839 4484 2929 4539 illa
2971 4499 3220 4540 crescere
3264 4495 3320 4540 et
3369 4484 3738 4555 multiplicari,

2155 4581 2484 4648 procedente
2532 4589 2793 4646 tempore,
2817 4583 3078 4633 statutum
3129 4575 3470 4643 fuerit.Qu:e
3519 4576 3740 4631 tandem

2157 4669 2318 4739 hujus
2352 4667 2427 4723 rei
2458 4669 2661 4724 causa?
2695 4667 2763 4724 Ut
2793 4683 2889 4722 nos
2914 4668 2987 4722 ita
3014 4669 3238 4723 doceret
3266 4667 3427 4733 Deus,
3464 4667 3518 4721 ni
3556 4666 3737 4730 fallor,

2155 4759 2388 4827 primum
2428 4773 2487 4813 se
2524 4758 2692 4828 pluris
2724 4758 2906 4814 facere
2954 4772 3018 4814 ea
3048 4773 3170 4829 qure
3213 4771 3376 4814 sensu
3420 4766 3475 4814 et
3508 4759 3619 4812 vita
3653 4758 3740 4812 in-

2155 4860 2461 4914 struuntur,
2490 4865 2653 4919 quam
2685 4867 2805 4921 quae
2845 4866 3009 4907 sensu
3060 4860 3269 4906 tantum
3293 4869 3309 4918 ;
3336 4842 3534 4905 deinde
3577 4851 3739 4904 arbo-

2154 4957 2242 4996 res
2284 4941 2500 5010 quidem
2532 4951 2589 4997 et
2618 4943 2848 5007 semina,
2879 4943 2946 4997 de
2990 4942 3218 4996 consilio
3249 4940 3367 5005 Dei,
3396 4939 3743 5010 agriculturae

2154 5050 2317 5104 opera
2353 5034 2406 5089 iu
2455 5043 2728 5105 postermn
2761 5049 2883 5089 esse
2929 5034 3216 5099 servanda,
3252 5032 3509 5087 animalia
3555 5043 3741 5088 autem

2154 5129 2335 5184 omnia
2381 5143 2477 5184 sua
2511 5127 2766 5197 quodque
2811 5141 2933 5181 cum
2968 5125 3072 5181 alio
3120 5127 3401 5182 societate.
3437 5126 3596 5179 Haud
3640 5125 3743 5179 iut-

2159 5222 2350 5299 merito
2382 5223 2547 5293 igitur
2578 5223 2641 5276 de
2685 5219 3016 5274 animalibus
3046 5234 3365 5288 expressam
3398 5218 3535 5271 hanc
3576 5217 3742 5271 bene-

2156 5315 2449 5379 dictionem
2487 5314 2676 5377 edidit,
2706 5326 2763 5367 ιιι
2790 5313 2979 5369 divino
3011 5321 3280 5381 ptmcepto
3311 5311 3375 5365 ad
3411 5323 3743 5364 conservau-

2159 5408 2283 5462 dum
2327 5422 2497 5477 genus
2551 5406 2858 5470 inservire,
2917 5405 3096 5476 magis
3147 5419 3308 5474 quam
3364 5401 3570 5457 libidini
3631 5414 3743 5455 sum

2158 5498 2437 5569 indulgere
2466 5498 2797 5553 viderentur.
2986 5480 2989 5483 Α

465 5588 798 5658 ιίοιήσαντος
843 5590 924 5653 εἰς
965 5589 1065 5661 τὴν
1110 5589 1204 5643 τοῦ
1256 5590 1444 5658 γένους
1483 5590 1767 5663 διαμονὴν,
1821 5592 2049 5656 εἰκότως
2085 5593 2289 5665 ταύτην
2327 5595 2428 5666 τὴν
2466 5592 2721 5663 εὐλογίαν
2754 5591 2933 5665 ῥητῶς
2975 5591 3069 5645 ἐπὶ
3107 5588 3313 5644 τούτων
3353 5588 3666 5661 ἐποιήσατο.

540 5763 560 5798 ι
595 5747 701 5801 Κοι¹ι
738 5747 995 5804 ἐποίησεν
1025 5752 1054 5804 ό
1081 5751 1215 5814 Θεὸς
1253 5750 1321 5803 τὰ
1358 5750 1524 5807 θηρία
1557 5751 1697 5804 κατὰ
1733 5730 1908 5821 γένος,
1960 5752 2052 5805 καὶ

2225 5744 2391 5806 νιος.
2424 5748 2514 5805 25.
2563 5768 2579 5801 ι
2611 5746 2673 5803 Ει
2698 5746 2823 5804 fecit
2852 5747 2995 5803 Deus
3019 5745 3224 5803 bestias
3252 5745 3577 5817 terrmjuxta
3608 5756 3743 5813 spe-
