4064 6460
271 365 400 428 1621

1356 349 1736 415 GENNADII
1775 340 2286 408 PATRIARCHxE
2325 338 2434 399 Ci‘.

3413 325 3432 388 1
3443 323 3550 390 63!

269 480 383 531 t-ics
423 489 576 539 suas,
627 481 680 526 et
704 470 952 539 jumeuta
996 468 1146 537 juxta
1187 480 1362 535 genus
1399 479 1579 518 suum.
1611 459 1680 516 Et
1719 457 1856 514 vidit

1973 453 2026 508 τὰ
2067 453 2241 522 κτήνη
2273 446 2414 502 κατὰ
2442 444 2600 514 γένος
2633 441 2883 497 αὐτῶνθ.
2911 441 3024 496 Καὶ
3059 436 3242 495 εἶδενό
3273 439 3428 505 Θεὸς,
3465 443 3549 496 ὅτι

275 571 414 622 licus
445 567 585 637 quod
616 575 760 620 esset
795 564 1015 617 bonum.
1049 578 1069 611 ι

339 659 457 727 Qua
490 660 555 712 de
605 671 768 710 causa
804 669 926 709 cum
959 653 1152 723 quinto
1195 650 1288 706 die
1323 649 1498 720 pisces
1539 657 1590 703 et
1617 646 1857 702 volatilia
1889 644 1916 652 “

270 769 336 806 ex
369 751 525 819 aquis
559 747 782 819 produci
827 745 1078 812 jusserit,
1103 751 1260 800 sexto
1295 756 1490 813 pecora
1512 754 1704 795 creare
1743 747 1858 793 sta-

273 846 392 909 tuit,
433 841 522 912 qui
551 841 738 894 eodem
774 839 862 893 die
893 837 1168 890 homian
1193 848 1414 905 quoque
1439 834 1505 888 de
1530 841 1674 885 terra
1704 829 1860 884 fictu-

1958 544 2123 602 καλά,
2160 563 2176 596 ι

2027 636 2186 698 Τίνος
2206 633 2368 704 χάριν
2397 633 2456 684 ἐν
2483 633 2551 702 τῇ
2592 628 2819 699 πέμπτῃ
2851 625 3040 698 ἡμέρᾳ
3066 624 3134 678 τά
3161 640 3222 675 τε
3249 624 3427 690 νηκτὰ
3455 623 3550 676 καὶ

1959 727 2139 800 πτηνὰ
2175 723 2462 797 προελθεῖν
2491 724 2558 776 ἐκ
2603 719 2714 775 τῶν
2749 719 2962 772 ὑδάτων
3005 715 3176 768 εἰπὼν
3212 717 3272 767 ὲν
3307 717 3374 786 τῇ
3411 715 3551 788 ἕκτῃ

1957 822 2029 875 τὰ
2071 820 2302 890 χερσαῖα
2334 813 2684 887 παραχθῆναι
2716 811 3080 883 προστάττει,
3110 809 3203 862 ὅτε
3241 807 3426 879 μέλλει
3455 808 3553 860 καὶ

274 899 544 988 inserat?
577 931 806 998 Quando
831 938 1026 986 cuncta
1056 942 1214 996 aeque
1253 925 1492 982 hominis
1516 923 1688 995 gratia
1715 921 1857 977 facta

1973 915 2052 968 τὸν
2081 910 2375 983 ἄνθρωπον
2412 907 2558 961 κατὰ
2589 907 2690 977 τὴν
2734 904 2950 976 ἡμέραν
2976 901 3183 971 ταύτην
3226 901 3290 954 ἐκ
3319 899 3420 998 τῆς
3447 899 3553 998 γῆς

271 1028 404 1093 sint,
451 1035 510 1081 at
559 1034 756 1080 cuncta
809 1039 915 1077 non
968 1037 1120 1090 teque
1165 1020 1410 1073 eamdem
1447 1016 1525 1070 illi
1573 1013 1858 1069 utilitatem

271 1125 535 1184 praestent
584 1115 734 1187 (nam
767 1114 948 1186 pisces
989 1113 1090 1183 ipsi
1127 1127 1235 1165 non
1285 1109 1388 1164 nisi
1427 1109 1494 1162 ad
1533 1105 1719 1162 cibum
1771 1103 1858 1158 itt-

273 1209 549 1276 serviunt,
595 1209 700 1264 alia
736 1218 916 1263 autem
963 1214 1045 1261 tot
1078 1217 1142 1262 ac
1187 1210 1338 1258 tanta
1367 1201 1611 1272 praebent
1643 1207 1704 1253 ut
1741 1197 1862 1254 sine

273 1302 598 1372 quibusdam
623 1315 692 1356 ne
722 1301 907 1354 vivere
937 1298 1156 1368 quidem
1191 1292 1530 1366 possemus),
1567 1305 1681 1347 rem
1713 1297 1862 1344 recte

277 1395 348 1447 ita
387 1393 656 1463 disposuit
683 1391 936 1446 conditor
964 1390 1125 1454 Deus,
1159 1398 1218 1442 ut
1247 1401 1368 1456 quae
1397 1383 1571 1453 magis
1608 1395 1862 1437 necessa-

276 1486 355 1540 ria
399 1495 454 1541 et
480 1499 602 1556 quae
643 1485 878 1555 majores
925 1482 1080 1538 nobis
1110 1481 1379 1536 utilitates
1419 1477 1726 1540 conferunt,
1772 1489 1864 1530 eo-

275 1580 394 1631 dem
423 1592 638 1648 quoque
677 1577 763 1631 die
797 1583 853 1630 et
898 1575 1088 1630 eadem
1125 1574 1192 1628 de
1239 1580 1382 1627 terra
1430 1568 1859 1625 conficerentur.

272 1669 461 1724 Finxit
507 1671 672 1725 etiam
707 1670 758 1724 in
797 1679 1028 1738 utroque
1055 1665 1246 1722 ordine
1272 1679 1393 1735 qua;
1437 1662 1597 1718 nobis
1639 1660 1862 1717 omnino

275 1763 510 1828 inutilia,
544 1763 652 1818 imo
681 1761 1022 1817 formidanda
1064 1760 1340 1825 videntur,
1378 1770 1444 1812 ne
1474 1755 1642 1812 nimia
1667 1769 1863 1825 super-

1961 1005 2345 1068 διαπλάττειν;
2389 998 2611 1070 Ἐπειδὴ
2643 997 2827 1052 τοίνυν
2869 996 3047 1050 πάντα
3079 993 3180 1065 μέν
3219 991 3423 1063 ὁμοίως
3457 989 3552 1044 τοῦ

1963 1102 2256 1173 ἀνθρώπου
2291 1103 2457 1174 χάριν
2487 1099 2818 1172 γεγένηται,
2859 1097 3080 1152 ἅπαντα
3119 1093 3178 1146 δέ
3209 1091 3410 1162 ὁμοίως
3453 1089 3554 1160 τὴν

1963 1199 2134 1269 αὐτὴν
2171 1197 2326 1269 αὐτῷ
2354 1196 2545 1268 χρείαν
2571 1193 2804 1266 παρέχει
2830 1191 2882 1255 ι’,
2915 1189 3028 1260 (τὰ
3068 1186 3170 1259 μὲν
3197 1186 3324 1270 γὰρ-
3338 1187 3403 1238 ἐκ
3443 1183 3555 1237 τῶν

1965 1291 2174 1344 ὑδάτων
2230 1292 2311 1353 εἰς
2366 1287 2535 1359 μόνην
2583 1283 2732 1354 αὐτῷ
2776 1277 2987 1356 τροφήν
3033 1281 3184 1334 ἐστιν
3229 1275 3554 1345 ἐπιτήδεια,

1963 1381 2137 1436 ταῦτα
2163 1380 2220 1434 δέ
2243 1391 2293 1445 ο,
2328 1381 2424 1434 καὶ
2456 1377 2593 1451 πρὸς
2617 1377 2793 1433 ἄλλων
2825 1371 3134 1444 ὑπηρεσίαν
3169 1369 3454 1431 πλειόνων,
3477 1359 3556 1421 ὧν

1965 1475 2123 1528 ἐνίων
2152 1473 2308 1539 ἐκτὸς
2334 1473 2454 1528 οὐδὲ
2487 1471 2588 1544 ζῇν
2619 1469 2950 1541 ἐδυνάμεθα.
2975 1467 2996 1540 )
3036 1465 3236 1530 Καλῶς
3262 1467 3292 1520 ὁ
3325 1460 3558 1534 ποιητὴς

1965 1566 2098 1630 Θεὸς
2127 1565 2273 1637 ἔχειν
2301 1565 2580 1637 ἡγήσατο,
2611 1563 2680 1617 τὰ
2718 1561 2922 1635 μᾶλλον
2947 1561 3084 1630 ἡμῖν
3123 1555 3555 1626 ἀναγκαιότερα,

1966 1659 2062 1714 καὶ
2091 1658 2254 1712 πλέον
2299 1674 2419 1722 πως
2464 1657 2601 1730 πρὸς
2640 1655 2741 1727 τήν
2787 1653 2976 1728 χρείαν
3017 1649 3350 1719 ἐγγίζοντα,
3381 1645 3560 1700 ταῦτα

1966 1754 2064 1808 καὶ
2096 1755 2156 1808 ἐν
2207 1751 2394 1825 ἡμέρᾳ
2420 1753 2488 1823 τῇ
2519 1751 2681 1821 αὐτῇ,
2731 1749 2824 1802 καί
2865 1749 2929 1802 ἐκ
2954 1747 3060 1817 γῆς
3092 1743 3190 1814 τῆς
3217 1740 3388 1812 αὐτῆς
3422 1740 3558 1811 ἡμῖν

276 1857 358 1908 Ilia
384 1855 697 1922 efferamur,
727 1862 783 1910 et
811 1853 1132 1909 immodeste
1165 1851 1485 1913 sentiamus,
1513 1849 1697 1904 omnia
1725 1862 1858 1902 non-

1973 1846 2400 1919 Βποστήσασθαι.
2435 1843 2716 1915 Πεποίηκέ
2745 1859 2809 1912 γε
2845 1839 2952 1912 μὴν
2983 1840 3042 1894 ἐν
3057 1836 3393 1909 ἀμφοτέροις
3423 1834 3558 1903 ἡμῖν

275 1948 377 2000 nisi
409 1947 476 2000 ad
509 1947 798 2002 utilitatem
826 1957 1068 2001 nostram
1096 1945 1265 2000 fuisse
1300 1943 1466 1999 facta.
1491 1942 1696 2010 Quibus
1723 1955 1858 1997 sane

273 2036 480 2104 optime
523 2036 810 2101 discimus,
857 2049 1031 2107 neque
1065 2045 1262 2090 caetera
1300 2033 1458 2090 nobis
1502 2033 1856 2097 inservitum,

278 2127 380 2181 nisi
414 2127 466 2182 id
515 2143 544 2181 a
591 2129 697 2182 Deo
732 2137 994 2182 statutum
1042 2127 1260 2192 fuisset,
1295 2126 1389 2181 sed
1420 2127 1602 2195 potius
1637 2123 1756 2179 fero
1805 2132 1860 2176 et

274 2231 422 2272 czcco
447 2219 647 2288 impetu
691 2233 784 2290 per
813 2219 977 2274 silvas
1002 2218 1278 2288 vagantia,
1317 2217 1476 2272 nobis
1509 2216 1698 2272 nociva
1723 2213 1858 2269 fore.

1965 1940 2061 1994 καὶ
2099 1939 2454 1993 παντάπασιν
2483 1937 2770 2008 ἄχρηστα,
2820 1932 3024 2005 μᾶλλον
3066 1931 3124 1984 δὲ
3166 1928 3264 1985 καὶ
3293 1925 3556 1997 ἐπίφοϐα,

1967 2030 2055 2084 ἵνα
2103 2028 2180 2102 μὴ
2226 2029 2510 2100 τηνάλ).ως
2554 2026 2742 2090 ἁπλῶς
2789 2022 3214 2097 βρενθυὼμεθα,
3272 2019 3410 2092 μηδέ
3463 2017 3560 2072 τοῦ

1971 2123 2197 2195 μετρίου
2234 2122 2379 2193 πέρα
2411 2121 2768 2194 φρονοίημεν,
2801 2119 2986 2174 αἰτίαν
3017 2118 3076 2172 δέ
3095 2115 3122 2156 (ι
3173 2115 3433 2170 ἁπάντων
3463 2111 3563 2166 τοῦ

1967 2215 2255 2284 γεγονέναι
2282 2213 2424 2268 αὐτὰ
2449 2213 2550 2285 τὴν
2574 2213 2854 2285 ἡμετέραν
2885 2210 3080 2281 χρείαν
3113 2208 3449 2279 νομίζοντεςο
3485 2207 3564 2257 εἰ-

275 2308 498 2379 δείημεν
522 2309 578 2362 δὲ
607 2307 852 2380 ἀκριϐῶς
883 2311 949 2364 ἐκ
983 2308 1190 2362 τούτων
1222 2307 1592 2379 μανθάνοντες
1615 2348 1630 2373 ,
1657 2307 1742 2361 δτι
1789 2306 1866 2378 μὴ
1903 2305 2040 2361 Θεοῦ
2112 2305 2504 2378 βουληθέντος,
2536 2304 2659 2360 οὒδέ
2689 2304 2798 2358 τῶν
2863 2303 3042 2358 ἄλλων
3084 2303 3223 2374 ἡμῖν
3256 2298 3412 2354 οὐδὲν
3457 2297 3564 2350 ὐπ-

276 2398 557 2466 ετέτακτο,
591 2400 728 2453 ἀλλὰ
755 2403 869 2464 τοῖς
897 2402 1196 2474 ἀνημέροις
1241 2401 1334 2455 καὶ
1395 2399 1574 2454 ταῦτα
1652 2399 2057 2483 παραπλησίως
2098 2401 2298 2472 ὁρμαῖς
2370 2398 2687 2472 ἐξαγριαινό
2704 2415 2844 2470 μενα
2890 2395 3222 2469 θηριώδεσι,
3267 2391 3468 2464 μᾶλλον
3496 2389 3564 2445 ἂν

276 2491 421 2560 ἡμᾶς
449 2489 742 2544 ἐθανάτουν
753 2519 772 2533 ο

347 2581 514 2637 Vens.
555 2583 656 2648 .26.
704 2601 724 2636 ι
754 2583 822 2640 Et
869 2584 1009 2640 dixit
1054 2585 1198 2641 Deus
1225 2602 1240 2640 :
1267 2583 1557 2642 Faciamus
1591 2586 1865 2642 hominem

277 2676 345 2730 ad
381 2675 672 2746 imaginem
709 2685 764 2730 et
790 2675 1206 2731 similitudinem
1235 2685 1501 2732 nostram.
1537 2695 1559 2731 ι

347 2765 482 2820 Illud
516 2768 586 2818 ad
613 2767 895 2837 imaginem
927 2777 1189 2833 nostram,
1231 2767 1336 2824 hoc
1365 2777 1469 2837 est,
1503 2775 1566 2824 ut
1597 2767 1866 2824 sentiendi

277 2868 332 2913 rt
359 2859 716 2915 ratiocinandi
751 2858 1007 2914 facultate
1037 2861 1300 2931 praditus
1338 2872 1526 2917 nostra
1557 2861 1628 2916 sit
1661 2860 1864 2931 imago,

280 2952 439 3006 docet
467 2965 566 3007 nos
588 2951 878 3022 spirituum
905 2951 1124 3008 dotibus
1149 2935 1371 3020 instrui,
1403 2962 1459 3009 et
1493 2953 1641 3010 velut
1674 2955 1867 3009 domus

279 3043 561 3115 cujusdam
608 3043 840 3113 imperio
889 3045 1054 3100 totius
1101 3047 1291 3101 mundi
1327 3047 1590 3118 praeponi.
1625 3045 1865 3114 Etenim,

282 3149 348 3190 ne
392 3136 546 3206 plura
599 3137 798 3204 dicam,
835 3136 1120 3209 Scriptura
1164 3115 1343 3195 sacra—
1374 3115 1501 3194 duim
1543 3140 1725 3195 divina
1776 3140 1870 3194 de-
1897 3115 1940 3173 θ

279 3226 495 3292 scribit,
528 3227 780 3282 eumdem
810 3228 1002 3285 tribuit
1039 3230 1267 3286 vocibus
1309 3244 1554 3300 sensum,
1588 3246 1698 3302 quo
1727 3233 1869 3303 apud

283 3335 380 3373 nos
409 3329 768 3388 usurpantur.
800 3320 1034 3388 Quando
1078 3323 1244 3392 igitur
1279 3323 1424 3379 Deus
1469 3323 1672 3381 Christi
1709 3335 1874 3396 caput

283 3411 506 3478 dicitur,
568 3412 728 3482 lmjus
786 3412 932 3468 eﬂ‘ati
1006 3415 1115 3470 vim
1168 3430 1272 3472 non
1334 3417 1485 3487 prius
1549 3417 1867 3491 intelligam,

284 3519 446 3570 quam
501 3519 626 3558 cum
675 3505 1096 3562 consideravero
1141 3515 1197 3564 et
1231 3523 1552 3578 percepero,
1600 3525 1720 3580 qua!
1761 3511 1873 3566 sint

218 3669 220 3674 _
285 3604 426 3670 apud
458 3617 558 3656 nos
591 3603 783 3670 capitis
808 3613 991 3673 partes
1013 3613 1068 3660 et
1097 3604 1202 3662 hoc
1231 3605 1297 3659 ad
1325 3607 1582 3676 praedicta
1610 3605 1868 3662 retulero.

287 3691 487 3746 Eadem
537 3691 750 3747 ratione
793 3694 1160 3752 examinanda
1211 3709 1316 3749 vox
1367 3695 1562 3764 imago.
1617 3694 1774 3763 Quod
1823 3695 1870 3752 si

286 3799 415 3840 vero
459 3785 692 3854 cogitem
729 3785 858 3856 quid
893 3788 1034 3856 apud
1061 3802 1159 3843 nos
1190 3787 1372 3858 imago
1401 3789 1669 3860 designet,
1719 3803 1874 3858 repe-

288 3877 421 3930 riam
472 3877 762 3948 imaginem
824 3879 1189 3934 venerandam
1255 3893 1380 3936 esse
1438 3891 1664 3950 propter
1718 3880 1870 3936 illum

286 3983 446 4038 quem
488 3970 771 4041 exprimit.
805 3971 885 4026 Ad
919 3971 1071 4026 illum
1117 3972 1263 4027 enim
1313 3971 1550 4028 refertur
1583 3972 1874 4029 manifeste

289 4077 406 4116 mea
439 4062 541 4116 hac
573 4063 640 4118 de
686 4079 746 4118 re
799 4064 1082 4134 cogitatio.
1136 4063 1258 4132 Ipse
1302 4063 1468 4134 igitur
1502 4064 1766 4121 Dominus
1816 4065 1871 4119 in

285 4152 604 4224 Evangeliis
629 4156 799 4211 dicit:
831 4157 1080 4222 Quandiu
1119 4155 1321 4226 fecistis
1351 4158 1444 4211 uni
1477 4173 1544 4212 ea:
1583 4159 1666 4212 his
1689 4158 1874 4228 {ratri-

285 4243 381 4299 bus
427 4246 556 4302 meis
600 4247 860 4312 minimis,
894 4249 1024 4304 mihi
1062 4249 1302 4319 fecistis;
1347 4259 1402 4305 et
1428 4267 1442 4305 :
1470 4249 1724 4317 Quandiu
1772 4265 1876 4303 non

285 4336 485 4406 fecistis
515 4339 606 4394 uni
633 4341 698 4395 de
724 4342 1016 4397 minoribus
1047 4343 1151 4412 his,
1187 4361 1282 4400 nec
1317 4344 1447 4398 mihi
1471 4343 1669 4414 fecistis
1691 4341 1733 4398 ⁸.
1764 4341 1877 4396 Ad-

283 4426 418 4496 iecit
442 4439 627 4522 autem
673 4429 803 4484 illud
833 4432 904 4486 ad
925 4433 1352 4500 similitudinem,
1385 4433 1512 4503 quia
1558 4429 1874 4486 necessario
1909 4467 1952 4522 ο

288 4521 697 4578 similitudinem
723 4524 902 4596 imago
925 4527 1232 4582 habetcum
1259 4527 1350 4582 illo
1367 4526 1523 4596 cujus
1543 4534 1646 4581 est.
1667 4523 1874 4580 Nostra:

289 4615 730 4687 ergoimagines,
751 4633 872 4672 cum
904 4634 1192 4690 corporum
1227 4619 1493 4688 imagines
1518 4619 1796 4682 sint,sunt
1821 4627 1877 4674 et

291 4705 420 4772 ipse
451 4722 747 4774 «ιοτιιονθτιι,
791 4711 910 4766 aliae
941 4711 1162 4779 quidem
1209 4708 1514 4774 coloribus,
1552 4709 1670 4764 aliae
1697 4709 1872 4766 forma

292 4797 647 4870 archetypum
701 4799 1022 4856 referentes.
1071 4799 1380 4855 Divinitatis
1423 4809 1604 4856 autem
1653 4801 1873 4872 imago,

290 4904 412 4944 cum
443 4889 583 4946 Deus
609 4891 960 4962 incorporeus
973 4895 1062 4958 sit,
1087 4892 1226 4947 hanc
1247 4907 1461 4962 quoque
1488 4908 1608 4948 cum
1638 4909 1703 4950 eo
1724 4895 1878 4950 simi-

293 4980 574 5037 litudinem
630 4985 832 5040 habeat
877 4993 1116 5053 oportet.
1181 4984 1292 5040 Nec
1343 4987 1540 5042 desunt
1598 4988 1652 5043 in
1712 4989 1874 5047 nobis

292 5075 550 5131 nonnulla
580 5077 808 5147 bujusce
832 5077 1050 5149 generis
1083 5078 1302 5134 indicia.
1335 5077 1408 5135 lta
1437 5081 1608 5136 Deum
1634 5097 1875 5154 agnosco

215 5223 242 5244 ο
289 5177 488 5222 cuncta
523 5169 828 5238 providere,
860 5183 927 5222 ex
962 5183 1028 5223 eo
1070 5173 1214 5240 quod
1243 5172 1355 5242 ipse
1386 5174 1537 5243 plura
1573 5173 1870 5241 provideo;

293 5255 617 5315 immensum
667 5272 789 5314 esse
827 5267 882 5312 et
928 5261 1180 5318 omnibus
1228 5277 1568 5334 pncseotem,
1619 5267 1744 5336 quia
1789 5265 1878 5320 vel

295 5351 585 5425 perexigua
616 5361 796 5404 mente
831 5348 1136 5424 ubicunque
1164 5355 1384 5412 voluero
1411 5357 1638 5424 adsum;
1687 5369 1870 5410 rerum

365 5529 388 5570 ³
415 5526 604 5582 Matth.
637 5541 766 5591 xxv,
793 5527 974 5584 40-15.

2055 2602 2074 2634 ι
2123 2584 2235 2638 Καὶ
2268 2579 2422 2636 εἶπεν
2469 2584 2498 2638 ό
2531 2582 2698 2648 Θεόςο
2741 2582 3070 2653 Ποιήσωμεν
3110 2579 3401 2652 ἄνθρωπον
3445 2583 3565 2636 κατ’

1974 2675 2164 2732 εἰκόνα
2197 2676 2474 2748 ἡμετέραν
2503 2677 2601 2731 καὶ
2633 2675 2759 2730 καθ’
2789 2673 3071 2746 ὁμοίωσιν.
3113 2691 3132 2726 ι

2045 2768 2122 2823 Τὸ
2151 2769 2336 2841 μέντοι
2357 2768 2484 2824 κατ’
2512 2768 2721 2822 εἰκόνα
2747 2764 3068 2834 ἡμετέραν,
3095 2764 3398 2830 τουτέστιν,
3420 2762 3566 2820 ὥστε

1976 2863 2140 2917 αὐτὸν
2172 2861 2232 2928 ἐξ
2257 2861 2451 2926 οὐσίας
2471 2859 2572 2931 τῆς
2605 2857 2872 2932 αἰσθητῆς
2903 2875 2964 2912 τε
2998 2858 3095 2911 καί
3122 2859 3323 2929 νοητῆς
3348 2874 3566 2927 συμπα-

1974 2960 2144 3029 γέντα
2171 2961 2229 3014 ἐν
2256 2957 2466 3021 εἰκόνος
2493 2955 2772 3026 ἡμετέρας
2802 2949 2942 3007 εἰναι
2971 2951 3148 3020 τάξει,
3181 2953 3292 3016 τοῖς
3321 2952 3566 3022 λογικοῖς

1973 3049 2330 3122 δεικνυούσης
2360 3051 2664 3121 προσήκειν
2685 3085 2700 3112 ,
2736 3043 2849 3100 οἷον
2876 3045 3056 3109 οἰκίας
3089 3045 3238 3110 τινὸς
3277 3045 3412 3116 ἡμῖν
3451 3047 3566 3110 τοῖς

1973 3143 2330 3216 ἀναθεμένοις
2378 3143 2551 3213 αὐτὴν
2592 3142 2686 3196 τοῦ
2731 3141 2938 3206 παντὸς
2987 3141 3197 3212 κόσμου
3225 3141 3326 3214 τὴν
3367 3141 3564 3196 δεσπο-

1972 3237 2148 3292 τείαν.
2186 3236 2280 3298 Ὦς
2307 3234 2418 3308 γὰρ
2451 3233 2639 3299 ἁπλῶς
2668 3234 2866 3298 εἰπεῖν,
2897 3233 2964 3286 ἐκ
2987 3231 3099 3286 τῶν
3125 3233 3258 3304 παρ’
3289 3233 3421 3305 ἡμῖν
3448 3233 3567 3288 ὀνο-

1976 3328 2165 3399 μάτων
2190 3328 2338 3399 ἡμᾶς
2363 3329 2396 3398 ἡ
2424 3325 2546 3381 θεία
2577 3325 2706 3397 περὶ
2731 3323 2869 3378 Θεοῦ
2891 3322 3137 3378 διδάσκει
3167 3325 3386 3398 Γραφήο
3423 3325 3565 3380 ὥστε

1973 3419 2079 3474 κᾶν
2111 3419 2359 3490 κεφαλὴν
2393 3417 2490 3472 τοῦ
2535 3414 2775 3489 Χριστοῦ
2809 3415 2902 3470 τὸν
2945 3415 3082 3470 Θεὸν
3126 3415 3348 3471 ἀκούσω
3382 3415 3568 3487 λεγοῦ·

1975 3527 2098 3580 σης,
2128 3509 2189 3564 οὐ
2212 3509 2480 3582 πρότερον
2503 3509 2638 3580 συνὴ
2649 3525 2727 3562 σω
2746 3505 2842 3562 τοῦ
2869 3505 3166 3579 λεγομένου
3188 3507 3288 3578 τὴν
3311 3507 3564 3579 δύναμιν,

1973 3603 2137 3674 ἄχρις
2164 3601 2231 3656 ἂν
2257 3601 2714 3673 ἐκλογισάμενος,
2750 3600 2845 3656 καὶ
2874 3599 3053 3672 εὑρὼν
3082 3599 3348 3672 ἀκριϐῶς.
3386 3600 3439 3654 τί
3467 3601 3568 3672 τῆς

1974 3695 2106 3766 παρ’
2134 3695 2272 3765 ἡμῖν
2306 3693 2553 3762 κεφαλῆς
2601 3693 2718 3746 ἐστι
2749 3692 2811 3746 τὸ
2843 3691 3144 3762 ἐξαίρετον.
3193 3693 3288 3746 ἐπὶ
3331 3693 3394 3746 τὸ
3427 3709 3566 3764 προ-

1975 3786 2229 3854 κείμενον
2257 3783 2435 3850 οὕτως
2470 3786 2682 3854 ἐνέγκω
2714 3785 2778 3840 τὸ
2816 3784 3036 3858 νοηθέν.
3069 3784 3180 3839 Καὶ
3209 3786 3303 3840 ἐπὶ
3346 3786 3566 3842 πάντων

1973 3879 2031 3933 δὲ
2058 3877 2168 3933 τῶν
2195 3879 2372 3934 ἄλλων
2407 3879 2517 3933 τῶν
2546 3881 2978 3952 τοιουτοτρόπων
3005 3877 3231 3950 ὁμοίως.
3261 3877 3452 3944 Οὕτως
3473 3877 3567 3935 οὖν

1975 3975 2076 4029 καὶ
2116 3972 2178 4028 τὸ
2220 3973 2350 4028 κατ’
2378 3974 2589 4028 εἰκόνα
2615 3973 2796 4042 νοήσω
2819 4011 2835 4036 ,
2881 3971 3130 4042 ζητήσας
3171 3970 3439 4044 πρότερον
3466 3971 3568 4042 τῆς

1977 4066 2109 4135 παρ’
2141 4065 2276 4133 ἡμῖν
2315 4063 2529 4128 εἰκόνος
2565 4062 2664 4134 τὴν
2717 4061 2908 4134 χρείαν
2931 4077 2946 4091 ’
2971 4062 3176 4134 νοήσας
3211 4062 3292 4127 δὲ,
3343 4064 3569 4136 τιμήσω

1976 4156 2076 4227 τὴν
2109 4157 2296 4210 εἰκόνα
2337 4155 2428 4210 διὰ
2459 4157 2550 4210 τὸν
2581 4148 2756 4226 οὗπέρ
2803 4155 2974 4208 ἐστιν.
3013 4153 3109 4218 Εἰς
3138 4153 3347 4208 ἐκεῖνον
3387 4154 3498 4227 γὰρ
3533 4155 3567 4226 ἡ

1981 4247 2336 4319 περὶτούτων
2358 4245 2622 4318 ἀνάγεταί
2649 4262 2750 4318 μου
2775 4243 2972 4316 γνώμη
3001 4243 3212 4315 σαφῶς.
3236 4244 3411 4310 Αὐτὸς
3437 4245 3568 4315 γοῦν

1979 4357 2147 4412 φησιν
2202 4342 2260 4395 ἐν
2310 4343 2425 4404 τοῖς
2473 4338 2830 4409 Εὐαγγελίοις
2879 4341 2908 4393 ό
2948 4339 3187 4415 Κύριος’
3241 4340 3368 4410 Ἐφ’
3415 4339 3571 4400 ὅσον

1978 4434 2304 4500 ἐποιήσατε
2321 4432 2411 4488 ἑνὶ
2434 4431 2552 4487 τῶν
2559 4430 2791 4502 μικρῶν
2815 4433 3061 4498 τούτων,
3073 4432 3204 4503 ἐμοὶ
3221 4433 3568 4501 ἐποιήσατε·

1984 4525 2078 4579 καί
2123 4525 2215 4596 ἐφ’
2255 4524 2408 4578 ὅσον
2455 4524 2567 4578 οὐκ
2619 4521 2949 4588 ἐποιήσατε
2997 4521 3090 4577 ἑνὶ
3128 4524 3382 4588 τούτων,
3427 4523 3572 4580 οὐδὲ

1983 4616 2113 4687 ἐμοὶ
2141 4615 2488 4684 ἐποιήσατε.
2524 4615 2596 4668 Τὸ
2620 4612 2690 4666 δὲ
2711 4615 2840 4668 καθ’
2877 4615 3168 4683 ὁμοίωσιν
3195 4615 3566 4687 προσέθηκεν,

1983 4711 2172 4782 ἐπειδή
2198 4709 2305 4782 χρὴ
2333 4709 2426 4763 καὶ
2444 4707 2744 4779 ὁμοιότητα
2766 4707 3072 4778 κεκτῆσθαι
3092 4707 3192 4781 τήν
3217 4710 3406 4776 εἰκόνα
3433 4709 3572 4780 πρὸς

1982 4804 2192 4857 ἐκεῖνον
2215 4795 2385 4870 οὗπέρ
2414 4799 2582 4854 ἐστιν.
2620 4798 2744 4854 Ἐπὶ
2776 4799 2875 4871 μὲν
2909 4795 3005 4854 οὖν
3035 4801 3142 4855 τῶν
3179 4799 3470 4872 ἡμετέρων
3494 4802 3572 4854 εἰ-

1985 4893 2180 4957 κόνων,
2205 4891 2394 4963 ἐπειδὴ
2421 4892 2515 4946 καὶ
2542 4892 2811 4962 σωμάτων
2840 4892 3071 4956 εἰκόνες,
3097 4893 3192 4946 καὶ
3215 4893 3279 4946 ἐκ
3300 4891 3571 4963 σωμάτων

1981 4986 2142 5048 εἰσὶν,
2169 4986 2397 5050 εἰκότως
2420 4987 2475 5040 αἰ
2500 4985 2600 5056 μὲν
2621 4987 2734 5048 τοῖς
2759 4983 3072 5056 χρώμασιν,
3096 4986 3151 5039 αἰ
3173 4985 3230 5038 δὲ
3251 4987 3366 5050 τοῖς
3385 4985 3572 5053 ὄγκοις

1985 5079 2330 5150 μεμίμηνται
2361 5077 2421 5132 τὺ
2461 5076 2790 5148 ἀρχέτυπον.
2838 5077 2962 5130 Ἐπὶ
3014 5078 3073 5132 δέ
3109 5094 3175 5146 γε
3210 5079 3314 5148 τῆς
3359 5077 3572 5140 εἰκόνος

1981 5171 2082 5241 τῆς
2112 5169 2296 5235 θείας,
2341 5170 2528 5240 ἐπειδὴ
2570 5167 2863 5240 ἀσώματός
2904 5171 3054 5224 ἐστιν
3095 5170 3124 5222 ό
3157 5169 3310 5236 Θεὸς,
3350 5170 3415 5223 ἐκ
3461 5169 3572 5223 τῶν

1983 5261 2196 5314 ἐκείνου
2237 5260 2319 5313 δεῖ
2351 5261 2636 5329 προσεῖναι
2675 5253 2770 5313 καὶ
2801 5261 2867 5328 τῇ
2901 5259 3073 5320 εἰκόνι
3113 5258 3210 5332 τήν
3245 5259 3568 5330 ὁμοιότητα.

1981 5353 2094 5408 Καὶ
2137 5353 2253 5407 ἐστι
2299 5353 2510 5424 ταύτης
2550 5354 2608 5406 ἐν
2651 5355 2788 5426 ἡμίν
2832 5353 2934 5407 οὐκ
2981 5352 3140 5423 ὀλίγα
3185 5352 3570 5428 γνωρίσματα.

374 5720 398 5748 ιι
431 5704 538 5778 Τὸ,
563 5701 657 5754 καὶ
685 5703 864 5778 πάντα
886 5703 955 5757 τὰ
976 5701 1198 5778 ἐρπετόι
1221 5701 1318 5778 τῆς
1353 5700 1634 5778 γῆς-κατὰ
1653 5699 1833 5778 γένος,
1863 5699 2128 5778 οὖ-κεζται
2161 5699 2318 5778 ἐντῷ
2345 5669 2559 5778 κώδικι.
2585 5699 2683 5754 Διὰ
2715 5699 2876 5778 τοῦτο
2904 5699 3019 5778 οὐκ
3035 5698 3214 5772 ἐτέθη.
3291 5701 3322 5744 Ι⁵
3343 5701 3564 5778 Ἀνάγν.

301 5778 363 5843 εὖ
398 5771 650 5845 παρέχει.
728 5783 751 5814 ε
795 5777 896 5833 Ἴσ.
931 5774 998 5828 τὰ
1018 5769 1097 5828 δέ.
1175 5771 1202 5812 ἀ
1243 5769 1399 5824 Ἤτοι
1418 5769 1488 5824 τὸ
1519 5772 1577 5824 δέ
1613 5769 1890 5845 περιττὸν,
1920 5769 1953 5845 ἦ
1987 5771 2068 5836 τὸ,
2105 5769 2420 5841 νομίζοντες
2455 5771 2828 5840 ἀναγνωστέον
2858 5769 3191 5846 νομίζοιμενζ
