4064 6394
424 282 560 346 l633

1540 286 1620 347 ΙΝ
1664 286 1996 350 GENESIN
2041 286 2135 348 FB
2154 285 2509 351 AGMENTA

3568 295 3706 360 16TH

419 394 562 457 υιον,
603 392 854 463 προνοεῖν
896 385 1012 445 οἶδα
1056 390 1146 447 τὸν
1194 392 1456 450 ἁπάντων
1488 397 1621 452 θεὸν
1643 440 1658 466 ,
1692 398 1785 469 ἀφ’
1813 391 1888 451 ὧν
1924 397 1995 450 κα¹

2118 399 2361 453 omnium
2415 415 2622 472 regem,
2656 400 2800 487 quod
2856 403 2971 474 ipse
3019 400 3296 464 nonnullis
3343 406 3598 462 dominor
3649 421 3704 463 et

416 486 580 547 αὐτὸς
621 482 732 552 ἐγώ
770 500 932 537 τινων
982 486 1227 555 προνοῶ·
1266 488 1648 561 ἀπερίγραφον
1694 485 1868 555 εἶναι,
1913 490 2009 542 καὶ

418 579 676 648 παρεῖναι
700 580 813 639 τοῖς
842 577 1046 631 ἅπασιν
1069 618 1085 644 ,
1119 580 1212 647 ἀφ’
1243 573 1318 633 ὧν
1353 583 1410 636 ἐν
1443 583 1645 653 ἀκαρεί
1674 585 1740 655 τῇ
1774 581 2005 653 διανοίᾳ,

417 669 512 723 καὶ
556 669 716 731 αὐτὸς
759 663 841 733 οἷς
887 669 954 723 ἂν
999 670 1319 743 βουληθείην
1366 675 1748 746 παρίσταμαι·
1782 673 2009 746 βασιλέα

415 760 510 813 τοῦ
549 760 771 825 παντὸς,
804 760 898 829 ἀφ’
930 755 1003 814 ὧν
1032 760 1143 833 ἔχω
1175 763 1236 816 τὸ
1272 765 1368 817 καὶ
1400 766 1564 830 αὐτὸς
1598 766 1790 837 ἄρχειν
1816 782 1879 818 τε
1913 764 2009 820 καὶ

415 852 699 917 δεσπόζειν
741 852 935 906 τινῶν·
978 855 1174 925 κριτὴν
1227 857 1497 928 ὑπάρχειν
1544 859 1874 925 ἀδέκαστον,
1908 858 2001 928 ἀφ’

416 937 492 998 ὦν
524 946 693 1016 κάμοὶ
721 944 911 1001 τούτου
948 947 1277 1018 μετέδωκεν·
1306 950 1541 1022 ἀόρατον
1565 947 1658 1005 οὖν
1686 954 1801 1016 τοῖς
1828 951 2004 1006 ἅπασι

415 1040 511 1093 καὶ
546 1039 815 1095 ἀθάνατον
836 1082 852 1107 ,
886 1041 978 1109 ἀφ’
1013 1036 1089 1095 ὧν
1126 1043 1234 1113 ἔχω
1271 1043 1365 1098 καὶ
1399 1045 1564 1108 αὐτὸς
1594 1045 1858 1116 τοιαύτην
1895 1046 2004 1115 ψυ-

416 1132 533 1201 χήν·
567 1132 903 1205 δημιουργὸν
931 1134 1024 1188 καὶ
1053 1136 1302 1206 κτίστην,
1339 1138 1434 1207 ἀφ’
1467 1132 1541 1190 ὧν
1572 1137 1608 1192 ἃ
1640 1139 1736 1192 καὶ
1766 1137 2004 1210 ἐμαυτὸν

412 1222 525 1293 ὁρῶ
545 1224 753 1290 κτίζειν
771 1225 1275 1297 ὃυνόιμενον.Ἀλλα
1296 1227 1434 1299 πρὸς
1457 1229 1668 1293 τούτοις
1691 1231 1808 1282 ἐστὶ
1832 1230 2004 1301 μυρία

410 1318 720 1384 δεικνύντα,
774 1319 959 1380 καθὼς
1012 1314 1208 1385 οἷόντε,
1253 1321 1352 1392 τὴν
1400 1322 1537 1393 πρὸς
1586 1321 1649 1375 τὸ
1690 1323 2004 1394 ἀρχέτυπον

410 1407 571 1479 ἡμῶν
596 1408 913 1479 ὁμοιότητα.
948 1408 1155 1464 Τούτου
1188 1411 1459 1481 προδήλου
1488 1412 1888 1481 τυγχάνοντος,
1917 1412 2001 1465 ὅτι

407 1501 602 1574 ὥσπερ
626 1503 659 1574 ἡ
683 1503 791 1556 τῶν
817 1503 1124 1574 ἀνθρώπων
1151 1505 1337 1570 εἰκὼν,
1359 1504 1522 1576 ὁμοία
1550 1505 1691 1559 κατά
1717 1505 1780 1558 τὸ
1812 1503 2001 1575 σχῆμα

404 1594 756 1665 τυγχάνουσα
786 1593 863 1667 τῷ
892 1595 1188 1667 ἀνθρώπῳ,
1211 1597 1363 1650 δοκεῖ
1384 1596 1483 1668 μὲν
1509 1596 1655 1668 ἐχειν
1686 1598 1780 1650 καὶ
1809 1597 1999 1662 πόδας,

406 1687 505 1740 καὶ
545 1686 824 1759 κεφαλὴν,
857 1686 971 1759 ἔχει
1001 1687 1057 1741 δέ
1085 1687 1291 1744 τούτων
1325 1690 1478 1744 οὐδὲν
1524 1689 1671 1744 κατὰ
1712 1689 1996 1759 ἀλήθειαν,

2112 491 2355 561 impero;
2404 492 2647 561 judicem
2698 494 3097 566 incorruptum,
3150 500 3278 569 quia
3325 510 3378 553 et
3425 500 3557 554 mihi
3600 502 3703 554 hoc

2109 584 2411 651 competit;
2474 586 2728 641 omnibus
2788 588 3123 645 invisibilem
3190 599 3245 643 et
3298 591 3699 656 immortalem,

2109 672 2234 740 quia
2265 682 2319 726 ct
2347 673 2479 728 mihi
2519 675 2845 731 immortalis
2888 679 3111 746 anima;
3144 690 3451 735 creatorem
3477 691 3533 735 et
3576 698 3703 737 eon-

2110 764 2363 831 ditoretn,
2421 769 2546 835 quia
2602 768 2716 837 ipse
2761 771 3008 839 quaedam
3059 773 3299 827 condere
3347 773 3524 828 valeo.
3577 774 3697 828 Alia

2112 868 2237 914 sunt
2284 859 2509 929 insuper
2549 860 2858 924 innumera,
2903 877 3022 930 qua:
3058 872 3301 917 nostram
3335 879 3457 918 cum
3502 867 3701 921 arche-

2108 957 2236 1021 typo
2281 951 2720 1018 similitudinem,
2772 954 2953 1021 quoad
3007 953 3123 1008 ﬁeri
3151 965 3349 1023 potest,
3394 956 3695 1011 declarant.

2106 1040 2391 1098 Neminem
2437 1042 2573 1113 l'ugit
2605 1044 2749 1112 quod
2799 1045 2978 1115 imago
3026 1046 3328 1109 hominum,
3379 1047 3446 1102 ad
3481 1048 3696 1103 illorum

2105 1135 2345 1204 speciem
2409 1133 2625 1199 elfeeta,
2676 1137 2843 1205 pedes
2897 1137 3118 1205 quidem
3173 1137 3380 1193 habere
3441 1149 3494 1191 et
3540 1152 3701 1209 caput

2106 1226 2343 1292 videtur,
2376 1243 2569 1296 reapse
2608 1238 2787 1282 autem
2820 1229 2954 1283 nihil
2980 1230 3207 1299 hujusce
3243 1234 3461 1299 generis
3510 1234 3694 1298 habet,

2105 1328 2302 1385 praeter
2345 1318 2517 1374 solam
2559 1321 2808 1389 ﬁgurant.
2867 1320 3044 1375 Simili
3097 1322 3329 1387 ratione,
3369 1324 3477 1378 imo
3528 1325 3698 1378 multo

2104 1410 2318 1466 fortiori
2366 1415 2599 1474 ratione,
2630 1427 2750 1481 qua:
2798 1413 2932 1468 mihi
2978 1430 3075 1484 per
3118 1415 3530 1470 similitudinem
3569 1433 3692 1471 cum

2106 1504 2398 1559 Divinitate
2424 1514 2762 1574 competunt,
2785 1505 2965 1559 divina
3017 1515 3208 1560 natura
3241 1506 3399 1577 longe
3434 1524 3699 1578 superan-

2107 1606 2212 1650 tur.
2251 1595 2387 1650 Nam
2421 1595 2566 1652 Deus
2595 1607 2853 1661 retentus,
2891 1606 2946 1652 et
2976 1614 3061 1654 me
3092 1615 3196 1653 una
3229 1617 3351 1655 cum
3379 1603 3596 1656 caeteris
3624 1617 3693 1657 ex

2107 1688 2276 1741 nihilo
2302 1689 2565 1757 protulit;
2600 1703 2703 1758 ego
2731 1699 2911 1743 autem
2945 1690 3235 1760 imaginem
3268 1708 3443 1746 meam
3475 1708 3541 1749 es
3573 1710 3694 1748 ma—

404 1777 526 1831 ἀλλ’
572 1777 701 1851 ἄχρι
751 1779 914 1850 μόνου
969 1778 1064 1834 τοῦ
1107 1781 1410 1852 σχήματος⁸
1461 1779 1639 1847 οὕτω,
1701 1781 1902 1853 μᾶλλον
1945 1782 1995 1835 δὲ

2109 1779 2244 1833 teria
2286 1781 2520 1848 quadam
2573 1780 2715 1851 ﬁngo
2763 1796 2883 1850 qua:
2937 1797 3147 1836 mecum
3197 1785 3360 1838 simul
3418 1785 3471 1839 in
3517 1787 3690 1841 lucent

406 1869 583 1943 πέραν
624 1871 864 1939 τούτων,
900 1872 972 1926 τὰ
1006 1872 1130 1943 ἐμοὶ
1171 1871 1297 1927 καθ’
1340 1873 1637 1944 ὁμοιότητα
1680 1873 1789 1927 τῶν
1834 1873 2006 1927 θείων

2105 1870 2331 1941 prodiit.

402 1963 715 2032 προσόντα,
747 1964 1002 2036 ἐνεργείᾳ
1030 1964 1167 2036 πρὸς
1212 1963 1281 2018 τὰ
1321 1963 1432 2018 τῶν
1463 1964 1540 2029 ὡς
1577 1964 1796 2037 ἀληθῶς
1861 1965 2026 2019 θείων
2092 1960 2558 2030 ἀπολιμπάνεται.
2602 1960 2735 2025 Θεὸς
2784 1962 2884 2033 μὲν
2932 1963 3044 2035 γὰρ
3084 1964 3248 2029 αὐτὸς
3290 1965 3459 2029 ἀΐδιος
3492 1962 3588 2034 ὢν,
3637 1963 3698 2032 ἐξ

401 2055 507 2109 οὐκ
538 2055 709 2111 όντων
742 2056 842 2126 ἐμὲ
870 2059 983 2121 τοῖς
1012 2055 1193 2121 ἄλλοις
1220 2057 1340 2129 ἅμα
1380 2059 1828 2130 συνυπεστὴσατο
1851 2073 1864 2088 ⁸
1898 2057 2010 2127 ἐγὼ
2044 2057 2101 2111 δέ
2124 2055 2222 2127 τὴν
2245 2053 2434 2108 είκόνα
2474 2052 2787 2124 πεποίημαι
2810 2055 2913 2126 τὴν
2976 2055 3140 2121 αὐτὸς
3170 2054 3415 2129 ἐμαυτοῦ
3449 2058 3508 2126 ἐξ
3539 2057 3694 2130 ὕλης,

406 2150 529 2221 μεθ’
552 2146 618 2222 ἧς
649 2149 744 2203 τοῦ
783 2146 924 2205 εἶναι
953 2155 1050 2204 καὶ
1080 2151 1244 2215 αὐτὸς
1277 2150 1481 2221 εἴληφα
1518 2152 1621 2222 τὴν
1653 2151 1854 2223 ἀρχήν.

476 2244 571 2296 Δεῖ
601 2242 788 2313 μέντοι
812 2243 909 2296 καὶ
931 2242 1093 2297 τοῦτό
1121 2260 1227 2307 σοι,
1261 2243 1315 2295 τί
1350 2244 1483 2297 ποτέ
1512 2244 1633 2296 ἐστι
1663 2243 1726 2296 τὸ
1760 2240 1890 2295 κατ’
1914 2243 1994 2294 εί-

403 2335 559 2389 κόνα
611 2336 799 2404 σαφῶς
846 2350 909 2388 τε
970 2335 1069 2389 καὶ
1121 2332 1405 2405 συντόμως
1448 2334 1529 2396 εἰς
1575 2335 1716 2404 ἐμὴν
1764 2332 2000 2403 δύναμιν

403 2426 657 2481 διελθεῖν.
714 2426 850 2480 Ἀπὸ
876 2425 987 2481 τῶν
1030 2427 1161 2497 παρ’
1192 2427 1328 2496 ἡμῖν
1371 2425 1567 2479 εἴωθεν
1604 2426 1680 2490 ὼς
1711 2425 1780 2478 τά
1825 2424 1998 2478 πολλά

405 2519 543 2589 πρὸς
566 2519 714 2589 ἡμᾶς
738 2520 771 2589 ἡ
804 2517 995 2589 Γραφὴ
1037 2518 1167 2589 περὶ
1194 2516 1333 2570 Θεοῦ
1364 2516 1740 2586 διαλέγεσθαι,
1774 2515 1871 2570 καὶ
1898 2515 1999 2587 τὴν

401 2606 757 2662 διδασκαλίαν
788 2609 855 2661 ἐκ
898 2607 1011 2660 τῶν
1043 2608 1341 2679 γνωρίμων
1378 2609 1513 2678 ἡμῖν
1559 2612 1735 2661 ποιεῖν
1767 2608 1996 2678 ἐναργῆ.

413 2700 503 2763 Ὠς
536 2695 650 2762 οὖν,
680 2699 810 2751 ὅταν
840 2697 1048 2770 ἀκούῃς
1076 2700 1222 2767 χειρὶ
1242 2697 1333 2750 τὸν
1362 2698 1495 2750 Θεὸν
1524 2697 1879 2752 ἐκτετακέναι
1900 2698 1992 2751 τὸν

402 2789 666 2859 οὐρανὸν,
691 2788 725 2858 ἢ
755 2787 956 2857 γνόφον
987 2787 1259 2858 ὑπάρχειν
1287 2787 1396 2840 ὑπὸ
1425 2788 1552 2851 τοὺς
1590 2787 1761 2853 πόδας
1804 2789 1994 2857 αὐτοῦ,

400 2882 505 2934 οὐκ
538 2878 758 2949 άληθῶς
787 2882 983 2950 χεῖρας
1011 2878 1158 2951 ἔχειν
1184 2881 1326 2943 νοεῖς
1355 2878 1446 2932 τὸν
1473 2879 1627 2946 Θεὸν,
1669 2881 1793 2934 οὐδέ
1825 2882 1997 2946 πόδας

407 2972 634 3045 (άπλοῦν
657 2973 765 3043 γάρ
787 2972 847 3026 τὸ
878 2972 1052 3039 Θεῖον,
1081 2973 1276 3044 ὅτιπερ
1297 2973 1393 3027 καὶ
1414 2972 1756 3045 ἀσώματον),
1782 2975 1900 3029 ἀλλ’
1932 2977 1999 3028 ἐκ

2172 2231 2401 2301 Oportet
2449 2238 2631 2285 tamen
2652 2245 2889 2301 .quoque
2934 2247 3033 2302 pro
3063 2233 3270 2292 viribus
3314 2237 3411 2295 tibi
3451 2241 3696 2302 breviter

2101 2336 2155 2381 et
2186 2334 2373 2395 aperte
2406 2324 2683 2396 explicare
2713 2326 2845 2395 quid
2890 2326 2991 2381 sibi
3022 2327 3253 2384 voluerit
3284 2331 3415 2388 illud
3454 2338 3523 2389 ad
3557 2339 3688 2395 ima-

2100 2418 2292 2486 ginem.
2323 2416 2474 2473 Solet
2514 2418 2732 2488 quidem
2772 2419 3057 2489 Scriptura
3098 2437 3160 2477 ea
3190 2425 3258 2479 de
3298 2423 3408 2482 Deo
3432 2430 3694 2489 adhibere

2101 2522 2224 2576 quae
2254 2508 2394 2577 apud
2435 2523 2534 2564 nos
2575 2519 2928 2578 usurpantur,
2961 2521 3016 2566 et
3060 2513 3367 2571 doctrinam
3402 2535 3554 2575 suam
3593 2539 3693 2591 per

2101 2614 2173 2661 ea
2200 2600 2477 2656 illustrare
2502 2614 2624 2670 qum
2657 2601 2818 2657 nobis
2857 2603 3223 2661 innotescunt.
3255 2606 3408 2674 Quod
3440 2612 3485 2666 si
3523 2613 3693 2685 igitur

2100 2691 2168 2747 de
2201 2690 2312 2747 Deo
2341 2690 2606 2757 audieris,
2655 2706 2780 2747 eum
2814 2709 2976 2747 manu
3005 2695 3202 2751 emlum
3235 2702 3564 2771 extendisse,
3599 2720 3697 2764 aut

2104 2783 2394 2854 caliginem
2425 2783 2627 2839 habere
2653 2784 2754 2839 sub
2783 2787 3010 2854 pedibus
3033 2790 3165 2852 suis,
3195 2791 3303 2845 noli
3327 2796 3552 2850 credere
3569 2814 3691 2853 eum

2107 2874 2284 2945 reipsa
2330 2875 2582 2929 manibus
2624 2885 2722 2929 aut
2755 2875 2983 2944 pedibus
3026 2878 3350 2935 instructum
3389 2897 3509 2939 esse
3543 2886 3689 2957 (nam

2107 2965 2335 3037 simplex
2355 2967 2516 3034 Deus,
2537 2968 2662 3038 quia
2684 2969 3079 3042 incorporeus);
3103 2975 3194 3026 sed
3220 2974 3454 3028 humana
3478 2977 3695 3034 ratione

400 3066 511 3119 τῶν
539 3065 845 3139 ἡμετέρων,
869 3065 957 3119 διὰ
984 3065 1083 3134 μὲν
1105 3067 1204 3137 τῆς
1223 3066 1429 3137 χειρὸς,
1459 3062 1607 3129 οἶδας
1631 3067 1995 3137 σημαίνεσθαι

2108 3058 2379 3114 indicatur
2405 3075 2500 3129 per
2532 3075 2725 3115 manus
2755 3063 3025 3130 operatio,
3059 3065 3276 3135 quando
3308 3065 3408 3134 ipsi
3441 3069 3692 3125 manibus

399 3155 501 3228 τὴν
532 3157 837 3227 ἐνέργειαν,
866 3155 1056 3227 ἐπειδὴ
1084 3158 1271 3227 χερσῖν
1303 3157 1464 3227 ἡμεῖς
1501 3157 1866 3229 ἐνεργοῦμενο
1906 3157 1995 3211 διὰ

2102 3164 2424 3220 operamur;
2458 3161 2511 3207 et
2547 3165 2642 3221 per
2668 3151 2833 3220 pedes
2869 3153 3183 3223 praesentia,
3211 3155 3428 3223 quando
3455 3156 3686 3224 pedibus

399 3247 456 3301 δὲ
486 3246 583 3301 τοῦ⁹
619 3248 800 3314 ποδὸς,
826 3248 927 3318 τὴν
952 3246 1280 3319 παρουσίαν,
1313 3248 1502 3319 ἐπειδὴ
1530 3250 1690 3303 ποσὶν
1712 3250 1875 3319 ἡμεῖς
1904 3241 1994 3302 οὗ·

401 3358 510 3413 περ
544 3339 805 3410 ἐθέλομεν
849 3339 1229 3411 ἀφικνούμεθα
1248 3357 1263 3371 ο
1294 3341 1391 3394 καὶ
1416 3340 1508 3393 ἐπὶ
1545 3339 1768 3395 πάντων
1795 3339 1854 3393 δέ
1883 3340 1996 3395 τῶν

400 3432 837 3503 τοιουτοτρόπων
862 3433 1261 3503 παραπλησίως
1290 3433 1417 3504 ἡγῇ,
1444 3431 1540 3486 καὶ
1588 3433 1687 3501 οὐχ
1713 3431 1992 3502 ἐτεροίως’

400 3524 575 3589 οὕτως
607 3524 822 3590 ἐκδεξαι
863 3523 959 3577 καὶ
990 3523 1051 3577 τὸ
1093 3524 1196 3593 τῆς
1235 3523 1468 3585 εἰκόνος.
1512 3521 1577 3575 Ἠ
1606 3524 1792 3575 τοίνυν
1823 3520 1989 3575 εἰκὼν

397 3618 561 3673 τοῦτο
583 3618 804 3671 δύναται
832 3616 961 3688 παρ’
996 3617 1150 3688 ἡμῖν’
1170 3616 1263 3669 τὸν
1291 3616 1391 3686 οὐχ
1420 3614 1701 3687 ὁρώμενον
1730 3613 1994 3677 πολλάκις

398 3713 533 3783 ἡμῖν
582 3708 926 3764 ὑποδεικνύει
981 3701 1154 3780 οὗπέρ
1201 3708 1341 3771 ἐστι,
1385 3708 1480 3761 καὶ
1508 3706 1598 3760 διὰ
1643 3706 1743 3777 τῆς
1779 3703 1992 3768 εἰκόνος

397 3805 660 3874 παρεῖναι
693 3802 785 3855 τὸν
825 3800 1035 3855 ἀπόντα
1067 3798 1385 3870 νομίζομεν.
1430 3797 1650 3869 Ἐπειδὴ
1679 3797 1861 3850 τοίνυν
1895 3797 1991 3850 καὶ

394 3900 425 3951 ό
448 3896 730 3966 Δεσπότης
756 3893 890 3957 Θεὸς
921 3894 1152 3964 ἀόρατος
1179 3890 1482 3954 παντελῶς,
1513 3891 1610 3945 καὶ
1630 3889 1991 3961 ἀπερινόητος

394 3988 553 4061 πάσῃ
581 3988 782 4057 γενητῇ
808 3985 969 4055 φύσει
997 3983 1326 4054 καθέστηκε,
1353 3972 1569 4053 πρὸςδὲ
1594 3982 1690 4035 καὶ
1709 3979 1989 4050 ἀνενδεὴς,

390 4083 457 4135 ἐν
482 4079 654 4132 εἰκόνι
670 4076 807 4130 Θεοῦ
826 4077 919 4129 τὸν
938 4075 1226 4147 ἄνθρωπον
1250 4069 1391 4128 εἶναι
1408 4076 1472 4145 τῇ
1497 4073 1673 4127 κτίσει
1697 4071 1987 4141 πεποίηκε,

390 4173 494 4226 καὶ
525 4168 749 4240 βασιλέα
778 4167 960 4237 πάσης
989 4166 1275 4234 ἀπέδειξεν
1304 4166 1484 4220 αὐτόν’
1518 4164 1607 4220 ἴνα
1641 4164 1741 4235 τὴν
1768 4165 1990 4233 ἐποφει-

389 4263 638 4334 λομένην
686 4259 838 4331 αὐτῷ
865 4260 1033 4331 τιμὴν
1063 4261 1195 4329 παρ’
1238 4257 1409 4327 αὐτῆς
1442 4258 1500 4309 ἐν
1528 4254 1765 4321 τούτοις,
1792 4255 1888 4308 καὶ
1921 4256 1988 4326 τῇ

389 4355 537 4427 περὶ
573 4352 781 4407 τούτων
825 4351 1097 4422 θεραπείᾳ
1137 4348 1443 4421 κομίζοιτο.
1487 4336 1600 4402 καὶ
1641 4346 1724 4401 ὅτι
1778 4346 1878 4417 μὲν
1923 4346 1992 4400 τά

2102 3258 2199 3297 nos
2251 3259 2581 3315 quacunque
2632 3244 2853 3299 libuerit
2904 3244 3260 3303 conferimus.
3313 3246 3385 3302 De
3435 3249 3692 3304 omnibus

2102 3350 2212 3391 rem
2259 3351 2319 3391 se
2368 3336 2532 3391 simili
2575 3340 2737 3393 modo
2785 3336 2988 3392 habere
3039 3339 3232 3393 eredas
3283 3347 3339 3394 et
3393 3355 3499 3395 non
3546 3341 3685 3409 alio,

2099 3425 2240 3481 idem
2282 3426 2426 3481 valet
2473 3440 2528 3483 et
2575 3431 2642 3484 de
2673 3428 2767 3483 illo
2815 3427 2884 3482 ad
2926 3428 3236 3498 imaginem.
3276 3429 3351 3483 Ea
3396 3438 3482 3484 est
3526 3431 3692 3499 igitur

2097 3514 2240 3583 apud
2273 3529 2374 3569 nos
2415 3514 2589 3569 virtus
2634 3516 2911 3586 imaginis,
2934 3527 2993 3570 ut
3029 3533 3164 3584 rem,
3194 3517 3347 3588 cujus
3373 3529 3476 3584 est,
3510 3520 3589 3576 vel
3621 3523 3689 3574 ab

2095 3605 2268 3659 oculis
2304 3614 2567 3660 remotam
2593 3606 2914 3675 plerumque
2938 3609 3299 3674 demonstret,
3329 3620 3383 3666 et
3413 3610 3557 3666 illius
3587 3626 3690 3679 ope

2097 3695 2179 3750 vel
2210 3696 2459 3752 absentia
2497 3699 2689 3753 adesse
2721 3708 2997 3768 putemus.
3042 3699 3273 3764 Quando
3301 3700 3468 3771 igitur
3495 3703 3686 3755 Domi-

2097 3804 2201 3843 nus
2232 3788 2374 3845 Deus
2407 3789 2633 3844 omnino
2661 3789 2951 3845 invisibilis
2999 3797 3055 3845 et
3095 3791 3684 3860 incomprehensibilis,

2093 3883 2241 3938 omni
2276 3891 2566 3949 creatum,
2617 3884 2726 3939 imo
2766 3883 2912 3938 nulla
2964 3899 3023 3939 re
3067 3886 3279 3956 indigus
3316 3886 3586 3941 hominem
3619 3890 3687 3943 ad

2095 3974 2383 4044 imaginem
2418 3987 2569 4027 suam
2618 3974 2845 4040 creavit,
2890 3984 2943 4030 et
2985 3991 3165 4045 regem
3196 3975 3376 4030 omnis
3420 3987 3686 4033 creatura:

2094 4065 2493 4120 demonstravit
2526 4079 2686 4133 eum;
2737 4065 2868 4120 feeit
2902 4068 3006 4121 hoe
3051 4067 3284 4136 primum
3335 4075 3393 4121 ut
3444 4068 3682 4123 debitum

2093 4155 2197 4210 sibi
2247 4170 2277 4210 a
2324 4156 2596 4210 creaturis
2643 4156 2902 4211 honorem
2937 4172 3034 4227 per
3080 4157 3330 4213 homines
3384 4159 3683 4228 acciperet,

2095 4245 2323 4315 ideoque
2358 4246 2555 4301 merito
2591 4246 2739 4301 cultu
2773 4232 3087 4316 coleretur;
3118 4248 3317 4303 deinde
3343 4259 3401 4304 ut
3427 4249 3683 4304 omnibus

2094 4349 2357 4410 appareat
2384 4345 2613 4394 cunctas
2644 4354 2732 4394 res
2772 4339 3083 4405 sensibiles,
3118 4349 3318 4395 terram
3364 4340 3597 4406 scilicet,
3629 4351 3684 4396 et

389 4442 632 4514 αἰσθητὰ
662 4442 844 4496 πάντα
872 4443 1009 4511 πρὸς
1035 4442 1137 4513 τὴν
1165 4440 1359 4494 τούτου
1383 4438 1571 4512 χρείαν
1608 4436 1877 4510 σύνθητ...
1913 4437 1987 4509 (5)

2102 4445 2271 4496 mare,
2299 4437 2354 4485 et
2381 4432 2740 4486 animantium
2773 4442 3018 4496 naturas,
3056 4443 3113 4488 et
3161 4447 3363 4497 aerem,
3416 4431 3469 4487 in
3507 4434 3685 4487 homi—

389 4538 491 4609 γῆ,
517 4537 758 4591 θάλαττα
777 4574 792 4597 ,
817 4533 973 4598 ζώων
1000 4534 1196 4602 φύσεις
1215 4573 1231 4599 ,
1263 4532 1393 4605 ἀὴρ,
1430 4532 1801 4605 ὡμολόγηται.
1834 4531 1989 4602 Τάχα

389 4628 443 4683 δ’
464 4627 529 4681 ἄν
557 4643 668 4680 τισι
701 4623 971 4697 προσταίη
1000 4625 1081 4690 τὸ,
1112 4625 1209 4677 καὶ
1245 4625 1377 4694 περὶ
1406 4623 1515 4678 τῶν
1539 4623 1789 4693 ἀγγέλων
1816 4621 1988 4677 ,ταυτὸ

389 4718 557 4776 τοῦτο
602 4718 834 4787 φάσκειν
879 4716 1063 4788 ἡμᾶς·
1116 4715 1212 4779 οὒς
1263 4714 1463 4785 Παύλῳ
1514 4716 1987 4788 παραπέμψαντες

392 4810 686 4882 φάσκοντι,
705 4808 945 4874 Πάντας
963 4802 1363 4873 αὑτοὺςέἷναι
1393 4808 1776 4879 λειτουργικὰ
1804 4809 1987 4862 πνεύ-

386 4901 552 4975 ματα
581 4905 669 4968 εις
690 4901 1004 4956 διακονίαν
1026 4899 1530 4967 ἀποστελλόμενα
1549 4899 1648 4954 διὰ
1675 4899 1820 4967 τοὺς
1842 4899 1988 4970 μέλ-

390 5000 619 5060 λοντας
646 4992 1047 5063 κληρονομεῖν
1076 4991 1398 5059 σωτηρίαν,
1422 4990 1577 5045 αὐτοὶ
1596 4992 1695 5062 τῆς
1718 4991 1855 5062 πρὸς
1885 4992 1983 5045 αὐ-

392 5086 525 5150 τοὺς
557 5084 892 5154 φιλονεικίας
922 5081 1371 5153 ἀπαλλαξόμεθα.
1405 5082 1619 5153 Ὂνπερ
1648 5081 1831 5137 τοίνυν
1859 5083 1995 5155 τρόιτ

395 5194 501 5231 πον
535 5176 647 5230 τῶν
692 5176 840 5231 κατὰ
870 5176 974 5247 γῆν
1014 5174 1225 5230 τούτων
1255 5173 1558 5245 βασιλέων,
1587 5176 1713 5230 ὅσαι
1752 5176 1854 5245 μέν
1883 5177 1993 5230 εἱσι

393 5269 507 5323 τῶν
549 5268 762 5324 πόλεων
804 5269 1041 5340 ὑπήκοοί
1087 5285 1149 5321 τε
1201 5268 1298 5322 καὶ
1336 5268 1503 5337 φίλιοι
1557 5267 1886 5339 περιέπουσι
1931 5284 1992 5322 τε

392 5361 496 5426 τάς
527 5361 743 5426 εἰκόνας
775 5363 978 5429 αὐτῶν,
1013 5361 1110 5417 καὶ
1133 5361 1300 5432 τιμὴν
1322 5360 1515 5426 αὑταῖς
1555 5360 1777 5417 ἃπασαν
1822 5379 1993 5436 προσ-

469 5541 494 5573 ⁶
514 5541 679 5597 Hebr.
705 5554 745 5607 ι,
784 5538 874 5592 ιι.

469 5705 496 5735 ε
532 5695 650 5751 Ἵσ.
684 5691 1043 5747 συντέθειται.

2096 4539 2224 4591 num
2251 4538 2406 4578 usum
2434 4522 2601 4579 fuisse
2631 4533 2833 4579 creata.
2861 4524 3017 4591 Quod
3054 4525 3098 4580 si
3138 4526 3261 4595 quis
3292 4526 3680 4597 indignabitur,

2097 4633 2196 4674 nos
2231 4619 2368 4674 idem
2392 4619 2460 4674 de
2502 4619 2710 4689 angelis
2756 4619 3036 4688 proﬁteri,
3068 4619 3405 4674 dimittemus
3454 4633 3577 4673 eum
3617 4620 3684 4673 ad

2094 4710 2322 4765 Pautum
2376 4711 2647 4767 dicentem
2702 4728 2716 4765 :
2770 4710 2965 4767 Omnes
3023 4727 3138 4766 esse
3200 4711 3685 4767 administratorios

2094 4803 2359 4873 spiritus,
2414 4805 2469 4857 in
2510 4804 2866 4858 ministerium
2923 4804 3113 4859 missos
3165 4813 3379 4876 prapler
3426 4820 3548 4871 eos,
3596 4806 3686 4874 qui

2096 4900 2461 4956 hereditatem
2490 4901 2697 4967 capient
2744 4900 2936 4953 salutis
2956 4901 2999 4965 ⁸,
3047 4898 3222 4952 soluto
3250 4896 3334 4952 sic
3365 4895 3512 4951 omni
3555 4910 3685 4950 con-

2094 4993 2354 5050 tentionis
2378 4991 2633 5046 crimine.
2668 4990 2788 5056 Quo
2811 4989 2975 5043 modo
3008 4988 3171 5057 igitur
3202 4988 3255 5040 in
3286 4987 3448 5040 terris
3495 5000 3683 5052 regum

2093 5084 2295 5140 subditi
2341 5090 2398 5138 et
2456 5082 2617 5136 amici
2677 5078 2940 5148 imagines
2991 5090 3183 5131 eorum
3233 5082 3569 5135 reverentur,
3627 5083 3683 5128 et

2095 5177 2284 5232 eodem
2309 5187 2405 5229 eas
2432 5172 2580 5228 cultu
2612 5177 3038 5242 prosequuntur,
3060 5182 3168 5236 quo
3202 5167 3289 5221 vel
3319 5167 3465 5234 ipsos
3483 5178 3676 5232 reges;

2096 5269 2172 5322 ita
2199 5280 2415 5336 quoque
2463 5278 2522 5319 se
2568 5262 2769 5318 habent
2798 5259 2916 5324 Dei,
2952 5273 3134 5314 rerum
3172 5259 3416 5312 omnium
3446 5255 3674 5319 domini,

2095 5371 2383 5418 creaturae.
2428 5356 2532 5425 Qui
2582 5356 2897 5414 Creatorem
2962 5359 3328 5415 venerantur,
3380 5346 3679 5418 imaginem
