4064 6386
346 290 480 357 1637

1489 294 1570 355 ΙΝ
1610 294 1942 357 GENESIN
1985 294 2447 358 FRAGMENTA
2463 344 2477 357 .

3470 304 3608 370 Ῑίέῖιές

340 410 398 460 ὲν
424 403 610 468 αὐτοῖς
640 402 940 475 νάρκωσιν,
974 404 1471 476 ἁναζωπυρήσουσι
1501 407 1598 476 τὴν
1634 408 1732 477 τῆς
1754 426 1891 479 γαμι

2024 410 2240 478 quidem
2272 409 2436 473 facto,
2469 421 2688 463 necesse
2713 418 2826 463 erat
2861 417 2914 465 ut
2938 410 3143 481 pudore
3170 413 3535 491 adicerentur,
3557 434 3610 475 et

340 499 440 569 κῆς
472 496 723 565 εὐλογίας
741 494 1064 565 ἐπιθυμίαν·
1104 497 1294 551 τούτου
1311 498 1367 550 δὲ
1387 516 1450 551 συ
1460 500 1696 569 μεάντος
1715 504 1918 567 αὐτοῖς,

341 592 406 644 τὰ
435 591 534 660 τῆς
563 589 830 659 αἰσχύνης
884 588 946 652 ἐξ
1006 589 1259 661 ἀνάγκης
1309 591 1776 661 ἐπισυμῦἠσεται,
1827 595 1924 647 καὶ

340 668 563 752 ἥξουσιν
625 679 802 744 οὕτως
834 681 916 744 εἰς
962 680 1257 749 διάγνωσιν
1314 683 1483 736 καλοῦ
1508 702 1563 736 τε
1588 684 1682 737 καί
1723 685 1919 740 κακοῦ.

354 774 513 827 Ἀλλὰ
543 773 668 847 μὴν,
702 776 776 837 ὡς
807 775 904 845 τὴν
937 774 1214 844 ἐνίσχυσεν
1244 776 1424 846 ἡμῶν,
1458 776 1717 842 διάνοιξιν
1739 778 1922 846 λέγειν

340 864 632 935 ὀφθαλμῶν
665 860 807 917 οἶδεν
843 866 875 934 ἡ
906 863 1027 917 θεία
1067 865 1282 938 Γραφὴ,
1329 866 1478 937 λέγει
1517 870 1549 939 ἠ
1589 868 1784 941 πρώτη
1812 869 1922 924 τῶν

341 955 661 1019 Βασιλειῶν,
695 958 777 1011 ὅτι
834 956 929 1011 τοῦ
978 957 1152 1011 Σαούλ
1179 977 1310 1013 ποτε
1364 961 1730 1031 πολεμοῦντος
1760 962 1920 1016 ἀλλο-

340 1046 566 1115 φύλοις,
615 1048 710 1102 καὶ
756 1050 1217 1119 καταρασαμένου
1269 1052 1361 1105 τὸν
1394 1052 1543 1114 λαὸν,
1595 1055 1643 1105 εἰ
1681 1053 1787 1125 πρὸ
1822 1056 1921 1125 τῆς

338 1141 584 1212 ἑσπέρας
610 1140 905 1211 μεταλάϐοι
946 1144 1179 1213 τροφῆς,
1198 1143 1457 1199 Ἰωνάθαν
1509 1147 1537 1198 6
1575 1145 1692 1209 υἰές
1751 1146 1919 1199 αὑτοῦ

336 1231 529 1286 τοῦτον
564 1233 665 1286 οὐκ
707 1233 1048 1304 ὲπακὴκοεν.
1092 1233 1368 1287 Εἰσελθὼν
1408 1235 1640 1289 δὲικατά
1666 1254 1717 1289 τι
1754 1237 1922 1307 μέρος

335 1324 571 1395 δρυμοῦ,
616 1325 1013 1396 περιτυγχάνει
1050 1327 1437 1398 συστρέμματι
1479 1327 1772 1396 μελισσῶν,
1825 1332 1920 1383 καὶ

333 1419 588 1478 ἐκτείνας
619 1418 680 1470 τὸ
718 1419 890 1489 ἄκρον
930 1416 1025 1471 τοῦ
1090 1419 1372 1489 σκήπτρου
1412 1418 1507 1472 τοῦ
1558 1423 1617 1473 ἐν
1659 1423 1726 1493 τῇ
1777 1422 1922 1494 χειρὶ

331 1508 525 1574 αὑτοῦ,
556 1508 824 1579 ἐνέϐαψεν
853 1510 986 1563 αὐτὸ
1018 1511 1099 1573 εἰς
1125 1509 1185 1562 τὸ
1220 1512 1417 1581 κηρίον
1443 1511 1536 1565 τοῦ
1566 1513 1802 1583 μέλιτος,
1825 1515 1921 1567 καὶ

330 1600 641 1670 ἐπέστρεψε
676 1599 776 1671 τὴν
810 1602 970 1670 χεῖρα
1000 1598 1166 1652 αὑτοῦ
1202 1602 1285 1663 εἰς
1315 1601 1376 1652 τὸ
1405 1601 1579 1672 στόμα
1605 1602 1796 1667 αὑτοῦ,
1826 1604 1921 1656 καὶ

329 1692 642 1763 ἀνέϐλεψαν
679 1694 729 1747 οἱ
762 1692 1038 1762 ὀφθαλμοί
1068 1691 1259 1745 αὑτοῦ.
1289 1693 1493 1747 Μαθὼν
1514 1694 1567 1747 δὲ
1593 1696 1732 1764 μετὰ
1759 1695 1921 1749 τοῦτο

2028 502 2098 555 ad
2125 502 2454 569 agnitionem
2483 502 2607 555 boni
2634 509 2685 554 et
2715 501 2839 556 ntali
2875 504 3142 561 venirent.
3169 506 3321 572 Quod
3347 520 3525 565 autem
3553 514 3607 565 in

2028 596 2206 647 divina
2240 592 2522 663 Scriptura
2555 594 2740 648 oculos
2782 596 2980 664 aperiri
3032 597 3172 651 idem
3208 610 3364 655 sonet
3390 617 3452 656 ae
3489 619 3604 657 (ιω--

2028 686 2296 748 rnlturari,
2332 696 2554 754 apparet
2589 703 2652 739 ex
2686 688 2857 756 primo
2888 688 3028 743 libro
3058 689 3287 761 Iit-gum.
3310 692 3444 746 Nam
3478 697 3605 751 Saul

2025 790 2147 827 cum
2196 774 2527 844 alienigenas
2569 776 2879 842 lacesseret,
2916 789 2969 831 et
2999 782 3253 849 populum
3297 783 3605 854 adjuravis-

2024 873 2123 925 set,
2174 877 2242 916 ne
2272 863 2398 932 quis
2444 874 2573 918 ante
2611 880 2892 934 vesperam
2941 880 3156 937 caperet
3205 871 3408 935 cibum,
3444 872 3605 926 .louu-

2028 955 2154 1007 tltan
2184 955 2323 1011 illius
2342 954 2460 1025 ejus
2477 972 2584 1010 non
2602 958 2808 1013 audivit
2828 959 3193 1015 maledictum.
3213 963 3491 1033 Ingressus
3512 968 3606 1035 igi-

2026 1056 2112 1099 tur
2140 1061 2332 1103 nemus
2371 1048 2663 1117 quoddam,
2695 1051 2906 1120 apiario
2932 1054 3192 1121 occurrit,
3220 1064 3275 1108 ct
3309 1059 3605 1112 extendens

2024 1140 2391 1196 sammilatem
2420 1142 2620 1211 sceptri
2648 1145 2728 1197 sui
2757 1147 2901 1214 quod
2940 1145 2992 1198 in
3027 1162 3187 1200 manu
3224 1164 3333 1203 sua:
3365 1152 3600 1214 tenebat,

2025 1233 2187 1287 tinxit
2243 1233 2388 1288 illam
2434 1234 2486 1290 in
2541 1233 2664 1290 faro
2718 1238 2914 1303 mellis,
2969 1246 3025 1292 et
3075 1242 3344 1296 convertit
3388 1259 3602 1297 manum

2024 1339 2179 1379 suam
2212 1326 2280 1381 ad
2321 1340 2384 1382 os
2424 1342 2604 1392 suum,
2653 1335 2709 1383 et.
2740 1337 3101 1398 suspexerunt
3158 1332 3298 1385 oeuli
3329 1331 3465 1397 eius.
3501 1333 3606 1387 Co-

2024 1414 2175 1482 gnito
2225 1426 2404 1470 autem
2458 1429 2643 1486 postea
2701 1419 2990 1473 maledicto
3034 1422 3225 1491 patris,
3264 1423 3604 1478 dixitzper—

2023 1505 2255 1559 turbari!
2300 1517 2451 1573 pater
2486 1524 2629 1561 meus
2672 1520 2886 1563 terram.
2923 1508 3055 1564 Vide
3098 1514 3349 1582 quoniam
3401 1518 3604 1584 gustari

2024 1596 2174 1651 brere
2210 1599 2337 1666 quid
2369 1597 2432 1651 de
2463 1599 2618 1653 melle
2650 1602 2768 1664 hoc,
2794 1602 3196 1657 rideruntoculi
3227 1607 3326 1659 mei
3350 1607 3391 1660 ⁷.
3437 1607 3600 1661 Simi-

2022 1689 2092 1743 lia
2113 1706 2243 1760 ergo
2274 1699 2524 1760 putemus
2549 1692 2740 1761 primis
2763 1694 3070 1748 hominibus
3096 1696 3366 1761 evenisse,
3390 1702 3604 1768 quando

326 1782 423 1836 τοῦ
459 1782 692 1855 πατρὸς,
729 1782 887 1853 φησὶ,
911 1782 1011 1852 τὴν
1044 1781 1204 1851 ἀρὰν,
1248 1779 1423 1837 εἶπεν·
1464 1784 1845 1855 Ἀπήλλαχεν
1884 1790 1918 1841 ὀ

2023 1782 2194 1852 aperti
2214 1792 2336 1835 sunt
2351 1781 2511 1835 oculi.
2530 1782 2683 1848 Quod
2707 1783 2852 1837 enim
2871 1792 3030 1837 antea
3050 1784 3218 1839 clausi
3241 1802 3346 1840 non
3366 1787 3573 1842 fuerant
3588 1828 3602 1851 ,

328 1876 529 1943 πατήρ
545 1893 665 1943 μου
688 1873 803 1941 τὴν
830 1872 966 1941 γῆν.
1007 1873 1130 1925 Ἴδε
1156 1872 1305 1926 διότι
1336 1873 1683 1943 ἐγευσάμην
1709 1876 1913 1945 βραχὺ

326 1965 437 2018 τοῦ
486 1963 735 2034 μέλιτος
781 1964 1040 2016 τούτου-
1105 1959 1273 2016 εἶδον
1316 1966 1369 2016 οἰ
1423 1963 1724 2032 ὀφθαλιιοί
1770 1982 1911 2035 μου.

325 2054 518 2119 Οὕτως
569 2051 663 2109 οὖν
697 2054 793 2110 καὶ
843 2054 1080 2108 ἐπὶτῶν
1131 2054 1578 2125 πρωτοπλάστων
1626 2057 1915 2127 νοήσωμεν

324 2150 437 2204 τῶν
464 2149 765 2221 ὀφθαλμῶν
802 2150 901 2221 τὴν
929 2148 1211 2214 διάνοιξιν.
1247 2148 1371 2202 ’Ὁτι
1404 2148 1515 2220 γὰρ
1549 2149 1737 2214 αὐτοῖς
1768 2144 1916 2205 οὗτοι

326 2243 424 2297 καὶ
487 2239 598 2314 πρὸ
635 2242 735 2312 τῆς
783 2242 1041 2313 βρώσεως
1086 2242 1187 2295 οὐκ
1232 2240 1569 2306 ἐκέκλειντο,
1626 2242 1913 2313 πρόδηλον.

327 2330 471 2387 Εἷδε
492 2330 639 2403 ’γὰρ,
661 2334 852 2404 φησιν,
886 2332 925 2400 ἡ
953 2331 1110 2401 γυνὴ
1138 2332 1226 2385 ὅτι
1256 2330 1450 2385 καλὸν
1493 2331 1559 2385 τὸ
1590 2331 1784 2395 ξύλον
1829 2335 1919 2399 εἰς

322 2427 585 2494 βρῶσιν,
651 2426 749 2478 καί
802 2425 889 2479 ὅτι
933 2423 1193 2495 ἀρεστὸν
1257 2421 1383 2488 τοῖς
1435 2421 1768 2491 ὀφθαλμοῖς
1805 2422 1913 2476 τοῦ

330 2517 505 2572 ἰδεῖν.
550 2516 707 2573 Οὕτω
731 2517 832 2588 μὲν
881 2511 977 2570 οὖν
1010 2514 1131 2569 κατ’
1157 2514 1300 2585 ἐμὴν
1319 2513 1533 2566 ἔννοιαν
1568 2513 1664 2566 καὶ
1699 2511 1859 2579 δόξαν
1887 2514 1915 2566 6

327 2608 454 2678 ὄφις
488 2610 599 2664 ἀπὸ
619 2609 721 2680 τῆς
748 2607 844 2661 τοῦ
870 2607 1029 2673 ξύλου
1060 2604 1440 2677 προσηγορίας
1463 2604 1607 2673 ἔγνω
1642 2604 1813 2657 ταῦτα
1848 2607 1916 2676 τῇ

328 2698 557 2765 γυναικί
590 2698 877 2767 προειπεῖν
900 2712 915 2726 ο
968 2692 1349 2765 ἐκακούργησε
1391 2692 1447 2744 δὲ
1470 2691 1566 2762 ἀφ’
1591 2691 1787 2745 ἑαυτοῦ
1830 2693 1918 2759 τὺ,

331 2788 418 2841 οὺ
475 2787 712 2849 θανάτῳ
738 2783 1162 2847 ἀποθανεῖσθε,
1225 2781 1569 2851 ψευσάμενος
1603 2798 1618 2812 ·
1683 2783 1778 2837 καὶ
1817 2784 1915 2851 τδ,

2018 1862 2393 1923 manifestum.
2446 1870 2578 1923 Nam
2623 1871 2751 1924 uidit
2808 1872 3019 1937 mulier,
3069 1872 3164 1939 ait,
3210 1876 3465 1943 quoniam
3511 1880 3605 1929 tw-

2018 1978 2143 2016 num
2175 1971 2251 2013 est
2281 1962 2485 2031 lignum
2519 1964 2589 2013 ad
2619 1978 2813 2025 escam,
2844 1971 2894 2016 et
2927 1966 3051 2033 quia
3079 1977 3292 2035 gratum
3326 1967 3493 2021 oculis
3536 1969 3606 2020 ad
3670 1949 3678 1955 ’

2016 2051 2317 2106 uidendum.
2354 2051 2455 2116 lta,
2507 2061 2567 2105 nt
2607 2048 2802 2124 opinor
2822 2063 2877 2108 et
2909 2069 3129 2119 censeo,
3177 2059 3433 2126 cognovit
3482 2074 3598 2114 ser-

2019 2159 2151 2213 pens
2184 2146 2251 2199 al)
2283 2143 2400 2213 ipso
2446 2144 2573 2213 ligni
2609 2144 2829 2200 nomine
2859 2160 2982 2215 qua:
3025 2147 3235 2202 mulieri
3263 2152 3599 2218 praenuntia-

2014 2232 2111 2287 vit.
2147 2231 2221 2286 De
2250 2234 2548 2302 semetipso
2577 2243 2757 2287 autem
2791 2235 3053 2290 mentitur
3086 2237 3214 2292 illud
3242 2256 3256 2294 :
3289 2238 3410 2294 Non
3436 2255 3602 2295 morte

2016 2325 2337 2388 moriemini,
2373 2326 2515 2381 haud
2552 2340 2710 2380 secus
2754 2343 2818 2380 ac
2850 2327 2983 2383 illttd
3015 2347 3028 2381 :
3062 2339 3107 2383 et
3138 2332 3288 2387 eritis
3335 2335 3470 2387 sicut
3500 2336 3599 2388 dii.

2023 2415 2142 2470 Non
2199 2418 2344 2471 enim
2402 2418 2474 2471 dii
2518 2417 2694 2473 eﬂ'ecti
2739 2425 2900 2484 sunt,
2962 2435 3087 2475 esca
3140 2433 3378 2493 sumpta,
3426 2426 3524 2479 sed
3572 2443 3603 2478 e

2025 2509 2306 2565 contrario
2351 2509 2537 2565 carnis
2583 2511 2911 2581 cupiditates
2960 2513 3210 2582 protinus
3261 2530 3606 2584 agnoverunt

2022 2599 2078 2653 in
2110 2599 2324 2670 seipsis,
2359 2610 2417 2655 et
2458 2615 2517 2655 se
2542 2601 2721 2671 reips‘a
2759 2613 2934 2657 morte
2960 2603 3249 2659 damnatos
3285 2621 3407 2661 esse
3439 2620 3502 2661 ex
3539 2622 3605 2661 eo

2021 2692 2434 2756 intellexerunt,
2464 2694 2607 2762 quod
2635 2703 2825 2747 natura
2867 2694 3106 2764 ipsorum
3141 2695 3422 2753 immutata
3457 2710 3605 2754 esset

2020 2795 2074 2839 et
2100 2784 2165 2836 ad
2195 2785 2564 2854 procreandos
2593 2799 2789 2853 pueros
2820 2784 3213 2840 excitarentur.

327 2879 410 2944 ὡς
429 2877 584 2955 Θεοί,
612 2873 1018 2947 παρενθείς.οὐ
1035 2871 1315 2945 γάρτοῦτο
1364 2874 1632 2941 φαγόντες
1657 2874 1935 2942 ἐγένοντο,
1974 2874 2093 2928 ἀλλ’
2134 2876 2261 2929 ἀντὶ
2299 2874 2510 2929 τούτων
2530 2876 2597 2929 τὰ
2631 2875 2733 2943 τῆς
2798 2877 2999 2947 θνητῆς
3038 2877 3365 2946 ἐπέγνωσαν
3392 2880 3451 2932 ἐν
3485 2880 3609 2933 ἐαυ-

326 2972 445 3033 τοῖς
478 2969 678 3023 αὐτίκα
730 2966 877 3036 πάθη
908 2965 1141 3034 σαρκός’
1181 2964 1275 3017 καὶ
1301 2962 1653 3035 κεκυρῶσθαι
1706 2965 1801 3020 τοῦ
1875 2964 2111 3021 θανάτου
2160 2968 2283 3021 κατ’
2318 2967 2500 3020 αὐτῶν
2571 2967 2792 3038 ἀληθῶς
2834 2970 2935 3039 τὴν
2978 2969 3257 3038 ἀπόφασιν
3306 2969 3333 3023 Ε
3382 2970 3513 3026 αθον
3539 2972 3603 3026 ἐκ

325 3065 428 3133 τῆς
468 3061 577 3115 ἀπὺ
610 3060 712 3129 τῆς
746 3059 963 3126 φύσεως
991 3054 1173 3109 αὐτῶν
1204 3054 1478 3125 διαδοχῆς,
1508 3056 1597 3109 διὰ
1642 3055 1736 3110 τοῦ
1766 3057 1902 3129 πρὸς
1941 3059 2295 3129 παιδογονίαν
2322 3058 2641 3130 ὲρεθισμοῦ.

407 3175 425 3207 ι
460 3154 570 3209 Καὶ
628 3150 874 3224 ἔρραψαν
904 3147 1080 3220 φύλλα
1128 3146 1321 3218 συκῆς,
1364 3149 1457 3203 καὶ
1489 3149 1754 3221 ἐποίησαν
1787 3152 1915 3204 ὲαυ-
1941 3163 1985 3220 c

326 3249 442 3305 τοῖς
473 3242 858 3315 περιζώματα.
906 3260 927 3294 ι

412 3335 559 3405 Ἐγὼ
596 3334 804 3405 νομίζω
838 3331 931 3386 τὸν
966 3332 1245 3401 Δεσπότην
1289 3330 1423 3385 Θεὸν
1465 3331 1701 3385 ἐνθεῖναι
1728 3332 1915 3398 αὐτοῖς

326 3432 426 3503 τὴν
453 3426 722 3498 αἰσχύνην
747 3423 888 3495 μετὰ
910 3422 1011 3493 τὴν
1053 3423 1392 3495 παράϐασιν,
1417 3423 1494 3486 ὡς
1522 3421 1588 3475 ἂν
1626 3425 1720 3476 καὶ
1743 3425 1918 3498 ταύτῃ

234 3544 239 3549 λ
327 3524 468 3597 πρὸς
497 3522 599 3591 τὴν
632 3518 742 3571 τῶν
759 3515 1182 3588 ἁμαρτημάτων
1199 3515 1620 3569 ἀνακόπτωνται
1647 3516 1910 3569 ἐπίδοσιν.

329 3620 522 3672 Ἔοικε
555 3612 740 3683 μέντοι
765 3609 856 3662 διὰ
881 3608 1101 3662 πάντων
1135 3607 1263 3678 περὶ
1293 3604 1389 3660 τοῦ
1424 3607 1586 3671 ξύλου
1615 3607 1714 3679 τῆς
1744 3610 1916 3679 συκῆς

325 3705 667 3777 πεποιῆσθαι
701 3702 837 3775 πρὸς
857 3700 1056 3762 αὐτοὺς
1073 3701 1101 3753 6
1117 3698 1249 3762 Θεὸς
1266 3699 1328 3751 τὸ
1346 3697 1741 3769 παράγγελμα.
1775 3698 1915 3752 Οὔτε

324 3803 437 3873 γὰρ
466 3798 533 3853 ἂν
559 3796 720 3859 εὐθὺς
747 3793 888 3864 μετᾶ
915 3792 1016 3863 τὴν
1053 3791 1266 3860 γεῦσιν,
1303 3790 1704 3861 ἐπιγενομένης
1727 3791 1915 3855 αὐτοῖς

322 3895 427 3966 τῆς
450 3889 739 3962 αἰσχύνης,
776 3885 1004 3959 ἔμελλον
1029 3883 1093 3938 τὸ
1120 3883 1296 3953 παρὸν
1324 3883 1544 3955 δένδρον
1565 3881 1916 3954 καταλιμπάο

322 4001 536 4050 νοντες,
577 3979 920 4052 ἐκπεριιέναι
974 3976 1166 4047 ζητεῖν
1215 3975 1274 4042 ἐξ
1316 3976 1441 4029 ὅτου
1501 3976 1870 4030 σκεπάσονται
1899 3993 1912 4006 ’

322 4079 423 4134 καὶ
449 4077 549 4146 τῆς
585 4074 737 4136 θείας
759 4069 1075 4137 αἰσθόμενοι
1102 4067 1431 4139 παρουσίας,
1464 4067 1566 4120 οὐκ
1596 4069 1664 4121 ἂν
1686 4068 1915 4132 ἑαυτοὺς

323 4171 420 4225 ὑπ’
455 4168 641 4221 ἐκεῖνο
671 4163 1083 4234 κατέκρυπτον,
1118 4160 1249 4229 περί
1277 4159 1306 4212 6
1341 4159 1913 4234 παρανενομήκεισαν,

326 4265 403 4336 μὴ
439 4260 637 4331 ἁθρόον
667 4258 760 4311 ὑπ’
792 4254 982 4311 αὐτοῦ.
1016 4253 1111 4306 καὶ
1135 4251 1323 4323 σχεδὸν
1349 4251 1623 4314 ἐσθίοντες
1646 4252 1728 4304 ἔτι
1751 4268 1918 4306 κατα-

322 4354 654 4428 ληφθέντες.
684 4349 890 4404 Τούτου
921 4348 979 4402 δὲ
1015 4345 1110 4400 νῦν
1157 4343 1567 4417 ἐπιμνησθῆναι
1599 4345 1813 4415 καιρὸς,
1832 4345 1916 4399 ὅτι

323 4449 475 4507 κατὰ
491 4447 590 4518 τὴν
622 4444 794 4514 ἕκτην
815 4443 1032 4514 ἡμέραν
1071 4443 1101 4494 6
1130 4438 1421 4509 ἄνθρωπος
1470 4438 1570 4491 καὶ
1599 4438 1914 4508 γενόμενος,

2093 3170 2113 3204 ι
2143 3151 2210 3207 Et.
2261 3163 2597 3208 consuerunt
2640 3151 2769 3207 folia
2806 3153 2914 3218 lini,
2952 3163 3008 3207 et
3038 3151 3283 3209 fecerunt
3322 3154 3424 3210 sibi
3472 3170 3601 3212 suc-

2017 3245 2304 3302 cinctoria.
2344 3263 2365 3298 ι

2091 3337 2270 3393 Credo
2318 3351 2415 3392 eos
2450 3337 2516 3390 de
2554 3334 2646 3389 Dei
2676 3332 2889 3392 Domini
2921 3337 3173 3405 consilio,
3225 3338 3426 3393 violata
3459 3338 3602 3409 lege,

2018 3430 2273 3500 protinus
2308 3429 2515 3498 pudore
2539 3428 2710 3485 fuisse
2752 3429 3028 3492 confusos,
3057 3440 3115 3484 ut
3145 3429 3225 3484 vel
3269 3430 3395 3486 ideo
3420 3446 3451 3485 a
3482 3447 3601 3502 pet:-

2016 3521 2177 3577 candi
2214 3521 2443 3575 libidine
2464 3530 2869 3577 averterentur.
2908 3520 3133 3576 Videtur
3156 3531 3334 3577 autem
3360 3537 3457 3593 per
3486 3539 3604 3579 om-

2021 3613 2112 3667 nia
2149 3614 2215 3668 de
2247 3613 2394 3683 ligno
2420 3613 2506 3668 tici
2545 3613 2746 3668 factum
2770 3628 2892 3668 esse
2919 3615 2985 3667 ad
3012 3629 3107 3668 eos
3138 3614 3230 3668 Dei
3267 3617 3602 3671 mandatum.

2016 3701 2134 3759 Non
2163 3705 2308 3759 enim
2341 3717 2466 3758 cum
2507 3716 2690 3758 eseam
2722 3711 3102 3773 gustaverant,
3148 3714 3204 3758 et
3238 3707 3435 3760 rubore
3481 3708 3601 3760 atti-

2019 3795 2327 3863 ciebantur,
2376 3795 2605 3849 decebat
2656 3810 2751 3851 eos
2798 3794 2984 3850 statim
3032 3795 3175 3850 istud
3219 3795 3424 3865 lignum
3463 3798 3600 3852 etfu-

2018 3902 2164 3957 gere,
2196 3894 2252 3941 et
2282 3885 2575 3941 circumire
2602 3901 2666 3941 ac
2695 3898 2939 3955 quaerere
2967 3887 3109 3940 unde
3133 3889 3512 3955 operirentur;
3539 3907 3602 3945 ac

2024 3981 2115 4035 Dei
2157 3979 2497 4050 praesentiam
2546 3976 2995 4043 reformidantes,
3046 3993 3320 4047 nunquam
3366 3995 3430 4036 se
3466 3982 3595 4035 illuc.

2019 4071 2411 4141 confugissent,
2442 4069 2533 4125 ubi
2562 4079 2946 4140 peccaverant,
2993 4071 3046 4125 ni
3090 4071 3160 4125 ab
3192 4086 3259 4126 eo
3302 4073 3599 4143 improviso

2019 4159 2082 4220 et
2126 4179 2296 4233 prope
2343 4165 2694 4219 cumedentes
2741 4162 2923 4219 adhuc
2973 4164 3297 4232 deprehensi
3346 4164 3596 4223 fuissent.

2019 4253 2327 4313 Notandum
2370 4263 2459 4310 est
2497 4254 2659 4308 etiam
2696 4253 2785 4308 hic
2815 4253 3085 4309 hominem
3131 4263 3288 4309 sexto
3318 4256 3405 4310 die
3434 4255 3603 4312 fuisse

2019 4355 2291 4410 creatum,
2322 4353 2379 4400 et
2420 4345 2473 4399 in
2505 4344 2815 4415 paradisum
2851 4345 3244 4410 introductum,
3296 4356 3352 4401 et
3396 4347 3495 4416 legi
3536 4350 3602 4402 de

2021 4436 2169 4507 ligno
2201 4433 2528 4505 subiectura,
2578 4444 2635 4488 et
2673 4434 2860 4488 eodem
2910 4433 3077 4487 etiam
3125 4433 3301 4504 legem
3345 4434 3596 4490 violasse.

322 4542 425 4597 καὶ
459 4539 540 4601 εἰς
573 4535 668 4590 τὸν
711 4532 1044 4606 παράδεισον
1090 4530 1391 4600 εἰσαχθεὶς,
1453 4529 1674 4594 ὲδέξατό
1725 4544 1786 4582 τε
1812 4530 1914 4602 τὴν

2021 4529 2271 4586 Nondum
2329 4528 2475 4584 enim
2521 4528 2589 4582 de
2643 4526 2747 4580 alio
2804 4527 2997 4596 quovis
3038 4524 3218 4581 fructu
3261 4526 3599 4592 comedent,

321 4633 460 4705 περὶ
495 4630 558 4684 τὸ
586 4626 752 4699 φυτὸν
776 4624 1020 4695 ἐντολὴν,
1042 4622 1137 4677 καί
1169 4622 1451 4693 παραὸὰς,
1476 4621 1770 4693 ἐξωρίσθη.
1807 4623 1914 4677 Οὔ-

323 4742 416 4780 πω
461 4720 594 4791 γοῦν
644 4716 859 4779 οὐδενὸς
907 4714 1015 4768 τῶν
1051 4712 1230 4767 ἄλλων
1258 4711 1639 4783 μετειληφὼς,
1688 4713 1785 4766 ἐπὶ
1813 4712 1911 4785 τὴν

323 4815 526 4870 τούτου
559 4810 748 4880 γεῦσιν
781 4807 887 4862 ὑπὸ
906 4806 1000 4860 τοῦ
1023 4805 1208 4876 ὄφεως
1242 4805 1596 4875 προυτράπη.

406 4924 430 4957 ι
467 4904 580 4958 Καὶ
621 4901 882 4957 ἐκάλεσεν
947 4897 1121 4969 ’Δδὰμ
1166 4895 1244 4950 τὸ·
1281 4894 1457 4965 όνομα
1502 4897 1601 4967 τῆς
1655 4897 1917 4965 γυναικὲς

326 4994 500 5053 αὐτοῦ
526 5033 543 5059 ,
591 4994 741 5061 Ζωή,
784 4992 866 5045 ὅτι
916 4988 1061 5060 αὕτη
1104 4989 1294 5060 μήτηρ
1356 4989 1575 5042 πάντων
1618 4987 1730 5042 τῶν
1776 4988 1916 5054 ζὼν..

327 5106 460 5149 των.
503 5107 523 5140 Ι

404 5184 622 5252 Ὠσπερ
650 5180 744 5245 τὸ,
784 5176 945 5232 Ἀντί
966 5174 1185 5230 τούτου
1217 5173 1571 5242 καταλείψει
1599 5171 1914 5242 ἅνθρωπος

330 5279 441 5329 τὸν
475 5270 700 5339 πατέρα
745 5267 932 5323 αὑτοῦ
970 5265 1072 5321 καὶ
1133 5264 1246 5343 τὴν
1288 5263 1543 5334 μητέρα,
1583 5263 1679 5316 τού
1739 5263 1914 5333 Ἀδὰμ

332 5364 478 5421 κατὰ
502 5365 655 5417 θείαν
678 5359 1025 5430 ἀποκάλυψιν
1056 5358 1329 5421 εἰπόντος,
1365 5361 1526 5410 τοῦτο
1564 5356 1624 5421 ἐξ
1660 5355 1839 5427 ἀρχῆς
1886 5357 1916 5409 6

333 5456 526 5528 Σωτὴρ
554 5457 611 5507 ὲν
642 5457 751 5516 τοῖς
786 5450 1140 5520 Εὐαγγελίυις
1173 5448 1265 5503 τὸν
1296 5450 1527 5519 ποιητὴν
1549 5447 1681 5501 Θεὸν
1710 5447 1914 5516 ἔφησεν

331 5548 647 5620 εἰρηκέναι·
687 5545 830 5599 οὓτω
875 5545 975 5607 ,καὶ
1013 5541 1108 5595 νῦν
1164 5540 1365 5609 Μωσῆς
1410 5543 1439 5594 6
1499 5538 1771 5611 μακάριος
1814 5536 1915 5608 τὴν

415 5707 434 5737 ⁷
468 5704 491 5761 ι
534 5704 667 5771 Reg.
702 5715 811 5764 xiv,
833 5700 924 5754 29.
1001 5698 1022 5729 ⁸
1048 5696 1212 5751 Marc.
1243 5712 1293 5760 ιι,
1321 5694 1376 5749 7.

2022 4637 2145 4678 cum
2178 4620 2248 4676 ad
2277 4620 2600 4689 gustandum
2645 4619 2786 4673 istud
2817 4617 3022 4689 lignum
3050 4632 3079 4671 a
3111 4628 3366 4688 serpente
3402 4621 3599 4689 peritu.

2020 4722 2139 4770 (2118
2168 4721 2271 4769 €81-

2092 4890 2259 4946 Vstts.
2285 4888 2382 4948 21.
2428 4906 2450 4942 ι
2486 4887 2557 4943 Ει.
2582 4887 2996 4945 vocavitAdam
3030 4901 3228 4943 nomen
3264 4883 3450 4941 uxoris
3485 4898 3602 4939 suae

2018 4980 2191 5052 Heva,
2217 4996 2284 5039 eo
2312 4982 2457 5054 quod
2486 4988 2665 5036 mater
2697 4990 2846 5036 eaet
2871 4987 3190 5035 cunctorum
3218 4975 3534 5031 viventium.
3569 4991 3597 5027 ι

2091 5164 2559 5233 Quemadmodum
2589 5161 2759 5218 illud:
2818 5157 3044 5231 Propter
3074 5157 3173 5212 hoc
3219 5155 3477 5225 relinquet
3503 5154 3593 5207 Im-

2017 5276 2102 5314 mo
2125 5266 2328 5327 patrem
2359 5271 2516 5310 suum
2545 5263 2595 5309 et
2624 5261 2865 5318 matrem,
2912 5250 3057 5321 quod
3097 5249 3271 5304 Adam
3314 5261 3378 5300 ex
3420 5246 3598 5301 divina

2016 5352 2352 5408 revelatione
2386 5347 2632 5419 protulit.
2687 5345 2755 5400 ab
2784 5345 2899 5413 ipso
2936 5343 3047 5397 Deo
3091 5340 3370 5396 conditore
3398 5339 3467 5392 ab
3497 5339 3596 5392 ini-

2020 5447 2094 5500 tio
2129 5444 2330 5498 dictum
2358 5440 2557 5496 asserit
2593 5437 2846 5493 Salvator
2883 5435 2935 5487 in
2968 5430 3355 5501 Evangeliis";
3411 5429 3486 5483 ita
3518 5428 3595 5479 di.

2018 5538 2160 5591 citur
2191 5535 2280 5589 ltic
2316 5531 2457 5586 Deus
2486 5545 2515 5583 a
2545 5530 2704 5584 beato
2733 5526 2916 5594 Moyse
2952 5523 3126 5578 Adam
3154 5522 3417 5583 induisse,
3453 5519 3596 5588 quod
