4064 6404
340 341 493 405 Μὶέῦ

1455 343 1535 403 ΙΝ
1573 342 1905 403 GENESIN
1945 343 2432 403 FRAGMENTA.

3488 343 3626 411 1616

340 452 416 504 ἼΙ
439 450 527 513 τὺ,
550 449 959 517 ωτοικησὰτω
982 451 1052 505 ἐν
1078 450 1205 517 τοῖς
1219 451 1409 516 οἴκοις
1428 451 1537 505 τοῦ
1555 450 1688 520 Σὴμ
1703 454 1737 505 ό
1763 453 1921 519 Θεὸς,

2039 452 2189 515 illud,
2220 452 2417 505 habitet
2462 453 2517 504 iu
2563 451 2805 506 domibus
2839 451 2962 508 Bent
3004 451 3164 517 Deus,
3203 452 3306 507 hoc
3338 452 3622 509 declarare

339 546 472 599 ἀντὶ
496 540 614 606 τοῦ,
646 543 733 596 ενα
764 537 1064 616 ᾖτοιοῦτόν
1084 560 1138 596 τι
1169 544 1231 598 τὸ
1263 543 1579 614 λεγόμενον,
1615 549 1699 602 ὅτι
1733 546 1808 605 Εὖ
1835 551 1934 621 μὲν

2039 544 2275 608 videtur,
2331 546 2499 599 Deum
2542 521 2756 613 quidem
2803 543 3039 614 Japheth
3076 545 3624 613 benignesusceptu-

340 636 576 706 ποιήσαι
619 636 652 687 ὁ
696 634 828 697 Θεὸς
881 636 976 689 καὶ
1046 634 1227 704 Ἰάφεο
1258 675 1273 698 ,
1333 635 1556 691 ἃπασαν
1608 639 1794 709 μέντοι
1838 641 1921 711 τὴι

2043 653 2196 703 rum,
2256 637 2351 692 sed
2407 640 2684 711 praecipuo
2742 650 2921 693 tamen
2978 638 3160 693 studio
3215 639 3435 694 domum
3496 637 3624 699 Sem

338 726 549 782 ἑαυτοῦ
579 727 838 799 πρόνοιαν
867 728 1141 799 παράσχοι
1173 727 1376 800 μᾶλλον
1402 729 1481 800 τῷ
1503 729 1639 802 οἴκῳ
1665 731 1761 785 τοῦ
1789 734 1931 806 Σήμ.

938 839 1190 895 ΚΕΦΔΔ.
1233 838 1329 895 IA’.

425 949 448 982 ι
495 929 948 1002 Παραγενόμενος
967 930 1026 984 δέ
1060 949 1145 995 τις
1176 931 1287 985 τῶν
1314 934 1726 1003 ἀνασωθέντων,
1765 938 1936 1009 ἀνήγ-

337 1021 531 1092 γειλεν
558 1021 785 1095 Ἀϐραμ
801 1022 884 1095 τῷ
914 1025 1147 1096 περάτῃ.
1188 1043 1209 1077 ι

416 1116 675 1187 Περάτην
702 1116 759 1170 δὲ
793 1118 1183 1187 ὲπωνόμαζον,
1212 1117 1302 1172 διὰ
1330 1119 1394 1172 τὸ
1422 1121 1804 1190 περαιωθέντα
1830 1124 1933 1195 τὴν

333 1207 525 1279 μέσην
583 1208 695 1263 τῶν
754 1209 1019 1280 ποταμῶν
1069 1210 1209 1281 πρὸς
1256 1211 1453 1274 αὐτοὺς
1494 1209 1670 1276 οὕτως
1731 1213 1929 1273 ἐλθεῖν.

334 1296 614 1367 Περάτης
639 1298 698 1353 δὲ
730 1299 873 1354 κατὰ
902 1300 1005 1371 τὴν
1032 1298 1143 1354 τῶν
1168 1299 1357 1371 Σύρων
1394 1301 1643 1370 γλῶτταν
1680 1301 1933 1376 Ἐϐραῖος

332 1389 849 1463 προσαγορεύεται·
882 1391 1005 1445 ὅθεν
1053 1391 1239 1445 καὶτὸ
1285 1392 1345 1459 ἐξ
1374 1392 1544 1447 αὑτοῦ
1585 1395 1742 1463 γένος
1785 1396 1931 1452 ἆπαν

331 1483 547 1539 συστὰν
569 1484 670 1556 τὴν
706 1483 1026 1555 ἐπωνυμίαν
1051 1483 1255 1554 ταύτην
1290 1484 1531 1550 ἐδέξατο.

928 1594 1185 1648 ΚΕΦΑΛ.
1228 1593 1331 1648 IE'.

410 1720 435 1754 ι
478 1703 646 1771 Λέγει
673 1701 920 1775 Ἅϐραμ.
945 1704 1212 1769 Δέσποτα,
1243 1706 1298 1758 τί
1323 1723 1414 1777 μοι
1438 1706 1600 1761 δώσει
1611 1730 1628 1772 ,
1653 1724 1669 1775 ;
1705 1711 1847 1778 Ἐγὼ
1872 1713 1929 1765 δὲ

329 1794 669 1865 ἀπολύομαι
685 1794 935 1860 ἄτεκνος.
966 1815 988 1849 ι

402 1886 525 1941 Οὐκ
572 1886 693 1954 εἰμὶ
720 1888 973 1943 τουτέστι
1016 1888 1121 1959 τῆς
1166 1890 1354 1960 κοινῆς
1398 1892 1616 1961 φύσεως
1660 1897 1929 1963 κρείττων

327 1975 451 2046 ἐγὼ
476 2016 494 2043 ,
522 1976 639 2032 ἀλλ’
686 1978 902 2051 ἀνάγκη
938 1980 1085 2051 κάμὲ
1128 1980 1222 2035 τὸν
1254 1981 1389 2052 βίον,
1427 1983 1502 2046 ὡς
1530 1985 1656 2048 τοὺς
1702 1986 1927 2050 λοιποὺς

324 2068 694 2139 ἀνθρώπους,
728 2068 1062 2136 ὑπεξελθεῖν.
1099 2071 1165 2125 Τί
1195 2074 1378 2127 τοίνυν
1424 2093 1513 2143 μοι
1541 2076 1652 2131 τῶν
1682 2078 1788 2131 ὑπὸ
1829 2079 1924 2133 σοῦ

324 2159 718 2231 δοθησομένων
758 2160 822 2214 τὸ
874 2161 1069 2232 ὃφελος
1112 2163 1304 2219 ἄπαιδι
1334 2166 1677 2232 καθεστῶτι,
1727 2171 1820 2224 καὶ
1867 2172 1929 2239 ἐξ

327 2251 582 2307 ιιιαυτοῦ
607 2253 719 2308 τῶν
747 2252 899 2324 ἐμῶν
923 2255 984 2308 οὐ
1018 2255 1405 2314 καταλείποντι
1436 2259 1777 2334 κληρονόμον
1803 2281 1820 2330 ;

939 2367 1193 2423 ΚΕΦΔΛ.
1232 2370 1334 2427 IZ'.

405 2516 430 2551 ι
467 2498 580 2553 Καὶ
612 2498 752 2570 αὕτη
781 2500 817 2572 ἠ
840 2498 1105 2571 διαθήκη,
1136 2502 1204 2573 ἢν
1233 2500 1589 2576 ὁιατηρήσεις
1621 2509 1727 2562 ἀνὰ
1763 2511 1929 2581 μέσον

324 2587 474 2658 ἱροῦ
502 2588 600 2642 καὶ
649 2589 804 2660 ὑμῶν
828 2630 847 2655 ,
878 2592 974 2645 καὶ
1005 2592 1111 2645 ἀνὰ
1147 2592 1315 2662 μέσον
1341 2593 1437 2648 τοῦ
1479 2597 1798 2669 σπέρματός
1830 2620 1928 2658 σου

328 2679 481 2748 μετὰ
525 2680 585 2732 σὲ
634 2683 718 2743 είς
765 2681 867 2744 τὰς
922 2682 1117 2750 γενεὰς
1167 2683 1350 2738 αὐτῶν
1376 2702 1389 2719 ’
1449 2690 1928 2763 περιτμηθήσεται

326 2768 495 2840 ὑμῶν
522 2772 633 2825 πᾶν
662 2771 972 2841 ἀρσενικόν.
1018 2792 1037 2824 ι

408 2860 599 2925 ’Ἄξιον
628 2862 864 2933 ζητῆσαι
894 2864 952 2916 τί
989 2864 1190 2936 δήποτε
1238 2869 1312 2939 μὴ
1356 2871 1451 2924 ἐπὶ
1493 2873 1591 2942 τῆς
1620 2877 1929 2948 γεννήσεως

325 2949 431 3004 τοῦ
476 2952 694 3025 Ἰσραὴλ
729 2954 803 3018 ιτ,
836 2952 957 3007 ἀλλ’
985 2956 1081 3009 ἐπὶ
1109 2958 1211 3029 τῆς
1252 2959 1349 3013 τοῦ
1393 2958 1581 3016 Ἰσαὰκ
1608 2964 1796 3020 δίδωσι
1826 2968 1927 3040 τὴν

328 3045 661 3114 περιτομὴν,
713 3047 958 3114 καίτοιγε
1004 3046 1306 3116 μέλλουσαν
1359 3054 1453 3107 ἐπὶ
1494 3057 1617 3121 ταῖς
1658 3057 1926 3124 Παλαιαῖς

2039 726 2356 785 refoturum.

2655 843 2811 900 CAP.
2852 842 2989 898 XIV.

2112 937 2273 992 Vens.
2306 938 2395 992 15.
2440 954 2461 985 ι
2485 937 2795 991 Adveniens
2837 946 3020 991 autem
3056 952 3266 999 eorum.
3311 937 3405 1005 qui
3436 950 3623 991 evase-

2038 1039 2185 1089 runt.
2219 1030 2439 1097 quidam
2474 1028 2744 1083 nuntiavit
2772 1028 2975 1082 Abram
3007 1026 3307 1081 transitori.
3339 1045 3359 1078 ι

2108 1119 2399 1175 Transitor
2429 1119 2737 1183 dicebatur,
2775 1119 2901 1187 quia
2929 1133 3025 1173 eos
3057 1133 3162 1172 non
3195 1117 3297 1172 nisi
3336 1120 3625 1175 transactis

2034 1211 2350 1267 ﬂuminibus
2405 1212 2556 1266 adire
2607 1219 2842 1281 poterat.
2888 1210 3116 1280 Syriaco
3162 1226 3422 1267 sermone
3454 1211 3624 1280 signi-

2035 1301 2163 1357 licat
2200 1317 2302 1356 vox
2345 1303 2605 1357 transitur
2642 1304 2781 1358 idem
2827 1317 2893 1356 ac
2943 1300 3228 1366 Hebraeus,
3275 1304 3419 1358 unde
3462 1304 3624 1360 omne

2034 1410 2204 1464 genus
2236 1394 2435 1449 Abram
2470 1396 2572 1451 hoc
2593 1396 2811 1451 nomine
2848 1407 3098 1450 vocatum
3131 1405 3237 1451 est.

2668 1589 2823 1646 CAP.
2859 1589 2979 1647 XV.

2102 1698 2266 1757 Vens.
2305 1700 2360 1755 2.
2400 1722 2424 1754 ε
2469 1703 2607 1758 Dicit
2651 1711 2830 1756 autem
2869 1703 3072 1757 Abram
3111 1721 3126 1761 :
3174 1701 3404 1758 Domine
3428 1743 3446 1768 ,
3489 1703 3620 1773 quid

1956 1800 2000 1855 Β
2031 1791 2164 1844 mihi
2200 1792 2391 1846 dabis?
2418 1791 2532 1862 Ego
2556 1804 2735 1847 autem
2771 1794 3014 1849 dimittor
3045 1793 3166 1848 sine
3193 1792 3404 1848 liberis.
3426 1811 3448 1843 ι
3498 1792 3515 1815 ‘
3632 1808 3647 1817 “

2094 1878 2212 1935 Non
2243 1897 2362 1936 sum
2412 1883 2622 1937 scilicet
2657 1886 2872 1939 caeteris
2904 1898 3097 1939 natura
3132 1884 3495 1953 pra:5tantior,
3526 1888 3620 1937 sed

2032 1973 2164 2027 mihi
2200 1974 2340 2028 sicut
2365 1984 2420 2029 et
2444 1976 2660 2029 caeteris
2698 1977 2764 2030 de
2817 1977 2927 2030 vita
2967 1976 3272 2030 exeundum
3319 1984 3423 2030 est.
3477 1974 3622 2042 Quid

2032 2063 2196 2133 igitur
2249 2064 2383 2119 mihi
2437 2064 2596 2121 donis
2635 2068 2740 2120 tuis
2784 2078 2945 2136 Opus,
2989 2082 3112 2121 cum
3156 2065 3343 2121 liberis
3376 2080 3616 2132 caream,

2031 2165 2085 2210 et
2117 2156 2386 2211 heredem
2409 2159 2646 2227 partium
2682 2173 2926 2213 mearum
2958 2173 3069 2213 non
3100 2157 3371 2217 habeam?

2645 2356 2802 2413 CAP.
2839 2356 3004 2413 XVII.

2106 2495 2271 2552 Vens.
2311 2495 2402 2550 I0.
2451 2513 2472 2548 ι
2506 2495 2575 2550 Ει
2597 2496 2701 2551 hoc
2727 2506 2809 2551 est
2836 2507 3055 2567 pactum
3088 2501 3231 2567 quod
3255 2498 3620 2552 observabitis

2057 2587 2201 2642 inter
2229 2602 2315 2642 me
2346 2596 2400 2643 et
2431 2603 2554 2653 vos,
2587 2600 2642 2642 et
2667 2603 2851 2644 semen
2882 2601 3029 2643 tuum
3072 2602 3193 2658 post
3225 2599 3277 2643 te
3307 2590 3357 2644 in
3391 2604 3621 2660 genera,

2037 2683 2214 2736 tiones
2261 2696 2450 2736 eorum
2478 2696 2493 2734 :
2521 2681 2942 2737 circumcidetur
2991 2697 3060 2737 ex
3096 2680 3251 2738 vobis
3298 2696 3459 2738 omne
3504 2697 3622 2737 tuav

2032 2774 2327 2828 sculinum.
2364 2792 2384 2825 ι

2101 2863 2488 2934 Inquirendqu
2521 2875 2604 2920 est
2639 2880 2738 2919 cur
2775 2873 3035 2919 nascente
3083 2864 3235 2920 Isaac
3270 2864 3617 2920 circumcisio

2034 2957 2212 3019 detur,
2240 2966 2294 3010 et
2324 2971 2429 3011 non
2471 2956 2648 3024 potius
2679 2957 2901 3025 quando
2931 2954 3131 3010 Ismael
3158 2963 3318 3013 natus
3351 2964 3453 3021 est,
3493 2972 3617 3013 cunt

2033 3061 2212 3103 tamen
2249 3050 2390 3103 inter
2422 3048 2615 3104 Vetera
2644 3049 2990 3105 Testamenta
3034 3049 3447 3104 annumeranda
3475 3060 3613 3104 erat.

326 3133 585 3203 γίνεσθαι
610 3137 930 3210 Διαθῆκαις.
966 3140 1372 3210 Αίνιττόμενος,
1402 3146 1527 3215 ἐμοὶ
1553 3146 1720 3213 δοκεῖ,
1754 3150 1816 3203 τὸ
1842 3153 1921 3215 εἰς

2034 3139 2144 3194 lloc
2166 3142 2447 3206 inuuehat,
2464 3144 2514 3196 ni
2534 3140 2711 3207 fallor,
2729 3142 3197 3197 circumcisionem
3218 3141 3281 3195 ad
3305 3156 3619 3210 praeparan—

330 3226 441 3298 μὲν
471 3228 940 3301 προπαρασκευὴν
998 3231 1100 3302 τῆς
1150 3233 1375 3304 χάριτος
1408 3238 1578 3310 αὐτὴν
1624 3242 1921 3311 συντελεῖν,

325 3317 506 3391 αὐτὴν
533 3318 591 3373 δὲ
623 3319 748 3373 καθ’
786 3321 991 3392 ἑαυτὴν
1021 3323 1121 3393 οὐχ
1162 3323 1281 3379 οἵαν
1304 3343 1363 3381 τε
1401 3327 1541 3382 εἶναι
1580 3331 1715 3401 πρὸς
1747 3334 1923 3407 πέρας

324 3410 489 3479 ιγειν
524 3411 626 3481 τὴν
658 3412 945 3480 εὐλογίαν·
994 3414 1116 3469 οὐδὲ
1157 3418 1267 3486 μὴν
1311 3420 1378 3471 ἐκ
1422 3420 1525 3491 τῆς
1561 3424 1705 3478 κατὰ
1752 3428 1920 3498 νόμον

325 3499 612 3565 πολιτείας
660 3499 815 3564 τέλος
863 3501 1126 3556 δύνασθαι
1172 3505 1364 3560 λαϐεῖν
1406 3509 1508 3572 τὰς
1556 3513 1915 3582 ἐπαγγελίας.

322 3592 599 3647 Τοσοῦτον
632 3594 745 3666 γὰρ
769 3594 1011 3665 ἀπέσχον
1038 3596 1090 3651 oi
1119 3596 1226 3651 ὑπὸ
1250 3598 1343 3651 τὸν
1369 3600 1534 3669 νόμον
1563 3602 1809 3672 βιοῦντες
1837 3608 1919 3672 είς

321 3683 620 3738 κοινωνίαν
651 3684 937 3757 σωτηρίας
965 3685 1091 3750 τοὺς
1117 3685 1370 3750 ὲθνικοὺς
1401 3690 1760 3759 προσλαϐεῖν,
1790 3693 1918 3748 ὅσον

324 3776 598 3849 μυριάκις
640 3777 797 3831 αὐτοὶΙ
857 3777 995 3851 πρὸς
1041 3777 1143 3849 τὴν
1191 3779 1421 3833 ἐκείνων
1470 3780 1918 3856 εἰδολωλατρείαν

321 3869 695 3936 ἰξεκυλίοντο.
732 3869 807 3922 Τὸ
843 3870 944 3941 μὲν
969 3866 1063 3925 οὖν
1111 3871 1482 3944 ὀκταημέροις
1531 3873 1610 3928 ἔτι
1640 3871 1760 3931 οὖσι
1804 3881 1918 3941 τοῖς

319 3962 495 4017 παισὶ
522 3960 828 4031 προστάξαι
854 3961 1263 4034 προσφέρεσθαι
1294 3962 1395 4035 τὴν
1427 3967 1754 4039 περιτομὴν,
1789 3968 1917 4041 ἐδή-

319 4052 526 4118 λωσεν,
566 4053 651 4105 ὅτι
687 4051 763 4125 μὴ
794 4051 1119 4106 διδασκαλία
1150 4052 1297 4117 τινός
1342 4054 1493 4108 ἐστιν
1523 4055 1762 4128 ἀρετῆς,
1793 4057 1918 4112 ἐπεὶ

321 4146 400 4217 μὴ
447 4143 678 4215 δεκτικὴ
723 4144 968 4199 τοιούτου
1018 4144 1166 4210 τινος
1208 4145 1540 4216 μαθήματος
1594 4149 1629 4219 η
1686 4150 1912 4223 τοιαύτη

315 4238 467 4301 τέως
520 4236 859 4309 καθέστηκεν
904 4236 1117 4307 ἡλικία.
1151 4236 1389 4307 Σημεῖον
1428 4237 1488 4293 δὲ
1528 4240 1691 4310 μόνον
1733 4241 1916 4318 ὑπάρ-

318 4347 468 4401 χειν,
515 4328 814 4401 διακρίνειν
856 4328 1163 4400 δυνάμενον
1220 4330 1332 4383 ἀπὸ
1376 4330 1485 4385 τῶν
1534 4331 1738 4387 λοιπῶν
1783 4337 1912 4400 τοὺς

316 4422 644 4499 χρωμένους
666 4422 826 4493 αὐτῇ,
847 4421 1101 4494 καθάπερ
1125 4421 1382 4495 βασιλική
1412 4441 1495 4489 τις
1519 4429 1758 4499 σφραγὶς
1785 4431 1914 4495 τοὺς

2034 3236 2156 3288 dam
2202 3232 2433 3303 gratiam
2470 3234 2672 3299 valere,
2724 3250 2821 3303 per
2868 3236 3103 3302 seipsam
3128 3244 3310 3287 autem
3343 3250 3449 3288 non
3495 3250 3616 3289 eam

2030 3341 2151 3381 esse
2196 3341 2319 3399 quae
2358 3327 2789 3383 benedictionem
2818 3331 3042 3386 omnino
3080 3334 3385 3402 perliceret.
3438 3330 3619 3402 Signi-

2034 3419 2301 3473 licabatur
2366 3429 2631 3486 praeterea
2695 3424 3146 3479 conversantibus
3216 3425 3281 3477 ad
3348 3438 3618 3496 praecepta

2030 3509 2164 3578 legis
2193 3508 2587 3577 promissiones
2620 3511 2804 3577 perlici
2842 3528 2947 3566 non
2983 3529 3162 3582 posse.
3194 3513 3432 3571 Tantum
3472 3519 3615 3571 enim

2028 3600 2257 3652 aberant
2286 3596 2420 3666 legis
2451 3596 2831 3652 observatores
2866 3616 2896 3652 ει
2927 3602 3290 3668 perducendis
3321 3603 3388 3659 ad
3425 3605 3619 3660 salutis

2027 3697 2240 3755 partem
2275 3686 2545 3754 gentibus,
2599 3696 2659 3739 ut
2686 3684 2772 3740 vel
2802 3684 2903 3755 ipsi
2948 3686 3142 3741 millies
3180 3690 3247 3741 ad
3273 3705 3462 3745 eorum
3502 3692 3616 3745 ido-

2028 3779 2301 3833 lolatriam
2357 3776 2759 3833 delaberentur.
2818 3775 2974 3843 Quod
3037 3787 3215 3831 autem
3280 3782 3433 3850 pueri
3489 3795 3613 3836 octo

2024 3868 2236 3923 dierum
2266 3863 2583 3919 circumcidi
2614 3864 2933 3933 jubeantur,
2957 3864 3267 3920 declaratur
3297 3867 3385 3921 illa
3412 3868 3610 3923 nullam

2025 3960 2282 4013 virtutem
2338 3956 2558 4023 doceri;
2602 3971 2727 4008 nam
2758 3957 2952 4010 tenella
2973 3958 3087 4010 haec
3120 3971 3253 4014 tetas
3286 3960 3490 4015 nullius
3527 3964 3614 4017 do-

2024 4055 2214 4112 ctrina:
2245 4051 2473 4122 hujusce
2501 4052 2716 4122 generis
2745 4064 2938 4119 capax.
2959 4047 3104 4103 Nihil
3150 4067 3278 4121 ergo
3305 4064 3503 4121 praner
3536 4060 3614 4112 si-

2024 4160 2188 4217 gnum
2235 4154 2358 4209 est,
2404 4158 2515 4212 quo
2564 4138 2806 4208 insigniti
2856 4156 2886 4195 a
2946 4139 3156 4196 caeteris
3200 4142 3608 4215 discernantur,

2024 4234 2477 4308 quemadmodum
2514 4231 2785 4302 regalibus
2810 4229 3114 4299 insignibus
3158 4232 3357 4289 milites
3401 4251 3432 4290 a
3478 4238 3608 4291 civi-

2023 4332 2124 4386 bus
2148 4330 2572 4399 distinguuntur.
2625 4322 2959 4391 Praeputium
3013 4335 3196 4379 autem
3231 4324 3353 4382 ideo
3389 4328 3612 4398 jubetur

2023 4419 2268 4490 praecidi.
2321 4426 2382 4472 ut
2434 4429 2710 4485 nunquam
2756 4415 3068 4469 meminisse
3116 4415 3370 4471 desinant
3413 4434 3472 4472 se
3526 4422 3610 4475 di-

317 4491 669 4592 στρατιώτας
696 4491 806 4570 τῶν
847 4491 1082 4571 ἰδιωτῶν*
1107 4491 1469 4589 ἀφορίζουσα.
1499 4491 1579 4575 Τό
1596 4491 1661 4577 τι
1680 4491 1787 4577 ἰτὲι
1815 4491 1911 4578 soil

2032 4517 2144 4569 vina
2203 4510 2550 4569 Providentia
2611 4507 2820 4572 foveri,
2876 4522 2982 4577 qua
3047 4522 3219 4579 genus
3281 4523 3473 4564 eorum
3536 4528 3604 4568 ex

315 4607 650 4675 παιδογόνον
685 4605 875 4676 μορίου
910 4606 1172 4661 κελεῦσαι
1214 4608 1380 4662 τοῦτο
1422 4613 1618 4676 ποιεῖν,
1649 4613 1910 4684 ἐμήνυεν,

2021 4616 2180 4662 utero
2209 4602 2379 4660 sterili
2412 4611 2467 4657 et
2493 4601 2652 4657 atnnis
2690 4598 2856 4655 ell'eto
2879 4638 2894 4663 ,
2929 4607 3123 4669 prazter
3152 4605 3314 4655 Omne
3342 4602 3605 4657 auxilium

313 4701 399 4757 ὅτι
455 4698 704 4770 βούλεται
734 4698 875 4769 πρὸς
907 4699 1219 4770 ὑπόμνησιν
1259 4701 1460 4766 αὐτοὺς
1488 4703 1624 4761 ἰέναι
1666 4707 1908 4777 συνεχῶς

2032 4699 2225 4757 eduxit.
2267 4697 2479 4752 Praebet
2515 4695 2679 4766 igitur
2725 4694 2839 4747 haac
2875 4692 3028 4747 Isaac
3074 4692 3330 4749 nativitas
3371 4694 3601 4764 ﬁguram

302 4795 417 4864 ,τῆς
455 4791 588 4862 περὶ⁹
629 4790 829 4855 αὐτοὺς
871 4790 1014 4861 ὑπὲρ
1045 4790 1210 4860 φύσιν
1262 4794 1522 4865 προνοίας
1546 4834 1563 4860 ,
1594 4795 1717 4851 καθ’
1747 4798 1815 4868 ἣν
1851 4798 1915 4853 τὸ

2032 4788 2435 4847 resurrectionis
2473 4784 2753 4841 hominum
2786 4799 2852 4838 ex
2888 4784 3139 4839 mortuis.
3166 4785 3266 4855 lix
3317 4799 3384 4840 eo
3418 4796 3601 4842 autem

318 4886 483 4954 γένος
513 4882 695 4937 αὐτῶν
721 4885 786 4938 ὲκ
817 4882 1030 4953 μήτρας
1048 4883 1269 4954 στείρας
1296 4900 1357 4936 τε
1380 4886 1472 4938 καὶ
1496 4888 1911 4960 νενεκρωμένης

2032 4884 2163 4954 ιυοιΙ
2214 4880 2357 4937 servi
2408 4879 2577 4932 variis
2626 4878 2694 4930 de
2749 4877 2998 4946 gentibus
3033 4878 3139 4931 orti
3177 4878 3600 4934 circumcidendi

317 4978 429 5049 ἥδη
456 4976 535 5047 τῷ
566 4976 715 5048 γήρει
740 4974 894 5048 παρὰ
928 4975 1111 5030 πᾶσαν
1149 4973 1478 5031 ἀκολουθίαν
1517 4980 1909 5048 συνεστήσατο.

321 5069 580 5142 Περιεῖχὲ
615 5085 679 5137 γε
709 5070 819 5141 μὴν
859 5068 1002 5122 κατὰ
1028 5066 1202 5122 τοῦτο
1225 5066 1320 5121 τοῦ
1358 5068 1545 5122 Ἰσαὰκ
1586 5071 1619 5140 ἡ
1650 5071 1906 5141 γέννησις

2021 4987 2172 5042 sunt,
2217 4981 2444 5043 apparet
2473 4968 2555 5025 vel
2582 4982 2771 5037 gentes
2820 4964 2885 5023 ad
2932 4970 3071 5024 bona
3093 4985 3215 5041 quae
3243 4986 3341 5040 per
3368 4973 3606 5040 promis-

2016 5068 2222 5123 sionem
2253 5064 2305 5117 in
2329 5060 2550 5116 Christo
2581 5058 2868 5113 acciendas
2897 5073 3039 5113 esse.

320 5163 428 5233 τῆς
455 5163 522 5216 ἐκ
552 5162 762 5230 νεκρῶν
785 5161 1141 5223 ἀναστάσεως
1168 5161 1420 5231 αἴνιγμα.
1449 5162 1525 5214 Τὸ
1553 5163 1612 5218 δὲ
1642 5165 1737 5217 καὶ
1763 5165 1894 5228 τοὺς
1932 5166 1997 5221 ὲκ
2023 5160 2299 5228 διαφόρων
2322 5152 2496 5208 ἐθνῶν
2525 5150 2744 5213 οἰκέτας
2803 5149 2953 5219 αὐτῷ
3013 5151 3318 5221 προστάξαι
3368 5169 3593 5226 περιτες

327 5258 473 5327 μεῖν,
506 5254 568 5309 τὸ
621 5252 988 5325 συμμεθέξειν
1028 5252 1124 5305 καὶ
1145 5251 1215 5304 τὰ
1244 5251 1371 5324 ἔθνη
1413 5253 1523 5307 τῶν
1554 5254 1775 5325 ἀγαθῶν
1813 5255 1914 5327 τῆς
1952 5251 2290 5325 ἐπαγγελίας
2314 5246 2414 5317 τῆς
2438 5246 2497 5298 ὲν
2534 5242 2757 5316 Χριστῷ
2783 5244 3220 5317 προκατήγγειλε

921 5366 1176 5424 ΚΕΦΔΔ.
1208 5363 1310 5422 IO’.

402 5502 424 5537 ι
493 5481 783 5537 Ἐπότισαν
829 5482 888 5535 δὲ
920 5480 1016 5536 τὸν
1077 5478 1295 5551 πατέρα
1327 5480 1508 5535 αὐτῶν
1537 5477 1681 5537 οῖνον
1735 5483 1793 5537 ὲν
1837 5486 1904 5555 τῇ

325 5574 483 5629 νυκτὶ
511 5571 705 5644 ταύτῃ.
734 5591 755 5623 ι

2639 5355 2793 5412 CAP.
2831 5356 2978 5414 XIX.

2091 5472 2252 5528 Vens.
2306 5472 2398 5528 '55.
2446 5491 2465 5524 ι
2500 5470 2774 5525 Dederuut
2821 5470 2988 5527 etiam
3030 5479 3083 5523 et
3126 5469 3213 5525 illa
3260 5482 3416 5526 nocte
3460 5473 3603 5543 patri

2013 5583 2114 5625 suo
2146 5567 2331 5622 bibere
2361 5566 2566 5620 vinum.
2598 5585 2618 5619 ι

426 5756 445 5774 ’
482 5753 585 5807 Τὸν
614 5751 810 5806 Ἰακὼϐ
842 5753 988 5806 δοκεῖ
1014 5755 1216 5807 ἐννοεῖν
1239 5768 1254 5783 ·
1285 5751 1448 5814 αὐτὸς
1476 5749 1585 5821 γὰρ
1616 5729 1838 5823 ἰσραῆλ
1864 5747 2184 5821 ὠνομάσθη.
