4064 6396
481 339 613 404 1647

1584 342 1959 403 GENNADII
2002 343 2509 406 PATRIARCH/E
2549 346 2656 406 CP.

3627 352 3764 418 16i8

555 455 667 514 lloc
703 457 771 512 de
801 457 983 512 divina
1003 455 1285 526 Scriptura
1315 455 1716 512 observandum
1767 467 1874 523 est,
1923 459 2062 527 quod

2244 459 2416 512 Ίόὗτο
2458 461 2556 532 τῆς
2601 460 2752 522 θείας
2801 465 3138 533 προσεκτέον
3192 465 3422 539 Γραφῆς
3449 507 3463 532 ,
3502 469 3586 523 ὅτι
3625 471 3763 542 πλὴν

478 561 680 620 praeter
723 559 1006 619 peccatum
1057 549 1190 602 nihil
1248 548 1375 602 mali
1419 548 1576 603 nobis
1629 548 1807 604 inesse
1865 551 2064 614 sentit;

476 642 906 710 quotiescunque
938 638 1105 708 igitur
1137 639 1292 696 nobis
1326 640 1502 704 utilia,
1535 649 1630 694 aut
1659 640 1848 694 nociva
1880 643 2066 706 refert,

476 734 580 788 alia
615 731 832 804 quidem
878 731 1103 797 laudat,
1152 733 1258 786 alia
1299 747 1428 788 vero
1476 733 1844 801 reprehendit,
1890 743 1949 788 nt
2000 735 2067 787 ad

474 825 562 880 illa
592 840 689 880 nos
721 823 1045 894 propellere,
1073 824 1141 878 ab
1174 823 1260 878 bis
1294 833 1474 878 autem
1519 834 1768 880 avertere
1799 825 2064 880 videatur.

474 915 698 983 Quando
729 926 914 970 autem
947 914 1070 970 talia
1100 925 1304 977 narrat,
1337 931 1478 984 quze,
1513 927 1570 968 ιιι
1608 915 1820 971 facinus
1837 915 1956 981 Lot,
1980 918 2064 971 in-

471 1009 613 1064 sonti
665 1009 847 1063 animo
880 1009 1264 1071 admittuntur,
1298 1024 1330 1062 a
1359 1007 1608 1063 laudibus
1633 1025 1788 1080 teque
1831 1009 2067 1063 abstinet

471 1112 529 1158 et
553 1117 583 1156 a
612 1101 1028 1172 vituperatione,
1085 1115 1153 1158 ne
1182 1100 1430 1156 carnales
1455 1100 1708 1156 homines
1735 1111 1788 1156 et
1820 1102 2067 1172 volupta-

477 1193 620 1250 tibus
650 1193 862 1250 deditos
884 1192 1106 1249 excitet.

1104 1305 1258 1363 CAP.
1298 1305 1420 1363 XX.

549 1419 714 1475 Vsns.
747 1419 838 1475 ὀὶ.
883 1438 904 1473 ι
933 1419 1001 1474 Ει
1043 1433 1172 1476 vere
1216 1437 1375 1479 soror
1419 1437 1538 1478 mea
1583 1434 1688 1488 est,
1748 1424 1855 1479 lilia
1897 1427 2066 1496 patris

475 1513 612 1578 mei,
653 1523 718 1571 ,et
769 1528 878 1570 non
930 1513 1041 1569 lilia
1099 1516 1294 1572 matris
1343 1530 1511 1582 mete,
1565 1526 1622 1572 et
1666 1516 1796 1572 duxi
1843 1531 1962 1572 eam
2009 1519 2064 1574 in

471 1620 720 1661 uxorem.
755 1625 775 1661 ι

541 1698 755 1756 Etenim
789 1713 916 1757 vere
957 1714 1113 1757 soror
1135 1715 1254 1758 mea
1287 1708 1393 1766 est,
1446 1700 1557 1756 lilia
1603 1701 1780 1770 patris
1819 1701 1926 1757 mei
1956 1711 2062 1767 est,
2121 1747 2136 1753 -

2093 1823 2140 1880 Β
2169 1779 2272 1852 μού
2307 1782 2424 1835 ἐστι
2453 1823 2466 1848 ,
2499 1783 2642 1854 πλὴν
2669 1785 2730 1837 ού
2763 1778 3011 1856 θυγάτήρ
3049 1787 3258 1858 μητρός
3299 1804 3424 1857 μου.

475 1809 582 1851 non
614 1801 795 1848 autem
822 1791 936 1848 ﬁlia
975 1793 1169 1849 matris
1196 1808 1350 1849 meae.

1083 1905 1241 1962 CAP.
1284 1905 1450 1963 χχιι.
1509 1982 1515 1990 Ι

546 2017 711 2075 νειιε.
753 2019 842 2074 15.
880 2037 908 2071 4
942 2019 1008 2075 Et
1053 2033 1181 2076 ecce
1231 2021 1374 2077 aries
1422 2023 1637 2078 hazrens
1694 2021 1957 2078 cornibus
2008 2022 2061 2078 in

473 2110 708 2181 virgulto
743 2109 940 2167 Sabec.
972 2129 992 2163 ι

545 2204 721 2260 Sabec
777 2203 868 2258 alii
898 2204 1262 2259 remissionem
1302 2203 1769 2276 interpretantur;
1827 2206 1918 2261 alii
1972 2223 2063 2260 ar-

472 2295 657 2360 datum,
680 2308 867 2350 vocent
891 2294 1032 2350 hanc
1048 2296 1116 2350 ad
1137 2296 1363 2351 arietem
1390 2297 1706 2353 referentes.
1723 2296 1928 2353 Forsan
1961 2299 2062 2354 hoc

469 2402 578 2443 non
607 2386 776 2456 aliud,
811 2385 920 2443 nisi
948 2401 1146 2444 nomen
1179 2389 1418 2458 virgulti.

1069 2495 1228 2553 CAP.
1266 2497 1455 2555 XXIV.

537 2608 708 2666 Vens.
735 2610 792 2666 2.
837 2628 857 2662 ι
885 2607 957 2664 Et
989 2608 1126 2664 dixit
1146 2610 1420 2668 Abraham
1443 2613 1511 2668 ad
1540 2628 1757 2669 servum
1787 2616 2058 2672 seniorem

467 2708 664 2761 domus
701 2719 835 2774 suae,
871 2704 962 2776 qui
1003 2713 1236 2774 praeerat
1275 2705 1530 2760 omnibus
1587 2720 1708 2775 qua:
1780 2705 2055 2762 habebat:

463 2798 611 2856 Pone
641 2812 857 2853 manum
893 2805 1038 2854 tuam
1060 2796 1247 2854 subter
1270 2796 1448 2854 femur
1477 2813 1676 2854 meum.
1712 2817 1732 2850 ι

542 2975 698 3045 Quod
728 2974 858 3030 fecit
889 2974 1164 3030 Abraham
1195 2975 1296 3031 hac
1329 2974 1395 3030 de
1419 2989 1588 3030 causa
1617 2993 1632 3029 :
1681 2990 1788 3030 non
1837 2977 2058 3046 ignora-

469 3072 561 3125 bat
593 3067 1066 3123 circumcisionem
1120 3067 1218 3137 ipsi
1249 3083 1278 3121 a
1319 3067 1428 3123 Deo
1477 3068 1658 3122 datam
1689 3065 1864 3124 fuisse
1912 3070 2058 3125 velut

2173 553 2454 624 ἁμαρτίας
2497 553 2652 606 οὐδὲν
2703 554 2912 622 φαῦλον
2958 556 3066 609 τῶν
3117 558 3176 609 ἐν
3222 560 3357 628 ἡμῖν
3411 561 3762 635 ἡγουμενης,

2173 646 2388 716 χρηστὰ
2421 647 2519 716 μὲν
2548 647 2742 711 ὁσάκις
2770 647 2837 700 ἂν
2869 650 3003 720 ἡμῖν
3050 651 3082 720 ἢ
3113 650 3295 719 φαῦλά
3312 669 3435 705 τινα
3466 653 3762 724 διηγεῖται,

2171 736 2499 806 προστίθησι
2533 739 2648 801 τοῖς
2678 737 2777 807 μὲν
2807 738 3052 806 ἔπαινον,
3077 744 3191 805 τοῖς
3224 742 3280 795 δὲ
3302 742 3497 812 ψόγον·
3527 744 3637 799 τῶν
3665 747 3764 816 μὲν

2171 828 2537 897 ἀπείργουσα,
2581 829 2719 900 πρὸς
2767 831 2826 885 δὲ
2868 832 2938 886 τὰ
2981 835 3355 904 παρορμῶσα.
3401 837 3572 890 Ὅταν
3605 838 3663 890 δέ
3707 856 3763 891 τι

2170 921 2306 993 λέγῃ
2345 921 2452 976 τῶν
2485 923 2768 987 τοιούτων,
2813 919 2926 978 οἷόν
2968 927 3084 979 ἐστι
3119 927 3180 980 τὸ
3217 929 3311 982 τοῦ
3356 927 3482 982 Λὼτ
3519 931 3621 984 οὐκ
3653 931 3763 984 ἀπὸ

2170 1011 2421 1080 πονηρᾶς
2455 1012 2749 1082 γενόμενον
2795 1013 3090 1080 διαθέσεως
3113 1058 3129 1081 ,
3161 1016 3321 1087 ψέγει
3355 1020 3455 1090 μὲν
3485 1020 3761 1089 οὐδαμῶς,

2169 1101 2231 1154 οὐ
2264 1100 2372 1172 μὴν
2405 1102 2527 1156 οὐδὲ
2557 1105 2794 1170 ἐπαινεῖ,
2823 1107 2952 1170 τοὺς
2981 1111 3282 1179 σαρκικοὺς
3319 1111 3414 1164 καὶ
3441 1111 3764 1184 φιληδόνους

2171 1193 2520 1263 ὑφορωμένη.

2776 1311 3027 1366 ΚΕΦΑΛ.
3069 1314 3155 1370 ις’.

2249 1439 2266 1472 ι
2313 1421 2423 1476 Καὶ
2455 1424 2563 1493 γὰρ
2593 1422 2815 1493 ἀληθῶς
2857 1425 3061 1498 ἀδελφή
3094 1427 3196 1498 μού
3238 1430 3389 1481 ἐστιν
3416 1431 3481 1482 ἐκ
3513 1430 3761 1501 πατρὸς,

2169 1511 2288 1565 ἀλλ’
2323 1513 2424 1566 οὐκ
2454 1515 2519 1568 ἐκ
2551 1516 2779 1588 μητρός
2814 1517 3049 1589 ἐγενήθη
3080 1520 3138 1572 δέ
3176 1537 3268 1591 μοι
3292 1522 3375 1584 εἰς
3404 1524 3662 1591 γυναῖκα.
3702 1545 3720 1575 ι

2242 1689 2350 1742 Kal
2399 1688 2508 1760 γὰρ
2560 1689 2780 1760 ἀληθῶς
2822 1691 3028 1764 ἀδελφή
3084 1711 3189 1764 μου
3244 1693 3495 1768 Θυγάτηρ
3553 1696 3762 1768 πατρός

2743 1902 2997 1957 ΚΕΦΔΛ.
3040 1902 3165 1958 KB'.

2244 2032 2262 2066 t
2300 2014 2413 2066 Καὶ
2450 2013 2560 2068 ἰδοὺ
2593 2015 2750 2086 κριὸς
2779 2010 2860 2079 εἷς
2901 2015 3270 2086 κατεχόμενος
3301 2016 3359 2068 ὲν
3394 2015 3550 2088 φυτῷ
3581 2015 3760 2070 Σαῦὲκ

2165 2109 2230 2160 ἐκ
2256 2107 2362 2161 τῶν
2397 2108 2668 2179 κεράτων.
2705 2128 2724 2161 ι

2241 2201 2314 2253 Τὸ
2347 2201 2526 2253 Σαϐὲκ
2571 2200 2794 2270 ἄφεσιν
2832 2202 2978 2265 τινὲς
3021 2201 3407 2256 ἑκδεδώκασιν·
3447 2203 3499 2256 οἰ
3543 2202 3624 2269 δὲ,
3655 2209 3760 2272 ὅρ-

2165 2296 2315 2346 θιον·
2350 2291 2426 2354 ὡς
2479 2286 2619 2345 εἶναι
2653 2293 2787 2346 αὐτὸ
2821 2293 2880 2346 τὸ
2926 2293 3222 2365 λεγόμενον
3256 2295 3388 2365 περὶ
3439 2293 3536 2348 τοῦ
3576 2295 3756 2366 κριοῦ.

2163 2383 2400 2439 Δύναται
2431 2383 2488 2437 δὲ
2528 2386 2622 2438 καὶ
2651 2386 2711 2439 τὸ
2743 2387 2910 2455 φυτὸν
2939 2386 3084 2440 οὕτω
3110 2387 3670 2468 προσαγορεύεσθαικ

2748 2502 3002 2554 ΚΕΦΑΛ.
3044 2502 3172 2556 KA'.

2235 2613 2343 2667 Καὶ
2389 2607 2544 2666 εἶπεν
2591 2611 2846 2683 Ἀδραὰμ
2878 2611 2956 2682 τῷ
2989 2613 3140 2666 παιδὶ
3173 2611 3341 2667 αὐτοῦ
3388 2612 3469 2684 τῷ
3517 2613 3761 2685 πρεσϐυ-

2159 2701 2303 2774 τέρῳ
2353 2702 2453 2773 τῆς
2504 2702 2683 2765 οἰκίας
2746 2703 2936 2768 αὑτοῦ,
2971 2703 3050 2774 τῷ
3101 2704 3323 2774 ἄρχοντι
3375 2704 3598 2760 πάντων
3644 2705 3758 2759 τῶν

2165 2795 2518 2866 ὑπαρχόντων
2553 2793 2703 2866 αύτῷ
2724 2810 2739 2825 ·
2783 2796 2886 2860 Θὲς
2930 2797 3028 2867 τὴν
3063 2797 3226 2869 χεῖρά.
3258 2814 3354 2852 σου
3390 2797 3498 2851 ὑπὸ
3529 2797 3621 2852 τὸν
3653 2815 3760 2870 μη-

2161 2888 2255 2958 ρόν
2289 2903 2411 2957 μου.
2448 2907 2466 2940 ι

2230 2978 2402 3033 Τοῦτο
2441 2981 2744 3050 πεποίηκεν
2773 2979 3026 3052 Ἀϐραὰμ
3066 2981 3153 3036 διὰ
3187 2982 3308 3037 τόδε
3333 2999 3348 3013 ·
3388 2984 3545 3056 ᾜδει
3579 3001 3756 3055 σφρα-

2161 3069 2288 3137 γῖδα
2321 3070 2422 3143 τὴν
2455 3072 2761 3142 περιτομὴν
2793 3072 2943 3143 αὐτῷ
2975 3073 3269 3144 δεδομένην
3299 3074 3407 3128 ὑπὸ
3440 3074 3578 3129 Θεοῦ
3619 3075 3761 3145 πρὸς

479 3162 698 3229 signum
749 3174 858 3230 quo
908 3176 937 3210 a
982 3160 1196 3215 caeteris
1247 3159 1560 3216 hominibus
1611 3159 2056 3230 distingueretur.

2167 3158 2267 3230 τὴν
2292 3159 2400 3212 ἀπὸ
2429 3161 2539 3214 τῶν
2579 3160 2786 3214 λοιπῶν
2825 3162 3129 3233 ἀνθρώπων
3177 3165 3472 3237 διάκρισιν.
3521 3165 3759 3220 Ἐσπού-

475 3253 623 3309 Nihil
679 3252 846 3323 igitur
881 3252 1164 3322 antiquius
1214 3251 1470 3318 habebat,
1513 3267 1676 3322 quam
1727 3262 1788 3308 ut
1833 3256 2057 3323 posteri,

467 3350 758 3401 observata
788 3345 1225 3401 circumeisionis
1255 3344 1390 3415 lege,
1444 3346 1512 3400 ab
1554 3345 1794 3402 externis
1839 3348 2058 3403 recede-

468 3451 612 3494 rent.
639 3438 752 3494 Hoc
773 3456 902 3510 ergo
929 3441 1218 3495 intendens
1246 3454 1428 3495 secum
1465 3441 1756 3510 reputavit,
1791 3443 1843 3496 ni
1879 3442 2057 3510 fallor,

469 3544 694 3586 uxorem
728 3531 904 3599 Isaac,
937 3532 981 3588 si
1013 3536 1154 3601 apud
1183 3531 1442 3587 ﬁnitimos
1469 3547 1825 3602 quaereretur,
1876 3545 2061 3607 utpote

471 3621 619 3690 genti
679 3637 792 3678 sua:
819 3636 993 3692 usque
1027 3622 1362 3692 propiorem,
1415 3622 1498 3678 vel
1525 3624 1746 3682 omnino
1791 3641 1920 3693 non,
1967 3637 2061 3682 aut

469 3727 578 3768 non
608 3713 712 3770 nisi
753 3713 1069 3768 diﬂicillime
1095 3712 1164 3768 ab
1213 3713 1518 3770 idololatria
1565 3716 1632 3771 ad
1663 3731 1847 3772 veram
1899 3718 2058 3773 fidem

467 3802 662 3859 deduci
703 3817 904 3874 posse;
950 3816 1207 3872 sponsam
1240 3816 1418 3858 autem
1470 3818 1538 3860 ex
1573 3805 1745 3876 ipsius
1790 3807 1961 3876 patria
1997 3822 2059 3864 ac

459 3909 664 3964 genere
693 3897 1054 3965 desumptam,
1089 3897 1342 3954 facillime
1376 3899 1476 3954 viri
1518 3899 1601 3954 sui
1649 3901 1892 3958 moribus
1925 3917 2059 3958 con-

458 4002 771 4043 sensuram.
821 3987 1094 4045 Prazterea
1132 3990 1524 4046 recordabatur
1549 4006 1680 4047 sane
1707 4004 1898 4062 gentes
1935 4010 2058 4065 qua:

464 4089 596 4136 tunc
624 4081 889 4150 temporis
938 4079 1286 4139 Palaestinam
1338 4083 1647 4140 incolebant
1684 4099 1714 4140 a
1745 4083 1856 4141 Deo
1890 4086 2057 4142 fuisse

461 4173 735 4242 reiectas;
768 4189 869 4230 nec
907 4190 1120 4247 equum
1178 4177 1425 4247 putabat,
1455 4178 1499 4232 si
1533 4179 1601 4232 de
1631 4187 1792 4248 gente
1830 4178 1938 4232 Deo
1968 4178 2054 4231 in-

462 4265 615 4320 fensa
645 4276 699 4320 et
755 4267 938 4323 hostili
994 4267 1142 4323 Isaac
1177 4267 1460 4340 conjugem
1492 4268 1783 4338 acciperet.
1843 4268 2049 4336 Quam-

462 4357 648 4412 obrem
681 4359 927 4428 praecipit
949 4375 1118 4430 puero
1151 4370 1208 4414 ut
1237 4360 1289 4414 in
1321 4359 1736 4414 circumcisione
1767 4377 1862 4430 per
1879 4359 2056 4416 Domi-

463 4464 591 4502 nmn
621 4450 1054 4506 circumeisionis
1102 4463 1385 4506 auctorem
1431 4449 1582 4519 iuret
1625 4465 1687 4505 se
1731 4452 1891 4507 verba
1923 4456 2054 4510 ἰιεεσ

2158 3251 2324 3316 δαζεν
2351 3249 2444 3307 οὖν
2471 3255 2622 3319 ὅπως
2651 3256 2747 3311 καὶ
2771 3258 2820 3308 οἰ
2847 3259 2964 3326 μετ’
2997 3257 3164 3310 αὑτὸν
3195 3258 3256 3323 ἐξ
3280 3258 3446 3312 αὐτοῦ
3469 3260 3761 3327 γεννηθέν-

2162 3359 2254 3405 τες
2304 3344 2513 3414 ταύτην
2565 3346 2928 3413 φυλάττοντες
2991 3345 3076 3415 ἐφ’
3138 3347 3350 3401 ἑαυτῶν
3409 3348 3756 3420 διαμείνωσι.

2161 3436 2337 3491 Τοῦτο
2364 3437 2545 3492 τοίνυν
2574 3438 2926 3502 ἐσπουδακὼς
2950 3479 2964 3504 ,
2999 3438 3339 3508 διελογίσατο
3373 3442 3497 3496 καθ’
3537 3443 3754 3506 ἑαυτὸν,

2159 3529 2238 3594 ὡς
2267 3531 2413 3594 εἰκὸς
2435 3572 2450 3596 ,
2483 3531 2566 3584 ὅτι
2597 3533 2646 3584 εἰ
2677 3531 2777 3601 μὲν
2817 3531 2958 3601 πρός
2989 3547 3114 3586 τινα
3149 3531 3262 3584 τῶν
3306 3534 3592 3604 ἐγχωρίων
3628 3551 3756 3586 συν⁶

2163 3623 2277 3695 ἅψῃ
2302 3624 2362 3676 τδ
2393 3623 2558 3694 κῆδος
2585 3665 2600 3689 ,
2651 3623 2886 3692 ἐγγύθεν
2923 3624 3077 3688 ὄντος
3110 3626 3176 3696 τῇ
3210 3624 3348 3696 κόρῃ
3393 3625 3488 3678 τού
3519 3625 3715 3693 γένους
3737 3667 3754 3692 ,

2164 3716 2420 3780 δύσκολος
2450 3716 2484 3788 ἢ
2533 3716 2626 3770 καὶ
2653 3715 2917 3780 ἀδύνατος
2959 3718 2992 3788 ὴ
3023 3716 3130 3778 ἀπὸ
3175 3716 3274 3786 τῆς
3308 3716 3758 3788 εἰδωλολατρείας

2163 3807 2302 3880 πρὸς
2329 3807 2430 3880 τὴν
2473 3806 2759 3863 εὐσέϐειαν
2791 3807 2945 3862 ἔσται
2985 3807 3311 3878 μετάθεσις·
3360 3809 3410 3862 εἰ
3451 3808 3508 3862 δὲ
3540 3811 3605 3862 ὲκ
3650 3809 3757 3879 τῆς

2161 3899 2358 3953 ἑαυτοῦ
2388 3899 2646 3970 πατρίδος
2669 3900 2765 3954 καὶ
2808 3898 2904 3953 τοῦ
2927 3900 3130 3953 οἰκείου
3156 3900 3353 3970 γένους
3374 3900 3596 3972 νύμφην
3614 3901 3757 3970 ἀγά-

2159 4009 2332 4060 γοιτο,
2370 3991 2569 4063 ῥᾳδίως
2593 3990 2735 4062 αὕτη
2772 3991 2912 4062 πρὸς
2937 3992 3006 4045 τὰ
3046 3992 3154 4064 seu
3187 3992 3284 4046 τοῦ
3326 3993 3520 4064 ἀνδρὸς
3548 3995 3758 4065 μεταρ-

2165 4083 2622 4155 ρυθμισθήσεται.
2659 4084 2801 4156 Πρὸς
2835 4085 2892 4138 δὲ
2933 4084 3146 4149 τούτοις
3183 4085 3500 4155 ἀναγκαίως
3531 4087 3624 4141 καὶ
3653 4086 3757 4158 τῆς

2159 4174 2596 4246 ὲξενηνεγμένης
2623 4175 2765 4228 κατὰ
2793 4175 2902 4230 τῶν
2923 4175 3216 4230 οἰκούντων
3246 4175 3370 4230 τότε
3404 4176 3505 4248 τὴν
3542 4176 3757 4230 Παλαιο

2161 4266 2346 4336 στίνην
2377 4267 2706 4336 ἀποφάσεως
2736 4265 3108 4339 ὲπεμέμνητο’
3145 4268 3344 4322 οὔκουν
3378 4269 3516 4340 ᾤετο
3541 4269 3655 4322 δεῖν
3685 4270 3756 4325 ἐκ

2157 4355 2252 4410 τοῦ
2290 4357 2481 4426 γένους
2517 4356 2614 4410 τοῦ
2646 4359 3157 4428 προσκεκρουκότος
3189 4360 3285 4412 καὶ
3334 4360 3598 4429 πολεμίου
3627 4360 3754 4431 Θεῷ

2159 4450 2396 4517 γυναῖκα
2421 4447 2723 4518 λαμϐάνειν
2747 4447 2825 4518 τῷ
2863 4449 3069 4504 Ἰσαάκ.
3097 4449 3196 4503 Διὰ
3221 4449 3394 4504 ταῦτα
3427 4449 3637 4503 κελεύει
3670 4451 3755 4520 τῷ

459 4541 900 4624 observaturum.
976 4542 1222 4598 Tradunt
1274 4551 1456 4598 autem
1513 4542 1755 4596 nonnulli
1817 4559 2046 4612 puerum

2167 4537 2314 4592 παιδὶ
2344 4537 2443 4607 τῆς
2477 4537 2783 4608 περιτομῆς
2817 4539 3212 4624 ἐφαπτομένῳ,
3242 4540 3383 4594 κατὰ
3415 4539 3511 4594 τοῦ
3537 4541 3755 4613 ταύτην

460 4633 624 4688 istum
651 4621 901 4690 eumdem
929 4649 1052 4690 esse
1082 4648 1242 4704 quem
1267 4633 1518 4702 superius
1533 4631 1810 4688 Abraham
1839 4651 2046 4691 memn-

2167 4627 2452 4692 Ξεδωκότος
2483 4627 2707 4697 ὀμνύειν
2736 4628 2866 4698 περὶ
2891 4621 2968 4682 ὧν
2993 4645 3128 4699 φησι
3155 4629 3294 4702 πρὸς
3323 4629 3508 4683 αὐτόν.
3540 4628 3754 4682 Τοῦτον

459 4735 676 4779 raverat
703 4727 922 4781 dicens:
947 4723 1120 4779 Filius
1147 4733 1322 4777 autem
1346 4722 1548 4786 Maaec,
1579 4728 1874 4780 vernacula'
1891 4743 2044 4795 mea,

2167 4721 2210 4774 5‘s
2261 4719 2426 4775 αὐτὸν
2471 4720 2728 4791 εἰρήκασί
2779 4739 2923 4785 τινες
2977 4718 3149 4790 εῖναι,
3201 4716 3264 4776 οὗ
3311 4721 3675 4792 μνημονεύων
3721 4723 3756 4774 ὁ

458 4815 558 4869 iste
607 4815 943 4871 luereditabit
988 4830 1070 4868 me
1093 4812 1159 4866 ιι.
1216 4811 1350 4866 Nam
1404 4813 1614 4869 videtur
1659 4831 1784 4871 cum
1836 4816 1924 4894 illa
1980 4819 2047 4873 de

2167 4814 2421 4886 Ἀϐραὰμ
2453 4815 2512 4867 ἐν
2537 4817 2650 4878 τοῖς
2680 4815 2992 4888 ἔμπροσθεν
3013 4815 3221 4884 ἔλεγεν·
3264 4814 3327 4867 '0
3358 4813 3426 4867 δὲ
3455 4814 3589 4880 υἰύς
3617 4815 3753 4867 Ma-

458 4926 619 4965 causa
649 4921 906 4980 tanquam
951 4906 1227 4964 hmredem
1267 4906 1546 4978 selegisse,
1599 4910 1726 4980 quia
1775 4927 1897 4966 eum
1945 4913 2045 4966 sibi

2167 4905 2271 4959 m
2299 4904 2411 4974 τῆς
2438 4905 2786 4976 οἰκογενο-ῦς
2803 4923 2944 4974 μου,
2969 4900 3148 4970 οὗτος
3173 4902 3625 4973 κληρονομήσει
3647 4920 3750 4971 με.

458 5004 868 5057 devotissimum
913 5009 972 5056 et
1016 4997 1412 5055 amicissimtun
1461 5014 1559 5070 per
1623 5015 1836 5055 onmem
1883 5001 2050 5056 vitam

2167 4997 2268 5051 Καὶ
2303 4996 2532 5060 ἀπεικός
2560 5013 2624 5066 γε
2664 4997 2840 5059 οὐδὲν,
2885 4995 3178 5065 βούλεσθαι
3217 4995 3380 5048 αὐτὸν
3410 4992 3588 5064 τούτῳ
3621 4994 3753 5046 τότε

459 5106 714 5164 expertus
743 5093 943 5147 fuerat.

959 5331 963 5335 ’
1063 5373 1218 5432 CAP.
1259 5373 1425 5431 xxv.

548 5499 680 5537 rens
741 5493 834 5542 2'2.
897 5507 915 5541 ι
956 5461 1306 5558 Perrexitque
1367 5497 1432 5544 ut
1488 5489 1801 5548 consuleret
1854 5491 2044 5549 Domi-

459 5591 608 5629 num.
647 5597 664 5627 ι

532 5755 573 5788 ¹⁶
595 5755 730 5814 Gen.
756 5771 842 5824 xv,
869 5757 923 5814 2.

2152 5087 2462 5159 χρήσασθαι
2487 5086 2832 5158 κληρονόμῳ,
2858 5087 2935 5150 ὼς
2965 5083 3467 5155 συναναστραφέντι
3502 5099 3561 5135 τε
3592 5082 3753 5152 αύτῷ

2154 5178 2346 5251 σχεδὸν
2378 5179 2473 5234 καὶ
2504 5179 2850 5249 εὐνουστὰτῳ
2893 5177 3044 5249 παρὰ
3083 5177 3266 5230 πάντα
3296 5176 3388 5230 τὸν
3429 5174 3544 5246 βίον
3577 5191 3754 5244 γεγε-

2151 5271 2390 5344 νημένῳ.

2729 5381 2980 5434 ΚΕΦΑΛ.
3023 5381 3150 5434 KE’.

2234 5516 2251 5548 ι
2304 5493 2606 5566 Ἐπορεύθη
2635 5493 2691 5548 δὲ
2723 5493 2988 5548 πυθέσθαι
3023 5495 3174 5566 παρὰ
3202 5493 3427 5566 Κυρίου.
3461 5509 3484 5546 a
