4064 6410
256 372 259 374 -
333 326 463 395 1649

1420 324 1499 385 IN
1538 325 1871 386 GENESIN
1912 321 2397 385 FRAGMENTA.

3458 318 3594 385 1650

409 441 707 512 Ἐπορεύθη
739 441 819 504 είς
850 440 1013 494 τόπον
1053 440 1296 511 δηλονότι
1329 440 1470 505 τινὰ,
1508 442 1564 493 ἐν
1591 433 1745 510 ᾧπερ
1779 439 1908 509 παρ’

2087 438 2288 502 Adivit,
2333 444 2390 490 ut
2453 434 2686 499 videtur,
2731 433 2909 490 locum
2956 433 3269 505 quemdam,
3317 449 3424 502 quo
3457 433 3599 488 Deus

330 533 506 594 αὑτοῖς
554 528 939 599 ἐπιφαίνεσθαι
976 529 1067 582 τὸν
1109 529 1241 581 Θεὸν
1289 527 1549 592 πολλάκις
1600 528 1904 582 συνέϐαινε.

328 622 481 684 Τινές
523 620 579 672 δέ
616 621 788 689 αὐτὴν
830 618 983 690 παρά
1013 619 1102 672 τὸν
1132 619 1472 690 Μελχισεδὲκ
1498 619 1708 688 ἔφασαν
1737 636 1910 672 πεπο-

334 712 575 784 ρεῦσθαι.
609 713 766 764 Ἐστι
793 712 850 765 δὲ
880 712 980 764 οὐκ
1010 710 1295 765 ἀπίθανον·
1328 706 1397 782 ἦν
1425 711 1534 783 γὰρ
1564 709 1726 764 αὐτὸν
1763 709 1908 774 εἰκὸς

330 807 407 860 ἐτι
435 807 530 860 καὶ
551 807 840 875 περιεῖναι.

901 917 1153 972 ΚΕΦΑΛ.
1193 915 1317 972 KZ"

405 1053 426 1086 ο
461 1033 573 1087 Καὶ
610 1033 846 1086 ἐνεκότει
897 1029 1069 1084 Ἥσαῦ
1115 1028 1310 1084 Ἰακὼϐ
1338 1029 1468 1102 περὶ
1496 1030 1594 1100 τῆς
1619 1028 1870 1097 εὐλογίας
1892 1069 1908 1092 ,

329 1121 395 1198 ἧς
419 1124 715 1196 εὐλόγησεν
745 1124 909 1178 αὑτὸν
950 1121 1136 1177 Ἰσαάκ
1164 1123 1192 1176 ὀ
1237 1121 1420 1192 πατὴρ
1453 1122 1641 1177 αὑτοῦ.
1683 1118 1818 1174 Εῑπε
1855 1121 1912 1174 δὲ

340 1215 509 1270 Ἠσαῦ
557 1217 615 1268 ἐν
643 1218 710 1286 τῇ
744 1214 953 1285 διανοίᾳ
975 1232 987 1247 ·
1034 1212 1444 1282 Ἐγγισάτωσαν
1479 1213 1536 1266 αί
1571 1212 1775 1283 ἡμέραι
1817 1210 1911 1266 τοῦ

330 1308 559 1370 πένθους
594 1305 689 1360 τοῦ
721 1293 926 1378 πατρός
955 1321 1083 1376 μου,
1120 1303 1208 1357 ἵνα
1237 1304 1548 1357 ἀποκτείνω
1591 1303 1788 1357 Ἰακὼϐ
1822 1302 1914 1356 τὸν

328 1393 558 1464 ἀδελφόν
586 1411 707 1465 μου.
751 1412 769 1446 ι

397 1484 508 1540 Τοῦ
565 1486 736 1540 Ἦσαῦ
777 1485 920 1540 κατά
951 1485 1194 1543 διάνοιαν
1237 1487 1330 1541 τὸν
1377 1485 1537 1557 φόνον
1577 1483 1674 1538 τοῦ
1720 1483 1916 1538 Ἰακὼϐ

327 1578 666 1648 μελετῶντος
685 1621 699 1643 ,
731 1579 850 1642 πῶς
881 1578 1052 1649 ἔφησε
1083 1581 1174 1646 τὸ,
1218 1578 1556 1650 Ἀπηγγέλη
1587 1575 1657 1630 δὲ
1684 1575 1760 1644 τῇ
1797 1577 1916 1630 Ῥεσ-

323 1668 512 1738 6έλικᾳ
551 1668 626 1724 τὰ
655 1669 898 1739 ῥήματα
939 1670 1166 1735 ταῦτα;
1193 1671 1342 1741 Φημὶ
1388 1669 1588 1734 τοίνυν,
1630 1669 1712 1722 ὅτι
1737 1667 1826 1721 διὰ
1855 1668 1916 1720 τὸ

2015 530 2147 597 ipsis
2180 541 2444 598 apparere
2475 525 2708 582 solebat.
2739 521 2936 580 Dicunt
2964 525 3130 580 etiam
3163 524 3344 594 plures
3381 539 3498 578 eam
3527 524 3606 577 ad‘

2016 619 2408 676 Melchisedech
2452 618 2746 674 accedisse.
2796 615 2907 673 Nec
2971 617 3072 671 hoc
3116 616 3432 672 absurdum.
3478 615 3596 671 Non

2015 721 2100 768 est
2123 711 2267 767 enim
2301 727 2399 766 cur
2429 725 2554 765 eum
2607 717 2733 766 tunc
2757 709 2866 780 jam
2902 706 3218 764 defunctum
3250 707 3474 762 dixeris.

2594 923 2748 982 CAP.
2789 923 3008 981 XXVII.

2095 1039 2252 1094 Vens.
2286 1039 2375 1093 ιι.
2425 1057 2443 1090 ι
2476 1037 2681 1095 Oderat
2712 1052 2842 1109 ergo
2865 1038 3009 1094 Esau
3037 1037 3210 1094 Jacoh
3239 1050 3338 1106 pro
3369 1036 3596 1092 benedi—

2017 1131 2200 1186 ctione
2227 1145 2330 1199 qua
2366 1129 2720 1185 henedixerat
2760 1129 2811 1184 ei
2848 1140 3025 1200 pater.
3067 1128 3322 1200 Dixitque
3357 1129 3410 1184 in
3436 1130 3602 1184 corde

2020 1237 2162 1278 suo:
2193 1221 2424 1277 Venient
2473 1221 2590 1276 dies
2635 1220 2814 1278 luctus
2858 1219 3034 1290 patris
3070 1219 3203 1288 mei,
3253 1228 3310 1277 et
3352 1218 3610 1276 occidam

2019 1313 2185 1369 Iacob
2207 1312 2428 1368 fratrem
2457 1327 2656 1368 meum.
2689 1331 2715 1366 ι

2092 1492 2236 1547 Esau
2271 1492 2472 1548 caedem
2497 1489 2682 1546 Jacobi
2721 1491 2772 1544 in
2803 1500 2982 1544 mente
3006 1490 3264 1557 agitante,
3305 1501 3413 1558 quo
3446 1495 3606 1556 pacto

2024 1584 2224 1638 dictum
2276 1591 2362 1638 est
2421 1583 2598 1637 illud:
2652 1579 2915 1635 Nuntiata
2963 1592 3141 1634 autem
3183 1589 3305 1633 sunt
3360 1577 3604 1633 Rebecca:

2024 1678 2178 1731 verba
2196 1675 2351 1731 hwc?
2377 1675 2561 1729 Dicam
2599 1674 2782 1743 igitur,
2805 1672 3100 1742 Scriptura:
3133 1687 3303 1728 saera:
3330 1671 3434 1726 hoc
3463 1671 3608 1724 mori.

323 1760 561 1832 σύνηθες
588 1761 728 1814 εἶναι
767 1763 834 1833 τῇ
867 1760 987 1834 θείᾳ
1017 1762 1206 1834 Γραφῇ
1249 1763 1350 1826 τὰς
1381 1763 1481 1832 τῆς
1524 1761 1702 1832 ψυχῆς
1733 1761 1916 1814 διαθέ-

2030 1783 2146 1824 esse
2177 1777 2235 1820 ut
2283 1768 2478 1822 anima:
2514 1765 2740 1822 alfectus
2776 1768 2940 1821 verba
2966 1775 3020 1820 et
3046 1779 3204 1821 voces
3234 1775 3424 1829 vocet;
3457 1764 3608 1832 quod

321 1866 445 1913 σεις
493 1852 573 1912 εἰς
622 1849 828 1918 λόγουςΔ
860 1850 1123 1915 πολλάκις
1165 1852 1258 1906 καὶ
1305 1851 1490 1922 φωνὰς
1537 1850 1915 1921 σχηματίζειν,

318 1941 612 1996 κάνταῦθα
635 1941 792 1994 τοῦτο
817 1943 1065 2011 ἐποίησε.

914 2056 1166 2110 ΚΕΦᾹΛ.
1199 2057 1334 2110 KH'.

407 2187 427 2220 ε
473 2169 585 2222 Καὶ
630 2168 741 2223 ίδοὺ
782 2168 988 2240 κλίμαξ
1034 2169 1411 2240 ἐστηριγμένη
1448 2169 1508 2223 ἐν
1541 2171 1607 2240 τῇ
1644 2170 1714 2240 γῇ
1737 2209 1752 2234 ,
1784 2163 1854 2240 ἧς
1887 2168 1921 2238 ἡ

327 2259 542 2330 κεφαλὴ
570 2259 852 2328 ἀφικνεῖτο
878 2260 960 2323 είς
980 2260 1075 2313 τὸν
1096 2260 1156 2313 ού
1167 2261 1348 2328 ρανόνο
1377 2259 1476 2313 καὶ
1503 2261 1551 2312 oi
1580 2259 1802 2328 ἄγγελοι
1827 2256 1922 2311 τοῦ

327 2350 468 2404 Θεοῦ
501 2351 784 2404 ἀνέϐαινον
817 2351 914 2406 καὶ
943 2352 1268 2406 κατέϐαινον
1304 2351 1392 2405 ἐπ’
1423 2352 1584 2422 αὐτῇ.
1629 2349 1686 2403 '0
1716 2350 1773 2403 δὲ
1805 2349 1924 2403 Κύ-

257 2457 263 2468 '
332 2461 451 2509 ριος
479 2444 844 2514 ἐπεστήρικτο
872 2443 963 2497 ἐπ’
996 2444 1188 2513 αὐτῆς·
1235 2445 1329 2498 καὶ
1358 2439 1534 2506 εἶπεν,
1578 2440 1721 2510 Ἐγώ
1759 2442 1873 2511 είμι
1897 2443 1925 2494 ὁ

328 2533 465 2596 Θεὸς
510 2533 780 2604 Ἀϐραὰμ,
815 2535 909 2588 καὶ
951 2535 980 2588 ό
1024 2534 1158 2599 Θεὸς
1211 2534 1397 2588 Ἰσαὰκ
1429 2533 1525 2586 τοῦ
1563 2532 1772 2604 πατρός
1805 2548 1920 2584 σου.

327 2622 424 2692 Μὴ
457 2622 646 2692 φοϐοῦ’
673 2626 707 2695 ἠ
743 2625 814 2695 γῆ
844 2626 929 2693 ἐφ’
965 2619 1034 2696 ἦς
1061 2626 1126 2678 σὺ
1171 2623 1457 2688 καθεύδεις
1482 2624 1570 2678 ἐπ’
1600 2624 1802 2694 αὐτῆς,
1844 2624 1926 2676 σοι

327 2713 491 2766 δώσω
519 2714 692 2784 αὐτὴν
719 2716 814 2767 καὶ
843 2715 920 2784 τῷ
956 2715 1234 2786 σπέρματί
1264 2733 1380 2770 σου.
1419 2733 1438 2766 ι
1709 2775 1712 2777 λ

415 2805 693 2876 ᾘνίττετο
719 2804 775 2856 δέ
817 2804 905 2856 διὰ
938 2805 1168 2866 τούτων,
1203 2805 1298 2857 καὶ
1334 2805 1427 2858 τὸν
1461 2803 1660 2858 Ἰακὼϐ
1689 2805 1925 2868 ἐξεδίδαο

331 2907 472 2950 σκεν
512 2896 574 2949 ού
614 2895 776 2964 μόνον
822 2895 884 2948 τὸ
920 2896 1048 2959 τοὺς
1084 2896 1352 2965 ἀγγέλους
1400 2898 1459 2950 ἐν
1505 2897 1583 2967 τῷ
1612 2898 1734 2951 καθ’
1775 2900 1926 2969 ἡμᾶς

328 2982 478 3040 εἶναι
509 2985 694 3057 χώρῳ,
725 2985 806 3056 τῷ
843 2987 1160 3058 ύπουρανίῳ
1185 2989 1353 3057 φημὶ,
1377 2985 1512 3041 ἀλλά
1550 2989 1645 3041 καὶ
1672 2988 1732 3042 τὸ
1765 2990 1928 3059 μόνον

326 3079 449 3140 τοῖς
481 3079 649 3131 πᾶσιν
674 3077 882 3131 ἀνωθεν
914 3079 1206 3148 ἐφεστάναι
1234 3079 1327 3133 τὸν
1353 3078 1579 3151 Κύριον,
1607 3081 1926 3149 άγγελικαῖς

325 3166 603 3237 δυνάμεσι
657 3167 728 3221 τὰ
779 3167 904 3221 καθ’
951 3141 1100 3240 ἦμᾶς
1155 3141 1575 3239 διοικούμενον,⁷
1606 3141 1704 3226 καί
1759 3141 1993 3244 μηδὲνϐ

324 3259 676 3331 ἀπρονόητον
695 3259 804 3313 τῶν
827 3259 954 3331 τῇδε
977 3260 1053 3325 ὡς
1075 3260 1236 3332 ἔτυχε
1263 3261 1508 3333 νομίζειν
1535 3263 1819 3337 φέρεσθαι*
1851 3265 1928 3338 μὴ

327 3351 518 3406 τοίνυν
536 3353 648 3406 δεῖν
672 3354 761 3408 διά
779 3353 939 3408 τοῦτο
965 3355 1101 3425 μηδέ
1119 3357 1292 3428 αὐτὴν
1314 3356 1413 3426 τὴν
1436 3357 1704 3429 ἐκδημίαν
1724 3360 1924 3413 ὁκνεῖνο

328 3443 395 3496 ού
420 3441 532 3514 γὰρ
559 3443 847 3496 πείσεσθαί
873 3461 924 3496 τι
954 3444 1213 3516 δυσχερὲς
1241 3446 1300 3498 ἐν
1325 3446 1485 3517 αὐτῇ.
1522 3449 1633 3501 Καὶ
1657 3449 1765 3519 γάρ
1788 3445 1927 3502 εἶναι

327 3534 426 3587 τὸν
451 3533 864 3604 ἐμφανισθέντα
904 3533 1000 3587 νῦν
1039 3534 1190 3606 αύτῷ
1217 3535 1410 3589 τοῦτον
1450 3538 1658 3591 ἐκεῖνον
1686 3539 1779 3591 τὸν
1814 3557 1926 3592 πα·

324 3623 512 3696 τρῷον
537 3624 699 3687 Θεὸν,
722 3624 818 3678 καὶ
858 3623 956 3695 ούχ
975 3624 1182 3693 ἕτερον,
1209 3625 1269 3690 ὃς
1297 3626 1695 3695 ἐπαγγέλλεται
1738 3630 1926 3698 σαφῶς

318 3714 488 3787 αὐτῷ
512 3733 573 3768 τε
601 3715 696 3770 καὶ
737 3718 850 3780 τοῖς
893 3715 952 3783 ἐξ
996 3715 1163 3770 αὑτοῦ
1193 3717 1296 3788 τῆς
1327 3719 1412 3788 ἐφ’
1437 3711 1505 3790 ἦς
1538 3717 1635 3772 νῦν
1675 3719 1926 3774 καθεύδει

315 3809 428 3880 γῆς
473 3808 575 3880 τὴν
607 3809 958 3879 κατάσχεσιν.

922 3921 1176 3976 ΚΕΦΑΛ.
1219 3923 1324 3976 AA'

410 4059 430 4090 ο
473 4037 592 4090 Λάῖ
597 4053 663 4088 αν
686 4036 742 4089 δέ
765 4034 939 4107 ᾤχετο
962 4035 1232 4105 κεῖραιτά
1254 4035 1502 4106 πρόϐατα
1522 4034 1709 4090 αύτοῦ⁹
1732 4035 1926 4106 ἔκλεψε

323 4131 386 4186 δέ
431 4126 642 4198 Ῥαχὴλ
681 4128 748 4180 τὰ
778 4123 974 4180 εἴδωλα
1002 4125 1096 4179 τοῦ
1127 4127 1336 4198 πατρὸς
1357 4127 1546 4196 αὐτῆς.
1579 4145 1598 4179 ι

404 4217 602 4275 Ἐοικέ
628 4234 747 4280 πως
768 4217 892 4270 ὅσον
936 4217 1001 4269 ἐκ
1023 4214 1134 4268 τῶν
1166 4215 1392 4268 εἰκότων
1417 4216 1528 4269 ἀπὸ
1557 4215 1658 4286 τῆς
1685 4216 1928 4288 ἱστορίας

325 4312 520 4366 ἔνεστι
560 4305 1000 4375 συλλογίσασθαι,
1025 4307 1091 4377 τῇ
1118 4304 1401 4376 θεοσεϐείᾳ
1433 4307 1531 4377 μὲν
1555 4307 1930 4378 προσεσχηκέ-

327 4421 418 4458 ναι
468 4398 677 4473 μᾶλλον
716 4398 816 4468 τὴν
853 4397 1044 4464 Λείαν,
1091 4396 1186 4451 καὶ
1230 4398 1374 4450 κατά
1417 4395 1572 4450 τοῦτο
1608 4398 1686 4468 τῷ
1735 4397 1928 4452 Ἰακὼϐ

327 4490 802 4565 ἠκολουθηκέναιο
847 4491 914 4559 τῇ
960 4488 1090 4560 περὶ
1128 4488 1196 4542 τὰ
1236 4487 1431 4542 εἴδωλα
1457 4488 1515 4542 δὲ
1549 4488 1674 4561 δόξῃ
1699 4489 1794 4542 τοῦ
1821 4507 1924 4543 παι

324 4586 462 4657 om)“;
483 4581 588 4651 τὴν
619 4578 822 4649 Ῥαχὴλ
839 4578 864 4630 ἐ
872 4595 984 4648 μμε
993 4577 1308 4650 μενηκέναι.
1334 4578 1443 4631 Καὶ
1465 4577 1597 4647 γοῦν
1619 4577 1924 4649 ὑφελομένη

323 4677 514 4730 ταῦτα
542 4671 794 4741 φαίνεται
822 4670 963 4722 κατά
989 4669 1082 4723 τὸν
1109 4670 1209 4740 τῆς
1235 4669 1553 4740 ἀποδημίας
1583 4669 1796 4742 καιρὸν,
1826 4671 1926 4723 ούκ

323 4767 426 4822 ἐπὶ
449 4762 533 4834 τῷ
563 4760 851 4830 συντρίψαι
899 4759 992 4813 καὶ
1018 4759 1302 4822 ἀπολέσαι,
1334 4758 1518 4825 καθὼς
1543 4761 1925 4830 ὑπελάμϐανον

324 4861 468 4914 ἐνιοι
497 4852 718 4925 (οὐκοῦν
742 4851 864 4905 ούδέ
897 4850 1217 4921 συνέτριψεν
1247 4849 1307 4915 ἐξ
1337 4852 1558 4922 ἀρχῆς),
1589 4853 1704 4906 ἀλλ’
1735 4853 1826 4906 ἐπὶ
1847 4853 1924 4925 τῷ

330 4949 455 5023 μεθ’
489 4945 695 5014 ἑαυτῆς
744 4943 889 5014 ἔχειν
927 4943 1088 4997 αύτά.
1132 4943 1284 4996 Δοκῶ
1312 4942 1369 4996 δέ
1405 4960 1498 5013 μοι
1531 4943 1748 4997 καὶτὸν
1790 4944 1923 4997 Θεὸν

324 5043 420 5098 διὰ
449 5038 615 5094 τοῦτο
640 5039 740 5109 τήν
771 5053 832 5089 τε
873 5034 1160 5106 στείρωσιν
1199 5034 1359 5088 λῦσαι
1406 5037 1473 5106 τῇ
1502 5035 1639 5106 Λείᾳ
1675 5036 1888 5105 ταχέως
1908 5075 1923 5100 ,

327 5135 431 5190 καὶ
459 5131 524 5186 τὸ
566 5129 644 5201 τῷ
679 5129 835 5200 ἀνδρὶ
870 5128 1208 5197 συνταφῆναι
1254 5127 1588 5198 χαρίσασθαι
1615 5144 1631 5160 ο
1673 5128 1926 5200 καθάπερ

327 5229 402 5298 τῇ
431 5223 624 5294 Σάρρᾳ
653 5223 791 5293 μετά
821 5219 918 5274 τοῦ
968 5220 1245 5290 Ἀϐραὰμ,
1282 5221 1376 5273 καὶ
1411 5221 1552 5290 μετὰ
1577 5221 1672 5274 τοῦ
1741 5221 1928 5276 Ίσαάκ

330 5316 404 5384 τῇ
453 5310 725 5381 Ῥεϐέκκα
754 5308 1009 5377 φαίνεται
1057 5310 1467 5380 δωρησάμενος.
1513 5305 1616 5363 Ὧν
1644 5311 1926 5382 οὐδέτερον

333 5403 590 5476 ὑπάρξαι
619 5403 1021 5473 παραπλησίως
1042 5402 1291 5473 ἔγνωμεν
1314 5405 1380 5474 τῇ
1419 5402 1640 5473 Ῥαχήλ.

920 5515 1173 5568 ΚΕΦΔΛ.
1215 5513 1338 5568 AB’.

421 5649 442 5683 ι
486 5623 606 5683 Εἶδε
652 5629 708 5682 δὲ
731 5669 745 5693 ,
777 5630 858 5682 ὅτι
899 5629 960 5681 οὐ
991 5627 1214 5682 δύναται
1245 5628 1381 5699 πρὸς
1407 5627 1590 5682 αὐτόν’
1618 5630 1716 5682 καὶ
1754 5628 1930 5699 ἥψατο

337 5721 438 5778 cui}
474 5720 706 5784 πλάτους
732 5718 823 5773 τοῦ
858 5719 1032 5790 μηροῦ
1056 5720 1250 5786 αὐτοῦ,
1281 5719 1374 5773 καὶ
1415 5720 1684 5792 ἐνάρκησε
1711 5721 1772 5775 τὸ
1801 5721 1934 5777 πλά-

1955 4479 2002 4537 D

2023 1869 2077 1914 et
2108 1859 2194 1914 hic
2223 1857 2424 1912 factum
2453 1866 2559 1916 est.

2595 2057 2751 2114 CAP.
2792 2056 2884 2113 XX
2899 2057 3009 2113 VIII

2092 2171 2258 2226 Vens.
2308 2169 2396 2225 ιε.
2443 2188 2462 2222 ι
2492 2168 2747 2239 Viditque
2779 2169 2984 2224 scalam
3031 2176 3267 2224 stantem
3307 2181 3474 2238 super
3505 2175 3609 2222 ter-

2024 2279 2178 2330 ram,
2224 2270 2280 2317 et
2329 2276 2588 2317 cacumen
2643 2261 2787 2316 illius
2835 2270 3061 2331 tangens
3111 2259 3340 2324 cmlum,
3390 2259 3608 2329 angelos

2024 2371 2238 2426 quoque
2272 2355 2365 2409 Dei
2416 2354 2772 2409 ascendentes
2801 2362 2856 2407 et
2898 2353 3296 2408 descendentes
3325 2366 3422 2421 per
3461 2366 3607 2415 eam,

2025 2447 2138 2520 [15]
2190 2458 2245 2502 et
2291 2447 2577 2500 Dominum
2631 2445 2872 2500 innixum
2930 2445 3091 2500 scalae
3134 2445 3406 2499 dicentem
3461 2443 3607 2497 sibi:

2027 2541 2139 2608 Ego
2189 2553 2308 2592 sum
2364 2538 2624 2591 Dominus
2672 2536 2813 2590 Deus
2857 2536 3134 2590 Abraham
3188 2535 3328 2588 Deus
3359 2534 3510 2588 Isaac
3557 2544 3613 2588 et

2026 2633 2198 2700 patris
2248 2631 2323 2684 tui
2353 2649 2366 2685 :
2397 2645 2464 2685 ne
2497 2629 2726 2695 timeas;
2764 2637 2991 2696 terram,
3021 2629 3073 2684 in
3103 2643 3208 2699 qua
3242 2628 3472 2690 dormis,
3515 2627 3608 2681 tibi

2028 2723 2168 2777 dabo
2199 2731 2254 2776 et
2287 2721 2484 2776 semini
2518 2729 2630 2776 tuo.
2667 2738 2684 2766 α

2099 2815 2279 2869 Innuit
2329 2814 2415 2870 his
2453 2813 2664 2878 verbis,
2707 2823 2762 2869 et
2803 2812 3062 2868 Iacobum
3099 2811 3279 2876 docet,
3314 2825 3418 2865 non
3451 2811 3615 2865 modo

2030 2906 2250 2976 angelos
2279 2905 2524 2960 eamdem
2560 2905 2909 2975 frequentare
2946 2906 3220 2973 regionem
3253 2918 3317 2958 ac
3349 2917 3467 2966 nos,
3490 2917 3620 2957 eam-

2029 2998 2237 3052 scilicet
2271 3011 2391 3067 quae
2419 2998 2520 3052 sub
2553 2996 2706 3052 cmlis
2736 3003 2840 3064 est,
2890 2995 2982 3052 sed
3025 2995 3188 3052 etiam
3232 2995 3398 3050 Deum
3450 2995 3612 3050 rebus

2029 3090 2283 3143 omnibus
2315 3088 2488 3143 solum
2533 3088 2601 3143 de
2631 3088 2769 3144 C(BIO
2800 3103 3056 3158 praeesse,
3089 3096 3144 3141 et
3173 3085 3481 3142 ministerio
3517 3100 3623 3139 anc-

2029 3178 2323 3246 gelicarum
2366 3179 2621 3232 virtutum
2669 3178 2900 3232 humana
2948 3176 3202 3249 dirigere,
3251 3177 3334 3230 ita-
3370 3185 3432 3230 ut
3479 3175 3625 3231 nihil'

2030 3275 2118 3328 hic
2150 3273 2204 3328 in
2233 3273 2398 3330 terris
2421 3288 2550 3330 casu
2569 3282 2623 3328 et
2643 3275 2850 3344 absque
2881 3272 3064 3327 divino
3081 3271 3315 3328 Numine
3349 3271 3464 3326 ﬁeri
3495 3285 3614 3326 cre-

2031 3366 2242 3422 damus.
2293 3365 2410 3420 Non
2463 3364 2673 3422 dubitet
2723 3366 2886 3436 igitur
2931 3363 3098 3421 Iacob
3143 3363 3226 3419 vel
3256 3365 3308 3419 in
3361 3364 3623 3420 exsilium-

2029 3455 2212 3520 abire;
2257 3455 2500 3512 exsulem
2547 3457 2690 3510 enim
2763 3455 3035 3526 opprimet
3101 3454 3248 3509 nulla
3292 3454 3620 3509 necessitas.

2031 3545 2165 3600 Nam
2195 3547 2286 3616 qui
2325 3548 2440 3603 hac
2465 3548 2568 3618 ipsi
2615 3547 2838 3612 revelat,
2883 3548 3025 3603 idem
3074 3546 3164 3602 ille
3200 3545 3343 3600 Deus
3377 3557 3616 3616 patrum,

2028 3646 2083 3691 et
2107 3651 2215 3691 non
2256 3637 2414 3694 alius.
2436 3638 2536 3704 Qui
2575 3639 2740 3694 etiam
2776 3649 3040 3708 praeterea
3071 3637 3415 3696 manifestius
3437 3637 3619 3693 decla-

2028 3738 2114 3784 rat
2147 3731 2320 3800 ipsum
2344 3739 2704 3802 posterosque
2736 3733 2852 3802 ejus
2891 3741 3090 3790 terram
3131 3741 3496 3804 occupaturos
3524 3747 3619 3787 su-

2025 3835 2125 3890 per
2155 3837 2318 3894 quam
2355 3823 2676 3880 dormiebat.

2623 3937 2778 3992 CAP.
2819 3937 3016 3994 'XXXI.

2104 4049 2270 4106 Vens.
2309 4051 2398 4106 I9.
2445 4068 2465 4103 ι
2495 4049 2575 4106 Eo
2606 4062 2848 4122 tempore
2880 4053 3018 4108 ierat
3063 4051 3246 4108 Lahan
3287 4049 3355 4105 ad
3388 4048 3619 4106 tonden-

2038 4145 2139 4202 das
2162 4161 2312 4212 oves,
2347 4156 2401 4202 et
2431 4143 2634 4201 Rachel
2664 4146 2838 4199 furata
2871 4153 2949 4200 est
2993 4143 3134 4199 idola
3161 4142 3333 4213 patris
3360 4141 3467 4197 sui.
3500 4159 3520 4193 ι

2083 4239 2141 4294 In
2172 4247 2434 4309 quantum
2477 4255 2545 4295 ex
2600 4239 2834 4294 historia
2880 4237 3154 4306 conjicere
3201 4235 3349 4300 licet,
3402 4234 3620 4287 videtur

2030 4328 2126 4382 Lia
2144 4329 2330 4398 pietati
2349 4328 2662 4398 diligentius
2693 4327 3030 4394 inserviisse,
3055 4335 3220 4396 atque
3236 4325 3341 4379 hac
3364 4324 3431 4378 de
3451 4337 3624 4377 causa

2030 4421 2377 4475 consensisse
2411 4418 2614 4474 Jacoho
2646 4436 2660 4474 :
2693 4417 2899 4474 Rachel
2948 4433 3079 4473 vero
3117 4417 3306 4487 patriae
3345 4417 3411 4469 de
3456 4414 3621 4470 idolis

2033 4512 2271 4582 opinioni
2292 4511 2496 4566 diutius
2515 4511 2830 4566 adhaesisse.
2851 4509 2973 4565 Ideo
2997 4509 3169 4574 enim,
3195 4508 3321 4564 dum
3355 4507 3616 4577 fugiebat,

2035 4603 2178 4660 idola
2242 4602 2420 4657 furata
2453 4612 2558 4669 est,
2593 4619 2696 4656 non
2725 4612 2781 4657 ut
2803 4618 2864 4656 ea
2897 4601 3178 4672 frangeret
3209 4599 3619 4668 acgdissiparet,

2035 4693 2289 4762 quamvis
2333 4694 2435 4748 hoc
2467 4693 2712 4748 nonnulli
2778 4693 3018 4748 sentiant
3071 4691 3220 4763 (nam
3259 4691 3475 4747 nonnisi
3532 4705 3621 4746 se-

2035 4788 2150 4842 rius
2167 4785 2425 4856 perfregit
2450 4787 2572 4853 ea),
2602 4785 2696 4841 sed
2724 4796 2783 4840 ut
2828 4801 2890 4840 ea
2917 4801 3100 4841 secum
3133 4785 3416 4842 retineret.
3443 4783 3620 4838 Credo

2035 4878 2204 4947 igitur
2237 4891 2336 4947 ego
2371 4877 2508 4929 hanc
2545 4874 2714 4932 fuisse
2760 4892 2978 4931 causam
3015 4892 3114 4931 cur
3138 4877 3277 4930 Deus
3299 4877 3462 4930 citius
3505 4874 3619 4930 Litt:

2034 4969 2373 5023 sterilitatem
2404 4968 2647 5032 solverit,
2681 4967 2936 5037 illamque
2984 4971 3319 5025 concesserit
3349 4982 3453 5019 una
3493 4981 3616 5020 cum

2038 5062 2156 5113 viro
2189 5074 2289 5113 suo
2349 5057 2723 5128 consepeliri:
2765 5059 2834 5124 ita
2891 5061 3034 5114 enim
3087 5060 3289 5127 fuerat,
3350 5057 3619 5124 largiente

2036 5153 2168 5216 Deo,
2209 5152 2340 5206 Sara
2397 5165 2520 5205 cum
2555 5151 2855 5214 Abraham,
2919 5162 2972 5204 et
3010 5151 3255 5206 Rebecca
3309 5166 3431 5206 cum
3464 5151 3617 5204 Isaac

2035 5244 2374 5312 consepulta.
2412 5242 2485 5296 De
2523 5241 2721 5297 Rachel
2745 5254 2927 5296 autem
2955 5252 3162 5297 certum
3196 5250 3280 5298 cst
3307 5241 3452 5295 illam
3472 5256 3612 5296 nun-

2036 5351 2198 5405 quam
2227 5334 2394 5389 fuisse
2427 5335 2596 5390 tantis
2621 5335 2939 5391 muneribus
2963 5343 3206 5390 auctam.

2621 5537 2775 5595 CAP.
2815 5535 3034 5594 XXXII.

2126 5630 2292 5686 Vens.
2317 5628 2407 5685 25.
2457 5648 2474 5683 ι
2507 5629 2571 5684 Ει
2597 5631 2734 5686 vidit
2760 5632 2904 5703 quod
2926 5645 3048 5687 eum
3073 5641 3335 5699 superare
3357 5643 3463 5682 non
3496 5641 3623 5696 pos!-

2041 5733 2126 5779 sct
2157 5742 2168 5776 :
2200 5732 2253 5779 et
2285 5723 2462 5795 tetigit
2497 5739 2718 5780 nervum
2755 5723 2976 5782 femoris
3003 5721 3140 5794 ejus,
3162 5729 3214 5778 et
3239 5720 3418 5776 statim
3441 5733 3638 5774 emus--
