4064 6404
286 277 420 342 16:33

1383 280 1475 349 ΙΝ
1507 284 1853 350 [ἱΕΝΕὸΙΝι
1891 286 2372 351 ΕΠΛΕΜΕΝΈΑ.

3420 290 3563 357 1554

293 389 490 445 Ἰακὼϐ
518 392 577 444 έν
604 390 749 462 γήρᾳ
779 394 1095 462 γενομένου,
1126 396 1219 448 καὶ
1254 397 1416 451 πλέον
1452 401 1859 471 ὑπεραγαπῶν-

1990 402 2157 472 najori
2190 416 2316 456 eum
2348 401 2612 457 charitate
2647 400 2925 471 diligebat.
2980 401 3232 459 Secunda
3282 411 3339 461 et
3394 408 3554 462 tertia

281 498 375 545 τος
400 481 602 563 ¹αὐτόν’
633 482 893 552 δευτέραν
931 485 987 538 δὲ
1026 488 1118 538 καὶ
1144 488 1336 559 τρίτην
1366 491 1546 544 αἰτίαν
1584 492 1731 561 λέγει
1770 491 1863 545 τοῦ

1989 508 2153 555 rausa,
2182 494 2411 549 somnia.

286 572 496 644 μίσους,
529 571 597 626 τὰ
623 572 878 630 ἐνύπνια.

358 682 377 716 ι
420 658 541 717 Εῒδε
592 665 651 718 δὲ
685 666 939 721 ἐνύπνιον
977 668 1189 740 ἕτερον,
1250 676 1346 728 καὶ
1395 675 1698 748 διηγήσατο
1737 681 1868 734 αὐτὸ

280 755 360 826 τῷ
391 755 559 826 πατρὶ
580 755 770 821 αὐτοῦ,
799 758 894 811 καὶ
922 762 1034 824 τοῖς
1060 763 1309 831 ἀδελφοῖς
1335 767 1503 822 αὐτοῦ
1525 785 1538 799 ·
1573 771 1669 824 καὶ
1691 766 1866 840 εἶπεν,

295 848 425 901 Ἰδοὺ
459 846 828 920 ἐνυπνιάσθην
862 852 1112 908 ἐνύπνιον
1157 857 1346 930 ἓτερον
1368 876 1381 890 '
1411 860 1604 935 ὥσπερ
1633 866 1661 918 6
1693 864 1867 935 ἥλιος,

282 940 375 992 καὶ
397 941 430 1009 ἡ
457 939 684 1012 σελήνη,
715 942 810 994 καὶ
836 942 1029 998 ἕνδεκα
1049 947 1280 1019 ἀστέρες
1304 954 1675 1023 προσεκύνουν
1709 974 1799 1028 με.
1842 978 1860 1010 ι

353 1032 522 1085 Οὐδὲν
559 1034 880 1105 παράδοξον,
924 1040 973 1091 εἰ
1013 1040 1111 1110 τῆς
1158 1044 1363 1113 μητρὸς
1409 1047 1577 1101 αὐτοῦ
1608 1049 1868 1121 τελευτη-

283 1125 477 1194 σάσης,
525 1126 622 1178 σὺν
671 1126 751 1197 τῷ
798 1128 934 1199 ἡλίῳ
988 1133 1083 1186 καὶ
1123 1136 1237 1198 τοῖς
1269 1136 1492 1209 ἄστροις
1530 1144 1643 1205 τοῖς
1675 1140 1872 1197 ἕνδεκα

281 1218 378 1270 καὶ
413 1217 512 1290 τὴν
546 1219 778 1291 σελήνην
817 1221 997 1289 ἔδοξεν
1042 1226 1207 1281 αὐτὸν
1246 1232 1663 1300 προσκυνοῦσαν
1711 1238 1866 1307 ὁρᾷν.

282 1311 534 1366 Μάλιστα
574 1314 674 1383 μὲν
709 1313 820 1387 γὰρ
848 1316 909 1369 οὐ
943 1317 1239 1384 διαπαντὸς
1274 1322 1515 1388 ἐξισάζει
1544 1326 1683 1395 πρὸς
1709 1328 1871 1397 ἀκρί-

281 1404 437 1458 ὗειαν
460 1407 571 1469 τοῖς
601 1407 888 1476 πράγμασι
914 1409 983 1461 τά
1011 1411 1243 1466 ἐνύπνια
1261 1426 1274 1440 '
1306 1414 1507 1479 πολλὰς
1533 1416 1587 1469 δὲ
1625 1420 1720 1472 καὶ
1752 1420 1872 1474 λίαν

281 1495 579 1559 ἐκτύπους,
624 1498 703 1561 ὡς
730 1500 824 1552 ἐπὶ
849 1501 912 1554 τὸ
940 1501 1213 1569 πλεῖστον,
1257 1507 1557 1578 παρέχεται
1588 1511 1685 1575 τὰς
1720 1512 1874 1577 ἐξαλ-

280 1584 481 1654 λαγὰς.
509 1587 703 1658 Ὅμως
736 1591 829 1643 ἐπὶ
866 1591 961 1645 τοῦ
989 1594 1259 1664 παρόντος
1288 1597 1349 1650 οὐ
1391 1599 1532 1653 πάνυ
1569 1600 1630 1654 τὸ
1652 1604 1874 1671 γεγονὸς

277 1677 524 1750 ὑπάρχει
550 1682 885 1752 παράλογον,
929 1685 1007 1756 τῷ
1042 1704 1102 1739 τε
1134 1688 1234 1753 τὰς
1272 1689 1437 1755 ἄλλας
1477 1695 1721 1768 μητέρας
1766 1697 1873 1751 τῶν

2052 675 2210 732 Vens.
2253 673 2306 729 8.
2354 692 2372 725 ι
2401 674 2560 731 Aliud
2601 692 2819 746 quoque
2871 678 3004 733 vidit
3053 682 3359 748 somnium,
3404 683 3557 752 quod

1970 782 2198 822 narrans
2242 764 2523 832 fratribus,
2577 767 2701 821 ait:
2736 764 2856 823 Vidi
2900 783 2996 837 per
3037 770 3341 836 somnium,
3385 772 3540 841 quasi

1971 863 2159 925 solem,
2184 868 2234 915 et
2275 856 2480 925 lunam,
2512 870 2567 913 et
2599 859 2791 915 stellas
2826 858 3079 915 undecim
3108 860 3343 918 adorare
3388 878 3494 927 me.
3531 883 3549 916 ι

2022 1038 2175 1094 Licet
2210 1047 2384 1093 mater
2414 1048 2539 1094 tunc
2564 1038 2681 1109 jam
2714 1037 2970 1094 defuncta
3004 1038 3190 1103 fuerit,
3221 1053 3330 1093 non
3365 1038 3553 1097 absur-

1974 1135 2098 1187 dum
2132 1130 2179 1188 si
2202 1146 2322 1187 cum
2345 1134 2461 1186 sole
2478 1142 2533 1186 et
2554 1132 2804 1187 undecim
2824 1130 3020 1199 stellis,
3042 1132 3167 1185 luna
3187 1145 3405 1203 quoque
3427 1147 3553 1188 eum

1976 1225 2205 1280 adorare
2225 1224 2340 1278 visa
2370 1232 2474 1279 est.
2506 1221 2624 1278 Non
2676 1222 2827 1277 enim
2872 1236 2969 1291 per
2999 1224 3181 1277 omnia
3222 1223 3556 1293 respondent

1974 1329 2145 1387 usque
2200 1313 2363 1371 rebus
2411 1314 2642 1371 somnia.
2687 1312 2869 1369 Multis
2927 1314 3072 1370 enim
3100 1323 3157 1369 et
3219 1313 3559 1382 gravissian

1977 1408 2138 1462 etiam
2166 1406 2489 1472 rationibus,
2523 1420 2690 1474 quam
2724 1406 3029 1474 siepissime
3069 1405 3213 1459 inter
3241 1419 3303 1460 se
3345 1405 3563 1460 dissen-

1977 1497 2137 1552 tiunt.
2170 1488 2272 1552 Hie
2298 1506 2475 1552 tamen
2509 1514 2616 1552 non
2652 1509 2801 1553 tanta
2817 1499 3057 1554 occurrit
3090 1495 3402 1563 dilllcultas,
3426 1512 3555 1552 eum

1975 1598 2188 1645 cmterte
2218 1588 2451 1645 fratrum
2485 1598 2689 1647 matres
2720 1593 2897 1649 adhuc
2933 1600 3300 1663 superessent,
3333 1598 3385 1645 et
3446 1589 3559 1661 ipsa

1978 1680 2468 1753 ltachel,quamvis
2492 1683 2670 1752 reipsa
2693 1698 2839 1750 eum,
2862 1694 3049 1755 utpote
3076 1692 3307 1747 mortua,
3334 1681 3565 1736 adorare

277 1770 532 1840 ἀδελφῶν
558 1773 724 1826 αὐτοῦ
753 1754 1048 1845 περιεῖναι,
1077 1779 1171 1831 καὶ
1197 1780 1275 1851 τῷ
1312 1782 1412 1852 τὴν
1450 1754 1649 1857 ’ῥαχὴλ
1678 1754 1870 1856 αὐτὴν,

1989 1791 2081 1831 non
2125 1778 2383 1847 potuerit,
2449 1778 2649 1831 virtute
2709 1776 3062 1833 nihilominus
3101 1777 3207 1833 hoc
3248 1776 3311 1831 in
3388 1771 3561 1830 Iacob

278 1859 384 1914 κᾶν
417 1864 467 1915 εἰ
493 1862 748 1936 ἐνεργείᾳ
779 1864 855 1937 μὴ
886 1869 1300 1939 προσεκύνησεν
1332 1872 1497 1927 αὐτὸν
1527 1874 1618 1930 διὰ
1645 1878 1706 1931 τὸ
1737 1896 1876 1949 προ-

275 1952 630 2043 τελευτῆσαι,
675 1955 811 2009 ἀλλὰ
862 1957 1093 2028 δυνάμει
1150 1977 1210 2029 γε
1274 1962 1427 2017 οὐδὲν
1479 1961 1646 2038 ἦττον
1691 1971 1750 2022 ὲν
1795 1972 1887 2043 τῷ

290 2041 492 2097 Ἰακὼῦ
522 2042 681 2098 τοῦτο
705 2047 1030 2117 πεποίηκεν.

887 2178 1140 2234 ΚΕΦΑΛ.
1171 2177 1301 2238 AH'.

360 2328 382 2363 ο
428 2310 679 2379 Ἐγένετο
697 2310 754 2366 δὲ
778 2313 945 2384 ἡνίκα
972 2314 1178 2384 ἔτικτε,
1222 2320 1317 2373 καὶ
1337 2320 1465 2393 τῇδε
1496 2316 1564 2394 ἦν
1586 2324 1788 2395 δίδυμα
1820 2328 1879 2380 έν

289 2401 493 2472 γαστρὶ
531 2401 725 2472 αὐτῆς.
787 2402 1040 2472 Ἐγένετο
1085 2406 1143 2462 δὲ
1187 2411 1245 2462 ὲν
1284 2410 1363 2482 τῷ
1390 2412 1598 2468 τίκτειν
1628 2416 1819 2488 αὐτὴν,
1853 2419 1883 2471 6

287 2488 369 2557 εἷς
420 2493 796 2565 προεξήνεγκε
828 2495 926 2568 τὴν
976 2501 1137 2570 χεῖρα
1186 2501 1351 2557 αὐτοῦ
1376 2519 1391 2534 ο
1445 2504 1688 2561 λαϐοῦσα
1743 2509 1801 2564 δὲ
1847 2512 1881 2583 ἠ

293 2588 467 2654 μαῖα,
507 2586 704 2657 ἔδησεν
734 2589 828 2641 ἐπὶ
865 2589 964 2660 τὴν
996 2593 1155 2662 χεῖρα
1186 2594 1353 2648 αὑτοῦ
1396 2597 1458 2651 τὸ
1485 2599 1759 2668 κόκκινον,
1792 2603 1880 2656 λέ-

289 2692 485 2743 γουσα,
539 2670 708 2740 Οὗτος
756 2678 1099 2742 ἐξελεύσεται
1138 2683 1376 2754 πρῶτος.
1439 2687 1528 2752 Ὦς
1563 2689 1623 2742 δὲ
1664 2694 1884 2747 ἐπισυν-

292 2767 474 2834 ήγαγε
507 2765 608 2837 τὴν
641 2768 822 2837 χεῖρα,
856 2768 954 2821 καὶ
997 2770 1159 2835 εὐθὺς
1202 2774 1425 2844 ἐξῆλθεν
1464 2780 1493 2832 ό
1524 2779 1753 2852 ἀδελφὸς
1785 2786 1884 2837 αύ-

291 2856 415 2910 τοῦ.
450 2854 518 2909 Ἦ
560 2856 617 2909 δὲ
653 2853 799 2924 εἷπε,
842 2859 909 2912 Τί
952 2861 1187 2936 διεκόπη
1220 2865 1312 2918 διὰ
1342 2868 1404 2921 σὲ
1450 2873 1735 2942 φραγμός;
1773 2877 1885 2931 Καὶ

294 2946 524 3001 ἐκάλεσε
562 2947 622 3002 τὸ
669 2949 841 3021 ὅνομα
892 2953 1096 3020 αὐτοῦ,
1145 2957 1344 3027 Φαρές.
1384 2960 1495 3013 Καὶ
1547 2964 1687 3032 μετὰ
1727 2967 1886 3022 τοῦτο

296 3038 523 3109 ἐξῆλθεν
551 3040 581 3093 6
621 3040 849 3112 ἁδελφὸς
872 3043 1061 3110 αὑτοῦ,
1092 3047 1177 3115 ἐφ’
1207 3047 1268 3101 ὃν
1299 3044 1368 3121 ἦν
1398 3051 1492 3104 ἐπὶ
1515 3056 1578 3125 τῇ
1611 3056 1758 3127 χειρὶ
1785 3058 1884 3111 αὑ-

294 3130 393 3184 τοῦ
443 3130 506 3185 τὸ
555 3132 810 3188 κόκκινον
841 3152 857 3167 ο
934 3139 1027 3191 καὶ
1087 3140 1317 3194 ἐκάλεσε
1377 3142 1439 3195 τὸ
1494 3144 1664 3216 ὄνομα
1722 3149 1888 3204 αὑτοῦ

297 3223 475 3295 Ζαρά.
515 3243 536 3277 ι

370 3315 620 3406 Διδύμων
640 3317 813 3372 ὄντων
831 3318 942 3372 τῶν
962 3323 1325 3393 τικτομένων,
1348 3324 1443 3380 τοῦ
1477 3329 1597 3394 ἑνὸς
1617 3331 1714 3403 τὴν
1731 3335 1891 3406 χεῖρα

298 3403 816 3476 προεξενεγκόντος,
857 3409 892 3480 ή
936 3412 1074 3478 μαῖα
1095 3411 1176 3481 τῷ
1217 3412 1469 3487 δακτύλῳ
1502 3403 1762 3477 κόκκινον
1788 3403 1889 3478 πε-

300 3496 520 3569 ριῆψεν,
556 3498 635 3562 ὡς
665 3497 734 3551 ἂν
770 3498 846 3570 μὴ
871 3500 1002 3571 περὶ
1029 3500 1130 3571 τὴν
1159 3501 1355 3575 λοιπὴν
1382 3507 1564 3562 αὐτῶν
1591 3510 1890 3582 θεραπείαν

294 3588 699 3660 ἁσχοληθείσα,
744 3589 838 3645 τὸν
868 3592 1216 3661 πρωτότοκον
1258 3597 1523 3671 ἀγνοήσῃ.
1570 3600 1789 3673 Ἐπειδὴ
1832 3607 1893 3660 δὲ

291 3679 455 3744 αὖθις
480 3681 903 3750 ὲπισυνάγοντος
924 3683 1137 3739 ἐκείνου
1156 3685 1258 3757 τὴν
1287 3690 1468 3760 χεῖρα,
1494 3691 1839 3764 προεξῆλθεν
1860 3698 1891 3750 ὁ

291 3773 475 3829 δοκῶν
528 3773 901 3844 τεχθήσεσθαι
934 3773 1187 3848 ὕστερον,
1234 3778 1594 3850 θαυμάσασα,
1630 3787 1817 3856 φησὶν,
1851 3791 1885 3860 ἠ

294 3867 437 3934 ματα
451 3863 596 3930 τότε,
634 3866 697 3919 Τί
723 3865 974 3936 διεκόπη
995 3867 1093 3924 διὰ
1125 3869 1203 3923 σὲ
1228 3873 1543 3943 φραγμόςῑ;
1569 3874 1774 3947 ἔφησεν
1796 3880 1888 3933 ἐπ’

287 3960 448 4033 αὐτῷ
466 3976 480 3991 ο
500 3959 802 4028 τουτέστιν,
830 3963 912 4016 ὅτι
935 3963 1203 4039 Καθάπερ
1232 3984 1284 4020 τι
1312 3967 1658 4040 διατείχισμα
1671 3973 1770 4045 τὴν
1793 3975 1891 4031 τά-

286 4052 371 4117 ξιν
398 4050 802 4123 διατεμόμενος
821 4094 837 4119 ,
878 4055 1114 4127 έτέχθης
1148 4058 1471 4130 παραδόξως
1497 4063 1765 4134 πρότερος
1791 4067 1889 4123 τοῦ

284 4144 587 4219 προτέρου.
619 4148 730 4201 Καὶ
758 4147 936 4231 Φαρὲς
977 4148 1166 4213 αὐτὸν,
1195 4151 1271 4215 ὡς
1297 4152 1409 4206 ἀπὸ
1447 4154 1544 4208 τοῦ
1578 4159 1889 4228 συμϐάντος

284 4238 706 4308 ὲπονομάσασα,
739 4239 889 4310 Ζαρὰ
914 4239 1007 4294 τὸν
1031 4241 1118 4295 ἓτε
1127 4260 1220 4314 ρον
1242 4249 1710 4319 προσηγόρευσεν.
1728 4251 1889 4326 Ἑση-

286 4328 524 4396 μαίνετο
573 4331 760 4400 μέντοι
797 4332 897 4386 xui.
928 4332 1018 4388 διὰ
1048 4334 1255 4392 τούτων
1300 4339 1369 4393 τὰ
1401 4341 1688 4411 μέλλοντα.
1723 4348 1832 4402 Καὶ
1860 4349 1889 4402 6

1978 1865 2198 1923 faceret.

2525 2174 2677 2231 CAP.
2719 2172 3007 2232 XXXVIII.

2057 2313 2218 2369 Vens.
2264 2311 2455 2368 27-30.
2505 2313 2801 2369 «Instante
2843 2322 3022 2369 autem
3064 2318 3246 2383 partu,
3300 2326 3570 2383 apparue-

1983 2419 2110 2463 runt
2142 2407 2340 2477 gemini
2366 2407 2420 2460 in
2452 2416 2629 2462 utero.
2661 2407 2920 2477 Atquejn
2951 2407 3066 2478 ipsa
3093 2405 3361 2461 ell'usione
3390 2404 3568 2459 int'an-

1983 2502 2140 2566 tium,
2165 2515 2306 2554 unus
2338 2498 2561 2570 protulit
2594 2514 2837 2563 manmn,
2874 2500 3057 2568 inqua
3090 2498 3351 2553 obstetrix
3381 2497 3568 2568 ligavit

1986 2594 2292 2660 coccinum,
2336 2594 2523 2648 dicens
2551 2610 2564 2645 :
2595 2591 2705 2646 Iste
2739 2591 3054 2662 egredietur
3087 2591 3257 2660 prior.
3304 2588 3402 2644 lllo
3437 2603 3570 2644 vero

1987 2687 2298 2741 retrahente
2326 2700 2569 2752 manum,
2596 2698 2850 2753 egressus
2875 2691 2958 2739 est
2991 2682 3151 2749 alter,
3183 2681 3429 2751 dixitque
3450 2695 3572 2735 mu-

1987 2780 2087 2834 lier
2115 2796 2130 2831 :
2163 2777 2344 2844 Quare
2387 2775 2561 2831 divisa
2606 2784 2688 2830 est
2732 2784 2952 2845 propter
2977 2784 3029 2829 te
3076 2758 3462 2830 maceria‘lEt
3505 2775 3575 2828 ob

1988 2873 2130 2927 hanc
2172 2884 2393 2925 causam
2441 2868 2653 2924 vocavit
2700 2882 2896 2927 nomen
2951 2867 3066 2935 ejus
3110 2867 3342 2922 Phares.
3375 2865 3570 2921 Postea

1986 2981 2240 3035 egressus
2272 2974 2356 3023 est
2386 2965 2558 3037 lrater
2601 2962 2734 3031 ejus,
2775 2960 2829 3015 in
2875 2958 3029 3027 cujus
3059 2973 3221 3013 manu
3251 2966 3369 3013 erat
3398 2957 3576 3014 cocci-

1992 3073 2121 3113 num
2152 3075 2165 3112 :
2197 3071 2358 3125 quem
2391 3054 2683 3128 appellavit
2709 3053 2872 3108 Zara.
2907 3069 2924 3103 ι

2063 3322 2202 3380 Cum
2252 3321 2466 3392 gemelli
2516 3327 2862 3389 parerentur,
2895 3327 2949 3373 et
2999 3331 3142 3373 unus
3184 3331 3403 3372 manum
3436 3330 3578 3386 pra!-

1996 3417 2182 3483 l'erret,
2209 3414 2395 3485 ligavit
2422 3411 2688 3467 obstetrix
2722 3425 2887 3481 super
2914 3411 3111 3483 digitos
3131 3409 3248 3482 ejus
3269 3411 3575 3472 coccinum,

1996 3523 2064 3563 ne
2096 3507 2323 3576 reliquis
2356 3505 2605 3560 muneris
2634 3504 2718 3560 sui
2745 3503 2897 3559 curis
2945 3504 3205 3558 distracta
3245 3501 3579 3573 primogeni-

1997 3612 2110 3657 tum
2137 3601 2431 3669 ignoraret.
2456 3597 2688 3664 Quando
2714 3606 2893 3651 autem
2911 3638 2925 3663 ,
2952 3597 3312 3652 contrahente
3335 3595 3426 3653 illo
3452 3611 3581 3651 rur-

1992 3707 2085 3748 sus
2110 3705 2354 3753 manum,
2387 3689 2556 3743 frater
2585 3688 2718 3743 exiit
2740 3688 2831 3758 qui
2863 3687 3132 3756 posterior
3153 3700 3476 3755 egressurus
3499 3687 3587 3741 vi-

1991 3785 2246 3846 debatur,
2277 3795 2391 3837 rem
2417 3781 2612 3834 mirata
2666 3777 2934 3834 obstetrix
2980 3778 3161 3832 dixit:
3203 3776 3348 3842 Quid
3406 3779 3581 3832 divisa

1993 3883 2070 3928 est
2095 3880 2309 3941 propter
2332 3880 2382 3925 te
2416 3868 2933 3925 maceria2Habuit
2992 3868 3111 3924 hac
3166 3869 3379 3925 de.illo
3426 3870 3585 3939 quia,

1993 3974 2205 4020 mutato
2247 3963 2442 4019 ordine
2496 3961 2647 4016 velut
2666 3960 2839 4015 divisa
2874 3961 3135 4026 maceria,
3198 3970 3396 4030 praeter
3453 3964 3574 4033 opi-

1993 4059 2211 4114 nionem
2244 4054 2520 4126 posterior
2548 4054 2717 4123 priori
2759 4053 2881 4109 loco
2914 4064 3108 4123 partus
3129 4053 3216 4108 l’ue
3229 4064 3334 4109 rat.
3371 4052 3578 4111 Phares

1992 4149 2210 4207 vocavit
2238 4162 2362 4203 cum
2391 4148 2459 4203 ab
2486 4147 2567 4203 eis
2600 4160 2720 4216 quae
2751 4144 2895 4201 facta
2939 4146 3176 4211 fuerant,
3227 4155 3284 4202 et
3345 4145 3575 4203 alterum

1992 4243 2131 4298 Zara
2156 4240 2480 4296 nominavit.
2525 4237 2903 4293 lnnuebantur
2956 4238 3123 4292 etiam
3151 4237 3237 4293 his
3272 4250 3397 4308 quas
3445 4254 3581 4295 ven-

1999 4344 2117 4387 tura
2142 4340 2319 4387 erant.
2379 4329 2516 4385 Nam
2538 4328 2745 4386 Phares
2779 4330 3138 4400 primogenita
3169 4328 3407 4386 obtinuit
3452 4343 3583 4388 ante

281 4420 473 4494 Φαρὲς
499 4422 571 4476 τὰ
602 4423 870 4494 πρεσϐεῖα
895 4424 1164 4496 λαμϐάνει
1188 4430 1295 4500 πρὸ
1333 4433 1429 4486 τοῦ
1456 4434 1607 4506 Ζαρὰ
1636 4437 1883 4508 τεχθεὶς,

1997 4425 2135 4480 Zara
2178 4433 2387 4494 partus,
2410 4422 2536 4491 quia
2573 4436 2640 4480 ex
2669 4435 2868 4491 genere
2908 4420 3026 4490 ejus
3077 4435 3440 4492 processurus
3459 4436 3585 4478 erat.

282 4511 374 4567 διὰ
431 4513 495 4568 τὸ
541 4515 761 4586 μέλλειν
792 4519 857 4570 ἐκ
885 4518 982 4571 τοῦ
1023 4519 1213 4587 γένους
1239 4524 1407 4578 αὐτοῦ
1437 4527 1499 4581 τὸ
1528 4529 1672 4582 κατὰ
1704 4532 1886 4603 σάρκα

286 4606 538 4679 Χριστὸν
575 4607 784 4679 Ἰησοῦν
802 4609 894 4662 τὸν
911 4611 1003 4664 ἐπὶ
1035 4612 1254 4667 πάντων
1274 4614 1410 4669 Θεὸν
1438 4619 1883 4680 ἀναδείκνυσθαι.

293 4701 522 4772 Ταύτην
549 4716 614 4769 γε
653 4701 763 4771 μὴν
785 4699 884 4772 τὴν
907 4701 1053 4756 κατὰ
1067 4704 1161 4758 τὸν
1194 4706 1398 4761 Ἰούδαν
1430 4711 1612 4765 πᾶσαν
1647 4708 1889 4786 ἱστορίαν

303 4790 516 4859 μεταξὺ
551 4791 652 4861 τῆς
689 4791 822 4861 περὶ
846 4792 941 4845 τοῦ
984 4794 1184 4869 Ἰωσὴφ
1210 4799 1239 4851 6
1270 4799 1481 4867 Μωσῆς
1499 4804 1887 4874 παρενέϐαλεν,

296 4882 359 4934 ού
388 4881 552 4954 μόνον
577 4880 665 4934 διὰ
693 4881 753 4935 τὸ
780 4882 887 4935 ὑπὸ
905 4884 1028 4947 τοὺς
1057 4885 1254 4951 αὐτοὺς
1275 4889 1531 4955 γενέσθαι
1553 4894 1777 4962 χρόνους
1794 4897 1891 4950 αὑ·

299 4972 418 5042 τῆν’
442 4971 478 5043 ἧ
501 4969 648 5026 οὕτω
676 4989 739 5041 γε
773 4973 842 5025 ἂν
865 4975 999 5044 ἡμῖν
1030 4975 1124 5028 καὶ
1142 4977 1279 5031 ἄλλα
1292 4982 1560 5052 γενόμενα
1591 4986 1889 5056 πάμπολλα

299 5060 622 5132 διηγήσατο·
646 5059 784 5116 ἀλλὰ
811 5062 907 5115 καὶ
924 5061 1016 5115 διὰ
1042 5062 1103 5116 τὺ
1132 5065 1372 5132 μάλιστα
1390 5069 1489 5139 τῆς
1523 5070 1707 5143 πάσης
1723 5072 1888 5127 αὑτοῦ

302 5152 629 5223 συγγραφῆς
676 5152 887 5223 ταύτην
925 5148 1063 5206 εἶναι
1100 5154 1164 5207 τὸ
1195 5156 1559 5226 κυριώτατον,
1612 5161 1707 5213 καὶ
1752 5161 1892 5233 πρὸς

301 5241 394 5294 τὸν
432 5241 724 5313 σύμπαντα
768 5243 970 5297 σκοπὸν
1011 5245 1454 5320 ἀναγκαιοτάτην
1501 5250 1651 5321 αὐτῷ
1685 5252 1891 5324 ταύτης

304 5326 443 5386 εἶναι
480 5333 581 5403 τὴν
609 5333 850 5390 ἔκθεσιν.
901 5335 964 5389 Ἥ
998 5338 1109 5407 γὰρ
1138 5338 1284 5393 κατὰ
1316 5340 1496 5411 σάρκα
1522 5340 1620 5395 τοῦ
1644 5343 1891 5414 Χριστοῦ

303 5423 653 5492 γενεαλογία,
688 5424 779 5479 διὰ
822 5425 916 5480 τὸν
946 5426 1124 5498 Φαρὲς
1166 5428 1260 5482 ἐπὶ
1299 5428 1393 5483 τὸν
1447 5430 1652 5485 Ἰούδαν
1703 5432 1794 5487 τὸν
1825 5434 1891 5489 ὲκ

304 5511 398 5564 τοῦ
466 5515 682 5587 Ἰσραὴλ
739 5516 1091 5589 ἀναφέρεται.
1164 5520 1381 5593 Ἐπειδὴ
1431 5522 1612 5576 τοίνυν
1665 5523 1889 5595 ἔμελλον

316 5598 556 5657 Ἰουδαῖοι
591 5603 978 5675 βασκαίνοντες
1003 5610 1069 5679 τῇ
1102 5610 1159 5662 έν
1188 5611 1411 5682 Χριστῷ
1440 5614 1549 5669 τῶν
1582 5614 1752 5669 ἐθνῶν
1784 5633 1890 5671 σω·

305 5692 489 5764 τηρίᾳ,
537 5695 793 5766 πολεμεῖν
836 5698 911 5768 τῷ
972 5702 1311 5773 κηρύγματι,
1359 5706 1453 5761 καὶ
1483 5706 1789 5761 διαῦάλλειν
1830 5709 1888 5763 τὺ

1993 4517 2291 4574 secundum
2320 4528 2538 4569 carnem
2572 4513 2826 4570 Christus
2866 4509 3046 4579 Jesus,
3102 4529 3285 4569 rerum
3332 4514 3586 4570 omnium.

1993 4609 2157 4663 Deus.
2188 4605 2343 4662 Hanc
2398 4615 2578 4661 autem
2613 4605 2680 4661 de
2722 4601 2862 4659 luds
2916 4606 3290 4662 narrationem
3345 4607 3587 4664 inseruit.

1994 4699 2208 4768 Moyses
2220 4697 2465 4754 historias
2477 4694 2721 4766 Josephi,
2742 4709 2846 4752 non
2871 4695 3044 4753 solum
3060 4697 3196 4767 quia
3219 4698 3369 4759 circa
3386 4700 3585 4754 eadem

1994 4798 2243 4858 tempora
2297 4801 2384 4842 res
2441 4785 2546 4842 illa:
2597 4795 2907 4845 evenerunt.
2959 4786 3222 4857 (alioquin
3287 4786 3586 4849 referenda;

1994 4879 2226 4935 fuissent
2256 4876 2341 4937 vel
2388 4876 2679 4943 innumera
2703 4876 2831 4947 alia)
2860 4894 2876 4944 ;
2910 4877 3005 4939 sed
3033 4878 3157 4947 quia
3184 4878 3243 4939 iu
3285 4889 3397 4939 tota
3427 4878 3590 4937 Sexi-.-

1992 4980 2153 5041 ptura
2189 4969 2325 5026 uibil
2372 4967 2616 5027 occurrit
2650 4970 2795 5037 quod
2830 4969 3065 5036 maioris
3104 4969 3366 5027 momenti
3397 4970 3493 5035 sit.
3526 4979 3585 5029 et

1993 5077 2116 5117 cum
2170 5062 2442 5131 praecipuo
2499 5073 2673 5119 sacrae
2716 5059 2928 5130 paginas
2980 5058 3093 5117 line
3143 5060 3350 5117 arctius
3401 5061 3583 5120 cubat-

1995 5166 2133 5210 reat.
2189 5153 2324 5210 Nam
2379 5168 2550 5223 genus
2604 5151 2810 5215 Christi
2862 5160 3170 5217 secundum
3213 5165 3435 5210 carnem
3487 5169 3581 5210 re-

1995 5246 2199 5315 petitur
2259 5260 2357 5314 per
2408 5242 2617 5303 Phares
2660 5260 2694 5301 a
2741 5242 2897 5302 Inda
2944 5244 3058 5302 lilio
3109 5242 3299 5303 Israel.
3351 5242 3589 5312 Quando

1995 5340 2160 5412 igitur
2207 5338 2402 5405 Judmi,
2463 5338 2691 5393 salutem
2747 5345 2984 5409 gentium
3043 5328 3272 5407 indigne
3343 5335 3583 5395 ferentes

1994 5432 2050 5487 in
2129 5430 2363 5487 Christo-
2452 5431 2882 5499 perﬁciendam',
2949 5431 3390 5500 praedicationem
3488 5444 3580 5487 re-

1991 5524 2223 5594 jccluri,
2288 5533 2342 5580 et
2400 5524 2749 5596 Evangelium
2821 5523 3123 5580 incusaturi
3185 5532 3365 5587 erant,
3423 5525 3579 5593 quasi

1997 5632 2103 5671 non
2138 5619 2243 5672 nisi
2271 5619 2518 5673 homines
2543 5617 2809 5689 ignobiles
2834 5625 2889 5672 et
2910 5616 3044 5672 viles
3073 5625 3129 5670 et
3176 5616 3497 5673 immundos
3524 5613 3586 5672 in

1998 5724 2123 5765 suos
2154 5710 2487 5777 admitteret,
2520 5710 2713 5767 merito
2772 5709 3011 5769 confutat
3048 5710 3306 5787 propheta
3355 5708 3458 5766 hac
3498 5708 3577 5764 hi.
