4064 6394
489 310 621 386 1655

1582 311 1962 388 GENNADU
1995 317 2505 390 PATRIARCH/E
2546 317 2652 388 CP.

3618 313 3754 389 1656

479 438 646 484 siuna
672 436 885 500 gentem
921 429 1064 486 illam
1093 431 1158 487 de
1177 430 1463 489 nobilitate
1483 446 1577 487 sua
1599 444 1707 487 tam
1751 439 2022 504 superhan

2132 499 2137 513 _
2174 439 2523 504 Εὑαγγέλιον,
2567 439 2640 498 ὼς
2673 435 2961 503 δυσγενεῖς
2992 435 3085 488 καὶ
3127 431 3470 504 ἀκαθάρτους
3499 434 3591 486 καὶ
3618 439 3751 487 dm-

475 525 724 591 quamvis
746 538 812 576 ex
841 522 1149 579 Chananma
1199 533 1374 578 matre
1401 526 1506 579 orti
1541 524 1765 580 fuerint.
1807 525 1880 579 Ita
1917 544 2058 596 quo-

474 630 580 680 que
614 615 774 669 docet
800 623 990 684 gentes
1025 625 1170 672 recte
1205 615 1374 673 fuisse
1404 628 1670 674 servatas.
1709 619 2055 675 Manifestum

2167 530 2396 598 ϐλήτους
2447 529 2771 598 ἀνθρώπους
2822 527 3010 590 ἁπλῶς
3061 527 3456 596 είσδεχόμενον,
3508 525 3688 588 καλῶς
3726 531 3753 579 ὀ

2172 637 2325 690 πρτφ
2350 637 2469 689 χ.ης
2511 621 2597 672 eis
2625 618 2789 686 τῆσδε
2845 620 2944 688 τῆς
2989 618 3234 688 ἱστορίας
3263 617 3506 680 ἐκείνους
3539 617 3637 686 μὲν
3666 616 3752 670 ἐπ’

471 708 618 758 (litim
676 707 819 773 quod
871 718 926 761 et
987 707 1170 764 caeteri
1227 711 1662 778 patriarcharum
1718 711 2022 767 Chananma

2165 711 2416 782 εὐγενείᾳ
2441 711 2860 781 πεφυσημένους
2896 715 3041 782 εἰκῆ,
3069 711 3374 779 διελέγχει,
3411 708 3752 770 Χαναναίους

475 810 673 851 uxores
730 799 1025 853 duxerunt.
1092 790 1246 856 Unde
1316 803 1462 856 enim
1516 803 1758 872 alioquin
1812 807 2056 874 accepis-

469 895 593 942 sent
622 883 647 942 ‘i
678 888 888 961 Moyses
915 894 1096 946 autem
1145 891 1275 948 illttd
1323 895 1389 948 de
1413 891 1548 948 Juda
1602 904 1808 948 tantum
1849 912 2052 950 mento-

470 977 633 1044 ravit,
684 980 808 1046 quia
855 995 985 1048 gens
1022 980 1138 1035 haec
1190 981 1418 1050 reliquis
1473 981 1642 1034 multo
1677 983 2044 1051 praestantior,

467 1080 520 1121 et
559 1075 617 1122 ιιι
647 1069 903 1126 omnibus
936 1072 1306 1128 innotesceret
1338 1072 1628 1126 Dominum
1679 1083 1922 1127 nostrum
1957 1071 2049 1127 .le-

2165 801 2224 864 ἐξ
2270 803 2526 870 ἡμισείας
2580 803 2979 872 τυγχάνοντας·
3037 803 3107 855 τὰ
3143 803 3200 854 δὲ
3240 800 3418 871 Ἐθνη,
3472 800 3568 854 καὶ
3629 799 3751 852 λίαν

2160 893 2386 954 είκὸτως
2439 893 2681 946 δείκνυσι
2716 896 3062 962 σεσωσμένα.
3083 892 3356 962 Πρόδηλον
3389 892 3487 958 μὲν
3514 890 3644 960 γάρ,
3664 891 3750 943 ὅτι

2158 983 2252 1035 καὶ
2277 985 2324 1034 oi
2354 982 2531 1035 λοιποὶ
2555 983 2666 1036 τῶν
2709 985 3066 1054 πατριαρχῶν
3105 979 3417 1043 Χαναναίας
3449 982 3744 1050 ἠγάγοντο.

2163 1070 2332 1126 Πόθεν
2361 1076 2470 1145 γὰρ
2510 1075 2704 1129 ἔλαϐον
2746 1076 3009 1142 ἄλλοθενς
3056 1078 3116 1129 Ὀ
3153 1076 3334 1146 μέντοι
3367 1072 3575 1144 Μωσῆς
3607 1074 3744 1144 μόνῃ

467 1175 587 1212 sum
620 1159 896 1214 Christum
925 1176 990 1216 ex
1039 1163 1140 1216 hac
1195 1161 1501 1219 meretricis
1535 1165 1790 1234 progenie
1830 1177 2022 1217 carnea

2158 1168 2222 1235 τῇ
2255 1167 2444 1237 μνήμῃ
2474 1169 2540 1236 τῇ
2579 1167 2722 1220 κατὰ
2750 1167 2843 1218 τὸν
2901 1164 3102 1219 Ἰούδαν
3148 1163 3424 1235 ἠρκέσθη,
3455 1164 3546 1215 διά
3574 1180 3635 1214 τε
3682 1163 3747 1216 τδ

467 1267 621 1305 snam
649 1261 986 1322 sumpturum
1033 1269 1174 1309 esse.
1214 1249 1330 1309 Non
1354 1266 1472 1310 erat
1499 1252 1668 1327 igitur
1693 1272 1791 1310 cur
1822 1255 2021 1325 gentile

2153 1258 2253 1326 τὴν
2280 1257 2450 1327 φυλὴν
2488 1259 2692 1328 ταύτην
2735 1257 2968 1312 ἀπασῶν
3011 1257 3270 1326 γενέσθαι
3313 1254 3743 1326 προτιμοτέραν,

467 1348 692 1410 propter
720 1342 1112 1411 ignobilitatem
1135 1346 1351 1412 generis
1368 1357 1666 1415 respueret,
1683 1347 1862 1416 potius
1885 1360 2022 1414 quau

2153 1351 2251 1401 καὶ
2271 1347 2412 1402 ὥστε
2447 1350 2537 1403 τὸν
2565 1346 2773 1421 Κύριον
2795 1353 2826 1421 ἡ
2838 1349 2956 1420 μῶν
3007 1346 3217 1420 Ἰησοῦν
3246 1349 3484 1418 Χριστὸν
3517 1346 3614 1400 ἀπ’
3646 1346 3747 1398 αὐ·-

464 1439 560 1486 eo‘s
593 1444 813 1503 prapter
836 1449 1048 1489 morum
1075 1436 1414 1492 nobilitatem
1446 1439 1776 1493 admitteret.

2153 1442 2252 1510 τῆς
2279 1442 2380 1512 τῆς
2403 1441 2468 1496 ἐκ
2495 1444 2758 1513 πορνείας
2786 1443 3060 1512 συστάσης
3087 1441 3148 1494 τὸ
3175 1442 3317 1495 κατὰ
3343 1441 3522 1510 σάρκα
3547 1455 3744 1506 γεγεν·

459 1517 695 1592 νημένον
730 1525 1053 1594 φαίνεσθαιο
1097 1530 1190 1582 καὶ
1237 1526 1464 1592 δικαίως
1533 1530 1608 1600 μὴ
1649 1530 1738 1583 διὰ
1769 1525 1926 1583 τοῦτο
1954 1529 2080 1595 τοὺς
2121 1531 2369 1597 ἐθνικοὺς
2449 1533 2650 1604 μᾶλλον
2695 1534 3196 1606 ἀποστρεφόμενον,
3249 1531 3283 1602 ἧ
3333 1531 3422 1585 διὰ
3466 1531 3568 1601 τὴν
3626 1529 3742 1582 τῶν

456 1619 672 1687 τρόπων
695 1623 974 1691 εὐγένειαν
1003 1620 1388 1696 προσιέμενον.

1028 1741 1182 1797 CAP.
1225 1741 1470 1798 XXXIX.

525 1843 690 1908 Vsus.
723 1852 780 1908 2.
827 1871 847 1906 ι
880 1851 948 1910 Ει
975 1863 1098 1911 erat
1131 1857 1394 1912 Dominus
1424 1871 1548 1912 cum
1571 1855 1769 1927 Ioseph
1800 1875 1814 1922 ;
1843 1867 1896 1911 et
1921 1867 2040 1911 erat

2707 1744 2964 1802 ΚΕΦΑΛ.
3004 1745 3127 1801 non
3694 1783 3726 1813 ,

2225 1881 2244 1912 ι
2281 1864 2393 1917 Καὶ
2419 1853 2489 1935 ἦν
2513 1863 2719 1934 Κύριος
2742 1865 2881 1934 μετὰ
2916 1862 3150 1931 Ἰωσήφ·
3191 1860 3286 1914 καὶ
3315 1850 3385 1932 ἦν
3429 1859 3568 1931 ἀνὴρ
3604 1859 3735 1912 ἐπια-

453 1944 539 1997 vir
593 1947 646 2000 in
703 1947 918 2003 cunctis
973 1962 1237 2020 prospere
1283 1964 1452 2019 agens
1502 1950 1932 2020 :ltabitavitque
1985 1951 2022 2004 it

2145 1953 2460 2024 τυγχάνωνο
2491 1957 2588 2008 καὶ
2617 1954 2838 2022 ἐγένετο
2868 1955 2926 2007 ἐν
2968 1953 3047 2024 τῷ
3079 1953 3215 2023 οῐκῳ
3266 1951 3420 2022 παρὰ
3451 1951 3529 2022 τῷ
3554 1949 3736 2022 κυρίῳ

454 2038 619 2094 domo
645 2037 851 2094 domini
877 2041 982 2096 sui.
1014 2059 1035 2093 ι

529 2131 595 2184 Et
638 2129 742 2184 fuit
769 2129 1054 2199 Dominus,
1105 2109 1211 2197 ait,
1247 2147 1372 2189 cum
1417 2133 1618 2203 Joseph
1659 2143 1761 2188 :et
1801 2133 1904 2188 fuit
1933 2136 2034 2198 vir,

450 2222 621 2287 addit,
666 2221 902 2278 feliciter
941 2222 1247 2294 .perllciens
1323 2225 1688 2294 quodcunque
1749 2239 2022 2294 aggressus

2143 2234 2333 2303 φησιν,
2365 2225 2442 2286 ὧν
2473 2233 2801 2303 ἐπετήδευεν
2831 2232 3106 2302 εὐστοχῶν

449 2315 633 2368 fuerit.

1059 2425 1213 2487 CAP.
1253 2427 1414 2487 XLII.

518 2528 687 2596 Vens.
735 2540 829 2596 24.
875 2559 895 2593 ι
923 2541 1244 2614 Avertitque
1293 2559 1352 2599 se
1391 2557 1685 2614 parumper
1728 2545 1794 2598 ab
1845 2545 1945 2609 eis,
1981 2551 2035 2598 et

2143 2047 2223 2118 τῷ
2247 2048 2552 2118 Αἰγυπτίῳ.
2603 2066 2619 2098 t

2214 2137 2325 2195 Ἦν
2352 2141 2411 2194 δὲ
2439 2141 2665 2210 Κύριος,
2699 2140 2856 2211 φησὶ,
2893 2138 3035 2209 μετὰ
3076 2140 3307 2210 Ἰωσήφ·
3348 2138 3446 2192 καὶ
3473 2134 3544 2209 ἦν
3567 2135 3731 2208 ἀνὴρ,

3259 2237 3276 2252 λ

2688 2433 2919 2488 ΚΕΦΑΛ
2931 2473 2945 2488 .
2994 2429 3126 2487 MB’.

2222 2567 2242 2598 ι
2298 2547 2698 2617 Ἀποστραφείς
2731 2547 2788 2600 δὲ
2814 2545 2908 2599 ἀπ’
2939 2545 3140 2609 αὐτῶν,
3176 2544 3444 2598 ἔκλαυσεν
3483 2544 3688 2614 Ἰωσήφ
3710 2553 3725 2575 ⁸

447 2629 595 2687 ﬂevit
637 2629 838 2702 Ioseph
865 2650 880 2688 :
907 2643 964 2688 et
1011 2649 1265 2689 reversus
1309 2635 1524 2689 locutus
1571 2644 1654 2689 est
1703 2635 1768 2688 ad
1816 2649 1930 2690 eos.
1967 2634 2022 2689 EI

2143 2641 2239 2695 καὶ
2263 2641 2422 2693 πάλιν
2462 2638 2737 2709 προσῆλθε
2782 2636 2920 2707 πρὸς
2950 2636 3170 2698 αὐτοὺς,
3205 2636 3300 2687 καὶ
3330 2629 3485 2688 εἶπεν
3512 2633 3724 2696 αὐτοῖς.

447 2723 570 2778 tulit
596 2723 944 2794 Symeonem,
970 2734 1026 2781 et
1051 2725 1200 2780 illum
1226 2726 1357 2795 ipsis
1379 2725 1741 2796 praesentibus
1763 2725 1970 2796 ligavit.
2005 2745 2023 2776 ι

512 2891 724 2970 Ligavit
751 2915 862 2970 pra:
892 2899 1108 2955 caeteris
1141 2897 1491 2970 Symeonem,
1519 2897 1602 2955 vel
1637 2901 1779 2971 quod
1811 2901 1896 2957 hic
1925 2903 2028 2970 ipsi

443 2990 843 3049 infensissimus
871 2993 1068 3060 fuerat,
1090 2994 1172 3047 vel
1199 2995 1381 3064 potius
1411 2995 1536 3064 quia
1562 3010 1684 3049 cum
1707 2990 1897 3050 Ruben
1921 2998 2031 3051 fra-

2143 2733 2256 2786 Ka‘t
2283 2731 2443 2784 ἔλαϐε
2472 2732 2562 2784 τον
2591 2728 2814 2800 Συμεὼν
2859 2727 2952 2781 ἀπ’
2985 2727 3184 2793 αὐτῶν,
3218 2728 3314 2780 καὶ
3345 2726 3536 2796 ἔδησεν
3560 2725 3728 2779 αὑτὸν

2139 2826 2382 2879 ἐναντίον
2411 2823 2609 2875 αὐτῶν.
2661 2841 2680 2872 ι

2213 2919 2444 2986 Ἔδησεν
2469 2915 2528 2979 ἐξ
2549 2915 2803 2968 ἁπάντων
2833 2913 2923 2965 τὸν
2956 2909 3204 2980 Συμεὼν,
3293 2907 3368 2973 ὡς
3402 2903 3724 2978 πεπολεμη-

2137 3009 2268 3063 κὸτα
2292 3009 2451 3060 πλέον
2481 3006 2650 3075 αὐτῷ,
2686 3005 2717 3074 ἢ
2753 3005 2952 3074 μᾶλλον
2975 3003 3051 3064 ὡς
3076 3000 3186 3052 τῶν
3212 2999 3388 3054 ἄλλων
3420 2998 3548 3050 ὄντα
3581 2998 3723 3068 μετὰ

439 3088 614 3140 tribus
645 3087 958 3155 prmstabat,
995 3087 1228 3156 ideoque
1259 3087 1640 3140 vehementius
1669 3099 2020 3142 moverentur

2132 3103 2224 3156 τοῦ
2270 3095 2496 3170 Ῥουϐὶμ
2543 3096 2888 3168 τιμιώτερον,
2923 3095 3017 3147 καὶ
3050 3093 3350 3163 δυνάμενον
3379 3091 3563 3154 αὐτοῖς
3612 3093 3713 3142 ἐπ-

437 3175 504 3228 ad
538 3174 826 3230 fovendum
864 3174 1154 3230 desiderati
1186 3174 1518 3244 Benjantinis
1545 3176 1666 3229 iter.

1027 3367 1184 3425 CAP.
1223 3361 1433 3425 XLVII.

511 3485 678 3540 Vnus.
710 3485 802 3544 51.
851 3501 870 3534 ι
901 3485 968 3538 Ει
998 3482 1087 3538 ille
1116 3502 1129 3538 :
1163 3483 1292 3538 Jura
1317 3499 1469 3554 ergo,
1499 3487 1690 3558 inquit,
1725 3491 1880 3550 mibi.
1903 3492 2022 3560 Quo

428 3581 674 3648 iurante,
717 3577 962 3631 adoravit
1004 3574 1165 3631 lsrael
1209 3578 1399 3643 Deum,
1433 3595 1731 3638 conversus
1761 3587 1828 3639 ad
1871 3600 2020 3641 sunt-

433 3673 682 3727 mitatem
713 3671 876 3740 virgae
905 3670 1045 3740 ejus.
1084 3687 1102 3722 ι

502 3763 735 3833 Jamjatn
768 3763 1067 3817 moriturus
1119 3761 1309 3826 Jacoh,
1337 3765 1585 3821 hortatur
1615 3765 1814 3840 Joseplt
1834 3781 1892 3826 ut
1920 3789 2018 3844 ραι

431 3868 571 3914 trem
627 3860 681 3913 in
719 3858 970 3929 sepulcro
1026 3857 1292 3927 majorum
1340 3861 1394 3914 in
1447 3872 1590 3917 terra
1637 3863 1896 3922 Chanaan
1929 3885 2017 3924 se-

431 3951 616 4022 peliat.
649 3950 767 4015 otto
789 3952 1102 4021 juramento
1127 3952 1280 4008 laetus
1314 3969 1502 4022 senex,
1529 3966 1584 4010 et
1607 3968 1792 4015 certus
1822 3961 2019 4017 exinde

429 4043 821 4114 protttissiones
867 4042 982 4097 fore
1029 4043 1346 4114 explendas,
1387 4049 1725 4103 existimavit
1757 4051 1860 4106 sibi
1905 4051 2016 4106 Deo

427 4136 637 4212 gratias
688 4135 952 4204 agendum
984 4149 1125 4190 esse.
1157 4135 1366 4192 Pulans
1410 4149 1592 4193 autem
1629 4154 1741 4194 rem
1768 4156 1874 4195 non
1916 4145 2013 4196 de-

427 4243 575 4291 cere,
608 4228 652 4282 si
679 4228 780 4281 hoc
800 4227 942 4284 lecto
965 4237 1168 4285 stratus
1190 4230 1418 4295 faceret,
1444 4244 1502 4285 se
1528 4233 1740 4302 erigere
1765 4243 2012 4298 conatur,

427 4329 484 4374 et
541 4319 736 4375 baculo
783 4324 1033 4378 manibus
1082 4325 1306 4380 innixus
1366 4339 1542 4394 eoque
1605 4329 1774 4381 fultus
1815 4331 2012 4384 adora-

2133 3194 2469 3261 ανάγκασμα
2529 3187 2784 3257 γενέσθαι
2847 3186 2986 3255 πρὸς
3050 3183 3151 3254 τὴν
3209 3180 3304 3234 τοῦ
3377 3180 3719 3255 ζητουμένου

2139 3283 2401 3353 Βενιαμὶν
2431 3281 2798 3351 παράστασιν.

2723 3393 2974 3447 ΚΕΦΑΛ.
3015 3389 3146 3444 MZ’.

2207 3526 2226 3558 ι
2258 3503 2393 3560 Eine
2439 3505 2496 3558 δὲ
2522 3505 2692 3576 αὐτῷ,
2729 3506 2966 3574 Ὄμοσόν
2997 3520 3109 3574 μοι.
3140 3501 3252 3556 Καὶ
3282 3499 3501 3571 ὤμοσεν
3529 3491 3711 3568 αὐτῷ·

2129 3601 2226 3654 καὶ
2254 3599 2664 3671 προσεκύνησεν
2709 3597 2923 3670 Ἰσραὴλ
2953 3598 3046 3652 ἐπὶ
3072 3596 3137 3650 τὸ
3173 3596 3345 3666 ἄκρον
3374 3594 3474 3664 τῆς
3510 3591 3716 3662 ῥάϐδου

2127 3695 2314 3748 αὑτοῦ.
2347 3712 2366 3747 s

2197 3786 2424 3841 Μέλλων
2445 3786 2704 3856 τελευτᾷν
2729 3787 2757 3838 6
2793 3782 3008 3846 Ἰακὼϐ,
3032 3779 3346 3853 παρακαλεῖ
3361 3777 3454 3831 τὸν
3481 3774 3712 3846 Ἰωσὴφ,

2128 3865 2216 3934 ἵνα
2260 3882 2317 3932 ἐν
2349 3878 2427 3949 τῷ
2475 3879 2630 3948 τάφῳ
2675 3877 2785 3930 τῶν
2811 3876 3088 3947 πατέρων,
3146 3877 3204 3926 ἐν
3252 3876 3323 3942 γῇ
3359 3869 3581 3924 Χαναὰν
3614 3871 3713 3921 τὸν

2125 3970 2378 4038 νεκρὸν..
2412 4006 2426 4021 .
2458 4007 2472 4023 .
2512 3967 2527 4005 ί
2577 3966 2764 4037 ἡσθεὶς
2809 3969 2838 4019 6
2875 3963 3228 4036 πρεσϐύτης,
3277 3963 3373 4016 καὶ
3431 3961 3716 4031 πληροφο·

2126 4064 2247 4134 ρίαν
2282 4061 2412 4132 περὶ
2457 4060 2565 4113 τῶν
2615 4058 2961 4128 ἐπαγγελιῶν
3010 4056 3264 4110 ἐντεῦθεν
3298 4053 3501 4131 λαϐὼν,
3547 4052 3710 4124 ᾠήθη

2123 4156 2284 4224 χάριν
2311 4153 2431 4223 Θεῷ
2456 4153 2562 4205 δεῖν
2589 4151 3053 4222 καθομολογῆσαι.
3089 4150 3180 4220 Μὴ
3223 4148 3452 4218 νομίσας
3479 4146 3536 4198 δὲ
3565 4145 3710 4216 πρέο

2123 4262 2244 4298 πειν
2265 4244 2414 4316 αὐτῷ
2437 4242 2887 4314 κατακεκλιμένῳ
2908 4242 3112 4311 ταύτην
3135 4240 3489 4311 ποιήσασθαι,
3524 4238 3712 4306 βιάζει-

2120 4353 2210 4388 ται
2246 4335 2345 4405 μὲν
2375 4334 2569 4388 ἑαυτὸν
2607 4333 2746 4405 πρὸς
2785 4332 3182 4405 ἐπανόρθωσιν,
3207 4328 3622 4400 ἐπιστηριχοεὶς
3647 4327 3708 4380 δὲ

427 4411 632 4465 tionem
663 4427 816 4466 suam
840 4414 1072 4482 perﬁcit.
1100 4413 1234 4469 Nam
1257 4415 1408 4480 illud,
1435 4419 1676 4470 adoravit
1694 4433 1852 4486 super
1867 4437 2011 4474 sum.

2132 4426 2216 4478 ιιαὶ
2246 4423 2776 4494 ἐπαναπαυσάμενος
2798 4425 2865 4492 τῇ
2894 4424 2951 4474 ἐν
2982 4420 3140 4492 χερσὶ
3165 4420 3466 4492 βακτηρία,
3501 4417 3708 4487 πληροῖ

425 4503 666 4557 mitatem
712 4505 874 4576 uirga:
904 4507 1046 4576 ejus,
1075 4508 1177 4561 hoc
1223 4505 1521 4576 signiﬁcat.
1573 4508 1864 4578 Perperatn
1903 4513 2008 4567 its-

2132 4519 2211 4589 τὴν
2254 4517 2649 4589 προσκύνησιν.
2706 4517 2781 4569 Τὸ
2815 4516 2945 4586 γάρ,
2993 4515 3464 4582 Προσεκύνησεν
3501 4512 3601 4565 ἐπὶ
3633 4511 3708 4565 τὸ

425 4611 534 4663 que
573 4595 896 4666 quibusdam
935 4599 1108 4654 visum
1153 4609 1236 4652 est
1265 4599 1416 4652 illum
1451 4613 1616 4666 super
1648 4602 1851 4671 virgam
1879 4607 2010 4657 ado-

2132 4611 2304 4680 ἳκρον
2345 4609 2456 4677 τῆς
2505 4608 2735 4676 ῥάϐδου
2767 4609 2998 4673 αὑτοῦ,
3043 4608 3204 4662 τοῦτό
3234 4611 3416 4673 ἐστιν,
3468 4608 3570 4677 οὐχ
3626 4606 3706 4670 ὥς

422 4686 662 4752 ravisse,
701 4696 961 4760 tanquam
997 4703 1162 4758 super
1194 4688 1421 4758 ﬁguram
1457 4691 1655 4747 erucis.
1700 4691 1816 4748 Non
1865 4699 2009 4752 serie

2132 4720 2259 4766 τινες
2293 4701 2482 4766 ἁπλῶς
2525 4702 2966 4771 ἐφαντάσθησαν,
3005 4702 3086 4756 ὅτι
3128 4704 3196 4772 τῇ
3240 4701 3424 4772 ῥάϐδῳ
3457 4717 3708 4771 προσκυ-

423 4787 577 4846 ptum
607 4788 691 4834 est
719 4781 866 4836 enim
895 4797 911 4834 :
938 4780 1204 4834 Adoravit
1229 4781 1600 4836 summitatem
1630 4785 1795 4856 virgae
1844 4788 1961 4856 ejus
1989 4809 2004 4857 ;

2132 4797 2306 4864 αήσας,
2335 4795 2393 4846 ἐν
2429 4794 2717 4864 αἰνίγματι
2749 4793 2826 4863 τῷ
2851 4792 3070 4864 σταυρῷ
3097 4792 3528 4864 προσεκύνησεν.
3562 4791 3707 4845 Οὑδέ

422 4871 808 4936 εεό,Αάοναυὶι
826 4886 982 4939 super
1003 4872 1362 4925 summitatem
1386 4873 1547 4945 virga
1565 4874 1700 4946 ejus.
1727 4879 1900 4935 Simili
1918 4898 2007 4936 ra-

422 4958 573 5014 tione
599 4975 658 5017 se
680 4961 846 5016 habet
869 4959 1000 5013 illud
1025 4961 1248 5014 secundi
1279 4959 1475 5032 (tertii)
1504 4964 1628 5020 libri
1655 4965 1965 5037 Regnorum
1989 4987 2003 5024 :

422 5047 494 5104 Et
548 5051 790 5106 adoravit
845 5062 941 5103 rea:
990 5049 1165 5104 David
1211 5067 1371 5121 super
1420 5058 1589 5114 cubile
1628 5059 1696 5113 ".
1733 5061 1866 5116 Nam
1903 5063 1992 5118 hic

419 5141 591 5196 David
622 5141 810 5198 laetitia
837 5153 1057 5210 quoque
1086 5141 1262 5200 elatus
1283 5147 1425 5216 quod
1457 5159 1583 5204 ante
1627 5161 1857 5207 mortem
1904 5151 2006 5207 Sa-

419 5232 694 5288 lotnonem
732 5231 958 5287 vidisset
986 5248 1152 5304 super
1200 5237 1456 5293 thronum
1490 5241 1796 5310 sedentem,
1822 5260 2005 5300 move-

423 5330 514 5374 tur
543 5322 609 5374 ad
656 5319 1094 5378 vehementiores
1147 5325 1256 5382 Deo
1303 5330 1506 5398 gratias
1532 5332 1868 5388 exhibendas
1900 5351 1914 5401 ;
1946 5345 2002 5389 at

420 5414 574 5468 lenio
614 5413 948 5479 debilitatus.
999 5419 1372 5478 adorationem
1415 5441 1569 5481 suam
1604 5429 1802 5498 capitis
1854 5430 1997 5484 cultu

494 5571 533 5601 η
563 5565 627 5622 ill
663 5569 861 5643 Reg.‘t,
890 5575 979 5632 47.

500 5711 515 5744 ³
560 5721 680 5780 Ἰσ.
711 5724 878 5797 ϐάψῃ·
911 5726 1265 5798 ύπερησθείς,
1293 5737 1353 5784 ιιι
1379 5727 1516 5786 infra
1541 5733 1608 5790 de
1633 5731 1858 5790 Davidd.

2111 4888 2219 4955 γὰρ
2265 4884 2408 4938 οὕτω
2459 4886 2808 4956 γέγραπται,
2862 4887 2947 4937 ὅτι
2997 4884 3383 4954 Προσεκύνησε
3430 4883 3492 4934 τὸ
3527 4883 3706 4952 ἄκρον

2107 4979 2206 5047 τῆς
2248 4977 2443 5048 ῥάϐδου
2495 4977 2700 5041 αὐτοῦ,
2761 4977 2919 5040 ἀλλὰ,
2947 4977 3425 5044 Προσεκύνησεν
3477 4973 3577 5028 ἐπὶ
3633 4975 3705 5028 τὸ

2109 5069 2297 5137 ἀκρον
2320 5069 2432 5138 τῆς
2459 5069 2688 5138 ῥάϐδου
2730 5069 2937 5123 αὐτοῦ.
2975 5069 3202 5139 Ὅμοιον
3229 5069 3287 5122 δὲ
3312 5068 3375 5120 τὸ
3404 5071 3462 5120 ἐν
3483 5070 3551 5138 τῇ
3575 5067 3704 5120 δευ-

2107 5161 2243 5230 τέρᾳ
2275 5160 2384 5215 τῶν
2424 5162 2756 5214 Βασιλειῶν·
2797 5163 2906 5216 Kal
2946 5163 3416 5231 προσεκύνησεν
3443 5164 3476 5214 ό
3505 5162 3701 5225 βασι-

2110 5251 2259 5318 λεὺς
2306 5253 2487 5306 Δαϐὶδ
2524 5253 2621 5306 ἐπὶ
2653 5253 2765 5321 τῆς
2795 5239 3003 5320 κοίτης
3047 5253 3255 5307 αὑτοῦ.
3308 5255 3428 5306 Κάν
3477 5251 3702 5316 τούτοις

2106 5343 2216 5414 γὰρ
2263 5345 2293 5396 ὁ
2320 5343 2485 5396 Δαϐὶδ
2519 5331 2853 5416 ὑπερησθεὶς
2865 5386 2881 5410 ,
2921 5345 3007 5414 ἐφ’
3039 5342 3120 5409 οἷς
3150 5345 3230 5398 ἔτι
3279 5345 3391 5409 ζῶν
3425 5343 3702 5398 ἐθεάσατο

2105 5434 2203 5503 τῆς
2239 5433 2516 5504 βασιλείας
2543 5437 2811 5491 ἐπιϐάντα
2837 5438 2928 5491 τὸν
2960 5436 3310 5508 Σολομῶντα,
3354 5437 3490 5506 πρὸς
3521 5435 3704 5506 εὐχαο
