4064 6460
390 367 536 443 1657

1497 374 1580 437 IN
1621 371 1950 435 GENESIN
1995 366 2478 440 FRAGMENTA.

3527 367 3660 433 15-58

390 489 608 559 ρι-πτίαν
639 490 736 558 μὲν
760 487 855 539 τοῦ
881 487 1014 540 Θεοῦ
1047 493 1277 541 κινεῖται
1328 487 1680 559 θερμότερον,
1717 483 1957 556 ἡττηθεὶς

2079 497 2239 552 super
2265 493 2425 551 caput
2457 481 2671 548 cubilis,
2713 488 2806 534 aut
2832 489 2996 550 super
3041 493 3314 534 summum
3343 479 3518 536 cubile
3540 498 3660 552 pcr-

384 581 450 634 δὲ
481 580 556 650 τῷ
591 579 762 650 γήρᾳ,
795 582 860 649 τῇ
903 580 1002 647 τῆς
1051 579 1293 647 κεφαλῆς
1325 579 1595 631 ἐπικλίσει
1642 577 1843 646 πληροῖ
1873 574 1978 645 τὴν
2079 577 2225 632 fecit.

386 671 767 743 προσκύνησιν
786 671 879 724 ἐπὶ
900 670 1143 740 κεφαλῆς
1169 669 1270 739 τῆς
1294 669 1504 738 κλίνης,
1534 669 1567 740 ἢ
1598 668 1692 721 ἐπὶ
1717 668 1778 720 τὺ
1806 665 1976 736 ἀκρον

384 761 493 831 τῆς
530 761 742 832 κλίνης.

966 871 1216 924 ΚΕΦΑΛ.
1257 863 1388 922 ΜΘ’.

470 997 490 1029 ι
539 977 765 1050 Ῥουδὶμ
802 979 1146 1050 πρωτότοκός
1175 996 1299 1048 μου,
1349 978 1413 1030 σὺ
1464 975 1619 1046 ίσχύς
1654 991 1756 1045 μου
1777 1014 1794 1039 ,
1826 973 1970 1046 ἀρχὴ

381 1070 602 1124 τέκνων
651 1089 793 1142 μου,
827 1072 1062 1142 σκληρὸς
1107 1070 1401 1139 φέρεσθαι,
1453 1071 1550 1122 καὶ
1589 1066 1826 1138 σκληρὸς
1869 1067 1971 1119 αὑ·

382 1161 578 1232 θάδης.
629 1180 647 1214 ι

473 1253 708 1322 Ῥουὸὶμ
761 1254 1136 1322 πρωτότοκός
1177 1271 1331 1323 μου,
1375 1252 1474 1306 καὶ
1530 1249 1689 1320 ἁρχὴ
1744 1251 1973 1303 τέκνων

371 1359 528 1410 μου,
557 1343 834 1396 τουτέστιν
864 1345 892 1396 ὁ
930 1342 1146 1414 πρῶτος
1174 1342 1234 1406 ἐξ
1273 1341 1408 1412 ἐμοῦ
1451 1339 1756 1409 γεννηθεὶς,
1791 1338 1884 1392 καὶ
1913 1340 1972 1392 ἐν

374 1425 428 1500 ᾧ
480 1433 684 1504 πρώτῳ
741 1433 988 1504 τεχθέντι
1041 1434 1103 1485 τὸ
1153 1435 1372 1504 ίσχυρὸν
1410 1433 1504 1485 καὶ
1541 1431 1600 1484 τὸ
1633 1431 1970 1484 άκατάλυτον

374 1525 568 1596 ἔσχον,
599 1529 666 1597 τῇ
693 1526 914 1596 διαδοχῇ
957 1526 1093 1594 πρὸς
1127 1525 1186 1578 τὸ
1218 1525 1459 1594 φθαρτὸν
1489 1525 1582 1577 καὶ
1611 1523 1834 1584 ἀσθενὲς
1871 1523 1970 1591 τῆς

374 1617 606 1687 φύσεως
635 1618 1145 1687 ἀπαγωνισάμενος
1165 1633 1178 1647 ⁸
1226 1615 1498 1684 Σκληρός
1525 1615 1833 1684 φέρεσθαι,
1867 1613 1969 1667 καί

371 1709 659 1777 σκληρὸς
687 1708 974 1776 αὐθάδης.

459 1820 484 1852 s
532 1799 880 1870 Ἐξύὸρισας,
917 1802 993 1863 tbi;
1019 1799 1163 1869 ὕδωρ
1192 1800 1268 1870 μὴ
1294 1799 1546 1870 ἐκζέσῃς.
1591 1817 1608 1849 ι

465 1893 794 1963 Ἑξύὸρισας
837 1891 1180 1956 ἀκαθέκτως,
1228 1892 1351 1946 ἀντὶ⁵
1377 1889 1472 1944 τοῦ
1506 1889 1840 1958 ἀλογίστως,
1871 1888 1966 1942 καὶ

372 1987 717 2057 θερμότερον
743 1985 838 2038 τοῦ
879 1985 1088 2047 δέοντος
1124 1985 1258 2055 πρὸς
1298 1981 1500 2052 πρᾶξιν
1530 1983 1848 2052 παράνομον
1869 1983 1964 2050 ὁρ-

374 2079 591 2148 μήσας,
621 2075 944 2148 ἐξήμαρτες.
975 2075 1232 2129 Βούλεται
1255 2074 1311 2127 δὲ
1336 2075 1511 2126 εἰπεῖν
1539 2073 1638 2144 τὴν
1661 2073 1964 2142 γενομένην

369 2166 640 2235 ἀθέσμως
673 2165 859 2236 κοίτην
892 2165 1026 2232 πρὸς
1056 2164 1281 2217 Βάλλαν.
1317 2164 1423 2215 Τοῦ
1457 2162 1642 2232 μέντοι
1676 2162 1964 2231 μέλλοντος

369 2257 633 2323 ἐπάγειν,
679 2257 1024 2310 συνετώτατα
1049 2258 1169 2310 λίαν
1215 2256 1379 2310 αὐτοῦ
1414 2257 1706 2327 προτάττει
1749 2255 1843 2318 τὸ,
1883 2255 1963 2320 ὡς

367 2348 538 2416 ὕδωρ
576 2348 664 2417 μὴ
698 2347 982 2416 ἐκζέσῃς·
1045 2349 1149 2418 πρὸ
1192 2351 1290 2418 τῆς
1330 2347 1665 2418 κατηγορίας
1717 2348 1811 2399 καὶ
1853 2346 1962 2398 τῶν

365 2439 618 2509 ἐλέγχων
658 2440 984 2510 ἐξαρπάζων
1014 2440 1203 2510 ῶσπερ
1254 2441 1417 2492 αὑτὸν
1463 2439 1562 2509 τῆς
1611 2436 1957 2506 ὀφειλούσης,

365 2527 503 2581 ὅσον
549 2530 642 2582 ἐπὶ
684 2530 760 2598 τῷ
803 2530 896 2582 τοῦ
930 2531 1421 2603 πλημμεληθέντος
1476 2532 1825 2602 τολμήματι,
1880 2531 1961 2582 δι-

365 2617 550 2680 καίως
580 2618 890 2687 ἐπαχθῆναι
931 2621 1228 2684 κολάσεως.
1261 2621 1360 2673 Διὰ
1388 2621 1497 2689 γάρ
1521 2619 1654 2673 αὐτὸ
1683 2619 1842 2673 τοῦτο
1866 2621 1961 2672 καὶ

363 2707 476 2778 τὴν
507 2709 685 2777 ἀρχὴν
708 2709 801 2760 τοῦ
829 2712 958 2778 περὶ
987 2712 1149 2762 αὐτὸν
1185 2712 1346 2778 λόγου
1377 2710 1636 2781 τοιαύτην
1664 2713 1961 2782 ἐποιήσατο

367 2804 895 2871 κατασκευαστικὴν
927 2804 1128 2866 ἱκανῶς
1159 2805 1298 2872 πρὸς
1336 2805 1398 2856 τὸ
1445 2806 1544 2874 τῆς
1572 2807 1960 2876 παραιτήσεως

367 2889 622 2956 εὔλογον.
655 2891 728 2943 Τὸ
760 2890 874 2954 οῦν,
912 2892 993 2956 ὡς
1022 2892 1179 2961 ὕδωρ
1226 2892 1312 2961 μὴ
1341 2893 1627 2961 ἐκζέσῃς,
1659 2893 1816 2947 τοῦτό
1853 2911 1958 2964 φη-

319 3013 322 3016 -
369 2997 488 3043 σιν,
517 2981 600 3034 ὅτι
619 2981 712 3052 Μὴ
745 2982 958 3050 γένοιτό
995 2999 1078 3036 σοι
1112 2983 1201 3036 διὰ
1224 2984 1287 3036 τὸ
1317 2984 1532 3052 συμϐάν
1571 3001 1652 3036 σοι
1691 2984 1822 3054 περὶ
1857 2985 1957 3053 τὴν

364 3072 472 3124 τοῦ
505 3073 715 3142 πατρός
749 3091 843 3126 σου
875 3075 1063 3145 κοίτην
1089 3075 1154 3127 ἐκ
1182 3075 1518 3145 προπετείας
1549 3075 1952 3146 πλημμέλημα,

2677 858 2827 914 CAP.
2865 857 3054 915 XLIX.

2148 969 2314 1026 Vens.
2348 966 2401 1025 3.
2448 989 2467 1022 ς
2498 969 2694 1025 Ruben
2745 969 3142 1038 primogenitus
3189 981 3364 1030 meus,
3406 976 3462 1021 tu
3493 965 3652 1022 forti-

2079 1060 2206 1115 tudo
2239 1074 2380 1126 mea,
2411 1069 2464 1113 et
2496 1059 2819 1128 principium
2855 1057 3060 1112 doloris
3104 1057 3207 1110 mei
3246 1076 3260 1112 :
3288 1059 3436 1126 prior
3473 1059 3526 1111 in
3560 1061 3656 1112 do-

2076 1152 2181 1218 nis,
2214 1150 2384 1218 major
2410 1151 2462 1204 in
2489 1152 2737 1219 imperio.
2768 1168 2788 1200 ι

2147 1243 2323 1299 Ruben
2361 1243 2741 1313 primogenitus
2784 1259 2952 1308 meus,
2981 1250 3029 1296 et
3058 1241 3372 1311 principium
3422 1241 3651 1308 ﬁliorum

2073 1354 2330 1400 meorum,
2349 1336 2448 1390 hoc
2481 1344 2582 1398 est,
2607 1349 2765 1404 quem
2792 1335 3026 1404 primum
3053 1333 3236 1403 genui,
3265 1337 3316 1384 in
3344 1348 3448 1400 quo
3476 1333 3654 1400 primo

2074 1429 2381 1501 praesidium
2412 1428 2542 1482 milii
2583 1437 2638 1480 et
2687 1441 2859 1496 genus
2882 1435 3091 1479 certum
3134 1425 3336 1488 inveni,
3366 1426 3645 1495 progeniei

2077 1522 2339 1577 adversus
2393 1517 2766 1587 corruptibilis
2799 1525 2854 1570 et
2897 1516 3089 1570 debilis
3136 1525 3348 1571 natura:
3379 1517 3647 1571 fallaciam

2073 1614 2308 1670 confisus
2331 1631 2347 1676 ;
2382 1612 2560 1666 Durus
2583 1610 2652 1664 ad
2679 1609 2976 1679 ferendum,
3004 1621 3052 1663 et
3082 1610 3247 1663 durus
3272 1609 3541 1678 pervicax.

1999 1827 2043 1880 Β
2147 1791 2308 1844 Vens.
2334 1791 2389 1844 4.
2437 1807 2456 1841 ι
2488 1787 2704 1842 Effusus
2735 1801 2816 1850 es,
2867 1786 3008 1842 sicut
3040 1800 3176 1855 aqua
3217 1801 3323 1839 non
3353 1799 3588 1841 crescas.
3622 1801 3644 1838 ι

2141 1877 2337 1934 Fecisti
2369 1875 2777 1941 contumeliam,
2809 1875 2912 1930 hoc
2940 1883 3023 1930 est
3050 1890 3250 1930 vesano
3278 1884 3331 1930 et
3353 1875 3520 1930 nimio
3551 1875 3654 1929 im-

2071 1982 2199 2043 petu
2242 1973 2308 2025 ad
2341 1985 2454 2025 rem
2499 1968 2698 2021 malam
2743 1981 2985 2036 praeceps
3030 1969 3290 2035 peccasti.
3323 1966 3650 2036 Significare

2072 2075 2250 2118 autem
2290 2060 2648 2129 vultimpium
2678 2059 2796 2126 ejus
2828 2072 2951 2111 cum
2985 2057 3133 2111 Balla
3173 2059 3543 2113 concubitum.
3581 2059 3652 2114 At

2069 2156 2383 2226 priusquam
2421 2165 2534 2205 rem
2558 2149 2818 2218 explicet,
2855 2163 3017 2218 quam
3051 2149 3407 2203 solertissime
3445 2150 3653 2218 profert

2071 2244 2198 2298 illud
2221 2243 2354 2295 sicut
2379 2256 2517 2310 aqua
2538 2254 2641 2292 non
2671 2253 2877 2292 crescas
2909 2253 2928 2300 ;
2963 2252 3084 2291 eum
3119 2253 3226 2291 non
3264 2248 3390 2293 ante
3432 2239 3648 2294 incusat

2069 2331 2546 2394 etincriminatur,
2575 2343 2736 2398 quam
2770 2328 2960 2382 merita
2989 2330 3280 2399 debitaque
3303 2345 3462 2400 paena
3481 2349 3648 2403 prope

2069 2422 2311 2487 solverit,
2335 2420 2388 2473 in
2411 2427 2670 2489 quantum
2695 2419 2799 2473 hoc
2825 2418 3002 2473 delicti
3030 2419 3241 2474 facinus
3296 2421 3646 2477 admittebat.

2068 2512 2143 2567 Ea
2176 2511 2318 2565 enim
2344 2511 2409 2565 de
2435 2524 2601 2564 causa
2656 2509 2806 2565 hisce
2841 2509 3021 2564 verbis
3067 2511 3367 2565 orationem
3399 2528 3553 2567 suam
3580 2515 3648 2570 de

2069 2604 2187 2673 ipso
2227 2603 2528 2666 exorditur,
2579 2601 2778 2671 quibus
2816 2601 3030 2655 veniam
3079 2601 3359 2670 aptissime
3404 2613 3645 2674 exoptat.

2067 2694 2200 2749 Illud
2232 2695 2419 2764 igitur,
2468 2692 2603 2745 sicut
2656 2709 2796 2761 aqua
2855 2709 2956 2746 non
3005 2709 3234 2757 crescas,
3263 2697 3419 2764 quasi
3452 2697 3642 2752 dicat:

2067 2785 2223 2841 Licet
2265 2783 2441 2854 patris
2482 2782 2662 2836 cubile
2714 2791 2918 2837 temere
2966 2784 3274 2850 violaveris,
3319 2801 3426 2841 non
3480 2787 3650 2842 bene-

2067 2879 2304 2933 dictione
2358 2872 2702 2929 defrauderis
2759 2875 2907 2928 circa
2962 2880 3180 2945 generis
3243 2877 3644 2948 perennitatem

2067 2971 2230 3024 facta.
2263 2967 2341 3022 Ne
2369 2980 2563 3037 poenas
2599 2980 2628 3019 a
2660 2974 2713 3020 te
2744 2965 2885 3021 Deus
2917 2967 3016 3023 bas
3037 2970 3238 3040 exigat,
3267 2973 3374 3024 vim
3396 2970 3644 3040 pariendi

2065 3063 2327 3126 tollendo,
2378 3060 2630 3115 ardorem
2691 3059 3071 3132 refrigerando
3129 3075 3184 3120 et
3241 3065 3645 3135 exstinguenda

362 3163 473 3229 τῆς
519 3162 656 3231 πρὸς
693 3162 936 3216 ἐπίδοσιν
971 3162 1069 3216 τοῦ
1111 3163 1304 3232 γένους
1340 3164 1593 3233 εὐλογίας
1635 3165 1953 3218 ἀποπεσεῖν.

2063 3171 2170 3225 quo
2210 3167 2408 3224 pueros
2463 3165 2805 3222 procreares,
2838 3153 3012 3207 instar
3032 3169 3186 3224 aqua;
3213 3156 3398 3226 procul
3431 3158 3498 3210 ab
3517 3156 3642 3226 igne

362 3251 528 3323 Μηδὲ
557 3253 708 3324 δοίης
734 3254 875 3324 ὑπὲρ
901 3254 1093 3307 τούτου
1128 3255 1306 3326 δίκην,
1347 3257 1410 3309 τὸ
1441 3255 1518 3327 μὴ
1547 3256 1803 3324 γενέσθαι
1847 3273 1957 3310 πα-

363 3345 504 3415 τὴρ,
531 3344 910 3414 ἀποψυγέντος
950 3346 1042 3400 τοῦ
1071 3347 1172 3417 τῆς
1213 3347 1432 3415 φύσεως
1471 3349 1530 3400 ἐν
1557 3349 1644 3400 σοὶ
1684 3349 1782 3401 καὶ
1821 3349 1958 3402 ἀπο-

368 3434 699 3497 σϐεσθέντος
748 3434 886 3504 πρὸς
915 3436 1261 3489 παιδοποιίαν
1301 3436 1526 3505 θερμοῦ.
1557 3437 1960 3507 παραπλησίως

365 3524 528 3578 ὕδατι
570 3525 891 3596 χωρισθέντι
940 3527 1136 3597 πυρός.
1166 3528 1330 3580 Ὥστε
1359 3528 1604 3596 δηλονότι
1643 3527 1740 3580 νῦν
1782 3529 1842 3580 ἐν
1868 3527 1959 3579 εύ-

361 3616 558 3684 λογίας
595 3617 728 3670 εῖδει
779 3617 1037 3687 προλέγει
1071 3605 1171 3686 τῆς
1197 3618 1370 3687 φυλῆς
1404 3617 1504 3686 τὴν
1538 3616 1807 3687 ἐσομένην
1833 3616 1958 3668 ἐπί-

355 3709 536 3762 δοσιν.
574 3709 758 3774 Ἀξιόν
784 3725 848 3777 γε
874 3708 980 3779 μὴν
1002 3708 1218 3774 ἔκρινεν
1239 3703 1381 3762 εἶναι
1408 3705 1741 3778 συγγνώμης
1770 3705 1955 3769 αὐτὸν,

2063 3254 2303 3302 semotae.
2339 3244 2455 3310 Qua
2495 3243 2875 3313 deprecatione
2905 3244 3142 3301 futuram
3167 3248 3342 3318 gentis
3368 3249 3642 3304 fortunam

2063 3338 2307 3410 profecto
2349 3337 2700 3406 praenuntiat.
2783 3336 3000 3393 Judicat
3059 3354 3182 3394 eum
3236 3341 3360 3396 ideo
3421 3342 3642 3413 dignum

2055 3446 2179 3487 esse
2209 3431 2298 3501 qui
2349 3429 2563 3484 veniam
2592 3439 3041 3500 consequeretur,
3075 3441 3132 3486 et
3178 3435 3433 3504 progenie
3477 3434 3644 3488 multa

2056 3525 2371 3585 donaretur,
2406 3520 2534 3588 quia
2571 3520 2691 3575 aliae
2717 3521 2816 3590 ipsi
2854 3524 3072 3579 inerant
3114 3529 3368 3592 virtutes,
3412 3541 3644 3596 prmer-

2057 3614 2151 3667 tim
2192 3625 2325 3666 vero
2377 3611 2502 3680 quia
2560 3610 2821 3668 fratribus
2872 3614 2939 3668 de
2997 3620 3240 3672 necando
3280 3615 3479 3688 Josepb
3536 3633 3642 3673 non

2057 3701 2444 3758 consentiendo
2471 3700 2661 3755 Ruben
2698 3717 2821 3756 eum
2849 3715 3186 3760 servaverat.

349 3803 455 3855 καὶ
507 3799 605 3855 τοῦ
643 3799 719 3871 μὴ
763 3801 866 3871 τῆς
891 3800 1198 3871 φυλαρχίας
1229 3801 1549 3862 ἀποπεσεῖν,
1581 3801 1669 3855 διὰ
1735 3800 1798 3853 τὸ
1823 3797 1991 3867 ἀλλην
2027 3811 2086 3847 τε
2115 3792 2266 3863 αὐτῷ
2313 3794 2612 3849 συνειδέναι
2669 3793 2792 3847 τινὰ
2830 3796 2993 3866 τυχὸν
3024 3797 3245 3869 ἀρετήν,
3268 3799 3365 3853 καὶ
3404 3800 3642 3870 μάλιστα

354 3896 448 3952 διὰ
486 3895 551 3950 τὸ
591 3893 666 3965 μὴ
709 3892 1004 3964 σύμψηφον
1030 3893 1319 3964 γινόμενον
1343 3897 1458 3959 τοῖς
1482 3895 1752 3964 ἀδελφοῖς,
1781 3893 2090 3965 ἐξαρπάσαι
2122 3890 2355 3943 Θανάτου
2383 3891 2474 3943 τὸν
2511 3891 2734 3961 Ἰωσήφ.

441 4007 461 4040 ι
487 3986 692 4047 Ἰούδα,
725 3986 788 4038 σὲ
813 3985 1132 4039 αίνέσαισαν
1163 3987 1215 4040 oi
1261 3987 1482 4057 ἀδελφοί
1524 4006 1649 4043 σου⁹
1679 3992 1734 4044 αἱ
1771 3989 1950 4061 χεῖρές

360 4097 462 4134 σου
505 4079 602 4132 ἐπὶ
645 4077 818 4130 νώτου
842 4077 951 4131 τῶν
983 4076 1195 4148 ἐχθρῶν
1228 4095 1321 4132 σου
1342 4096 1356 4111 ο
1394 4081 1838 4152 προσκυνήσουσί
1869 4098 1950 4134 σοι

357 4169 470 4223 υἱοὶ
500 4166 598 4220 τοῦ
631 4167 838 4239 πατρός
863 4183 979 4220 σου.
1002 4184 1023 4218 ι

429 4259 702 4314 Τουτέστι
740 4258 835 4311 καὶ
865 4257 1147 4327 συγγενῶν
1175 4259 1272 4312 καὶ
1296 4257 1610 4328 ἀλλοφύλων
1634 4258 1948 4331 κατάρξεις,

356 4355 456 4408 καὶ
484 4350 699 4422 γενήσῃ
728 4349 882 4420 παρά
916 4350 1084 4404 πᾶσιν
1117 4350 1424 4412 ἐπαινετός.

2127 3985 2293 4041 Vsus.
2325 3986 2378 4041 8.
2431 4003 2450 4036 ι
2486 3985 2649 4054 .Iuda,
2695 3995 2750 4042 te
2780 3986 2999 4041 laudent
3048 3987 3248 4042 fratres
3296 3989 3368 4043 tui
3401 4007 3415 4044 :
3448 4006 3640 4048 manus

2058 4083 2164 4130 tuae
2210 4090 2374 4144 super
2400 4077 2620 4132 dorsum
2660 4077 3006 4132 inimicorum
3033 4087 3246 4135 tuorum
3274 4094 3288 4130 :
3321 4080 3628 4138 adorabunt

2057 4174 2110 4220 te
2143 4165 2238 4220 ﬁlii
2270 4166 2439 4236 patris
2469 4167 2565 4222 tui.
2611 4185 2631 4219 ι

2111 4255 2227 4314 Hoc
2253 4266 2357 4324 est,
2382 4259 2628 4326 cognatis
2657 4266 2714 4314 et
2735 4258 3067 4330 alienigenis
3095 4260 3485 4328 dominaberis,
3516 4277 3638 4318 om-

2057 4363 2155 4404 nes
2179 4359 2235 4403 te
2265 4349 2517 4404 laudibus
2545 4348 2796 4406 ederent.

436 4453 457 4496 ι
485 4413 735 4509 excitvit;
753 4413 967 4502 λέοντος
998 4437 1168 4492 Ἰούδα
1185 4454 1199 4469 ·
1227 4440 1291 4492 ἐκ
1322 4437 1575 4509 βλαστοῦ,
1598 4439 1682 4493 υἱέ
1707 4441 1949 4510 μου,ἀν-

2126 4442 2284 4498 Vens.
2317 4443 2372 4498 9.
2409 4461 2429 4494 ι
2465 4442 2687 4499 Catulus
2732 4443 2906 4499 leonis
2950 4441 3087 4498 Juda
3119 4461 3136 4499 :
3170 4458 3234 4500 ex
3261 4445 3528 4515 germine,
3560 4447 3633 4501 fili

355 4534 496 4604 έσης
518 4547 532 4561 ’
563 4527 874 4589 ἀναπεσὼν,
913 4529 1220 4607 ἐκοιμήθης
1245 4531 1322 4593 ὡς
1354 4529 1513 4595 λέων,
1547 4531 1644 4584 καὶ
1689 4531 1767 4595 ὡς
1818 4531 1950 4584 σκύ-

359 4642 498 4697 μνος
519 4639 534 4653 °
563 4622 648 4685 τίς
673 4623 858 4689 ἐγερεῖ
883 4621 1076 4686 αύτόν;
1103 4640 1122 4673 ›

430 4718 510 4771 Τὸ
539 4715 660 4786 μὲν,
689 4714 757 4766 ἐκ
783 4713 1085 4780 βλαστοῦ,
1109 4713 1204 4768 υίέ
1229 4732 1369 4784 μου,
1408 4713 1650 4782 ἀνέϐης,
1682 4714 1804 4768 ἀντὶ
1829 4713 1947 4774 τοῦ.

355 4806 643 4877 Ηύξήθης,
666 4805 919 4873 καθάπερ
942 4804 1004 4857 ἔκ
1032 4823 1177 4868 τινος
1201 4807 1414 4877 ἀγαθῆς
1438 4806 1615 4879 ῥίζης,
1635 4806 1792 4877 ἐμοῦ,
1818 4809 1952 4877 πρέ-

361 4917 496 4968 μνος
527 4897 763 4968 εὐθαλὴς
791 4895 1275 4966 ἐκϐεϐλαστηκώς·
1309 4897 1371 4949 τὸ
1406 4897 1484 4961 δὲ,
1517 4898 1598 4962 ὡς
1642 4896 1818 4963 λέων,
1846 4896 1947 4950 καὶ

356 4991 440 5055 ὡς
461 4989 760 5057 σκύμνος,
789 4989 853 5040 ὲκ
880 4987 1252 5058 παραλλήλου,
1287 4987 1441 5057 δηλοῖ
1465 4989 1526 5040 τὸ
1559 4987 1691 5041 αὐτό
1712 5004 1724 5017 ·
1761 4988 1837 5050 ὡς
1860 4988 1943 5051 τὸ,

362 5081 427 5135 Τί
455 5081 631 5133 ἐστιν
671 5080 1006 5145 ἅνθρωπος,
1035 5077 1124 5131 ὅτι
1144 5078 1457 5148 μιμνήσκῃ
1489 5078 1697 5143 αὑτοῦ,
1735 5077 1775 5146 ἧ
1816 5081 1948 5145 υίὸς

357 5168 702 5237 ἀνθρώπου,
754 5169 843 5222 ὅτι
882 5168 1242 5237 ἐπισκέπτῃ,
1263 5170 1481 5234 auctir;
1526 5170 1599 5222 Tb
1619 5170 1697 5237 δὲ,
1724 5171 1948 5224 ἀναπε-

359 5260 514 5320 σὼν,
573 5259 895 5329 ἐκοιμήθη·
944 5261 1037 5327 τίς
1074 5259 1268 5330 ἐγερεῖ
1311 5261 1530 5327 αὑτόν;
1575 5262 1676 5332 τὴν
1719 5262 1812 5314 ἐπὶ
1846 5263 1947 5331 τῆς

360 5353 466 5420 γῆς
498 5350 664 5403 αὐτοῦ
695 5350 842 5420 λέγει
882 5350 1362 5422 βεϐαίωσιν.Ἔστι
1408 5351 1513 5423 γὰρ
1563 5352 1944 5422 παραπλήσιον

358 5441 462 5512 τῷ,
481 5442 617 5497 Ἐὰν
640 5443 968 5513 κοιμηθῆτε
1003 5443 1120 5498 ἀνὰ
1156 5442 1354 5513 μέσον
1394 5441 1517 5496 τῶν
1542 5443 1800 5512 κλήρων.
1834 5447 1943 5498 Καὶ

361 5531 494 5599 γοῦν
522 5533 781 5598 πολλάκις
816 5534 928 5587 τῶν
958 5533 1160 5588 λοιπῶν
1195 5532 1380 5602 φυλῶν
1419 5533 1843 5604 πολεμουμένων
1879 5552 1939 5587 τε

361 5623 460 5674 καὶ
485 5625 871 5695 ἀπαγομένων,
891 5624 967 5688 ὡς
993 5626 1087 5679 ἐπὶ
1110 5625 1173 5678 τὸ
1200 5624 1452 5677 πλεῖστον
1477 5623 1615 5693 αὐτὴ
1644 5624 1808 5695 μηδὲν
1835 5626 1939 5677 ὑπὸ

433 5779 644 5834 “Psal.
688 5797 804 5846 vm,
839 5782 893 5836 4.
975 5783 1016 5813 "
1043 5781 1186 5838 Psal.
1212 5799 1380 5848 van,
1421 5783 1507 5837 H.

2056 4533 2152 4601 mi,
2171 4534 2500 4590 ascendisti.
2523 4533 2864 4589 Recumbens
2884 4535 3138 4590 dormisti
3173 4545 3231 4590 ut
3253 4534 3338 4590 leo
3362 4575 3378 4601 ,
3401 4546 3456 4590 et
3479 4539 3632 4606 quasi

2055 4625 2272 4681 Catulus
2315 4626 2492 4681 leonis
2522 4644 2536 4680 :
2565 4629 2690 4697 quis
2715 4628 3010 4682 suscitabit
3042 4628 3203 4682 eum?
3231 4647 3250 4681 ι

2102 4713 2235 4769 Illud
2263 4716 2505 4785 quidem,
2533 4732 2598 4770 ea:
2629 4718 2881 4788 germine,
2909 4718 2994 4787 ﬁli
3017 4721 3109 4782 mi,
3141 4719 3450 4785 ascendisti,
3481 4720 3634 4790 quasi

2060 4808 2245 4861 dicat:
2270 4805 2437 4862 Ortus
2459 4822 2519 4861 es
2542 4822 2606 4862 ex
2635 4823 2746 4872 me,
2768 4809 2913 4863 velut
2937 4825 3000 4864 ex
3026 4811 3206 4866 radice
3235 4814 3438 4882 Optima
3465 4816 3634 4880 stipes

2056 4900 2244 4954 ﬂorida
2286 4901 2578 4970 germinat.
2615 4903 2687 4955 At
2727 4903 2879 4969 illud,
2915 4913 2968 4956 ut
3012 4904 3115 4968 leo,
3163 4916 3209 4958 et
3239 4907 3390 4975 quasi
3425 4906 3635 4958 catulus

2052 4992 2239 5055 leonis,
2281 4993 2402 5046 aliis
2460 4994 2640 5047 verbis
2668 4997 2914 5048 eamdem
2973 4998 3298 5049 sententiam
3349 4997 3628 5064 exprimit,

2049 5085 2192 5138 haud
2241 5097 2402 5137 secus
2435 5097 2498 5134 ac
2533 5081 2584 5135 in
2623 5082 2714 5134 illo
2750 5101 2764 5136 :
2801 5083 2944 5148 Quid
2971 5095 3044 5136 est
3071 5084 3245 5146 homo,
3272 5087 3408 5154 quod
3433 5100 3632 5137 memor

2047 5190 2100 5226 es
2141 5173 2276 5241 ejus,
2327 5181 2418 5224 aut
2461 5171 2608 5238 ﬁlius
2636 5171 2860 5223 hominis
2891 5173 3147 5240 quoniam
3177 5174 3356 5226 uisitas
3401 5189 3516 5225 eum
3543 5173 3631 5226 "?

2046 5263 2175 5316 Illud
2195 5273 2372 5316 autem
2397 5262 2697 5315 recumbens
2719 5264 2984 5326 dormisti,
3017 5265 3134 5332 quis
3163 5263 3439 5316 suscitabit
3465 5279 3581 5316 eum
3600 5262 3626 5315 2’

2047 5353 2254 5406 indicat
2280 5367 2440 5421 quam
2498 5353 2729 5405 firmiter
2778 5364 2976 5406 terram
3012 5369 3165 5407 suam
3199 5353 3364 5408 Judas
3404 5367 3628 5422 occupa-

2052 5454 2207 5498 turus
2248 5454 2390 5498 erat.
2444 5444 2728 5498 Couseutit
2758 5446 2905 5499 enim
2943 5459 3064 5498 cum
3095 5459 3160 5498 eo
3197 5462 3211 5499 :
3243 5443 3302 5497 Si
3347 5445 3627 5498 dormiatis

2049 5536 2189 5588 inter
2229 5535 2427 5588 medios
2450 5538 2616 5589 cteros
2650 5534 2729 5590 "’.
2764 5536 2840 5589 Ac
2886 5545 3034 5590 certe
3066 5535 3152 5589 vel
3193 5535 3489 5604 saepissime
3522 5549 3630 5588 caa-

2052 5629 2183 5682 teris
2218 5630 2470 5699 gentibus
2499 5644 2620 5682 eum
2667 5630 3111 5700 aggredientibus
3158 5639 3216 5687 et
3271 5627 3630 5701 impugnanti-
