4064 6422
266 318 427 390 ’1661

1396 330 1480 394 ΙΝ
1518 330 1850 395 GENESIN
1890 327 2376 394 FRAGMENTA.

3435 317 3570 382 1669

369 451 389 483 ι
419 432 723 502 Χαροποιοὶ
751 433 798 487 οί
820 433 1093 503 ὀφθαλμοὶ
1123 437 1291 491 αὐτοῦ
1318 437 1426 491 ἀπὸ
1451 438 1616 505 οἴνου,
1651 440 1745 493 καὶ
1768 439 1885 493 λευ-

2028 414 2214 493 Ὺειις.
2244 436 2329 490 H.
2368 452 2386 485 ι
2423 433 2668 489 Gratilici
2692 434 2831 489 oculi
2875 430 2993 501 eius
3027 443 3190 499 super
3240 428 3462 489 viuum:
3516 442 3571 485 et

290 529 380 582 κολ
412 528 465 580 οἱ
494 527 707 591 ὀδόντες
741 528 908 582 αὐτοῦ
936 530 971 599 ἢ
997 530 1160 598 γάλα.
1192 549 1211 581 ι

357 619 679 687 Τουτέστιν,
723 618 887 672 οἱονεὶ
917 622 1201 695 κραιπάλῃ
1226 621 1334 676 τινὶ
1379 622 1476 678 καὶ
1513 621 1652 694 μέθῃ
1698 621 1777 693 τῷ
1818 623 1885 678 ἐκ

289 710 386 764 τοῦ
415 710 626 775 πάθους
653 711 811 782 κάρῳ
848 714 1334 785 συγκατασχεθιὶς,
1369 713 1753 786 λαμπρότερος
1781 709 1884 769 αὖ·

289 798 376 863 θις
413 798 864 870 ἐξαναστήσεται.
900 800 1011 856 Καὶ
1039 803 1149 873 γὰρ
1173 803 1583 875 τοιουτότροποι
1610 803 1719 858 τῶν
1744 802 1886 870 ἔξοι-

289 890 560 961 νωμένων
592 893 647 945 οἱ
672 892 980 964 ὀφθαλμοὶ,
1016 893 1095 965 τῷ
1129 895 1229 964 μὲν
1257 894 1495 966 πλείστῳ
1524 895 1885 967 συμμεμυκό-

286 994 406 1048 τες,
434 980 534 1036 τοῦ
565 982 838 1055 βλεφάρου
863 986 963 1058 τὴν
990 986 1161 1057 κόρην
1190 985 1677 1050 ἑπικαλύπτοντος,
1709 986 1883 1058 βραχὺ

288 1072 347 1128 δέ
380 1090 459 1137 τι,
493 1076 587 1131 καὶ
629 1075 762 1128 αὐτὸ
803 1076 1253 1148 καταπληκτικὸν
1307 1076 1708 1148 ύπανεῳγότες,
1741 1077 1884 1132 κατὰ

286 1165 419 1229 τοὺς
472 1164 693 1236 ὀργίλον
737 1183 792 1221 τι
838 1169 936 1220 καὶ
983 1167 1183 1239 πικρὸν
1227 1168 1727 1240 ὑποῦλεπομένους.
1772 1168 1885 1222 Καὶ

291 1255 486 1326 μέντοι
515 1257 566 1308 oi
591 1255 801 1322 ὀδόντες
830 1256 941 1311 τῶν
978 1257 1259 1323 τοιούτων,
1291 1260 1375 1313 ὅτι
1422 1259 1501 1331 τῷ
1544 1258 1674 1329 οίνῳ
1721 1273 1884 1330 περι-

297 1342 644 1414 σμηχόμενοι
669 1385 683 1408 ,
710 1342 895 1399 λευκοὶ
923 1345 1339 1417 προφαίνονται,
1367 1347 1478 1402 τῶν
1508 1347 1703 1419 χειλῶν
1731 1363 1888 1419 περι-

290 1435 613 1506 σεσηρότων
637 1435 841 1497 αὐτῶν.
862 1437 1038 1508 πάντη
1065 1435 1226 1491 τοῦτο
1244 1438 1810 1509 κατάδηλον.Ἔλα66ν
1824 1455 1890 1507 γε

1988 528 2202 583 candidi
2225 529 2413 581 dentes
2433 525 2551 595 eius
2579 541 2743 596 quam
2773 527 2874 583 lac.
2917 545 2937 577 ι

2033 619 2149 675 Hoc
2176 627 2283 682 est,
2319 626 2578 686 tanquam
2603 617 2825 686 crapula
2852 625 2904 672 et
2930 615 3217 679 ebrietate,
3240 626 3433 668 somno
3453 620 3577 681 post

1986 712 2293 783 passionem
2317 718 2597 781 gravatus,
2622 708 2883 766 illustrior
2911 722 3097 763 rursus
3116 714 3391 776 exsurget.
3412 703 3575 760 Tales

1985 805 2131 861 enim
2164 810 2289 859 sunt
2321 801 2462 857 oculi
2489 802 2787 868 ebriorum,
2844 814 3036 870 magna
3067 813 3135 853 ex
3170 806 3327 868 parte
3375 797 3572 861 clausi,

2005 893 2259 964 palpebra
2300 890 2518 962 pulpam
2545 900 2780 961 tegente,
2804 890 2995 946 leviter
3023 900 3078 943 et
3107 888 3246 942 mire
3276 887 3573 956 suhaperti,

1994 985 2061 1041 ad
2091 985 2267 1040 instar
2288 998 2478 1039 eorum
2508 982 2706 1053 quibus
2741 980 3073 1037 iracundum
3095 994 3158 1035 os
3206 988 3266 1035 et
3302 992 3572 1033 amarum.

1994 1075 2237 1144 Quorum
2268 1083 2450 1129 autem
2480 1073 2691 1139 dentes,
2746 1082 2936 1142 utpote
2968 1073 3094 1128 vino
3145 1071 3577 1140 circumquaque

1991 1166 2224 1236 aspersi,
2282 1165 2498 1221 candidi
2546 1164 2829 1230 videntur,
2880 1163 3043 1219 labiis
3100 1176 3289 1217 eorum
3338 1161 3579 1230 undique

1992 1255 2183 1311 lavatis
2214 1269 2230 1309 :
2258 1256 2361 1310 hoc
2410 1256 2635 1311 omnino
2657 1253 3027 1310 manifestum.
3048 1250 3340 1311 Oculorum
3362 1263 3529 1321 grave
3550 1275 3577 1288 -

1990 1351 2171 1405 dinem
2201 1349 2267 1404 de
2309 1357 2482 1404 morte
2512 1346 2716 1403 Christi
2748 1344 3159 1411 intellexerunt,
3200 1342 3326 1412 quia
3360 1340 3479 1396 haec
3510 1339 3580 1395 ab

1990 1440 2245 1513 omnibus
2293 1449 2636 1510 conspecta;
2674 1439 2967 1495 candorem
3014 1444 3194 1490 autem
3228 1434 3466 1490 dentium
3513 1432 3581 1487 de

289 1524 405 1595 μὴν
433 1526 539 1596 τήν
573 1526 673 1596 μὲν
701 1528 810 1581 τῶν
839 1527 1137 1598 ὀφθαλμῶν
1175 1529 1442 1600 κάρωσιν,
1475 1529 1569 1582 ἐπὶ
1600 1528 1698 1582 τοῦ
1728 1528 1886 1582 θανά-

1996 1534 2396 1590 resurrectioue
2411 1571 2428 1597 ,
2452 1533 2581 1603 quia
2603 1533 2707 1588 ista
2729 1532 2901 1601 magis
2922 1528 3135 1585 occulta
3157 1524 3581 1599 etpaueioribus

285 1630 406 1683 του,
440 1619 536 1673 διὰ
565 1620 628 1674 τὸ
655 1621 769 1683 τοῖς
813 1620 987 1675 ἅπασι
1015 1620 1208 1675 τοῦτον
1254 1621 1512 1692 ἐπίδηλον
1555 1619 1845 1689 γεγονέναι
1874 1637 1888 1651 ·

1998 1625 2313 1695 perspicua.

285 1711 388 1783 τὴν
424 1712 735 1784 λευκότητα
762 1714 821 1768 δὲ
847 1714 956 1768 τῶν
983 1715 1235 1780 ὀδόντων,
1260 1716 1353 1768 ἐπὶ
1376 1718 1475 1787 τῆς
1510 1716 1887 1779 ἀνσστάσεωςο
1928 1715 2005 1783 ὡς
2069 1718 2280 1791 ταύτης
2329 1720 2389 1773 ἐν
2441 1716 2743 1790 ἀπορρήτῳ
2778 1714 3002 1787 μᾶλλον,
3032 1712 3130 1768 καὶ
3176 1710 3278 1783 οὐχ
3305 1705 3582 1769 ὡσαύτως

284 1805 603 1875 ἀναφανδὸν
629 1808 939 1875 γεγονυίας.

368 1913 391 1948 ι
426 1895 542 1951 Δὰν
574 1900 754 1968 κρινεῖ
779 1899 870 1952 τὸν
905 1898 1034 1953 λαὸν
1065 1897 1232 1952 αὐτοῦ
1258 1937 1275 1965 ,
1316 1899 1451 1953 ὡσεὶ
1489 1899 1585 1953 καὶ
1619 1899 1718 1970 μία
1748 1900 1886 1973 φυλὴ

2065 1898 2232 1955 Vens.
2270 1898 2358 1955 16.
2406 1918 2426 1952 ι
2456 1898 2571 1953 Dan
2589 1897 2858 1968 iudicabit
2901 1894 3156 1968 populum
3206 1908 3385 1956 suum,
3439 1890 3580 1947 sicut

285 1986 347 2040 ἒν
376 1986 625 2059 Ἰσραήλ.
664 2006 683 2039 ι

363 2078 484 2151 Τὴν
534 2081 635 2151 τῆς
684 2080 861 2155 φυλῆς
913 2079 1120 2153 ταύτης
1174 2080 1496 2154 ἡγεμονίαν,
1521 2081 1622 2153 τὴν
1655 2080 1744 2136 διὰ
1791 2081 1887 2136 τοῦ

287 2163 539 2238 Σαμψὼν
560 2169 894 2240 προμηνύει,
919 2167 1081 2223 τοῦτο
1109 2168 1288 2239 λέγων
1306 2183 1320 2198 ⁸
1349 2169 1433 2223 ὅτι
1458 2171 1712 2229 τοσοῦτον
1739 2172 1889 2241 laxo.

289 2258 387 2328 ρὸς
420 2260 453 2312 ὁ
485 2258 547 2325 ἐξ
584 2259 755 2329 αὐτῆς
786 2258 980 2330 κριτὴς
1005 2260 1396 2331 ἀναστήσεται,
1434 2260 1508 2323 ὡς
1538 2260 1648 2313 τῶν
1676 2258 1886 2314 δώδεκα

288 2349 484 2419 φυλῶν
532 2348 772 2414 εὐκόλως
823 2349 1020 2418 οὕτως,
1049 2350 1254 2405 ὡσανεὶ
1307 2350 1402 2404 καὶ
1440 2353 1569 2421 μιᾶς
1625 2350 1889 2421 κατάρξει

288 2439 495 2509 φυλῆς.
842 2494 854 2505 .

368 2546 390 2580 ι
420 2527 539 2583 Καὶ
569 2527 858 2600 γενηθήτω
879 2530 988 2587 Δάν
1009 2544 1023 2560 ⁸
1054 2531 1200 2600 (ἀντὶ
1217 2529 1335 2598 τοῦ,
1351 2529 1431 2601 τῷ
1458 2529 1565 2583 Δὰν
1587 2529 1891 2603 γενηθήτω)

286 2617 403 2672 Δάν
437 2616 564 2688 ὄφις
591 2619 678 2689 ἐφ’
706 2619 851 2685 ὁδοῦ,
883 2620 1266 2692 ἐγκαθήμενος
1291 2620 1384 2674 ἐπὶ
1415 2620 1610 2691 τρίϐου
1633 2661 1649 2687 ,
1677 2620 1890 2673 δάκνων

288 2711 543 2782 πτέρναν
572 2711 743 2766 ἵππου
769 2729 784 2744 ο
812 2712 909 2767 καὶ
933 2715 1184 2765 πεσεῖται
1210 2714 1239 2765 ὁ
1268 2713 1468 2774 ἱππεὺς
1493 2714 1574 2777 είς
1600 2712 1669 2765 τὰ
1689 2712 1887 2778 ὀπίσω,

285 2801 392 2872 τὴν
422 2801 705 2872 σωτηρίαν
736 2803 1056 2871 περιμένων
1087 2801 1318 2877 Κυρίου.
1353 2821 1373 2854 ι
1520 2799 1537 2813 ’

362 2890 494 2946 Ἵνα
517 2890 673 2963 εἴπῃ,
702 2892 786 2946 ὅτι
815 2894 985 2964 ὅνπερ
1036 2892 1246 2969 τρόπον
1285 2892 1411 2961 ὄφις
1440 2893 1527 2962 ἐφ’
1549 2892 1670 2946 ὁδοῦ
1698 2931 1714 2957 ,
1752 2909 1894 2964 παρ-

288 2979 477 3046 ιόντος
511 2979 683 3036 ἵππου
729 2982 831 3054 τὴν
878 2982 1121 3054 πτέρναν
1171 2980 1378 3044 δακὼν,
1407 2981 1467 3046 ἐξ
1514 2983 1764 3054 ἀνάγκης
1797 2983 1892 3035 καὶ

287 3072 388 3126 τὸν
425 3070 799 3143 ὲποχούμενον
830 3071 1308 3143 συγκαταστρέφει
1329 3112 1345 3135 ,
1370 3072 1446 3137 ὡς
1490 3073 1681 3127 ἐλπίδα
1715 3092 1893 3146 σωτη-

292 3164 422 3235 ρίας
453 3162 606 3232 αὑτῷ
635 3163 767 3233 μίαν
799 3160 1196 3218 ὑπολείπεσθαι
1229 3163 1399 3235 μόνην
1449 3163 1550 3235 τήν
1576 3163 1736 3218 θείαν
1764 3165 1892 3236 βοή-

1993 1994 2149 2050 unica
2182 1994 2360 2049 tribus
2385 1993 2438 2046 in
2468 1989 2663 2048 Israel.
2702 2008 2722 2043 ι

2047 2085 2445 2142 Auctoritatem
2482 2083 2645 2154 huius
2685 2081 2879 2148 tribus,
2912 2080 3041 2136 olim
3086 2093 3185 2148 per
3218 2076 3450 2133 Samson
3475 2074 3576 2129 ob-

1993 2177 2292 2242 tinendam,
2319 2174 2652 2246 praenuntiat
2673 2172 2905 2229 dicens:
2946 2173 3081 2226 adeo
3117 2177 3393 2241 potentem
3427 2165 3576 2235 iudi-

1990 2283 2108 2322 cem
2148 2283 2213 2323 ex
2260 2281 2324 2323 es
2351 2279 2720 2336 egressurum,
2764 2272 2824 2318 ut
2849 2263 3133 2318 duodecim
3166 2260 3417 2315 tribubus
3470 2266 3579 2314 tam

1993 2357 2154 2413 facile
2182 2360 2578 2423 dominaretur,
2609 2356 2765 2426 quasi
2804 2355 2896 2418 uni
2930 2364 3137 2409 tantum
3168 2368 3279 2424 pra!
3298 2360 3469 2409 esset.

2045 2531 2213 2589 Vsus.
2253 2533 2341 2589 17.
2379 2551 2398 2585 ι
2433 2530 2507 2587 Ει
2562 2531 2659 2586 ﬁat
2708 2531 2821 2586 Dan
2853 2529 2983 2602 (hoe
3005 2537 3089 2586 est
3134 2529 3230 2584 ﬂat
3282 2527 3386 2598 ipsi
3442 2525 3579 2597 Dan)

1994 2640 2221 2693 serpens
2252 2625 2305 2680 in
2334 2625 2443 2688 via,
2495 2624 2691 2680 sedens
2743 2623 2797 2676 in
2842 2622 3067 2688 semita,
3105 2620 3366 2675 mordens
3403 2618 3584 2672 calca-

1997 2732 2154 2773 neum
2206 2720 2355 2785 equi,
2409 2723 2465 2768 et
2523 2715 2682 2769 cadet
2734 2727 2905 2783 eques
2953 2721 3280 2778 retrorsum,
3349 2709 3581 2765 salutem

1994 2819 2315 2878 exspectans
2352 2808 2588 2864 Domini.
2627 2824 2647 2859 υ
3028 2794 3037 2801 ’

2066 2903 2230 2968 Quasi
2262 2903 2430 2965 dicat,
2461 2898 2734 2971 quomodo
2773 2913 3000 2969 serpens
3029 2897 3080 2952 in
3106 2896 3215 2964 via,
3241 2895 3285 2950 si
3347 2903 3574 2964 prmter-

1994 2996 2176 3051 euntis
2225 2996 2351 3063 equi
2439 2992 2755 3047 calcaneum
2819 2988 3192 3052 momorderit,
3235 2984 3475 3058 profecto
3528 2994 3583 3038 et

1995 3086 2170 3153 ipsum
2194 3083 2433 3153 equitem
2466 3082 2539 3135 ita
2563 3079 2767 3148 dejicit,
2789 3089 2846 3131 ut
2868 3079 2978 3148 iam
3015 3091 3119 3130 non
3168 3076 3271 3129 alia
3308 3075 3407 3142 ipsi
3455 3087 3582 3143 spes

1996 3176 2187 3230 salutis
2230 3174 2573 3245 relinquatur
2602 3179 2802 3242 praeter
2855 3169 3097 3223 divinum
3158 3168 3422 3222 auxilium
3452 3182 3470 3235 ;
3496 3167 3581 3223 sic

289 3252 473 3307 θειαν·
506 3250 649 3307 οὕτω
678 3255 887 3308 καὶτὸν
917 3254 1158 3325 Σαμψὼν
1186 3257 1220 3325 ἡ
1249 3254 1389 3326 γυνὴ
1421 3254 1627 3327 ῥίψασα
1658 3256 1729 3311 δι’
1750 3258 1886 3311 ἀπάε

2005 3283 2129 3322 cum
2192 3266 2419 3321 Samson
2458 3264 2654 3319 mulier
2676 3263 2823 3318 dolis
2856 3261 3179 3332 proiecerit,
3210 3276 3313 3314 una
3349 3268 3404 3314 et
3422 3274 3579 3315 ever-

293 3358 435 3414 της.
495 3343 675 3397 πάντα
721 3343 815 3397 τὸν
861 3344 1353 3415 ἐπαναπαυόμενον
1397 3345 1549 3417 αὐτῷ
1599 3362 1882 3415 συγκατα-

292 3434 523 3506 στρέψει
551 3434 711 3487 λαόν⁸
740 3434 900 3504 ἄχρις
923 3428 985 3491 οὗ
1011 3436 1176 3489 πάλιν
1204 3436 1307 3505 τῆς
1336 3436 1489 3500 θείας
1523 3437 1703 3507 τυχὼν
1736 3440 1888 3493 ἀντισ-

290 3520 536 3596 λήψεως,
570 3524 847 3595 ἀμύνηται
871 3527 1000 3590 τοὺς
1028 3526 1362 3596 ἠδικηκότας
1394 3527 1567 3598 αὐτῷ.
1596 3529 1670 3580 Τὸ
1700 3528 1761 3581 δὲ
1789 3546 1883 3598 γε-

290 3613 599 3684 νησόμενον
650 3615 709 3667 ὲν
761 3613 1151 3684 προστακτικῷ
1186 3616 1426 3685 σχήματι
1484 3618 1884 3687 προεφήτευσε,

289 3705 643 3773 Γενηθήτω,
672 3704 870 3774 λέγων,
907 3703 989 3770 τῷ
1034 3704 1156 3759 Διίφ⁸
1188 3705 1344 3775 ὄφις,
1373 3705 1450 3769 ὡς
1498 3705 1560 3759 τὸ
1608 3707 1760 3775 παρὰ
1808 3707 1887 3777 τῷ

287 3795 579 3868 προφήτῃ,
607 3794 879 3864 ἐκλείψει
910 3795 1205 3851 ἐκλιπέτω
1238 3797 1277 3865 ἠ
1307 3795 1384 3866 γῆ
1409 3796 1528 3850 ἀπὸ
1559 3796 1886 3865 προσώπου

287 3887 545 3955 Κυρίου.
577 3885 865 3958 Εὐκαίρως
896 3886 954 3939 δὲ
980 3887 1056 3956 τῷ
1085 3886 1209 3956 ὕφει
1243 3886 1343 3951 τὴν
1382 3887 1473 3942 διὰ
1499 3889 1595 3959 τῆς
1631 3890 1888 3957 γυναικὸς

283 3980 517 4050 ἀπάτην
549 3978 853 4034 ἀπείκασεν
875 3995 889 4009 ·
921 3979 1113 4051 ἐπειδὴ
1158 3979 1253 4033 καὶ
1293 3980 1386 4034 τὸν
1420 3980 1592 4051 Ἀδὰμ
1620 3981 1886 4053 πρότερον

280 4070 369 4127 διὰ
393 4071 507 4141 τῆς
538 4071 802 4138 γυναικὸς
833 4072 862 4124 ὁ
894 4071 1058 4135 αὐτὸς
1087 4072 1527 4144 παρεκρούσατο.

355 4181 378 4216 α
414 4163 686 4233 Βενιαμὶν
710 4163 874 4227 λύκος
899 4162 1105 4237 ἅρπαξ·
1131 4165 1193 4218 τὸ
1210 4166 1449 4239 πρωῖνὸν
1473 4165 1768 4239 ξδεταιέτι,
1792 4167 1889 4222 καὶ

281 4256 364 4319 είς
395 4255 472 4309 τὸ
508 4255 755 4327 ἑσπέρας
779 4254 1037 4309 διαδώσει
1062 4258 1297 4328 τροφήν.
1328 4276 1348 4309 ›

351 4348 484 4402 Οὐκ
509 4347 693 4417 ἀγνοῶ
727 4347 847 4418 μὲν,
880 4348 964 4401 ὅτι
997 4348 1159 4403 τοῦτό
1180 4366 1325 4415 τινες
1358 4350 1440 4415 είς
1468 4350 1561 4405 τὸν
1589 4351 1889 4405 ἀπόστολον

284 4439 536 4507 Παῦλον,
563 4438 640 4502 ὡς
684 4440 785 4510 τῆς
838 4438 1014 4511 φυλῆς
1045 4441 1175 4496 ὅντα
1204 4442 1504 4514 Βενιαμὶν,
1540 4442 1884 4514 ὲξειλήφασι,

284 4535 380 4588 καὶ
432 4531 536 4587 οὐκ
562 4531 775 4600 ἀφυῶς,
807 4532 919 4586 οὐδ’
938 4533 1468 4607 ἀλλοτρίως.⁹⁸ομως
1499 4532 1655 4607 οἶμαι
1687 4535 1889 4606 μᾶλλον

1987 3368 2067 3415 tet
2090 3369 2256 3415 totam
2282 3370 2494 3430 gentem
2520 3372 2682 3429 quam
2716 3354 3041 3420 sustinebat,
3085 3355 3256 3409 donec
3279 3353 3389 3419 ille,
3421 3368 3580 3407 recu-

1987 3462 2177 3523 perato
2203 3453 2293 3507 Dei
2324 3451 2601 3521 praesidio,
2650 3449 2904 3506 inimicos
2924 3462 3055 3504 suos
3094 3447 3408 3503 ulciscatur.
3435 3446 3582 3501 Ven-
3610 3500 3619 3509 ,

1989 3557 2109 3598 tura
2136 3555 2318 3598 autem
2356 3544 2678 3612 imperativo
2712 3547 2871 3597 modo
2900 3540 3246 3611 pramuntiat.
3277 3537 3439 3604 Fiat,
3481 3539 3580 3598 ait,

1987 3636 2089 3704 ipsi
2124 3635 2242 3691 Dan
2279 3649 2488 3703 seipens
2517 3649 2539 3697 ;
2566 3634 2643 3687 uti
2680 3634 2733 3686 in
2764 3633 2856 3685 illo
2889 3631 3165 3700 propheta:
3221 3649 3235 3684 :
3279 3630 3579 3713 Defectione

1988 3727 2198 3797 deﬁciat
2249 3735 2392 3780 terra
2437 3742 2468 3778 α
2514 3724 2653 3794 facie
2707 3724 2922 3777 Domini
2973 3724 3042 3776 ’°.
3097 3722 3247 3776 llaud
3307 3723 3581 3775 immerito

1990 3829 2167 3874 autem
2197 3832 2322 3873 cum
2370 3825 2621 3886 serpente
2646 3814 2930 3870 confertur
2960 3812 3204 3867 mulieris
3237 3810 3412 3877 dolus,
3448 3825 3574 3865 cum

1989 3923 2213 3977 serpens
2237 3907 2371 3961 olim
2424 3908 2594 3962 Adam
2645 3919 2743 3974 per
2771 3902 3056 3957 mulierem
3090 3901 3390 3970 deceperit.

2284 4048 2301 4079 ἢ

2043 4165 2207 4223 Vsus.
2233 4164 2325 4224 27.
2360 4184 2378 4217 ι
2413 4162 2697 4233 Beniamin
2728 4161 2885 4231 lupus
2930 4174 3097 4229 rapax
3130 4177 3145 4213 :
3193 4171 3353 4212 mane
3383 4172 3573 4217 come-

1991 4263 2080 4316 det
2106 4261 2302 4325 adhuc,
2348 4268 2405 4313 et
2425 4257 2489 4311 ad
2510 4270 2791 4325 vesperam
2807 4251 2954 4308 dahit
2974 4265 3180 4307 escam.
3204 4268 3224 4302 ι

2060 4351 2178 4407 Νοη
2202 4352 2390 4422 ignoro
2413 4348 2630 4419 quidem
2657 4349 2774 4401 hac
2805 4359 2835 4397 a
2868 4341 3143 4398 nonnullis
3165 4342 3231 4395 ad
3261 4340 3566 4411 apostolum

1989 4444 2454 4512 Paulum,utpote
2496 4455 2560 4495 ex
2608 4438 2750 4494 tribu
2778 4433 3065 4507 Beniamin
3111 4440 3312 4498 ortum,
3354 4433 3571 4497 referri,

1992 4553 2094 4611 nec
2130 4539 2332 4605 inepte,
2368 4549 2470 4589 nec
2492 4535 2749 4607 gratuito.
2774 4531 3032 4586 Attamen
3057 4536 3187 4598 puto
3210 4528 3412 4582 rectius
3435 4525 3575 4581 banc

281 4624 629 4696 οἰκειότερον
675 4623 775 4694 τήν
819 4624 1127 4697 πρόρρησιν
1154 4628 1234 4691 είς
1264 4629 1449 4683 πᾶσαν
1494 4629 1695 4683 τείνειν
1727 4629 1881 4700 κοινῇ

1995 4629 2329 4701 prophetiam
2363 4626 2431 4682 de
2453 4636 2563 4683 tota
2590 4631 2749 4695 geute
2779 4624 3143 4677 communiter
3165 4615 3571 4688 intelligi.Audi

281 4720 385 4791 τὴν
441 4717 638 4789 φυλήν.
672 4718 753 4789 Τῇ
803 4717 914 4790 γὰρ
947 4720 1089 4792 φυλῇ
1119 4720 1297 4796 ταύτῃ
1326 4722 1570 4776 τοιοῦτόν
1600 4739 1657 4775 τι
1693 4721 1885 4789 γέγονε

286 4810 440 4883 μετά
479 4811 547 4865 τὸ
587 4811 687 4883 τὴν
716 4811 822 4882 γῆν
868 4812 971 4883 τῆς
1010 4812 1344 4884 ἐπαγγελίας
1373 4815 1557 4869 λαϐεῖν
1590 4815 1682 4868 τὸν
1715 4812 1845 4866 λαόν
1866 4828 1880 4844 '

281 4902 381 4970 Εἰς
427 4903 787 4976 Σοδομιτικήν
814 4899 971 4970 οὗτος
1003 4908 1032 4960 ὁ
1063 4907 1325 4977 Βενιαμὶν
1376 4906 1534 4978 ὕϐριν
1572 4904 1882 4973 ἐξώκειλεν.

285 4994 461 5049 Ὥστε
489 4995 719 5051 Λευΐτου
741 4996 876 5049 ποτὲ
901 5014 1047 5063 τινος
1066 4998 1184 5069 ἅμα
1205 5002 1277 5071 τῇ.
1298 4998 1473 5053 αὐτοῦ
1499 4998 1722 5068 γυναικὶ
1743 4997 1886 5053 κατά

284 5091 389 5161 τήν
422 5089 660 5160 πάροδον
692 5091 771 5153 είς
800 5091 990 5146 Γαῦαά
1017 5092 1121 5163 τὴν
1146 5092 1305 5147 πόλιν
1331 5091 1497 5147 αὑτοῦ
1537 5091 1883 5148 καταλύσαν-

287 5198 406 5248 τος,
440 5180 739 5249 ὑπεδέξατο
777 5183 944 5237 αὑτὸν
974 5183 1095 5237 οὐδὲ
1121 5178 1203 5248 εἷς
1237 5184 1296 5252 ἐξ
1321 5184 1526 5240 αὐτῶν.
1563 5184 1885 5256 Πρεσϐύτου

288 5272 346 5328 δέ
377 5290 528 5339 τινος
556 5276 622 5329 ἐκ
647 5276 749 5345 τῆς
782 5275 1028 5348 Ἐφραῒμ
1058 5275 1234 5347 φυλῆς
1255 5276 1653 5349 παροικοῦντος
1674 5278 1879 5343 αὐτοῖς,

291 5365 351 5419 ὲν
378 5367 447 5437 τῇ
477 5365 713 5438 πλατείᾳ
744 5368 1131 5440 περιτυχόντας
1162 5368 1333 5439 αὐτῷ,
1366 5368 1462 5422 καὶ
1508 5367 1694 5422 οἴκαδε
1721 5367 1882 5425 αὑτὸν

291 5457 373 5522 εἰς
397 5458 594 5514 ἑαυτὸν
626 5460 1117 5533 είσκαλεσαμένου,
1148 5461 1507 5533 περιστάντες
1541 5462 1592 5515 οἱ
1623 5461 1753 5532 περὶ
1786 5461 1884 5514 Bs-

293 5549 481 5619 uaplv
508 5549 572 5602 τὺ
608 5550 904 5622 δωμάτιον,
938 5554 1078 5625 πρὸς
1108 5554 1229 5625 βίαν
1255 5554 1483 5628 ἐζήτουν
1511 5555 1650 5626 πρὸς
1685 5572 1883 5627 παροι-

370 5705 412 5761 ἓθ
446 5704 687 5773 Snplmn.
717 5725 755 5769 ι,
783 5706 837 5761 2.

1987 4724 2132 4779 enim
2152 4721 2282 4791 quid
2305 4720 2407 4791 ipsi
2426 4719 2706 4783 acciderit,
2733 4725 2995 4788 occupata
3018 4716 3127 4785 iam
3156 4731 3183 4775 a
3201 4712 3398 4784 populo
3428 4720 3570 4766 terra

1987 4813 2382 4886 promissionis.
2414 4810 2675 4881 Delapsus
2705 4816 2789 4865 est
2821 4809 2911 4867 hic
2927 4808 3211 4877 Beniamin
3232 4807 3285 4861 in
3312 4804 3564 4860 Sodomi-

1989 4919 2167 4961 tarum
2199 4903 2669 4961 inlutmanitatem.
2704 4900 2800 4955 Vir
2825 4901 2969 4957 enim
2999 4898 3187 4957 Levita
3215 4905 3272 4952 et
3292 4910 3430 4954 uxor
3450 4894 3569 4964 eius

1985 5000 2090 5055 iter
2123 4997 2385 5055 facientes
2413 4996 2747 5051 advenerant
2784 4995 2836 5048 in
2870 4992 3057 5059 urbem
3084 4990 3293 5056 Gahaa,
3321 4996 3376 5042 et
3410 5000 3570 5041 nemo

1985 5101 2103 5148 erat
2133 5090 2223 5161 qui
2255 5103 2352 5145 eos
2378 5086 2613 5157 hospitio
2643 5084 2874 5139 foveret.
2904 5082 3047 5141 Ecce
3084 5091 3262 5135 autem
3294 5078 3378 5132 vir
3398 5091 3587 5132 senex

1986 5186 2050 5239 de
2080 5183 2217 5237 tribu
2245 5179 2505 5250 Ephraim
2532 5177 2621 5246 qui
2644 5175 2712 5239 in
2745 5173 2931 5229 Gabaa
2958 5172 3249 5238 incolebat,
3292 5169 3423 5225 vidit
3444 5182 3566 5222 eum

1986 5277 2040 5335 iu
2067 5275 2243 5346 platea
2294 5280 2636 5336 ntanentem,
2674 5275 2723 5322 et
2755 5265 3072 5321 introduxit
3097 5279 3221 5321 eum
3267 5262 3322 5317 in
3346 5261 3564 5316 domum

1985 5384 2138 5427 suam
2176 5384 2193 5435 ;
2227 5374 2285 5420 at
2309 5364 2401 5419 lilii
2435 5361 2713 5433 Beniamin
2749 5360 2970 5415 domum
2995 5358 3423 5420 circumeuntes,
3466 5350 3567 5409 lto—

1988 5462 2188 5516 mincrn
2228 5458 2295 5510 ad
2344 5455 2453 5512 vim
2517 5466 2571 5508 et
2617 5450 2982 5527 petulantiam
3045 5447 3398 5518 repetierant.
3450 5440 3551 5498 llic

1991 5567 2114 5610 cum
2162 5549 2379 5605 tandem
2411 5543 2736 5603 necessitate
2764 5556 3061 5615 oppressus
3081 5540 3159 5595 cis
3196 5550 3418 5595 uxorem
3444 5534 3567 5591 loco
