4064 6416
453 331 597 398 1663

1547 329 1927 393 GENNADII
1966 325 2477 390 PATRIARCHE
2515 325 2627 387 ΕΡ.

3593 315 3730 380 N765

447 452 530 505 sui
583 449 916 514 tradidisset,
973 454 1193 515 accepta
1247 444 1322 498 illi
1358 444 1411 498 in
1456 443 1770 497 muliercula
1832 453 2038 498 tantum

2148 442 2265 495 νίαν
2295 442 2390 494 τὸν
2417 440 2728 510 ἄνθρωπον.
2753 433 2860 490 Τοῦ
2883 435 2940 490 δὲ
2964 431 3108 488 κατὰ
3136 429 3335 499 πολλὴν
3361 428 3607 500 ἀνάγκην
3629 434 3731 501 τὴν

449 540 762 602 illttserunt,
787 555 960 607 eaque
989 546 1202 591 tantum
1238 545 1367 590 sunt
1393 535 1569 599 abusi,
1597 544 1656 588 ttt
1690 537 1772 591 vel
1807 547 1934 590 ante
1956 539 2039 592 di-

447 630 685 683 luculum
739 629 1010 682 deﬁceret.
1039 627 1291 695 Suscepit
1337 626 1502 692 igitur
1531 641 1690 681 mane
1739 627 2040 681 demortuae

377 756 383 763 -
453 721 695 774 mulieris
725 735 948 788 corpus,
991 718 1230 787 illudque
1267 716 1319 769 in
1352 717 1570 768 domum
1626 731 1778 770 suam
1826 716 2042 770 reduxit

451 813 660 875 Levita,
697 826 758 866 ac
781 811 901 864 dein
924 813 1162 880 partitus
1192 819 1277 864 est
1309 825 1428 863 eam
1467 813 1517 862 in
1562 809 1845 862 duodecim
1872 823 2044 862 mem-

451 913 568 965 nra,
602 913 658 957 et
691 903 874 958 missis
902 903 1009 956 illis
1040 903 1104 955 ad
1133 916 1324 957 omnes
1369 903 1564 963 tribus.
1597 901 1816 955 cunctis
1857 901 1930 954 ita
1962 900 2043 954 fa-

452 997 609 1049 cinus
636 995 916 1050 revelavit.
948 996 1062 1063 Qua
1087 995 1153 1049 de
1183 1011 1346 1050 causa
1372 995 1572 1050 bellum
1598 994 1740 1047 inter
1759 991 2041 1060 Beniamin

453 1097 506 1139 et
539 1087 778 1156 reliquos
808 1097 1024 1140 ortum.
1083 1086 1263 1140 Prima
1313 1088 1526 1155 quidem
1571 1095 1625 1139 et
1658 1087 1893 1139 secunda
1928 1084 2046 1139 acie

454 1179 707 1246 superior
737 1179 947 1232 exstitit
977 1179 1284 1248 Beniamin,
1337 1188 1392 1232 et
1437 1178 1758 1236 occiderunt
1810 1178 2047 1246 quadra-

455 1271 607 1336 ginta
641 1268 805 1322 millia
840 1269 1081 1322 virorum
1110 1284 1173 1321 ex
1214 1267 1401 1322 Israel.
1431 1270 1497 1322 At
1529 1277 1806 1337 postremo
1837 1268 2040 1332 victus,

460 1370 668 1412 tantam
713 1359 924 1414 cladem
983 1361 1212 1428 accepit,
1286 1372 1344 1415 ttt
1399 1375 1569 1430 prope
1619 1369 1764 1413 totus
1814 1360 2043 1427 periret.

461 1449 822 1521 Snperstitum
847 1463 1023 1506 autem
1056 1453 1301 1521 plerique
1329 1466 1523 1506 uxores
1552 1450 1652 1504 sibi
1704 1449 1770 1503 de
1801 1451 2046 1503 finitimis

2142 534 2389 603 γαμετὴν
2437 533 2622 594 αὐτοῖς
2663 529 2780 584 ἀνθ’
2805 525 3001 581 ἑαυτοῦ
3055 522 3386 596 προϊεμένου
3413 561 3428 586 ,
3476 521 3735 586 λαϐόντες

2143 627 2343 678 ἐκεῖνοι
2391 622 2454 675 τδ
2488 622 2737 691 γύναιον,
2773 619 2853 682 είς
2878 616 3138 671 τοσοῦτον
3174 611 3542 685 ἐμπαίξαντες
3584 614 3737 684 αὐτῷ

2143 717 2584 788 παρεχρήσαντο,
2618 711 2807 782 ὼςμὴ
2840 709 3142 781 δυνηθῆναι
3189 703 3340 778 αὐτῷ
3371 706 3507 778 μηδὲ
3537 709 3736 777 μέχρις

2143 811 2320 880 αὐγῆς
2373 803 3062 878 ὲξαρκέσαι.Ἀνελόμενος
3113 797 3208 855 οὖν
3251 803 3280 854 ὁ
3334 801 3570 869 Λευΐτης
3605 799 3736 868 μεθ’

2144 903 2356 972 ἡμέραν
2400 901 2594 968 νεκρὸν
2643 895 2738 951 τοῦ
2789 894 3018 965 γυναίου
3051 893 3114 946 τὸ
3145 892 3308 963 σῶμα
3331 933 3347 957 ,
3377 892 3471 944 καὶ
3499 891 3739 962 κομίσας

2145 995 2225 1056 είς
2253 993 2344 1046 τὸν
2370 989 2518 1045 οἷκον
2549 990 2643 1044 τὸν
2671 987 2889 1051 ἑαυτοῦ,
2916 986 3117 1058 διαιρεῖ
3152 985 3254 1055 μὲν
3275 985 3356 1048 είς
3375 983 3586 1038 δώδεκα
3613 983 3738 1055 μοί-

2148 1103 2248 1157 ρας
2276 1085 2430 1149 αὐτὸ,
2463 1085 2592 1155 μίαν
2615 1083 2673 1136 δὲ
2701 1081 2846 1136 κατὰ
2878 1080 3051 1151 φυλὴν
3083 1077 3323 1149 ἑκάστην
3343 1076 3740 1147 διαπεμψάμε-

2146 1195 2234 1241 νος
2258 1217 2272 1239 ,
2306 1175 2450 1229 οὕτω
2487 1177 2620 1228 πᾶσι
2647 1174 2709 1227 τὸ
2737 1172 3008 1244 τολμηθὲν
3036 1170 3405 1242 ἐφανέρωσεν.
3425 1168 3548 1221 Ἐπὶ
3581 1167 3744 1220 τοῦτο

2147 1271 2285 1340 πρὸς
2306 1270 2398 1323 τὸν
2427 1269 2692 1339 Βενιαμὶν
2721 1269 2835 1328 τοῖς
2864 1265 3075 1328 λοιποῖς
3107 1264 3317 1333 γίνεται
3344 1261 3599 1332 πόλεμος.
3630 1262 3744 1314 Καὶ

2149 1361 2422 1433 προτέραν
2453 1361 2556 1431 μὲν
2586 1359 2682 1414 καὶ
2723 1359 2984 1429 δευτέραν
3015 1359 3043 1411 ὁ
3071 1355 3332 1425 Βενιαμὶν
3375 1355 3558 1428 μάχην
3587 1357 3740 1425 νικᾷ.

2149 1457 2246 1508 καὶ
2276 1454 2518 1524 χιλιάδας
2551 1455 2632 1517 είς
2658 1451 3084 1522 τεσσαράκοντα
3111 1448 3206 1503 τοῦ
3244 1447 3459 1520 Ἰσραὴλ
3490 1447 3742 1517 διαφθεί-

461 1553 776 1609 rapnernnt,
810 1543 1067 1613 quoniam
1105 1543 1387 1611 juraverat
1421 1543 1653 1610 populus
1685 1542 1953 1595 neminem
1991 1554 2041 1594 se

2154 1563 2254 1618 ρει.
2291 1546 2596 1617 Συμπεσὼν
2635 1545 2692 1598 δὲ
2726 1546 2827 1616 τὴν
2863 1546 3121 1615 ὑστέραν,
3149 1543 3379 1613 ἡττᾶται
3402 1541 3591 1604 δεινῶς
3614 1556 3630 1569 ο
3665 1542 3746 1605 ὡς

459 1649 582 1688 cum
649 1636 728 1689 eis
784 1635 1017 1689 libenter
1071 1636 1422 1689 matrimonio
1501 1639 1919 1706 conjuncturum
1961 1634 2041 1688 “.

2153 1639 2354 1710 μικροῦ
2399 1640 2497 1708 μὲν
2543 1639 2639 1691 καὶ
2689 1636 3037 1691 κινδυνεῦσαι
3087 1633 3369 1697 παντελῶς
3411 1633 3510 1704 τὴν
3564 1633 3742 1705 φυλὴν

457 1726 592 1790 Quae
619 1729 801 1780 omnia
836 1728 938 1782 hoc
967 1743 1124 1781 versu
1144 1728 1536 1796 pr.edicnntur,
1563 1738 1614 1781 et
1652 1743 1827 1782 camus
1856 1726 2041 1794 Benja-

2152 1733 2499 1802 ὲκτριϐἦναι,
2539 1730 2645 1785 τῶν
2678 1717 3142 1801 περιλειφθέντων
3169 1728 3225 1781 δέ
3249 1743 3313 1796 γε
3335 1728 3462 1791 τοὺς
3489 1728 3746 1790 πλείονας

460 1817 571 1870 tnin
603 1815 772 1882 furor,
799 1826 854 1871 et
885 1819 1080 1887 duplex
1114 1820 1337 1873 victoria
1378 1819 1522 1889 (nam
1555 1821 1812 1883 comedet,
1851 1820 1950 1880 ait,
1993 1828 2041 1873 el

2154 1796 2588 1893 ἁρπασαμένους
2623 1796 2837 1886 ἑαυτοῖς
2889 1796 2954 1876 ὲκ
2995 1821 3107 1874 τῶν
3162 1819 3442 1890 συγγενῶν
3470 1819 3744 1885 νεάνιδας,

459 1907 676 1973 quidem
711 1908 814 1971 bis,
843 1910 919 1964 uti
951 1910 1124 1963 innuit
1157 1911 1334 1963 addita
1373 1926 1502 1964 voce
1534 1912 1732 1976 adhuc)
1753 1953 1770 1978 ,
1845 1923 1898 1968 et
1928 1913 2041 1982 ipse

2154 1917 2234 1977 είς
2262 1917 2529 1984 γυναῖκας
2559 1914 2767 1978 λαϐεῖν,
2804 1914 2893 1968 διὰ
2924 1913 2983 1966 τὸ
3015 1913 3472 1984 προομωμοκέναι
3504 1911 3595 1965 τὸν
3617 1912 3748 1964 λαὸν

462 1997 678 2052 tandem
710 2001 924 2054 caeteris
976 2015 1098 2055 esca
1128 1999 1336 2056 lactus.
1361 2000 1597 2056 Possunt
1668 2004 1830 2057 etiam
1887 2005 2041 2059 aliter

2153 2007 2379 2070 ἑκόντας
2409 2005 2591 2060 αὐτῶν
2625 2003 3180 2078 ὲπιγαμὸρεύσασθαι
3211 2001 3627 2075 μηδενί.Ταῦτα
3649 1997 3747 2056 οὗν

461 2087 577 2140 haec
607 2087 674 2140 de
705 2087 981 2157 Benjamin
1015 2090 1260 2159 intelligi,
1285 2094 1428 2161 quod
1456 2093 1542 2146 hic
1579 2094 1769 2147 eadem
1806 2109 1870 2149 ac
1893 2092 2033 2150 Juda

2152 2097 2374 2151 ἃπασαν
2395 2098 2454 2149 ὲν
2481 2095 2694 2156 τούτοις
2721 2094 2888 2149 αὑτοῦ
2909 2094 3217 2166 προμηνύει
3238 2094 3339 2165 τὴν
3363 2092 3744 2164 περιπέτειαν,

461 2175 570 2229 fata
598 2178 914 2247 contigerit.
964 2178 1120 2234 Unde
1153 2181 1335 2234 hostes
1356 2197 1515 2251 quam
1561 2181 1858 2249 satpissime
1889 2185 2041 2249 vicit,

2148 2185 2232 2239 ὅτι
2275 2185 2342 2238 τὰ
2377 2185 2474 2254 μὲν
2510 2184 2702 2254 πρῶτα
2743 2185 2837 2237 καὶ
2890 2182 3196 2252 ἀλογίστως
3237 2183 3265 2235 ὁ
3289 2180 3548 2249 Βενιαμὶν
3587 2178 3747 2251 ἐξορ-

458 2269 532 2320 ita
559 2277 620 2321 ut
661 2268 744 2322 vel
801 2285 866 2323 ex
912 2269 1099 2339 spoliis
1155 2272 1489 2337 ditesceret;
1547 2280 1601 2326 at
1647 2283 1768 2342 post
1820 2274 2037 2343 longum

2156 2276 2353 2346 μήσας,
2381 2275 2480 2344 οὐχ
2529 2273 2680 2338 ἅπαξ
2718 2273 2902 2344 μόνον,
2927 2272 3063 2326 ἀλλὰ
3096 2271 3191 2324 καὶ
3237 2271 3320 2335 δὶς
3371 2268 3745 2336 ὲπιτεύξεται.

433 2351 691 2429 ἰειηριις,
729 2364 796 2414 ad
826 2376 1079 2417 occasum
1119 2361 1358 2418 Judaicaa
1397 2362 1648 2431 l‘urtttnm,
1689 2365 1758 2419 ab
1789 2365 2038 2421 hostibus

2153 2365 2411 2434 Θηράσει
2443 2369 2571 2436 γὰρ,
2600 2366 2733 2436 φησί
2757 2381 2770 2394 ·
2797 2365 2891 2419 καὶ
2920 2363 3036 2430 τοῦ,
3068 2363 3177 2427 ἔτι,
3205 2361 3554 2434 ἡπροσθήκη
3584 2360 3750 2415 τοῦτο

457 2451 674 2505 demum
705 2453 880 2507 victus
905 2463 1010 2508 est.

2151 2458 2598 2528 παρασημαίνει’
2651 2457 2961 2511 τελευταῖον
2995 2457 3053 2510 δὲ
3085 2457 3188 2528 ἤδη
3223 2455 3397 2527 τροφὴ
3452 2455 3750 2525 γενήσεται

457 2543 620 2596 πάλιν
668 2543 880 2616 ἑτέροις
932 2547 1114 2611 αὐτός.
1165 2547 1403 2602 Δύναται
1455 2549 1641 2619 μέντοι
1690 2553 1785 2603 καὶ
1835 2549 2041 2620 ἑτέρως
2078 2551 2220 2603 αὐτὰ
2251 2549 2426 2604 ταῦτα
2491 2567 2609 2614 πως
2642 2549 2735 2603 τοῦ
2764 2549 3023 2620 Βενιαμὶν
3085 2548 3449 2620 ὲκληφθῆναι,
3476 2547 3646 2600 διὰτὸ
3673 2549 3746 2618 τῇ

455 2634 552 2688 τοῦ
594 2637 765 2691 Ἰούδα
814 2640 1299 2712 συγκεκληρῶσθαι
1338 2642 1432 2695 καὶ
1466 2643 1568 2714 τὴν
1601 2641 1792 2696 τούτου
1823 2643 1995 2711 φυλήν
2018 2658 2032 2673 ·
2066 2644 2159 2696 καὶ
2191 2644 2349 2714 νικᾷν
2387 2643 2485 2714 μὲν
2518 2643 2595 2707 ὡς
2628 2643 2721 2696 ἐπὶ
2761 2643 2822 2696 τὸ
2851 2642 3103 2694 πλεῖστον
3129 2641 3254 2705 τοὺς
3297 2641 3621 2713 πολεμίους,
3666 2640 3748 2703 ὡς

459 2733 555 2787 καὶ
584 2734 722 2787 κατὰ
748 2737 1068 2804 περιουσίαν
1096 2737 1346 2792 πλουτεῖν
1393 2739 1501 2792 άπὸ
1545 2739 1653 2793 τῶν
1699 2739 1912 2793 σκύλων
1942 2738 2158 2793 αὐτῶνθ
2190 2739 2288 2809 ὀψὲ
2351 2739 2408 2792 δέ
2437 2756 2567 2796 ποτε
2629 2739 2724 2793 τοῦ
2752 2739 2981 2811 καιροῦ,
3049 2739 3143 2793 καὶ
3206 2737 3344 2808 πρὸς
3375 2737 3614 2806 ἑσπέραν
3641 2737 3745 2792 αὐ-

458 2833 554 2901 τὴν
586 2827 696 2881 τῶν
729 2827 1035 2882 Ἰουδαϊκῶν
1068 2830 1171 2900 ἤδη
1209 2831 1586 2902 πραγμάτων,
1617 2832 1721 2885 ὑπὸ
1753 2834 2048 2904 πολεμίους
2087 2833 2366 2902 γενέσθαι.

1485 3197 2022 3286 EJUSDEM
2097 3181 2698 3287 GENNADII'

999 3437 2118 3568 FBAGMENTUM
2198 3440 2358 3564 IN
2453 3441 3168 3585 EXODUM.

1461 3671 1559 3735 (Ex
1585 3675 1753 3724 catena
1775 3668 2044 3736 Nicephori
2067 3671 2312 3734 monachi,
2338 3671 2536 3736 Lipsiae,
2564 3673 2726 3736 1772.)

1067 3970 1220 4027 CAP.
1255 3970 1445 4029 XXVI.

2716 3973 2966 4026 ΚΕΦΑΛ.
3015 3974 3157 4041 κεῖν.

538 4086 698 4143 Vsus.
733 4087 827 4145 55.
873 4105 894 4142 t
948 4087 1304 4160 Mensamqtte
1353 4099 1506 4145 extra
1555 4091 1735 4146 velum
1771 4100 1825 4145 et
1854 4100 2041 4145 contra

2229 4104 2249 4137 ε
2289 4085 2400 4140 Καὶ
2436 4084 2629 4155 θήσεις
2656 4082 2758 4152 τὴν
2786 4084 3072 4155 τράπεζαν
3103 4084 3308 4150 ἔξωθεν
3356 4085 3450 4140 τοῦ
3490 4104 3743 4142 καταπε-

465 4196 704 4236 mensam
759 4182 1141 4237 candelabrum
1181 4182 1231 4236 itt
1280 4183 1450 4237 latere
1496 4183 1830 4238 tabernaculi
1878 4182 2044 4236 meri-

464 4273 645 4326 diano.
683 4273 864 4328 MenSa
896 4276 1038 4329 enim
1075 4277 1238 4330 stabit
1273 4276 1326 4330 in
1355 4285 1506 4344 parte
1537 4274 1828 4345 aquilonis.
1873 4293 1890 4325 ι

534 4540 868 4597 Candelabro
899 4545 1158 4599 existimo
1208 4543 1390 4597 lumen
1445 4539 1786 4596 sensibilium
1820 4541 2044 4597 istarum

462 4633 739 4688 Stellarum
795 4635 1104 4705 designari;
1151 4645 1204 4690 et
1251 4646 1435 4688 mensa
1475 4640 1713 4698 terram,
1748 4642 1805 4687 et
1848 4650 2042 4704 panum

463 4725 831 4793 prOpositione
855 4728 1066 4794 capiam
1099 4741 1283 4780 rerum
1329 4723 1486 4779 nobis
1519 4737 1549 4779 e
1583 4737 1727 4779 terra
1774 4727 2043 4782 deducen-

462 4816 606 4868 dam.
635 4814 795 4870 Prior
822 4816 909 4870 illa
960 4817 1292 4870 constructio
1321 4817 1518 4871 dicitttr
1546 4827 1735 4873 sancta
1763 4837 1777 4872 :
1805 4817 1932 4873 Post
1956 4837 2044 4875 ve-

462 4905 748 4960 lamentum
810 4917 984 4960 autem
1035 4910 1320 4961 secundum
1352 4911 1748 4968 tabernaculum
1779 4914 1920 4982 quod
1953 4915 2037 4967 di-

461 4997 602 5049 rt'tur
617 4995 815 5052 Sancta
831 5007 1131 5052 sanctorum
1154 5013 1173 5053 :
1191 5017 1408 5056 aureum
1428 5004 1620 5060 habens
1639 5007 2036 5072 tltttrt'bulum",

464 5093 520 5138 et
547 5095 764 5140 cartera.
806 5085 1000 5155 Figura
1025 5087 1138 5141 inec
1162 5085 1352 5144 futurae
1379 5093 1820 5160 constitutionis;
1847 5099 1923 5150 uti
1950 5095 2036 5149 illa

465 5177 748 5244 praesentis
786 5175 931 5229 vitae.
979 5178 1216 5233 Aureum
1260 5182 1423 5253 igitur
1455 5185 1784 5240 tltttribttlum
1826 5189 2040 5243 videtur

464 5267 594 5321 mihi
627 5268 864 5322 indicare
894 5268 1038 5324 illam
1083 5284 1359 5343 acceptam
1393 5291 1516 5333 esse
1543 5277 1690 5344 Deo;
1721 5297 1916 5335 manna
1940 5297 2036 5335 an-

2151 4177 2454 4247 τάσματος,
2492 4175 2587 4228 καὶ
2627 4175 2726 4245 τὴν
2757 4175 2983 4245 λυχνίαν
3014 4176 3278 4231 ἀπέναντι
3311 4177 3410 4247 τῆς
3450 4177 3743 4249 τραπέζης

2150 4269 2244 4320 ἐπὶ
2279 4268 2481 4338 μέρους
2508 4266 2608 4337 τῆς
2638 4266 2850 4336 σκηνῆς
2873 4267 2934 4319 τὸ
2962 4267 3100 4338 πρὸς
3132 4268 3286 4322 νότον
3312 4287 3326 4300 ο
3362 4270 3456 4322 καὶ
3485 4271 3586 4341 τὴν
3610 4273 3743 4341 τρά·

2151 4358 2324 4422 πεξαν
2379 4356 2571 4436 θήρεις
2626 4355 2720 4408 ἐπὶ
2777 4357 2982 4426 μέρους
3041 4358 3146 4428 τῆς
3207 4360 3415 4428 σκηνῆς
3476 4359 3537 4412 τὸ
3596 4361 3743 4429 πρὸς

2151 4447 2374 4521 βορρᾶν.
2417 4467 2435 4500 ι

2217 4544 2329 4614 Τὴν
2371 4543 2472 4612 μὲν
2501 4541 2727 4613 λυχνίαν
2762 4535 2916 4612 οἶμαι
2947 4539 3013 4594 τὸ
3057 4541 3122 4593 ὲκ
3159 4541 3276 4594 τῶν
3306 4539 3586 4611 αἰσθητῶν
3619 4543 3743 4596 τού-

2144 4651 2257 4687 των
2291 4634 2510 4702 ἄστρων
2541 4633 2882 4686 αίνίττεσθαι
2910 4632 3047 4701 φῶς·
3081 4633 3179 4702 τὴν
3201 4631 3483 4702 τράπεζαν
3522 4633 3600 4697 δὲ,
3632 4635 3742 4706 τὴν
3826 4658 3838 4662 -

2144 4727 2282 4797 γῆν·
2317 4727 2414 4797 τὴν
2442 4727 2500 4780 δὲ
2535 4726 2800 4797 πρόθεσιν
2849 4727 2961 4780 τῶν
3011 4727 3217 4798 ἄρτων,
3251 4728 3355 4798 τὴν
3404 4729 3469 4781 ὲκ
3501 4729 3603 4798 τῆς
3631 4729 3743 4798 γῆς

2143 4819 2252 4872 τῶν
2298 4819 2435 4889 ἡμῖν
2479 4817 2811 4889 ἐπιτηδείων
2858 4819 3136 4873 ἀνάδοσιν.
3191 4819 3346 4888 Αὕτη
3379 4819 3436 4873 δὲ
3469 4821 3501 4890 ή
3535 4819 3735 4891 πρώτη

2143 4910 2317 4979 σκηνὴ
2366 4910 2756 4981 ἐπωνομάζετο
2801 4911 2954 4978 ἆγια.
3006 4909 3170 4964 Μετὰ
3207 4910 3275 4962 δὲ
3320 4909 3388 4964 τὸ
3433 4909 3726 4978 δεύτερον

2141 5001 2570 5071 καταπέτασμα
2615 5001 2819 5069 σκηνὴ
2865 5001 2903 5068 ἢ
2955 5001 3251 5070 λεγομένη
3295 5001 3462 5070 Ἅγια
3499 5001 3690 5069 ἁγίων
3718 5016 3735 5031 ·

2140 5093 2416 5164 χρυσοῦν
2447 5092 2678 5162 ἔχουσα
2707 5092 3116 5163 θυμιατήριον,
3155 5095 3255 5146 καὶ
3293 5092 3361 5146 τὰ
3397 5091 3545 5162 ἑξῆς.
3578 5093 3735 5163 Σύμ-

2140 5186 2296 5239 ϐολον
2332 5185 2506 5240 ταῦτα
2549 5187 2648 5256 τῆς
2699 5185 3002 5256 μελλούσης
3047 5185 3443 5249 καταστάσεως
3470 5201 3482 5213 ·
3535 5184 3738 5254 ὥσπερ

2139 5277 2231 5332 οὖν
2259 5279 2326 5332 τὰ
2355 5278 2571 5350 πρῶτα,
2597 5277 2700 5347 τῆς
2735 5277 3024 5350 παρούσης
3067 5277 3232 5348 ζωῆς.
3268 5277 3343 5330 Τὸ
3377 5278 3474 5348 μὲν
3508 5273 3606 5330 οὖν
3637 5281 3740 5332 θυ-

463 5366 572 5411 tem
601 5357 868 5427 signilicat
899 5364 1175 5420 ctelestem
1200 5378 1253 5421 et
1274 5369 1607 5437 spiritualem
1634 5371 1931 5428 Salvatoris
1954 5373 2033 5427 ci-

2148 5370 2454 5440 μιατήριον
2501 5371 2793 5442 σημαίνειν
2849 5388 2937 5440 μοι
3000 5371 3152 5424 δοκεῖ
3203 5369 3264 5423 τὸ
3314 5369 3742 5440 κεχαρισμένην

463 5449 612 5517 bum;
641 5447 801 5521 Virga
817 5451 1014 5525 Aaron,
1037 5474 1154 5528 qua:
1172 5458 1499 5528 fronduerat,
1526 5465 1832 5519 sacerdotio
1849 5466 2026 5521 Aaron

2148 5465 2310 5534 αὐτὴν
2348 5461 2488 5518 εἴναι
2535 5465 2685 5535 Θεῷ’
2733 5464 2802 5519 τὸ
2829 5463 2885 5517 δὲ
2913 5463 3150 5534 μάννα,
3188 5464 3290 5534 τὴν
3344 5464 3601 5533 οὐράνιον
3634 5465 3741 5518 καὶ

462 5549 718 5596 attentum
753 5555 802 5600 et
835 5547 1129 5617 perfectum
1170 5549 1370 5606 Cltristi
1423 5554 1782 5609 sacerdotium
1815 5567 2030 5612 succes-

2148 5557 2517 5628 πνευματικὴν
2550 5559 2642 5611 τοῦ
2684 5557 2938 5629 Σωτῆρος
2970 5558 3181 5630 τροφήν
3210 5573 3236 5616 '.
3261 5553 3379 5624 τὴν
3406 5554 3474 5609 δὲ
3496 5553 3740 5623 ῥάϐδον

537 5719 574 5750 ’¹
605 5721 780 5781 Jlldit'.
819 5747 922 5790 νιν,
967 5745 1077 5783 xxI.
1160 5730 1201 5802 "_
1237 5728 1398 5783 llultr.
1433 5745 1504 5792 ιι,
1535 5731 1586 5784 5.
