4064 6422
276 327 419 394 1665

1363 319 1378 337 ⁸
1429 328 1511 390 ΙΝ
1549 329 1888 388 PSALMOS
1930 331 2396 392 FRAGMENTA

3413 327 3550 396 1666

284 439 518 510 Ἀαρὼν
540 439 656 509 τὴν
680 439 1158 508 βλαστήσασαν,
1191 434 1253 493 τὸ
1269 438 1368 515 τὴν
1401 439 1705 512 ἱερωσύνην
1724 441 1860 511 πρὸς

1969 458 2189 510 surum;
2226 443 2418 496 tabula:
2456 443 2776 508 testamenti,
2821 441 3032 499 tabulas
3063 444 3186 498 novi
3216 445 3548 513 testamenti,

270 533 333 590 τὸ
362 533 618 596 ἀειθαλὲς
647 535 706 586 ὲν
736 532 958 604 Χριστῷ
991 531 1365 603 προϐήσεσθαι
1398 532 1496 586 καὶ
1522 532 1584 584 τὸ
1610 531 1816 586 τέλειον
1837 554 1852 569 ο

267 605 383 691 τὰς
419 624 487 678 δὲ
510 627 748 691 πλάκας
772 623 886 694 τῆς
925 623 1239 692 διαθήκης,
1266 623 1367 686 τὰς
1393 623 1494 692 τῆς
1523 623 1719 692 καινῆς
1747 622 1860 675 δια-

268 716 452 786 θήκης
506 717 774 786 σαρκίνας
824 716 1041 779 πλάκας
1088 715 1200 768 τῶν
1243 715 1524 788 καρδιῶνο
1565 715 1658 768 τὸν
1712 715 1769 768 δὲ
1801 717 1859 769 ὲν

268 808 450 860 ἆπασι
501 806 727 876 χρυσὸν,
759 807 823 860 τὸ
869 805 1174 878 τιμιώτερα
1218 805 1328 861 τῶν
1375 806 1664 877 παρόντων
1717 801 1857 859 εἶναι

264 898 335 950 τά
367 897 655 967 μέλλοντα.
701 899 1009 965 ’Υπεράνω
1047 898 1116 952 δὲ
1141 896 1248 965 τῆς
1280 897 1531 952 κιϐωτοῦ
1565 898 1860 967 Χερουϐὶμ

262 986 483 1056 δόξης,
517 988 998 1049 κατασκιάζοντα
1029 989 1094 1042 τὸ
1126 984 1616 1056 ίλαστήριον.⁷Ην
1643 1007 1697 1042 τι
1724 1005 1860 1059 χρυ-

264 1076 401 1130 σοῦν
436 1078 673 1132 πέταλον
716 1080 1000 1140 Ἰουδαίοις
1029 1077 1402 1150 πεποιημένον
1437 1078 1533 1133 ἐπὶ
1556 1080 1654 1149 τῆς
1685 1081 1854 1132 κιϐω-

1966 535 2128 589 corda
2157 534 2367 589 scilicet
2401 533 2715 599 hominum;
2749 549 2938 587 aurum
2971 550 3036 589 ex
3064 536 3211 589 omni
3237 546 3391 604 parte
3418 551 3551 590 ven-

1967 635 2086 680 tura
2141 624 2495 690 praesentibus
2525 625 2899 694 praestantiora
2941 641 3126 680 esse...
3163 625 3431 698 Superque
3457 644 3550 682 aro

1970 732 2085 769 cam
2131 726 2280 768 erant
2315 715 2595 769 Circi-ubiut
2623 715 2808 785 gloria:
2837 716 3207 771 obumbrantia
3241 719 3554 785 propitiato-

1967 807 2126 861 rium.
2159 804 2272 860 Hoc
2307 815 2427 860 erat
2454 805 2652 860 lamina
2696 822 2861 860 aurea
2889 822 2917 860 a
2957 806 3161 864 Judaeis
3195 824 3337 864 arcae
3372 811 3549 880 impo-

1968 897 2095 962 sita,
2118 904 2171 950 et
2190 897 2626 966 propitiatorium
2647 898 2962 964 vocabatur,
2981 899 3103 966 quia
3126 899 3214 954 hic
3235 901 3547 971 dignantem

1968 989 2139 1044 Deum
2159 1004 2282 1044 cum
2319 990 2452 1059 ipsis
2479 990 2793 1044 conversari
2821 990 3232 1060 interrogabant
3263 992 3393 1060 quid
3444 993 3546 1045 sibi

1965 1081 2031 1134 ad
2088 1096 2211 1136 eum
2283 1081 2605 1148 placandum
2659 1079 2987 1135 faciendum.
3040 1078 3282 1150 Desuper
3331 1081 3552 1136 stabant

263 1166 388 1229 τοῦ,
425 1169 520 1220 καὶ
551 1168 865 1241 ἱλαστήριον
891 1169 1051 1223 τοῦτο
1078 1169 1332 1237 ἐκάλουν,
1355 1170 1463 1224 ἀπὸ
1487 1169 1583 1223 τοῦ
1605 1170 1698 1223 τὸν
1723 1170 1857 1223 Θεὸν

1969 1172 2261 1227 Clierubim
2301 1175 2443 1237 duo,
2503 1171 2746 1243 symbola
2788 1171 2985 1226 divina:
3023 1173 3170 1228 sedis
3224 1193 3235 1227 :
3276 1188 3372 1242 per
3405 1173 3553 1226 tbro-

262 1258 652 1330 ὲξιλεούμενον
687 1260 1051 1333 χρηματίζειν
1079 1264 1290 1328 αὐτοῖς,
1313 1262 1565 1334 ἐρωτῶσι
1590 1263 1721 1332 περὶ
1745 1261 1856 1316 τῶν

262 1353 716 1420 κατεπειγόντων
762 1354 857 1407 ἀπ’
891 1354 1059 1408 αὐτοῦ
1093 1355 1162 1408 τὰ
1207 1354 1480 1425 πρακτέα.
1527 1355 1651 1408 Ἐπὶ
1682 1353 1858 1424 τούτῳ

261 1441 556 1513 Χερουϐὶμ
587 1444 800 1500 ἑστῶτα
831 1445 940 1499 δύω
969 1449 1263 1514 πεποίητο,
1302 1445 1548 1516 σύμϐολα
1590 1446 1693 1516 τῆς
1724 1445 1862 1498 καθ-

1969 1279 2094 1317 num
2117 1263 2553 1332 propitiatorium
2578 1263 2992 1317 obumbrantem
3029 1263 3374 1317 indicabatur
3403 1262 3549 1328 ideo,

1970 1357 2145 1424 ipsum
2180 1355 2373 1410 adesse
2405 1355 2495 1424 qui
2533 1355 2730 1410 tbrono
2763 1355 3066 1421 insedebat,
3095 1365 3148 1409 et
3183 1356 3416 1425 propitio
3439 1369 3552 1410 sut-

1972 1448 2062 1502 dio
2091 1457 2305 1518 gentem
2338 1446 2543 1502 fovere.

261 1531 436 1603 ἐδρας
495 1534 627 1589 ὄντα
663 1538 764 1606 τῆς
805 1535 988 1600 Θείας·
1051 1537 1140 1590 διὰ
1184 1539 1370 1590 τοίνυν
1437 1535 1532 1589 τοῦ
1608 1536 2113 1602 κατασκευάζοντος
2155 1537 2348 1609 θρόνου
2387 1538 2449 1592 τὸ
2493 1538 2830 1609 ἱλαστήριον,
2871 1537 2933 1593 τὸ
2993 1538 3248 1610 παρεῖναί
3300 1554 3362 1590 τε
3397 1533 3552 1608 clpa.

260 1622 356 1675 τὸν
399 1626 465 1677 ὲν
513 1626 594 1696 τῷ
641 1626 851 1698 θρόνῳ,
903 1628 998 1681 καὶ
1046 1628 1400 1694 ἐπισκιάζειν
1446 1628 1849 1700 ὲξιλεούμενον,
1889 1631 2244 1702 ἐσημαίνετο.

1657 2011 2190 2100 EJUSDEM

846 2220 1829 2347 FRAGMENTA
1923 2226 2079 2346 IN
2181 2143 2957 2352 PSALMOS.

941 2457 1040 2519 (Ex
1059 2451 1363 2520 expositione
1386 2457 1596 2505 Patrum
1623 2458 1904 2508 ercorum
1927 2459 1976 2508 in
2006 2457 2250 2520 Psalntos,
2277 2456 2364 2512 int.
2407 2457 2568 2510 Bauli.
2596 2460 2877 2522 Coi-deria.)

1508 2757 1576 2811 IN
1616 2758 1950 2815 PSALMDM
1992 2759 2284 2816 PRIMUM.

343 2934 365 2968 ε
401 2915 518 2968 Καὶ
546 2915 700 2967 ἔσται
731 2912 809 2977 ὡς
840 2913 901 2966 τὸ
929 2912 1106 2978 ξῦλον.
1145 2932 1165 2966 ι

337 3005 500 3058 Μετὰ
526 3003 703 3058 ταῦτα
736 3004 1195 3075 παραληψώμεθα
1223 3004 1286 3058 τὸ
1314 3023 1391 3059 πα
1403 3005 1474 3077 ρὰ
1528 3007 1624 3059 τοῦ
1663 3008 1866 3062 Ἀκύλα

260 3097 589 3166 λεγόμενον,
635 3096 1268 3166 μεταπεερυτευμένον.
1306 3097 1479 3150 Πόθεν
1532 3097 1640 3169 γὰρ
1680 3100 1739 3152 τὸ
1772 3100 1864 3164 ξύ-

260 3187 382 3252 λον,
412 3187 544 3255 περὶ
591 3178 652 3238 οὗ
679 3188 708 3238 ὁ
733 3186 911 3254 λόγος,
960 3186 1441 3256 μεταπεφύτευται
1486 3189 1580 3241 ἐπὶ
1613 3192 1733 3251 ταῖς
1758 3190 1866 3242 τῶν

265 3279 489 3332 ὑδάτων
519 3278 876 3349 διαιρέσεσινς
919 3280 991 3332 Ἢ
1018 3279 1126 3350 γὰρ
1160 3281 1460 3352 eamme;
1483 3282 1540 3335 ὲν
1565 3282 1642 3352 τῷ
1668 3283 1863 3352 Πατρὶ,

265 3371 358 3425 ἐπ’
393 3371 694 3441 εὐεργεσία
745 3370 958 3424 πολλῶν
1001 3373 1515 3442 μεταπεφύτευται,
1549 3377 1632 3437 είς
1663 3374 1722 3427 τὸ
1772 3377 1866 3428 καὶ

263 3462 466 3525 ἄλλους
501 3462 832 3532 μεταλαϐεῖν
871 3462 1036 3514 αὐτοῦ
1067 3463 1168 3530 τῆς
1197 3463 1430 3529 εἰκόνος,
1474 3463 1572 3532 τῆς
1605 3465 1749 3518 κατὰ
1792 3465 1854 3518 τὸ

268 3551 1270 3625 μεταπεφυτεῦσθαιλαμϐανομένης.
1312 3553 1423 3622 Οὐχ
1468 3554 1683 3612 ὅτιούκ
1716 3555 1865 3608 ἐστιν

263 3650 324 3700 ἐν
349 3647 432 3717 τῷ
467 3646 643 3717 Πατρὶ
689 3645 845 3713 (ἔστι
875 3643 1053 3714 γὰρ),
1114 3643 1228 3696 ἀλλ’
1256 3645 1337 3696 ὅτι
1364 3645 1458 3696 καὶ
1485 3646 1613 3714 παρ’
1654 3647 1866 3716 ἑτέροις

257 3739 590 3806 γεγένηται.
626 3738 697 3790 Ἥ
746 3736 869 3790 καθ’
926 3737 1122 3807 ἑτέραν
1159 3735 1442 3806 ἐπιϐολὴν,
1477 3738 1511 3805 ὴ
1554 3736 1700 3807 ψυχή
1748 3738 1864 3790 ἐστι

257 3828 356 3883 τοῦ
388 3829 678 3899 Σωτῆρος,
709 3829 777 3898 ἦν
803 3827 1019 3893 ἐλαϐεν,
1046 3826 1297 3880 ἐντεῦθεν
1325 3827 1862 3899 μεταπεφυτευμένη

265 3922 360 3976 ἐπὶ
383 3921 484 3974 τὸν
517 3919 873 3991 παράδεισον,
901 3921 1036 3973 ὅπου
1085 3921 1180 3972 καὶ
1203 3917 1265 3970 τὸ
1306 3919 1644 3986 Εὑαγγέλιόν
1673 3937 1862 3990 φησιν,

277 4014 449 4068 αὑτὸν
487 4012 626 4083 μετὰ
652 4011 714 4065 τὸ
753 4011 924 4075 πάθος
971 4010 1278 4079 γεγονέναι,
1309 4010 1672 4080 διηγούμενον
1699 4011 1863 4064 αὐτὸν

265 4106 565 4179 είρηκέναι
592 4105 673 4175 τῷ
715 4104 1118 4175 μετανοήσαντι
1164 4103 1371 4177 λῃστῇ”
1435 4103 1709 4174 Σήμερον
1734 4107 1863 4174 μετ’

264 4199 416 4270 ἐμοῦ
449 4198 568 4266 ἔσῃ
594 4197 666 4250 ἐν
692 4195 774 4262 τῷ
806 4195 1154 4266 παραδείσῳ
1178 4196 1286 4250 τοῦ
1318 4196 1489 4251 Θεοῦ.
1523 4199 1863 4268 Μεταπεφύ-

1896 2929 1937 2982 Β
2049 2916 2212 2972 Vens.
2252 2918 2306 2972 5.
2345 2936 2364 2969 ι
2403 2917 2466 2971 Et
2490 2918 2594 2972 erit
2623 2927 2879 2986 tanquam
2905 2919 3130 2988 lignum.
3173 2939 3191 2971 ι

2039 3009 2165 3064 Post
2199 3011 2310 3064 haec
2346 3009 2702 3078 adiungamus
2739 3011 2790 3066 id
2833 3012 2972 3079 quod
3003 3015 3069 3065 ab
3105 3013 3302 3084 Aquila
3342 3015 3545 3074 dietnm

1968 3109 2071 3164 est,
2108 3101 2576 3166 transplautatum.
2611 3099 2764 3156 Unde
2789 3103 2934 3154 enim
2961 3103 3185 3171 lignum,
3220 3104 3286 3159 de
3313 3121 3421 3176 quo
3462 3113 3551 3165 lno

1967 3205 2148 3246 sermo
2179 3202 2282 3254 est,
2315 3191 2772 3260 transplantatum
2804 3191 2903 3244 fuit
2924 3207 3082 3247 secus
3112 3210 3378 3263 aquarum
3410 3199 3550 3251 divi-

1969 3281 2193 3336 siones?
2232 3282 2324 3336 Vel
2357 3284 2501 3336 enim
2535 3298 2656 3337 cum
2689 3284 2742 3336 in
2777 3283 2937 3337 Patre
2965 3284 3265 3340 radicatmn
3293 3298 3460 3354 esset,
3494 3290 3547 3342 in

1968 3371 2312 3426 commodum
2369 3373 2724 3441 plurimorum
2775 3374 3230 3443 lransplantatum
3287 3379 3404 3444 l'uit,
3441 3397 3550 3451 quo

1968 3472 2024 3517 et
2062 3463 2154 3516 alii
2184 3463 2478 3532 participes
2517 3464 2846 3520 exsisterent
2875 3466 3132 3535 imaginis
3158 3468 3315 3525 istius
3337 3510 3354 3533 ,
3388 3488 3550 3539 quam

1970 3553 2022 3604 in
2063 3551 2548 3620 transplantatione
2590 3570 2714 3608 assu
2739 3556 2904 3622 mpsit
2928 3573 2944 3622 ;
2971 3572 3075 3611 non
3106 3559 3250 3627 quod
3274 3576 3381 3615 non
3407 3564 3479 3616 sit
3500 3564 3552 3617 in

1967 3638 2145 3711 Patre.
2167 3641 2284 3708 (est
2321 3642 2582 3710 etenim),
2613 3643 2704 3695 sed
2735 3644 3072 3711 quodetiam
3099 3650 3241 3714 apud
3277 3649 3419 3704 alios
3449 3668 3547 3706 na-

1969 3737 2054 3782 tus
2079 3729 2171 3783 sit.
2207 3727 2300 3784 Vel
2327 3729 2623 3783 secundum
2667 3729 2828 3782 aliam
2865 3731 3285 3799 applicationem
3313 3773 3330 3799 ,
3363 3741 3546 3792 anima

1969 3818 2266 3874 Salvatoris
2290 3860 2304 3884 ,
2340 3833 2500 3888 quam
2534 3830 2938 3888 assumpserat,
2992 3825 3118 3878 hinc
3148 3827 3550 3893 transplantata

1967 3919 2051 3964 est
2089 3911 2140 3964 in
2174 3910 2506 3979 paradisum,
2533 3909 2621 3962 ubi
2656 3909 2818 3963 etiam
2861 3911 3212 3981 Evangelium
3259 3915 3335 3968 ait
3373 3916 3549 3985 ipsum

1969 4013 2089 4071 post
2113 4001 2415 4069 passionem
2444 4001 2746 4063 exstitisse,
2768 4018 3000 4056 narrans
3025 4004 3200 4073 ipsum
3219 3987 3412 4061 latroni
3432 4021 3551 4077 pce-

1971 4094 2163 4148 nitenli
2188 4093 2389 4149 dixisse
2411 4113 2424 4149 :
2450 4095 2619 4147 Hodie
2637 4110 2838 4148 mecum
2870 4095 2972 4148 eris
2994 4097 3048 4148 in
3079 4098 3335 4163 paradiso
3363 4098 3461 4152 Dei
3480 4100 3549 4154 ”.

1973 4186 2107 4241 Illuc
2161 4196 2340 4240 autem
2400 4186 2830 4253 lransplantatus
2861 4186 2982 4251 fuit,
3026 4196 3082 4239 ut
3121 4187 3158 4240 ii
3210 4188 3302 4258 qui
3347 4190 3551 4246 Christi

265 4307 462 4345 τευται
490 4290 548 4343 δὲ
577 4291 717 4354 ἐκεῖ,
752 4288 840 4342 ἵνα
866 4291 916 4341 οί
945 4287 1093 4353 ἄξιοι
1122 4290 1220 4342 σὺν
1245 4288 1471 4360 Χριστῴ
1503 4285 1666 4352 εἶναι,
1700 4291 1862 4361 φωτίο

1969 4277 2248 4333 consortio
2281 4277 2426 4347 digni
2464 4285 2625 4340 sunt,
2656 4276 2724 4331 ab
2768 4278 2890 4346 ipso
2939 4277 3312 4333 illuminentur
3349 4279 3554 4337 lumine

267 4379 480 4444 ζωνται
511 4379 602 4431 ὑπ’
631 4377 798 4431 αὑτοῦ
821 4375 899 4447 τῷ
922 4379 1023 4448 τῆς
1050 4375 1305 4445 γνώσεως
1332 4375 1624 4445 φωτισμῷ,
1656 4376 1857 4446 προκό-

268 4488 504 4534 πτοντες
531 4472 589 4524 ὲν
621 4471 689 4540 τῇ
725 4468 836 4521 τῶν
873 4467 1044 4521 ὄντων
1085 4467 1288 4538 θεωρία
1309 4508 1326 4532 ,
1362 4466 1504 4519 κατὰ
1537 4465 1637 4537 τὴν
1671 4467 1863 4534 σοφίαν

266 4565 362 4618 τοῦ
389 4561 556 4618 Θεοῦ.
587 4561 772 4615 Ταῦτα
805 4559 862 4612 δὲ
891 4557 1067 4621 οὕτως
1095 4557 1482 4628 ὲξειλήφαμεν,
1547 4557 1737 4627 ἐπειδὴ
1769 4576 1866 4610 xu-

273 4656 403 4726 ρίως
444 4654 542 4708 ἐπὶ
580 4652 813 4722 δένδρων
840 4651 1059 4718 λέγεται
1097 4650 1159 4702 τὸ
1201 4649 1390 4720 φέρειν
1429 4650 1664 4719 καρπόν.
1705 4649 1778 4702 Τὸ
1808 4649 1866 4702 δὲ

269 4747 480 4801 διδόναι
525 4742 725 4815 μᾶλλον
754 4740 1022 4812 ἐμψύχοις
1053 4739 1320 4811 ἁρμόζει,
1359 4739 1456 4793 καὶ
1497 4738 1674 4792 ταῦτα
1715 4739 1864 4808 λογι-

271 4840 410 4902 κοῖς.
463 4833 737 4906 Ζητητέον
777 4831 834 4884 δὲ
859 4870 874 4897 ,
907 4833 957 4883 εί
982 4828 1101 4882 ἐστι
1159 4828 1353 4898 καιρὸς
1392 4829 1411 4892 (
1433 4827 1494 4880 τὸ
1526 4826 1680 4894 ξύλον
1719 4823 1866 4896 ζωῆς

271 4927 368 4980 τοῦ
413 4921 634 4996 καρποῦ
683 4921 862 4991 λέγειν
913 4919 1013 4989 τὴν
1041 4917 1292 4996 σοφίαν)
1336 4917 1560 4986 καρπόν
1608 4933 1741 4969 ποτε
1789 4917 1864 4988 μὴ

273 5016 442 5088 ἔχειν,
473 5017 572 5086 οὺχ
596 5015 765 5079 ὅσιον,
793 5011 873 5065 διὸ
903 5011 1006 5064 οὐκ
1032 5009 1274 5082 εἴρηται,
1306 5011 1372 5062 Ὀ
1402 5009 1498 5062 τὸν
1528 5008 1740 5078 καρπὸν
1763 5009 1864 5061 αὐ-

275 5109 370 5162 τοῦ
397 5109 600 5180 ἐνέγκῃ
627 5110 686 5162 ὲν
703 5105 880 5176 καιρῷ
900 5104 1096 5167 αὐτοῦ,
1130 5103 1252 5156 ἀλλ’
1277 5102 1307 5156 ὃ
1334 5103 1426 5156 τὸν
1453 5101 1669 5172 καρπὸν
1698 5100 1864 5154 αὑτοῦ

274 5202 438 5257 δώσει
477 5203 536 5256 ὲν
560 5201 741 5273 καιρῷ
769 5199 964 5254 αὐτοῦ.
1007 5197 1216 5268 Καιρὸς
1260 5199 1319 5251 δὲ
1353 5196 1516 5251 αὑτοῦ
1541 5192 1634 5248 τοῦ
1666 5195 1864 5248 διδόναι

275 5295 310 5363 ἡ
351 5293 448 5346 τοῦ
501 5291 876 5364 λαμϐάνοντός
931 5291 1085 5342 ἐστιν
1114 5288 1520 5360 ἐπιτηδειότης.
1559 5285 1725 5340 Ὅσον
1756 5286 1866 5356 γὰρ

275 5378 339 5432 τὸ
379 5378 469 5432 ἐπ’
498 5379 647 5450 αὐτῷ
668 5422 683 5446 ,
715 5378 932 5450 ἕτοιμός
960 5379 1110 5432 ἐστιν
1139 5378 1229 5431 ἀεὶ
1275 5377 1478 5431 διδόναι
1519 5375 1612 5429 τὸν
1649 5376 1866 5447 καρπὸν

279 5467 465 5525 αὑτοῦ.
499 5470 565 5524 Τί
599 5470 656 5524 δὲ
694 5469 755 5522 τὸ
792 5469 994 5538 φύλλον
1022 5470 1122 5540 τῆς
1150 5467 1325 5539 ζωῆς,
1357 5467 1604 5522 τουτέστι
1633 5467 1735 5537 τῆς
1779 5485 1870 5522 σο-

279 5561 442 5630 φίας,
471 5564 573 5618 οὐκ
601 5564 972 5636 ἀποῤῥεῦσον,
1001 5565 1236 5620 κατιδεῖν
1271 5563 1440 5629 ἄξιον.
1475 5563 1591 5618 Οὐκ
1634 5561 1860 5618 ἄλλοθεν

352 5717 397 5748 ’³
423 5718 554 5774 Luc.
584 5736 737 5786 um,
767 5722 855 5774 45.

1974 4368 2340 4438 cognitionis,
2400 4369 2695 4422 secundum
2747 4367 2840 4421 Dei
2892 4369 3215 4436 sapientiam
3261 4370 3314 4425 in
3364 4386 3548 4426 rerum

1968 4459 2426 4528 contemplatione
2477 4457 2844 4526 proﬁcientes.
2892 4457 3020 4513 Haec
3067 4469 3247 4515 autem
3283 4442 3364 4516 sic
3391 4477 3550 4517 acce-

1976 4552 2175 4618 pimus,
2209 4551 2334 4619 quia
2383 4551 2599 4619 prOprie
2629 4550 2695 4604 de
2718 4550 3001 4604 arboribus
3028 4550 3228 4606 dicitur
3259 4552 3402 4620 quod
3438 4552 3550 4608 fru-

1968 4653 2114 4698 ctum
2147 4642 2344 4698 ferant.
2380 4642 2534 4697 Hunc
2566 4652 2742 4695 autem
2795 4648 2944 4707 dare,
2973 4643 3141 4712 magis
3180 4645 3429 4713 congruit
3468 4660 3553 4698 re-

1984 4734 2379 4801 busanimatis,
2400 4735 2575 4805 iisque
2601 4736 2976 4790 rationalibus.
3007 4735 3177 4790 Porro
3205 4737 3550 4803 quaerendum

1970 4841 2039 4880 an
2074 4828 2146 4882 sit
2177 4836 2391 4896 tempus
2417 4827 2656 4897 (lignum
2690 4827 2810 4880 vita:
2841 4825 3050 4881 fructus
3079 4827 3306 4881 dicendo
3347 4825 3554 4895 sapien-

1975 4919 2142 4987 tiam)
2168 4933 2276 4988 quo
2301 4917 2536 4971 fructum
2574 4917 2866 4988 aliquando
2897 4932 3005 4972 non
3038 4918 3224 4983 habet,
3272 4933 3380 4972 non
3415 4933 3541 4970 san-

1969 5022 2145 5076 ctum,
2174 5013 2300 5081 quia
2341 5028 2446 5066 non
2475 5020 2558 5066 est
2598 5012 2800 5066 dictmn
2831 5011 2974 5079 quod
3003 5011 3239 5064 fructum
3279 5023 3436 5062 suum
3467 5008 3548 5063 l'e-

1968 5115 2055 5162 rat
2082 5106 2136 5160 in
2170 5116 2415 5175 tempore
2437 5119 2557 5168 suo,
2589 5103 2706 5168 sed,
2741 5104 2884 5172 quod
2916 5102 3150 5156 fructum
3195 5116 3352 5156 suum
3400 5100 3550 5155 dabit

1969 5198 2022 5251 in
2051 5207 2296 5264 tempore
2321 5210 2439 5250 suo.
2468 5195 2707 5265 Tempus
2738 5204 2920 5247 autem
2949 5191 3064 5261 ejus
3097 5193 3287 5257 dandi,
3315 5198 3398 5246 est
3420 5208 3546 5247 sus-

1967 5286 2216 5355 cipientis
2248 5286 2662 5354 opportunitas;
2686 5292 2948 5356 quantum
2972 5283 3116 5337 enim
3150 5295 3217 5335 ex
3257 5291 3411 5351 parte
3455 5280 3541 5350 ip-

1968 5379 2099 5443 sius,
2135 5391 2350 5446 semper
2375 5385 2561 5446 parata
2595 5385 2680 5431 est
2715 5375 2847 5430 dare
2873 5373 3109 5427 fructum
3138 5387 3319 5426 suum.
3351 5370 3541 5438 Quod-

1969 5485 2091 5525 nam
2123 5477 2302 5524 autem
2331 5469 2401 5524 sit
2433 5467 2631 5545 lolium
2659 5468 2806 5530 vitae,
2843 5465 2895 5520 id
2933 5474 3039 5529 est,
3073 5463 3370 5533 sapientia,
3399 5465 3544 5545 quod

1970 5578 2076 5617 non
2110 5558 2317 5615 dillluat
2341 5599 2358 5629 ,
2390 5542 2819 5616 consideratione
2847 5557 3088 5626 dignum.
3126 5551 3327 5609 Verum
3371 5542 3426 5609 id
3458 5567 3548 5608 ca-
