  <div class='ocr_page' id='page_1' title='image "/cluster/home/n/w/nwhite01/storage/ocr_20150623/85/coo.31924054869866/841.png"; bbox 0 0 4064 6418; ppageno 0'>
   <div class='ocr_carea' id='block_1_1' title="bbox 475 359 609 424">
    <p class='ocr_par' dir='ltr' id='par_1_1' title="bbox 475 359 609 424">
     <span class='ocr_line' id='line_1_1' title="bbox 475 359 609 424; baseline -0.015 0"><span class='ocrx_word' id='word_1_1' title='bbox 475 359 609 424; x_wconf 79' lang='lat'><strong>1667</strong></span> 
     </span>
    </p>
   </div>
   <div class='ocr_carea' id='block_1_2' title="bbox 1572 340 2643 409">
    <p class='ocr_par' dir='ltr' id='par_1_2' title="bbox 1572 340 2643 409">
     <span class='ocr_line' id='line_1_2' title="bbox 1572 340 2643 409; baseline -0.005 -1"><span class='ocrx_word' id='word_1_2' title='bbox 1572 346 1949 409; x_wconf 85' lang='lat' dir='ltr'><strong>GENNADII</strong></span> <span class='ocrx_word' id='word_1_3' title='bbox 1988 340 2495 405; x_wconf 59' lang='lat' dir='ltr'><strong>PATRIABCHE</strong></span> <span class='ocrx_word' id='word_1_4' title='bbox 2532 343 2643 403; x_wconf 73' lang='grc' dir='ltr'><strong>(ΣΡ.</strong></span> 
     </span>
    </p>
   </div>
   <div class='ocr_carea' id='block_1_3' title="bbox 3608 344 3749 412">
    <p class='ocr_par' dir='ltr' id='par_1_3' title="bbox 3608 344 3749 412">
     <span class='ocr_line' id='line_1_3' title="bbox 3608 344 3749 412; baseline 0 0"><span class='ocrx_word' id='word_1_5' title='bbox 3608 344 3749 412; x_wconf 78' lang='lat'><strong>1668</strong></span> 
     </span>
    </p>
   </div>
   <div class='ocr_carea' id='block_1_4' title="bbox 480 452 2057 541">
    <p class='ocr_par' dir='ltr' id='par_1_4' title="bbox 480 456 2026 541">
     <span class='ocr_line' id='line_1_4' title="bbox 480 456 2026 541; baseline -0.012 -14"><span class='ocrx_word' id='word_1_6' title='bbox 480 484 612 541; x_wconf 81' lang='lat' dir='ltr'><strong>pere</strong></span> <span class='ocrx_word' id='word_1_7' title='bbox 658 470 967 536; x_wconf 85' lang='lat' dir='ltr'><strong>nequeunt,</strong></span> <span class='ocrx_word' id='word_1_8' title='bbox 1004 461 1107 517; x_wconf 87' lang='lat' dir='ltr'><strong>nisi</strong></span> <span class='ocrx_word' id='word_1_9' title='bbox 1160 459 1251 526; x_wconf 74' lang='grc' dir='ltr'>ιιιιί</span> <span class='ocrx_word' id='word_1_10' title='bbox 1288 458 1342 511; x_wconf 91' lang='lat' dir='ltr'><strong>in</strong></span> <span class='ocrx_word' id='word_1_11' title='bbox 1380 457 1544 513; x_wconf 85' lang='lat' dir='ltr'><strong>rebus</strong></span> <span class='ocrx_word' id='word_1_12' title='bbox 1574 456 1912 511; x_wconf 86' lang='lat' dir='ltr'><strong>naturalibus</strong></span> <span class='ocrx_word' id='word_1_13' title='bbox 1939 469 2026 508; x_wconf 89' lang='lat' dir='ltr'><strong>me</strong></span> 
     </span>
    </p>
   </div>
   <div class='ocr_carea' id='block_1_5' title="bbox 2161 452 3750 541">
    <p class='ocr_par' dir='ltr' id='par_1_5' title="bbox 2161 452 3750 524">
     <span class='ocr_line' id='line_1_5' title="bbox 2161 452 3750 524; baseline 0.005 -19"><span class='ocrx_word' id='word_1_14' title='bbox 2161 452 2216 505; x_wconf 81' lang='grc' dir='ltr'><strong>δὲ</strong></span> <span class='ocrx_word' id='word_1_15' title='bbox 2246 452 2431 506; x_wconf 69' lang='grc' dir='ltr'>λαϐεῖν</span> <span class='ocrx_word' id='word_1_16' title='bbox 2460 453 2594 506; x_wconf 81' lang='grc' dir='ltr'>αύτὸ</span> <span class='ocrx_word' id='word_1_17' title='bbox 2631 452 2800 517; x_wconf 80' lang='grc' dir='ltr'>ἔστιν,</span> <span class='ocrx_word' id='word_1_18' title='bbox 2835 453 2871 522; x_wconf 75' lang='grc' dir='ltr'>ἢ</span> <span class='ocrx_word' id='word_1_19' title='bbox 2915 454 3161 524; x_wconf 76' lang='grc' dir='ltr'><strong>μετρίως</strong></span> <span class='ocrx_word' id='word_1_20' title='bbox 3186 457 3302 519; x_wconf 85' lang='grc' dir='ltr'>τοῖς</span> <span class='ocrx_word' id='word_1_21' title='bbox 3333 460 3586 524; x_wconf 79' lang='grc' dir='ltr'><strong>φυσικοῖς</strong></span> <span class='ocrx_word' id='word_1_22' title='bbox 3610 460 3750 513; x_wconf 63' lang='grc' dir='ltr'>»ἑπι-</span> 
     </span>
    </p>
   </div>
   <div class='ocr_carea' id='block_1_6' title="bbox 474 545 2056 617">
    <p class='ocr_par' dir='ltr' id='par_1_6' title="bbox 474 545 2056 617">
     <span class='ocr_line' id='line_1_6' title="bbox 474 545 2056 617; baseline -0.015 0"><span class='ocrx_word' id='word_1_23' title='bbox 474 560 733 617; x_wconf 89' lang='lat' dir='ltr'><strong>diocriter</strong></span> <span class='ocrx_word' id='word_1_24' title='bbox 751 553 948 611; x_wconf 74' lang='lat' dir='ltr'><strong>versati</strong></span> <span class='ocrx_word' id='word_1_25' title='bbox 984 557 1131 606; x_wconf 83' lang='lat' dir='ltr'><strong>sunt.</strong></span> <span class='ocrx_word' id='word_1_26' title='bbox 1164 546 1509 603; x_wconf 70' lang='lat' dir='ltr'><strong>Manifestum</strong></span> <span class='ocrx_word' id='word_1_27' title='bbox 1550 554 1733 601; x_wconf 88' lang='lat' dir='ltr'><strong>autem</strong></span> <span class='ocrx_word' id='word_1_28' title='bbox 1771 545 1913 613; x_wconf 87' lang='lat' dir='ltr'><strong>quod</strong></span> <span class='ocrx_word' id='word_1_29' title='bbox 1932 557 2056 612; x_wconf 87' lang='lat' dir='ltr'><strong>pro—</strong></span> 
     </span>
    </p>
   </div>
   <div class='ocr_carea' id='block_1_7' title="bbox 476 636 2061 722">
    <p class='ocr_par' dir='ltr' id='par_1_7' title="bbox 476 636 2061 722">
     <span class='ocr_line' id='line_1_7' title="bbox 476 636 2061 722; baseline -0.013 -15"><span class='ocrx_word' id='word_1_30' title='bbox 476 659 597 722; x_wconf 85' lang='lat' dir='ltr'><strong>pter</strong></span> <span class='ocrx_word' id='word_1_31' title='bbox 616 649 845 710; x_wconf 85' lang='lat' dir='ltr'><strong>iructus,</strong></span> <span class='ocrx_word' id='word_1_32' title='bbox 875 641 1165 711; x_wconf 85' lang='lat' dir='ltr'><strong>lrugit‘eras</strong></span> <span class='ocrx_word' id='word_1_33' title='bbox 1191 638 1414 694; x_wconf 79' lang='lat' dir='ltr'><strong>arbores</strong></span> <span class='ocrx_word' id='word_1_34' title='bbox 1438 637 1669 692; x_wconf 87' lang='lat' dir='ltr'><strong>Creator</strong></span> <span class='ocrx_word' id='word_1_35' title='bbox 1693 636 1922 705; x_wconf 85' lang='lat' dir='ltr'><strong>jusserit</strong></span> <span class='ocrx_word' id='word_1_36' title='bbox 1938 649 2061 703; x_wconf 79' lang='lat' dir='ltr'><strong>ger-</strong></span> 
     </span>
    </p>
   </div>
   <div class='ocr_carea' id='block_1_8' title="bbox 476 728 2062 807">
    <p class='ocr_par' dir='ltr' id='par_1_8' title="bbox 476 728 2062 807">
     <span class='ocr_line' id='line_1_8' title="bbox 476 728 2062 807; baseline -0.012 -10"><span class='ocrx_word' id='word_1_37' title='bbox 476 743 705 805; x_wconf 84' lang='lat' dir='ltr'><strong>minare,</strong></span> <span class='ocrx_word' id='word_1_38' title='bbox 733 745 957 807; x_wconf 76' lang='lat' dir='ltr'><strong>propter</strong></span> <span class='ocrx_word' id='word_1_39' title='bbox 990 747 1126 802; x_wconf 86' lang='lat' dir='ltr'><strong>quos</strong></span> <span class='ocrx_word' id='word_1_40' title='bbox 1170 746 1267 801; x_wconf 86' lang='lat' dir='ltr'><strong>per</strong></span> <span class='ocrx_word' id='word_1_41' title='bbox 1306 744 1649 799; x_wconf 88' lang='lat' dir='ltr'><strong>consequens</strong></span> <span class='ocrx_word' id='word_1_42' title='bbox 1686 728 1817 783; x_wconf 76' lang='lat' dir='ltr'><strong>fecit</strong></span> <span class='ocrx_word' id='word_1_43' title='bbox 1852 741 1918 782; x_wconf 82' lang='lat' dir='ltr'><strong>ea</strong></span> <span class='ocrx_word' id='word_1_44' title='bbox 1942 739 2062 793; x_wconf 74' lang='lat' dir='ltr'><strong>quae</strong></span> 
     </span>
    </p>
   </div>
   <div class='ocr_carea' id='block_1_9' title="bbox 479 820 2059 903">
    <p class='ocr_par' dir='ltr' id='par_1_9' title="bbox 479 820 2059 903">
     <span class='ocr_line' id='line_1_9' title="bbox 479 820 2059 903; baseline -0.011 -15"><span class='ocrx_word' id='word_1_45' title='bbox 479 834 612 903; x_wconf 86' lang='lat' dir='ltr'><strong>ipsis</strong></span> <span class='ocrx_word' id='word_1_46' title='bbox 658 829 807 885; x_wconf 82' lang='lat' dir='ltr'><strong>utilia</strong></span> <span class='ocrx_word' id='word_1_47' title='bbox 836 835 963 883; x_wconf 87' lang='lat' dir='ltr'><strong>sunt</strong></span> <span class='ocrx_word' id='word_1_48' title='bbox 990 845 1005 882; x_wconf 89' lang='lat'><strong>:</strong></span> <span class='ocrx_word' id='word_1_49' title='bbox 1044 824 1319 880; x_wconf 80' lang='lat' dir='ltr'><strong>fructibus</strong></span> <span class='ocrx_word' id='word_1_50' title='bbox 1348 833 1529 878; x_wconf 84' lang='lat' dir='ltr'><strong>autem</strong></span> <span class='ocrx_word' id='word_1_51' title='bbox 1576 820 1711 876; x_wconf 85' lang='lat' dir='ltr'><strong>utile</strong></span> <span class='ocrx_word' id='word_1_52' title='bbox 1738 831 1824 875; x_wconf 82' lang='lat' dir='ltr'><strong>est</strong></span> <span class='ocrx_word' id='word_1_53' title='bbox 1846 829 2059 888; x_wconf 81' lang='lat' dir='ltr'><strong>tegmen</strong></span> 
     </span>
    </p>
   </div>
   <div class='ocr_carea' id='block_1_10' title="bbox 477 910 2063 988">
    <p class='ocr_par' dir='ltr' id='par_1_10' title="bbox 477 910 2063 988">
     <span class='ocr_line' id='line_1_10' title="bbox 477 910 2063 988; baseline -0.011 -9"><span class='ocrx_word' id='word_1_54' title='bbox 477 923 756 988; x_wconf 75' lang='lat' dir='ltr'><strong>foliorum,</strong></span> <span class='ocrx_word' id='word_1_55' title='bbox 790 929 849 975; x_wconf 91' lang='lat' dir='ltr'><strong>ut</strong></span> <span class='ocrx_word' id='word_1_56' title='bbox 872 918 1270 974; x_wconf 80' lang='lat' dir='ltr'><strong>custodiantur.</strong></span> <span class='ocrx_word' id='word_1_57' title='bbox 1296 913 1426 969; x_wconf 73' lang='lat' dir='ltr'><strong>Haec</strong></span> <span class='ocrx_word' id='word_1_58' title='bbox 1448 913 1638 983; x_wconf 84' lang='lat' dir='ltr'><strong>utique</strong></span> <span class='ocrx_word' id='word_1_59' title='bbox 1669 912 1838 968; x_wconf 83' lang='lat' dir='ltr'><strong>etiam</strong></span> <span class='ocrx_word' id='word_1_60' title='bbox 1872 910 1925 963; x_wconf 93' lang='lat' dir='ltr'><strong>in</strong></span> <span class='ocrx_word' id='word_1_61' title='bbox 1949 922 2063 962; x_wconf 87' lang='lat' dir='ltr'><strong>om-</strong></span> 
     </span>
    </p>
   </div>
   <div class='ocr_carea' id='block_1_11' title="bbox 477 1002 2064 1083">
    <p class='ocr_par' dir='ltr' id='par_1_11' title="bbox 477 1002 2064 1083">
     <span class='ocr_line' id='line_1_11' title="bbox 477 1002 2064 1083; baseline -0.011 -12"><span class='ocrx_word' id='word_1_62' title='bbox 477 1016 626 1071; x_wconf 91' lang='lat' dir='ltr'><strong>nium</strong></span> <span class='ocrx_word' id='word_1_63' title='bbox 654 1011 923 1083; x_wconf 84' lang='lat' dir='ltr'><strong>sapientia</strong></span> <span class='ocrx_word' id='word_1_64' title='bbox 954 1008 1304 1064; x_wconf 89' lang='lat' dir='ltr'><strong>considerare</strong></span> <span class='ocrx_word' id='word_1_65' title='bbox 1353 1005 1513 1071; x_wconf 90' lang='lat' dir='ltr'><strong>licet,</strong></span> <span class='ocrx_word' id='word_1_66' title='bbox 1554 1005 1609 1059; x_wconf 91' lang='lat' dir='ltr'><strong>in</strong></span> <span class='ocrx_word' id='word_1_67' title='bbox 1653 1019 1761 1074; x_wconf 86' lang='lat' dir='ltr'><strong>qua</strong></span> <span class='ocrx_word' id='word_1_68' title='bbox 1796 1002 2064 1058; x_wconf 80' lang='lat' dir='ltr'><strong>Conditor</strong></span> 
     </span>
    </p>
   </div>
   <div class='ocr_carea' id='block_1_12' title="bbox 477 1092 2058 1165">
    <p class='ocr_par' dir='ltr' id='par_1_12' title="bbox 477 1092 2058 1165">
     <span class='ocr_line' id='line_1_12' title="bbox 477 1092 2058 1165; baseline -0.01 -3"><span class='ocrx_word' id='word_1_69' title='bbox 477 1108 859 1162; x_wconf 82' lang='lat' dir='ltr'><strong>universorum</strong></span> <span class='ocrx_word' id='word_1_70' title='bbox 906 1100 1089 1156; x_wconf 86' lang='lat' dir='ltr'><strong>omnia</strong></span> <span class='ocrx_word' id='word_1_71' title='bbox 1116 1097 1266 1154; x_wconf 80' lang='lat' dir='ltr'><strong>fecit.</strong></span> <span class='ocrx_word' id='word_1_72' title='bbox 1311 1097 1569 1165; x_wconf 68' lang='lat' dir='ltr'><strong>Quaedam</strong></span> <span class='ocrx_word' id='word_1_73' title='bbox 1617 1095 1763 1150; x_wconf 89' lang='lat' dir='ltr'><strong>enim</strong></span> <span class='ocrx_word' id='word_1_74' title='bbox 1793 1092 2058 1164; x_wconf 89' lang='lat' dir='ltr'><strong>primario</strong></span> 
     </span>
    </p>
   </div>
   <div class='ocr_carea' id='block_1_13' title="bbox 477 1188 2064 1268">
    <p class='ocr_par' dir='ltr' id='par_1_13' title="bbox 477 1188 2064 1268">
     <span class='ocr_line' id='line_1_13' title="bbox 477 1188 2064 1268; baseline -0.01 -14"><span class='ocrx_word' id='word_1_75' title='bbox 477 1199 652 1264; x_wconf 75' lang='lat' dir='ltr'><strong>fiunt,</strong></span> <span class='ocrx_word' id='word_1_76' title='bbox 731 1196 979 1268; x_wconf 61' lang='lat' dir='ltr'><strong>quadam</strong></span> <span class='ocrx_word' id='word_1_77' title='bbox 1039 1206 1170 1247; x_wconf 79' lang='lat' dir='ltr'><strong>vero</strong></span> <span class='ocrx_word' id='word_1_78' title='bbox 1253 1205 1350 1260; x_wconf 87' lang='lat' dir='ltr'><strong>per</strong></span> <span class='ocrx_word' id='word_1_79' title='bbox 1405 1188 1880 1258; x_wconf 84' lang='lat' dir='ltr'><strong>consequentiam,</strong></span> <span class='ocrx_word' id='word_1_80' title='bbox 1937 1198 2064 1253; x_wconf 86' lang='lat' dir='ltr'><strong>pro-</strong></span> 
     </span>
    </p>
   </div>
   <div class='ocr_carea' id='block_1_14' title="bbox 478 1276 2060 1361">
    <p class='ocr_par' dir='ltr' id='par_1_14' title="bbox 478 1276 2060 1361">
     <span class='ocr_line' id='line_1_14' title="bbox 478 1276 2060 1361; baseline -0.011 -15"><span class='ocrx_word' id='word_1_81' title='bbox 478 1303 599 1361; x_wconf 90' lang='lat' dir='ltr'><strong>pter</strong></span> <span class='ocrx_word' id='word_1_82' title='bbox 640 1304 704 1343; x_wconf 87' lang='lat' dir='ltr'><strong>ea</strong></span> <span class='ocrx_word' id='word_1_83' title='bbox 757 1303 876 1357; x_wconf 67' lang='lat' dir='ltr'><strong>quae</strong></span> <span class='ocrx_word' id='word_1_84' title='bbox 909 1285 1170 1356; x_wconf 88' lang='lat' dir='ltr'><strong>primario</strong></span> <span class='ocrx_word' id='word_1_85' title='bbox 1238 1280 1529 1337; x_wconf 80' lang='lat' dir='ltr'><strong>exsistunt.</strong></span> <span class='ocrx_word' id='word_1_86' title='bbox 1573 1277 1844 1333; x_wconf 76' lang='lat' dir='ltr'><strong>Primario</strong></span> <span class='ocrx_word' id='word_1_87' title='bbox 1883 1276 2060 1349; x_wconf 81' lang='lat' dir='ltr'><strong>siqui-</strong></span> 
     </span>
    </p>
   </div>
   <div class='ocr_carea' id='block_1_15' title="bbox 476 1369 2060 1440">
    <p class='ocr_par' dir='ltr' id='par_1_15' title="bbox 476 1369 2060 1440">
     <span class='ocr_line' id='line_1_15' title="bbox 476 1369 2060 1440; baseline -0.012 0"><span class='ocrx_word' id='word_1_88' title='bbox 476 1387 597 1440; x_wconf 86' lang='lat' dir='ltr'><strong>dem</strong></span> <span class='ocrx_word' id='word_1_89' title='bbox 626 1381 845 1437; x_wconf 79' lang='lat' dir='ltr'><strong>exsistit</strong></span> <span class='ocrx_word' id='word_1_90' title='bbox 880 1375 1081 1432; x_wconf 82' lang='lat' dir='ltr'><strong>animal</strong></span> <span class='ocrx_word' id='word_1_91' title='bbox 1124 1373 1423 1439; x_wconf 86' lang='lat' dir='ltr'><strong>rationale,</strong></span> <span class='ocrx_word' id='word_1_92' title='bbox 1463 1372 1531 1426; x_wconf 83' lang='lat' dir='ltr'><strong>ad</strong></span> <span class='ocrx_word' id='word_1_93' title='bbox 1578 1369 1694 1440; x_wconf 80' lang='lat' dir='ltr'><strong>ejus</strong></span> <span class='ocrx_word' id='word_1_94' title='bbox 1724 1383 1856 1425; x_wconf 80' lang='lat' dir='ltr'><strong>vero</strong></span> <span class='ocrx_word' id='word_1_95' title='bbox 1903 1384 2060 1424; x_wconf 88' lang='lat' dir='ltr'><strong>usum</strong></span> 
     </span>
    </p>
   </div>
   <div class='ocr_carea' id='block_1_16' title="bbox 476 1459 2065 1541">
    <p class='ocr_par' dir='ltr' id='par_1_16' title="bbox 476 1459 2065 1541">
     <span class='ocr_line' id='line_1_16' title="bbox 476 1459 2065 1541; baseline -0.01 -12"><span class='ocrx_word' id='word_1_96' title='bbox 476 1484 603 1529; x_wconf 86' lang='lat' dir='ltr'><strong>sunt</strong></span> <span class='ocrx_word' id='word_1_97' title='bbox 633 1488 826 1541; x_wconf 88' lang='lat' dir='ltr'><strong>pecora</strong></span> <span class='ocrx_word' id='word_1_98' title='bbox 847 1510 863 1535; x_wconf 95' lang='lat'><strong>,</strong></span> <span class='ocrx_word' id='word_1_99' title='bbox 895 1479 949 1525; x_wconf 92' lang='lat' dir='ltr'><strong>et</strong></span> <span class='ocrx_word' id='word_1_100' title='bbox 998 1479 1157 1523; x_wconf 68' lang='lat' dir='ltr'><strong>terrae</strong></span> <span class='ocrx_word' id='word_1_101' title='bbox 1197 1464 1462 1536; x_wconf 88' lang='lat' dir='ltr'><strong>germina.</strong></span> <span class='ocrx_word' id='word_1_102' title='bbox 1509 1462 1864 1532; x_wconf 78' lang='lat' dir='ltr'><strong>Nequaquam</strong></span> <span class='ocrx_word' id='word_1_103' title='bbox 1898 1459 2065 1530; x_wconf 81' lang='lat' dir='ltr'><strong>igitur</strong></span> 
     </span>
    </p>
   </div>
   <div class='ocr_carea' id='block_1_17' title="bbox 477 1551 2062 1631">
    <p class='ocr_par' dir='ltr' id='par_1_17' title="bbox 477 1551 2062 1631">
     <span class='ocr_line' id='line_1_17' title="bbox 477 1551 2062 1631; baseline -0.01 -14"><span class='ocrx_word' id='word_1_104' title='bbox 477 1579 664 1617; x_wconf 84' lang='lat' dir='ltr'><strong>eorum</strong></span> <span class='ocrx_word' id='word_1_105' title='bbox 698 1562 916 1631; x_wconf 87' lang='lat' dir='ltr'><strong>quidem</strong></span> <span class='ocrx_word' id='word_1_106' title='bbox 945 1574 1066 1629; x_wconf 71' lang='lat' dir='ltr'><strong>quae</strong></span> <span class='ocrx_word' id='word_1_107' title='bbox 1090 1555 1353 1626; x_wconf 72' lang='lat' dir='ltr'><strong>primario</strong></span> <span class='ocrx_word' id='word_1_108' title='bbox 1378 1551 1524 1607; x_wconf 80' lang='lat' dir='ltr'><strong>facta</strong></span> <span class='ocrx_word' id='word_1_109' title='bbox 1544 1561 1713 1616; x_wconf 60' lang='lat' dir='ltr'><strong>sunt,</strong></span> <span class='ocrx_word' id='word_1_110' title='bbox 1754 1564 1932 1605; x_wconf 72' lang='lat' dir='ltr'><strong>causa:</strong></span> <span class='ocrx_word' id='word_1_111' title='bbox 1962 1563 2062 1603; x_wconf 81' lang='lat' dir='ltr'><strong>ex-</strong></span> 
     </span>
    </p>
   </div>
   <div class='ocr_carea' id='block_1_18' title="bbox 476 1632 2060 1709">
    <p class='ocr_par' dir='ltr' id='par_1_18' title="bbox 476 1632 2060 1709">
     <span class='ocr_line' id='line_1_18' title="bbox 476 1632 2060 1709; baseline -0.009 -1"><span class='ocrx_word' id='word_1_112' title='bbox 476 1656 676 1708; x_wconf 85' lang='lat' dir='ltr'><strong>sistunt</strong></span> <span class='ocrx_word' id='word_1_113' title='bbox 703 1650 915 1705; x_wconf 78' lang='lat' dir='ltr'><strong>[ructus</strong></span> <span class='ocrx_word' id='word_1_114' title='bbox 964 1646 1179 1703; x_wconf 85' lang='lat' dir='ltr'><strong>arboris</strong></span> <span class='ocrx_word' id='word_1_115' title='bbox 1218 1647 1373 1709; x_wconf 67' lang='lat' dir='ltr'><strong>vitae,</strong></span> <span class='ocrx_word' id='word_1_116' title='bbox 1400 1632 1735 1699; x_wconf 67' lang='lat' dir='ltr'><strong>caeterorutn</strong></span> <span class='ocrx_word' id='word_1_117' title='bbox 1762 1656 1889 1696; x_wconf 83' lang='lat' dir='ltr'><strong>vero</strong></span> <span class='ocrx_word' id='word_1_118' title='bbox 1939 1654 2060 1707; x_wconf 71' lang='lat' dir='ltr'><strong>qua:</strong></span> 
     </span>
    </p>
   </div>
   <div class='ocr_carea' id='block_1_19' title="bbox 478 1729 2061 1816">
    <p class='ocr_par' dir='ltr' id='par_1_19' title="bbox 478 1729 2061 1816">
     <span class='ocr_line' id='line_1_19' title="bbox 478 1729 2061 1816; baseline -0.011 -17"><span class='ocrx_word' id='word_1_119' title='bbox 478 1753 699 1816; x_wconf 87' lang='lat' dir='ltr'><strong>propter</strong></span> <span class='ocrx_word' id='word_1_120' title='bbox 730 1743 846 1796; x_wconf 68' lang='lat' dir='ltr'><strong>hate</strong></span> <span class='ocrx_word' id='word_1_121' title='bbox 882 1748 1067 1794; x_wconf 83' lang='lat' dir='ltr'><strong>creata</strong></span> <span class='ocrx_word' id='word_1_122' title='bbox 1113 1745 1276 1801; x_wconf 89' lang='lat' dir='ltr'><strong>sunt,</strong></span> <span class='ocrx_word' id='word_1_123' title='bbox 1306 1733 1433 1789; x_wconf 82' lang='lat' dir='ltr'><strong>folia</strong></span> <span class='ocrx_word' id='word_1_124' title='bbox 1466 1752 1478 1786; x_wconf 89' lang='lat'><strong>:</strong></span> <span class='ocrx_word' id='word_1_125' title='bbox 1509 1748 1739 1803; x_wconf 89' lang='lat' dir='ltr'><strong>quorum</strong></span> <span class='ocrx_word' id='word_1_126' title='bbox 1790 1729 1924 1785; x_wconf 82' lang='lat' dir='ltr'><strong>nihil</strong></span> <span class='ocrx_word' id='word_1_127' title='bbox 1954 1729 2061 1783; x_wconf 84' lang='lat' dir='ltr'><strong>iru-</strong></span> 
     </span>
    </p>
   </div>
   <div class='ocr_carea' id='block_1_20' title="bbox 2158 544 3749 621">
    <p class='ocr_par' dir='ltr' id='par_1_20' title="bbox 2158 544 3749 621">
     <span class='ocr_line' id='line_1_20' title="bbox 2158 544 3749 621; baseline 0.005 -24"><span class='ocrx_word' id='word_1_128' title='bbox 2158 545 2571 616; x_wconf 78' lang='grc' dir='ltr'><strong>διατρίψαντας.</strong></span> <span class='ocrx_word' id='word_1_129' title='bbox 2623 544 2793 615; x_wconf 79' lang='grc' dir='ltr'>Δῆλον</span> <span class='ocrx_word' id='word_1_130' title='bbox 2842 545 2899 598; x_wconf 83' lang='grc' dir='ltr'><strong>δὲ</strong></span> <span class='ocrx_word' id='word_1_131' title='bbox 2943 546 3023 599; x_wconf 83' lang='grc' dir='ltr'>ὅτι</span> <span class='ocrx_word' id='word_1_132' title='bbox 3067 546 3156 600; x_wconf 78' lang='grc' dir='ltr'><strong>διὰ</strong></span> <span class='ocrx_word' id='word_1_133' title='bbox 3202 549 3330 612; x_wconf 82' lang='grc' dir='ltr'>τοὺς</span> <span class='ocrx_word' id='word_1_134' title='bbox 3376 551 3629 621; x_wconf 78' lang='grc' dir='ltr'>καρποὺς</span> <span class='ocrx_word' id='word_1_135' title='bbox 3676 553 3749 605; x_wconf 79' lang='grc' dir='ltr'>τὰ</span> 
     </span>
    </p>
   </div>
   <div class='ocr_carea' id='block_1_21' title="bbox 2161 636 3750 714">
    <p class='ocr_par' dir='ltr' id='par_1_21' title="bbox 2161 636 3750 714">
     <span class='ocr_line' id='line_1_21' title="bbox 2161 636 3750 714; baseline 0.004 -25"><span class='ocrx_word' id='word_1_136' title='bbox 2161 637 2492 708; x_wconf 81' lang='grc' dir='ltr'><strong>καρποφόρα</strong></span> <span class='ocrx_word' id='word_1_137' title='bbox 2534 636 2728 707; x_wconf 78' lang='grc' dir='ltr'><strong>δένδρα</strong></span> <span class='ocrx_word' id='word_1_138' title='bbox 2760 640 2790 690; x_wconf 85' lang='grc' dir='ltr'><strong>ὁ</strong></span> <span class='ocrx_word' id='word_1_139' title='bbox 2817 638 3172 709; x_wconf 78' lang='grc' dir='ltr'>Δημιουργὺς</span> <span class='ocrx_word' id='word_1_140' title='bbox 3204 639 3461 694; x_wconf 72' lang='grc' dir='ltr'>ἐκέλευσε</span> <span class='ocrx_word' id='word_1_141' title='bbox 3508 642 3750 714; x_wconf 77' lang='grc' dir='ltr'>βλαστῆ-</span> 
     </span>
    </p>
   </div>
   <div class='ocr_carea' id='block_1_22' title="bbox 2161 727 3745 807">
    <p class='ocr_par' dir='ltr' id='par_1_22' title="bbox 2161 727 3745 807">
     <span class='ocr_line' id='line_1_22' title="bbox 2161 727 3745 807; baseline 0.003 -25"><span class='ocrx_word' id='word_1_142' title='bbox 2161 746 2274 791; x_wconf 92' lang='grc' dir='ltr'>σαι,</span> <span class='ocrx_word' id='word_1_143' title='bbox 2307 727 2375 807; x_wconf 73' lang='grc' dir='ltr'>δι’</span> <span class='ocrx_word' id='word_1_144' title='bbox 2403 727 2500 790; x_wconf 81' lang='grc' dir='ltr'>οὓς</span> <span class='ocrx_word' id='word_1_145' title='bbox 2517 727 2588 781; x_wconf 77' lang='grc' dir='ltr'>τὰ</span> <span class='ocrx_word' id='word_1_146' title='bbox 2616 727 2850 791; x_wconf 62' lang='grc' dir='ltr'>ἑκείνοις</span> <span class='ocrx_word' id='word_1_147' title='bbox 2882 728 3120 800; x_wconf 83' lang='grc' dir='ltr'><strong>χρειώδη</strong></span> <span class='ocrx_word' id='word_1_148' title='bbox 3153 730 3278 784; x_wconf 89' lang='grc' dir='ltr'>κατ’</span> <span class='ocrx_word' id='word_1_149' title='bbox 3299 732 3745 804; x_wconf 67' lang='grc' dir='ltr'><strong>ἐπακολούθησιν</strong></span> 
     </span>
    </p>
   </div>
   <div class='ocr_carea' id='block_1_23' title="bbox 2161 822 3753 897">
    <p class='ocr_par' dir='ltr' id='par_1_23' title="bbox 2161 822 3753 897">
     <span class='ocr_line' id='line_1_23' title="bbox 2161 822 3753 897; baseline 0.003 -20"><span class='ocrx_word' id='word_1_150' title='bbox 2161 822 2466 893; x_wconf 80' lang='grc' dir='ltr'>πεποίηκε·</span> <span class='ocrx_word' id='word_1_151' title='bbox 2514 823 2676 894; x_wconf 82' lang='grc' dir='ltr'>χρεία</span> <span class='ocrx_word' id='word_1_152' title='bbox 2707 824 2765 878; x_wconf 76' lang='grc' dir='ltr'><strong>δὲ</strong></span> <span class='ocrx_word' id='word_1_153' title='bbox 2810 828 3023 896; x_wconf 75' lang='grc' dir='ltr'>σκέπης</span> <span class='ocrx_word' id='word_1_154' title='bbox 3058 826 3172 889; x_wconf 84' lang='grc' dir='ltr'>τοῖς</span> <span class='ocrx_word' id='word_1_155' title='bbox 3223 829 3463 897; x_wconf 76' lang='grc' dir='ltr'>καρποῖς</span> <span class='ocrx_word' id='word_1_156' title='bbox 3492 828 3594 897; x_wconf 87' lang='grc' dir='ltr'>τῆς</span> <span class='ocrx_word' id='word_1_157' title='bbox 3637 827 3753 882; x_wconf 77' lang='grc' dir='ltr'><strong>ἀπὸ</strong></span> 
     </span>
    </p>
   </div>
   <div class='ocr_carea' id='block_1_24' title="bbox 2160 912 3752 989">
    <p class='ocr_par' dir='ltr' id='par_1_24' title="bbox 2160 912 3752 989">
     <span class='ocr_line' id='line_1_24' title="bbox 2160 912 3752 989; baseline 0.003 -22"><span class='ocrx_word' id='word_1_158' title='bbox 2160 912 2270 967; x_wconf 86' lang='grc' dir='ltr'><strong>τῶν</strong></span> <span class='ocrx_word' id='word_1_159' title='bbox 2302 913 2536 982; x_wconf 80' lang='grc' dir='ltr'><strong>φύλλων,</strong></span> <span class='ocrx_word' id='word_1_160' title='bbox 2573 914 2823 983; x_wconf 79' lang='grc' dir='ltr'>φυλακῆς</span> <span class='ocrx_word' id='word_1_161' title='bbox 2844 915 3054 969; x_wconf 68' lang='grc' dir='ltr'>ἕνεκεν.</span> <span class='ocrx_word' id='word_1_162' title='bbox 3079 915 3270 970; x_wconf 77' lang='grc' dir='ltr'>Ταῦτα</span> <span class='ocrx_word' id='word_1_163' title='bbox 3300 912 3395 970; x_wconf 79' lang='grc' dir='ltr'><strong>οὖν</strong></span> <span class='ocrx_word' id='word_1_164' title='bbox 3419 918 3515 971; x_wconf 80' lang='grc' dir='ltr'>καὶ</span> <span class='ocrx_word' id='word_1_165' title='bbox 3532 919 3626 972; x_wconf 71' lang='grc' dir='ltr'><strong>ἐπὶ</strong></span> <span class='ocrx_word' id='word_1_166' title='bbox 3647 920 3752 989; x_wconf 76' lang='grc' dir='ltr'>τῆς</span> 
     </span>
    </p>
   </div>
   <div class='ocr_carea' id='block_1_25' title="bbox 2163 1003 3750 1082">
    <p class='ocr_par' dir='ltr' id='par_1_25' title="bbox 2163 1003 3750 1082">
     <span class='ocr_line' id='line_1_25' title="bbox 2163 1003 3750 1082; baseline 0.005 -24"><span class='ocrx_word' id='word_1_167' title='bbox 2163 1007 2293 1077; x_wconf 74' lang='grc' dir='ltr'>περὶ</span> <span class='ocrx_word' id='word_1_168' title='bbox 2318 1005 2427 1059; x_wconf 85' lang='grc' dir='ltr'><strong>τῶν</strong></span> <span class='ocrx_word' id='word_1_169' title='bbox 2463 1005 2601 1060; x_wconf 77' lang='grc' dir='ltr'>ὅλων</span> <span class='ocrx_word' id='word_1_170' title='bbox 2648 1007 2842 1077; x_wconf 79' lang='grc' dir='ltr'>σοφίας</span> <span class='ocrx_word' id='word_1_171' title='bbox 2871 1007 3018 1060; x_wconf 78' lang='grc' dir='ltr'>ἔστιν</span> <span class='ocrx_word' id='word_1_172' title='bbox 3052 1008 3181 1061; x_wconf 85' lang='grc' dir='ltr'>ίδεῖν</span> <span class='ocrx_word' id='word_1_173' title='bbox 3203 1051 3219 1072; x_wconf 93' lang='grc'><strong>,</strong></span> <span class='ocrx_word' id='word_1_174' title='bbox 3246 1010 3305 1061; x_wconf 78' lang='grc' dir='ltr'>ὲν</span> <span class='ocrx_word' id='word_1_175' title='bbox 3403 1009 3472 1062; x_wconf 80' lang='grc' dir='ltr'>τὰ</span> <span class='ocrx_word' id='word_1_176' title='bbox 3501 1011 3685 1065; x_wconf 79' lang='grc' dir='ltr'>πάντα</span> <span class='ocrx_word' id='word_1_177' title='bbox 3720 1013 3750 1065; x_wconf 84' lang='grc' dir='ltr'><strong>ὁ</strong></span> 
     </span>
    </p>
   </div>
   <div class='ocr_carea' id='block_1_26' title="bbox 2162 1096 3755 1178">
    <p class='ocr_par' dir='ltr' id='par_1_26' title="bbox 2162 1096 3755 1178">
     <span class='ocr_line' id='line_1_26' title="bbox 2162 1096 3755 1178; baseline 0.004 -27"><span class='ocrx_word' id='word_1_178' title='bbox 2162 1097 2269 1151; x_wconf 83' lang='grc' dir='ltr'>τῶν</span> <span class='ocrx_word' id='word_1_179' title='bbox 2295 1096 2435 1153; x_wconf 79' lang='grc' dir='ltr'>ὅλων</span> <span class='ocrx_word' id='word_1_180' title='bbox 2477 1097 2825 1170; x_wconf 83' lang='grc' dir='ltr'>Δημιουργὸς</span> <span class='ocrx_word' id='word_1_181' title='bbox 2865 1099 3187 1170; x_wconf 85' lang='grc' dir='ltr'>πεποίηκεν.</span> <span class='ocrx_word' id='word_1_182' title='bbox 3219 1102 3289 1154; x_wconf 77' lang='grc' dir='ltr'><strong>Ἀ</strong></span> <span class='ocrx_word' id='word_1_183' title='bbox 3327 1102 3427 1173; x_wconf 77' lang='grc' dir='ltr'>μὲν</span> <span class='ocrx_word' id='word_1_184' title='bbox 3459 1103 3571 1176; x_wconf 82' lang='grc' dir='ltr'>γὰρ</span> <span class='ocrx_word' id='word_1_185' title='bbox 3615 1122 3755 1178; x_wconf 81' lang='grc' dir='ltr'>προ·</span> 
     </span>
    </p>
   </div>
   <div class='ocr_carea' id='block_1_27' title="bbox 2162 1189 3751 1265">
    <p class='ocr_par' dir='ltr' id='par_1_27' title="bbox 2162 1189 3751 1265">
     <span class='ocr_line' id='line_1_27' title="bbox 2162 1189 3751 1265; baseline 0.007 -24"><span class='ocrx_word' id='word_1_186' title='bbox 2162 1189 2482 1261; x_wconf 84' lang='grc' dir='ltr'>ηγουμὲνως</span> <span class='ocrx_word' id='word_1_187' title='bbox 2502 1189 2734 1255; x_wconf 85' lang='grc' dir='ltr'>γίνεται,</span> <span class='ocrx_word' id='word_1_188' title='bbox 2766 1189 2803 1244; x_wconf 74' lang='grc' dir='ltr'><strong>ὃ.</strong></span> <span class='ocrx_word' id='word_1_189' title='bbox 2831 1190 2890 1244; x_wconf 83' lang='grc' dir='ltr'><strong>δὲ</strong></span> <span class='ocrx_word' id='word_1_190' title='bbox 2924 1190 3047 1245; x_wconf 81' lang='grc' dir='ltr'>κατ’</span> <span class='ocrx_word' id='word_1_191' title='bbox 3079 1192 3539 1265; x_wconf 72' lang='grc' dir='ltr'>ἐπακολούθησιν,</span> <span class='ocrx_word' id='word_1_192' title='bbox 3568 1195 3658 1250; x_wconf 72' lang='grc' dir='ltr'><strong>διὰ</strong></span> <span class='ocrx_word' id='word_1_193' title='bbox 3681 1197 3751 1252; x_wconf 81' lang='grc' dir='ltr'>τὰ</span> 
     </span>
    </p>
   </div>
   <div class='ocr_carea' id='block_1_28' title="bbox 2162 1279 3750 1357">
    <p class='ocr_par' dir='ltr' id='par_1_28' title="bbox 2162 1279 3750 1357">
     <span class='ocr_line' id='line_1_28' title="bbox 2162 1279 3750 1357; baseline 0.006 -25"><span class='ocrx_word' id='word_1_194' title='bbox 2162 1279 2578 1351; x_wconf 83' lang='grc' dir='ltr'>προηγούμενα.</span> <span class='ocrx_word' id='word_1_195' title='bbox 2626 1281 3067 1352; x_wconf 80' lang='grc' dir='ltr'>Προηγουμὲνως</span> <span class='ocrx_word' id='word_1_196' title='bbox 3128 1284 3227 1353; x_wconf 76' lang='grc' dir='ltr'>μὲν</span> <span class='ocrx_word' id='word_1_197' title='bbox 3264 1286 3375 1357; x_wconf 80' lang='grc' dir='ltr'><strong>γὰρ</strong></span> <span class='ocrx_word' id='word_1_198' title='bbox 3413 1286 3476 1339; x_wconf 82' lang='grc' dir='ltr'>τὸ</span> <span class='ocrx_word' id='word_1_199' title='bbox 3527 1285 3750 1356; x_wconf 77' lang='grc' dir='ltr'>λογικὸν</span> 
     </span>
    </p>
   </div>
   <div class='ocr_carea' id='block_1_29' title="bbox 2162 1370 3752 1446">
    <p class='ocr_par' dir='ltr' id='par_1_29' title="bbox 2162 1370 3752 1446">
     <span class='ocr_line' id='line_1_29' title="bbox 2162 1370 3752 1446; baseline 0.006 -22"><span class='ocrx_word' id='word_1_200' title='bbox 2162 1370 2324 1436; x_wconf 78' lang='grc' dir='ltr'>ζῶον,</span> <span class='ocrx_word' id='word_1_201' title='bbox 2362 1371 2450 1425; x_wconf 74' lang='grc' dir='ltr'><strong>διὰ</strong></span> <span class='ocrx_word' id='word_1_202' title='bbox 2490 1372 2549 1426; x_wconf 83' lang='grc' dir='ltr'><strong>δὲ</strong></span> <span class='ocrx_word' id='word_1_203' title='bbox 2596 1372 2696 1444; x_wconf 82' lang='grc' dir='ltr'>τὴν</span> <span class='ocrx_word' id='word_1_204' title='bbox 2725 1372 2892 1426; x_wconf 79' lang='grc' dir='ltr'>αὐτοῦ</span> <span class='ocrx_word' id='word_1_205' title='bbox 2941 1374 3135 1443; x_wconf 80' lang='grc' dir='ltr'>χρείαν</span> <span class='ocrx_word' id='word_1_206' title='bbox 3163 1376 3337 1446; x_wconf 86' lang='grc' dir='ltr'><strong>κτήνη</strong></span> <span class='ocrx_word' id='word_1_207' title='bbox 3363 1415 3377 1438; x_wconf 92' lang='grc'><strong>,</strong></span> <span class='ocrx_word' id='word_1_208' title='bbox 3406 1377 3600 1431; x_wconf 60' lang='grc' dir='ltr'>καὶτὰ</span> <span class='ocrx_word' id='word_1_209' title='bbox 3640 1378 3752 1433; x_wconf 79' lang='grc' dir='ltr'><strong>ἀπὸ</strong></span> 
     </span>
    </p>
   </div>
   <div class='ocr_carea' id='block_1_30' title="bbox 2160 1459 3754 1541">
    <p class='ocr_par' dir='ltr' id='par_1_30' title="bbox 2160 1459 3754 1541">
     <span class='ocr_line' id='line_1_30' title="bbox 2160 1459 3754 1541; baseline 0.005 -26"><span class='ocrx_word' id='word_1_210' title='bbox 2160 1463 2260 1533; x_wconf 82' lang='grc' dir='ltr'>τῆς</span> <span class='ocrx_word' id='word_1_211' title='bbox 2288 1464 2390 1532; x_wconf 86' lang='grc' dir='ltr'><strong>γῆς</strong></span> <span class='ocrx_word' id='word_1_212' title='bbox 2424 1463 2689 1533; x_wconf 79' lang='grc' dir='ltr'>φυόμενα.</span> <span class='ocrx_word' id='word_1_213' title='bbox 2716 1464 2947 1534; x_wconf 80' lang='grc' dir='ltr'><strong>Μήποτε</strong></span> <span class='ocrx_word' id='word_1_214' title='bbox 2974 1459 3069 1518; x_wconf 84' lang='grc' dir='ltr'><strong>οὗν</strong></span> <span class='ocrx_word' id='word_1_215' title='bbox 3097 1467 3150 1518; x_wconf 82' lang='lat' dir='ltr'><strong>oi</strong></span> <span class='ocrx_word' id='word_1_216' title='bbox 3185 1467 3285 1535; x_wconf 85' lang='grc' dir='ltr'>μὲν</span> <span class='ocrx_word' id='word_1_217' title='bbox 3311 1467 3463 1538; x_wconf 89' lang='grc' dir='ltr'>λόγοι</span> <span class='ocrx_word' id='word_1_218' title='bbox 3482 1467 3595 1522; x_wconf 86' lang='grc' dir='ltr'><strong>τῶν</strong></span> <span class='ocrx_word' id='word_1_219' title='bbox 3618 1487 3754 1541; x_wconf 85' lang='grc' dir='ltr'>προ-</span> 
     </span>
    </p>
   </div>
   <div class='ocr_carea' id='block_1_31' title="bbox 2161 1554 3751 1631">
    <p class='ocr_par' dir='ltr' id='par_1_31' title="bbox 2161 1554 3751 1631">
     <span class='ocr_line' id='line_1_31' title="bbox 2161 1554 3751 1631; baseline 0.005 -25"><span class='ocrx_word' id='word_1_220' title='bbox 2161 1554 2483 1624; x_wconf 84' lang='grc' dir='ltr'>ηγουμένως</span> <span class='ocrx_word' id='word_1_221' title='bbox 2519 1554 2847 1623; x_wconf 83' lang='grc' dir='ltr'>γεγονότων,</span> <span class='ocrx_word' id='word_1_222' title='bbox 2893 1556 2943 1608; x_wconf 78' lang='grc' dir='ltr'>οἱ</span> <span class='ocrx_word' id='word_1_223' title='bbox 2996 1556 3200 1626; x_wconf 86' lang='grc' dir='ltr'>καρποί</span> <span class='ocrx_word' id='word_1_224' title='bbox 3234 1559 3344 1611; x_wconf 87' lang='grc' dir='ltr'>είσι</span> <span class='ocrx_word' id='word_1_225' title='bbox 3396 1559 3490 1613; x_wconf 81' lang='grc' dir='ltr'>τοῦ</span> <span class='ocrx_word' id='word_1_226' title='bbox 3527 1560 3751 1631; x_wconf 79' lang='grc' dir='ltr'>δένδρου</span> 
     </span>
    </p>
   </div>
   <div class='ocr_carea' id='block_1_32' title="bbox 2161 1644 3748 1721">
    <p class='ocr_par' dir='ltr' id='par_1_32' title="bbox 2161 1644 3748 1721">
     <span class='ocr_line' id='line_1_32' title="bbox 2161 1644 3748 1721; baseline 0.006 -25"><span class='ocrx_word' id='word_1_227' title='bbox 2161 1645 2261 1715; x_wconf 84' lang='grc' dir='ltr'>τῆς</span> <span class='ocrx_word' id='word_1_228' title='bbox 2290 1644 2438 1715; x_wconf 75' lang='grc' dir='ltr'>ζωῆς</span> <span class='ocrx_word' id='word_1_229' title='bbox 2465 1661 2481 1678; x_wconf 78' lang='grc' dir='ltr'><strong><em>ο</em></strong></span> <span class='ocrx_word' id='word_1_230' title='bbox 2518 1645 2627 1698; x_wconf 83' lang='grc' dir='ltr'><strong>τῶν</strong></span> <span class='ocrx_word' id='word_1_231' title='bbox 2659 1645 2718 1699; x_wconf 82' lang='grc' dir='ltr'><strong>δὲ</strong></span> <span class='ocrx_word' id='word_1_232' title='bbox 2752 1646 2843 1699; x_wconf 81' lang='grc' dir='ltr'>διὰ</span> <span class='ocrx_word' id='word_1_233' title='bbox 2872 1646 3046 1701; x_wconf 74' lang='grc' dir='ltr'>ταῦτα</span> <span class='ocrx_word' id='word_1_234' title='bbox 3072 1650 3399 1705; x_wconf 77' lang='grc' dir='ltr'>κτισθέντων</span> <span class='ocrx_word' id='word_1_235' title='bbox 3433 1652 3502 1706; x_wconf 81' lang='grc' dir='ltr'>τὰ</span> <span class='ocrx_word' id='word_1_236' title='bbox 3539 1651 3748 1721; x_wconf 83' lang='grc' dir='ltr'>φύλλα,</span> 
     </span>
    </p>
   </div>
   <div class='ocr_carea' id='block_1_33' title="bbox 2161 1723 3752 1814">
    <p class='ocr_par' dir='ltr' id='par_1_33' title="bbox 2161 1723 3752 1814">
     <span class='ocr_line' id='line_1_33' title="bbox 2161 1723 3752 1814; baseline 0.005 -24"><span class='ocrx_word' id='word_1_237' title='bbox 2161 1730 2238 1790; x_wconf 84' lang='grc' dir='ltr'>ὧν</span> <span class='ocrx_word' id='word_1_238' title='bbox 2279 1737 2432 1790; x_wconf 68' lang='grc' dir='ltr'>οὐδὲν</span> <span class='ocrx_word' id='word_1_239' title='bbox 2466 1736 2694 1807; x_wconf 82' lang='grc' dir='ltr'>μάταιόν</span> <span class='ocrx_word' id='word_1_240' title='bbox 2744 1723 2914 1811; x_wconf 63' lang='grc' dir='ltr'>ἐστιν,</span> <span class='ocrx_word' id='word_1_241' title='bbox 2973 1739 3096 1793; x_wconf 79' lang='grc' dir='ltr'>οὐδὲ</span> <span class='ocrx_word' id='word_1_242' title='bbox 3130 1741 3530 1807; x_wconf 79' lang='grc' dir='ltr'>ἐξουθενεῑσθαι</span> <span class='ocrx_word' id='word_1_243' title='bbox 3570 1744 3752 1814; x_wconf 80' lang='grc' dir='ltr'><strong>πάντη</strong></span> 
     </span>
    </p>
   </div>
   <div class='ocr_carea' id='block_1_34' title="bbox 480 1809 2057 1905">
    <p class='ocr_par' dir='ltr' id='par_1_34' title="bbox 480 1809 2056 1901">
     <span class='ocr_line' id='line_1_34' title="bbox 480 1809 2056 1901; baseline -0.009 -12"><span class='ocrx_word' id='word_1_244' title='bbox 480 1809 593 1890; x_wconf 69' lang='lat' dir='ltr'><strong>stra</strong></span> <span class='ocrx_word' id='word_1_245' title='bbox 619 1842 725 1896; x_wconf 88' lang='lat' dir='ltr'><strong>est,</strong></span> <span class='ocrx_word' id='word_1_246' title='bbox 748 1845 929 1901; x_wconf 88' lang='lat' dir='ltr'><strong>neque</strong></span> <span class='ocrx_word' id='word_1_247' title='bbox 976 1828 1199 1884; x_wconf 88' lang='lat' dir='ltr'><strong>omnino</strong></span> <span class='ocrx_word' id='word_1_248' title='bbox 1241 1825 1524 1880; x_wconf 78' lang='lat' dir='ltr'><strong>extenuari</strong></span> <span class='ocrx_word' id='word_1_249' title='bbox 1553 1824 1775 1893; x_wconf 75' lang='lat' dir='ltr'><strong>dignum</strong></span> <span class='ocrx_word' id='word_1_250' title='bbox 1799 1831 2056 1891; x_wconf 83' lang='lat' dir='ltr'><strong>tanquam</strong></span> 
     </span>
    </p>
   </div>
   <div class='ocr_carea' id='block_1_35' title="bbox 2161 1809 3750 1905">
    <p class='ocr_par' dir='ltr' id='par_1_35' title="bbox 2162 1809 3750 1905">
     <span class='ocr_line' id='line_1_35' title="bbox 2162 1809 3750 1905; baseline 0.004 -24"><span class='ocrx_word' id='word_1_251' title='bbox 2162 1830 2312 1896; x_wconf 77' lang='grc' dir='ltr'>ἀξιον</span> <span class='ocrx_word' id='word_1_252' title='bbox 2350 1828 2427 1892; x_wconf 86' lang='grc' dir='ltr'>ὠς</span> <span class='ocrx_word' id='word_1_253' title='bbox 2471 1827 2688 1893; x_wconf 80' lang='grc' dir='ltr'>εὐτελὲς</span> <span class='ocrx_word' id='word_1_254' title='bbox 2711 1869 2726 1894; x_wconf 87' lang='grc'><strong>,</strong></span> <span class='ocrx_word' id='word_1_255' title='bbox 2760 1809 3014 1902; x_wconf 76' lang='grc' dir='ltr'>ἶναελθῃ</span> <span class='ocrx_word' id='word_1_256' title='bbox 3048 1831 3273 1885; x_wconf 79' lang='grc' dir='ltr'>πίπτειν</span> <span class='ocrx_word' id='word_1_257' title='bbox 3311 1833 3406 1886; x_wconf 78' lang='grc' dir='ltr'>καὶ</span> <span class='ocrx_word' id='word_1_258' title='bbox 3438 1809 3750 1905; x_wconf 64' lang='grc' dir='ltr'>ἀπορρεῖν,</span> 
     </span>
    </p>
   </div>
   <div class='ocr_carea' id='block_1_36' title="bbox 484 1914 2056 1989">
    <p class='ocr_par' dir='ltr' id='par_1_36' title="bbox 484 1914 2056 1989">
     <span class='ocr_line' id='line_1_36' title="bbox 484 1914 2056 1989; baseline -0.011 -7"><span class='ocrx_word' id='word_1_259' title='bbox 484 1927 615 1989; x_wconf 88' lang='lat' dir='ltr'><strong>vile,</strong></span> <span class='ocrx_word' id='word_1_260' title='bbox 647 1924 919 1980; x_wconf 85' lang='lat' dir='ltr'><strong>utcadere</strong></span> <span class='ocrx_word' id='word_1_261' title='bbox 938 1928 1231 1983; x_wconf 83' lang='lat' dir='ltr'><strong>mereatur,</strong></span> <span class='ocrx_word' id='word_1_262' title='bbox 1254 1925 1349 1971; x_wconf 89' lang='lat' dir='ltr'><strong>aut</strong></span> <span class='ocrx_word' id='word_1_263' title='bbox 1372 1916 1549 1985; x_wconf 89' lang='lat' dir='ltr'><strong>perire</strong></span> <span class='ocrx_word' id='word_1_264' title='bbox 1572 1931 1676 1970; x_wconf 89' lang='lat' dir='ltr'><strong>non</strong></span> <span class='ocrx_word' id='word_1_265' title='bbox 1701 1914 2056 1969; x_wconf 84' lang='lat' dir='ltr'><strong>custoditum.</strong></span> 
     </span>
    </p>
   </div>
   <div class='ocr_carea' id='block_1_37' title="bbox 481 2005 2061 2085">
    <p class='ocr_par' dir='ltr' id='par_1_37' title="bbox 481 2005 2061 2085">
     <span class='ocr_line' id='line_1_37' title="bbox 481 2005 2061 2085; baseline -0.007 -16"><span class='ocrx_word' id='word_1_266' title='bbox 481 2017 624 2085; x_wconf 87' lang='lat' dir='ltr'><strong>Quin</strong></span> <span class='ocrx_word' id='word_1_267' title='bbox 658 2015 858 2084; x_wconf 87' lang='lat' dir='ltr'><strong>potius,</strong></span> <span class='ocrx_word' id='word_1_268' title='bbox 891 2023 950 2066; x_wconf 93' lang='lat' dir='ltr'><strong>ut</strong></span> <span class='ocrx_word' id='word_1_269' title='bbox 982 2013 1228 2080; x_wconf 83' lang='lat' dir='ltr'><strong>sequitur</strong></span> <span class='ocrx_word' id='word_1_270' title='bbox 1257 2026 1269 2062; x_wconf 95' lang='lat'><strong>:</strong></span> <span class='ocrx_word' id='word_1_271' title='bbox 1308 2007 1370 2061; x_wconf 82' lang='lat' dir='ltr'><strong>Et</strong></span> <span class='ocrx_word' id='word_1_272' title='bbox 1412 2010 1587 2061; x_wconf 80' lang='lat' dir='ltr'><strong>omnia</strong></span> <span class='ocrx_word' id='word_1_273' title='bbox 1628 2022 1950 2077; x_wconf 69' lang='lat' dir='ltr'><strong>quaecunque</strong></span> <span class='ocrx_word' id='word_1_274' title='bbox 1976 2005 2061 2075; x_wconf 81' lang='lat' dir='ltr'><strong>[a-</strong></span> 
     </span>
    </p>
   </div>
   <div class='ocr_carea' id='block_1_38' title="bbox 478 2099 2062 2175">
    <p class='ocr_par' dir='ltr' id='par_1_38' title="bbox 478 2099 2062 2175">
     <span class='ocr_line' id='line_1_38' title="bbox 478 2099 2062 2175; baseline -0.007 -12"><span class='ocrx_word' id='word_1_275' title='bbox 478 2111 581 2164; x_wconf 74' lang='grc' dir='ltr'>εἰει</span> <span class='ocrx_word' id='word_1_276' title='bbox 612 2107 1080 2175; x_wconf 77' lang='lat' dir='ltr'><strong>prorperabuntur.</strong></span> <span class='ocrx_word' id='word_1_277' title='bbox 1112 2101 1300 2155; x_wconf 82' lang='lat' dir='ltr'><strong>Liceat</strong></span> <span class='ocrx_word' id='word_1_278' title='bbox 1332 2099 1477 2154; x_wconf 90' lang='lat' dir='ltr'><strong>enim</strong></span> <span class='ocrx_word' id='word_1_279' title='bbox 1504 2101 1572 2153; x_wconf 86' lang='lat' dir='ltr'><strong>ad</strong></span> <span class='ocrx_word' id='word_1_280' title='bbox 1598 2102 1842 2168; x_wconf 76' lang='lat' dir='ltr'><strong>quazdam</strong></span> <span class='ocrx_word' id='word_1_281' title='bbox 1873 2113 2062 2152; x_wconf 82' lang='lat' dir='ltr'><strong>neces-</strong></span> 
     </span>
    </p>
   </div>
   <div class='ocr_carea' id='block_1_39' title="bbox 478 2188 2058 2260">
    <p class='ocr_par' dir='ltr' id='par_1_39' title="bbox 478 2188 2058 2260">
     <span class='ocr_line' id='line_1_39' title="bbox 478 2188 2058 2260; baseline -0.008 -6"><span class='ocrx_word' id='word_1_282' title='bbox 478 2200 624 2254; x_wconf 86' lang='lat' dir='ltr'><strong>saria</strong></span> <span class='ocrx_word' id='word_1_283' title='bbox 662 2198 828 2252; x_wconf 84' lang='lat' dir='ltr'><strong>etiam</strong></span> <span class='ocrx_word' id='word_1_284' title='bbox 868 2194 1014 2248; x_wconf 80' lang='lat' dir='ltr'><strong>abuti</strong></span> <span class='ocrx_word' id='word_1_285' title='bbox 1053 2193 1120 2247; x_wconf 87' lang='lat' dir='ltr'><strong>iis</strong></span> <span class='ocrx_word' id='word_1_286' title='bbox 1157 2190 1415 2245; x_wconf 90' lang='lat' dir='ltr'><strong>omnibus</strong></span> <span class='ocrx_word' id='word_1_287' title='bbox 1440 2204 1564 2260; x_wconf 83' lang='lat' dir='ltr'><strong>quae</strong></span> <span class='ocrx_word' id='word_1_288' title='bbox 1590 2204 1658 2244; x_wconf 74' lang='lat' dir='ltr'><strong>ex</strong></span> <span class='ocrx_word' id='word_1_289' title='bbox 1703 2188 2058 2258; x_wconf 80' lang='lat' dir='ltr'><strong>consequenti</strong></span> 
     </span>
    </p>
   </div>
   <div class='ocr_carea' id='block_1_40' title="bbox 482 2281 2059 2354">
    <p class='ocr_par' dir='ltr' id='par_1_40' title="bbox 482 2281 2059 2354">
     <span class='ocr_line' id='line_1_40' title="bbox 482 2281 2059 2354; baseline -0.007 -8"><span class='ocrx_word' id='word_1_290' title='bbox 482 2292 636 2346; x_wconf 80' lang='lat' dir='ltr'><strong>iiunt.</strong></span> <span class='ocrx_word' id='word_1_291' title='bbox 669 2288 902 2343; x_wconf 85' lang='lat' dir='ltr'><strong>Fructus</strong></span> <span class='ocrx_word' id='word_1_292' title='bbox 950 2299 1114 2354; x_wconf 89' lang='lat' dir='ltr'><strong>porro</strong></span> <span class='ocrx_word' id='word_1_293' title='bbox 1153 2282 1358 2339; x_wconf 80' lang='lat' dir='ltr'><strong>Christi</strong></span> <span class='ocrx_word' id='word_1_294' title='bbox 1406 2284 1668 2350; x_wconf 86' lang='lat' dir='ltr'><strong>primario</strong></span> <span class='ocrx_word' id='word_1_295' title='bbox 1708 2283 1781 2336; x_wconf 85' lang='lat' dir='ltr'><strong>sit</strong></span> <span class='ocrx_word' id='word_1_296' title='bbox 1807 2281 2059 2335; x_wconf 77' lang='lat' dir='ltr'><strong>doctrina</strong></span> 
     </span>
    </p>
   </div>
   <div class='ocr_carea' id='block_1_41' title="bbox 478 2372 2057 2450">
    <p class='ocr_par' dir='ltr' id='par_1_41' title="bbox 478 2372 2057 2450">
     <span class='ocr_line' id='line_1_41' title="bbox 478 2372 2057 2450; baseline -0.008 -14"><span class='ocrx_word' id='word_1_297' title='bbox 478 2383 601 2447; x_wconf 89' lang='lat' dir='ltr'><strong>illa,</strong></span> <span class='ocrx_word' id='word_1_298' title='bbox 652 2395 774 2450; x_wconf 68' lang='lat' dir='ltr'><strong>quae</strong></span> <span class='ocrx_word' id='word_1_299' title='bbox 819 2378 973 2432; x_wconf 85' lang='lat' dir='ltr'><strong>cibus</strong></span> <span class='ocrx_word' id='word_1_300' title='bbox 1015 2384 1099 2431; x_wconf 80' lang='lat' dir='ltr'><strong>est</strong></span> <span class='ocrx_word' id='word_1_301' title='bbox 1144 2374 1573 2445; x_wconf 80' lang='lat' dir='ltr'><strong>perfectiorum;</strong></span> <span class='ocrx_word' id='word_1_302' title='bbox 1607 2372 2057 2441; x_wconf 83' lang='lat' dir='ltr'><strong>quemadmodum</strong></span> 
     </span>
    </p>
   </div>
   <div class='ocr_carea' id='block_1_42' title="bbox 477 2461 2060 2534">
    <p class='ocr_par' dir='ltr' id='par_1_42' title="bbox 477 2461 2060 2534">
     <span class='ocr_line' id='line_1_42' title="bbox 477 2461 2060 2534; baseline -0.008 -6"><span class='ocrx_word' id='word_1_303' title='bbox 477 2472 726 2529; x_wconf 82' lang='lat' dir='ltr'><strong>homines</strong></span> <span class='ocrx_word' id='word_1_304' title='bbox 749 2469 1012 2522; x_wconf 79' lang='lat' dir='ltr'><strong>fructibus</strong></span> <span class='ocrx_word' id='word_1_305' title='bbox 1052 2476 1359 2527; x_wconf 84' lang='lat' dir='ltr'><strong>vescuntur,</strong></span> <span class='ocrx_word' id='word_1_306' title='bbox 1399 2480 1592 2534; x_wconf 70' lang='lat' dir='ltr'><strong>pecora</strong></span> <span class='ocrx_word' id='word_1_307' title='bbox 1618 2480 1746 2517; x_wconf 82' lang='lat' dir='ltr'><strong>vero</strong></span> <span class='ocrx_word' id='word_1_308' title='bbox 1782 2461 1941 2516; x_wconf 82' lang='lat' dir='ltr'><strong>foliis.</strong></span> <span class='ocrx_word' id='word_1_309' title='bbox 1966 2461 2060 2516; x_wconf 78' lang='lat' dir='ltr'><strong>Li-</strong></span> 
     </span>
    </p>
   </div>
   <div class='ocr_carea' id='block_1_43' title="bbox 478 2554 2056 2630">
    <p class='ocr_par' dir='ltr' id='par_1_43' title="bbox 478 2554 2056 2630">
     <span class='ocr_line' id='line_1_43' title="bbox 478 2554 2056 2630; baseline -0.008 -11"><span class='ocrx_word' id='word_1_310' title='bbox 478 2573 605 2620; x_wconf 89' lang='lat' dir='ltr'><strong>ceat</strong></span> <span class='ocrx_word' id='word_1_311' title='bbox 634 2575 848 2630; x_wconf 86' lang='lat' dir='ltr'><strong>quoque</strong></span> <span class='ocrx_word' id='word_1_312' title='bbox 872 2559 1170 2626; x_wconf 69' lang='lat' dir='ltr'><strong>Scriptura:</strong></span> <span class='ocrx_word' id='word_1_313' title='bbox 1191 2558 1449 2625; x_wconf 84' lang='lat' dir='ltr'><strong>quosdam</strong></span> <span class='ocrx_word' id='word_1_314' title='bbox 1478 2555 1684 2609; x_wconf 76' lang='lat' dir='ltr'><strong>fructus</strong></span> <span class='ocrx_word' id='word_1_315' title='bbox 1705 2555 1891 2609; x_wconf 89' lang='lat' dir='ltr'><strong>dicere</strong></span> <span class='ocrx_word' id='word_1_316' title='bbox 1914 2554 2056 2615; x_wconf 74' lang='lat' dir='ltr'><strong>illus,</strong></span> 
     </span>
    </p>
   </div>
   <div class='ocr_carea' id='block_1_44' title="bbox 480 2645 2057 2724">
    <p class='ocr_par' dir='ltr' id='par_1_44' title="bbox 480 2645 2057 2724">
     <span class='ocr_line' id='line_1_44' title="bbox 480 2645 2057 2724; baseline -0.005 -17"><span class='ocrx_word' id='word_1_317' title='bbox 480 2669 620 2724; x_wconf 84' lang='lat' dir='ltr'><strong>quos</strong></span> <span class='ocrx_word' id='word_1_318' title='bbox 642 2652 864 2720; x_wconf 85' lang='lat' dir='ltr'><strong>capiunt</strong></span> <span class='ocrx_word' id='word_1_319' title='bbox 898 2648 1224 2718; x_wconf 84' lang='lat' dir='ltr'><strong>peritiores;</strong></span> <span class='ocrx_word' id='word_1_320' title='bbox 1258 2645 1387 2700; x_wconf 77' lang='lat' dir='ltr'><strong>folia</strong></span> <span class='ocrx_word' id='word_1_321' title='bbox 1420 2661 1585 2710; x_wconf 73' lang='lat' dir='ltr'><strong>vero,</strong></span> <span class='ocrx_word' id='word_1_322' title='bbox 1623 2647 1820 2715; x_wconf 82' lang='lat' dir='ltr'><strong>quibus</strong></span> <span class='ocrx_word' id='word_1_323' title='bbox 1844 2646 2057 2716; x_wconf 78' lang='lat' dir='ltr'><strong>simpli-</strong></span> 
     </span>
    </p>
   </div>
   <div class='ocr_carea' id='block_1_45' title="bbox 481 2738 2052 2809">
    <p class='ocr_par' dir='ltr' id='par_1_45' title="bbox 481 2738 2052 2809">
     <span class='ocr_line' id='line_1_45' title="bbox 481 2738 2052 2809; baseline -0.006 -9"><span class='ocrx_word' id='word_1_324' title='bbox 481 2746 661 2800; x_wconf 88' lang='lat' dir='ltr'><strong>ciores</strong></span> <span class='ocrx_word' id='word_1_325' title='bbox 696 2742 1033 2797; x_wconf 89' lang='lat' dir='ltr'><strong>nutriuntur.</strong></span> <span class='ocrx_word' id='word_1_326' title='bbox 1065 2738 1333 2793; x_wconf 64' lang='lat' dir='ltr'><strong>Caeterum</strong></span> <span class='ocrx_word' id='word_1_327' title='bbox 1363 2739 1481 2809; x_wconf 85' lang='lat' dir='ltr'><strong>ejus</strong></span> <span class='ocrx_word' id='word_1_328' title='bbox 1503 2739 1593 2807; x_wconf 92' lang='lat' dir='ltr'><strong>qui</strong></span> <span class='ocrx_word' id='word_1_329' title='bbox 1636 2738 1825 2792; x_wconf 89' lang='lat' dir='ltr'><strong>beatus</strong></span> <span class='ocrx_word' id='word_1_330' title='bbox 1858 2738 2052 2807; x_wconf 67' lang='lat' dir='ltr'><strong>praedi-</strong></span> 
     </span>
    </p>
   </div>
   <div class='ocr_carea' id='block_1_46' title="bbox 477 2828 2058 2901">
    <p class='ocr_par' dir='ltr' id='par_1_46' title="bbox 477 2828 2058 2901">
     <span class='ocr_line' id='line_1_46' title="bbox 477 2828 2058 2901; baseline -0.006 -11"><span class='ocrx_word' id='word_1_331' title='bbox 477 2847 656 2901; x_wconf 85' lang='lat' dir='ltr'><strong>catur,</strong></span> <span class='ocrx_word' id='word_1_332' title='bbox 683 2843 737 2888; x_wconf 92' lang='lat' dir='ltr'><strong>et</strong></span> <span class='ocrx_word' id='word_1_333' title='bbox 769 2831 916 2901; x_wconf 88' lang='lat' dir='ltr'><strong>ligno</strong></span> <span class='ocrx_word' id='word_1_334' title='bbox 950 2830 1073 2884; x_wconf 65' lang='lat' dir='ltr'><strong>vitm</strong></span> <span class='ocrx_word' id='word_1_335' title='bbox 1100 2840 1449 2898; x_wconf 80' lang='lat' dir='ltr'><strong>comparatus</strong></span> <span class='ocrx_word' id='word_1_336' title='bbox 1473 2839 1575 2893; x_wconf 78' lang='lat' dir='ltr'><strong>est,</strong></span> <span class='ocrx_word' id='word_1_337' title='bbox 1609 2828 1815 2882; x_wconf 83' lang='lat' dir='ltr'><strong>fructus</strong></span> <span class='ocrx_word' id='word_1_338' title='bbox 1839 2828 2058 2896; x_wconf 89' lang='lat' dir='ltr'><strong>quidem</strong></span> 
     </span>
    </p>
   </div>
   <div class='ocr_carea' id='block_1_47' title="bbox 478 2917 2061 2993">
    <p class='ocr_par' dir='ltr' id='par_1_47' title="bbox 478 2917 2061 2993">
     <span class='ocr_line' id='line_1_47' title="bbox 478 2917 2061 2993; baseline -0.006 -12"><span class='ocrx_word' id='word_1_339' title='bbox 478 2926 586 2981; x_wconf 88' lang='lat' dir='ltr'><strong>dici</strong></span> <span class='ocrx_word' id='word_1_340' title='bbox 611 2923 1015 2993; x_wconf 77' lang='lat' dir='ltr'><strong>possint&#39;opera</strong></span> <span class='ocrx_word' id='word_1_341' title='bbox 1046 2921 1328 2985; x_wconf 85' lang='lat' dir='ltr'><strong>primaria,</strong></span> <span class='ocrx_word' id='word_1_342' title='bbox 1360 2929 1418 2972; x_wconf 93' lang='lat' dir='ltr'><strong>ut</strong></span> <span class='ocrx_word' id='word_1_343' title='bbox 1438 2917 1817 2985; x_wconf 75' lang='lat' dir='ltr'><strong>beneﬁcentia,</strong></span> <span class='ocrx_word' id='word_1_344' title='bbox 1839 2927 1896 2973; x_wconf 89' lang='lat' dir='ltr'><strong>et</strong></span> <span class='ocrx_word' id='word_1_345' title='bbox 1945 2928 2061 2973; x_wconf 83' lang='lat' dir='ltr'><strong>stu-</strong></span> 
     </span>
    </p>
   </div>
   <div class='ocr_carea' id='block_1_48' title="bbox 474 3010 2054 3086">
    <p class='ocr_par' dir='ltr' id='par_1_48' title="bbox 474 3010 2054 3086">
     <span class='ocr_line' id='line_1_48' title="bbox 474 3010 2054 3086; baseline -0.006 -12"><span class='ocrx_word' id='word_1_346' title='bbox 474 3018 623 3075; x_wconf 80' lang='lat' dir='ltr'><strong>dium</strong></span> <span class='ocrx_word' id='word_1_347' title='bbox 650 3014 971 3086; x_wconf 76' lang='lat' dir='ltr'><strong>sapientiae;</strong></span> <span class='ocrx_word' id='word_1_348' title='bbox 1022 3013 1148 3069; x_wconf 80' lang='lat' dir='ltr'><strong>folia</strong></span> <span class='ocrx_word' id='word_1_349' title='bbox 1196 3027 1329 3068; x_wconf 79' lang='lat' dir='ltr'><strong>vero</strong></span> <span class='ocrx_word' id='word_1_350' title='bbox 1377 3011 1577 3066; x_wconf 80' lang='lat' dir='ltr'><strong>vitales</strong></span> <span class='ocrx_word' id='word_1_351' title='bbox 1604 3010 1723 3081; x_wconf 82' lang='lat' dir='ltr'><strong>ejus</strong></span> <span class='ocrx_word' id='word_1_352' title='bbox 1747 3011 2054 3066; x_wconf 81' lang='lat' dir='ltr'><strong>motiones:</strong></span> 
     </span>
    </p>
   </div>
   <div class='ocr_carea' id='block_1_49' title="bbox 2167 1919 3748 1995">
    <p class='ocr_par' dir='ltr' id='par_1_49' title="bbox 2167 1919 3748 1995">
     <span class='ocr_line' id='line_1_49' title="bbox 2167 1919 3748 1995; baseline 0.001 -21"><span class='ocrx_word' id='word_1_353' title='bbox 2167 1920 2242 1991; x_wconf 81' lang='grc' dir='ltr'>μὴ</span> <span class='ocrx_word' id='word_1_354' title='bbox 2277 1919 2704 1991; x_wconf 78' lang='grc' dir='ltr'>φρουρούμενον.</span> <span class='ocrx_word' id='word_1_355' title='bbox 2763 1922 2874 1975; x_wconf 70' lang='grc' dir='ltr'><strong>Καὶ</strong></span> <span class='ocrx_word' id='word_1_356' title='bbox 2921 1920 3003 1974; x_wconf 73' lang='grc' dir='ltr'>ἔτι</span> <span class='ocrx_word' id='word_1_357' title='bbox 3056 1922 3259 1991; x_wconf 79' lang='grc' dir='ltr'>μᾶλλον</span> <span class='ocrx_word' id='word_1_358' title='bbox 3299 1923 3366 1977; x_wconf 83' lang='grc' dir='ltr'>τὸ</span> <span class='ocrx_word' id='word_1_359' title='bbox 3411 1924 3579 1995; x_wconf 75' lang='grc' dir='ltr'><strong>ἑξῆς·</strong></span> <span class='ocrx_word' id='word_1_360' title='bbox 3632 1927 3748 1980; x_wconf 74' lang='grc' dir='ltr'><strong>Καὶ</strong></span> 
     </span>
    </p>
   </div>
   <div class='ocr_carea' id='block_1_50' title="bbox 2162 2010 3755 2084">
    <p class='ocr_par' dir='ltr' id='par_1_50' title="bbox 2162 2010 3755 2084">
     <span class='ocr_line' id='line_1_50' title="bbox 2162 2010 3755 2084; baseline 0.002 -20"><span class='ocrx_word' id='word_1_361' title='bbox 2162 2010 2360 2065; x_wconf 82' lang='grc' dir='ltr'>πάντα</span> <span class='ocrx_word' id='word_1_362' title='bbox 2394 2011 2511 2064; x_wconf 81' lang='grc' dir='ltr'>ὅσα</span> <span class='ocrx_word' id='word_1_363' title='bbox 2547 2010 2625 2065; x_wconf 80' lang='grc' dir='ltr'><strong>ἂν</strong></span> <span class='ocrx_word' id='word_1_364' title='bbox 2651 2010 2795 2080; x_wconf 79' lang='grc' dir='ltr'>ποιῇ</span> <span class='ocrx_word' id='word_1_365' title='bbox 2824 2011 3404 2079; x_wconf 76' lang='grc' dir='ltr'>κατευοδωθήσεται.</span> <span class='ocrx_word' id='word_1_366' title='bbox 3441 2014 3600 2067; x_wconf 86' lang='grc' dir='ltr'>Ἔστι</span> <span class='ocrx_word' id='word_1_367' title='bbox 3639 2017 3755 2084; x_wconf 79' lang='grc' dir='ltr'><strong>γὰρ</strong></span> 
     </span>
    </p>
   </div>
   <div class='ocr_carea' id='block_1_51' title="bbox 2162 2102 3756 2174">
    <p class='ocr_par' dir='ltr' id='par_1_51' title="bbox 2162 2102 3756 2174">
     <span class='ocr_line' id='line_1_51' title="bbox 2162 2102 3756 2174; baseline 0.004 -19"><span class='ocrx_word' id='word_1_368' title='bbox 2162 2104 2241 2165; x_wconf 85' lang='grc' dir='ltr'><strong>εῖς</strong></span> <span class='ocrx_word' id='word_1_369' title='bbox 2270 2120 2387 2156; x_wconf 89' lang='grc' dir='ltr'>τινα</span> <span class='ocrx_word' id='word_1_370' title='bbox 2426 2104 2702 2170; x_wconf 81' lang='grc' dir='ltr'>ἀναγκαῖα</span> <span class='ocrx_word' id='word_1_371' title='bbox 2729 2102 3211 2174; x_wconf 80' lang='grc' dir='ltr'>καταχρήσασθαι,</span> <span class='ocrx_word' id='word_1_372' title='bbox 3245 2105 3341 2157; x_wconf 86' lang='grc' dir='ltr'><strong>καί</strong></span> <span class='ocrx_word' id='word_1_373' title='bbox 3378 2106 3515 2159; x_wconf 80' lang='grc' dir='ltr'>πᾶσι</span> <span class='ocrx_word' id='word_1_374' title='bbox 3546 2108 3661 2170; x_wconf 84' lang='grc' dir='ltr'>τοῖς</span> <span class='ocrx_word' id='word_1_375' title='bbox 3686 2108 3756 2161; x_wconf 82' lang='grc' dir='ltr'>ὲκ</span> 
     </span>
    </p>
   </div>
   <div class='ocr_carea' id='block_1_52' title="bbox 2162 2190 3755 2265">
    <p class='ocr_par' dir='ltr' id='par_1_52' title="bbox 2162 2190 3755 2265">
     <span class='ocr_line' id='line_1_52' title="bbox 2162 2190 3755 2265; baseline 0.001 -20"><span class='ocrx_word' id='word_1_376' title='bbox 2162 2190 2255 2245; x_wconf 77' lang='grc' dir='ltr'>τοῦ</span> <span class='ocrx_word' id='word_1_377' title='bbox 2338 2191 2796 2263; x_wconf 83' lang='grc' dir='ltr'>ἀκολουθήματος</span> <span class='ocrx_word' id='word_1_378' title='bbox 2858 2191 3195 2261; x_wconf 75' lang='grc' dir='ltr'>γενομένοις.</span> <span class='ocrx_word' id='word_1_379' title='bbox 3255 2195 3484 2265; x_wconf 76' lang='grc' dir='ltr'>Καρπὸς</span> <span class='ocrx_word' id='word_1_380' title='bbox 3538 2194 3599 2249; x_wconf 87' lang='grc' dir='ltr'><strong>δὲ</strong></span> <span class='ocrx_word' id='word_1_381' title='bbox 3653 2194 3755 2247; x_wconf 78' lang='grc' dir='ltr'>τοῦ</span> 
     </span>
    </p>
   </div>
   <div class='ocr_carea' id='block_1_53' title="bbox 2161 2281 3757 2356">
    <p class='ocr_par' dir='ltr' id='par_1_53' title="bbox 2161 2281 3757 2356">
     <span class='ocr_line' id='line_1_53' title="bbox 2161 2281 3757 2356; baseline 0.002 -20"><span class='ocrx_word' id='word_1_382' title='bbox 2161 2281 2399 2351; x_wconf 80' lang='grc' dir='ltr'>Χριστοῦ</span> <span class='ocrx_word' id='word_1_383' title='bbox 2427 2282 2512 2352; x_wconf 80' lang='grc' dir='ltr'><strong>εῖη</strong></span> <span class='ocrx_word' id='word_1_384' title='bbox 2558 2282 2627 2336; x_wconf 84' lang='grc' dir='ltr'>ἂν</span> <span class='ocrx_word' id='word_1_385' title='bbox 2657 2282 3090 2352; x_wconf 82' lang='grc' dir='ltr'>προηγουμένως</span> <span class='ocrx_word' id='word_1_386' title='bbox 3118 2285 3152 2352; x_wconf 88' lang='grc' dir='ltr'><strong>ή</strong></span> <span class='ocrx_word' id='word_1_387' title='bbox 3181 2282 3506 2338; x_wconf 86' lang='grc' dir='ltr'>διδασκαλία</span> <span class='ocrx_word' id='word_1_388' title='bbox 3528 2323 3545 2347; x_wconf 93' lang='grc'><strong>,</strong></span> <span class='ocrx_word' id='word_1_389' title='bbox 3577 2286 3612 2356; x_wconf 78' lang='grc' dir='ltr'>ἡ</span> <span class='ocrx_word' id='word_1_390' title='bbox 3642 2286 3757 2339; x_wconf 76' lang='grc' dir='ltr'>τῶν</span> 
     </span>
    </p>
   </div>
   <div class='ocr_carea' id='block_1_54' title="bbox 2159 2371 3755 2446">
    <p class='ocr_par' dir='ltr' id='par_1_54' title="bbox 2159 2371 3755 2446">
     <span class='ocr_line' id='line_1_54' title="bbox 2159 2371 3755 2446; baseline 0.003 -21"><span class='ocrx_word' id='word_1_391' title='bbox 2159 2372 2506 2443; x_wconf 80' lang='grc' dir='ltr'>τιμιωτέρων</span> <span class='ocrx_word' id='word_1_392' title='bbox 2534 2374 2708 2443; x_wconf 81' lang='grc' dir='ltr'>τροφή</span> <span class='ocrx_word' id='word_1_393' title='bbox 2734 2388 2749 2403; x_wconf 91' lang='grc'><strong>·</strong></span> <span class='ocrx_word' id='word_1_394' title='bbox 2786 2371 2978 2442; x_wconf 83' lang='grc' dir='ltr'>ὥσπερ</span> <span class='ocrx_word' id='word_1_395' title='bbox 3004 2375 3119 2436; x_wconf 84' lang='grc' dir='ltr'>τοῖς</span> <span class='ocrx_word' id='word_1_396' title='bbox 3156 2376 3394 2446; x_wconf 76' lang='grc' dir='ltr'>καρποῖς</span> <span class='ocrx_word' id='word_1_397' title='bbox 3426 2373 3671 2445; x_wconf 85' lang='grc' dir='ltr'>χρῶνται</span> <span class='ocrx_word' id='word_1_398' title='bbox 3700 2378 3755 2429; x_wconf 81' lang='grc' dir='ltr'>οἱ</span> 
     </span>
    </p>
   </div>
   <div class='ocr_carea' id='block_1_55' title="bbox 2161 2463 3756 2535">
    <p class='ocr_par' dir='ltr' id='par_1_55' title="bbox 2161 2463 3756 2535">
     <span class='ocr_line' id='line_1_55' title="bbox 2161 2463 3756 2535; baseline 0.003 -18"><span class='ocrx_word' id='word_1_399' title='bbox 2161 2463 2460 2535; x_wconf 80' lang='grc' dir='ltr'>ἄνθρωποι,</span> <span class='ocrx_word' id='word_1_400' title='bbox 2494 2463 2716 2532; x_wconf 77' lang='grc' dir='ltr'>φύλλοις</span> <span class='ocrx_word' id='word_1_401' title='bbox 2743 2463 2801 2517; x_wconf 71' lang='grc' dir='ltr'><strong>δὲ</strong></span> <span class='ocrx_word' id='word_1_402' title='bbox 2837 2464 2910 2517; x_wconf 85' lang='grc' dir='ltr'>τὰ</span> <span class='ocrx_word' id='word_1_403' title='bbox 2937 2463 3280 2535; x_wconf 84' lang='grc' dir='ltr'>βοσκήματα.</span> <span class='ocrx_word' id='word_1_404' title='bbox 3305 2467 3545 2520; x_wconf 81' lang='grc' dir='ltr'>Δυνατὺν</span> <span class='ocrx_word' id='word_1_405' title='bbox 3572 2468 3631 2520; x_wconf 78' lang='grc' dir='ltr'><strong>δὲ</strong></span> <span class='ocrx_word' id='word_1_406' title='bbox 3656 2469 3756 2522; x_wconf 76' lang='grc' dir='ltr'>καὶ</span> 
     </span>
    </p>
   </div>
   <div class='ocr_carea' id='block_1_56' title="bbox 2160 2554 3756 2629">
    <p class='ocr_par' dir='ltr' id='par_1_56' title="bbox 2160 2554 3756 2629">
     <span class='ocr_line' id='line_1_56' title="bbox 2160 2554 3756 2629; baseline 0.003 -22"><span class='ocrx_word' id='word_1_407' title='bbox 2160 2557 2258 2626; x_wconf 78' lang='grc' dir='ltr'>τῆς</span> <span class='ocrx_word' id='word_1_408' title='bbox 2294 2555 2521 2626; x_wconf 82' lang='grc' dir='ltr'>Γραφῆς</span> <span class='ocrx_word' id='word_1_409' title='bbox 2544 2554 2789 2627; x_wconf 83' lang='grc' dir='ltr'>καρπούς</span> <span class='ocrx_word' id='word_1_410' title='bbox 2826 2573 2981 2618; x_wconf 87' lang='grc' dir='ltr'>τινας</span> <span class='ocrx_word' id='word_1_411' title='bbox 3008 2554 3211 2624; x_wconf 83' lang='grc' dir='ltr'>λέγειν,</span> <span class='ocrx_word' id='word_1_412' title='bbox 3243 2557 3340 2621; x_wconf 80' lang='grc' dir='ltr'>οὓς</span> <span class='ocrx_word' id='word_1_413' title='bbox 3364 2557 3756 2629; x_wconf 74' lang='grc' dir='ltr'>ἐκλαμϐάνουο</span> 
     </span>
    </p>
   </div>
   <div class='ocr_carea' id='block_1_57' title="bbox 2163 2643 3757 2721">
    <p class='ocr_par' dir='ltr' id='par_1_57' title="bbox 2163 2643 3757 2721">
     <span class='ocr_line' id='line_1_57' title="bbox 2163 2643 3757 2721; baseline 0.003 -22"><span class='ocrx_word' id='word_1_414' title='bbox 2163 2663 2247 2700; x_wconf 89' lang='grc' dir='ltr'><strong>σιν</strong></span> <span class='ocrx_word' id='word_1_415' title='bbox 2293 2646 2343 2699; x_wconf 79' lang='grc' dir='ltr'>οἱ</span> <span class='ocrx_word' id='word_1_416' title='bbox 2394 2644 2789 2716; x_wconf 67' lang='grc' dir='ltr'>λογικώτερον</span> <span class='ocrx_word' id='word_1_417' title='bbox 2838 2646 3016 2715; x_wconf 86' lang='grc' dir='ltr'>φύλλα</span> <span class='ocrx_word' id='word_1_418' title='bbox 3061 2647 3150 2713; x_wconf 82' lang='grc' dir='ltr'><strong>δὲ,</strong></span> <span class='ocrx_word' id='word_1_419' title='bbox 3210 2643 3294 2712; x_wconf 74' lang='grc' dir='ltr'><strong>οἷς</strong></span> <span class='ocrx_word' id='word_1_420' title='bbox 3348 2649 3644 2721; x_wconf 79' lang='grc' dir='ltr'>τρέφονται</span> <span class='ocrx_word' id='word_1_421' title='bbox 3700 2651 3757 2703; x_wconf 77' lang='lat' dir='ltr'><strong>oi</strong></span> 
     </span>
    </p>
   </div>
   <div class='ocr_carea' id='block_1_58' title="bbox 2162 2736 3759 2813">
    <p class='ocr_par' dir='ltr' id='par_1_58' title="bbox 2162 2736 3759 2813">
     <span class='ocr_line' id='line_1_58' title="bbox 2162 2736 3759 2813; baseline 0.002 -20"><span class='ocrx_word' id='word_1_422' title='bbox 2162 2736 2544 2808; x_wconf 84' lang='grc' dir='ltr'>ἁπλούστεροι.</span> <span class='ocrx_word' id='word_1_423' title='bbox 2587 2737 2695 2790; x_wconf 85' lang='grc' dir='ltr'><strong>Τοῦ</strong></span> <span class='ocrx_word' id='word_1_424' title='bbox 2744 2738 2802 2790; x_wconf 70' lang='grc' dir='ltr'><strong>δὲ</strong></span> <span class='ocrx_word' id='word_1_425' title='bbox 2854 2738 3334 2811; x_wconf 73' lang='grc' dir='ltr'>μακαριζομένου,</span> <span class='ocrx_word' id='word_1_426' title='bbox 3390 2741 3485 2794; x_wconf 83' lang='grc' dir='ltr'>καὶ</span> <span class='ocrx_word' id='word_1_427' title='bbox 3532 2743 3759 2813; x_wconf 85' lang='grc' dir='ltr'>ὡμοιω-</span> 
     </span>
    </p>
   </div>
   <div class='ocr_carea' id='block_1_59' title="bbox 2165 2828 3756 2903">
    <p class='ocr_par' dir='ltr' id='par_1_59' title="bbox 2165 2828 3756 2903">
     <span class='ocr_line' id='line_1_59' title="bbox 2165 2828 3756 2903; baseline 0.005 -22"><span class='ocrx_word' id='word_1_428' title='bbox 2165 2830 2327 2900; x_wconf 83' lang='grc' dir='ltr'>μένου</span> <span class='ocrx_word' id='word_1_429' title='bbox 2376 2828 2453 2899; x_wconf 84' lang='grc' dir='ltr'>τῷ</span> <span class='ocrx_word' id='word_1_430' title='bbox 2485 2828 2634 2899; x_wconf 79' lang='grc' dir='ltr'>ξύλῳ</span> <span class='ocrx_word' id='word_1_431' title='bbox 2682 2828 2783 2898; x_wconf 83' lang='grc' dir='ltr'>τῆς</span> <span class='ocrx_word' id='word_1_432' title='bbox 2813 2828 2961 2901; x_wconf 77' lang='grc' dir='ltr'>ζωῆς</span> <span class='ocrx_word' id='word_1_433' title='bbox 2986 2869 3002 2895; x_wconf 89' lang='grc'><strong>,</strong></span> <span class='ocrx_word' id='word_1_434' title='bbox 3038 2831 3252 2902; x_wconf 81' lang='grc' dir='ltr'>καρπὸς</span> <span class='ocrx_word' id='word_1_435' title='bbox 3295 2831 3397 2901; x_wconf 83' lang='grc' dir='ltr'>μὲν</span> <span class='ocrx_word' id='word_1_436' title='bbox 3436 2832 3650 2903; x_wconf 79' lang='grc' dir='ltr'>λέγοιτο</span> <span class='ocrx_word' id='word_1_437' title='bbox 3682 2835 3756 2892; x_wconf 68' lang='grc' dir='ltr'>τὰ</span> 
     </span>
    </p>
   </div>
   <div class='ocr_carea' id='block_1_60' title="bbox 2161 2915 3756 2995">
    <p class='ocr_par' dir='ltr' id='par_1_60' title="bbox 2161 2915 3756 2995">
     <span class='ocr_line' id='line_1_60' title="bbox 2161 2915 3756 2995; baseline 0.001 -19"><span class='ocrx_word' id='word_1_438' title='bbox 2161 2921 2550 2993; x_wconf 79' lang='grc' dir='ltr'>προηγούμενα</span> <span class='ocrx_word' id='word_1_439' title='bbox 2581 2920 2741 2991; x_wconf 72' lang='grc' dir='ltr'>ἔργα,</span> <span class='ocrx_word' id='word_1_440' title='bbox 2770 2915 2883 2975; x_wconf 80' lang='grc' dir='ltr'>οἷον</span> <span class='ocrx_word' id='word_1_441' title='bbox 2904 2922 3144 2989; x_wconf 80' lang='grc' dir='ltr'>εὐποιία,</span> <span class='ocrx_word' id='word_1_442' title='bbox 3166 2923 3261 2977; x_wconf 77' lang='grc' dir='ltr'>καὶ</span> <span class='ocrx_word' id='word_1_443' title='bbox 3288 2925 3419 2995; x_wconf 79' lang='grc' dir='ltr'>περὶ</span> <span class='ocrx_word' id='word_1_444' title='bbox 3435 2925 3534 2995; x_wconf 79' lang='grc' dir='ltr'><strong>τήν</strong></span> <span class='ocrx_word' id='word_1_445' title='bbox 3556 2927 3756 2994; x_wconf 81' lang='grc' dir='ltr'>σοφίαν</span> 
     </span>
    </p>
   </div>
   <div class='ocr_carea' id='block_1_61' title="bbox 2160 3013 3751 3089">
    <p class='ocr_par' dir='ltr' id='par_1_61' title="bbox 2160 3013 3751 3089">
     <span class='ocr_line' id='line_1_61' title="bbox 2160 3013 3751 3089; baseline 0.003 -22"><span class='ocrx_word' id='word_1_446' title='bbox 2160 3013 2388 3084; x_wconf 84' lang='grc' dir='ltr'>ἀσχολία</span> <span class='ocrx_word' id='word_1_447' title='bbox 2411 3030 2426 3045; x_wconf 74' lang='grc' dir='ltr'><strong><em>ο</em></strong></span> <span class='ocrx_word' id='word_1_448' title='bbox 2487 3014 2663 3083; x_wconf 81' lang='grc' dir='ltr'>φύλλα</span> <span class='ocrx_word' id='word_1_449' title='bbox 2696 3014 2753 3066; x_wconf 83' lang='grc' dir='ltr'><strong>δὲ</strong></span> <span class='ocrx_word' id='word_1_450' title='bbox 2809 3014 2877 3067; x_wconf 83' lang='grc' dir='ltr'>τὰ</span> <span class='ocrx_word' id='word_1_451' title='bbox 2936 3013 3168 3085; x_wconf 81' lang='grc' dir='ltr'>βιωτικὰ</span> <span class='ocrx_word' id='word_1_452' title='bbox 3217 3016 3390 3071; x_wconf 79' lang='grc' dir='ltr'>αὐτοῦ</span> <span class='ocrx_word' id='word_1_453' title='bbox 3441 3019 3751 3089; x_wconf 70' lang='grc' dir='ltr'>κινήματαν</span> 
     </span>
    </p>
   </div>
   <div class='ocr_carea' id='block_1_62' title="bbox 474 3102 2057 3198">
    <p class='ocr_par' dir='ltr' id='par_1_62' title="bbox 474 3103 2057 3180">
     <span class='ocr_line' id='line_1_62' title="bbox 474 3103 2057 3180; baseline -0.005 -15"><span class='ocrx_word' id='word_1_454' title='bbox 474 3124 596 3180; x_wconf 70' lang='lat' dir='ltr'><strong>quae</strong></span> <span class='ocrx_word' id='word_1_455' title='bbox 624 3108 794 3164; x_wconf 85' lang='lat' dir='ltr'><strong>etiam</strong></span> <span class='ocrx_word' id='word_1_456' title='bbox 843 3105 1262 3175; x_wconf 81' lang='lat' dir='ltr'><strong>haudquaquam</strong></span> <span class='ocrx_word' id='word_1_457' title='bbox 1312 3103 1644 3173; x_wconf 78' lang='lat' dir='ltr'><strong>negligenda:</strong></span> <span class='ocrx_word' id='word_1_458' title='bbox 1678 3114 1827 3168; x_wconf 86' lang='lat' dir='ltr'><strong>sunt,</strong></span> <span class='ocrx_word' id='word_1_459' title='bbox 1877 3119 2057 3171; x_wconf 85' lang='lat' dir='ltr'><strong>neque</strong></span> 
     </span>
    </p>
   </div>
   <div class='ocr_carea' id='block_1_63' title="bbox 2161 3102 3758 3198">
    <p class='ocr_par' dir='ltr' id='par_1_63' title="bbox 2164 3102 3758 3181">
     <span class='ocr_line' id='line_1_63' title="bbox 2164 3102 3758 3181; baseline 0.003 -24"><span class='ocrx_word' id='word_1_460' title='bbox 2164 3104 2288 3157; x_wconf 78' lang='grc' dir='ltr'><strong>οὐδὲ</strong></span> <span class='ocrx_word' id='word_1_461' title='bbox 2314 3103 2488 3157; x_wconf 75' lang='grc' dir='ltr'>ταῦτα</span> <span class='ocrx_word' id='word_1_462' title='bbox 2534 3102 2664 3167; x_wconf 77' lang='grc' dir='ltr'>ἄξια</span> <span class='ocrx_word' id='word_1_463' title='bbox 2701 3104 3186 3173; x_wconf 78' lang='grc' dir='ltr'>καταφρονεῖσθαι,</span> <span class='ocrx_word' id='word_1_464' title='bbox 3217 3106 3344 3159; x_wconf 77' lang='grc' dir='ltr'>οὐδὲ</span> <span class='ocrx_word' id='word_1_465' title='bbox 3370 3107 3637 3180; x_wconf 77' lang='grc' dir='ltr'>ἀπορρεῖν</span> <span class='ocrx_word' id='word_1_466' title='bbox 3672 3109 3758 3181; x_wconf 78' lang='grc' dir='ltr'>τῷ</span> 
     </span>
    </p>
   </div>
   <div class='ocr_carea' id='block_1_64' title="bbox 473 3193 2057 3272">
    <p class='ocr_par' dir='ltr' id='par_1_64' title="bbox 473 3194 2054 3272">
     <span class='ocr_line' id='line_1_64' title="bbox 473 3194 2054 3272; baseline -0.004 -16"><span class='ocrx_word' id='word_1_467' title='bbox 473 3203 651 3272; x_wconf 74' lang='lat' dir='ltr'><strong>digna:</strong></span> <span class='ocrx_word' id='word_1_468' title='bbox 672 3210 735 3255; x_wconf 91' lang='lat' dir='ltr'><strong>ut</strong></span> <span class='ocrx_word' id='word_1_469' title='bbox 756 3207 1003 3269; x_wconf 84' lang='lat' dir='ltr'><strong>pereant,</strong></span> <span class='ocrx_word' id='word_1_470' title='bbox 1027 3199 1170 3266; x_wconf 86' lang='lat' dir='ltr'><strong>quod</strong></span> <span class='ocrx_word' id='word_1_471' title='bbox 1195 3212 1319 3253; x_wconf 91' lang='lat' dir='ltr'><strong>cum</strong></span> <span class='ocrx_word' id='word_1_472' title='bbox 1343 3196 1644 3251; x_wconf 86' lang='lat' dir='ltr'><strong>intentione</strong></span> <span class='ocrx_word' id='word_1_473' title='bbox 1668 3196 1835 3250; x_wconf 88' lang='lat' dir='ltr'><strong>etiam</strong></span> <span class='ocrx_word' id='word_1_474' title='bbox 1867 3196 1932 3251; x_wconf 84' lang='lat' dir='ltr'><strong>ad</strong></span> <span class='ocrx_word' id='word_1_475' title='bbox 1957 3194 2054 3250; x_wconf 87' lang='lat' dir='ltr'><strong>Dei</strong></span> 
     </span>
    </p>
   </div>
   <div class='ocr_carea' id='block_1_65' title="bbox 2161 3193 3640 3272">
    <p class='ocr_par' dir='ltr' id='par_1_65' title="bbox 2169 3193 3640 3267">
     <span class='ocr_line' id='line_1_65' title="bbox 2169 3193 3640 3267; baseline 0.005 -20"><span class='ocrx_word' id='word_1_476' title='bbox 2169 3197 2307 3267; x_wconf 75' lang='grc' dir='ltr'>μετὰ</span> <span class='ocrx_word' id='word_1_477' title='bbox 2338 3193 2614 3265; x_wconf 83' lang='grc' dir='ltr'>προσοχῆς</span> <span class='ocrx_word' id='word_1_478' title='bbox 2643 3194 2741 3248; x_wconf 78' lang='grc' dir='ltr'>καὶ</span> <span class='ocrx_word' id='word_1_479' title='bbox 2765 3195 2844 3258; x_wconf 85' lang='grc' dir='ltr'><strong>είς</strong></span> <span class='ocrx_word' id='word_1_480' title='bbox 2877 3194 3035 3261; x_wconf 82' lang='grc' dir='ltr'>δόξαν</span> <span class='ocrx_word' id='word_1_481' title='bbox 3056 3195 3194 3252; x_wconf 82' lang='grc' dir='ltr'>Θεοῦ</span> <span class='ocrx_word' id='word_1_482' title='bbox 3222 3198 3403 3252; x_wconf 82' lang='grc' dir='ltr'>πάντα</span> <span class='ocrx_word' id='word_1_483' title='bbox 3442 3202 3640 3255; x_wconf 86' lang='grc' dir='ltr'>ποιεῖν.</span> 
     </span>
    </p>
   </div>
   <div class='ocr_carea' id='block_1_66' title="bbox 473 3289 1096 3364">
    <p class='ocr_par' dir='ltr' id='par_1_66' title="bbox 473 3289 1096 3364">
     <span class='ocr_line' id='line_1_66' title="bbox 473 3289 1096 3364; baseline -0.01 -15"><span class='ocrx_word' id='word_1_484' title='bbox 473 3295 702 3364; x_wconf 83' lang='lat' dir='ltr'><strong>gloriam</strong></span> <span class='ocrx_word' id='word_1_485' title='bbox 734 3291 915 3347; x_wconf 89' lang='lat' dir='ltr'><strong>omnia</strong></span> <span class='ocrx_word' id='word_1_486' title='bbox 945 3289 1096 3344; x_wconf 78' lang='lat' dir='ltr'><strong>ﬁant.</strong></span> 
     </span>
    </p>
   </div>
   <div class='ocr_carea' id='block_1_67' title="bbox 544 3375 2056 3447">
    <p class='ocr_par' dir='ltr' id='par_1_67' title="bbox 544 3375 2056 3447">
     <span class='ocr_line' id='line_1_67' title="bbox 544 3375 2056 3447; baseline -0.005 -9"><span class='ocrx_word' id='word_1_487' title='bbox 544 3379 801 3438; x_wconf 78' lang='lat' dir='ltr'><strong>Nonnulli</strong></span> <span class='ocrx_word' id='word_1_488' title='bbox 853 3384 1226 3447; x_wconf 81' lang='lat' dir='ltr'><strong>apposuerunt</strong></span> <span class='ocrx_word' id='word_1_489' title='bbox 1270 3376 1401 3429; x_wconf 88' lang='lat' dir='ltr'><strong>illud</strong></span> <span class='ocrx_word' id='word_1_490' title='bbox 1447 3376 1766 3441; x_wconf 81' lang='lat' dir='ltr'><strong>secundum,</strong></span> <span class='ocrx_word' id='word_1_491' title='bbox 1812 3386 1917 3428; x_wconf 89' lang='lat' dir='ltr'><strong>non</strong></span> <span class='ocrx_word' id='word_1_492' title='bbox 1959 3375 2056 3430; x_wconf 75' lang='lat' dir='ltr'><strong>sic.</strong></span> 
     </span>
    </p>
   </div>
   <div class='ocr_carea' id='block_1_68' title="bbox 478 3467 2059 3537">
    <p class='ocr_par' dir='ltr' id='par_1_68' title="bbox 478 3467 2059 3537">
     <span class='ocr_line' id='line_1_68' title="bbox 478 3467 2059 3537; baseline -0.006 -7"><span class='ocrx_word' id='word_1_493' title='bbox 478 3472 589 3531; x_wconf 79' lang='lat' dir='ltr'><strong>Sed</strong></span> <span class='ocrx_word' id='word_1_494' title='bbox 613 3488 714 3527; x_wconf 87' lang='lat' dir='ltr'><strong>nec</strong></span> <span class='ocrx_word' id='word_1_495' title='bbox 756 3469 1061 3526; x_wconf 81' lang='lat' dir='ltr'><strong>ﬂebraicus</strong></span> <span class='ocrx_word' id='word_1_496' title='bbox 1090 3476 1270 3523; x_wconf 78' lang='lat' dir='ltr'><strong>textus</strong></span> <span class='ocrx_word' id='word_1_497' title='bbox 1293 3469 1343 3522; x_wconf 87' lang='lat' dir='ltr'><strong>id</strong></span> <span class='ocrx_word' id='word_1_498' title='bbox 1373 3467 1555 3533; x_wconf 76' lang='lat' dir='ltr'><strong>habet,</strong></span> <span class='ocrx_word' id='word_1_499' title='bbox 1584 3481 1759 3536; x_wconf 87' lang='lat' dir='ltr'><strong>neque</strong></span> <span class='ocrx_word' id='word_1_500' title='bbox 1774 3468 2059 3537; x_wconf 82' lang='lat' dir='ltr'><strong>quisquam</strong></span> 
     </span>
    </p>
   </div>
   <div class='ocr_carea' id='block_1_69' title="bbox 475 3557 2062 3635">
    <p class='ocr_par' dir='ltr' id='par_1_69' title="bbox 475 3557 2062 3635">
     <span class='ocr_line' id='line_1_69' title="bbox 475 3557 2062 3635; baseline -0.006 -13"><span class='ocrx_word' id='word_1_501' title='bbox 475 3570 833 3635; x_wconf 81' lang='lat' dir='ltr'><strong>interpretum</strong></span> <span class='ocrx_word' id='word_1_502' title='bbox 899 3574 1031 3616; x_wconf 85' lang='lat' dir='ltr'><strong>usus</strong></span> <span class='ocrx_word' id='word_1_503' title='bbox 1058 3569 1147 3616; x_wconf 88' lang='lat' dir='ltr'><strong>est</strong></span> <span class='ocrx_word' id='word_1_504' title='bbox 1187 3559 1493 3616; x_wconf 78' lang='lat' dir='ltr'><strong>istiusmodi</strong></span> <span class='ocrx_word' id='word_1_505' title='bbox 1543 3558 1797 3615; x_wconf 87' lang='lat' dir='ltr'><strong>dictionis</strong></span> <span class='ocrx_word' id='word_1_506' title='bbox 1862 3557 2062 3628; x_wconf 85' lang='lat' dir='ltr'><strong>repeti-</strong></span> 
     </span>
    </p>
   </div>
   <div class='ocr_carea' id='block_1_70' title="bbox 478 3658 642 3714">
    <p class='ocr_par' dir='ltr' id='par_1_70' title="bbox 478 3658 642 3714">
     <span class='ocr_line' id='line_1_70' title="bbox 478 3658 642 3714; baseline -0.018 -2"><span class='ocrx_word' id='word_1_507' title='bbox 478 3658 642 3714; x_wconf 88' lang='lat' dir='ltr'><strong>tione.</strong></span> 
     </span>
    </p>
   </div>
   <div class='ocr_carea' id='block_1_71' title="bbox 546 3738 2054 3812">
    <p class='ocr_par' dir='ltr' id='par_1_71' title="bbox 546 3738 2054 3812">
     <span class='ocr_line' id='line_1_71' title="bbox 546 3738 2054 3812; baseline -0.007 -10"><span class='ocrx_word' id='word_1_508' title='bbox 546 3746 712 3803; x_wconf 73' lang='lat' dir='ltr'><strong>Vsns.</strong></span> <span class='ocrx_word' id='word_1_509' title='bbox 739 3745 792 3800; x_wconf 81' lang='lat'><strong>3.</strong></span> <span class='ocrx_word' id='word_1_510' title='bbox 820 3762 840 3796; x_wconf 77' lang='grc' dir='ltr'><strong>ι</strong></span> <span class='ocrx_word' id='word_1_511' title='bbox 864 3741 988 3797; x_wconf 75' lang='lat' dir='ltr'><strong>Filii</strong></span> <span class='ocrx_word' id='word_1_512' title='bbox 1000 3741 1308 3809; x_wconf 80' lang='lat' dir='ltr'><strong>hominum,</strong></span> <span class='ocrx_word' id='word_1_513' title='bbox 1332 3755 1613 3812; x_wconf 83' lang='lat' dir='ltr'><strong>usquequo</strong></span> <span class='ocrx_word' id='word_1_514' title='bbox 1634 3738 1783 3811; x_wconf 80' lang='lat' dir='ltr'><strong>gravi</strong></span> <span class='ocrx_word' id='word_1_515' title='bbox 1802 3738 2006 3796; x_wconf 76' lang='lat' dir='ltr'><strong>corde?</strong></span> <span class='ocrx_word' id='word_1_516' title='bbox 2032 3755 2054 3791; x_wconf 72' lang='grc' dir='ltr'><strong>ι</strong></span> 
     </span>
    </p>
   </div>
   <div class='ocr_carea' id='block_1_72' title="bbox 548 3833 2059 3905">
    <p class='ocr_par' dir='ltr' id='par_1_72' title="bbox 548 3833 2059 3905">
     <span class='ocr_line' id='line_1_72' title="bbox 548 3833 2059 3905; baseline -0.004 -10"><span class='ocrx_word' id='word_1_517' title='bbox 548 3838 706 3905; x_wconf 90' lang='lat' dir='ltr'><strong>illud,</strong></span> <span class='ocrx_word' id='word_1_518' title='bbox 728 3833 863 3889; x_wconf 78' lang='lat' dir='ltr'><strong>Filii</strong></span> <span class='ocrx_word' id='word_1_519' title='bbox 882 3834 1184 3897; x_wconf 66' lang='lat' dir='ltr'><strong>hominum,</strong></span> <span class='ocrx_word' id='word_1_520' title='bbox 1210 3834 1426 3901; x_wconf 85' lang='lat' dir='ltr'><strong>putabit</strong></span> <span class='ocrx_word' id='word_1_521' title='bbox 1448 3833 1647 3904; x_wconf 81' lang='lat' dir='ltr'><strong>aliquis</strong></span> <span class='ocrx_word' id='word_1_522' title='bbox 1666 3834 2059 3904; x_wconf 86' lang='lat' dir='ltr'><strong>periphrastice</strong></span> 
     </span>
    </p>
   </div>
   <div class='ocr_carea' id='block_1_73' title="bbox 473 3924 2043 3997">
    <p class='ocr_par' dir='ltr' id='par_1_73' title="bbox 473 3924 2043 3997">
     <span class='ocr_line' id='line_1_73' title="bbox 473 3924 2043 3997; baseline -0.006 -8"><span class='ocrx_word' id='word_1_523' title='bbox 473 3934 700 3997; x_wconf 90' lang='lat' dir='ltr'><strong>dictum,</strong></span> <span class='ocrx_word' id='word_1_524' title='bbox 729 3930 805 3982; x_wconf 88' lang='lat' dir='ltr'><strong>uti</strong></span> <span class='ocrx_word' id='word_1_525' title='bbox 826 3941 946 3982; x_wconf 88' lang='lat' dir='ltr'><strong>mos</strong></span> <span class='ocrx_word' id='word_1_526' title='bbox 965 3936 1048 3981; x_wconf 80' lang='lat' dir='ltr'><strong>est</strong></span> <span class='ocrx_word' id='word_1_527' title='bbox 1068 3924 1275 3981; x_wconf 52' lang='lat' dir='ltr'><strong>Graecis</strong></span> <span class='ocrx_word' id='word_1_528' title='bbox 1303 3927 1485 3982; x_wconf 87' lang='lat' dir='ltr'><strong>dicere</strong></span> <span class='ocrx_word' id='word_1_529' title='bbox 1510 3945 1524 3982; x_wconf 88' lang='lat'><strong>:</strong></span> <span class='ocrx_word' id='word_1_530' title='bbox 1549 3924 1682 3980; x_wconf 81' lang='lat' dir='ltr'><strong>Filii</strong></span> <span class='ocrx_word' id='word_1_531' title='bbox 1708 3926 2043 3982; x_wconf 77' lang='lat' dir='ltr'><strong>Achirorum.</strong></span> 
     </span>
    </p>
   </div>
   <div class='ocr_carea' id='block_1_74' title="bbox 473 4019 2058 4090">
    <p class='ocr_par' dir='ltr' id='par_1_74' title="bbox 473 4019 2058 4090">
     <span class='ocr_line' id='line_1_74' title="bbox 473 4019 2058 4090; baseline -0.001 -12"><span class='ocrx_word' id='word_1_532' title='bbox 473 4024 576 4078; x_wconf 78' lang='lat' dir='ltr'><strong>Alii</strong></span> <span class='ocrx_word' id='word_1_533' title='bbox 617 4034 746 4076; x_wconf 82' lang='lat' dir='ltr'><strong>vero</strong></span> <span class='ocrx_word' id='word_1_534' title='bbox 774 4036 807 4074; x_wconf 89' lang='lat' dir='ltr'><strong>a</strong></span> <span class='ocrx_word' id='word_1_535' title='bbox 841 4019 1127 4074; x_wconf 79' lang='lat' dir='ltr'><strong>Salvatore</strong></span> <span class='ocrx_word' id='word_1_536' title='bbox 1179 4030 1395 4088; x_wconf 82' lang='lat' dir='ltr'><strong>sumpto</strong></span> <span class='ocrx_word' id='word_1_537' title='bbox 1445 4020 1696 4085; x_wconf 83' lang='lat' dir='ltr'><strong>exordio,</strong></span> <span class='ocrx_word' id='word_1_538' title='bbox 1736 4021 1830 4090; x_wconf 90' lang='lat' dir='ltr'><strong>qui</strong></span> <span class='ocrx_word' id='word_1_539' title='bbox 1872 4020 2058 4076; x_wconf 81' lang='lat' dir='ltr'><strong>multis</strong></span> 
     </span>
    </p>
   </div>
   <div class='ocr_carea' id='block_1_75' title="bbox 473 4112 2055 4180">
    <p class='ocr_par' dir='ltr' id='par_1_75' title="bbox 473 4112 2055 4180">
     <span class='ocr_line' id='line_1_75' title="bbox 473 4112 2055 4180; baseline -0.003 -11"><span class='ocrx_word' id='word_1_540' title='bbox 473 4115 610 4171; x_wconf 88' lang='lat' dir='ltr'><strong>locis</strong></span> <span class='ocrx_word' id='word_1_541' title='bbox 638 4112 812 4169; x_wconf 85' lang='lat' dir='ltr'><strong>Filius</strong></span> <span class='ocrx_word' id='word_1_542' title='bbox 836 4113 1073 4168; x_wconf 88' lang='lat' dir='ltr'><strong>hominis</strong></span> <span class='ocrx_word' id='word_1_543' title='bbox 1095 4122 1441 4180; x_wconf 87' lang='lat' dir='ltr'><strong>nuncupatus</strong></span> <span class='ocrx_word' id='word_1_544' title='bbox 1460 4122 1564 4176; x_wconf 84' lang='lat' dir='ltr'><strong>est,</strong></span> <span class='ocrx_word' id='word_1_545' title='bbox 1590 4112 1859 4167; x_wconf 88' lang='lat' dir='ltr'><strong>rationem</strong></span> <span class='ocrx_word' id='word_1_546' title='bbox 1887 4113 2055 4167; x_wconf 87' lang='lat' dir='ltr'><strong>etiam</strong></span> 
     </span>
    </p>
   </div>
   <div class='ocr_carea' id='block_1_76' title="bbox 474 4202 2055 4273">
    <p class='ocr_par' dir='ltr' id='par_1_76' title="bbox 474 4202 2055 4273">
     <span class='ocr_line' id='line_1_76' title="bbox 474 4202 2055 4273; baseline -0.003 -13"><span class='ocrx_word' id='word_1_547' title='bbox 474 4206 805 4273; x_wconf 78' lang='lat' dir='ltr'><strong>investigare</strong></span> <span class='ocrx_word' id='word_1_548' title='bbox 836 4204 1018 4259; x_wconf 84' lang='lat' dir='ltr'><strong>volent</strong></span> <span class='ocrx_word' id='word_1_549' title='bbox 1052 4204 1121 4257; x_wconf 87' lang='lat' dir='ltr'><strong>de</strong></span> <span class='ocrx_word' id='word_1_550' title='bbox 1154 4203 1368 4257; x_wconf 58' lang='lat' dir='ltr'><strong>ceteris</strong></span> <span class='ocrx_word' id='word_1_551' title='bbox 1413 4203 1723 4257; x_wconf 87' lang='lat' dir='ltr'><strong>hominibus</strong></span> <span class='ocrx_word' id='word_1_552' title='bbox 1752 4242 1769 4269; x_wconf 89' lang='lat'><strong>,</strong></span> <span class='ocrx_word' id='word_1_553' title='bbox 1802 4202 1895 4271; x_wconf 91' lang='lat' dir='ltr'><strong>qui</strong></span> <span class='ocrx_word' id='word_1_554' title='bbox 1947 4216 2055 4256; x_wconf 87' lang='lat' dir='ltr'><strong>non</strong></span> 
     </span>
    </p>
   </div>
   <div class='ocr_carea' id='block_1_77' title="bbox 473 4292 2055 4367">
    <p class='ocr_par' dir='ltr' id='par_1_77' title="bbox 473 4292 2055 4367">
     <span class='ocr_line' id='line_1_77' title="bbox 473 4292 2055 4367; baseline -0.004 -15"><span class='ocrx_word' id='word_1_555' title='bbox 473 4296 720 4354; x_wconf 87' lang='lat' dir='ltr'><strong>absolute</strong></span> <span class='ocrx_word' id='word_1_556' title='bbox 749 4309 1130 4367; x_wconf 68' lang='lat' dir='ltr'><strong>saepenumero</strong></span> <span class='ocrx_word' id='word_1_557' title='bbox 1179 4294 1434 4350; x_wconf 89' lang='lat' dir='ltr'><strong>dicuntur</strong></span> <span class='ocrx_word' id='word_1_558' title='bbox 1466 4294 1561 4347; x_wconf 82' lang='lat' dir='ltr'><strong>lilii</strong></span> <span class='ocrx_word' id='word_1_559' title='bbox 1594 4292 1874 4347; x_wconf 89' lang='lat' dir='ltr'><strong>hominum</strong></span> <span class='ocrx_word' id='word_1_560' title='bbox 1909 4306 2055 4345; x_wconf 92' lang='lat' dir='ltr'><strong>nun-</strong></span> 
     </span>
    </p>
   </div>
   <div class='ocr_carea' id='block_1_78' title="bbox 471 4381 2057 4461">
    <p class='ocr_par' dir='ltr' id='par_1_78' title="bbox 471 4381 2057 4461">
     <span class='ocr_line' id='line_1_78' title="bbox 471 4381 2057 4461; baseline -0.006 -15"><span class='ocrx_word' id='word_1_561' title='bbox 471 4389 678 4461; x_wconf 86' lang='lat' dir='ltr'><strong>cupati.</strong></span> <span class='ocrx_word' id='word_1_562' title='bbox 712 4386 1222 4451; x_wconf 82' lang='lat' dir='ltr'><strong>Verumeninrvero,</strong></span> <span class='ocrx_word' id='word_1_563' title='bbox 1284 4385 1462 4453; x_wconf 88' lang='lat' dir='ltr'><strong>quoad</strong></span> <span class='ocrx_word' id='word_1_564' title='bbox 1516 4381 1854 4438; x_wconf 72' lang='lat' dir='ltr'><strong>SaIVatorem</strong></span> <span class='ocrx_word' id='word_1_565' title='bbox 1884 4383 2057 4437; x_wconf 85' lang='lat' dir='ltr'><strong>haud-</strong></span> 
     </span>
    </p>
   </div>
   <div class='ocr_carea' id='block_1_79' title="bbox 2236 3373 3761 3447">
    <p class='ocr_par' dir='ltr' id='par_1_79' title="bbox 2236 3373 3761 3447">
     <span class='ocr_line' id='line_1_79' title="bbox 2236 3373 3761 3447; baseline 0.006 -19"><span class='ocrx_word' id='word_1_566' title='bbox 2236 3374 2394 3437; x_wconf 80' lang='grc' dir='ltr'>Τινὲς</span> <span class='ocrx_word' id='word_1_567' title='bbox 2418 3373 2776 3446; x_wconf 75' lang='grc' dir='ltr'>προστιθέασι</span> <span class='ocrx_word' id='word_1_568' title='bbox 2807 3375 3059 3447; x_wconf 81' lang='grc' dir='ltr'>δεύτερον</span> <span class='ocrx_word' id='word_1_569' title='bbox 3083 3376 3148 3431; x_wconf 84' lang='grc' dir='ltr'><strong>τὺ</strong></span> <span class='ocrx_word' id='word_1_570' title='bbox 3189 3378 3378 3445; x_wconf 82' lang='grc' dir='ltr'>οὕτως</span> <span class='ocrx_word' id='word_1_571' title='bbox 3400 3395 3417 3411; x_wconf 90' lang='grc'><strong>·</strong></span> <span class='ocrx_word' id='word_1_572' title='bbox 3449 3377 3579 3434; x_wconf 72' lang='grc' dir='ltr'>οὖτα</span> <span class='ocrx_word' id='word_1_573' title='bbox 3605 3379 3666 3436; x_wconf 65' lang='grc' dir='ltr'><strong>δὲ</strong></span> <span class='ocrx_word' id='word_1_574' title='bbox 3690 3383 3761 3438; x_wconf 82' lang='grc' dir='ltr'>τὸ</span> 
     </span>
    </p>
   </div>
   <div class='ocr_carea' id='block_1_80' title="bbox 2176 3464 3757 3542">
    <p class='ocr_par' dir='ltr' id='par_1_80' title="bbox 2176 3464 3757 3542">
     <span class='ocr_line' id='line_1_80' title="bbox 2176 3464 3757 3542; baseline 0.006 -21"><span class='ocrx_word' id='word_1_575' title='bbox 2176 3465 2470 3536; x_wconf 74' lang='grc' dir='ltr'>Ἐὁραῖκὺν</span> <span class='ocrx_word' id='word_1_576' title='bbox 2498 3464 2615 3536; x_wconf 72' lang='grc' dir='ltr'>ἔχει</span> <span class='ocrx_word' id='word_1_577' title='bbox 2654 3466 2787 3521; x_wconf 82' lang='grc' dir='ltr'>αὐτὸ</span> <span class='ocrx_word' id='word_1_578' title='bbox 2809 3506 2824 3531; x_wconf 88' lang='grc'><strong>,</strong></span> <span class='ocrx_word' id='word_1_579' title='bbox 2857 3466 2981 3521; x_wconf 71' lang='grc' dir='ltr'>οὔτε</span> <span class='ocrx_word' id='word_1_580' title='bbox 3021 3486 3109 3533; x_wconf 81' lang='grc' dir='ltr'><strong>τις</strong></span> <span class='ocrx_word' id='word_1_581' title='bbox 3146 3469 3258 3522; x_wconf 81' lang='grc' dir='ltr'><strong>τῶν</strong></span> <span class='ocrx_word' id='word_1_582' title='bbox 3294 3470 3757 3542; x_wconf 72' lang='grc' dir='ltr'>ἐρμηνευσὰντων</span> 
     </span>
    </p>
   </div>
   <div class='ocr_carea' id='block_1_81' title="bbox 2164 3559 3427 3634">
    <p class='ocr_par' dir='ltr' id='par_1_81' title="bbox 2164 3559 3427 3634">
     <span class='ocr_line' id='line_1_81' title="bbox 2164 3559 3427 3634; baseline 0.006 -22"><span class='ocrx_word' id='word_1_583' title='bbox 2164 3560 2438 3631; x_wconf 61' lang='grc' dir='ltr'>ἐχρήσατο</span> <span class='ocrx_word' id='word_1_584' title='bbox 2470 3562 2537 3629; x_wconf 82' lang='grc' dir='ltr'>τῇ</span> <span class='ocrx_word' id='word_1_585' title='bbox 2565 3559 2740 3632; x_wconf 83' lang='grc' dir='ltr'>ταύτῃ</span> <span class='ocrx_word' id='word_1_586' title='bbox 2776 3560 3046 3632; x_wconf 75' lang='grc' dir='ltr'>ἀναλήψει</span> <span class='ocrx_word' id='word_1_587' title='bbox 3076 3563 3176 3634; x_wconf 83' lang='grc' dir='ltr'>τῆς</span> <span class='ocrx_word' id='word_1_588' title='bbox 3204 3561 3427 3629; x_wconf 74' lang='grc' dir='ltr'>λέξεως.</span> 
     </span>
    </p>
   </div>
   <div class='ocr_carea' id='block_1_82' title="bbox 2237 3740 3528 3817">
    <p class='ocr_par' dir='ltr' id='par_1_82' title="bbox 2237 3740 3528 3817">
     <span class='ocr_line' id='line_1_82' title="bbox 2237 3740 3528 3817; baseline 0.004 -24"><span class='ocrx_word' id='word_1_589' title='bbox 2237 3759 2258 3793; x_wconf 74' lang='grc' dir='ltr'><strong>ι</strong></span> <span class='ocrx_word' id='word_1_590' title='bbox 2291 3741 2416 3796; x_wconf 73' lang='grc' dir='ltr'><strong>Υἱοὶ</strong></span> <span class='ocrx_word' id='word_1_591' title='bbox 2446 3740 2772 3813; x_wconf 79' lang='grc' dir='ltr'>ἀνθρώπων,</span> <span class='ocrx_word' id='word_1_592' title='bbox 2799 3740 2906 3806; x_wconf 66' lang='grc' dir='ltr'>ἕως</span> <span class='ocrx_word' id='word_1_593' title='bbox 2932 3744 3066 3797; x_wconf 76' lang='grc' dir='ltr'>πότε</span> <span class='ocrx_word' id='word_1_594' title='bbox 3085 3743 3477 3817; x_wconf 70' lang='grc' dir='ltr'>βαρυκάρδιοις</span> <span class='ocrx_word' id='word_1_595' title='bbox 3507 3764 3528 3798; x_wconf 73' lang='grc' dir='ltr'><strong>ι</strong></span> 
     </span>
    </p>
   </div>
   <div class='ocr_carea' id='block_1_83' title="bbox 2238 3833 3755 3912">
    <p class='ocr_par' dir='ltr' id='par_1_83' title="bbox 2238 3833 3755 3912">
     <span class='ocr_line' id='line_1_83' title="bbox 2238 3833 3755 3912; baseline 0.005 -25"><span class='ocrx_word' id='word_1_596' title='bbox 2238 3834 2333 3899; x_wconf 83' lang='grc' dir='ltr'><strong>Τὸ,</strong></span> <span class='ocrx_word' id='word_1_597' title='bbox 2370 3834 2488 3889; x_wconf 75' lang='grc' dir='ltr'>Υιοί</span> <span class='ocrx_word' id='word_1_598' title='bbox 2510 3833 2861 3902; x_wconf 77' lang='grc' dir='ltr'>ἀνθρώπων,</span> <span class='ocrx_word' id='word_1_599' title='bbox 2894 3837 2924 3887; x_wconf 82' lang='grc' dir='ltr'><strong>ὁ</strong></span> <span class='ocrx_word' id='word_1_600' title='bbox 2952 3835 3054 3905; x_wconf 75' lang='grc' dir='ltr'>μέν</span> <span class='ocrx_word' id='word_1_601' title='bbox 3079 3852 3165 3899; x_wconf 90' lang='grc' dir='ltr'><strong>τις</strong></span> <span class='ocrx_word' id='word_1_602' title='bbox 3191 3837 3438 3908; x_wconf 84' lang='grc' dir='ltr'>οίήσεται</span> <span class='ocrx_word' id='word_1_603' title='bbox 3467 3854 3755 3912; x_wconf 77' lang='grc' dir='ltr'>περιφρα-</span> 
     </span>
    </p>
   </div>
   <div class='ocr_carea' id='block_1_84' title="bbox 2163 3921 3751 3997">
    <p class='ocr_par' dir='ltr' id='par_1_84' title="bbox 2163 3921 3751 3997">
     <span class='ocr_line' id='line_1_84' title="bbox 2163 3921 3751 3997; baseline 0.004 -19"><span class='ocrx_word' id='word_1_604' title='bbox 2163 3923 2366 3987; x_wconf 84' lang='grc' dir='ltr'>στικῶς</span> <span class='ocrx_word' id='word_1_605' title='bbox 2393 3922 2670 3994; x_wconf 79' lang='grc' dir='ltr'>εἰρῆσθαι,</span> <span class='ocrx_word' id='word_1_606' title='bbox 2685 3921 2762 3986; x_wconf 80' lang='grc' dir='ltr'><strong>ὡς</strong></span> <span class='ocrx_word' id='word_1_607' title='bbox 2775 3924 2871 3977; x_wconf 69' lang='grc' dir='ltr'>καὶ</span> <span class='ocrx_word' id='word_1_608' title='bbox 2888 3922 3148 3996; x_wconf 83' lang='grc' dir='ltr'>Ἓλλησιν</span> <span class='ocrx_word' id='word_1_609' title='bbox 3164 3924 3306 3990; x_wconf 70' lang='grc' dir='ltr'>ἔθος·</span> <span class='ocrx_word' id='word_1_610' title='bbox 3322 3921 3455 3995; x_wconf 67' lang='lat' dir='ltr'><strong>Nec</strong></span> <span class='ocrx_word' id='word_1_611' title='bbox 3468 3928 3751 3997; x_wconf 74' lang='grc' dir='ltr'>Ἀχαιῶν.</span> 
     </span>
    </p>
   </div>
   <div class='ocr_carea' id='block_1_85' title="bbox 2161 4014 3752 4092">
    <p class='ocr_par' dir='ltr' id='par_1_85' title="bbox 2161 4014 3752 4092">
     <span class='ocr_line' id='line_1_85' title="bbox 2161 4014 3752 4092; baseline 0.003 -22"><span class='ocrx_word' id='word_1_612' title='bbox 2161 4017 2381 4088; x_wconf 79' lang='grc' dir='ltr'>Ἕτεροι</span> <span class='ocrx_word' id='word_1_613' title='bbox 2406 4015 2467 4070; x_wconf 85' lang='grc' dir='ltr'><strong>δὲ</strong></span> <span class='ocrx_word' id='word_1_614' title='bbox 2500 4015 2609 4070; x_wconf 80' lang='grc' dir='ltr'><strong>ἀπὸ</strong></span> <span class='ocrx_word' id='word_1_615' title='bbox 2652 4014 2751 4068; x_wconf 82' lang='grc' dir='ltr'>τοῦ</span> <span class='ocrx_word' id='word_1_616' title='bbox 2784 4015 3040 4087; x_wconf 81' lang='grc' dir='ltr'>Σωτῆρος</span> <span class='ocrx_word' id='word_1_617' title='bbox 3085 4016 3388 4090; x_wconf 70' lang='grc' dir='ltr'>ἀρξάμενοι</span> <span class='ocrx_word' id='word_1_618' title='bbox 3409 4060 3425 4086; x_wconf 92' lang='grc'><strong>,</strong></span> <span class='ocrx_word' id='word_1_619' title='bbox 3472 4020 3752 4092; x_wconf 77' lang='grc' dir='ltr'>πολλαχοῦ</span> 
     </span>
    </p>
   </div>
   <div class='ocr_carea' id='block_1_86' title="bbox 2115 4097 3756 4185">
    <p class='ocr_par' dir='ltr' id='par_1_86' title="bbox 2115 4097 3756 4185">
     <span class='ocr_line' id='line_1_86' title="bbox 2115 4097 3756 4185; baseline -0.004 -22"><span class='ocrx_word' id='word_1_620' title='bbox 2115 4097 2125 4107; x_wconf 69' lang='grc'><strong>’</strong></span> <span class='ocrx_word' id='word_1_621' title='bbox 2160 4108 2591 4181; x_wconf 74' lang='grc' dir='ltr'>χρηματίζοντος</span> <span class='ocrx_word' id='word_1_622' title='bbox 2614 4107 2747 4161; x_wconf 84' lang='grc' dir='ltr'>Υίοῦ</span> <span class='ocrx_word' id='word_1_623' title='bbox 2772 4107 3090 4179; x_wconf 81' lang='grc' dir='ltr'>ἀνθρώπου,</span> <span class='ocrx_word' id='word_1_624' title='bbox 3116 4110 3216 4182; x_wconf 78' lang='grc' dir='ltr'>τὴν</span> <span class='ocrx_word' id='word_1_625' title='bbox 3240 4113 3424 4167; x_wconf 78' lang='grc' dir='ltr'>αἰτίαν</span> <span class='ocrx_word' id='word_1_626' title='bbox 3455 4112 3756 4185; x_wconf 74' lang='grc' dir='ltr'>βουλήσον-</span> 
     </span>
    </p>
   </div>
   <div class='ocr_carea' id='block_1_87' title="bbox 2161 4199 3753 4279">
    <p class='ocr_par' dir='ltr' id='par_1_87' title="bbox 2161 4199 3753 4279">
     <span class='ocr_line' id='line_1_87' title="bbox 2161 4199 3753 4279; baseline 0.004 -24"><span class='ocrx_word' id='word_1_627' title='bbox 2161 4220 2251 4255; x_wconf 89' lang='grc' dir='ltr'><strong>ται</strong></span> <span class='ocrx_word' id='word_1_628' title='bbox 2333 4199 2683 4271; x_wconf 75' lang='grc' dir='ltr'>ἐξιχνεῦσθαι</span> <span class='ocrx_word' id='word_1_629' title='bbox 2737 4201 2834 4256; x_wconf 76' lang='grc' dir='ltr'>καὶ</span> <span class='ocrx_word' id='word_1_630' title='bbox 2894 4205 3025 4274; x_wconf 77' lang='grc' dir='ltr'>περὶ</span> <span class='ocrx_word' id='word_1_631' title='bbox 3080 4203 3191 4257; x_wconf 84' lang='grc' dir='ltr'><strong>τῶν</strong></span> <span class='ocrx_word' id='word_1_632' title='bbox 3249 4203 3591 4277; x_wconf 81' lang='grc' dir='ltr'>ἀνθρώπων,</span> <span class='ocrx_word' id='word_1_633' title='bbox 3646 4208 3753 4279; x_wconf 78' lang='grc' dir='ltr'>οὐχ</span> 
     </span>
    </p>
   </div>
   <div class='ocr_carea' id='block_1_88' title="bbox 2157 4289 3752 4366">
    <p class='ocr_par' dir='ltr' id='par_1_88' title="bbox 2157 4289 3752 4366">
     <span class='ocr_line' id='line_1_88' title="bbox 2157 4289 3752 4366; baseline 0.001 -22"><span class='ocrx_word' id='word_1_634' title='bbox 2157 4290 2347 4356; x_wconf 80' lang='grc' dir='ltr'>ἁπλῶς</span> <span class='ocrx_word' id='word_1_635' title='bbox 2373 4290 2689 4361; x_wconf 79' lang='grc' dir='ltr'>λεγομένων</span> <span class='ocrx_word' id='word_1_636' title='bbox 2717 4289 2977 4355; x_wconf 75' lang='grc' dir='ltr'>πολλάκις</span> <span class='ocrx_word' id='word_1_637' title='bbox 3002 4290 3135 4347; x_wconf 86' lang='grc' dir='ltr'>υίῶν</span> <span class='ocrx_word' id='word_1_638' title='bbox 3172 4292 3479 4363; x_wconf 75' lang='grc' dir='ltr'>ἀνθρώπων</span> <span class='ocrx_word' id='word_1_639' title='bbox 3525 4312 3752 4366; x_wconf 79' lang='grc' dir='ltr'>χρημα-</span> 
     </span>
    </p>
   </div>
   <div class='ocr_carea' id='block_1_89' title="bbox 2157 4381 3749 4459">
    <p class='ocr_par' dir='ltr' id='par_1_89' title="bbox 2157 4381 3749 4459">
     <span class='ocr_line' id='line_1_89' title="bbox 2157 4381 3749 4459; baseline 0.001 -22"><span class='ocrx_word' id='word_1_640' title='bbox 2157 4382 2440 4446; x_wconf 74' lang='grc' dir='ltr'>τιζόντων.</span> <span class='ocrx_word' id='word_1_641' title='bbox 2479 4382 2555 4435; x_wconf 81' lang='grc' dir='ltr'><strong>Οὐ</strong></span> <span class='ocrx_word' id='word_1_642' title='bbox 2576 4381 2747 4453; x_wconf 80' lang='grc' dir='ltr'>δήπου</span> <span class='ocrx_word' id='word_1_643' title='bbox 2778 4385 2887 4454; x_wconf 82' lang='grc' dir='ltr'><strong>γὰρ</strong></span> <span class='ocrx_word' id='word_1_644' title='bbox 2915 4383 3011 4439; x_wconf 80' lang='grc' dir='ltr'><strong>καὶ</strong></span> <span class='ocrx_word' id='word_1_645' title='bbox 3042 4385 3172 4456; x_wconf 68' lang='grc' dir='ltr'><strong>περὶ⁸</strong></span> <span class='ocrx_word' id='word_1_646' title='bbox 3215 4384 3311 4439; x_wconf 80' lang='grc' dir='ltr'>τοῦ</span> <span class='ocrx_word' id='word_1_647' title='bbox 3346 4386 3605 4459; x_wconf 83' lang='grc' dir='ltr'>Σωτῆρος</span> <span class='ocrx_word' id='word_1_648' title='bbox 3641 4406 3749 4441; x_wconf 82' lang='grc' dir='ltr'>πε-</span> 
     </span>
    </p>
   </div>
   <div class='ocr_carea' id='block_1_90' title="bbox 470 4465 2057 4552">
    <p class='ocr_par' dir='ltr' id='par_1_90' title="bbox 470 4469 2053 4552">
     <span class='ocr_line' id='line_1_90' title="bbox 470 4469 2053 4552; baseline -0.006 -15"><span class='ocrx_word' id='word_1_649' title='bbox 470 4495 743 4552; x_wconf 85' lang='lat' dir='ltr'><strong>quaqnam</strong></span> <span class='ocrx_word' id='word_1_650' title='bbox 774 4477 942 4533; x_wconf 80' lang='lat' dir='ltr'><strong>fuerit</strong></span> <span class='ocrx_word' id='word_1_651' title='bbox 987 4473 1446 4544; x_wconf 84' lang='lat' dir='ltr'><strong>circumscriptio,</strong></span> <span class='ocrx_word' id='word_1_652' title='bbox 1479 4486 1603 4526; x_wconf 85' lang='lat' dir='ltr'><strong>cum</strong></span> <span class='ocrx_word' id='word_1_653' title='bbox 1628 4469 1797 4525; x_wconf 86' lang='lat' dir='ltr'><strong>Filius</strong></span> <span class='ocrx_word' id='word_1_654' title='bbox 1822 4471 2053 4528; x_wconf 87' lang='lat' dir='ltr'><strong>hominis</strong></span> 
     </span>
    </p>
   </div>
   <div class='ocr_carea' id='block_1_91' title="bbox 2161 4465 3770 4552">
    <p class='ocr_par' dir='ltr' id='par_1_91' title="bbox 2161 4465 3770 4550">
     <span class='ocr_line' id='line_1_91' title="bbox 2161 4465 3770 4550; baseline 0.005 -24"><span class='ocrx_word' id='word_1_655' title='bbox 2161 4474 2422 4546; x_wconf 85' lang='grc' dir='ltr'>ρίφρασις</span> <span class='ocrx_word' id='word_1_656' title='bbox 2455 4473 2523 4528; x_wconf 83' lang='grc' dir='ltr'>ἂν</span> <span class='ocrx_word' id='word_1_657' title='bbox 2552 4473 2642 4543; x_wconf 74' lang='grc' dir='ltr'>εἴη</span> <span class='ocrx_word' id='word_1_658' title='bbox 2688 4472 2750 4526; x_wconf 82' lang='grc' dir='ltr'>τὸ</span> <span class='ocrx_word' id='word_1_659' title='bbox 2800 4472 2931 4528; x_wconf 81' lang='grc' dir='ltr'>Υίὸν</span> <span class='ocrx_word' id='word_1_660' title='bbox 2981 4475 3274 4547; x_wconf 79' lang='grc' dir='ltr'>ἀνθρώπου</span> <span class='ocrx_word' id='word_1_661' title='bbox 3314 4478 3480 4532; x_wconf 76' lang='grc' dir='ltr'>αὐτὸν</span> <span class='ocrx_word' id='word_1_662' title='bbox 3537 4465 3770 4550; x_wconf 49' lang='grc' dir='ltr'>ὀνομάέ</span> 
     </span>
    </p>
   </div>
   <div class='ocr_carea' id='block_1_92' title="bbox 470 4561 2056 4634">
    <p class='ocr_par' dir='ltr' id='par_1_92' title="bbox 470 4561 2056 4634">
     <span class='ocr_line' id='line_1_92' title="bbox 470 4561 2056 4634; baseline -0.007 -5"><span class='ocrx_word' id='word_1_663' title='bbox 470 4576 804 4634; x_wconf 84' lang='lat' dir='ltr'><strong>nominatur.</strong></span> <span class='ocrx_word' id='word_1_664' title='bbox 860 4578 925 4625; x_wconf 91' lang='lat' dir='ltr'><strong>ut</strong></span> <span class='ocrx_word' id='word_1_665' title='bbox 971 4583 1097 4626; x_wconf 91' lang='lat' dir='ltr'><strong>cum</strong></span> <span class='ocrx_word' id='word_1_666' title='bbox 1153 4566 1399 4622; x_wconf 88' lang='lat' dir='ltr'><strong>dicitur:</strong></span> <span class='ocrx_word' id='word_1_667' title='bbox 1445 4561 1764 4616; x_wconf 72' lang='lat' dir='ltr'><strong>Potestatem</strong></span> <span class='ocrx_word' id='word_1_668' title='bbox 1816 4563 1964 4617; x_wconf 76' lang='lat' dir='ltr'><strong>dedit</strong></span> <span class='ocrx_word' id='word_1_669' title='bbox 2006 4565 2056 4619; x_wconf 86' lang='lat' dir='ltr'><strong>ei</strong></span> 
     </span>
    </p>
   </div>
   <div class='ocr_carea' id='block_1_93' title="bbox 467 4651 2052 4734">
    <p class='ocr_par' dir='ltr' id='par_1_93' title="bbox 467 4651 2052 4734">
     <span class='ocr_line' id='line_1_93' title="bbox 467 4651 2052 4734; baseline -0.006 -14"><span class='ocrx_word' id='word_1_670' title='bbox 467 4666 629 4720; x_wconf 80' lang='lat' dir='ltr'><strong>etiam</strong></span> <span class='ocrx_word' id='word_1_671' title='bbox 666 4662 938 4734; x_wconf 78' lang='lat' dir='ltr'><strong>judicium</strong></span> <span class='ocrx_word' id='word_1_672' title='bbox 988 4665 1185 4730; x_wconf 72' lang='lat' dir='ltr'><strong>facere,</strong></span> <span class='ocrx_word' id='word_1_673' title='bbox 1224 4657 1350 4725; x_wconf 84' lang='lat' dir='ltr'><strong>quia</strong></span> <span class='ocrx_word' id='word_1_674' title='bbox 1401 4651 1580 4707; x_wconf 72' lang='lat' dir='ltr'><strong>Filius</strong></span> <span class='ocrx_word' id='word_1_675' title='bbox 1624 4654 1852 4709; x_wconf 73' lang='lat' dir='ltr'><strong>hominis</strong></span> <span class='ocrx_word' id='word_1_676' title='bbox 1897 4655 2052 4711; x_wconf 74' lang='lat' dir='ltr'><strong>est“.</strong></span> 
     </span>
    </p>
   </div>
   <div class='ocr_carea' id='block_1_94' title="bbox 472 4745 2056 4826">
    <p class='ocr_par' dir='ltr' id='par_1_94' title="bbox 472 4745 2056 4826">
     <span class='ocr_line' id='line_1_94' title="bbox 472 4745 2056 4826; baseline -0.004 -14"><span class='ocrx_word' id='word_1_677' title='bbox 472 4756 661 4826; x_wconf 84' lang='lat' dir='ltr'><strong>itaque</strong></span> <span class='ocrx_word' id='word_1_678' title='bbox 692 4755 796 4808; x_wconf 85' lang='lat' dir='ltr'><strong>hoc</strong></span> <span class='ocrx_word' id='word_1_679' title='bbox 821 4753 877 4806; x_wconf 88' lang='lat' dir='ltr'><strong>in</strong></span> <span class='ocrx_word' id='word_1_680' title='bbox 921 4766 1122 4823; x_wconf 87' lang='lat' dir='ltr'><strong>genere</strong></span> <span class='ocrx_word' id='word_1_681' title='bbox 1153 4749 1432 4804; x_wconf 88' lang='lat' dir='ltr'><strong>sciendum</strong></span> <span class='ocrx_word' id='word_1_682' title='bbox 1466 4754 1552 4802; x_wconf 89' lang='lat' dir='ltr'><strong>est</strong></span> <span class='ocrx_word' id='word_1_683' title='bbox 1597 4745 1741 4816; x_wconf 90' lang='lat' dir='ltr'><strong>quod</strong></span> <span class='ocrx_word' id='word_1_684' title='bbox 1771 4747 2056 4818; x_wconf 76' lang='lat' dir='ltr'><strong>appellatio</strong></span> 
     </span>
    </p>
   </div>
   <div class='ocr_carea' id='block_1_95' title="bbox 476 4838 2050 4915">
    <p class='ocr_par' dir='ltr' id='par_1_95' title="bbox 476 4838 2050 4915">
     <span class='ocr_line' id='line_1_95' title="bbox 476 4838 2050 4915; baseline -0.004 -15"><span class='ocrx_word' id='word_1_685' title='bbox 476 4846 735 4911; x_wconf 87' lang='lat' dir='ltr'><strong>hominis,</strong></span> <span class='ocrx_word' id='word_1_686' title='bbox 785 4846 1003 4915; x_wconf 87' lang='lat' dir='ltr'><strong>quando</strong></span> <span class='ocrx_word' id='word_1_687' title='bbox 1032 4840 1251 4909; x_wconf 88' lang='lat' dir='ltr'><strong>quidem</strong></span> <span class='ocrx_word' id='word_1_688' title='bbox 1284 4838 1351 4893; x_wconf 88' lang='lat' dir='ltr'><strong>de</strong></span> <span class='ocrx_word' id='word_1_689' title='bbox 1378 4839 1584 4894; x_wconf 86' lang='lat' dir='ltr'><strong>sanctis</strong></span> <span class='ocrx_word' id='word_1_690' title='bbox 1608 4839 1946 4906; x_wconf 86' lang='lat' dir='ltr'><strong>enuntiatur,</strong></span> <span class='ocrx_word' id='word_1_691' title='bbox 1983 4841 2050 4897; x_wconf 82' lang='lat' dir='ltr'><strong>ad</strong></span> 
     </span>
    </p>
   </div>
   <div class='ocr_carea' id='block_1_96' title="bbox 474 4926 2051 5003">
    <p class='ocr_par' dir='ltr' id='par_1_96' title="bbox 474 4926 2051 5003">
     <span class='ocr_line' id='line_1_96' title="bbox 474 4926 2051 5003; baseline -0.001 -15"><span class='ocrx_word' id='word_1_692' title='bbox 474 4936 805 5003; x_wconf 83' lang='lat' dir='ltr'><strong>vituperium</strong></span> <span class='ocrx_word' id='word_1_693' title='bbox 837 4933 1176 4992; x_wconf 58' lang='lat' dir='ltr'><strong>sumiturmt</strong></span> <span class='ocrx_word' id='word_1_694' title='bbox 1202 4928 1256 4982; x_wconf 90' lang='lat' dir='ltr'><strong>in</strong></span> <span class='ocrx_word' id='word_1_695' title='bbox 1290 4926 1422 4983; x_wconf 88' lang='lat' dir='ltr'><strong>illo:</strong></span> <span class='ocrx_word' id='word_1_696' title='bbox 1456 4927 1567 4999; x_wconf 76' lang='lat' dir='ltr'><strong>Ego</strong></span> <span class='ocrx_word' id='word_1_697' title='bbox 1592 4928 1706 4983; x_wconf 71' lang='lat' dir='ltr'><strong>dixi</strong></span> <span class='ocrx_word' id='word_1_698' title='bbox 1730 4946 1749 4983; x_wconf 90' lang='lat'><strong><em>:</em></strong></span> <span class='ocrx_word' id='word_1_699' title='bbox 1780 4929 1872 4985; x_wconf 84' lang='lat' dir='ltr'><strong>Dii</strong></span> <span class='ocrx_word' id='word_1_700' title='bbox 1896 4933 2051 4999; x_wconf 75' lang='lat' dir='ltr'><strong>erlis,</strong></span> 
     </span>
    </p>
   </div>
   <div class='ocr_carea' id='block_1_97' title="bbox 469 5018 2049 5095">
    <p class='ocr_par' dir='ltr' id='par_1_97' title="bbox 469 5018 2049 5095">
     <span class='ocr_line' id='line_1_97' title="bbox 469 5018 2049 5095; baseline -0.001 -15"><span class='ocrx_word' id='word_1_701' title='bbox 469 5037 520 5080; x_wconf 75' lang='lat' dir='ltr'><strong>et</strong></span> <span class='ocrx_word' id='word_1_702' title='bbox 556 5026 657 5095; x_wconf 74' lang='lat' dir='ltr'><strong>ﬁlii</strong></span> <span class='ocrx_word' id='word_1_703' title='bbox 670 5022 889 5079; x_wconf 71' lang='grc' dir='ltr'>Ἐπείιὶ</span> <span class='ocrx_word' id='word_1_704' title='bbox 910 5036 930 5076; x_wconf 92' lang='lat'><strong><em>:</em></strong></span> <span class='ocrx_word' id='word_1_705' title='bbox 948 5035 1039 5075; x_wconf 74' lang='lat' dir='ltr'><strong>vos</strong></span> <span class='ocrx_word' id='word_1_706' title='bbox 1062 5029 1235 5073; x_wconf 80' lang='lat' dir='ltr'><strong>autem</strong></span> <span class='ocrx_word' id='word_1_707' title='bbox 1256 5018 1389 5073; x_wconf 73' lang='lat' dir='ltr'><strong>sicut</strong></span> <span class='ocrx_word' id='word_1_708' title='bbox 1411 5019 1646 5074; x_wconf 76' lang='lat' dir='ltr'><strong>homines</strong></span> <span class='ocrx_word' id='word_1_709' title='bbox 1670 5022 1965 5077; x_wconf 77' lang='lat' dir='ltr'><strong>moriemini</strong></span> <span class='ocrx_word' id='word_1_710' title='bbox 1983 5023 2049 5078; x_wconf 79' lang='lat'><strong>”.</strong></span> 
     </span>
    </p>
   </div>
   <div class='ocr_carea' id='block_1_98' title="bbox 475 5112 2048 5185">
    <p class='ocr_par' dir='ltr' id='par_1_98' title="bbox 475 5112 2048 5185">
     <span class='ocr_line' id='line_1_98' title="bbox 475 5112 2048 5185; baseline -0.002 -14"><span class='ocrx_word' id='word_1_711' title='bbox 475 5117 705 5185; x_wconf 81' lang='lat' dir='ltr'><strong>Quando</strong></span> <span class='ocrx_word' id='word_1_712' title='bbox 735 5126 870 5171; x_wconf 78' lang='lat' dir='ltr'><strong>vero</strong></span> <span class='ocrx_word' id='word_1_713' title='bbox 904 5120 1223 5183; x_wconf 81' lang='lat' dir='ltr'><strong>peccatores</strong></span> <span class='ocrx_word' id='word_1_714' title='bbox 1254 5127 1449 5180; x_wconf 81' lang='lat' dir='ltr'><strong>pecora</strong></span> <span class='ocrx_word' id='word_1_715' title='bbox 1474 5123 1529 5168; x_wconf 89' lang='lat' dir='ltr'><strong>et</strong></span> <span class='ocrx_word' id='word_1_716' title='bbox 1549 5112 1738 5168; x_wconf 70' lang='lat' dir='ltr'><strong>bestia:</strong></span> <span class='ocrx_word' id='word_1_717' title='bbox 1758 5126 2048 5183; x_wconf 72' lang='lat' dir='ltr'><strong>vocantur,</strong></span> 
     </span>
    </p>
   </div>
   <div class='ocr_carea' id='block_1_99' title="bbox 410 5201 2048 5275">
    <p class='ocr_par' dir='ltr' id='par_1_99' title="bbox 410 5201 2048 5275">
     <span class='ocr_line' id='line_1_99' title="bbox 410 5201 2048 5275; baseline -0.002 -13"><span class='ocrx_word' id='word_1_718' title='bbox 410 5266 421 5271; x_wconf 51' lang='grc'><strong>,</strong></span> <span class='ocrx_word' id='word_1_719' title='bbox 475 5217 602 5264; x_wconf 87' lang='lat' dir='ltr'><strong>tunc</strong></span> <span class='ocrx_word' id='word_1_720' title='bbox 633 5207 687 5262; x_wconf 91' lang='lat' dir='ltr'><strong>in</strong></span> <span class='ocrx_word' id='word_1_721' title='bbox 712 5204 925 5260; x_wconf 84' lang='lat' dir='ltr'><strong>laudem</strong></span> <span class='ocrx_word' id='word_1_722' title='bbox 957 5205 1193 5271; x_wconf 85' lang='lat' dir='ltr'><strong>ponitur,</strong></span> <span class='ocrx_word' id='word_1_723' title='bbox 1222 5203 1373 5270; x_wconf 74' lang='lat' dir='ltr'><strong>juxta</strong></span> <span class='ocrx_word' id='word_1_724' title='bbox 1392 5204 1530 5260; x_wconf 81' lang='lat' dir='ltr'><strong>iiiud</strong></span> <span class='ocrx_word' id='word_1_725' title='bbox 1561 5224 1573 5259; x_wconf 90' lang='lat'><strong>:</strong></span> <span class='ocrx_word' id='word_1_726' title='bbox 1601 5201 1858 5259; x_wconf 80' lang='lat' dir='ltr'><strong>Homines</strong></span> <span class='ocrx_word' id='word_1_727' title='bbox 1887 5215 1935 5258; x_wconf 82' lang='lat' dir='ltr'><strong>et</strong></span> <span class='ocrx_word' id='word_1_728' title='bbox 1950 5204 2048 5275; x_wconf 85' lang='lat' dir='ltr'><strong>jn-</strong></span> 
     </span>
    </p>
   </div>
   <div class='ocr_carea' id='block_1_100' title="bbox 475 5292 1276 5361">
    <p class='ocr_par' dir='ltr' id='par_1_100' title="bbox 475 5292 1276 5361">
     <span class='ocr_line' id='line_1_100' title="bbox 475 5292 1276 5361; baseline -0.002 -10"><span class='ocrx_word' id='word_1_729' title='bbox 475 5308 651 5352; x_wconf 77' lang='lat' dir='ltr'><strong>menta</strong></span> <span class='ocrx_word' id='word_1_730' title='bbox 679 5293 937 5361; x_wconf 65' lang='lat' dir='ltr'><strong>salvebis,</strong></span> <span class='ocrx_word' id='word_1_731' title='bbox 969 5292 1190 5348; x_wconf 77' lang='lat' dir='ltr'><strong>Domine</strong></span> <span class='ocrx_word' id='word_1_732' title='bbox 1204 5295 1276 5349; x_wconf 77' lang='lat'><strong>“.</strong></span> 
     </span>
    </p>
   </div>
   <div class='ocr_carea' id='block_1_101' title="bbox 2159 4565 3753 4637">
    <p class='ocr_par' dir='ltr' id='par_1_101' title="bbox 2159 4565 3753 4637">
     <span class='ocr_line' id='line_1_101' title="bbox 2159 4565 3753 4637; baseline 0.004 -17"><span class='ocrx_word' id='word_1_733' title='bbox 2159 4565 2368 4632; x_wconf 79' lang='grc' dir='ltr'>ζεσθαι,</span> <span class='ocrx_word' id='word_1_734' title='bbox 2405 4565 2529 4618; x_wconf 71' lang='grc' dir='ltr'>ἐπεὶ</span> <span class='ocrx_word' id='word_1_735' title='bbox 2554 4565 2798 4634; x_wconf 68' lang='grc' dir='ltr'>λέγεται*</span> <span class='ocrx_word' id='word_1_736' title='bbox 2843 4566 3170 4631; x_wconf 78' lang='grc' dir='ltr'>Ἐξουσίαν</span> <span class='ocrx_word' id='word_1_737' title='bbox 3203 4568 3430 4624; x_wconf 72' lang='grc' dir='ltr'>ἔδωκεν</span> <span class='ocrx_word' id='word_1_738' title='bbox 3447 4570 3611 4637; x_wconf 82' lang='grc' dir='ltr'><strong>αὐτῷ</strong></span> <span class='ocrx_word' id='word_1_739' title='bbox 3644 4573 3753 4627; x_wconf 72' lang='grc' dir='ltr'><strong>καί</strong></span> 
     </span>
    </p>
   </div>
   <div class='ocr_carea' id='block_1_102' title="bbox 2158 4652 3749 4730">
    <p class='ocr_par' dir='ltr' id='par_1_102' title="bbox 2158 4652 3749 4730">
     <span class='ocr_line' id='line_1_102' title="bbox 2158 4652 3749 4730; baseline 0.003 -21"><span class='ocrx_word' id='word_1_740' title='bbox 2158 4656 2363 4724; x_wconf 78' lang='grc' dir='ltr'>κρίσιν</span> <span class='ocrx_word' id='word_1_741' title='bbox 2390 4652 2607 4717; x_wconf 69' lang='grc' dir='ltr'>ποιεῖν,</span> <span class='ocrx_word' id='word_1_742' title='bbox 2643 4652 2734 4707; x_wconf 81' lang='grc' dir='ltr'>ὅτι</span> <span class='ocrx_word' id='word_1_743' title='bbox 2768 4655 2905 4721; x_wconf 79' lang='grc' dir='ltr'><strong>Υἱὸς</strong></span> <span class='ocrx_word' id='word_1_744' title='bbox 2940 4655 3258 4724; x_wconf 76' lang='grc' dir='ltr'>ἀνθρώπου</span> <span class='ocrx_word' id='word_1_745' title='bbox 3282 4658 3439 4712; x_wconf 78' lang='grc' dir='ltr'>ἐστί.</span> <span class='ocrx_word' id='word_1_746' title='bbox 3479 4658 3601 4730; x_wconf 79' lang='grc' dir='ltr'><strong>Χρὴ</strong></span> <span class='ocrx_word' id='word_1_747' title='bbox 3634 4661 3749 4713; x_wconf 85' lang='grc' dir='ltr'>τοί-</span> 
     </span>
    </p>
   </div>
   <div class='ocr_carea' id='block_1_103' title="bbox 2158 4744 3754 4821">
    <p class='ocr_par' dir='ltr' id='par_1_103' title="bbox 2158 4744 3754 4821">
     <span class='ocr_line' id='line_1_103' title="bbox 2158 4744 3754 4821; baseline 0.003 -21"><span class='ocrx_word' id='word_1_748' title='bbox 2158 4762 2253 4800; x_wconf 81' lang='grc' dir='ltr'><strong>νυν</strong></span> <span class='ocrx_word' id='word_1_749' title='bbox 2277 4744 2439 4799; x_wconf 76' lang='grc' dir='ltr'>τοῦτο</span> <span class='ocrx_word' id='word_1_750' title='bbox 2465 4744 2693 4798; x_wconf 74' lang='grc' dir='ltr'>καθόλου</span> <span class='ocrx_word' id='word_1_751' title='bbox 2716 4744 3027 4811; x_wconf 80' lang='grc' dir='ltr'>γινώσκειν,</span> <span class='ocrx_word' id='word_1_752' title='bbox 3048 4747 3133 4801; x_wconf 77' lang='grc' dir='ltr'>ὅτι</span> <span class='ocrx_word' id='word_1_753' title='bbox 3160 4749 3195 4819; x_wconf 87' lang='grc' dir='ltr'><strong>ή</strong></span> <span class='ocrx_word' id='word_1_754' title='bbox 3228 4746 3542 4818; x_wconf 76' lang='grc' dir='ltr'>ἄνθρωπος</span> <span class='ocrx_word' id='word_1_755' title='bbox 3572 4767 3754 4821; x_wconf 84' lang='grc' dir='ltr'>προσ-</span> 
     </span>
    </p>
   </div>
   <div class='ocr_carea' id='block_1_104' title="bbox 2157 4834 3754 4911">
    <p class='ocr_par' dir='ltr' id='par_1_104' title="bbox 2157 4834 3754 4911">
     <span class='ocr_line' id='line_1_104' title="bbox 2157 4834 3754 4911; baseline 0.004 -22"><span class='ocrx_word' id='word_1_756' title='bbox 2157 4834 2380 4908; x_wconf 90' lang='grc' dir='ltr'>ηγορία,</span> <span class='ocrx_word' id='word_1_757' title='bbox 2412 4835 2504 4889; x_wconf 73' lang='grc' dir='ltr'>ὅτε</span> <span class='ocrx_word' id='word_1_758' title='bbox 2538 4836 2641 4906; x_wconf 78' lang='grc' dir='ltr'>μὲν</span> <span class='ocrx_word' id='word_1_759' title='bbox 2684 4837 2734 4889; x_wconf 83' lang='lat' dir='ltr'><strong>oi</strong></span> <span class='ocrx_word' id='word_1_760' title='bbox 2769 4835 2915 4905; x_wconf 70' lang='grc' dir='ltr'>ἅγιοι</span> <span class='ocrx_word' id='word_1_761' title='bbox 2962 4839 3488 4909; x_wconf 80' lang='grc' dir='ltr'>προσαγορεύονται,</span> <span class='ocrx_word' id='word_1_762' title='bbox 3530 4843 3627 4896; x_wconf 60' lang='grc' dir='ltr'><strong>ἐπὶ</strong></span> <span class='ocrx_word' id='word_1_763' title='bbox 3653 4842 3754 4911; x_wconf 74' lang='grc' dir='ltr'><strong>ψό-</strong></span> 
     </span>
    </p>
   </div>
   <div class='ocr_carea' id='block_1_105' title="bbox 2156 4927 3743 4999">
    <p class='ocr_par' dir='ltr' id='par_1_105' title="bbox 2156 4927 3743 4999">
     <span class='ocr_line' id='line_1_105' title="bbox 2156 4927 3743 4999; baseline 0.006 -17"><span class='ocrx_word' id='word_1_764' title='bbox 2156 4945 2255 4998; x_wconf 89' lang='grc' dir='ltr'><strong>γου</strong></span> <span class='ocrx_word' id='word_1_765' title='bbox 2281 4927 2643 4999; x_wconf 79' lang='grc' dir='ltr'>λαμὸἁνεται,</span> <span class='ocrx_word' id='word_1_766' title='bbox 2676 4929 2753 4992; x_wconf 79' lang='grc' dir='ltr'>ὡς</span> <span class='ocrx_word' id='word_1_767' title='bbox 2783 4930 2869 4993; x_wconf 71' lang='grc' dir='ltr'><strong>τὸ,</strong></span> <span class='ocrx_word' id='word_1_768' title='bbox 2908 4929 3053 4999; x_wconf 76' lang='grc' dir='ltr'><strong>Ἐγὼ</strong></span> <span class='ocrx_word' id='word_1_769' title='bbox 3085 4927 3246 4993; x_wconf 77' lang='grc' dir='ltr'>εἶπα.</span> <span class='ocrx_word' id='word_1_770' title='bbox 3280 4934 3417 4987; x_wconf 74' lang='grc' dir='ltr'>Θεοί</span> <span class='ocrx_word' id='word_1_771' title='bbox 3451 4935 3612 4999; x_wconf 77' lang='grc' dir='ltr'>ἐστε,</span> <span class='ocrx_word' id='word_1_772' title='bbox 3640 4940 3743 4992; x_wconf 77' lang='grc' dir='ltr'><strong>καί</strong></span> 
     </span>
    </p>
   </div>
   <div class='ocr_carea' id='block_1_106' title="bbox 2155 5019 3740 5095">
    <p class='ocr_par' dir='ltr' id='par_1_106' title="bbox 2155 5019 3740 5095">
     <span class='ocr_line' id='line_1_106' title="bbox 2155 5019 3740 5095; baseline 0.003 -21"><span class='ocrx_word' id='word_1_773' title='bbox 2155 5019 2275 5075; x_wconf 65' lang='lat' dir='ltr'><strong>vlo!</strong></span> <span class='ocrx_word' id='word_1_774' title='bbox 2321 5019 2605 5088; x_wconf 70' lang='grc' dir='ltr'>Ὑψίστου</span> <span class='ocrx_word' id='word_1_775' title='bbox 2624 5062 2639 5086; x_wconf 86' lang='grc'><strong>,</strong></span> <span class='ocrx_word' id='word_1_776' title='bbox 2691 5020 2863 5088; x_wconf 73' lang='grc' dir='ltr'>ὑμεῖς</span> <span class='ocrx_word' id='word_1_777' title='bbox 2901 5019 2971 5073; x_wconf 79' lang='grc' dir='ltr'><strong>δὲ</strong></span> <span class='ocrx_word' id='word_1_778' title='bbox 3011 5022 3093 5089; x_wconf 84' lang='grc' dir='ltr'><strong>ὡς</strong></span> <span class='ocrx_word' id='word_1_779' title='bbox 3126 5022 3428 5092; x_wconf 63' lang='lat' dir='ltr'><strong>dar-opsum</strong></span> <span class='ocrx_word' id='word_1_780' title='bbox 3473 5028 3740 5095; x_wconf 73' lang='grc' dir='ltr'>ἀποθνή.</span> 
     </span>
    </p>
   </div>
   <div class='ocr_carea' id='block_1_107' title="bbox 2155 5111 3745 5189">
    <p class='ocr_par' dir='ltr' id='par_1_107' title="bbox 2155 5111 3745 5189">
     <span class='ocr_line' id='line_1_107' title="bbox 2155 5111 3745 5189; baseline 0.003 -24"><span class='ocrx_word' id='word_1_781' title='bbox 2155 5127 2367 5167; x_wconf 62' lang='lat' dir='ltr'><strong>execr</strong></span> <span class='ocrx_word' id='word_1_782' title='bbox 2412 5112 2501 5166; x_wconf 75' lang='grc' dir='ltr'>ὅτε</span> <span class='ocrx_word' id='word_1_783' title='bbox 2528 5111 2588 5166; x_wconf 78' lang='grc' dir='ltr'><strong>δὲ</strong></span> <span class='ocrx_word' id='word_1_784' title='bbox 2623 5114 2797 5183; x_wconf 78' lang='grc' dir='ltr'>κτήνη</span> <span class='ocrx_word' id='word_1_785' title='bbox 2844 5113 2943 5166; x_wconf 83' lang='grc' dir='ltr'>καὶ</span> <span class='ocrx_word' id='word_1_786' title='bbox 2971 5114 3158 5185; x_wconf 75' lang='grc' dir='ltr'>θηρία,</span> <span class='ocrx_word' id='word_1_787' title='bbox 3191 5117 3243 5169; x_wconf 81' lang='lat' dir='ltr'><strong>oi</strong></span> <span class='ocrx_word' id='word_1_788' title='bbox 3274 5117 3613 5189; x_wconf 83' lang='grc' dir='ltr'>ἁμαρτωλοὶ,</span> <span class='ocrx_word' id='word_1_789' title='bbox 3650 5121 3745 5171; x_wconf 68' lang='grc' dir='ltr'><strong>ἐπὶ</strong></span> 
     </span>
    </p>
   </div>
   <div class='ocr_carea' id='block_1_108' title="bbox 2157 5200 3743 5278">
    <p class='ocr_par' dir='ltr' id='par_1_108' title="bbox 2157 5200 3743 5278">
     <span class='ocr_line' id='line_1_108' title="bbox 2157 5200 3743 5278; baseline 0.008 -24"><span class='ocrx_word' id='word_1_790' title='bbox 2157 5202 2383 5255; x_wconf 74' lang='grc' dir='ltr'>ἐπαίνου</span> <span class='ocrx_word' id='word_1_791' title='bbox 2433 5200 2601 5255; x_wconf 81' lang='grc' dir='ltr'>καλοῦ</span> <span class='ocrx_word' id='word_1_792' title='bbox 2640 5202 2938 5272; x_wconf 84' lang='grc' dir='ltr'>τάσσεται,</span> <span class='ocrx_word' id='word_1_793' title='bbox 2973 5204 3049 5269; x_wconf 85' lang='grc' dir='ltr'><strong>ὡς</strong></span> <span class='ocrx_word' id='word_1_794' title='bbox 3079 5206 3178 5259; x_wconf 77' lang='grc' dir='ltr'>τόο</span> <span class='ocrx_word' id='word_1_795' title='bbox 3219 5210 3591 5278; x_wconf 72' lang='grc' dir='ltr'>Ἆνθρώπονς</span> <span class='ocrx_word' id='word_1_796' title='bbox 3638 5215 3743 5267; x_wconf 66' lang='grc' dir='ltr'>καὶ</span> 
     </span>
    </p>
   </div>
   <div class='ocr_carea' id='block_1_109' title="bbox 2156 5292 2852 5365">
    <p class='ocr_par' dir='ltr' id='par_1_109' title="bbox 2156 5292 2852 5365">
     <span class='ocr_line' id='line_1_109' title="bbox 2156 5292 2852 5365; baseline 0.007 -19"><span class='ocrx_word' id='word_1_797' title='bbox 2156 5292 2355 5363; x_wconf 68' lang='grc' dir='ltr'>κτήνη</span> <span class='ocrx_word' id='word_1_798' title='bbox 2378 5293 2628 5362; x_wconf 77' lang='grc' dir='ltr'>σώσεις,</span> <span class='ocrx_word' id='word_1_799' title='bbox 2656 5295 2852 5365; x_wconf 73' lang='grc' dir='ltr'>Κύριε.</span> 
     </span>
    </p>
   </div>
   <div class='ocr_carea' id='block_1_110' title="bbox 543 5466 2249 5540">
    <p class='ocr_par' dir='ltr' id='par_1_110' title="bbox 543 5466 2249 5540">
     <span class='ocr_line' id='line_1_110' title="bbox 543 5466 2249 5540; baseline 0.001 -17"><span class='ocrx_word' id='word_1_800' title='bbox 543 5470 595 5504; x_wconf 74' lang='grc'><strong>⁸⁸</strong></span> <span class='ocrx_word' id='word_1_801' title='bbox 620 5466 779 5528; x_wconf 77' lang='lat' dir='ltr'><strong>Joau.</strong></span> <span class='ocrx_word' id='word_1_802' title='bbox 807 5482 860 5536; x_wconf 78' lang='grc' dir='ltr'><strong>ν,</strong></span> <span class='ocrx_word' id='word_1_803' title='bbox 888 5467 983 5524; x_wconf 69' lang='grc' dir='ltr'><strong>υ.</strong></span> <span class='ocrx_word' id='word_1_804' title='bbox 1050 5472 1105 5504; x_wconf 73' lang='grc'><strong>’⁸</strong></span> <span class='ocrx_word' id='word_1_805' title='bbox 1132 5469 1279 5528; x_wconf 82' lang='lat' dir='ltr'><strong>Psal.</strong></span> <span class='ocrx_word' id='word_1_806' title='bbox 1300 5487 1501 5540; x_wconf 73' lang='lat' dir='ltr'><strong>um,</strong></span> <span class='ocrx_word' id='word_1_807' title='bbox 1533 5473 1590 5540; x_wconf 86' lang='lat'><strong>6,</strong></span> <span class='ocrx_word' id='word_1_808' title='bbox 1632 5474 1684 5527; x_wconf 91' lang='lat'><strong>7.</strong></span> <span class='ocrx_word' id='word_1_809' title='bbox 1760 5473 1806 5506; x_wconf 76' lang='lat'>“</span> <span class='ocrx_word' id='word_1_810' title='bbox 1832 5472 1976 5528; x_wconf 81' lang='lat' dir='ltr'><strong>Psal.</strong></span> <span class='ocrx_word' id='word_1_811' title='bbox 2007 5487 2171 5537; x_wconf 54' lang='lat' dir='ltr'><strong>sxxii,</strong></span> <span class='ocrx_word' id='word_1_812' title='bbox 2193 5477 2249 5528; x_wconf 69' lang='lat'><strong>8,</strong></span> 
     </span>
    </p>
   </div>
  </div>
