4064 6420
1237 207 1281 242 \

297 334 441 400 1669

1308 344 1388 402 IN
1431 343 1666 402 EPISTo
1711 344 1810 401 AD
1855 344 2033 404 RUM.
2077 347 2561 407 FRAGMENTA.

3446 351 3584 415 1670

642 667 1398 757 FRAGMENTA
1481 669 1598 755 IN
1680 669 2352 759 EPISTOLAM
2428 671 2580 762 AD
2661 673 3226 767 ROMANOS

572 862 618 920 E
660 877 1122 923 COMMENTARHS
1182 861 1217 919 'l
1237 876 1514 919 naonuu
1543 907 1557 932 ,
1601 876 1637 918 ιε
1690 875 1930 920 CATENA
1987 861 2304 922 CRAMERI.
2355 878 2607 924 NECNON
2649 881 2687 924 E
2733 881 2874 924 con.
2921 861 3330 930 lllomcstvst.

990 1285 1050 1345 Ε
1089 1283 1322 1345 Catena
1366 1283 1669 1346 Theodult‘
1701 1294 1820 1346 vet.
1867 1288 2116 1350 Patrum
2159 1289 2314 1351 Bibl.
2356 1300 2502 1351 tom.
2541 1291 2691 1366 VIII,
2736 1291 2872 1353 589.

887 1452 933 1502 Κ
944 1452 1113 1504 ΕΦΑΛ
1125 1492 1137 1504 .
1193 1454 1270 1509 A'.

357 1584 376 1616 ι
414 1564 899 1634 Πεπληρωμένους
923 1566 1073 1635 πάσῃ
1099 1567 1307 1636 ἀδικίᾳ,
1337 1567 1588 1637 πορνείᾳ,
1615 1569 1874 1638 πονηρίᾳ,

271 1655 596 1727 πλεονεξίᾳ,
642 1655 845 1727 κακίᾳ·
894 1658 1130 1724 μεστοὺς
1163 1656 1386 1724 φθόνου,
1434 1657 1623 1725 φόνου,
1676 1657 1874 1727 ἔριδος,

270 1750 464 1810 δόλου,
514 1744 878 1818 κακοηθείας·
924 1748 1280 1819 ψιθυριστάς,
1335 1747 1697 1811 καταλάλους,
1756 1749 1876 1800 θεο-

273 1843 530 1909 στυγεῖς,
569 1840 854 1910 ὑϐριστάς,
885 1840 1292 1910 ὑπερηφάνους,
1327 1838 1617 1914 ἀλαζόνας.
1662 1859 1680 1890 ι

346 1936 415 2003 ι’)
449 1934 563 1986 Καὶ
609 1932 691 1985 ἐνὶ
737 1932 915 2001 τούτῳ
959 1931 1042 2002 τῷ
1081 1931 1178 2000 τῆς
1235 1931 1453 1994 ἀδικίας
1498 1932 1872 2001 προσρήματι,

270 2027 436 2096 κοινῇ
461 2025 534 2076 τά
558 2025 639 2088 είς
665 2023 933 2093 ἀλλήλους
957 2021 1135 2075 αὑτῶν
1154 2023 1332 2075 πάντα
1355 2039 1422 2074 πε
1433 2021 1674 2093 ριλαϐὼν
1696 2024 1876 2094 ἀμαρ-

267 2119 526 2188 τήματα,
575 2119 634 2172 έν
679 2120 797 2182 τοῖς
841 2117 968 2186 ἑξῆς
1002 2117 1400 2187 ἀπαριθμεῖται
1445 2116 1568 2169 καθ’
1617 2116 1870 2173 ἕκαστον.

269 2212 384 2264 Καὶ⁵
421 2210 699 2280 πονηρίαν
725 2210 824 2280 μὲν
847 2209 1018 2276 λέγει,
1055 2209 1118 2261 τὸ
1159 2209 1223 2260 ἐκ
1267 2209 1618 2278 κατασκευῆς
1644 2209 1725 2271 είς
1752 2226 1873 2261 τινα

267 2301 434 2373 παρά
462 2300 561 2354 τοῦ
592 2301 758 2354 πόνου
798 2300 1090 2370 γινόμενον
1110 2315 1123 2328 ·
1156 2297 1474 2364 πλεονεξίαν
1502 2299 1580 2360 δὲ,
1605 2299 1706 2368 τὴν
1733 2298 1874 2367 ὑπὲρ

265 2394 373 2462 τῆς
415 2392 718 2462 ἐπιθυμίας
747 2390 842 2445 τοῦ
876 2391 1121 2453 πλείονος
1151 2389 1357 2460 βλάϐην
1385 2405 1398 2419 ·
1434 2389 1636 2442 κακίαν
1667 2388 1750 2451 δὲ,
1772 2389 1872 2458 τὴν

266 2484 368 2538 τοῦ
392 2484 650 2539 κακῶσαι
675 2484 772 2538 τὸν
799 2483 968 2547 πέλας
998 2483 1239 2553 σπουδήν
1265 2497 1277 2508 ·
1309 2480 1505 2549 φθόνον
1543 2480 1623 2545 δὲ,
1656 2479 1756 2551 τὴν
1780 2479 1874 2531 ἐπὶ

264 2579 389 2640 τοῖς
422 2574 519 2630 τοῦ
567 2576 797 2646 πλησίον
829 2577 1017 2639 καλοῖς
1067 2574 1372 2645 βασκανίαν
1396 2589 1410 2602 ·
1457 2573 1618 2641 φόνον
1663 2571 1741 2635 δὲ,
1775 2568 1874 2642 τὴν

269 2669 480 2738 μέχρις
521 2661 862 2737 ἀναιρέσεως
908 2667 1128 2736 κίνησιν
1152 2682 1165 2696 ·
1197 2665 1314 2735 ἔριν
1342 2664 1421 2732 δὲ,
1471 2665 1568 2734 τὴν
1603 2663 1873 2731 ἐπίψογον

264 2758 652 2829 φιλονεικίαν·
705 2758 857 2809 δόλον
901 2758 978 2822 δὲ,
1008 2757 1107 2819 τάς
1150 2757 1243 2807 ἐπὶ
1280 2755 1426 2825 λύμῃ
1477 2755 1588 2806 τῶν
1627 2754 1872 2823 ἀδελφῶν

263 2848 570 2912 έπιϐουλάς
603 2865 662 2900 τε
701 2848 796 2900 καὶ
844 2847 1128 2917 μηχανάς·
1168 2845 1500 2914 κακοήθειαν
1527 2845 1605 2907 δὲ,
1634 2843 1736 2915 τὴν
1771 2862 1871 2897 κα-

265 2941 610 3008 κοτροπίαν·
640 2939 976 3010 ψιθυρισμὸν
1011 2939 1086 3002 δὲ,
1117 2939 1217 3009 τὴν
1242 2939 1334 2991 ὑπ’
1367 2939 1555 2992 ὀδόντα
1581 2938 1690 2991 τῶν
1724 2955 1868 3010 παρ-

264 3039 446 3090 όντων
495 3033 855 3102 κακολογίαν·
897 3032 1231 3086 καταλαλιάν
1259 3032 1338 3096 δὲ,
1379 3035 1480 3101 τὴν
1505 3034 1585 3096 εἰς
1630 3033 1872 3096 ἀπόντας

265 3129 379 3183 ὑπό
419 3145 586 3182 τινων
627 3127 1008 3198 βλασφημίαν·
1045 3124 1360 3192 θεοστυγεῖς
1397 3125 1475 3188 δὲ,
1510 3126 1570 3177 οὑ
1607 3126 1734 3188 τοὺς
1767 3125 1872 3178 ὑπὸ

263 3222 412 3276 Θεοῦ
455 3219 819 3290 μισουμένους
859 3220 945 3288 (οὑ
992 3217 1102 3288 γὰρ
1137 3215 1287 3287 αὐτῷ
1336 3215 1496 3269 τοῦτο
1538 3216 1710 3282 δεῖξαι
1735 3218 1870 3288 πρό-

263 3330 457 3367 κειται
489 3311 632 3380 νῦν),
663 3309 800 3364 ἀλλά
827 3311 954 3372 τοὺς
975 3308 1274 3380 μισοῦντας
1297 3309 1430 3362 Θεόν
1451 3325 1466 3338 ·
1501 3308 1764 3380 ὑϐριστὰς
1789 3309 1867 3374 δὲ,

263 3406 400 3468 τοὺς
439 3403 666 3474 θρασεῖς
711 3403 806 3455 καὶ
845 3401 1153 3470 λοιδόρους·
1199 3401 1590 3470 ὑπερηφάνους
1620 3401 1700 3465 δὲ,
1741 3404 1869 3465 τοὺς

263 3497 413 3552 κατά
465 3495 574 3547 τῶν
601 3495 702 3546 οὑκ
729 3493 965 3563 ἐχόντων
1001 3492 1088 3560 ἐφ’
1124 3486 1204 3552 οἷς
1247 3491 1433 3559 ἔχουσι
1469 3494 1830 3561 φυσωμένους
1853 3511 1866 3523 ·

261 3589 542 3654 ἀλαζόνας
564 3588 642 3649 δὲ,
684 3585 810 3648 τοὺς
834 3586 921 3654 ἐφ’
949 3578 1031 3646 οἷς
1075 3584 1176 3636 οὑκ
1202 3581 1417 3651 ἔχουσιν
1461 3581 1765 3650 αὐχοῦντας
1791 3583 1866 3644 ὡς

258 3682 528 3751 ἔχοντας·
571 3677 874 3747 ὲςευρετάς
922 3674 1135 3738 κακῶν,
1165 3673 1293 3736 τοὺς
1326 3673 1418 3725 ἐπὶ
1443 3661 1579 3735 ’τοῖς
1609 3673 1866 3735 παλαιοῖς

257 3773 489 3834 κακοῖς,
512 3769 676 3838 ἕτερα
703 3764 1164 3836 καινοτομοῦντας
1187 3763 1356 3816 κακά·
1387 3763 1605 3830 γονεῦσι
1632 3763 1686 3815 δὲ
1704 3764 1866 3815 ἀπει-

258 3865 397 3928 θεῖς,
433 3862 572 3926 τοὺς
608 3861 702 3914 κα)⁸
735 3861 899 3934 μέχρι
944 3857 1055 3910 τῶν
1083 3857 1290 3926 γονέων
1313 3855 1639 3924 ἀγνώμονας
1665 3870 1678 3883 ·
1708 3856 1866 3907 ἀσυν-

265 3960 426 4020 έτους
474 3955 557 4018 δὲ,
591 3954 718 4017 τοὺς
761 3950 1167 4019 ἀσυνειδήτους,
1209 3942 1288 4002 ὧν
1339 3947 1491 4000 οὐδὲν
1532 3946 1856 4016 ἀφρονέστε-

266 4065 393 4118 ρον·
422 4044 759 4108 ἀσυνθέτους
807 4043 886 4108 δὲ,
920 4041 1045 4104 τοὺς
1076 4042 1195 4103 ταῖς
1230 4038 1532 4109 συνθήκαις
1565 4038 1640 4108 μὴ
1687 4036 1863 4108 ἐμμέ-

1907 1466 1954 1518 Δ

2654 1461 2804 1516 CAP.
2838 1462 2878 1518 Ι.

2061 1571 2327 1626 \‘Etts.29.
2377 1591 2395 1624 ι
2426 1571 2678 1642 Repletos
2704 1578 2849 1632 omni
2881 1577 3567 1645 iniustitia,fornicatione,

1982 1661 2222 1727 tnalitia;
2277 1665 2507 1718 refertos
2557 1665 2782 1731 invidia,
2829 1669 2998 1734 cznde,
3049 1670 3159 1733 lite,
3195 1671 3338 1734 dolo,
3389 1673 3570 1740 pravis

1981 1751 2259 1814 moribus;
2294 1764 2748 1822 murmuratores,
2791 1756 3145 1822 detractores,
3177 1756 3287 1812 Deo
3318 1759 3566 1822 odiuiles.

1981 1843 2228 1910 injurios,
2258 1845 2543 1913 superbos.
2574 1865 2593 1898 ι

2051 1934 2164 1988 Hac
2204 1935 2482 2004 injuslitia:
2509 1937 2872 2007 appellatione
2940 1937 3121 1992 omnia
3180 1938 3415 2005 illorum,
3449 1953 3570 2008 qu:e

1979 2029 2118 2084 inter
2148 2045 2268 2085 sese
2298 2033 2674 2097 admiserunt,
2716 2032 2922 2086 scelera
2971 2034 3310 2101 complexus,
3361 2034 3568 2104 singula

1976 2122 2233 2189 deinceps
2260 2122 2537 2191 sigillatitn
2573 2124 2902 2178 dinumerat.
2951 2125 3030 2177 Ac
3057 2124 3318 2178 malitiam
3349 2126 3567 2194 quidem

1977 2211 2127 2275 dicit,
2174 2228 2294 2280 quae
2327 2227 2393 2266 ex
2443 2212 2855 2266 conﬁrmatione
2897 2216 2964 2268 ad
3011 2215 3277 2284 quaadam,
3311 2231 3342 2270 e
3382 2215 3571 2270 labore

1977 2305 2064 2368 ﬁt,
2115 2303 2452 2370 πλεονεξίαν·
2498 2306 2789 2359 avaritiam
2843 2317 3047 2372 autem,
3105 2322 3302 2361 noxam
3349 2318 3404 2363 et
3460 2309 3570 2362 cir-

1978 2395 2414 2449 cmuventionem
2455 2396 2672 2465 accipit,
2721 2411 2844 2465 qua:
2901 2397 2958 2450 tit
2987 2413 3053 2451 ex
3091 2399 3387 2464 cupiditate
3415 2399 3568 2468 plura

1979 2485 2248 2552 habendi;
2286 2486 2548 2540 malitiam
2604 2502 2734 2542 vero
2803 2499 3081 2554 conatum,
3123 2503 3230 2558 quo
3263 2491 3568 2560 proximum

1977 2591 2134 2632 suum
2164 2580 2449 2646 quisquam
2480 2577 2722 2646 aﬂligere
2749 2580 2929 2632 studet
2954 2597 2968 2644 ;
2990 2579 3248 2634 invidiam
3287 2595 3471 2649 porro,
3500 2581 3570 2634 ob

1975 2669 2210 2738 proximi
2244 2669 2620 2724 secundiorem
2671 2669 2964 2733 fortunam,
3021 2671 3288 2735 livorem;
3344 2673 3568 2735 caedem,

1977 2761 2044 2812 ad
2096 2760 2272 2828 ipsum
2325 2775 2498 2830 usque
2554 2761 2931 2826 homicidium,
2991 2763 3328 2828 motionem;
3395 2762 3567 2827 litem,

1977 2850 2386 2920 vituperandam
2423 2867 2517 2906 seu
2571 2855 2636 2905 ad
2672 2853 2918 2906 convicia
2973 2865 3285 2921 vergentem
3341 2866 3569 2910 conten-

1977 2941 2174 2995 tionem
2209 2951 2398 3006 vocat;
2433 2940 2639 3004 dolum,
2674 2941 2745 2994 ob
2773 2940 3004 2994 fratrum
3048 2944 3307 2995 honorem
3339 2942 3567 2999 insidias

1974 3041 2027 3084 et
2060 3040 2245 3094 artes;
2296 3045 2508 3084 morum
2541 3029 2894 3100 pravitatem,
2948 3031 3116 3098 ipsam
3170 3031 3564 3096 morositatem,

1973 3131 2135 3188 atque
2167 3125 2300 3175 adeo
2339 3122 2394 3175 in
2430 3121 2552 3174 vitae
2600 3121 3138 3189 conversationisque
3192 3127 3405 3177 ratione
3456 3124 3563 3178 dif-

1972 3213 2306 3279 iicultatem;
2348 3213 2830 3267 murmurationem
2885 3225 3087 3279 autem,
3136 3213 3237 3268 sub
3285 3214 3448 3268 dente
3501 3215 3566 3268 de

1971 3306 2330 3376 praasentibus
2381 3304 2883 3374 maleloquentiam;
2936 3306 3386 3360 obtrectationem
3445 3321 3560 3358 ma-

1972 3401 2318 3456 ledicentiam
2357 3415 2387 3452 a
2427 3398 2750 3468 quibusdam
2779 3399 2832 3452 in
2862 3399 3136 3453 absentes.
3179 3398 3288 3452 Deo
3314 3396 3562 3462 odibiles,

1972 3510 2078 3546 non
2111 3509 2210 3548 eos
2255 3509 2392 3560 quos
2425 3491 2569 3548 Deus
2606 3495 2779 3549 oderit
2811 3512 2826 3560 ;
2864 3509 2968 3546 non
3010 3493 3153 3546 enim
3203 3491 3345 3546 istud
3378 3505 3566 3545 saneto

1969 3583 2272 3654 Paulojam
2306 3602 2449 3639 nunc
2487 3596 2794 3640 monstrare
2845 3585 3180 3653 propositum
3231 3590 3338 3647 est,
3375 3597 3561 3635 vermn

1968 3694 2064 3735 eos
2096 3678 2186 3747 qui
2221 3677 2385 3730 Deum
2421 3677 2694 3731 oderunt:
2749 3676 3026 3729 hominum
3078 3675 3153 3728 ita
3199 3674 3346 3728 circa
3378 3675 3559 3728 omnia

1968 3771 2403 3826 exsecrationem
2435 3769 2737 3834 explicans,
2790 3765 3040 3832 injurias,
3093 3765 3349 3829 audaces,
3390 3775 3559 3818 teme-

1969 3863 2142 3917 rarios
2180 3868 2234 3914 et
2284 3860 2677 3913 conviciatores
2734 3868 2929 3922 vocat;
2982 3856 3264 3923 superbos,
3323 3870 3416 3910 eos
3467 3859 3556 3922 qui

1967 3968 2156 4008 eorum
2205 3966 2369 4004 causa
2419 3965 2538 4018 quae
2587 3949 2687 4015 ipsi
2743 3949 2964 4012 habent,
3015 3948 3271 4002 inﬂantur
3299 3963 3431 4018 erga
3463 3964 3558 4003 eos

1969 4039 2056 4107 qui
2110 4038 2233 4091 talia
2286 4051 2391 4091 non
2443 4037 2744 4106 possident.
2779 4037 3138 4104 Arrogantes,
3191 4046 3556 4092 ostentatores

263 4157 482 4202 νοντας,
509 4137 572 4199 ἃς
607 4135 674 4190 ἂν
706 4135 842 4206 πρός
871 4150 1022 4196 τινας
1069 4131 1405 4184 σύνθωνται·
1437 4130 1742 4200 ἀστόργους
1781 4129 1857 4194 δὲ,

1971 4131 2116 4195 dicit,
2156 4131 2247 4199 qui
2281 4129 2351 4183 oh
2380 4145 2444 4184 ea
2475 4145 2596 4196 qua:
2642 4145 2750 4182 non
2799 4129 3020 4195 habent,
3069 4128 3372 4198 gloriantur
3401 4145 3558 4200 atque

217 4260 219 4262 -
259 4232 387 4294 τοὺς
410 4230 647 4296 ἀπηνεῖς
679 4227 775 4280 καὶ¹
801 4223 1027 4294 ἀφίλους
1054 4239 1068 4252 °
1091 4222 1392 4284 ἀσπόνδους
1421 4221 1499 4288 δὲ,
1529 4223 1655 4283 τοὺς
1677 4222 1862 4276 ἀδιαλο

259 4313 502 4382 λάκτους
556 4317 654 4371 καὶ
708 4312 1114 4386 μνησικάκους·
1169 4311 1537 4381 ἀνελεήμονας
1594 4311 1683 4373 δὲ,
1735 4313 1862 4375 τοὺς

261 4411 553 4482 ἀκαμπεῑς
601 4406 696 4460 καὶ
739 4403 1053 4466 ἀνενδότους
1110 4403 1249 4472 πρὸς
1298 4402 1469 4455 ἔλεον.
1516 4400 1858 4467 Ἀλαζόνας.

261 4503 324 4555 Et
354 4503 468 4574 γὰρ
504 4501 533 4553 ὁ
578 4497 885 4568 κατορθῶν,
917 4499 983 4567 τῇ
1027 4494 1318 4565 ἀλαζονείᾳ
1339 4493 1690 4563 χρησάμενος
1735 4493 1856 4544 ἐκέ·

260 4613 400 4649 νωσε
430 4593 508 4648 τὰ
538 4588 973 4660 κατορθωθέντα,
1002 4587 1165 4648 ποίας
1189 4586 1256 4639 ἂν
1288 4585 1374 4655 εῐη
1408 4583 1681 4654 τιμωρίας
1707 4584 1856 4649 ἄξιος

258 4688 286 4739 ὁ
334 4689 393 4741 ὲν
445 4683 748 4755 ἁμαρτίαις
795 4678 1297 4748 ἀλαζονευόμενος;
1357 4676 1709 4744 Ἐςρευρετὰς
1755 4692 1857 4727 κα-

259 4777 404 4834 κῶν.
436 4778 622 4846 Ὅπερ
655 4770 1005 4843 μελετώντων
1033 4768 1128 4820 καὶ
1161 4766 1578 4830 σπουδαζόντων
1612 4765 1767 4826 ἴδιον,
1793 4765 1853 4816 οὑ

264 4869 371 4939 μὴν
394 4867 765 4938 ἀγνοούντων.
802 4862 1194 4926 Ἀσυνθέτους
1221 4856 1660 4926 ἀνελεήμονας.
1700 4858 1853 4909 Ἀπο-

264 4960 640 5032 σχοινίζοντας
671 4957 780 5012 ἀπὸ
815 4957 1058 5019 πάντων,
1084 4953 1353 5016 τουτέστι,
1391 4949 1602 5011 πάντας
1633 4947 1853 5019 μισοῦν-

261 5069 359 5116 τας
387 5053 489 5106 καὶ
516 5048 1053 5120 ἀποστρεφομένους.

1968 4237 2032 4275 ac
2065 4221 2108 4274 si
2142 4221 2374 4274 habeant
2402 4237 2416 4286 ;
2475 4221 2786 4276 inventores
2815 4220 3103 4286 malorum,
3151 4221 3244 4292 qui
3272 4220 3342 4274 ob
3372 4230 3554 4276 vetera

1967 4307 2126 4369 mala,
2171 4307 2272 4360 alia
2307 4324 2412 4362 non
2441 4309 2663 4376 perinde
2696 4310 2856 4374 bona,
2891 4325 3030 4364 nova
3065 4311 3242 4366 moliri
3288 4313 3550 4383 ﬂagrant;

1965 4400 2285 4468 parentibus
2364 4401 2779 4469 immorigeros,
2838 4402 3212 4470 imprudentes
3272 4403 3326 4457 in
3393 4402 3555 4456 rebus

1965 4490 2286 4558 parentum‘;
2344 4489 2681 4556 insipientes,
2724 4491 3056 4546 conscientia
3097 4503 3392 4550 vacantes:
3446 4496 3552 4550 htt-

1959 4578 2194 4646 jusmodi
2228 4579 2372 4632 enim
2407 4579 2540 4633 nihil
2567 4588 2650 4633 est
2679 4579 3064 4647 insipientius;
3100 4582 3324 4638 hederis
3356 4598 3552 4656 exper-

1967 4681 2067 4733 tes,
2102 4672 2191 4740 qui
2225 4681 2382 4738 pacta
2418 4687 2521 4726 non
2556 4685 2796 4736 servant,
2818 4688 2916 4727 nec
2943 4675 3228 4742 promissis
3257 4685 3427 4744 stant,
3455 4693 3558 4731 nec

1964 4760 2261 4815 lcederihus
2298 4761 2613 4828 perdurant,
2654 4775 2919 4830 qum-cum
2953 4765 3228 4819 nonnullis
3279 4781 3556 4834 percusse-

1973 4854 2102 4907 rint.
2155 4853 2198 4904 A
2231 4852 2513 4906 eharitatis
2547 4855 2742 4906 allectu
2795 4854 3005 4908 alienos
3034 4897 3050 4921 ,
3105 4857 3341 4912 immites
3370 4859 3555 4927 appel-

1961 4946 2054 5010 lat,
2089 4955 2144 4999 et
2171 4959 2364 5010 Saevos,
2402 4951 2456 4998 et
2484 4945 2681 4999 amicis
2714 4957 2965 5000 carentes
2994 4966 3008 5010 ;
3046 4949 3550 5013 irreconciliabiles,

1962 5036 2455 5091 reconciliationem
2508 5046 2602 5088 aut
2635 5036 2880 5091 inducias
2915 5054 3018 5091 non
3061 5039 3432 5102 admittentes,
3471 5040 3552 5092 in-

255 5143 636 5212 juriaruntque
665 5159 771 5197 non
804 5142 1188 5204 inttttemores;
1250 5132 1710 5192 imntisericordes
1755 5145 1906 5196 vero,
1951 5127 2294 5191 intlexihiles,
2322 5142 2495 5198 neque
2548 5128 2684 5181 adeo
2731 5130 2800 5184 ad
2853 5129 3284 5185 misericordiam
3316 5145 3550 5200 propenv

260 5250 373 5290 sos.
431 5237 676 5305 Arrogan
701 5251 800 5298 es;
853 5233 899 5287 si
949 5229 1095 5285 enim
1148 5238 1295 5282 recte
1330 5243 1498 5298 agens
1530 5225 1597 5294 (si
1624 5232 1864 5278 ostentet
1903 5220 2044 5291 sese)
2084 5223 2136 5276 in
2163 5221 2395 5274 nihilum
2464 5220 2676 5289 redegit
2728 5222 2796 5274 ah
2832 5239 2892 5276 se
2923 5233 3070 5276 recte
3122 5232 3268 5287 acta,
3320 5232 3375 5276 et
3418 5239 3542 5277 cum

264 5331 508 5394 virtute,
538 5319 817 5399 qualtnam
880 5323 1143 5392 supplicio
1195 5321 1390 5389 dignus
1441 5318 1606 5373 fuerit
1658 5319 1748 5387 qui
1795 5317 1847 5370 iu
1889 5315 2130 5384 peccatis
2184 5312 2298 5368 suis
2362 5327 2484 5368 sese
2548 5314 2841 5368 ostentat?
2907 5313 3209 5368 Inventores
3257 5317 3542 5383 malorum,

260 5421 568 5492 parentibus
643 5419 1040 5488 immorigeror,
1109 5415 1438 5482 insipientes,
1487 5410 1698 5481 foederis
1740 5419 1996 5473 expertes,
2059 5424 2091 5459 a
2137 5407 2419 5460 charitatis
2510 5406 2706 5473 aﬂ'ectu
2776 5407 2998 5471 alienos,
3054 5407 3547 5477 irreconciliabit'es,
3605 5428 3614 5437 -

262 5513 702 5568 ἱηιηιὶεεήευνιιθε
739 5527 758 5566 :
823 5510 967 5580 quod
1020 5506 1240 5577 quidem
1299 5502 1672 5559 exercentium
1731 5515 1849 5555 sese

1971 5499 2166 5568 iprium
2228 5508 2332 5564 erit,
2364 5509 2419 5551 et
2448 5499 2690 5552 studiose
2721 5498 3015 5567 quidquam
3064 5500 3382 5569 agentium;
3438 5513 3547 5556 non
3619 5535 3622 5538 -

263 5615 411 5660 cette
429 5605 813 5670 ignorantium.
850 5601 1190 5657 Dissidentes
1216 5598 1285 5652 ab
1312 5597 1566 5651 onmihus
1621 5597 1724 5655 hoc
1750 5602 1852 5658 est,
1893 5609 2086 5648 omnes
2117 5593 2241 5648 odio
2303 5603 2704 5660 prosequentes
2760 5602 3208 5660 aversantesqne.

330 5733 390 5796 (Ἰ
442 5732 627 5790 (ἔκπλεω
682 5733 1119 5801 deprontpsitnus
1167 5744 1234 5782 ex
1291 5739 1480 5782 catena
1531 5725 1847 5782 ()Eeuincn'ii
1880 5727 1932 5778 in
2008 5726 2100 5794 lipi
2140 5728 2274 5780 talus
2311 5728 2483 5780 sancti
2526 5725 2697 5790 Pauli,
2735 5738 2863 5782 tom.
2892 5727 2936 5794 ι,
2971 5744 3024 5797 p.
3055 5729 3180 5783 2w.
