  <div class='ocr_page' id='page_1' title='image "/cluster/home/n/w/nwhite01/storage/ocr_20150623/85/coo.31924054869866/843.png"; bbox 0 0 4064 6394; ppageno 0'>
   <div class='ocr_carea' id='block_1_1' title="bbox 460 306 584 374">
    <p class='ocr_par' dir='ltr' id='par_1_1' title="bbox 460 306 584 374">
     <span class='ocr_line' id='line_1_1' title="bbox 460 306 584 374; baseline -0.016 0"><span class='ocrx_word' id='word_1_1' title='bbox 460 306 584 374; x_wconf 77' lang='grc'><strong>16⁸11</strong></span> 
     </span>
    </p>
   </div>
   <div class='ocr_carea' id='block_1_2' title="bbox 535 417 1856 488">
    <p class='ocr_par' dir='ltr' id='par_1_2' title="bbox 535 417 1856 488">
     <span class='ocr_line' id='line_1_2' title="bbox 535 417 1856 488; baseline -0.005 -12"><span class='ocrx_word' id='word_1_2' title='bbox 535 440 556 476; x_wconf 80' lang='grc' dir='ltr'><strong>ι</strong></span> <span class='ocrx_word' id='word_1_3' title='bbox 586 420 687 487; x_wconf 78' lang='lat' dir='ltr'><strong>Qui</strong></span> <span class='ocrx_word' id='word_1_4' title='bbox 722 419 884 474; x_wconf 85' lang='lat' dir='ltr'><strong>simul</strong></span> <span class='ocrx_word' id='word_1_5' title='bbox 917 435 980 473; x_wconf 89' lang='lat' dir='ltr'><strong>ac</strong></span> <span class='ocrx_word' id='word_1_6' title='bbox 1010 419 1273 488; x_wconf 76' lang='lat' dir='ltr'><strong>justitiam</strong></span> <span class='ocrx_word' id='word_1_7' title='bbox 1312 417 1407 470; x_wconf 92' lang='lat' dir='ltr'><strong>Dei</strong></span> <span class='ocrx_word' id='word_1_8' title='bbox 1443 419 1810 487; x_wconf 78' lang='lat' dir='ltr'><strong>agnovissent.</strong></span> <span class='ocrx_word' id='word_1_9' title='bbox 1839 439 1856 469; x_wconf 76' lang='grc' dir='ltr'><strong>ι</strong></span> 
     </span>
    </p>
   </div>
   <div class='ocr_carea' id='block_1_3' title="bbox 529 510 2033 580">
    <p class='ocr_par' dir='ltr' id='par_1_3' title="bbox 529 510 2033 580">
     <span class='ocr_line' id='line_1_3' title="bbox 529 510 2033 580; baseline -0.005 -13"><span class='ocrx_word' id='word_1_10' title='bbox 529 512 762 567; x_wconf 72' lang='lat' dir='ltr'><strong>Rursum</strong></span> <span class='ocrx_word' id='word_1_11' title='bbox 805 513 1039 572; x_wconf 87' lang='lat' dir='ltr'><strong>imlicat,</strong></span> <span class='ocrx_word' id='word_1_12' title='bbox 1075 525 1168 578; x_wconf 87' lang='lat' dir='ltr'><strong>per</strong></span> <span class='ocrx_word' id='word_1_13' title='bbox 1201 510 1563 579; x_wconf 79' lang='lat' dir='ltr'><strong>cognitionem</strong></span> <span class='ocrx_word' id='word_1_14' title='bbox 1609 525 1703 564; x_wconf 89' lang='lat' dir='ltr'><strong>eos</strong></span> <span class='ocrx_word' id='word_1_15' title='bbox 1744 527 2033 580; x_wconf 85' lang='lat' dir='ltr'><strong>peccasse:</strong></span> 
     </span>
    </p>
   </div>
   <div class='ocr_carea' id='block_1_4' title="bbox 452 599 2036 676">
    <p class='ocr_par' dir='ltr' id='par_1_4' title="bbox 452 599 2036 676">
     <span class='ocr_line' id='line_1_4' title="bbox 452 599 2036 676; baseline -0.001 -18"><span class='ocrx_word' id='word_1_16' title='bbox 452 607 718 676; x_wconf 75' lang='lat' dir='ltr'><strong>justitiam</strong></span> <span class='ocrx_word' id='word_1_17' title='bbox 792 620 919 657; x_wconf 90' lang='lat' dir='ltr'><strong>vero</strong></span> <span class='ocrx_word' id='word_1_18' title='bbox 977 603 1068 656; x_wconf 88' lang='lat' dir='ltr'><strong>Dei</strong></span> <span class='ocrx_word' id='word_1_19' title='bbox 1124 604 1373 657; x_wconf 86' lang='lat' dir='ltr'><strong>mandata</strong></span> <span class='ocrx_word' id='word_1_20' title='bbox 1421 611 1601 656; x_wconf 83' lang='lat' dir='ltr'><strong>vocat.</strong></span> <span class='ocrx_word' id='word_1_21' title='bbox 1655 599 1853 671; x_wconf 81' lang='lat' dir='ltr'><strong><em>Nempe</em></strong></span> <span class='ocrx_word' id='word_1_22' title='bbox 1899 607 2036 671; x_wconf 85' lang='lat' dir='ltr'><strong>quod</strong></span> 
     </span>
    </p>
   </div>
   <div class='ocr_carea' id='block_1_5' title="bbox 457 695 2038 764">
    <p class='ocr_par' dir='ltr' id='par_1_5' title="bbox 457 695 2038 764">
     <span class='ocr_line' id='line_1_5' title="bbox 457 695 2038 764; baseline -0.001 -13"><span class='ocrx_word' id='word_1_23' title='bbox 457 701 592 751; x_wconf 80' lang='lat' dir='ltr'><strong>talia</strong></span> <span class='ocrx_word' id='word_1_24' title='bbox 622 708 828 764; x_wconf 75' lang='lat' dir='ltr'><strong>agentes</strong></span> <span class='ocrx_word' id='word_1_25' title='bbox 867 697 1012 764; x_wconf 81' lang='lat' dir='ltr'><strong>digni</strong></span> <span class='ocrx_word' id='word_1_26' title='bbox 1037 698 1140 748; x_wconf 76' lang='lat' dir='ltr'><strong>sint</strong></span> <span class='ocrx_word' id='word_1_27' title='bbox 1173 708 1356 754; x_wconf 85' lang='lat' dir='ltr'><strong>morte.</strong></span> <span class='ocrx_word' id='word_1_28' title='bbox 1393 695 1525 764; x_wconf 66' lang='lat' dir='ltr'><strong>Quas</strong></span> <span class='ocrx_word' id='word_1_29' title='bbox 1558 712 1688 753; x_wconf 82' lang='lat' dir='ltr'><strong>vero</strong></span> <span class='ocrx_word' id='word_1_30' title='bbox 1719 707 1803 751; x_wconf 82' lang='lat' dir='ltr'><strong>est</strong></span> <span class='ocrx_word' id='word_1_31' title='bbox 1831 695 2038 762; x_wconf 84' lang='lat' dir='ltr'><strong>jnstitia</strong></span> 
     </span>
    </p>
   </div>
   <div class='ocr_carea' id='block_1_6' title="bbox 457 786 2034 858">
    <p class='ocr_par' dir='ltr' id='par_1_6' title="bbox 457 786 2034 858">
     <span class='ocr_line' id='line_1_6' title="bbox 457 786 2034 858; baseline 0 -18"><span class='ocrx_word' id='word_1_32' title='bbox 457 788 548 842; x_wconf 83' lang='lat' dir='ltr'><strong>Dei</strong></span> <span class='ocrx_word' id='word_1_33' title='bbox 585 787 608 840; x_wconf 82' lang='lat'><strong>?</strong></span> <span class='ocrx_word' id='word_1_34' title='bbox 643 786 949 853; x_wconf 87' lang='lat' dir='ltr'><strong>Quoniam,</strong></span> <span class='ocrx_word' id='word_1_35' title='bbox 996 787 1206 855; x_wconf 92' lang='lat' dir='ltr'><strong>inquit,</strong></span> <span class='ocrx_word' id='word_1_36' title='bbox 1243 789 1547 858; x_wconf 86' lang='lat' dir='ltr'><strong>hujusmodi</strong></span> <span class='ocrx_word' id='word_1_37' title='bbox 1593 788 1995 843; x_wconf 83' lang='lat' dir='ltr'><strong>committentes</strong></span> <span class='ocrx_word' id='word_1_38' title='bbox 2020 829 2034 850; x_wconf 94' lang='lat'><strong>,</strong></span> 
     </span>
    </p>
   </div>
   <div class='ocr_carea' id='block_1_7' title="bbox 455 878 2038 950">
    <p class='ocr_par' dir='ltr' id='par_1_7' title="bbox 455 878 2038 950">
     <span class='ocr_line' id='line_1_7' title="bbox 455 878 2038 950; baseline -0.001 -16"><span class='ocrx_word' id='word_1_39' title='bbox 455 880 598 949; x_wconf 90' lang='lat' dir='ltr'><strong>digni</strong></span> <span class='ocrx_word' id='word_1_40' title='bbox 641 890 766 933; x_wconf 90' lang='lat' dir='ltr'><strong>sunt</strong></span> <span class='ocrx_word' id='word_1_41' title='bbox 814 890 1029 945; x_wconf 89' lang='lat' dir='ltr'><strong>morte;</strong></span> <span class='ocrx_word' id='word_1_42' title='bbox 1071 881 1184 935; x_wconf 67' lang='lat' dir='ltr'><strong>haec</strong></span> <span class='ocrx_word' id='word_1_43' title='bbox 1216 882 1360 934; x_wconf 89' lang='lat' dir='ltr'><strong>enim</strong></span> <span class='ocrx_word' id='word_1_44' title='bbox 1396 881 1487 935; x_wconf 88' lang='lat' dir='ltr'><strong>Dei</strong></span> <span class='ocrx_word' id='word_1_45' title='bbox 1516 879 1857 950; x_wconf 87' lang='lat' dir='ltr'><strong>estjustitia.</strong></span> <span class='ocrx_word' id='word_1_46' title='bbox 1915 878 2038 933; x_wconf 87' lang='lat' dir='ltr'><strong>Non</strong></span> 
     </span>
    </p>
   </div>
   <div class='ocr_carea' id='block_1_8' title="bbox 454 972 2036 1043">
    <p class='ocr_par' dir='ltr' id='par_1_8' title="bbox 454 972 2036 1043">
     <span class='ocr_line' id='line_1_8' title="bbox 454 972 2036 1043; baseline -0.001 -17"><span class='ocrx_word' id='word_1_47' title='bbox 454 974 624 1026; x_wconf 78' lang='lat' dir='ltr'><strong>solum</strong></span> <span class='ocrx_word' id='word_1_48' title='bbox 655 973 745 1041; x_wconf 92' lang='lat' dir='ltr'><strong>qui</strong></span> <span class='ocrx_word' id='word_1_49' title='bbox 795 986 857 1024; x_wconf 86' lang='lat' dir='ltr'><strong>ea</strong></span> <span class='ocrx_word' id='word_1_50' title='bbox 897 972 1132 1040; x_wconf 77' lang='lat' dir='ltr'><strong>faciunt,</strong></span> <span class='ocrx_word' id='word_1_51' title='bbox 1171 989 1354 1026; x_wconf 83' lang='lat' dir='ltr'><strong>verum</strong></span> <span class='ocrx_word' id='word_1_52' title='bbox 1389 975 1546 1026; x_wconf 87' lang='lat' dir='ltr'><strong>etiam</strong></span> <span class='ocrx_word' id='word_1_53' title='bbox 1581 975 1670 1043; x_wconf 90' lang='lat' dir='ltr'><strong>qui</strong></span> <span class='ocrx_word' id='word_1_54' title='bbox 1707 973 2036 1026; x_wconf 79' lang='lat' dir='ltr'><strong>consentiunt</strong></span> 
     </span>
    </p>
   </div>
   <div class='ocr_carea' id='block_1_9' title="bbox 457 1063 2038 1134">
    <p class='ocr_par' dir='ltr' id='par_1_9' title="bbox 457 1063 2038 1134">
     <span class='ocr_line' id='line_1_9' title="bbox 457 1063 2038 1134; baseline 0 -18"><span class='ocrx_word' id='word_1_55' title='bbox 457 1065 749 1134; x_wconf 76' lang='lat' dir='ltr'><strong>agentibus.</strong></span> <span class='ocrx_word' id='word_1_56' title='bbox 784 1064 930 1118; x_wconf 83' lang='lat' dir='ltr'><strong>Duas</strong></span> <span class='ocrx_word' id='word_1_57' title='bbox 966 1064 1154 1132; x_wconf 82' lang='lat' dir='ltr'><strong>Culpas</strong></span> <span class='ocrx_word' id='word_1_58' title='bbox 1181 1073 1235 1119; x_wconf 88' lang='lat' dir='ltr'><strong>et</strong></span> <span class='ocrx_word' id='word_1_59' title='bbox 1263 1065 1639 1119; x_wconf 85' lang='lat' dir='ltr'><strong>accusationes</strong></span> <span class='ocrx_word' id='word_1_60' title='bbox 1668 1064 1817 1134; x_wconf 80' lang='lat' dir='ltr'><strong>ponit</strong></span> <span class='ocrx_word' id='word_1_61' title='bbox 1845 1082 1858 1118; x_wconf 89' lang='lat'>:</span> <span class='ocrx_word' id='word_1_62' title='bbox 1902 1063 2038 1117; x_wconf 87' lang='lat' dir='ltr'><strong>alte-</strong></span> 
     </span>
    </p>
   </div>
   <div class='ocr_carea' id='block_1_10' title="bbox 457 1153 2034 1226">
    <p class='ocr_par' dir='ltr' id='par_1_10' title="bbox 457 1153 2034 1226">
     <span class='ocr_line' id='line_1_10' title="bbox 457 1153 2034 1226; baseline 0.003 -20"><span class='ocrx_word' id='word_1_63' title='bbox 457 1171 572 1208; x_wconf 83' lang='lat' dir='ltr'><strong>ram</strong></span> <span class='ocrx_word' id='word_1_64' title='bbox 606 1153 786 1210; x_wconf 82' lang='lat' dir='ltr'><strong>facere</strong></span> <span class='ocrx_word' id='word_1_65' title='bbox 818 1165 873 1210; x_wconf 93' lang='lat' dir='ltr'><strong>et</strong></span> <span class='ocrx_word' id='word_1_66' title='bbox 895 1171 1142 1226; x_wconf 81' lang='lat' dir='ltr'><strong>coagere,</strong></span> <span class='ocrx_word' id='word_1_67' title='bbox 1167 1159 1249 1210; x_wconf 88' lang='lat' dir='ltr'><strong>vel</strong></span> <span class='ocrx_word' id='word_1_68' title='bbox 1275 1155 1534 1225; x_wconf 79' lang='lat' dir='ltr'><strong>adjuvare</strong></span> <span class='ocrx_word' id='word_1_69' title='bbox 1562 1156 1858 1210; x_wconf 80' lang='lat' dir='ltr'><strong>facientes:</strong></span> <span class='ocrx_word' id='word_1_70' title='bbox 1900 1154 2034 1210; x_wconf 84' lang='lat' dir='ltr'><strong>alte-</strong></span> 
     </span>
    </p>
   </div>
   <div class='ocr_carea' id='block_1_11' title="bbox 459 1247 1893 1320">
    <p class='ocr_par' dir='ltr' id='par_1_11' title="bbox 459 1247 1893 1320">
     <span class='ocr_line' id='line_1_11' title="bbox 459 1247 1893 1320; baseline 0.001 -21"><span class='ocrx_word' id='word_1_71' title='bbox 459 1261 595 1314; x_wconf 84' lang='lat' dir='ltr'><strong>ram,</strong></span> <span class='ocrx_word' id='word_1_72' title='bbox 627 1247 929 1318; x_wconf 76' lang='lat' dir='ltr'><strong>proximum</strong></span> <span class='ocrx_word' id='word_1_73' title='bbox 963 1248 1030 1304; x_wconf 93' lang='lat' dir='ltr'><strong>ad</strong></span> <span class='ocrx_word' id='word_1_74' title='bbox 1063 1247 1201 1303; x_wconf 85' lang='lat' dir='ltr'><strong>mala</strong></span> <span class='ocrx_word' id='word_1_75' title='bbox 1226 1249 1503 1304; x_wconf 84' lang='lat' dir='ltr'><strong>cohortari</strong></span> <span class='ocrx_word' id='word_1_76' title='bbox 1536 1248 1893 1320; x_wconf 81' lang='lat' dir='ltr'><strong>inritareque.</strong></span> 
     </span>
    </p>
   </div>
   <div class='ocr_carea' id='block_1_12' title="bbox 1558 307 2626 367">
    <p class='ocr_par' dir='ltr' id='par_1_12' title="bbox 1558 307 2626 367">
     <span class='ocr_line' id='line_1_12' title="bbox 1558 307 2626 367; baseline -0.001 -1"><span class='ocrx_word' id='word_1_77' title='bbox 1558 307 1930 366; x_wconf 70' lang='lat' dir='ltr'><strong>GENNADII</strong></span> <span class='ocrx_word' id='word_1_78' title='bbox 1972 307 2478 367; x_wconf 64' lang='lat' dir='ltr'><strong>PATRIARCIL‘E</strong></span> <span class='ocrx_word' id='word_1_79' title='bbox 2516 309 2626 367; x_wconf 74' lang='grc' dir='ltr'>(ΣΡ.</span> 
     </span>
    </p>
   </div>
   <div class='ocr_carea' id='block_1_13' title="bbox 2067 1449 2132 1469">
    <p class='ocr_par' dir='ltr' id='par_1_13' title="bbox 2067 1449 2132 1469">
     <span class='ocr_line' id='line_1_13' title="bbox 2067 1449 2132 1469; baseline 0 -9"><span class='ocrx_word' id='word_1_80' title='bbox 2067 1449 2132 1469; x_wconf 61' lang='grc' dir='ltr'><strong>,ν</strong></span> 
     </span>
    </p>
   </div>
   <div class='ocr_carea' id='block_1_14' title="bbox 2061 1555 2136 1614">
    <p class='ocr_par' dir='ltr' id='par_1_14' title="bbox 2061 1555 2136 1614">
     <span class='ocr_line' id='line_1_14' title="bbox 2061 1555 2136 1614; baseline -0.027 0"><span class='ocrx_word' id='word_1_81' title='bbox 2061 1555 2136 1614; x_wconf 84' lang='lat' dir='ltr'><strong>II.</strong></span> 
     </span>
    </p>
   </div>
   <div class='ocr_carea' id='block_1_15' title="bbox 3595 310 3725 376">
    <p class='ocr_par' dir='ltr' id='par_1_15' title="bbox 3595 310 3725 376">
     <span class='ocr_line' id='line_1_15' title="bbox 3595 310 3725 376; baseline 0.031 -6"><span class='ocrx_word' id='word_1_82' title='bbox 3595 310 3725 376; x_wconf 75' lang='lat'><strong>1672</strong></span> 
     </span>
    </p>
   </div>
   <div class='ocr_carea' id='block_1_16' title="bbox 2223 400 3613 490">
    <p class='ocr_par' dir='ltr' id='par_1_16' title="bbox 2223 419 3613 490">
     <span class='ocr_line' id='line_1_16' title="bbox 2223 419 3613 490; baseline 0.006 -20"><span class='ocrx_word' id='word_1_83' title='bbox 2223 438 2241 470; x_wconf 79' lang='grc' dir='ltr'><strong>ι</strong></span> <span class='ocrx_word' id='word_1_84' title='bbox 2280 420 2494 480; x_wconf 82' lang='grc' dir='ltr'>Οῖτινες</span> <span class='ocrx_word' id='word_1_85' title='bbox 2522 419 2584 471; x_wconf 82' lang='grc' dir='ltr'>τὸ</span> <span class='ocrx_word' id='word_1_86' title='bbox 2616 421 2893 490; x_wconf 79' lang='grc' dir='ltr'><strong>δικαίωμα</strong></span> <span class='ocrx_word' id='word_1_87' title='bbox 2927 421 3019 474; x_wconf 77' lang='grc' dir='ltr'>τοῦ</span> <span class='ocrx_word' id='word_1_88' title='bbox 3051 423 3190 475; x_wconf 77' lang='grc' dir='ltr'>Θεοῦ</span> <span class='ocrx_word' id='word_1_89' title='bbox 3214 425 3550 490; x_wconf 77' lang='grc' dir='ltr'>ἐπιγνόντες.</span> <span class='ocrx_word' id='word_1_90' title='bbox 3596 443 3613 479; x_wconf 76' lang='grc' dir='ltr'><strong>ι</strong></span> 
     </span>
    </p>
   </div>
   <div class='ocr_carea' id='block_1_17' title="bbox 2218 511 3723 586">
    <p class='ocr_par' dir='ltr' id='par_1_17' title="bbox 2218 511 3723 586">
     <span class='ocr_line' id='line_1_17' title="bbox 2218 511 3723 586; baseline 0.005 -23"><span class='ocrx_word' id='word_1_91' title='bbox 2218 512 2388 566; x_wconf 82' lang='grc' dir='ltr'>Πάλιν</span> <span class='ocrx_word' id='word_1_92' title='bbox 2425 511 2703 565; x_wconf 87' lang='grc' dir='ltr'>δείκνυσιν</span> <span class='ocrx_word' id='word_1_93' title='bbox 2734 516 2932 576; x_wconf 76' lang='grc' dir='ltr'>αὐτοὺς</span> <span class='ocrx_word' id='word_1_94' title='bbox 2961 517 3018 566; x_wconf 80' lang='grc' dir='ltr'>ἐν</span> <span class='ocrx_word' id='word_1_95' title='bbox 3057 516 3258 582; x_wconf 80' lang='grc' dir='ltr'><strong>γνώσει</strong></span> <span class='ocrx_word' id='word_1_96' title='bbox 3286 517 3723 586; x_wconf 83' lang='grc' dir='ltr'>ἁμαρτάνοντας.</span> 
     </span>
    </p>
   </div>
   <div class='ocr_carea' id='block_1_18' title="bbox 2150 602 3732 676">
    <p class='ocr_par' dir='ltr' id='par_1_18' title="bbox 2150 602 3732 676">
     <span class='ocr_line' id='line_1_18' title="bbox 2150 602 3732 676; baseline 0.004 -22"><span class='ocrx_word' id='word_1_97' title='bbox 2150 603 2442 672; x_wconf 79' lang='grc' dir='ltr'>Δικαίωμα</span> <span class='ocrx_word' id='word_1_98' title='bbox 2473 602 2531 655; x_wconf 83' lang='grc' dir='ltr'>δὲ</span> <span class='ocrx_word' id='word_1_99' title='bbox 2556 603 2656 665; x_wconf 75' lang='grc' dir='ltr'>τὰς</span> <span class='ocrx_word' id='word_1_100' title='bbox 2688 603 2907 666; x_wconf 76' lang='grc' dir='ltr'>ἐντολὰς</span> <span class='ocrx_word' id='word_1_101' title='bbox 2939 605 3124 673; x_wconf 82' lang='grc' dir='ltr'>λέγει·</span> <span class='ocrx_word' id='word_1_102' title='bbox 3159 607 3188 657; x_wconf 99' lang='lat'><strong>6</strong></span> <span class='ocrx_word' id='word_1_103' title='bbox 3219 607 3326 676; x_wconf 79' lang='grc' dir='ltr'>γὰρ</span> <span class='ocrx_word' id='word_1_104' title='bbox 3357 607 3519 676; x_wconf 88' lang='grc' dir='ltr'>νόμος</span> <span class='ocrx_word' id='word_1_105' title='bbox 3549 609 3576 658; x_wconf 89' lang='lat'><strong>6</strong></span> <span class='ocrx_word' id='word_1_106' title='bbox 3604 608 3732 660; x_wconf 78' lang='lat' dir='ltr'><strong>Mm-</strong></span> 
     </span>
    </p>
   </div>
   <div class='ocr_carea' id='block_1_19' title="bbox 2145 694 3730 765">
    <p class='ocr_par' dir='ltr' id='par_1_19' title="bbox 2145 694 3730 765">
     <span class='ocr_line' id='line_1_19' title="bbox 2145 694 3730 765; baseline 0 -17"><span class='ocrx_word' id='word_1_107' title='bbox 2145 696 2334 759; x_wconf 84' lang='grc' dir='ltr'>σαῖκὸς</span> <span class='ocrx_word' id='word_1_108' title='bbox 2378 694 2592 765; x_wconf 84' lang='grc' dir='ltr'>τρανῶς</span> <span class='ocrx_word' id='word_1_109' title='bbox 2625 695 2718 746; x_wconf 78' lang='grc' dir='ltr'><strong>καὶ</strong></span> <span class='ocrx_word' id='word_1_110' title='bbox 2771 695 3066 765; x_wconf 84' lang='grc' dir='ltr'><strong>ἀποτόμως</strong></span> <span class='ocrx_word' id='word_1_111' title='bbox 3111 696 3508 763; x_wconf 76' lang='grc' dir='ltr'>διακελεύεται,</span> <span class='ocrx_word' id='word_1_112' title='bbox 3549 697 3730 763; x_wconf 78' lang='grc' dir='ltr'>ἀξίους</span> 
     </span>
    </p>
   </div>
   <div class='ocr_carea' id='block_1_20' title="bbox 2144 788 3733 860">
    <p class='ocr_par' dir='ltr' id='par_1_20' title="bbox 2144 788 3733 860">
     <span class='ocr_line' id='line_1_20' title="bbox 2144 788 3733 860; baseline -0.001 -18"><span class='ocrx_word' id='word_1_113' title='bbox 2144 789 2377 842; x_wconf 76' lang='grc' dir='ltr'><strong>Θανάτου</strong></span> <span class='ocrx_word' id='word_1_114' title='bbox 2409 790 2612 858; x_wconf 88' lang='grc' dir='ltr'>κρίνων</span> <span class='ocrx_word' id='word_1_115' title='bbox 2639 788 2765 850; x_wconf 78' lang='grc' dir='ltr'>τοὺς</span> <span class='ocrx_word' id='word_1_116' title='bbox 2798 788 2866 842; x_wconf 79' lang='grc' dir='ltr'><strong>τά</strong></span> <span class='ocrx_word' id='word_1_117' title='bbox 2894 788 3121 845; x_wconf 83' lang='grc' dir='ltr'>τοιαῦτα</span> <span class='ocrx_word' id='word_1_118' title='bbox 3161 791 3537 860; x_wconf 74' lang='grc' dir='ltr'>πράττοντας·</span> <span class='ocrx_word' id='word_1_119' title='bbox 3574 791 3733 842; x_wconf 76' lang='grc' dir='ltr'>τοῦτο</span> 
     </span>
    </p>
   </div>
   <div class='ocr_carea' id='block_1_21' title="bbox 2146 880 3732 956">
    <p class='ocr_par' dir='ltr' id='par_1_21' title="bbox 2146 880 3732 956">
     <span class='ocr_line' id='line_1_21' title="bbox 2146 880 3732 956; baseline -0.001 -21"><span class='ocrx_word' id='word_1_120' title='bbox 2146 882 2256 953; x_wconf 88' lang='grc' dir='ltr'><strong>γάρ</strong></span> <span class='ocrx_word' id='word_1_121' title='bbox 2289 883 2405 934; x_wconf 79' lang='grc' dir='ltr'>ἐστι</span> <span class='ocrx_word' id='word_1_122' title='bbox 2438 883 2500 933; x_wconf 82' lang='grc' dir='ltr'>τὸ</span> <span class='ocrx_word' id='word_1_123' title='bbox 2541 880 2818 951; x_wconf 82' lang='grc' dir='ltr'><strong>δικαίωμα</strong></span> <span class='ocrx_word' id='word_1_124' title='bbox 2859 883 2953 935; x_wconf 80' lang='grc' dir='ltr'>καὶ</span> <span class='ocrx_word' id='word_1_125' title='bbox 2992 885 3024 948; x_wconf 83' lang='grc' dir='ltr'>ἡ</span> <span class='ocrx_word' id='word_1_126' title='bbox 3055 883 3242 956; x_wconf 78' lang='grc' dir='ltr'>ἐντολὴ</span> <span class='ocrx_word' id='word_1_127' title='bbox 3289 885 3382 936; x_wconf 87' lang='grc' dir='ltr'>τοῦ</span> <span class='ocrx_word' id='word_1_128' title='bbox 3425 883 3582 936; x_wconf 83' lang='grc' dir='ltr'>Θεοῦ.</span> <span class='ocrx_word' id='word_1_129' title='bbox 3630 884 3732 934; x_wconf 84' lang='grc' dir='ltr'>Δύο</span> 
     </span>
    </p>
   </div>
   <div class='ocr_carea' id='block_1_22' title="bbox 2145 972 3732 1045">
    <p class='ocr_par' dir='ltr' id='par_1_22' title="bbox 2145 972 3732 1045">
     <span class='ocr_line' id='line_1_22' title="bbox 2145 972 3732 1045; baseline -0.001 -19"><span class='ocrx_word' id='word_1_130' title='bbox 2145 974 2360 1044; x_wconf 81' lang='grc' dir='ltr'><strong>τίθησιν</strong></span> <span class='ocrx_word' id='word_1_131' title='bbox 2395 973 2740 1043; x_wconf 80' lang='grc' dir='ltr'>ἐγκλήματα,</span> <span class='ocrx_word' id='word_1_132' title='bbox 2777 973 2838 1026; x_wconf 81' lang='grc' dir='ltr'>τὸ</span> <span class='ocrx_word' id='word_1_133' title='bbox 2891 977 3065 1027; x_wconf 78' lang='grc' dir='ltr'><strong>ποιεῖν</strong></span> <span class='ocrx_word' id='word_1_134' title='bbox 3112 993 3172 1027; x_wconf 89' lang='grc' dir='ltr'>τε</span> <span class='ocrx_word' id='word_1_135' title='bbox 3211 977 3307 1028; x_wconf 73' lang='grc' dir='ltr'>καὶ</span> <span class='ocrx_word' id='word_1_136' title='bbox 3355 972 3732 1045; x_wconf 81' lang='grc' dir='ltr'>συμπράττειν</span> 
     </span>
    </p>
   </div>
   <div class='ocr_carea' id='block_1_23' title="bbox 2143 1065 3732 1139">
    <p class='ocr_par' dir='ltr' id='par_1_23' title="bbox 2143 1065 3732 1139">
     <span class='ocr_line' id='line_1_23' title="bbox 2143 1065 3732 1139; baseline -0.001 -20"><span class='ocrx_word' id='word_1_137' title='bbox 2143 1069 2258 1128; x_wconf 85' lang='grc' dir='ltr'>τοῖς</span> <span class='ocrx_word' id='word_1_138' title='bbox 2289 1065 2523 1132; x_wconf 79' lang='grc' dir='ltr'>ποιοῦσι,</span> <span class='ocrx_word' id='word_1_139' title='bbox 2557 1067 2652 1119; x_wconf 74' lang='grc' dir='ltr'>καὶ</span> <span class='ocrx_word' id='word_1_140' title='bbox 2681 1067 2762 1129; x_wconf 84' lang='grc' dir='ltr'><strong>είς</strong></span> <span class='ocrx_word' id='word_1_141' title='bbox 2790 1065 2853 1119; x_wconf 81' lang='grc' dir='ltr'><strong>τὸ</strong></span> <span class='ocrx_word' id='word_1_142' title='bbox 2883 1067 3054 1122; x_wconf 81' lang='grc' dir='ltr'>κακὸν</span> <span class='ocrx_word' id='word_1_143' title='bbox 3091 1068 3429 1139; x_wconf 82' lang='grc' dir='ltr'><strong>παρακαλεῖν</strong></span> <span class='ocrx_word' id='word_1_144' title='bbox 3456 1066 3548 1120; x_wconf 84' lang='grc' dir='ltr'><strong>τὸν</strong></span> <span class='ocrx_word' id='word_1_145' title='bbox 3590 1065 3732 1137; x_wconf 77' lang='grc' dir='ltr'>πλη·</span> 
     </span>
    </p>
   </div>
   <div class='ocr_carea' id='block_1_24' title="bbox 2146 1170 2280 1211">
    <p class='ocr_par' dir='ltr' id='par_1_24' title="bbox 2146 1170 2280 1211">
     <span class='ocr_line' id='line_1_24' title="bbox 2146 1170 2280 1211; baseline 0.022 -3"><span class='ocrx_word' id='word_1_146' title='bbox 2146 1170 2177 1208; x_wconf 88' lang='grc' dir='ltr'>σ</span> <span class='ocrx_word' id='word_1_147' title='bbox 2183 1171 2280 1211; x_wconf 89' lang='grc' dir='ltr'>ιον.</span> 
     </span>
    </p>
   </div>
   <div class='ocr_carea' id='block_1_25' title="bbox 1039 1689 3134 1761">
    <p class='ocr_par' dir='ltr' id='par_1_25' title="bbox 1039 1689 3134 1761">
     <span class='ocr_line' id='line_1_25' title="bbox 1039 1689 3134 1761; baseline -0.003 -4"><span class='ocrx_word' id='word_1_148' title='bbox 1039 1697 1148 1759; x_wconf 74' lang='lat' dir='ltr'><strong>Ea:</strong></span> <span class='ocrx_word' id='word_1_149' title='bbox 1177 1710 1398 1759; x_wconf 81' lang='lat' dir='ltr'><strong>catena</strong></span> <span class='ocrx_word' id='word_1_150' title='bbox 1434 1698 1719 1761; x_wconf 86' lang='lat' dir='ltr'><strong>Crameri</strong></span> <span class='ocrx_word' id='word_1_151' title='bbox 1749 1714 1885 1757; x_wconf 84' lang='lat' dir='ltr'><strong>cum</strong></span> <span class='ocrx_word' id='word_1_152' title='bbox 1920 1698 2118 1757; x_wconf 73' lang='lat' dir='ltr'><strong>variis</strong></span> <span class='ocrx_word' id='word_1_153' title='bbox 2152 1696 2289 1757; x_wconf 79' lang='lat' dir='ltr'><strong>cod.</strong></span> <span class='ocrx_word' id='word_1_154' title='bbox 2331 1691 2730 1756; x_wconf 76' lang='lat' dir='ltr'><strong>Monacensis</strong></span> <span class='ocrx_word' id='word_1_155' title='bbox 2759 1689 3134 1752; x_wconf 78' lang='lat' dir='ltr'><strong>lectionibus</strong></span> 
     </span>
    </p>
   </div>
   <div class='ocr_carea' id='block_1_26' title="bbox 1132 1864 1394 1923">
    <p class='ocr_par' dir='ltr' id='par_1_26' title="bbox 1132 1864 1394 1923">
     <span class='ocr_line' id='line_1_26' title="bbox 1132 1864 1394 1923; baseline -0.023 0"><span class='ocrx_word' id='word_1_156' title='bbox 1132 1864 1290 1923; x_wconf 84' lang='lat' dir='ltr'><strong>CAP.</strong></span> <span class='ocrx_word' id='word_1_157' title='bbox 1335 1865 1394 1918; x_wconf 79' lang='grc' dir='ltr'><strong>ν.</strong></span> 
     </span>
    </p>
   </div>
   <div class='ocr_carea' id='block_1_27' title="bbox 513 1977 2041 2054">
    <p class='ocr_par' dir='ltr' id='par_1_27' title="bbox 513 1977 2041 2054">
     <span class='ocr_line' id='line_1_27' title="bbox 513 1977 2041 2054; baseline -0.007 -14"><span class='ocrx_word' id='word_1_158' title='bbox 513 1987 677 2042; x_wconf 68' lang='lat' dir='ltr'><strong>Vsus.</strong></span> <span class='ocrx_word' id='word_1_159' title='bbox 718 1985 811 2040; x_wconf 77' lang='lat' dir='ltr'><strong>l3.</strong></span> <span class='ocrx_word' id='word_1_160' title='bbox 867 2003 888 2037; x_wconf 81' lang='grc' dir='ltr'><strong>ι</strong></span> <span class='ocrx_word' id='word_1_161' title='bbox 935 1984 1119 2054; x_wconf 84' lang='lat' dir='ltr'><strong>Usque</strong></span> <span class='ocrx_word' id='word_1_162' title='bbox 1163 1983 1230 2036; x_wconf 89' lang='lat' dir='ltr'><strong>ad</strong></span> <span class='ocrx_word' id='word_1_163' title='bbox 1285 1979 1455 2050; x_wconf 86' lang='lat' dir='ltr'><strong>legem</strong></span> <span class='ocrx_word' id='word_1_164' title='bbox 1481 1987 1763 2048; x_wconf 86' lang='lat' dir='ltr'><strong>peccatum</strong></span> <span class='ocrx_word' id='word_1_165' title='bbox 1809 1985 1932 2032; x_wconf 88' lang='lat' dir='ltr'><strong>erat</strong></span> <span class='ocrx_word' id='word_1_166' title='bbox 1985 1977 2041 2032; x_wconf 90' lang='lat' dir='ltr'><strong>in</strong></span> 
     </span>
    </p>
   </div>
   <div class='ocr_carea' id='block_1_28' title="bbox 459 2085 741 2137">
    <p class='ocr_par' dir='ltr' id='par_1_28' title="bbox 459 2085 741 2137">
     <span class='ocr_line' id='line_1_28' title="bbox 459 2085 741 2137; baseline -0.011 -2"><span class='ocrx_word' id='word_1_167' title='bbox 459 2085 682 2137; x_wconf 87' lang='lat' dir='ltr'><strong>mundo.</strong></span> <span class='ocrx_word' id='word_1_168' title='bbox 723 2100 741 2132; x_wconf 73' lang='grc' dir='ltr'><strong>ι</strong></span> 
     </span>
    </p>
   </div>
   <div class='ocr_carea' id='block_1_29' title="bbox 535 2160 2040 2238">
    <p class='ocr_par' dir='ltr' id='par_1_29' title="bbox 535 2160 2040 2238">
     <span class='ocr_line' id='line_1_29' title="bbox 535 2160 2040 2238; baseline -0.007 -14"><span class='ocrx_word' id='word_1_169' title='bbox 535 2173 712 2226; x_wconf 79' lang='lat' dir='ltr'><strong>Vitam</strong></span> <span class='ocrx_word' id='word_1_170' title='bbox 757 2169 901 2224; x_wconf 82' lang='lat' dir='ltr'><strong>illam</strong></span> <span class='ocrx_word' id='word_1_171' title='bbox 928 2181 1050 2238; x_wconf 63' lang='lat' dir='ltr'><strong>quae</strong></span> <span class='ocrx_word' id='word_1_172' title='bbox 1076 2166 1129 2220; x_wconf 93' lang='lat' dir='ltr'><strong>in</strong></span> <span class='ocrx_word' id='word_1_173' title='bbox 1163 2163 1365 2218; x_wconf 90' lang='lat' dir='ltr'><strong>mundo</strong></span> <span class='ocrx_word' id='word_1_174' title='bbox 1405 2173 1626 2232; x_wconf 87' lang='lat' dir='ltr'><strong>peccato</strong></span> <span class='ocrx_word' id='word_1_175' title='bbox 1659 2172 1713 2218; x_wconf 89' lang='lat' dir='ltr'><strong>et</strong></span> <span class='ocrx_word' id='word_1_176' title='bbox 1746 2162 1906 2217; x_wconf 89' lang='lat' dir='ltr'><strong>morti</strong></span> <span class='ocrx_word' id='word_1_177' title='bbox 1939 2160 2040 2216; x_wconf 83' lang='lat' dir='ltr'><strong>ob-</strong></span> 
     </span>
    </p>
   </div>
   <div class='ocr_carea' id='block_1_30' title="bbox 460 2251 2038 2326">
    <p class='ocr_par' dir='ltr' id='par_1_30' title="bbox 460 2251 2038 2326">
     <span class='ocr_line' id='line_1_30' title="bbox 460 2251 2038 2326; baseline -0.008 -10"><span class='ocrx_word' id='word_1_178' title='bbox 460 2263 620 2317; x_wconf 77' lang='lat' dir='ltr'><strong>noxia</strong></span> <span class='ocrx_word' id='word_1_179' title='bbox 648 2269 753 2324; x_wconf 88' lang='lat' dir='ltr'><strong>est,</strong></span> <span class='ocrx_word' id='word_1_180' title='bbox 785 2259 980 2326; x_wconf 86' lang='lat' dir='ltr'><strong>cuique</strong></span> <span class='ocrx_word' id='word_1_181' title='bbox 1027 2255 1147 2310; x_wconf 90' lang='lat' dir='ltr'><strong>ideo</strong></span> <span class='ocrx_word' id='word_1_182' title='bbox 1169 2254 1254 2308; x_wconf 77' lang='lat' dir='ltr'><strong>lex</strong></span> <span class='ocrx_word' id='word_1_183' title='bbox 1294 2268 1432 2321; x_wconf 86' lang='lat' dir='ltr'><strong>Opus</strong></span> <span class='ocrx_word' id='word_1_184' title='bbox 1480 2251 1604 2318; x_wconf 82' lang='lat' dir='ltr'><strong>fuit,</strong></span> <span class='ocrx_word' id='word_1_185' title='bbox 1634 2251 1742 2316; x_wconf 81' lang='lat' dir='ltr'><strong>lex,</strong></span> <span class='ocrx_word' id='word_1_186' title='bbox 1795 2251 2038 2320; x_wconf 86' lang='lat' dir='ltr'><strong>inquam,</strong></span> 
     </span>
    </p>
   </div>
   <div class='ocr_carea' id='block_1_31' title="bbox 457 2343 2042 2423">
    <p class='ocr_par' dir='ltr' id='par_1_31' title="bbox 457 2343 2042 2423">
     <span class='ocr_line' id='line_1_31' title="bbox 457 2343 2042 2423; baseline -0.008 -16"><span class='ocrx_word' id='word_1_187' title='bbox 457 2361 741 2423; x_wconf 87' lang='lat' dir='ltr'><strong>peccatum</strong></span> <span class='ocrx_word' id='word_1_188' title='bbox 782 2348 945 2405; x_wconf 82' lang='lat' dir='ltr'><strong>simul</strong></span> <span class='ocrx_word' id='word_1_189' title='bbox 991 2345 1349 2402; x_wconf 80' lang='lat' dir='ltr'><strong>manifestans</strong></span> <span class='ocrx_word' id='word_1_190' title='bbox 1381 2353 1437 2398; x_wconf 91' lang='lat' dir='ltr'><strong>et</strong></span> <span class='ocrx_word' id='word_1_191' title='bbox 1480 2343 1798 2413; x_wconf 86' lang='lat' dir='ltr'><strong>prohibens,</strong></span> <span class='ocrx_word' id='word_1_192' title='bbox 1835 2343 2042 2411; x_wconf 84' lang='lat' dir='ltr'><strong>primus</strong></span> 
     </span>
    </p>
   </div>
   <div class='ocr_carea' id='block_1_32' title="bbox 465 2437 2042 2510">
    <p class='ocr_par' dir='ltr' id='par_1_32' title="bbox 465 2437 2042 2510">
     <span class='ocr_line' id='line_1_32' title="bbox 465 2437 2042 2510; baseline -0.006 -14"><span class='ocrx_word' id='word_1_193' title='bbox 465 2444 623 2498; x_wconf 77' lang='lat' dir='ltr'><strong>nobis</strong></span> <span class='ocrx_word' id='word_1_194' title='bbox 682 2443 996 2510; x_wconf 85' lang='lat' dir='ltr'><strong>auspicatus</strong></span> <span class='ocrx_word' id='word_1_195' title='bbox 1055 2447 1137 2494; x_wconf 87' lang='lat' dir='ltr'><strong>est</strong></span> <span class='ocrx_word' id='word_1_196' title='bbox 1186 2437 1382 2501; x_wconf 82' lang='lat' dir='ltr'><strong>Adam,</strong></span> <span class='ocrx_word' id='word_1_197' title='bbox 1430 2437 1628 2505; x_wconf 91' lang='lat' dir='ltr'><strong>quippe</strong></span> <span class='ocrx_word' id='word_1_198' title='bbox 1676 2444 1805 2488; x_wconf 82' lang='lat' dir='ltr'><strong>ante</strong></span> <span class='ocrx_word' id='word_1_199' title='bbox 1850 2449 2042 2488; x_wconf 87' lang='lat' dir='ltr'><strong>omnes</strong></span> 
     </span>
    </p>
   </div>
   <div class='ocr_carea' id='block_1_33' title="bbox 455 2527 2044 2602">
    <p class='ocr_par' dir='ltr' id='par_1_33' title="bbox 455 2527 2044 2602">
     <span class='ocr_line' id='line_1_33' title="bbox 455 2527 2044 2602; baseline -0.007 -12"><span class='ocrx_word' id='word_1_200' title='bbox 455 2544 674 2590; x_wconf 81' lang='lat' dir='ltr'><strong>creatus</strong></span> <span class='ocrx_word' id='word_1_201' title='bbox 695 2543 748 2587; x_wconf 88' lang='lat' dir='ltr'><strong>et</strong></span> <span class='ocrx_word' id='word_1_202' title='bbox 772 2532 1185 2602; x_wconf 68' lang='lat' dir='ltr'><strong>praevaricatus.</strong></span> <span class='ocrx_word' id='word_1_203' title='bbox 1215 2530 1540 2596; x_wconf 75' lang='lat' dir='ltr'><strong>Quicunque</strong></span> <span class='ocrx_word' id='word_1_204' title='bbox 1563 2543 1694 2596; x_wconf 78' lang='lat' dir='ltr'><strong>ergo</strong></span> <span class='ocrx_word' id='word_1_205' title='bbox 1711 2542 1776 2581; x_wconf 80' lang='lat' dir='ltr'><strong>ex</strong></span> <span class='ocrx_word' id='word_1_206' title='bbox 1807 2527 1921 2594; x_wconf 90' lang='lat' dir='ltr'><strong>ipso</strong></span> <span class='ocrx_word' id='word_1_207' title='bbox 1946 2540 2044 2593; x_wconf 86' lang='lat' dir='ltr'><strong>per</strong></span> 
     </span>
    </p>
   </div>
   <div class='ocr_carea' id='block_1_34' title="bbox 453 2619 2044 2697">
    <p class='ocr_par' dir='ltr' id='par_1_34' title="bbox 453 2619 2044 2697">
     <span class='ocr_line' id='line_1_34' title="bbox 453 2619 2044 2697; baseline -0.008 -15"><span class='ocrx_word' id='word_1_208' title='bbox 453 2625 864 2697; x_wconf 81' lang='lat' dir='ltr'><strong>generationutn</strong></span> <span class='ocrx_word' id='word_1_209' title='bbox 946 2623 1321 2678; x_wconf 84' lang='lat' dir='ltr'><strong>successiones</strong></span> <span class='ocrx_word' id='word_1_210' title='bbox 1360 2619 1464 2672; x_wconf 92' lang='lat' dir='ltr'><strong>orti</strong></span> <span class='ocrx_word' id='word_1_211' title='bbox 1493 2628 1641 2683; x_wconf 90' lang='lat' dir='ltr'><strong>sunt,</strong></span> <span class='ocrx_word' id='word_1_212' title='bbox 1678 2619 1869 2671; x_wconf 90' lang='lat' dir='ltr'><strong>merito</strong></span> <span class='ocrx_word' id='word_1_213' title='bbox 1931 2633 2044 2670; x_wconf 85' lang='lat' dir='ltr'><strong>mo-</strong></span> 
     </span>
    </p>
   </div>
   <div class='ocr_carea' id='block_1_35' title="bbox 455 2707 2044 2781">
    <p class='ocr_par' dir='ltr' id='par_1_35' title="bbox 455 2707 2044 2781">
     <span class='ocr_line' id='line_1_35' title="bbox 455 2707 2044 2781; baseline -0.007 -12"><span class='ocrx_word' id='word_1_214' title='bbox 455 2716 691 2780; x_wconf 89' lang='lat' dir='ltr'><strong>riuntur,</strong></span> <span class='ocrx_word' id='word_1_215' title='bbox 716 2712 874 2781; x_wconf 89' lang='lat' dir='ltr'><strong>primi</strong></span> <span class='ocrx_word' id='word_1_216' title='bbox 906 2711 1152 2765; x_wconf 84' lang='lat' dir='ltr'><strong>videlicet</strong></span> <span class='ocrx_word' id='word_1_217' title='bbox 1174 2708 1416 2778; x_wconf 89' lang='lat' dir='ltr'><strong>parentis</strong></span> <span class='ocrx_word' id='word_1_218' title='bbox 1442 2721 1688 2761; x_wconf 89' lang='lat' dir='ltr'><strong>naturam</strong></span> <span class='ocrx_word' id='word_1_219' title='bbox 1712 2707 2044 2760; x_wconf 74' lang='lat' dir='ltr'><strong>luereditan-</strong></span> 
     </span>
    </p>
   </div>
   <div class='ocr_carea' id='block_1_36' title="bbox 455 2793 2035 2860">
    <p class='ocr_par' dir='ltr' id='par_1_36' title="bbox 455 2793 2035 2860">
     <span class='ocr_line' id='line_1_36' title="bbox 455 2793 2035 2860; baseline -0.007 -2"><span class='ocrx_word' id='word_1_220' title='bbox 455 2814 558 2860; x_wconf 87' lang='lat' dir='ltr'><strong>tes.</strong></span> <span class='ocrx_word' id='word_1_221' title='bbox 592 2803 793 2858; x_wconf 82' lang='lat' dir='ltr'><strong>Verum</strong></span> <span class='ocrx_word' id='word_1_222' title='bbox 857 2817 923 2856; x_wconf 77' lang='lat' dir='ltr'><strong>ex</strong></span> <span class='ocrx_word' id='word_1_223' title='bbox 959 2801 1066 2854; x_wconf 88' lang='lat' dir='ltr'><strong>illis</strong></span> <span class='ocrx_word' id='word_1_224' title='bbox 1101 2798 1356 2851; x_wconf 84' lang='lat' dir='ltr'><strong>omnibus</strong></span> <span class='ocrx_word' id='word_1_225' title='bbox 1394 2806 1572 2850; x_wconf 88' lang='lat' dir='ltr'><strong>morte</strong></span> <span class='ocrx_word' id='word_1_226' title='bbox 1619 2795 1911 2859; x_wconf 83' lang='lat' dir='ltr'><strong>damnatis,</strong></span> <span class='ocrx_word' id='word_1_227' title='bbox 1945 2793 2035 2847; x_wconf 89' lang='lat' dir='ltr'><strong>alii</strong></span> 
     </span>
    </p>
   </div>
   <div class='ocr_carea' id='block_1_37' title="bbox 457 2885 2038 2966">
    <p class='ocr_par' dir='ltr' id='par_1_37' title="bbox 457 2885 2038 2966">
     <span class='ocr_line' id='line_1_37' title="bbox 457 2885 2038 2966; baseline -0.008 -15"><span class='ocrx_word' id='word_1_228' title='bbox 457 2911 556 2966; x_wconf 88' lang='lat' dir='ltr'><strong>per</strong></span> <span class='ocrx_word' id='word_1_229' title='bbox 601 2895 820 2966; x_wconf 84' lang='lat' dir='ltr'><strong>propria</strong></span> <span class='ocrx_word' id='word_1_230' title='bbox 876 2893 1042 2947; x_wconf 90' lang='lat' dir='ltr'><strong>etiam</strong></span> <span class='ocrx_word' id='word_1_231' title='bbox 1090 2905 1211 2960; x_wconf 74' lang='lat' dir='ltr'><strong>qua:</strong></span> <span class='ocrx_word' id='word_1_232' title='bbox 1247 2887 1346 2958; x_wconf 90' lang='lat' dir='ltr'><strong>ipsi</strong></span> <span class='ocrx_word' id='word_1_233' title='bbox 1391 2887 1661 2941; x_wconf 84' lang='lat' dir='ltr'><strong>admisere</strong></span> <span class='ocrx_word' id='word_1_234' title='bbox 1702 2895 1924 2954; x_wconf 84' lang='lat' dir='ltr'><strong>peccata</strong></span> <span class='ocrx_word' id='word_1_235' title='bbox 1987 2885 2038 2938; x_wconf 93' lang='lat' dir='ltr'><strong>in</strong></span> 
     </span>
    </p>
   </div>
   <div class='ocr_carea' id='block_1_38' title="bbox 454 2977 2039 3056">
    <p class='ocr_par' dir='ltr' id='par_1_38' title="bbox 454 2977 2039 3056">
     <span class='ocr_line' id='line_1_38' title="bbox 454 2977 2039 3056; baseline -0.008 -14"><span class='ocrx_word' id='word_1_236' title='bbox 454 2996 685 3042; x_wconf 88' lang='lat' dir='ltr'><strong>mortem</strong></span> <span class='ocrx_word' id='word_1_237' title='bbox 712 2984 1075 3056; x_wconf 68' lang='lat' dir='ltr'><strong>praecipitant,</strong></span> <span class='ocrx_word' id='word_1_238' title='bbox 1114 2982 1207 3035; x_wconf 90' lang='lat' dir='ltr'><strong>alii</strong></span> <span class='ocrx_word' id='word_1_239' title='bbox 1230 2995 1360 3035; x_wconf 91' lang='lat' dir='ltr'><strong>vero</strong></span> <span class='ocrx_word' id='word_1_240' title='bbox 1395 2988 1620 3048; x_wconf 88' lang='lat' dir='ltr'><strong>propter</strong></span> <span class='ocrx_word' id='word_1_241' title='bbox 1645 2978 1817 3033; x_wconf 83' lang='lat' dir='ltr'><strong>solam</strong></span> <span class='ocrx_word' id='word_1_242' title='bbox 1845 2977 2039 3031; x_wconf 84' lang='lat' dir='ltr'><strong>Adami</strong></span> 
     </span>
    </p>
   </div>
   <div class='ocr_carea' id='block_1_39' title="bbox 453 3067 2039 3143">
    <p class='ocr_par' dir='ltr' id='par_1_39' title="bbox 453 3067 2039 3143">
     <span class='ocr_line' id='line_1_39' title="bbox 453 3067 2039 3143; baseline -0.008 -11"><span class='ocrx_word' id='word_1_243' title='bbox 453 3077 1003 3133; x_wconf 83' lang='lat' dir='ltr'><strong>condemnationem:</strong></span> <span class='ocrx_word' id='word_1_244' title='bbox 1041 3075 1230 3143; x_wconf 88' lang='lat' dir='ltr'><strong>quales</strong></span> <span class='ocrx_word' id='word_1_245' title='bbox 1268 3081 1395 3126; x_wconf 91' lang='lat' dir='ltr'><strong>sunt</strong></span> <span class='ocrx_word' id='word_1_246' title='bbox 1442 3071 1698 3125; x_wconf 82' lang='lat' dir='ltr'><strong>infantes.</strong></span> <span class='ocrx_word' id='word_1_247' title='bbox 1744 3067 2039 3138; x_wconf 82' lang='lat' dir='ltr'><strong>Propterea</strong></span> 
     </span>
    </p>
   </div>
   <div class='ocr_carea' id='block_1_40' title="bbox 454 3161 2039 3238">
    <p class='ocr_par' dir='ltr' id='par_1_40' title="bbox 454 3161 2039 3238">
     <span class='ocr_line' id='line_1_40' title="bbox 454 3161 2039 3238; baseline -0.008 -14"><span class='ocrx_word' id='word_1_248' title='bbox 454 3185 600 3224; x_wconf 89' lang='lat' dir='ltr'><strong>nunc</strong></span> <span class='ocrx_word' id='word_1_249' title='bbox 619 3169 843 3238; x_wconf 90' lang='lat' dir='ltr'><strong>quidem</strong></span> <span class='ocrx_word' id='word_1_250' title='bbox 876 3167 1008 3220; x_wconf 83' lang='lat' dir='ltr'><strong>dicit</strong></span> <span class='ocrx_word' id='word_1_251' title='bbox 1037 3183 1051 3220; x_wconf 87' lang='lat'>:</span> <span class='ocrx_word' id='word_1_252' title='bbox 1087 3166 1154 3219; x_wconf 87' lang='lat' dir='ltr'><strong>In</strong></span> <span class='ocrx_word' id='word_1_253' title='bbox 1213 3179 1393 3218; x_wconf 76' lang='lat' dir='ltr'><strong>omnes</strong></span> <span class='ocrx_word' id='word_1_254' title='bbox 1452 3161 1686 3215; x_wconf 74' lang='lat' dir='ltr'><strong>homines</strong></span> <span class='ocrx_word' id='word_1_255' title='bbox 1743 3176 1887 3214; x_wconf 78' lang='lat' dir='ltr'><strong>mors</strong></span> <span class='ocrx_word' id='word_1_256' title='bbox 1921 3175 2039 3226; x_wconf 85' lang='lat' dir='ltr'><strong>per-</strong></span> 
     </span>
    </p>
   </div>
   <div class='ocr_carea' id='block_1_41' title="bbox 456 3249 2040 3328">
    <p class='ocr_par' dir='ltr' id='par_1_41' title="bbox 456 3249 2040 3328">
     <span class='ocr_line' id='line_1_41' title="bbox 456 3249 2040 3328; baseline -0.009 -12"><span class='ocrx_word' id='word_1_257' title='bbox 456 3262 694 3327; x_wconf 70' lang='lat' dir='ltr'><strong>transiit,</strong></span> <span class='ocrx_word' id='word_1_258' title='bbox 729 3264 782 3314; x_wconf 87' lang='lat' dir='ltr'><strong>in</strong></span> <span class='ocrx_word' id='word_1_259' title='bbox 821 3276 924 3328; x_wconf 87' lang='lat' dir='ltr'><strong>quo</strong></span> <span class='ocrx_word' id='word_1_260' title='bbox 957 3273 1133 3311; x_wconf 77' lang='lat' dir='ltr'><strong>omnes</strong></span> <span class='ocrx_word' id='word_1_261' title='bbox 1163 3263 1530 3325; x_wconf 81' lang='lat' dir='ltr'><strong>peccaverunt,</strong></span> <span class='ocrx_word' id='word_1_262' title='bbox 1566 3267 1745 3304; x_wconf 83' lang='lat' dir='ltr'><strong>ontnes</strong></span> <span class='ocrx_word' id='word_1_263' title='bbox 1795 3265 1892 3319; x_wconf 86' lang='lat' dir='ltr'><strong>pro</strong></span> <span class='ocrx_word' id='word_1_264' title='bbox 1927 3249 2040 3318; x_wconf 89' lang='lat' dir='ltr'><strong>plu-</strong></span> 
     </span>
    </p>
   </div>
   <div class='ocr_carea' id='block_1_42' title="bbox 453 3342 2044 3414">
    <p class='ocr_par' dir='ltr' id='par_1_42' title="bbox 453 3342 2044 3414">
     <span class='ocr_line' id='line_1_42' title="bbox 453 3342 2044 3414; baseline -0.011 -6"><span class='ocrx_word' id='word_1_265' title='bbox 453 3354 609 3408; x_wconf 86' lang='lat' dir='ltr'><strong>rimis</strong></span> <span class='ocrx_word' id='word_1_266' title='bbox 639 3354 850 3413; x_wconf 87' lang='lat' dir='ltr'><strong>dicens,</strong></span> <span class='ocrx_word' id='word_1_267' title='bbox 877 3349 1018 3403; x_wconf 84' lang='lat' dir='ltr'><strong>sicut</strong></span> <span class='ocrx_word' id='word_1_268' title='bbox 1043 3358 1100 3401; x_wconf 91' lang='lat' dir='ltr'><strong>et</strong></span> <span class='ocrx_word' id='word_1_269' title='bbox 1123 3345 1572 3414; x_wconf 87' lang='lat' dir='ltr'><strong>insequentibus.</strong></span> <span class='ocrx_word' id='word_1_270' title='bbox 1600 3342 1660 3397; x_wconf 89' lang='lat' dir='ltr'><strong>Si</strong></span> <span class='ocrx_word' id='word_1_271' title='bbox 1691 3359 1813 3413; x_wconf 87' lang='lat' dir='ltr'><strong>ergo</strong></span> <span class='ocrx_word' id='word_1_272' title='bbox 1831 3351 2044 3408; x_wconf 83' lang='lat' dir='ltr'><strong>prapter</strong></span> 
     </span>
    </p>
   </div>
   <div class='ocr_carea' id='block_1_43' title="bbox 455 3438 2041 3510">
    <p class='ocr_par' dir='ltr' id='par_1_43' title="bbox 455 3438 2041 3510">
     <span class='ocr_line' id='line_1_43' title="bbox 455 3438 2041 3510; baseline -0.009 -11"><span class='ocrx_word' id='word_1_273' title='bbox 455 3448 614 3500; x_wconf 75' lang='lat' dir='ltr'><strong>unius</strong></span> <span class='ocrx_word' id='word_1_274' title='bbox 636 3447 887 3498; x_wconf 85' lang='lat' dir='ltr'><strong>delictum</strong></span> <span class='ocrx_word' id='word_1_275' title='bbox 910 3441 1124 3510; x_wconf 80' lang='lat' dir='ltr'><strong>plurimi</strong></span> <span class='ocrx_word' id='word_1_276' title='bbox 1146 3441 1338 3494; x_wconf 86' lang='lat' dir='ltr'><strong>mortui</strong></span> <span class='ocrx_word' id='word_1_277' title='bbox 1361 3450 1506 3503; x_wconf 80' lang='lat' dir='ltr'><strong>sunt,</strong></span> <span class='ocrx_word' id='word_1_278' title='bbox 1525 3438 1786 3507; x_wconf 86' lang='lat' dir='ltr'><strong>plurimas</strong></span> <span class='ocrx_word' id='word_1_279' title='bbox 1808 3450 1905 3503; x_wconf 93' lang='lat' dir='ltr'><strong>pro</strong></span> <span class='ocrx_word' id='word_1_280' title='bbox 1926 3450 2041 3487; x_wconf 91' lang='lat' dir='ltr'><strong>om-</strong></span> 
     </span>
    </p>
   </div>
   <div class='ocr_carea' id='block_1_44' title="bbox 457 3526 2038 3602">
    <p class='ocr_par' dir='ltr' id='par_1_44' title="bbox 457 3526 2038 3602">
     <span class='ocr_line' id='line_1_44' title="bbox 457 3526 2038 3602; baseline -0.008 -11"><span class='ocrx_word' id='word_1_281' title='bbox 457 3537 616 3592; x_wconf 88' lang='lat' dir='ltr'><strong>nilms</strong></span> <span class='ocrx_word' id='word_1_282' title='bbox 657 3542 916 3602; x_wconf 89' lang='lat' dir='ltr'><strong>usurpat,</strong></span> <span class='ocrx_word' id='word_1_283' title='bbox 940 3564 1012 3575; x_wconf 93' lang='lat'><strong>-—-</strong></span> <span class='ocrx_word' id='word_1_284' title='bbox 1039 3550 1180 3587; x_wconf 88' lang='lat' dir='ltr'><strong>nunc</strong></span> <span class='ocrx_word' id='word_1_285' title='bbox 1212 3543 1391 3586; x_wconf 88' lang='lat' dir='ltr'><strong>autem</strong></span> <span class='ocrx_word' id='word_1_286' title='bbox 1423 3547 1437 3585; x_wconf 85' lang='lat'><strong>:</strong></span> <span class='ocrx_word' id='word_1_287' title='bbox 1489 3529 1742 3598; x_wconf 82' lang='lat' dir='ltr'><strong>Regnavit</strong></span> <span class='ocrx_word' id='word_1_288' title='bbox 1785 3545 1926 3581; x_wconf 76' lang='lat' dir='ltr'><strong>mors</strong></span> <span class='ocrx_word' id='word_1_289' title='bbox 1973 3526 2038 3578; x_wconf 86' lang='lat' dir='ltr'><strong>ab</strong></span> 
     </span>
    </p>
   </div>
   <div class='ocr_carea' id='block_1_45' title="bbox 470 3620 2044 3695">
    <p class='ocr_par' dir='ltr' id='par_1_45' title="bbox 470 3620 2044 3695">
     <span class='ocr_line' id='line_1_45' title="bbox 470 3620 2044 3695; baseline -0.006 -16"><span class='ocrx_word' id='word_1_290' title='bbox 470 3628 642 3679; x_wconf 79' lang='lat' dir='ltr'><strong>Adam</strong></span> <span class='ocrx_word' id='word_1_291' title='bbox 673 3642 835 3688; x_wconf 79' lang='lat' dir='ltr'><strong>usque</strong></span> <span class='ocrx_word' id='word_1_292' title='bbox 858 3627 928 3678; x_wconf 86' lang='lat' dir='ltr'><strong>ad</strong></span> <span class='ocrx_word' id='word_1_293' title='bbox 957 3623 1196 3695; x_wconf 79' lang='lat' dir='ltr'><strong>Moysen,</strong></span> <span class='ocrx_word' id='word_1_294' title='bbox 1232 3625 1389 3677; x_wconf 85' lang='lat' dir='ltr'><strong>etiam</strong></span> <span class='ocrx_word' id='word_1_295' title='bbox 1424 3623 1477 3674; x_wconf 91' lang='lat' dir='ltr'><strong>in</strong></span> <span class='ocrx_word' id='word_1_296' title='bbox 1519 3638 1605 3675; x_wconf 79' lang='lat' dir='ltr'><strong>eos</strong></span> <span class='ocrx_word' id='word_1_297' title='bbox 1644 3620 1734 3690; x_wconf 87' lang='lat' dir='ltr'><strong>qui</strong></span> <span class='ocrx_word' id='word_1_298' title='bbox 1779 3637 1882 3672; x_wconf 91' lang='lat' dir='ltr'><strong>non</strong></span> <span class='ocrx_word' id='word_1_299' title='bbox 1922 3634 2044 3686; x_wconf 85' lang='lat' dir='ltr'><strong>pec-</strong></span> 
     </span>
    </p>
   </div>
   <div class='ocr_carea' id='block_1_46' title="bbox 461 3711 2042 3786">
    <p class='ocr_par' dir='ltr' id='par_1_46' title="bbox 461 3711 2042 3786">
     <span class='ocr_line' id='line_1_46' title="bbox 461 3711 2042 3786; baseline -0.006 -16"><span class='ocrx_word' id='word_1_300' title='bbox 461 3726 708 3772; x_wconf 86' lang='lat' dir='ltr'><strong>caverunt</strong></span> <span class='ocrx_word' id='word_1_301' title='bbox 744 3734 763 3770; x_wconf 91' lang='lat'><em>:</em></span> <span class='ocrx_word' id='word_1_302' title='bbox 794 3717 884 3786; x_wconf 91' lang='lat' dir='ltr'><strong>qui</strong></span> <span class='ocrx_word' id='word_1_303' title='bbox 917 3717 1059 3768; x_wconf 89' lang='lat' dir='ltr'><strong>enim</strong></span> <span class='ocrx_word' id='word_1_304' title='bbox 1091 3713 1306 3784; x_wconf 85' lang='lat' dir='ltr'><strong>agendi,</strong></span> <span class='ocrx_word' id='word_1_305' title='bbox 1333 3714 1672 3766; x_wconf 90' lang='lat' dir='ltr'><strong>discernendi</strong></span> <span class='ocrx_word' id='word_1_306' title='bbox 1700 3711 2042 3778; x_wconf 78' lang='lat' dir='ltr'><strong>eligendique</strong></span> 
     </span>
    </p>
   </div>
   <div class='ocr_carea' id='block_1_47' title="bbox 459 3802 2042 3874">
    <p class='ocr_par' dir='ltr' id='par_1_47' title="bbox 459 3802 2042 3874">
     <span class='ocr_line' id='line_1_47' title="bbox 459 3802 2042 3874; baseline -0.006 -13"><span class='ocrx_word' id='word_1_307' title='bbox 459 3822 566 3862; x_wconf 90' lang='lat' dir='ltr'><strong>non</strong></span> <span class='ocrx_word' id='word_1_308' title='bbox 609 3815 738 3860; x_wconf 90' lang='lat' dir='ltr'><strong>sunt</strong></span> <span class='ocrx_word' id='word_1_309' title='bbox 787 3820 1054 3874; x_wconf 85' lang='lat' dir='ltr'><strong>capaces,</strong></span> <span class='ocrx_word' id='word_1_310' title='bbox 1095 3804 1367 3872; x_wconf 87' lang='lat' dir='ltr'><strong>quomodo</strong></span> <span class='ocrx_word' id='word_1_311' title='bbox 1413 3802 1612 3856; x_wconf 89' lang='lat' dir='ltr'><strong>delicto</strong></span> <span class='ocrx_word' id='word_1_312' title='bbox 1660 3802 1868 3868; x_wconf 82' lang='lat' dir='ltr'><strong>possint</strong></span> <span class='ocrx_word' id='word_1_313' title='bbox 1917 3813 2042 3852; x_wconf 88' lang='lat' dir='ltr'><strong>esse</strong></span> 
     </span>
    </p>
   </div>
   <div class='ocr_carea' id='block_1_48' title="bbox 452 3893 2038 3964">
    <p class='ocr_par' dir='ltr' id='par_1_48' title="bbox 452 3893 2038 3964">
     <span class='ocr_line' id='line_1_48' title="bbox 452 3893 2038 3964; baseline -0.006 -10"><span class='ocrx_word' id='word_1_314' title='bbox 452 3898 713 3954; x_wconf 76' lang='lat' dir='ltr'><strong>obnoxii?</strong></span> <span class='ocrx_word' id='word_1_315' title='bbox 741 3896 888 3952; x_wconf 86' lang='lat' dir='ltr'><strong>Talis</strong></span> <span class='ocrx_word' id='word_1_316' title='bbox 909 3897 1301 3964; x_wconf 77' lang='lat' dir='ltr'><strong>estexplicatio</strong></span> <span class='ocrx_word' id='word_1_317' title='bbox 1332 3895 1476 3950; x_wconf 90' lang='lat' dir='ltr'><strong>illius</strong></span> <span class='ocrx_word' id='word_1_318' title='bbox 1502 3893 1648 3964; x_wconf 90' lang='lat' dir='ltr'><strong>quod</strong></span> <span class='ocrx_word' id='word_1_319' title='bbox 1679 3893 1884 3949; x_wconf 90' lang='lat' dir='ltr'><strong>dictum</strong></span> <span class='ocrx_word' id='word_1_320' title='bbox 1914 3903 1997 3948; x_wconf 90' lang='lat' dir='ltr'><strong>est</strong></span> <span class='ocrx_word' id='word_1_321' title='bbox 2023 3907 2038 3944; x_wconf 89' lang='lat'><strong>:</strong></span> 
     </span>
    </p>
   </div>
   <div class='ocr_carea' id='block_1_49' title="bbox 451 3986 1685 4060">
    <p class='ocr_par' dir='ltr' id='par_1_49' title="bbox 451 3986 1685 4060">
     <span class='ocr_line' id='line_1_49' title="bbox 451 3986 1685 4060; baseline -0.003 -14"><span class='ocrx_word' id='word_1_322' title='bbox 451 3991 628 4060; x_wconf 78' lang='lat' dir='ltr'><strong>Usque</strong></span> <span class='ocrx_word' id='word_1_323' title='bbox 659 3992 729 4043; x_wconf 83' lang='lat' dir='ltr'><strong>ad</strong></span> <span class='ocrx_word' id='word_1_324' title='bbox 769 3989 930 4057; x_wconf 82' lang='lat' dir='ltr'><strong>legem</strong></span> <span class='ocrx_word' id='word_1_325' title='bbox 955 4001 1227 4056; x_wconf 86' lang='lat' dir='ltr'><strong>peccatum</strong></span> <span class='ocrx_word' id='word_1_326' title='bbox 1253 3997 1364 4042; x_wconf 87' lang='lat' dir='ltr'><strong>erat</strong></span> <span class='ocrx_word' id='word_1_327' title='bbox 1391 3987 1446 4042; x_wconf 87' lang='lat' dir='ltr'><strong>in</strong></span> <span class='ocrx_word' id='word_1_328' title='bbox 1465 3986 1685 4042; x_wconf 84' lang='lat' dir='ltr'><strong>mundo.</strong></span> 
     </span>
    </p>
   </div>
   <div class='ocr_carea' id='block_1_50' title="bbox 515 4077 2038 4152">
    <p class='ocr_par' dir='ltr' id='par_1_50' title="bbox 515 4077 2038 4152">
     <span class='ocr_line' id='line_1_50' title="bbox 515 4077 2038 4152; baseline -0.007 -14"><span class='ocrx_word' id='word_1_329' title='bbox 515 4083 678 4138; x_wconf 73' lang='lat' dir='ltr'><strong>Vens.</strong></span> <span class='ocrx_word' id='word_1_330' title='bbox 714 4081 803 4136; x_wconf 80' lang='grc'><strong>16.</strong></span> <span class='ocrx_word' id='word_1_331' title='bbox 835 4099 855 4134; x_wconf 78' lang='grc' dir='ltr'><strong>ι</strong></span> <span class='ocrx_word' id='word_1_332' title='bbox 895 4079 962 4134; x_wconf 84' lang='grc' dir='ltr'>Ει</span> <span class='ocrx_word' id='word_1_333' title='bbox 983 4097 1090 4136; x_wconf 92' lang='lat' dir='ltr'><strong>non</strong></span> <span class='ocrx_word' id='word_1_334' title='bbox 1124 4083 1268 4146; x_wconf 84' lang='lat' dir='ltr'><strong>sicut</strong></span> <span class='ocrx_word' id='word_1_335' title='bbox 1309 4095 1407 4152; x_wconf 83' lang='lat' dir='ltr'><strong>per</strong></span> <span class='ocrx_word' id='word_1_336' title='bbox 1440 4095 1610 4136; x_wconf 87' lang='lat' dir='ltr'><strong>unum</strong></span> <span class='ocrx_word' id='word_1_337' title='bbox 1633 4092 1940 4151; x_wconf 77' lang='lat' dir='ltr'><strong>peCcatum,</strong></span> <span class='ocrx_word' id='word_1_338' title='bbox 1967 4077 2038 4130; x_wconf 84' lang='lat' dir='ltr'><strong>ita</strong></span> 
     </span>
    </p>
   </div>
   <div class='ocr_carea' id='block_1_51' title="bbox 449 4176 793 4230">
    <p class='ocr_par' dir='ltr' id='par_1_51' title="bbox 449 4176 793 4230">
     <span class='ocr_line' id='line_1_51' title="bbox 449 4176 793 4230; baseline -0.006 -2"><span class='ocrx_word' id='word_1_339' title='bbox 449 4187 502 4229; x_wconf 86' lang='lat' dir='ltr'><strong>et</strong></span> <span class='ocrx_word' id='word_1_340' title='bbox 525 4176 744 4230; x_wconf 92' lang='lat' dir='ltr'><strong>donum.</strong></span> <span class='ocrx_word' id='word_1_341' title='bbox 773 4194 793 4226; x_wconf 73' lang='grc' dir='ltr'><strong>ι</strong></span> 
     </span>
    </p>
   </div>
   <div class='ocr_carea' id='block_1_52' title="bbox 515 4262 2043 4336">
    <p class='ocr_par' dir='ltr' id='par_1_52' title="bbox 515 4262 2043 4336">
     <span class='ocr_line' id='line_1_52' title="bbox 515 4262 2043 4336; baseline -0.009 -12"><span class='ocrx_word' id='word_1_342' title='bbox 515 4267 691 4324; x_wconf 85' lang='lat' dir='ltr'><strong>Unum</strong></span> <span class='ocrx_word' id='word_1_343' title='bbox 721 4267 866 4322; x_wconf 89' lang='lat' dir='ltr'><strong>enim</strong></span> <span class='ocrx_word' id='word_1_344' title='bbox 890 4267 1050 4336; x_wconf 87' lang='lat' dir='ltr'><strong>primi</strong></span> <span class='ocrx_word' id='word_1_345' title='bbox 1076 4264 1320 4336; x_wconf 88' lang='lat' dir='ltr'><strong>parentis</strong></span> <span class='ocrx_word' id='word_1_346' title='bbox 1339 4275 1620 4334; x_wconf 90' lang='lat' dir='ltr'><strong>peccatum</strong></span> <span class='ocrx_word' id='word_1_347' title='bbox 1643 4262 1886 4315; x_wconf 91' lang='lat' dir='ltr'><strong>omnium</strong></span> <span class='ocrx_word' id='word_1_348' title='bbox 1910 4275 2043 4314; x_wconf 90' lang='lat' dir='ltr'><strong>con-</strong></span> 
     </span>
    </p>
   </div>
   <div class='ocr_carea' id='block_1_53' title="bbox 454 4353 2040 4425">
    <p class='ocr_par' dir='ltr' id='par_1_53' title="bbox 454 4353 2040 4425">
     <span class='ocr_line' id='line_1_53' title="bbox 454 4353 2040 4425; baseline -0.006 -11"><span class='ocrx_word' id='word_1_349' title='bbox 454 4360 817 4416; x_wconf 87' lang='lat' dir='ltr'><strong>demnationis</strong></span> <span class='ocrx_word' id='word_1_350' title='bbox 857 4374 1022 4414; x_wconf 89' lang='lat' dir='ltr'><strong>causa</strong></span> <span class='ocrx_word' id='word_1_351' title='bbox 1058 4358 1292 4420; x_wconf 79' lang='lat' dir='ltr'><strong>exstitit,</strong></span> <span class='ocrx_word' id='word_1_352' title='bbox 1323 4365 1379 4411; x_wconf 89' lang='lat' dir='ltr'><strong>et</strong></span> <span class='ocrx_word' id='word_1_353' title='bbox 1399 4355 1608 4425; x_wconf 89' lang='lat' dir='ltr'><strong>peccati</strong></span> <span class='ocrx_word' id='word_1_354' title='bbox 1641 4353 1788 4406; x_wconf 88' lang='lat' dir='ltr'><strong>illius</strong></span> <span class='ocrx_word' id='word_1_355' title='bbox 1819 4365 2040 4420; x_wconf 65' lang='lat' dir='ltr'><strong>pinnam</strong></span> 
     </span>
    </p>
   </div>
   <div class='ocr_carea' id='block_1_54' title="bbox 453 4444 2037 4522">
    <p class='ocr_par' dir='ltr' id='par_1_54' title="bbox 453 4444 2037 4522">
     <span class='ocr_line' id='line_1_54' title="bbox 453 4444 2037 4522; baseline -0.007 -16"><span class='ocrx_word' id='word_1_356' title='bbox 453 4468 644 4507; x_wconf 87' lang='lat' dir='ltr'><strong>oumes</strong></span> <span class='ocrx_word' id='word_1_357' title='bbox 669 4451 1072 4522; x_wconf 77' lang='lat' dir='ltr'><strong>persolverunt.</strong></span> <span class='ocrx_word' id='word_1_358' title='bbox 1111 4449 1303 4504; x_wconf 85' lang='lat' dir='ltr'><strong>Gratia</strong></span> <span class='ocrx_word' id='word_1_359' title='bbox 1344 4462 1474 4500; x_wconf 89' lang='lat' dir='ltr'><strong>vero</strong></span> <span class='ocrx_word' id='word_1_360' title='bbox 1504 4459 1613 4498; x_wconf 92' lang='lat' dir='ltr'><strong>non</strong></span> <span class='ocrx_word' id='word_1_361' title='bbox 1644 4444 1772 4498; x_wconf 77' lang='lat' dir='ltr'><strong>illud</strong></span> <span class='ocrx_word' id='word_1_362' title='bbox 1805 4452 2037 4510; x_wconf 90' lang='lat' dir='ltr'><strong>tantum,</strong></span> 
     </span>
    </p>
   </div>
   <div class='ocr_carea' id='block_1_55' title="bbox 2757 1858 3129 1913">
    <p class='ocr_par' dir='ltr' id='par_1_55' title="bbox 2757 1858 3129 1913">
     <span class='ocr_line' id='line_1_55' title="bbox 2757 1858 3129 1913; baseline 0.008 -3"><span class='ocrx_word' id='word_1_363' title='bbox 2757 1858 3009 1911; x_wconf 66' lang='grc' dir='ltr'><strong>ΚΕΦΑΛ.</strong></span> <span class='ocrx_word' id='word_1_364' title='bbox 3051 1858 3129 1913; x_wconf 85' lang='grc' dir='ltr'><strong>Ε’.</strong></span> 
     </span>
    </p>
   </div>
   <div class='ocr_carea' id='block_1_56' title="bbox 2221 1970 3569 2046">
    <p class='ocr_par' dir='ltr' id='par_1_56' title="bbox 2221 1970 3569 2046">
     <span class='ocr_line' id='line_1_56' title="bbox 2221 1970 3569 2046; baseline -0.002 -19"><span class='ocrx_word' id='word_1_365' title='bbox 2221 1995 2239 2027; x_wconf 80' lang='grc' dir='ltr'><strong>ι</strong></span> <span class='ocrx_word' id='word_1_366' title='bbox 2284 1978 2446 2046; x_wconf 83' lang='grc' dir='ltr'>’Δχρι</span> <span class='ocrx_word' id='word_1_367' title='bbox 2475 1974 2584 2044; x_wconf 79' lang='grc' dir='ltr'>γὰρ</span> <span class='ocrx_word' id='word_1_368' title='bbox 2615 1974 2802 2045; x_wconf 83' lang='grc' dir='ltr'>νόμου,</span> <span class='ocrx_word' id='word_1_369' title='bbox 2833 1973 3080 2045; x_wconf 86' lang='grc' dir='ltr'>ἁμαρτία</span> <span class='ocrx_word' id='word_1_370' title='bbox 3118 1970 3186 2043; x_wconf 77' lang='grc' dir='ltr'><strong>ἦν</strong></span> <span class='ocrx_word' id='word_1_371' title='bbox 3213 1974 3272 2025; x_wconf 85' lang='grc' dir='ltr'><strong>ὲν</strong></span> <span class='ocrx_word' id='word_1_372' title='bbox 3303 1973 3514 2042; x_wconf 82' lang='grc' dir='ltr'>κόσμῳ.</span> <span class='ocrx_word' id='word_1_373' title='bbox 3549 1991 3569 2024; x_wconf 76' lang='grc' dir='ltr'><strong>ι</strong></span> 
     </span>
    </p>
   </div>
   <div class='ocr_carea' id='block_1_57' title="bbox 2215 2142 3740 2219">
    <p class='ocr_par' dir='ltr' id='par_1_57' title="bbox 2215 2142 3740 2219">
     <span class='ocr_line' id='line_1_57' title="bbox 2215 2142 3740 2219; baseline -0.006 -14"><span class='ocrx_word' id='word_1_374' title='bbox 2215 2150 2437 2219; x_wconf 80' lang='grc' dir='ltr'>Ταύτης</span> <span class='ocrx_word' id='word_1_375' title='bbox 2465 2151 2622 2219; x_wconf 79' lang='grc' dir='ltr'>ἡμῖν,</span> <span class='ocrx_word' id='word_1_376' title='bbox 2660 2149 2795 2219; x_wconf 73' lang='grc' dir='ltr'>φησὶ</span> <span class='ocrx_word' id='word_1_377' title='bbox 2832 2149 2931 2212; x_wconf 87' lang='grc' dir='ltr'>τῆς</span> <span class='ocrx_word' id='word_1_378' title='bbox 2965 2149 3022 2201; x_wconf 73' lang='grc' dir='ltr'><strong>ὲν</strong></span> <span class='ocrx_word' id='word_1_379' title='bbox 3046 2147 3220 2217; x_wconf 87' lang='grc' dir='ltr'>τούτῳ</span> <span class='ocrx_word' id='word_1_380' title='bbox 3248 2146 3329 2217; x_wconf 82' lang='grc' dir='ltr'><strong>τῷ</strong></span> <span class='ocrx_word' id='word_1_381' title='bbox 3358 2146 3548 2216; x_wconf 82' lang='grc' dir='ltr'>κόσμῳ</span> <span class='ocrx_word' id='word_1_382' title='bbox 3589 2142 3740 2213; x_wconf 80' lang='grc' dir='ltr'>ζωῆς</span> 
     </span>
    </p>
   </div>
   <div class='ocr_carea' id='block_1_58' title="bbox 2143 2235 3738 2312">
    <p class='ocr_par' dir='ltr' id='par_1_58' title="bbox 2143 2235 3738 2312">
     <span class='ocr_line' id='line_1_58' title="bbox 2143 2235 3738 2312; baseline -0.007 -13"><span class='ocrx_word' id='word_1_383' title='bbox 2143 2244 2242 2309; x_wconf 81' lang='grc' dir='ltr'><strong>τῆς</strong></span> <span class='ocrx_word' id='word_1_384' title='bbox 2266 2245 2539 2312; x_wconf 83' lang='grc' dir='ltr'>ἁμαρτεῖν</span> <span class='ocrx_word' id='word_1_385' title='bbox 2573 2258 2633 2294; x_wconf 88' lang='grc' dir='ltr'><strong>τε</strong></span> <span class='ocrx_word' id='word_1_386' title='bbox 2653 2242 2748 2294; x_wconf 76' lang='grc' dir='ltr'><strong>καὶ</strong></span> <span class='ocrx_word' id='word_1_387' title='bbox 2770 2241 3067 2294; x_wconf 83' lang='grc' dir='ltr'>ἀποθανεῖν</span> <span class='ocrx_word' id='word_1_388' title='bbox 3086 2237 3498 2309; x_wconf 73' lang='grc' dir='ltr'><strong>ἐπιδεχομένης,</strong></span> <span class='ocrx_word' id='word_1_389' title='bbox 3525 2235 3622 2289; x_wconf 74' lang='grc' dir='ltr'><strong>καὶ</strong></span> <span class='ocrx_word' id='word_1_390' title='bbox 3646 2235 3738 2288; x_wconf 74' lang='grc' dir='ltr'>διὰ</span> 
     </span>
    </p>
   </div>
   <div class='ocr_carea' id='block_1_59' title="bbox 2141 2326 3738 2403">
    <p class='ocr_par' dir='ltr' id='par_1_59' title="bbox 2141 2326 3738 2403">
     <span class='ocr_line' id='line_1_59' title="bbox 2141 2326 3738 2403; baseline -0.009 -14"><span class='ocrx_word' id='word_1_391' title='bbox 2141 2335 2300 2390; x_wconf 82' lang='grc' dir='ltr'>τοῦτο</span> <span class='ocrx_word' id='word_1_392' title='bbox 2331 2335 2426 2387; x_wconf 71' lang='grc' dir='ltr'><strong>καὶ</strong></span> <span class='ocrx_word' id='word_1_393' title='bbox 2457 2333 2624 2402; x_wconf 81' lang='grc' dir='ltr'>νόμου</span> <span class='ocrx_word' id='word_1_394' title='bbox 2646 2333 2912 2403; x_wconf 76' lang='grc' dir='ltr'><strong>δεομένης</strong></span> <span class='ocrx_word' id='word_1_395' title='bbox 2950 2331 3176 2393; x_wconf 80' lang='grc' dir='ltr'><strong>εἰκότως</strong></span> <span class='ocrx_word' id='word_1_396' title='bbox 3207 2329 3304 2383; x_wconf 82' lang='grc' dir='ltr'>τοῦ</span> <span class='ocrx_word' id='word_1_397' title='bbox 3324 2328 3425 2398; x_wconf 81' lang='grc' dir='ltr'>τὴν</span> <span class='ocrx_word' id='word_1_398' title='bbox 3455 2326 3738 2398; x_wconf 78' lang='grc' dir='ltr'>ἁμαρτίαν</span> 
     </span>
    </p>
   </div>
   <div class='ocr_carea' id='block_1_60' title="bbox 2146 2418 3739 2495">
    <p class='ocr_par' dir='ltr' id='par_1_60' title="bbox 2146 2418 3739 2495">
     <span class='ocr_line' id='line_1_60' title="bbox 2146 2418 3739 2495; baseline -0.008 -13"><span class='ocrx_word' id='word_1_399' title='bbox 2146 2426 2562 2488; x_wconf 76' lang='grc' dir='ltr'>ὑποδεικνύντος</span> <span class='ocrx_word' id='word_1_400' title='bbox 2610 2443 2669 2477; x_wconf 89' lang='grc' dir='ltr'><strong>τε</strong></span> <span class='ocrx_word' id='word_1_401' title='bbox 2700 2425 2794 2478; x_wconf 78' lang='grc' dir='ltr'>καὶ</span> <span class='ocrx_word' id='word_1_402' title='bbox 2824 2423 3288 2495; x_wconf 83' lang='grc' dir='ltr'>ἀπαγορεύοντος,</span> <span class='ocrx_word' id='word_1_403' title='bbox 3334 2418 3471 2494; x_wconf 77' lang='grc' dir='ltr'>ἦρξε</span> <span class='ocrx_word' id='word_1_404' title='bbox 3518 2419 3739 2490; x_wconf 68' lang='grc' dir='ltr'>πρῶτος</span> 
     </span>
    </p>
   </div>
   <div class='ocr_carea' id='block_1_61' title="bbox 2143 2515 3739 2593">
    <p class='ocr_par' dir='ltr' id='par_1_61' title="bbox 2143 2515 3739 2593">
     <span class='ocr_line' id='line_1_61' title="bbox 2143 2515 3739 2593; baseline -0.005 -15"><span class='ocrx_word' id='word_1_405' title='bbox 2143 2526 2171 2578; x_wconf 88' lang='lat'><strong>6</strong></span> <span class='ocrx_word' id='word_1_406' title='bbox 2212 2521 2404 2593; x_wconf 83' lang='grc' dir='ltr'>Ἀδὰμ,</span> <span class='ocrx_word' id='word_1_407' title='bbox 2444 2523 2540 2578; x_wconf 85' lang='grc' dir='ltr'>ἆτε</span> <span class='ocrx_word' id='word_1_408' title='bbox 2572 2523 2790 2592; x_wconf 84' lang='grc' dir='ltr'>πρῶτος</span> <span class='ocrx_word' id='word_1_409' title='bbox 2826 2522 2919 2574; x_wconf 79' lang='grc' dir='ltr'><strong>καὶ</strong></span> <span class='ocrx_word' id='word_1_410' title='bbox 2949 2520 3246 2590; x_wconf 85' lang='grc' dir='ltr'>γενόμενος</span> <span class='ocrx_word' id='word_1_411' title='bbox 3283 2519 3377 2572; x_wconf 74' lang='grc' dir='ltr'><strong>καὶ</strong></span> <span class='ocrx_word' id='word_1_412' title='bbox 3407 2515 3739 2588; x_wconf 84' lang='grc' dir='ltr'>παρανομή-</span> 
     </span>
    </p>
   </div>
   <div class='ocr_carea' id='block_1_62' title="bbox 2145 2607 3734 2682">
    <p class='ocr_par' dir='ltr' id='par_1_62' title="bbox 2145 2607 3734 2682">
     <span class='ocr_line' id='line_1_62' title="bbox 2145 2607 3734 2682; baseline -0.008 -12"><span class='ocrx_word' id='word_1_413' title='bbox 2145 2634 2264 2679; x_wconf 84' lang='grc' dir='ltr'>σας.</span> <span class='ocrx_word' id='word_1_414' title='bbox 2300 2617 2342 2668; x_wconf 84' lang='grc' dir='ltr'>Τ</span> <span class='ocrx_word' id='word_1_415' title='bbox 2346 2616 2422 2669; x_wconf 87' lang='grc' dir='ltr'><strong>ὦν</strong></span> <span class='ocrx_word' id='word_1_416' title='bbox 2463 2611 2556 2668; x_wconf 75' lang='grc' dir='ltr'>οὖν</span> <span class='ocrx_word' id='word_1_417' title='bbox 2587 2614 2646 2680; x_wconf 76' lang='grc' dir='ltr'><strong>ἐξ</strong></span> <span class='ocrx_word' id='word_1_418' title='bbox 2676 2614 2842 2669; x_wconf 80' lang='grc' dir='ltr'>αὑτοῦ</span> <span class='ocrx_word' id='word_1_419' title='bbox 2881 2613 3024 2666; x_wconf 79' lang='grc' dir='ltr'>κατὰ</span> <span class='ocrx_word' id='word_1_420' title='bbox 3071 2609 3326 2682; x_wconf 83' lang='grc' dir='ltr'>διαδοχὰς</span> <span class='ocrx_word' id='word_1_421' title='bbox 3370 2607 3734 2678; x_wconf 80' lang='grc' dir='ltr'>τικτομένων,</span> 
     </span>
    </p>
   </div>
   <div class='ocr_carea' id='block_1_63' title="bbox 2143 2697 3737 2774">
    <p class='ocr_par' dir='ltr' id='par_1_63' title="bbox 2143 2697 3737 2774">
     <span class='ocr_line' id='line_1_63' title="bbox 2143 2697 3737 2774; baseline -0.005 -19"><span class='ocrx_word' id='word_1_422' title='bbox 2143 2703 2344 2766; x_wconf 83' lang='grc' dir='ltr'>πάντες</span> <span class='ocrx_word' id='word_1_423' title='bbox 2372 2703 2743 2770; x_wconf 77' lang='grc' dir='ltr'>ἀπέθνησκον,</span> <span class='ocrx_word' id='word_1_424' title='bbox 2763 2703 2836 2765; x_wconf 83' lang='grc' dir='ltr'>ὠς</span> <span class='ocrx_word' id='word_1_425' title='bbox 2859 2703 3030 2766; x_wconf 75' lang='grc' dir='ltr'>εἰκὸς,</span> <span class='ocrx_word' id='word_1_426' title='bbox 3055 2700 3150 2754; x_wconf 75' lang='grc' dir='ltr'><strong>τοῦ</strong></span> <span class='ocrx_word' id='word_1_427' title='bbox 3170 2700 3518 2774; x_wconf 80' lang='grc' dir='ltr'>προπάτορος</span> <span class='ocrx_word' id='word_1_428' title='bbox 3534 2697 3737 2766; x_wconf 81' lang='grc' dir='ltr'>κληρο-</span> 
     </span>
    </p>
   </div>
   <div class='ocr_carea' id='block_1_64' title="bbox 2145 2787 3736 2867">
    <p class='ocr_par' dir='ltr' id='par_1_64' title="bbox 2145 2787 3736 2867">
     <span class='ocr_line' id='line_1_64' title="bbox 2145 2787 3736 2867; baseline -0.007 -17"><span class='ocrx_word' id='word_1_429' title='bbox 2145 2795 2440 2867; x_wconf 78' lang='grc' dir='ltr'>νομοῦντες</span> <span class='ocrx_word' id='word_1_430' title='bbox 2481 2796 2730 2866; x_wconf 77' lang='grc' dir='ltr'>φύσεως’</span> <span class='ocrx_word' id='word_1_431' title='bbox 2779 2796 2917 2850; x_wconf 77' lang='grc' dir='ltr'>ἀλλὰ</span> <span class='ocrx_word' id='word_1_432' title='bbox 2961 2793 3072 2847; x_wconf 84' lang='grc' dir='ltr'><strong>τῶν</strong></span> <span class='ocrx_word' id='word_1_433' title='bbox 3119 2791 3583 2864; x_wconf 83' lang='grc' dir='ltr'>ἀποθνησκόντων</span> <span class='ocrx_word' id='word_1_434' title='bbox 3606 2787 3736 2840; x_wconf 79' lang='grc' dir='ltr'>τού-</span> 
     </span>
    </p>
   </div>
   <div class='ocr_carea' id='block_1_65' title="bbox 2143 2879 3738 2957">
    <p class='ocr_par' dir='ltr' id='par_1_65' title="bbox 2143 2879 3738 2957">
     <span class='ocr_line' id='line_1_65' title="bbox 2143 2879 3738 2957; baseline -0.004 -18"><span class='ocrx_word' id='word_1_435' title='bbox 2143 2903 2250 2939; x_wconf 85' lang='grc' dir='ltr'><strong>των</strong></span> <span class='ocrx_word' id='word_1_436' title='bbox 2283 2889 2332 2939; x_wconf 80' lang='grc' dir='ltr'><strong>οἱ</strong></span> <span class='ocrx_word' id='word_1_437' title='bbox 2367 2886 2466 2956; x_wconf 84' lang='grc' dir='ltr'><strong>μὲν</strong></span> <span class='ocrx_word' id='word_1_438' title='bbox 2495 2886 2566 2940; x_wconf 87' lang='grc' dir='ltr'>δι’</span> <span class='ocrx_word' id='word_1_439' title='bbox 2599 2879 2674 2940; x_wconf 85' lang='grc' dir='ltr'><strong>ὧν</strong></span> <span class='ocrx_word' id='word_1_440' title='bbox 2704 2886 2799 2939; x_wconf 74' lang='grc' dir='ltr'>καὶ</span> <span class='ocrx_word' id='word_1_441' title='bbox 2840 2885 2993 2938; x_wconf 78' lang='grc' dir='ltr'>αὐτοὶ</span> <span class='ocrx_word' id='word_1_442' title='bbox 3029 2885 3404 2957; x_wconf 83' lang='grc' dir='ltr'>παρηνὸμουν,</span> <span class='ocrx_word' id='word_1_443' title='bbox 3441 2881 3738 2953; x_wconf 73' lang='grc' dir='ltr'>ἠπείγοντο</span> 
     </span>
    </p>
   </div>
   <div class='ocr_carea' id='block_1_66' title="bbox 2142 2971 3739 3047">
    <p class='ocr_par' dir='ltr' id='par_1_66' title="bbox 2142 2971 3739 3047">
     <span class='ocr_line' id='line_1_66' title="bbox 2142 2971 3739 3047; baseline -0.004 -18"><span class='ocrx_word' id='word_1_444' title='bbox 2142 2977 2220 3046; x_wconf 84' lang='grc' dir='ltr'><strong>τῷ</strong></span> <span class='ocrx_word' id='word_1_445' title='bbox 2249 2975 2465 3047; x_wconf 79' lang='grc' dir='ltr'>Θανάτῳ</span> <span class='ocrx_word' id='word_1_446' title='bbox 2488 2993 2500 3005; x_wconf 93' lang='grc'><strong>·</strong></span> <span class='ocrx_word' id='word_1_447' title='bbox 2530 2977 2578 3028; x_wconf 84' lang='grc' dir='ltr'>οἱ</span> <span class='ocrx_word' id='word_1_448' title='bbox 2603 2976 2660 3028; x_wconf 82' lang='grc' dir='ltr'><strong>δὲ</strong></span> <span class='ocrx_word' id='word_1_449' title='bbox 2687 2975 2776 3028; x_wconf 84' lang='grc' dir='ltr'>διὰ</span> <span class='ocrx_word' id='word_1_450' title='bbox 2810 2976 2980 3045; x_wconf 87' lang='grc' dir='ltr'>μόνην</span> <span class='ocrx_word' id='word_1_451' title='bbox 3009 2975 3102 3029; x_wconf 82' lang='grc' dir='ltr'><strong>τοῦ</strong></span> <span class='ocrx_word' id='word_1_452' title='bbox 3143 2975 3316 3045; x_wconf 83' lang='grc' dir='ltr'>Ἀδάμ</span> <span class='ocrx_word' id='word_1_453' title='bbox 3345 2972 3444 3044; x_wconf 83' lang='grc' dir='ltr'>τὴν</span> <span class='ocrx_word' id='word_1_454' title='bbox 3468 2971 3739 3040; x_wconf 77' lang='grc' dir='ltr'>κατάκρι-</span> 
     </span>
    </p>
   </div>
   <div class='ocr_carea' id='block_1_67' title="bbox 2144 3063 3739 3140">
    <p class='ocr_par' dir='ltr' id='par_1_67' title="bbox 2144 3063 3739 3140">
     <span class='ocr_line' id='line_1_67' title="bbox 2144 3063 3739 3140; baseline -0.005 -18"><span class='ocrx_word' id='word_1_455' title='bbox 2144 3087 2249 3132; x_wconf 88' lang='grc' dir='ltr'>σιν,</span> <span class='ocrx_word' id='word_1_456' title='bbox 2281 3063 2394 3121; x_wconf 75' lang='grc' dir='ltr'>οἵον</span> <span class='ocrx_word' id='word_1_457' title='bbox 2439 3070 2470 3137; x_wconf 81' lang='grc' dir='ltr'>ἡ</span> <span class='ocrx_word' id='word_1_458' title='bbox 2520 3067 2630 3120; x_wconf 81' lang='grc' dir='ltr'>τῶν</span> <span class='ocrx_word' id='word_1_459' title='bbox 2665 3067 2876 3136; x_wconf 88' lang='grc' dir='ltr'>νηπίων</span> <span class='ocrx_word' id='word_1_460' title='bbox 2909 3068 3102 3140; x_wconf 87' lang='grc' dir='ltr'>μερίς·</span> <span class='ocrx_word' id='word_1_461' title='bbox 3150 3067 3240 3120; x_wconf 79' lang='grc' dir='ltr'><strong>διὰ</strong></span> <span class='ocrx_word' id='word_1_462' title='bbox 3287 3065 3452 3118; x_wconf 83' lang='grc' dir='ltr'>τοῦτο</span> <span class='ocrx_word' id='word_1_463' title='bbox 3488 3064 3586 3117; x_wconf 82' lang='grc' dir='ltr'><strong>νῦν</strong></span> <span class='ocrx_word' id='word_1_464' title='bbox 3634 3064 3739 3133; x_wconf 82' lang='grc' dir='ltr'><strong>μέν</strong></span> 
     </span>
    </p>
   </div>
   <div class='ocr_carea' id='block_1_68' title="bbox 2145 3156 3739 3229">
    <p class='ocr_par' dir='ltr' id='par_1_68' title="bbox 2145 3156 3739 3229">
     <span class='ocr_line' id='line_1_68' title="bbox 2145 3156 3739 3229; baseline -0.003 -17"><span class='ocrx_word' id='word_1_465' title='bbox 2145 3176 2345 3228; x_wconf 79' lang='grc' dir='ltr'>φησιν’</span> <span class='ocrx_word' id='word_1_466' title='bbox 2382 3163 2487 3224; x_wconf 83' lang='grc' dir='ltr'><strong>Εἰς</strong></span> <span class='ocrx_word' id='word_1_467' title='bbox 2520 3158 2754 3224; x_wconf 78' lang='grc' dir='ltr'>πάντας</span> <span class='ocrx_word' id='word_1_468' title='bbox 2780 3159 3136 3229; x_wconf 81' lang='grc' dir='ltr'><strong>ἀνθρώπους</strong></span> <span class='ocrx_word' id='word_1_469' title='bbox 3171 3157 3462 3226; x_wconf 72' lang='grc' dir='ltr'>εἰσῆλθεν</span> <span class='ocrx_word' id='word_1_470' title='bbox 3495 3159 3527 3210; x_wconf 92' lang='lat' dir='ltr'><strong>o&#39;</strong></span> <span class='ocrx_word' id='word_1_471' title='bbox 3551 3156 3739 3210; x_wconf 84' lang='grc' dir='ltr'>θάνα-</span> 
     </span>
    </p>
   </div>
   <div class='ocr_carea' id='block_1_69' title="bbox 2145 3243 3739 3320">
    <p class='ocr_par' dir='ltr' id='par_1_69' title="bbox 2145 3243 3739 3320">
     <span class='ocr_line' id='line_1_69' title="bbox 2145 3243 3739 3320; baseline -0.004 -16"><span class='ocrx_word' id='word_1_472' title='bbox 2145 3268 2268 3316; x_wconf 88' lang='grc' dir='ltr'>τος,</span> <span class='ocrx_word' id='word_1_473' title='bbox 2292 3251 2384 3319; x_wconf 64' lang='grc' dir='ltr'><strong>ἐφ’</strong></span> <span class='ocrx_word' id='word_1_474' title='bbox 2409 3243 2457 3316; x_wconf 80' lang='grc' dir='ltr'><strong>ᾧ</strong></span> <span class='ocrx_word' id='word_1_475' title='bbox 2490 3251 2714 3316; x_wconf 83' lang='grc' dir='ltr'>πάντες</span> <span class='ocrx_word' id='word_1_476' title='bbox 2757 3251 3055 3320; x_wconf 79' lang='grc' dir='ltr'>ἥμαρτον·</span> <span class='ocrx_word' id='word_1_477' title='bbox 3089 3251 3208 3302; x_wconf 74' lang='grc' dir='ltr'>ἀντὶ</span> <span class='ocrx_word' id='word_1_478' title='bbox 3237 3249 3348 3302; x_wconf 83' lang='grc' dir='ltr'><strong>τῶν</strong></span> <span class='ocrx_word' id='word_1_479' title='bbox 3393 3247 3608 3301; x_wconf 83' lang='grc' dir='ltr'>πολλῶν</span> <span class='ocrx_word' id='word_1_480' title='bbox 3645 3247 3739 3298; x_wconf 62' lang='grc' dir='ltr'><strong>λές</strong></span> 
     </span>
    </p>
   </div>
   <div class='ocr_carea' id='block_1_70' title="bbox 2143 3341 3739 3413">
    <p class='ocr_par' dir='ltr' id='par_1_70' title="bbox 2143 3341 3739 3413">
     <span class='ocr_line' id='line_1_70' title="bbox 2143 3341 3739 3413; baseline -0.001 -19"><span class='ocrx_word' id='word_1_481' title='bbox 2143 3359 2256 3410; x_wconf 90' lang='grc' dir='ltr'><strong>γων</strong></span> <span class='ocrx_word' id='word_1_482' title='bbox 2286 3342 2412 3404; x_wconf 77' lang='grc' dir='ltr'>τοὺς</span> <span class='ocrx_word' id='word_1_483' title='bbox 2467 3343 2670 3406; x_wconf 80' lang='grc' dir='ltr'>πάντας</span> <span class='ocrx_word' id='word_1_484' title='bbox 2716 3342 2906 3413; x_wconf 72' lang='grc' dir='ltr'>ὥσπερ</span> <span class='ocrx_word' id='word_1_485' title='bbox 2945 3344 3132 3406; x_wconf 76' lang='grc' dir='ltr'>αὐτοῖς</span> <span class='ocrx_word' id='word_1_486' title='bbox 3165 3343 3181 3372; x_wconf 74' lang='grc'>⁸</span> <span class='ocrx_word' id='word_1_487' title='bbox 3238 3341 3379 3412; x_wconf 85' lang='grc' dir='ltr'>μετὰ</span> <span class='ocrx_word' id='word_1_488' title='bbox 3425 3341 3623 3394; x_wconf 75' lang='grc' dir='ltr'>ταῦτα.</span> <span class='ocrx_word' id='word_1_489' title='bbox 3669 3341 3739 3393; x_wconf 76' lang='grc' dir='ltr'><strong>ει</strong></span> 
     </span>
    </p>
   </div>
   <div class='ocr_carea' id='block_1_71' title="bbox 2143 3435 3739 3506">
    <p class='ocr_par' dir='ltr' id='par_1_71' title="bbox 2143 3435 3739 3506">
     <span class='ocr_line' id='line_1_71' title="bbox 2143 3435 3739 3506; baseline -0.002 -16"><span class='ocrx_word' id='word_1_490' title='bbox 2143 3439 2253 3505; x_wconf 74' lang='grc' dir='ltr'>γὰρ</span> <span class='ocrx_word' id='word_1_491' title='bbox 2279 3436 2356 3500; x_wconf 86' lang='grc' dir='ltr'>τῷ</span> <span class='ocrx_word' id='word_1_492' title='bbox 2381 3436 2486 3490; x_wconf 85' lang='grc' dir='ltr'>τοῦ</span> <span class='ocrx_word' id='word_1_493' title='bbox 2522 3436 2660 3504; x_wconf 83' lang='grc' dir='ltr'>ἐνὸς</span> <span class='ocrx_word' id='word_1_494' title='bbox 2692 3437 3119 3506; x_wconf 78' lang='grc' dir='ltr'>παραπτώματι</span> <span class='ocrx_word' id='word_1_495' title='bbox 3153 3441 3206 3490; x_wconf 76' lang='grc' dir='ltr'>οἱ</span> <span class='ocrx_word' id='word_1_496' title='bbox 3250 3435 3472 3490; x_wconf 71' lang='grc' dir='ltr'>πολλοὶ</span> <span class='ocrx_word' id='word_1_497' title='bbox 3511 3435 3739 3488; x_wconf 77' lang='grc' dir='ltr'><strong>ἀπέθα-</strong></span> 
     </span>
    </p>
   </div>
   <div class='ocr_carea' id='block_1_72' title="bbox 2144 3522 3741 3597">
    <p class='ocr_par' dir='ltr' id='par_1_72' title="bbox 2144 3522 3741 3597">
     <span class='ocr_line' id='line_1_72' title="bbox 2144 3522 3741 3597; baseline -0.004 -18"><span class='ocrx_word' id='word_1_498' title='bbox 2144 3546 2274 3592; x_wconf 81' lang='grc' dir='ltr'>νον,</span> <span class='ocrx_word' id='word_1_499' title='bbox 2315 3527 2455 3593; x_wconf 81' lang='grc' dir='ltr'>τοὺς</span> <span class='ocrx_word' id='word_1_500' title='bbox 2485 3528 2760 3594; x_wconf 75' lang='grc' dir='ltr'>πολλοὺς</span> <span class='ocrx_word' id='word_1_501' title='bbox 2786 3529 2904 3580; x_wconf 76' lang='grc' dir='ltr'>ἀντὶ</span> <span class='ocrx_word' id='word_1_502' title='bbox 2930 3528 3038 3581; x_wconf 82' lang='grc' dir='ltr'><strong>τῶν</strong></span> <span class='ocrx_word' id='word_1_503' title='bbox 3067 3527 3284 3581; x_wconf 77' lang='grc' dir='ltr'>πάντων</span> <span class='ocrx_word' id='word_1_504' title='bbox 3319 3525 3453 3597; x_wconf 77' lang='grc' dir='ltr'>φησί</span> <span class='ocrx_word' id='word_1_505' title='bbox 3474 3542 3486 3554; x_wconf 89' lang='grc'><strong>·</strong></span> <span class='ocrx_word' id='word_1_506' title='bbox 3528 3524 3648 3577; x_wconf 84' lang='grc' dir='ltr'><strong>νῦν</strong></span> <span class='ocrx_word' id='word_1_507' title='bbox 3668 3522 3741 3574; x_wconf 78' lang='grc' dir='ltr'>δὲ</span> 
     </span>
    </p>
   </div>
   <div class='ocr_carea' id='block_1_73' title="bbox 2143 3615 3734 3690">
    <p class='ocr_par' dir='ltr' id='par_1_73' title="bbox 2143 3615 3734 3690">
     <span class='ocr_line' id='line_1_73' title="bbox 2143 3615 3734 3690; baseline -0.004 -17"><span class='ocrx_word' id='word_1_508' title='bbox 2143 3622 2547 3673; x_wconf 73' lang='grc' dir='ltr'>ἑεασίλευσεν</span> <span class='ocrx_word' id='word_1_509' title='bbox 2564 3623 2595 3672; x_wconf 81' lang='grc' dir='ltr'><em>ό</em></span> <span class='ocrx_word' id='word_1_510' title='bbox 2617 3619 2869 3687; x_wconf 81' lang='grc' dir='ltr'>θάνατος</span> <span class='ocrx_word' id='word_1_511' title='bbox 2900 3620 3017 3673; x_wconf 81' lang='grc' dir='ltr'><strong>ἀπὸ</strong></span> <span class='ocrx_word' id='word_1_512' title='bbox 3041 3619 3227 3688; x_wconf 82' lang='grc' dir='ltr'>Ἀδάμ</span> <span class='ocrx_word' id='word_1_513' title='bbox 3254 3617 3428 3690; x_wconf 81' lang='grc' dir='ltr'>μέχρι</span> <span class='ocrx_word' id='word_1_514' title='bbox 3451 3615 3734 3680; x_wconf 83' lang='grc' dir='ltr'><strong>Μωσέως,</strong></span> 
     </span>
    </p>
   </div>
   <div class='ocr_carea' id='block_1_74' title="bbox 2145 3710 3738 3783">
    <p class='ocr_par' dir='ltr' id='par_1_74' title="bbox 2145 3710 3738 3783">
     <span class='ocr_line' id='line_1_74' title="bbox 2145 3710 3738 3783; baseline -0.004 -18"><span class='ocrx_word' id='word_1_515' title='bbox 2145 3714 2241 3766; x_wconf 81' lang='grc' dir='ltr'>καὶ</span> <span class='ocrx_word' id='word_1_516' title='bbox 2271 3713 2368 3765; x_wconf 80' lang='grc' dir='ltr'><strong>ἐπὶ</strong></span> <span class='ocrx_word' id='word_1_517' title='bbox 2403 3713 2542 3778; x_wconf 85' lang='grc' dir='ltr'>τοὺς</span> <span class='ocrx_word' id='word_1_518' title='bbox 2571 3713 2656 3781; x_wconf 74' lang='grc' dir='ltr'>μὴ</span> <span class='ocrx_word' id='word_1_519' title='bbox 2684 3713 3181 3781; x_wconf 68' lang='grc' dir='ltr'>ἁμαρτήσαντας-⁸</span> <span class='ocrx_word' id='word_1_520' title='bbox 3218 3713 3266 3763; x_wconf 83' lang='grc' dir='ltr'>οἱ</span> <span class='ocrx_word' id='word_1_521' title='bbox 3298 3713 3405 3783; x_wconf 82' lang='grc' dir='ltr'><strong>γὰρ</strong></span> <span class='ocrx_word' id='word_1_522' title='bbox 3430 3710 3556 3762; x_wconf 75' lang='grc' dir='ltr'>οὔτε</span> <span class='ocrx_word' id='word_1_523' title='bbox 3590 3711 3738 3777; x_wconf 85' lang='grc' dir='ltr'>πρά-</span> 
     </span>
    </p>
   </div>
   <div class='ocr_carea' id='block_1_75' title="bbox 2146 3801 3736 3877">
    <p class='ocr_par' dir='ltr' id='par_1_75' title="bbox 2146 3801 3736 3877">
     <span class='ocr_line' id='line_1_75' title="bbox 2146 3801 3736 3877; baseline -0.005 -19"><span class='ocrx_word' id='word_1_524' title='bbox 2146 3806 2304 3870; x_wconf 83' lang='grc' dir='ltr'>ξεως,</span> <span class='ocrx_word' id='word_1_525' title='bbox 2351 3805 2474 3862; x_wconf 68' lang='grc' dir='ltr'>οὔτε</span> <span class='ocrx_word' id='word_1_526' title='bbox 2529 3806 2876 3876; x_wconf 74' lang='grc' dir='ltr'>διακριτικης</span> <span class='ocrx_word' id='word_1_527' title='bbox 2935 3805 3310 3877; x_wconf 70' lang='grc' dir='ltr'>προαιρέσεως</span> <span class='ocrx_word' id='word_1_528' title='bbox 3358 3803 3511 3864; x_wconf 76' lang='grc' dir='ltr'>ὄντες</span> <span class='ocrx_word' id='word_1_529' title='bbox 3557 3801 3736 3863; x_wconf 79' lang='grc' dir='ltr'>ὲντὺς,</span> 
     </span>
    </p>
   </div>
   <div class='ocr_carea' id='block_1_76' title="bbox 2143 3896 3740 3967">
    <p class='ocr_par' dir='ltr' id='par_1_76' title="bbox 2143 3896 3740 3967">
     <span class='ocr_line' id='line_1_76' title="bbox 2143 3896 3740 3967; baseline -0.004 -16"><span class='ocrx_word' id='word_1_530' title='bbox 2143 3899 2260 3962; x_wconf 84' lang='grc' dir='ltr'><strong>πῶς</strong></span> <span class='ocrx_word' id='word_1_531' title='bbox 2289 3899 2356 3954; x_wconf 86' lang='grc' dir='ltr'><strong>ἂν</strong></span> <span class='ocrx_word' id='word_1_532' title='bbox 2387 3897 2496 3952; x_wconf 81' lang='grc' dir='ltr'>εἷεν</span> <span class='ocrx_word' id='word_1_533' title='bbox 2521 3901 2816 3954; x_wconf 81' lang='grc' dir='ltr'>ὑπεύθυνοι</span> <span class='ocrx_word' id='word_1_534' title='bbox 2851 3897 3320 3967; x_wconf 74' lang='grc' dir='ltr'>πλημμελήματι;</span> <span class='ocrx_word' id='word_1_535' title='bbox 3356 3896 3416 3948; x_wconf 87' lang='grc' dir='ltr'>τὸ</span> <span class='ocrx_word' id='word_1_536' title='bbox 3444 3896 3521 3960; x_wconf 82' lang='grc' dir='ltr'>δὲ,</span> <span class='ocrx_word' id='word_1_537' title='bbox 3558 3896 3740 3962; x_wconf 64' lang='grc' dir='ltr'>Ἀχρι</span> 
     </span>
    </p>
   </div>
   <div class='ocr_carea' id='block_1_77' title="bbox 2143 3987 3552 4066">
    <p class='ocr_par' dir='ltr' id='par_1_77' title="bbox 2143 3987 3552 4066">
     <span class='ocr_line' id='line_1_77' title="bbox 2143 3987 3552 4066; baseline -0.002 -23"><span class='ocrx_word' id='word_1_538' title='bbox 2143 3994 2334 4060; x_wconf 78' lang='grc' dir='ltr'>νόμου</span> <span class='ocrx_word' id='word_1_539' title='bbox 2359 3991 2613 4060; x_wconf 74' lang='grc' dir='ltr'>ἁμαρτία</span> <span class='ocrx_word' id='word_1_540' title='bbox 2637 3987 2715 4058; x_wconf 82' lang='grc' dir='ltr'><strong>ἦν</strong></span> <span class='ocrx_word' id='word_1_541' title='bbox 2734 3991 2804 4066; x_wconf 78' lang='grc' dir='ltr'><strong>ἐν</strong></span> <span class='ocrx_word' id='word_1_542' title='bbox 2835 3993 3062 4058; x_wconf 81' lang='grc' dir='ltr'>κόσμῳ,</span> <span class='ocrx_word' id='word_1_543' title='bbox 3107 3988 3351 4043; x_wconf 76' lang='grc' dir='ltr'>τοιοῦτον</span> <span class='ocrx_word' id='word_1_544' title='bbox 3381 3989 3552 4040; x_wconf 82' lang='grc' dir='ltr'>ἐστιν.</span> 
     </span>
    </p>
   </div>
   <div class='ocr_carea' id='block_1_78' title="bbox 2225 4079 3730 4152">
    <p class='ocr_par' dir='ltr' id='par_1_78' title="bbox 2225 4079 3730 4152">
     <span class='ocr_line' id='line_1_78' title="bbox 2225 4079 3730 4152; baseline -0.001 -19"><span class='ocrx_word' id='word_1_545' title='bbox 2225 4104 2242 4133; x_wconf 80' lang='grc' dir='ltr'><strong>ι</strong></span> <span class='ocrx_word' id='word_1_546' title='bbox 2271 4082 2380 4136; x_wconf 74' lang='grc' dir='ltr'>Καὶ</span> <span class='ocrx_word' id='word_1_547' title='bbox 2411 4084 2510 4152; x_wconf 83' lang='grc' dir='ltr'>οὐχ</span> <span class='ocrx_word' id='word_1_548' title='bbox 2536 4081 2610 4145; x_wconf 85' lang='grc' dir='ltr'>ὼς</span> <span class='ocrx_word' id='word_1_549' title='bbox 2640 4082 2706 4135; x_wconf 79' lang='grc' dir='ltr'>δι’</span> <span class='ocrx_word' id='word_1_550' title='bbox 2730 4082 2848 4144; x_wconf 79' lang='grc' dir='ltr'>ἐνὸς</span> <span class='ocrx_word' id='word_1_551' title='bbox 2880 4082 3327 4152; x_wconf 74' lang='grc' dir='ltr'>ἁμαρτήσαντος,</span> <span class='ocrx_word' id='word_1_552' title='bbox 3357 4080 3418 4132; x_wconf 88' lang='grc' dir='ltr'>τὸ</span> <span class='ocrx_word' id='word_1_553' title='bbox 3439 4079 3730 4150; x_wconf 77' lang='grc' dir='ltr'>δώρημα.»</span> 
     </span>
    </p>
   </div>
   <div class='ocr_carea' id='block_1_79' title="bbox 2212 4259 3737 4333">
    <p class='ocr_par' dir='ltr' id='par_1_79' title="bbox 2212 4259 3737 4333">
     <span class='ocr_line' id='line_1_79' title="bbox 2212 4259 3737 4333; baseline -0.004 -16"><span class='ocrx_word' id='word_1_554' title='bbox 2212 4264 2332 4318; x_wconf 73' lang='grc' dir='ltr'><strong>Μία</strong></span> <span class='ocrx_word' id='word_1_555' title='bbox 2353 4263 2454 4332; x_wconf 84' lang='grc' dir='ltr'>μὲν</span> <span class='ocrx_word' id='word_1_556' title='bbox 2482 4263 2612 4333; x_wconf 76' lang='grc' dir='ltr'>γὰρ,</span> <span class='ocrx_word' id='word_1_557' title='bbox 2647 4261 2832 4332; x_wconf 76' lang='grc' dir='ltr'>φησὶν,</span> <span class='ocrx_word' id='word_1_558' title='bbox 2862 4264 2894 4331; x_wconf 84' lang='grc' dir='ltr'>ὴ</span> <span class='ocrx_word' id='word_1_559' title='bbox 2933 4262 3178 4332; x_wconf 85' lang='grc' dir='ltr'>ἁμαρτία</span> <span class='ocrx_word' id='word_1_560' title='bbox 3220 4261 3317 4330; x_wconf 81' lang='grc' dir='ltr'><strong>τῆς</strong></span> <span class='ocrx_word' id='word_1_561' title='bbox 3347 4259 3737 4328; x_wconf 81' lang='grc' dir='ltr'>κατακρίσεως</span> 
     </span>
    </p>
   </div>
   <div class='ocr_carea' id='block_1_80' title="bbox 2143 4353 3739 4425">
    <p class='ocr_par' dir='ltr' id='par_1_80' title="bbox 2143 4353 3739 4425">
     <span class='ocr_line' id='line_1_80' title="bbox 2143 4353 3739 4425; baseline -0.004 -14"><span class='ocrx_word' id='word_1_562' title='bbox 2143 4357 2361 4411; x_wconf 88' lang='grc' dir='ltr'>πάντων</span> <span class='ocrx_word' id='word_1_563' title='bbox 2388 4358 2561 4421; x_wconf 86' lang='grc' dir='ltr'>αἰτία,</span> <span class='ocrx_word' id='word_1_564' title='bbox 2596 4356 2690 4408; x_wconf 70' lang='grc' dir='ltr'>καὶ</span> <span class='ocrx_word' id='word_1_565' title='bbox 2711 4356 2810 4424; x_wconf 85' lang='grc' dir='ltr'><strong>τὴν</strong></span> <span class='ocrx_word' id='word_1_566' title='bbox 2841 4355 3056 4422; x_wconf 82' lang='grc' dir='ltr'>ἐκείνης</span> <span class='ocrx_word' id='word_1_567' title='bbox 3082 4355 3237 4425; x_wconf 86' lang='grc' dir='ltr'>δίκην</span> <span class='ocrx_word' id='word_1_568' title='bbox 3258 4357 3306 4407; x_wconf 90' lang='grc' dir='ltr'>οἱ</span> <span class='ocrx_word' id='word_1_569' title='bbox 3330 4353 3564 4422; x_wconf 78' lang='grc' dir='ltr'>καθεξῆς</span> <span class='ocrx_word' id='word_1_570' title='bbox 3593 4354 3739 4406; x_wconf 88' lang='grc' dir='ltr'>πάν-</span> 
     </span>
    </p>
   </div>
   <div class='ocr_carea' id='block_1_81' title="bbox 2141 4447 3740 4517">
    <p class='ocr_par' dir='ltr' id='par_1_81' title="bbox 2141 4447 3740 4517">
     <span class='ocr_line' id='line_1_81' title="bbox 2141 4447 3740 4517; baseline -0.003 -12"><span class='ocrx_word' id='word_1_571' title='bbox 2141 4470 2233 4516; x_wconf 89' lang='grc' dir='ltr'><strong>τες</strong></span> <span class='ocrx_word' id='word_1_572' title='bbox 2280 4449 2552 4514; x_wconf 78' lang='grc' dir='ltr'>ἐξέτισαν.</span> <span class='ocrx_word' id='word_1_573' title='bbox 2599 4447 2665 4499; x_wconf 82' lang='grc' dir='ltr'><strong><em>Ἢ</em></strong></span> <span class='ocrx_word' id='word_1_574' title='bbox 2698 4448 2754 4500; x_wconf 78' lang='grc' dir='ltr'><strong>δὲ</strong></span> <span class='ocrx_word' id='word_1_575' title='bbox 2799 4449 2962 4517; x_wconf 83' lang='grc' dir='ltr'>χάρις</span> <span class='ocrx_word' id='word_1_576' title='bbox 2989 4449 3088 4500; x_wconf 77' lang='grc' dir='ltr'><strong>οὐκ</strong></span> <span class='ocrx_word' id='word_1_577' title='bbox 3114 4447 3333 4516; x_wconf 77' lang='grc' dir='ltr'>ἐκείνην</span> <span class='ocrx_word' id='word_1_578' title='bbox 3368 4447 3559 4517; x_wconf 85' lang='grc' dir='ltr'>μόνην,</span> <span class='ocrx_word' id='word_1_579' title='bbox 3590 4447 3740 4501; x_wconf 72' lang='grc' dir='ltr'>ἀλλὰ</span> 
     </span>
    </p>
   </div>
   <div class='ocr_carea' id='block_1_82' title="bbox 454 4536 2038 4611">
    <p class='ocr_par' dir='ltr' id='par_1_82' title="bbox 454 4536 2031 4608">
     <span class='ocr_line' id='line_1_82' title="bbox 454 4536 2031 4608; baseline -0.001 -16"><span class='ocrx_word' id='word_1_580' title='bbox 454 4557 640 4596; x_wconf 87' lang='lat' dir='ltr'><strong>verum</strong></span> <span class='ocrx_word' id='word_1_581' title='bbox 681 4542 847 4596; x_wconf 89' lang='lat' dir='ltr'><strong>etiam</strong></span> <span class='ocrx_word' id='word_1_582' title='bbox 878 4541 1048 4595; x_wconf 89' lang='lat' dir='ltr'><strong>multa</strong></span> <span class='ocrx_word' id='word_1_583' title='bbox 1097 4541 1226 4605; x_wconf 89' lang='lat' dir='ltr'><strong>alia,</strong></span> <span class='ocrx_word' id='word_1_584' title='bbox 1264 4547 1488 4608; x_wconf 88' lang='lat' dir='ltr'><strong>peccato</strong></span> <span class='ocrx_word' id='word_1_585' title='bbox 1511 4536 1604 4590; x_wconf 89' lang='lat' dir='ltr'><strong>illo</strong></span> <span class='ocrx_word' id='word_1_586' title='bbox 1633 4536 1909 4604; x_wconf 78' lang='lat' dir='ltr'><strong>graviora,</strong></span> <span class='ocrx_word' id='word_1_587' title='bbox 1937 4551 2031 4604; x_wconf 89' lang='lat' dir='ltr'><strong>per</strong></span> 
     </span>
    </p>
   </div>
   <div class='ocr_carea' id='block_1_83' title="bbox 2146 4536 3740 4611">
    <p class='ocr_par' dir='ltr' id='par_1_83' title="bbox 2146 4540 3740 4611">
     <span class='ocr_line' id='line_1_83' title="bbox 2146 4540 3740 4611; baseline -0.004 -13"><span class='ocrx_word' id='word_1_588' title='bbox 2146 4548 2232 4599; x_wconf 76' lang='grc' dir='ltr'><strong>καὶ</strong></span> <span class='ocrx_word' id='word_1_589' title='bbox 2265 4543 2464 4605; x_wconf 78' lang='grc' dir='ltr'>πολλὰς</span> <span class='ocrx_word' id='word_1_590' title='bbox 2494 4541 2661 4603; x_wconf 82' lang='grc' dir='ltr'>ἄλλας</span> <span class='ocrx_word' id='word_1_591' title='bbox 2692 4542 2910 4610; x_wconf 78' lang='grc' dir='ltr'>ἐκείνης</span> <span class='ocrx_word' id='word_1_592' title='bbox 2941 4540 3251 4611; x_wconf 84' lang='grc' dir='ltr'>βαρυτέρας</span> <span class='ocrx_word' id='word_1_593' title='bbox 3275 4540 3740 4610; x_wconf 79' lang='grc' dir='ltr'>ὲπιτηδευθείσας</span> 
     </span>
    </p>
   </div>
   <div class='ocr_carea' id='block_1_84' title="bbox 452 4627 2034 4702">
    <p class='ocr_par' dir='ltr' id='par_1_84' title="bbox 452 4627 2034 4702">
     <span class='ocr_line' id='line_1_84' title="bbox 452 4627 2034 4702; baseline -0.004 -16"><span class='ocrx_word' id='word_1_594' title='bbox 452 4645 704 4702; x_wconf 87' lang='lat' dir='ltr'><strong>posteros</strong></span> <span class='ocrx_word' id='word_1_595' title='bbox 735 4645 930 4702; x_wconf 89' lang='lat' dir='ltr'><strong>sponte</strong></span> <span class='ocrx_word' id='word_1_596' title='bbox 960 4631 1271 4698; x_wconf 82' lang='lat' dir='ltr'><strong>excogitata</strong></span> <span class='ocrx_word' id='word_1_597' title='bbox 1320 4637 1377 4682; x_wconf 92' lang='lat' dir='ltr'><strong>et</strong></span> <span class='ocrx_word' id='word_1_598' title='bbox 1414 4628 1728 4690; x_wconf 87' lang='lat' dir='ltr'><strong>commissa,</strong></span> <span class='ocrx_word' id='word_1_599' title='bbox 1775 4627 2034 4693; x_wconf 85' lang='lat' dir='ltr'><strong>abolevit,</strong></span> 
     </span>
    </p>
   </div>
   <div class='ocr_carea' id='block_1_85' title="bbox 455 4717 2035 4790">
    <p class='ocr_par' dir='ltr' id='par_1_85' title="bbox 455 4717 2035 4790">
     <span class='ocr_line' id='line_1_85' title="bbox 455 4717 2035 4790; baseline -0.002 -13"><span class='ocrx_word' id='word_1_600' title='bbox 455 4734 703 4778; x_wconf 87' lang='lat' dir='ltr'><strong>naturam</strong></span> <span class='ocrx_word' id='word_1_601' title='bbox 737 4735 982 4779; x_wconf 88' lang='lat' dir='ltr'><strong>nostram</strong></span> <span class='ocrx_word' id='word_1_602' title='bbox 1019 4737 1050 4775; x_wconf 86' lang='lat' dir='ltr'><strong>a</strong></span> <span class='ocrx_word' id='word_1_603' title='bbox 1095 4721 1252 4787; x_wconf 83' lang='lat' dir='ltr'><strong>lapsu</strong></span> <span class='ocrx_word' id='word_1_604' title='bbox 1293 4717 1509 4787; x_wconf 88' lang='lat' dir='ltr'><strong>penitus</strong></span> <span class='ocrx_word' id='word_1_605' title='bbox 1541 4717 1835 4774; x_wconf 90' lang='lat' dir='ltr'><strong>immunem</strong></span> <span class='ocrx_word' id='word_1_606' title='bbox 1867 4731 1922 4775; x_wconf 90' lang='lat' dir='ltr'><strong>et</strong></span> <span class='ocrx_word' id='word_1_607' title='bbox 1941 4719 2035 4790; x_wconf 81' lang='lat' dir='ltr'><strong>ju-</strong></span> 
     </span>
    </p>
   </div>
   <div class='ocr_carea' id='block_1_86' title="bbox 452 4818 988 4870">
    <p class='ocr_par' dir='ltr' id='par_1_86' title="bbox 452 4818 988 4870">
     <span class='ocr_line' id='line_1_86' title="bbox 452 4818 988 4870; baseline -0.002 -2"><span class='ocrx_word' id='word_1_608' title='bbox 452 4825 591 4868; x_wconf 84' lang='lat' dir='ltr'><strong>stam</strong></span> <span class='ocrx_word' id='word_1_609' title='bbox 632 4818 988 4870; x_wconf 89' lang='lat' dir='ltr'><strong>constituens.</strong></span> 
     </span>
    </p>
   </div>
   <div class='ocr_carea' id='block_1_87' title="bbox 504 4892 1751 4968">
    <p class='ocr_par' dir='ltr' id='par_1_87' title="bbox 504 4892 1751 4968">
     <span class='ocr_line' id='line_1_87' title="bbox 504 4892 1751 4968; baseline 0.002 -10"><span class='ocrx_word' id='word_1_610' title='bbox 504 4905 669 4962; x_wconf 77' lang='lat' dir='ltr'><strong>Vens.</strong></span> <span class='ocrx_word' id='word_1_611' title='bbox 701 4906 794 4959; x_wconf 81' lang='grc'><strong>17.</strong></span> <span class='ocrx_word' id='word_1_612' title='bbox 827 4924 845 4957; x_wconf 78' lang='grc' dir='ltr'><strong>ι</strong></span> <span class='ocrx_word' id='word_1_613' title='bbox 884 4892 941 4959; x_wconf 89' lang='lat' dir='ltr'><strong>Si</strong></span> <span class='ocrx_word' id='word_1_614' title='bbox 973 4903 1118 4957; x_wconf 88' lang='lat' dir='ltr'><strong>enim</strong></span> <span class='ocrx_word' id='word_1_615' title='bbox 1143 4901 1302 4958; x_wconf 90' lang='lat' dir='ltr'><strong>unius</strong></span> <span class='ocrx_word' id='word_1_616' title='bbox 1322 4903 1540 4968; x_wconf 90' lang='lat' dir='ltr'><strong>delicto,</strong></span> <span class='ocrx_word' id='word_1_617' title='bbox 1579 4923 1598 4956; x_wconf 73' lang='grc' dir='ltr'><strong>ι</strong></span> <span class='ocrx_word' id='word_1_618' title='bbox 1645 4916 1751 4960; x_wconf 90' lang='lat' dir='ltr'><strong>etc.</strong></span> 
     </span>
    </p>
   </div>
   <div class='ocr_carea' id='block_1_88' title="bbox 508 4994 2031 5066">
    <p class='ocr_par' dir='ltr' id='par_1_88' title="bbox 508 4994 2031 5066">
     <span class='ocr_line' id='line_1_88' title="bbox 508 4994 2031 5066; baseline 0.001 -16"><span class='ocrx_word' id='word_1_619' title='bbox 508 4997 802 5066; x_wconf 86' lang='lat' dir='ltr'><strong>Postquam</strong></span> <span class='ocrx_word' id='word_1_620' title='bbox 827 4994 1167 5050; x_wconf 79' lang='lat' dir='ltr'><strong>suﬂicienter</strong></span> <span class='ocrx_word' id='word_1_621' title='bbox 1192 5009 1287 5062; x_wconf 84' lang='lat' dir='ltr'><strong>per</strong></span> <span class='ocrx_word' id='word_1_622' title='bbox 1316 4998 1777 5066; x_wconf 85' lang='lat' dir='ltr'><strong>comparationem</strong></span> <span class='ocrx_word' id='word_1_623' title='bbox 1803 4999 2031 5052; x_wconf 89' lang='lat' dir='ltr'><strong>demon-</strong></span> 
     </span>
    </p>
   </div>
   <div class='ocr_carea' id='block_1_89' title="bbox 453 5087 2030 5160">
    <p class='ocr_par' dir='ltr' id='par_1_89' title="bbox 453 5087 2030 5160">
     <span class='ocr_line' id='line_1_89' title="bbox 453 5087 2030 5160; baseline 0.003 -22"><span class='ocrx_word' id='word_1_624' title='bbox 453 5089 647 5142; x_wconf 85' lang='lat' dir='ltr'><strong>stravit</strong></span> <span class='ocrx_word' id='word_1_625' title='bbox 672 5087 863 5157; x_wconf 78' lang='lat' dir='ltr'><strong>gratia:</strong></span> <span class='ocrx_word' id='word_1_626' title='bbox 906 5087 1301 5154; x_wconf 67' lang='lat' dir='ltr'><strong>praestantiam,</strong></span> <span class='ocrx_word' id='word_1_627' title='bbox 1337 5090 1767 5160; x_wconf 79' lang='lat' dir='ltr'><strong>concluditjam,</strong></span> <span class='ocrx_word' id='word_1_628' title='bbox 1808 5104 1864 5145; x_wconf 87' lang='lat' dir='ltr'><strong>et</strong></span> <span class='ocrx_word' id='word_1_629' title='bbox 1904 5091 2030 5143; x_wconf 89' lang='lat' dir='ltr'><strong>illud</strong></span> 
     </span>
    </p>
   </div>
   <div class='ocr_carea' id='block_1_90' title="bbox 454 5177 2034 5246">
    <p class='ocr_par' dir='ltr' id='par_1_90' title="bbox 454 5177 2034 5246">
     <span class='ocr_line' id='line_1_90' title="bbox 454 5177 2034 5246; baseline 0.003 -16"><span class='ocrx_word' id='word_1_630' title='bbox 454 5178 599 5244; x_wconf 86' lang='lat' dir='ltr'><strong>quod</strong></span> <span class='ocrx_word' id='word_1_631' title='bbox 652 5177 891 5231; x_wconf 75' lang='lat' dir='ltr'><strong>maxime</strong></span> <span class='ocrx_word' id='word_1_632' title='bbox 918 5177 1253 5242; x_wconf 84' lang='lat' dir='ltr'><strong>intendebat,</strong></span> <span class='ocrx_word' id='word_1_633' title='bbox 1310 5182 1532 5246; x_wconf 89' lang='lat' dir='ltr'><strong>astruit,</strong></span> <span class='ocrx_word' id='word_1_634' title='bbox 1557 5183 1784 5237; x_wconf 86' lang='lat' dir='ltr'><strong>dicens:</strong></span> <span class='ocrx_word' id='word_1_635' title='bbox 1821 5182 2034 5236; x_wconf 87' lang='lat' dir='ltr'><strong>Sienim</strong></span> 
     </span>
    </p>
   </div>
   <div class='ocr_carea' id='block_1_91' title="bbox 452 5266 2035 5343">
    <p class='ocr_par' dir='ltr' id='par_1_91' title="bbox 452 5266 2035 5343">
     <span class='ocr_line' id='line_1_91' title="bbox 452 5266 2035 5343; baseline 0.005 -23"><span class='ocrx_word' id='word_1_636' title='bbox 452 5267 609 5321; x_wconf 78' lang='lat' dir='ltr'><strong>unius</strong></span> <span class='ocrx_word' id='word_1_637' title='bbox 655 5266 844 5319; x_wconf 84' lang='lat' dir='ltr'><strong>delicto</strong></span> <span class='ocrx_word' id='word_1_638' title='bbox 891 5282 1033 5322; x_wconf 76' lang='lat' dir='ltr'><strong>mors</strong></span> <span class='ocrx_word' id='word_1_639' title='bbox 1083 5272 1321 5339; x_wconf 74' lang='lat' dir='ltr'><strong>regnavit</strong></span> <span class='ocrx_word' id='word_1_640' title='bbox 1342 5290 1436 5339; x_wconf 85' lang='lat' dir='ltr'><strong>per</strong></span> <span class='ocrx_word' id='word_1_641' title='bbox 1469 5290 1656 5338; x_wconf 85' lang='lat' dir='ltr'><strong>unum,</strong></span> <span class='ocrx_word' id='word_1_642' title='bbox 1688 5284 1743 5327; x_wconf 92' lang='lat' dir='ltr'><strong>et</strong></span> <span class='ocrx_word' id='word_1_643' title='bbox 1782 5290 1902 5343; x_wconf 69' lang='lat' dir='ltr'><strong>qua:</strong></span> <span class='ocrx_word' id='word_1_644' title='bbox 1933 5289 2035 5341; x_wconf 30' lang='lat' dir='ltr'><strong>Ise-</strong></span> 
     </span>
    </p>
   </div>
   <div class='ocr_carea' id='block_1_92' title="bbox 459 5357 2030 5435">
    <p class='ocr_par' dir='ltr' id='par_1_92' title="bbox 459 5357 2030 5435">
     <span class='ocr_line' id='line_1_92' title="bbox 459 5357 2030 5435; baseline 0.006 -27"><span class='ocrx_word' id='word_1_645' title='bbox 459 5367 719 5428; x_wconf 89' lang='lat' dir='ltr'><strong>quuntur.</strong></span> <span class='ocrx_word' id='word_1_646' title='bbox 771 5357 1224 5422; x_wconf 72' lang='lat' dir='ltr'><strong>(Jonjunctionem</strong></span> <span class='ocrx_word' id='word_1_647' title='bbox 1253 5365 1390 5417; x_wconf 68' lang='lat' dir='ltr'><strong>enim</strong></span> <span class='ocrx_word' id='word_1_648' title='bbox 1429 5366 1517 5418; x_wconf 85' lang='lat' dir='ltr'><strong>hic</strong></span> <span class='ocrx_word' id='word_1_649' title='bbox 1555 5377 1781 5434; x_wconf 87' lang='lat' dir='ltr'><strong>usurpat</strong></span> <span class='ocrx_word' id='word_1_650' title='bbox 1820 5367 2030 5435; x_wconf 83' lang='lat' dir='ltr'><strong>proigi-</strong></span> 
     </span>
    </p>
   </div>
   <div class='ocr_carea' id='block_1_93' title="bbox 457 5447 2032 5526">
    <p class='ocr_par' dir='ltr' id='par_1_93' title="bbox 457 5447 2032 5526">
     <span class='ocr_line' id='line_1_93' title="bbox 457 5447 2032 5526; baseline 0.006 -24"><span class='ocrx_word' id='word_1_651' title='bbox 457 5459 568 5503; x_wconf 82' lang='lat' dir='ltr'><strong>tur.</strong></span> <span class='ocrx_word' id='word_1_652' title='bbox 618 5447 677 5502; x_wconf 88' lang='lat' dir='ltr'><strong>Si</strong></span> <span class='ocrx_word' id='word_1_653' title='bbox 727 5449 910 5518; x_wconf 82' lang='lat' dir='ltr'><strong>igitur,</strong></span> <span class='ocrx_word' id='word_1_654' title='bbox 944 5453 1140 5525; x_wconf 90' lang='lat' dir='ltr'><strong>inquit,</strong></span> <span class='ocrx_word' id='word_1_655' title='bbox 1170 5469 1268 5526; x_wconf 86' lang='lat' dir='ltr'><strong>per</strong></span> <span class='ocrx_word' id='word_1_656' title='bbox 1299 5457 1458 5511; x_wconf 81' lang='lat' dir='ltr'><strong>unius</strong></span> <span class='ocrx_word' id='word_1_657' title='bbox 1489 5457 1725 5512; x_wconf 86' lang='lat' dir='ltr'><strong>hominis</strong></span> <span class='ocrx_word' id='word_1_658' title='bbox 1754 5459 2032 5524; x_wconf 88' lang='lat' dir='ltr'><strong>delictum,</strong></span> 
     </span>
    </p>
   </div>
   <div class='ocr_carea' id='block_1_94' title="bbox 452 5539 2032 5618">
    <p class='ocr_par' dir='ltr' id='par_1_94' title="bbox 452 5539 2032 5618">
     <span class='ocr_line' id='line_1_94' title="bbox 452 5539 2032 5618; baseline 0.006 -26"><span class='ocrx_word' id='word_1_659' title='bbox 452 5547 508 5593; x_wconf 87' lang='lat' dir='ltr'><strong>et</strong></span> <span class='ocrx_word' id='word_1_660' title='bbox 533 5553 696 5592; x_wconf 89' lang='lat' dir='ltr'><strong>unum</strong></span> <span class='ocrx_word' id='word_1_661' title='bbox 725 5539 981 5598; x_wconf 87' lang='lat' dir='ltr'><strong>delictum</strong></span> <span class='ocrx_word' id='word_1_662' title='bbox 1026 5548 1274 5616; x_wconf 84' lang='lat' dir='ltr'><strong>regnavit</strong></span> <span class='ocrx_word' id='word_1_663' title='bbox 1325 5562 1494 5614; x_wconf 84' lang='lat' dir='ltr'><strong>mors,</strong></span> <span class='ocrx_word' id='word_1_664' title='bbox 1527 5548 1696 5603; x_wconf 90' lang='lat' dir='ltr'><strong>multo</strong></span> <span class='ocrx_word' id='word_1_665' title='bbox 1729 5547 1901 5618; x_wconf 86' lang='lat' dir='ltr'><strong>magis</strong></span> <span class='ocrx_word' id='word_1_666' title='bbox 1940 5549 2032 5618; x_wconf 92' lang='lat' dir='ltr'><strong>qui</strong></span> 
     </span>
    </p>
   </div>
   <div class='ocr_carea' id='block_1_95' title="bbox 523 5686 942 5765">
    <p class='ocr_par' dir='ltr' id='par_1_95' title="bbox 523 5686 942 5765">
     <span class='ocr_line' id='line_1_95' title="bbox 523 5686 942 5765; baseline 0.014 -17"><span class='ocrx_word' id='word_1_667' title='bbox 523 5686 540 5718; x_wconf 86' lang='grc'>¹</span> <span class='ocrx_word' id='word_1_668' title='bbox 560 5690 688 5765; x_wconf 73' lang='lat' dir='ltr'><strong>ch.</strong></span> <span class='ocrx_word' id='word_1_669' title='bbox 723 5698 786 5751; x_wconf 69' lang='grc' dir='ltr'><strong>ἐν</strong></span> <span class='ocrx_word' id='word_1_670' title='bbox 807 5699 942 5761; x_wconf 89' lang='grc' dir='ltr'>τοῖς.</span> 
     </span>
    </p>
   </div>
   <div class='ocr_carea' id='block_1_96' title="bbox 2141 4632 3741 4702">
    <p class='ocr_par' dir='ltr' id='par_1_96' title="bbox 2141 4632 3741 4702">
     <span class='ocr_line' id='line_1_96' title="bbox 2141 4632 3741 4702; baseline -0.004 -12"><span class='ocrx_word' id='word_1_671' title='bbox 2141 4639 2246 4690; x_wconf 83' lang='grc' dir='ltr'>ὑπὸ</span> <span class='ocrx_word' id='word_1_672' title='bbox 2277 4636 2384 4688; x_wconf 84' lang='grc' dir='ltr'><strong>τῶν</strong></span> <span class='ocrx_word' id='word_1_673' title='bbox 2423 4633 2902 4702; x_wconf 85' lang='grc' dir='ltr'>μεταγενεστέρων</span> <span class='ocrx_word' id='word_1_674' title='bbox 2933 4632 3164 4697; x_wconf 82' lang='grc' dir='ltr'>ἀνεῖλεν,</span> <span class='ocrx_word' id='word_1_675' title='bbox 3195 4634 3495 4687; x_wconf 83' lang='grc' dir='ltr'>ἄπταιστον</span> <span class='ocrx_word' id='word_1_676' title='bbox 3532 4648 3741 4684; x_wconf 82' lang='grc' dir='ltr'>παντε-</span> 
     </span>
    </p>
   </div>
   <div class='ocr_carea' id='block_1_97' title="bbox 2139 4723 3740 4796">
    <p class='ocr_par' dir='ltr' id='par_1_97' title="bbox 2139 4723 3740 4796">
     <span class='ocr_line' id='line_1_97' title="bbox 2139 4723 3740 4796; baseline -0.002 -16"><span class='ocrx_word' id='word_1_677' title='bbox 2139 4729 2247 4790; x_wconf 83' lang='grc' dir='ltr'><strong>λῶς</strong></span> <span class='ocrx_word' id='word_1_678' title='bbox 2267 4727 2360 4780; x_wconf 76' lang='grc' dir='ltr'><strong>καὶ</strong></span> <span class='ocrx_word' id='word_1_679' title='bbox 2393 4724 2611 4778; x_wconf 86' lang='grc' dir='ltr'>δικαίαν</span> <span class='ocrx_word' id='word_1_680' title='bbox 2641 4725 3024 4796; x_wconf 78' lang='grc' dir='ltr'>ἐργασάμενος</span> <span class='ocrx_word' id='word_1_681' title='bbox 3061 4723 3190 4796; x_wconf 86' lang='lat' dir='ltr'><strong>[leg.</strong></span> <span class='ocrx_word' id='word_1_682' title='bbox 3223 4723 3610 4796; x_wconf 78' lang='grc' dir='ltr'>ἐργασαμένη]</span> <span class='ocrx_word' id='word_1_683' title='bbox 3634 4724 3740 4794; x_wconf 73' lang='grc' dir='ltr'>τὴν</span> 
     </span>
    </p>
   </div>
   <div class='ocr_carea' id='block_1_98' title="bbox 2141 4800 2512 4887">
    <p class='ocr_par' dir='ltr' id='par_1_98' title="bbox 2141 4800 2512 4887">
     <span class='ocr_line' id='line_1_98' title="bbox 2141 4800 2512 4887; baseline -0.011 -16"><span class='ocrx_word' id='word_1_684' title='bbox 2141 4817 2304 4887; x_wconf 76' lang='grc' dir='ltr'>φύσιν</span> <span class='ocrx_word' id='word_1_685' title='bbox 2336 4800 2512 4887; x_wconf 79' lang='grc' dir='ltr'>ἡμῶν.</span> 
     </span>
    </p>
   </div>
   <div class='ocr_carea' id='block_1_99' title="bbox 2217 4905 3621 4977">
    <p class='ocr_par' dir='ltr' id='par_1_99' title="bbox 2217 4905 3621 4977">
     <span class='ocr_line' id='line_1_99' title="bbox 2217 4905 3621 4977; baseline 0 -17"><span class='ocrx_word' id='word_1_686' title='bbox 2217 4929 2235 4960; x_wconf 78' lang='grc' dir='ltr'><strong>ι</strong></span> <span class='ocrx_word' id='word_1_687' title='bbox 2270 4911 2329 4961; x_wconf 81' lang='lat' dir='ltr'><strong>Et</strong></span> <span class='ocrx_word' id='word_1_688' title='bbox 2358 4907 2466 4976; x_wconf 83' lang='grc' dir='ltr'>γὰρ</span> <span class='ocrx_word' id='word_1_689' title='bbox 2494 4907 2571 4977; x_wconf 80' lang='grc' dir='ltr'>τῷ</span> <span class='ocrx_word' id='word_1_690' title='bbox 2601 4907 2694 4960; x_wconf 82' lang='grc' dir='ltr'>τοῦ</span> <span class='ocrx_word' id='word_1_691' title='bbox 2727 4907 2845 4970; x_wconf 81' lang='grc' dir='ltr'>ἑνὸς</span> <span class='ocrx_word' id='word_1_692' title='bbox 2877 4905 3311 4976; x_wconf 86' lang='grc' dir='ltr'>παραπτώματι,</span> <span class='ocrx_word' id='word_1_693' title='bbox 3349 4925 3367 4957; x_wconf 74' lang='grc' dir='ltr'><strong>ι</strong></span> <span class='ocrx_word' id='word_1_694' title='bbox 3404 4925 3456 4962; x_wconf 93' lang='grc' dir='ltr'><strong>κ.</strong></span> <span class='ocrx_word' id='word_1_695' title='bbox 3481 4925 3531 4961; x_wconf 89' lang='grc' dir='ltr'>τ.</span> <span class='ocrx_word' id='word_1_696' title='bbox 3567 4908 3621 4960; x_wconf 92' lang='grc' dir='ltr'><strong>λ.</strong></span> 
     </span>
    </p>
   </div>
   <div class='ocr_carea' id='block_1_100' title="bbox 2225 4997 3738 5071">
    <p class='ocr_par' dir='ltr' id='par_1_100' title="bbox 2225 4997 3738 5071">
     <span class='ocr_line' id='line_1_100' title="bbox 2225 4997 3738 5071; baseline 0.001 -19"><span class='ocrx_word' id='word_1_697' title='bbox 2225 5000 2538 5065; x_wconf 82' lang='grc' dir='ltr'>Ἀποδείξας</span> <span class='ocrx_word' id='word_1_698' title='bbox 2591 4998 2881 5068; x_wconf 84' lang='grc' dir='ltr'>αὐτάρκως</span> <span class='ocrx_word' id='word_1_699' title='bbox 2927 4999 2990 5050; x_wconf 84' lang='grc' dir='ltr'>τὸ</span> <span class='ocrx_word' id='word_1_700' title='bbox 3046 4997 3300 5068; x_wconf 81' lang='grc' dir='ltr'>περιττὸν</span> <span class='ocrx_word' id='word_1_701' title='bbox 3345 4999 3445 5070; x_wconf 82' lang='grc' dir='ltr'>τῆς</span> <span class='ocrx_word' id='word_1_702' title='bbox 3505 5001 3738 5071; x_wconf 85' lang='grc' dir='ltr'>χάριτος</span> 
     </span>
    </p>
   </div>
   <div class='ocr_carea' id='block_1_101' title="bbox 2142 5089 3736 5162">
    <p class='ocr_par' dir='ltr' id='par_1_101' title="bbox 2142 5089 3736 5162">
     <span class='ocr_line' id='line_1_101' title="bbox 2142 5089 3736 5162; baseline -0.001 -15"><span class='ocrx_word' id='word_1_703' title='bbox 2142 5093 2286 5147; x_wconf 82' lang='grc' dir='ltr'>κατὰ</span> <span class='ocrx_word' id='word_1_704' title='bbox 2311 5092 2622 5162; x_wconf 80' lang='grc' dir='ltr'>σύγκρισιν,</span> <span class='ocrx_word' id='word_1_705' title='bbox 2663 5089 3138 5158; x_wconf 77' lang='grc' dir='ltr'>ἐπισυλλογίζεται</span> <span class='ocrx_word' id='word_1_706' title='bbox 3190 5091 3377 5144; x_wconf 73' lang='grc' dir='ltr'>λοιπὸν</span> <span class='ocrx_word' id='word_1_707' title='bbox 3428 5093 3521 5145; x_wconf 59' lang='grc' dir='ltr'><strong>καὶ⁵</strong></span> <span class='ocrx_word' id='word_1_708' title='bbox 3553 5111 3736 5146; x_wconf 73' lang='grc' dir='ltr'>καταο</span> 
     </span>
    </p>
   </div>
   <div class='ocr_carea' id='block_1_102' title="bbox 2139 5180 3739 5252">
    <p class='ocr_par' dir='ltr' id='par_1_102' title="bbox 2139 5180 3739 5252">
     <span class='ocr_line' id='line_1_102' title="bbox 2139 5180 3739 5252; baseline 0.002 -17"><span class='ocrx_word' id='word_1_709' title='bbox 2139 5183 2396 5246; x_wconf 75' lang='grc' dir='ltr'>σκευάζει</span> <span class='ocrx_word' id='word_1_710' title='bbox 2419 5183 2480 5234; x_wconf 83' lang='grc' dir='ltr'>τὸ</span> <span class='ocrx_word' id='word_1_711' title='bbox 2503 5180 2964 5250; x_wconf 76' lang='grc' dir='ltr'>σπουδαζόμενον,</span> <span class='ocrx_word' id='word_1_712' title='bbox 2981 5183 3274 5252; x_wconf 87' lang='grc' dir='ltr'>καίφησιν·</span> <span class='ocrx_word' id='word_1_713' title='bbox 3300 5185 3370 5236; x_wconf 80' lang='lat' dir='ltr'><strong>El</strong></span> <span class='ocrx_word' id='word_1_714' title='bbox 3389 5185 3496 5252; x_wconf 77' lang='grc' dir='ltr'>γὰρ</span> <span class='ocrx_word' id='word_1_715' title='bbox 3520 5183 3600 5250; x_wconf 83' lang='grc' dir='ltr'>τῷ</span> <span class='ocrx_word' id='word_1_716' title='bbox 3624 5185 3739 5238; x_wconf 84' lang='grc' dir='ltr'>τοῦ</span> 
     </span>
    </p>
   </div>
   <div class='ocr_carea' id='block_1_103' title="bbox 2137 5273 3740 5342">
    <p class='ocr_par' dir='ltr' id='par_1_103' title="bbox 2137 5273 3740 5342">
     <span class='ocr_line' id='line_1_103' title="bbox 2137 5273 3740 5342; baseline 0.002 -14"><span class='ocrx_word' id='word_1_717' title='bbox 2137 5275 2276 5340; x_wconf 79' lang='grc' dir='ltr'>ἐνὸς</span> <span class='ocrx_word' id='word_1_718' title='bbox 2303 5274 2731 5342; x_wconf 77' lang='grc' dir='ltr'>παραπτώματι</span> <span class='ocrx_word' id='word_1_719' title='bbox 2764 5277 2796 5327; x_wconf 85' lang='grc' dir='ltr'><em>ὁ</em></span> <span class='ocrx_word' id='word_1_720' title='bbox 2825 5273 3081 5341; x_wconf 83' lang='grc' dir='ltr'>θάνατος</span> <span class='ocrx_word' id='word_1_721' title='bbox 3105 5275 3474 5330; x_wconf 78' lang='grc' dir='ltr'>ἐϐασίλευσε</span> <span class='ocrx_word' id='word_1_722' title='bbox 3497 5276 3589 5329; x_wconf 71' lang='grc' dir='ltr'>διὸ</span> <span class='ocrx_word' id='word_1_723' title='bbox 3622 5277 3740 5331; x_wconf 87' lang='grc' dir='ltr'>τοῦ</span> 
     </span>
    </p>
   </div>
   <div class='ocr_carea' id='block_1_104' title="bbox 2137 5364 3740 5438">
    <p class='ocr_par' dir='ltr' id='par_1_104' title="bbox 2137 5364 3740 5438">
     <span class='ocr_line' id='line_1_104' title="bbox 2137 5364 3740 5438; baseline 0.002 -19"><span class='ocrx_word' id='word_1_724' title='bbox 2137 5367 2297 5432; x_wconf 78' lang='grc' dir='ltr'>ἐνὸς,</span> <span class='ocrx_word' id='word_1_725' title='bbox 2329 5366 2426 5419; x_wconf 75' lang='grc' dir='ltr'><strong>καὶ</strong></span> <span class='ocrx_word' id='word_1_726' title='bbox 2453 5367 2521 5418; x_wconf 87' lang='grc' dir='ltr'><strong>τά</strong></span> <span class='ocrx_word' id='word_1_727' title='bbox 2561 5365 2708 5436; x_wconf 74' lang='grc' dir='ltr'>ἑξῆς.</span> <span class='ocrx_word' id='word_1_728' title='bbox 2741 5364 2832 5436; x_wconf 83' lang='grc' dir='ltr'>Τῷ</span> <span class='ocrx_word' id='word_1_729' title='bbox 2866 5365 2975 5436; x_wconf 64' lang='grc' dir='ltr'><strong>γὰρ</strong></span> <span class='ocrx_word' id='word_1_730' title='bbox 3011 5366 3321 5438; x_wconf 81' lang='grc' dir='ltr'>συνδέσμῳ,</span> <span class='ocrx_word' id='word_1_731' title='bbox 3363 5366 3458 5420; x_wconf 80' lang='grc' dir='ltr'>νῦν</span> <span class='ocrx_word' id='word_1_732' title='bbox 3486 5369 3608 5421; x_wconf 85' lang='grc' dir='ltr'>ἀντὶ</span> <span class='ocrx_word' id='word_1_733' title='bbox 3633 5369 3740 5422; x_wconf 78' lang='grc' dir='ltr'>τοῦ</span> 
     </span>
    </p>
   </div>
   <div class='ocr_carea' id='block_1_105' title="bbox 2137 5457 3742 5530">
    <p class='ocr_par' dir='ltr' id='par_1_105' title="bbox 2137 5457 3742 5530">
     <span class='ocr_line' id='line_1_105' title="bbox 2137 5457 3742 5530; baseline 0.003 -22"><span class='ocrx_word' id='word_1_734' title='bbox 2137 5459 2348 5511; x_wconf 82' lang='grc' dir='ltr'>τοίνυν</span> <span class='ocrx_word' id='word_1_735' title='bbox 2379 5458 2676 5527; x_wconf 78' lang='grc' dir='ltr'>ἐχρήσατο.</span> <span class='ocrx_word' id='word_1_736' title='bbox 2705 5458 2772 5510; x_wconf 79' lang='lat' dir='ltr'><strong>Et</strong></span> <span class='ocrx_word' id='word_1_737' title='bbox 2806 5457 3040 5522; x_wconf 83' lang='grc' dir='ltr'>τοίνυν,</span> <span class='ocrx_word' id='word_1_738' title='bbox 3072 5461 3207 5527; x_wconf 76' lang='grc' dir='ltr'>φησὶ</span> <span class='ocrx_word' id='word_1_739' title='bbox 3238 5458 3334 5510; x_wconf 69' lang='grc' dir='ltr'><strong>καὶ</strong></span> <span class='ocrx_word' id='word_1_740' title='bbox 3365 5458 3480 5522; x_wconf 75' lang='grc' dir='ltr'>ἑνὸς</span> <span class='ocrx_word' id='word_1_741' title='bbox 3513 5459 3742 5530; x_wconf 77' lang='grc' dir='ltr'>ἀνθρώ-</span> 
     </span>
    </p>
   </div>
   <div class='ocr_carea' id='block_1_106' title="bbox 2139 5549 3738 5624">
    <p class='ocr_par' dir='ltr' id='par_1_106' title="bbox 2139 5549 3738 5624">
     <span class='ocr_line' id='line_1_106' title="bbox 2139 5549 3738 5624; baseline 0.004 -22"><span class='ocrx_word' id='word_1_742' title='bbox 2139 5567 2243 5603; x_wconf 86' lang='grc' dir='ltr'><strong>που</strong></span> <span class='ocrx_word' id='word_1_743' title='bbox 2270 5549 2687 5621; x_wconf 86' lang='grc' dir='ltr'>παραπτώματι</span> <span class='ocrx_word' id='word_1_744' title='bbox 2712 5552 2805 5604; x_wconf 79' lang='grc' dir='ltr'><strong>καὶ</strong></span> <span class='ocrx_word' id='word_1_745' title='bbox 2836 5551 2904 5604; x_wconf 86' lang='grc' dir='ltr'>δι’</span> <span class='ocrx_word' id='word_1_746' title='bbox 2935 5551 3054 5616; x_wconf 80' lang='grc' dir='ltr'>ἑνὸς</span> <span class='ocrx_word' id='word_1_747' title='bbox 3085 5550 3535 5624; x_wconf 76' lang='grc' dir='ltr'>παραπτώματος</span> <span class='ocrx_word' id='word_1_748' title='bbox 3567 5552 3596 5604; x_wconf 82' lang='grc' dir='ltr'>ὁ</span> <span class='ocrx_word' id='word_1_749' title='bbox 3630 5552 3738 5610; x_wconf 56' lang='grc' dir='ltr'><strong>θα-</strong></span> 
     </span>
    </p>
   </div>
  </div>
