4064 6406
371 379 505 442 ιιπτι

1395 369 1857 431 FRAGMENTA
1892 367 1972 427 ΙΝ
2013 367 2253 427 EPIST-
2296 368 2396 426 AD
2437 366 2619 426 ROM.

3515 359 3651 424 1674

364 505 525 551 νατος
574 484 947 547 ἐϐασίλευσεν,
1006 484 1111 555 ἄρα
1160 476 1254 535 οὖν
1306 479 1489 551 πολλῷ
1539 477 1741 549 μᾶλλον
1791 477 1840 536 pi
1898 474 1958 526 τὸ

2083 473 2453 529 thundantiam
2490 473 2676 543 gratiae
2702 471 2756 525 iu
2779 486 2884 526 uno
2910 470 3129 526 Christo
3161 481 3503 541 receperunt,
3535 477 3648 526 s'c-

366 581 532 636 πλέον
564 582 663 650 τῆς
703 582 782 644 εἰς
822 576 1172 647 δικαιοσύνην
1221 575 1445 645 χάριτος
1492 574 1550 625 ὲν
1581 568 1661 641 τῷ
1696 569 1777 622 ἐνὶ
1817 568 1955 635 Χρι-

352 664 480 746 Δστῴ
510 674 887 744 κομιζόμενοι,
923 667 1104 730 καθὼς
1152 666 1556 728 ἀποδέδεικται,
1606 660 1956 734 βασιλεύσου-

369 785 452 821 σιν
480 769 538 820 ὲν
571 765 829 835 ἀθανάτῳ
861 763 974 833 ζωῇ
1010 762 1109 833 (1).

443 876 464 910 ‹
504 857 621 909 Ἵνα
657 854 845 925 ὥσπερ
894 851 1247 906 ἐϐασίλευσεν
1295 850 1328 919 ἡ
1367 847 1611 918 ἁμαρτία
1665 844 1722 897 ἐν
1755 841 1831 913 τῷ
1866 841 1960 894 θα-

368 950 534 1018 νάτῳ.
583 967 603 1001 ι

442 1040 606 1092 Ὥστε
631 1037 798 1109 φησὶν
824 1037 1223 1110 ἀναντίρρητον
1242 1036 1346 1101 ὅτι,
1368 1033 1622 1102 καθάπερ
1653 1031 1687 1100 ἡ
1716 1029 1959 1100 ἁμαρτία

366 1133 468 1203 τὴν
507 1132 707 1201 ἑαυτῆς
744 1132 802 1184 ἐν
836 1129 915 1200 τῷ
961 1128 1178 1199 θανάτῳ
1213 1128 1307 1181 καὶ
1338 1124 1428 1180 διὰ
1467 1123 1563 1177 τοῦ
1610 1121 1845 1175 θανάτου
1870 1119 1963 1172 δυ-

368 1224 623 1277 ναστείαν
670 1221 993 1293 ὲκράτυνεν,
1026 1220 1168 1274 οὕτω
1199 1223 1296 1274 καὶ
1339 1219 1372 1290 ή
1406 1218 1569 1290 χάρις
1597 1216 1696 1287 τὴν
1742 1215 1800 1266 ἐν
1828 1214 1964 1284 Χρι-

372 1317 487 1389 στῷ
534 1319 649 1380 τοῖς
698 1317 833 1369 πᾶσι
887 1313 1242 1385 παρεχομένη
1291 1313 1597 1376 δικαίωσιν,
1634 1310 1694 1362 ὲν
1738 1305 1963 1360 ἀτελευ-

368 1413 519 1483 τήτῳ
550 1409 663 1481 ζωῇ
689 1408 789 1481 τὴν
818 1406 1103 1479 βασιλείαν
1135 1407 1421 1479 ἀδιάδοχον
1455 1405 1589 1473 ἔξει.

980 1499 1236 1554 ΚΕΦΑΛ.
1267 1498 1359 1567 ς’.

452 1612 470 1644 ι
535 1591 601 1645 Τί
648 1587 742 1647 οὖν
832 1589 1109 1664 ὲροῦμεν;
1176 1588 1583 1661 Ἐπιμενοῦμεν
1641 1591 1708 1660 τῇ
1782 1589 1965 1660 ἀμαρ-

368 1687 481 1758 τῖα,
517 1704 536 1736 ι
569 1703 621 1739 κ.
653 1702 703 1740 τ.
735 1685 786 1739 λ.

444 1779 525 1831 Τά
549 1778 895 1849 προλαϐόντα
921 1778 1162 1851 εἰρηκὼς
1189 1777 1285 1831 ὲπὶ
1312 1776 1571 1830 συστάσει
1593 1774 1689 1828 τοῦ
1714 1774 1839 1846 περὶ
1866 1773 1966 1844 τῆς

373 1870 516 1924 κατὰ
564 1871 801 1943 Χριστὸν
848 1872 1074 1944 χάριτος
1111 1870 1296 1939 λόγου,
1354 1869 1596 1924 συνεῖδεν
1647 1871 1711 1921 ὲκ
1755 1867 1964 1921 τούτων

372 1966 521 2038 αὐτῷ
567 1968 898 2039 τικτομένην
946 1967 1257 2022 ἀντίθεσιν·
1296 1965 1393 2021 καὶ
1434 1966 1644 2036 ταύτην
1696 1962 1961 2027 ἀντιθεὶς,

373 2061 450 2124 ὡς
491 2060 600 2114 ἀπὸ
639 2060 734 2114 τοῦ
763 2061 1006 2139 ἐναντίου
1050 2061 1149 2133 τήν
1187 2059 1340 2114 λύσιν
1386 2058 1555 2129 αὐτῆς
1601 2057 1965 2129 ἰσχυροτάτην

374 2150 694 2222 ἐργάζεται,
741 2152 835 2206 καί
879 2170 1045 2225 φησιν
1075 2169 1087 2181 ·
1126 2152 1186 2207 Τί
1238 2146 1353 2206 οὖν
1396 2151 1682 2221 ἐροῦμεν;
1726 2149 1965 2220 Ἐπιμε-

374 2243 601 2314 νοῦμεν
638 2243 715 2314 τῇ
749 2246 1028 2316 ἁμαρτίᾳ,
1058 2246 1161 2299 ἵνα
1193 2246 1232 2314 ἡ
1267 2242 1440 2315 χάρις
1476 2242 1835 2310 πλεονάσῃ;
1865 2239 1964 2309 Μὴ

374 2335 607 2405 γένοιτο
624 2337 644 2390 .'
667 2332 819 2406 τΑρα
847 2332 961 2404 οὖν,
1002 2337 1191 2406 φησιν,
1227 2335 1292 2390 ἐκ
1312 2352 1375 2404 γε
1403 2329 1478 2388 ὧν
1507 2334 1666 2404 ἔφην,
1694 2332 1770 2397 ὡς
1804 2330 1966 2397 ἐπεξ-

374 2430 726 2501 αμαρτητέον
781 2431 933 2501 ἡμῖν,
979 2431 1074 2482 καὶ
1125 2427 1302 2501 ταύτῃ
1362 2428 1461 2498 τὴν
1503 2428 1666 2497 χάριν
1711 2425 1968 2495 ποιητέον

376 2522 604 2577 πλείονά
628 2540 687 2576 τε
710 2524 804 2577 καὶ
837 2522 1090 2594 μείζονας
1123 2521 1281 2595 εἴπερ
1310 2519 1402 2574 οὖν
1435 2521 1573 2591 πρὸς
1602 2519 1663 2573 τὸ
1695 2517 1804 2572 τῶν
1833 2518 1970 2589 ἠμε-

375 2616 554 2689 τέρων
592 2616 798 2687 πλῆθος
836 2615 1258 2687 ἁμαρτημάτων
1294 2614 1391 2668 καὶ
1422 2615 1456 2685 ἡ
1498 2613 1705 2683 ταύτης
1745 2610 1970 2678 αὔξεται

379 2708 581 2776 φύσις;
616 2706 830 2778 (Ἔοικε
878 2707 937 2760 δὲ
989 2706 1230 2777 μάλιστα
1265 2704 1443 2769 τοῦτο,
1478 2703 1555 2774 τῷ
1600 2702 1759 2757 Φασί
1808 2719 1972 2767 τινες

378 2797 539 2869 ἡμᾶς
574 2799 797 2867 λέγειν,
846 2797 1199 2866 Ποιήσωμεν
1237 2796 1309 2850 τὰ
1362 2797 1540 2863 κακὰ,
1578 2795 1679 2849 ἵνα
1726 2792 1874 2865 ἔλθῃ
1900 2794 1973 2850 τὰ

379 2888 618 2959 ἀγαθά.)
646 2888 744 2955 Μὴ
772 2887 1003 2957 γένοιτο
1023 2888 1043 2939 !
1070 2888 1226 2957 φησί.
1252 2888 1403 2952 Τέως
1423 2887 1498 2951 ὡς
1522 2886 1737 2941 ἀνόσιον
1759 2887 1822 2960 [ἲ.
1847 2888 1974 2944 ἀνά-

382 2979 519 3052 ξιον]
570 2980 775 3044 παντὸς
821 2978 1086 3050 λογισμοῦ
1121 2978 1213 3033 τὸν
1257 2978 1415 3048 λόγον
1467 2978 1783 3050 ἀπηύξατο·
1832 2980 1973 3051 μετά

379 3072 542 3127 τοῦτο
569 3072 626 3126 δὲ
652 3073 754 3145 ήδη
787 3072 882 3126 καὶ
908 3072 1193 3142 λογισμοῖς
1219 3071 1650 3142 ἀναμφιλέκτοις
1676 3074 1697 3104 ³
1726 3072 1826 3145 τὴν
1851 3076 1975 3127 ἀτο-

382 3165 514 3218 πίαν
545 3163 712 3217 αὐτοῦ
748 3163 1039 3234 διελέγχει,
1078 3163 1171 3217 καί
1197 3181 1363 3234 φησιν
1383 3182 1397 3195 ο
1423 3164 1653 3232 Οἵτινες
1678 3163 1975 3220 ἀπεθάνο-

374 3271 494 3324 μεν
524 3253 597 3323 τῇ
616 3254 896 3325 ἁμαρτίᾳ,
927 3253 1055 3320 πῶς
1072 3255 1160 3310 ἔτι
1198 3253 1458 3326 ζήσομεν
1482 3256 1552 3310 ὲν
1579 3255 1736 3327 αὐτῇ
1751 3274 1771 3324 ;
1805 3256 1978 3312 Τοῦτο

385 3345 576 3412 λέγειν
608 3345 695 3411 ἂν,
727 3348 914 3416 φησιν.
942 3347 1119 3417 ἔχοιεν
1146 3347 1197 3400 οἱ
1229 3349 1488 3417 σαρκικοί
1516 3366 1575 3403 τε
1607 3351 1701 3403 καὶ
1723 3349 1974 3407 ἄπιστοι·

383 3438 534 3506 ἡμᾶς
568 3438 753 3508 μέντοι
792 3436 902 3492 τῶν
938 3439 1289 3493 παντάπασιν
1319 3441 1602 3495 ἀδυνάτων
1637 3443 1790 3496 ἐστὶν
1815 3439 1977 3508 αὖθις

384 3528 689 3584 ἀναϐιῶναι
715 3533 779 3601 τῇ
805 3531 1055 3603 ἁμαρτίᾳ
1078 3533 1204 3594 τοὺς
1235 3531 1384 3598 ἅπαξ
1407 3533 1784 3598 ἀποθανόντας
1809 3537 1973 3607 αὐτῇ.

461 3641 480 3673 ί
525 3623 596 3675 Ἢ
630 3623 877 3690 ἀγνοεῖτε
903 3624 986 3676 ὅτι
1028 3625 1142 3677 ὅσοι
1169 3622 1589 3696 ἐϐαπτίσθημεν
1624 3629 1705 3691 είς
1734 3629 1975 3699 Χριστὸν

394 3714 627 3785 Ἰησοῦν,
664 3735 682 3767 ι
714 3733 768 3769 κ.
810 3733 863 3770 τ.
898 3715 948 3771 λ.

458 3813 604 3865 Ἴστε
634 3810 793 3865 τοῦτο
825 3811 1069 3876 πάντως,
1094 3812 1281 3883 φησιν,
1310 3812 1387 3877 ὼς
1414 3812 1476 3866 τὸ
1506 3813 1747 3885 Χριστοῦ
1784 3815 1976 3887 βάπτι-

382 3920 499 3974 σμα
538 3901 711 3983 τύπον
738 3901 884 3972 ἔχειν
925 3903 1114 3968 αὐτοῦ,
1144 3902 1239 3958 τοῦ
1270 3920 1335 3957 τε
1376 3904 1612 3960 θανάτου
1646 3907 1828 3978 φαμὲν
1881 3911 1975 3963 καὶ

379 3994 484 4063 τῆς
527 3993 904 4060 ἀναστάσεως.
934 3994 997 4048 Οἱ
1032 3995 1213 4049 τοίνυν
1246 3995 1406 4051 τοῦτο
1444 3996 1627 4051 πίστει
1663 3997 1970 4070 δεξάμενοι,

378 4083 651 4155 πρόδηλον
685 4083 761 4147 ὼς
793 4085 886 4138 ἐπὶ
926 4088 1048 4150 ταῖς
1072 4086 1287 4140 ἐλπίσιν
1323 4088 1459 4142 αὐτὸ
1485 4089 1714 4155 ταύταις
1743 4091 1973 4163 εἰλήφα-

381 4194 506 4249 μεν,
534 4176 623 4231 ἵνα
647 4175 836 4249 ὥσπερ
853 4177 1065 4251 ἠγέρθη
1095 4180 1330 4250 Χριστὸς
1358 4183 1423 4235 ἐκ
1451 4182 1665 4255 νεκρῶν
1686 4186 1766 4247 είς
1793 4183 1973 4239 υἱοθε-

382 4269 506 4325 σίαν
526 4269 773 4337 ἐπίδοξον
795 4286 808 4299 ·
837 4268 999 4325 τοῦτο
1025 4270 1135 4345 γὰρ
1174 4273 1324 4343 λέγει
1357 4275 1460 4330 Διά
1498 4274 1606 4345 τῆς
1635 4276 1823 4344 δόξης
1865 4276 1974 4333 τοῦ

382 4362 636 4430 Πατρός,
670 4360 816 4417 οὕτω
847 4363 941 4416 καὶ
972 4365 1134 4435 ἡμεῖς
1173 4366 1267 4419 τοῦ
1309 4366 1543 4423 θανάτου
1569 4372 1972 4436 κεκοινωνηκό-

382 4470 472 4517 τες
504 4452 654 4525 αὐτῷ
697 4453 787 4507 διὰ
826 4452 922 4508 τοῦ
956 4456 1352 4529 βαπτίσματος,
1399 4461 1649 4515 κοινωνοὶ
1689 4457 1833 4533 ἦμεν
1871 4463 1971 4533 τῆς

2066 574 2123 617 ιιι
2183 564 2615 619 demonstratum
2653 570 2757 628 est,
2793 562 3098 633 regnabant
3132 563 3184 615 iu
3215 572 3417 617 aeterna
3456 563 3586 615 vita.

2121 852 2288 907 Vsus.
2324 852 2445 907 ει.
2485 870 2505 902 ι
2557 850 2631 907 Ut
2701 851 2843 905 sicut
2913 849 3172 920 reguavit‘
3225 859 3505 920 peccatum
3556 864 3652 919 per

2063 956 2315 1001 mortem.
2353 965 2372 996 ι

2121 1039 2276 1095 Unde
2306 1038 2683 1109 proculdubio
2730 1037 3076 1092 manifestum
3130 1045 3215 1091 est
3257 1037 3424 1106 quod,
3462 1051 3653 1104 quent-

2064 1155 2093 1190 a
2119 1138 2365 1190 lmodum
2429 1144 2715 1207 peccatum
2767 1136 2821 1190 in
2858 1144 3036 1189 morte
3079 1144 3134 1188 et
3165 1149 3260 1205 per
3291 1144 3519 1187 mortem
3555 1148 3653 1200 po-

2069 1229 2294 1283 tentiam
2332 1243 2485 1282 Suam
2516 1227 2884 1295 continuavit,
2912 1229 2988 1282 ita
3014 1239 3070 1283 et
3094 1227 3290 1297 gratia,
3322 1225 3577 1279 omnibus
3602 1227 3654 1277 in

2068 1318 2285 1374 Christo
2310 1318 2755 1387 justiticationem
2776 1319 3037 1391 largiens,
3077 1335 3303 1391 regnum
3337 1318 3655 1373 iudeﬁciens

2071 1412 2125 1466 in
2166 1424 2369 1467 αξιοι-ιιι]
2399 1413 2505 1468 vita
2537 1414 2829 1468 obtinebit.

2126 1591 2291 1648 Vsus.
2328 1592 2379 1647 1.
2430 1611 2448 1644 ε
2500 1591 2639 1658 Quid
2685 1501 3155 1661 etiipditilmus?
3213 1589 3661 1644 Permanehimus

2075 1686 2126 1739 in
2154 1693 2401 1754 peccato,
2452 1703 2471 1735 ι
2499 1697 2607 1740 etc.

2151 1779 2279 1844 Qua:
2313 1777 2653 1847 prwcedunt,
2711 1774 2969 1845 pra‘l‘atus
2996 1785 3054 1829 ut
3079 1774 3387 1829 doctrinam
3413 1772 3478 1825 de
3504 1769 3664 1825 Chri-

2071 1871 2135 1926 sti
2169 1870 2342 1940 gratia
2370 1880 2664 1933 astrueret,
2694 1870 2869 1926 sensit
2892 1884 3080 1925 ansam
3104 1866 3395 1936 objectioui
3451 1866 3659 1925 datam,

2068 1981 2229 2034 quam
2256 1965 2369 2034 ipse
2397 1964 2496 2019 sibi
2534 1979 2836 2034 opponens,
2870 1964 2985 2030 ejus
3018 1961 3402 2016 validiSsimam
3432 1958 3661 2011 solutio-

2070 2070 2191 2109 nem
2217 2056 2374 2125 quasi
2411 2070 2477 2110 ex
2533 2070 2764 2124 persona
2821 2051 3250 2107 contradicentis
3299 2049 3541 2113 adducit,
3576 2046 3660 2098 di-

2069 2164 2202 2205 cens
2223 2168 2237 2203 :
2258 2150 2401 2216 Quid
2434 2165 2557 2220 ergo
2576 2148 2850 2203 dicemus?
2876 2144 3308 2200 Permanebimus
3343 2143 3399 2196 in
3421 2149 3656 2211 peccato,

2071 2252 2129 2297 ut
2155 2244 2327 2313 gratia
2363 2241 2629 2295 abundet?
2660 2239 2807 2294 Absit
2834 2239 2856 2293 .'
2893 2238 3054 2304 Num,
3077 2237 3277 2307 inquit,
3308 2250 3373 2289 ex
3402 2234 3486 2288 his
3536 2246 3661 2302 quas

2071 2352 2100 2390 a
2131 2352 2215 2389 me
2243 2335 2385 2389 dicta
2409 2344 2535 2392 sunt
2561 2333 2680 2389 erui
2702 2342 2876 2401 potest
2903 2333 3048 2403 quod
3099 2329 3257 2385 nobis
3282 2339 3505 2398 peccata
3533 2339 3659 2395 pec-

2072 2429 2209 2482 catis
2271 2428 2472 2483 addere
2546 2427 2742 2493 liceat,
2807 2442 2914 2496 quo
2959 2425 3212 2480 videlicet
3273 2422 3444 2491 major
3486 2423 3661 2475 abun-

2073 2520 2397 2588 dantiorque
2443 2518 2619 2590 gratia
2671 2519 2891 2583 evadat,
2937 2517 3203 2587 siquidem
3234 2516 3320 2569 illa
3356 2512 3659 2570 secundum

2075 2611 2478 2666 multitudinem
2512 2611 2838 2666 delictorum
2889 2619 3200 2664 nostrorum
3244 2602 3659 2676 amplificatur?

2076 2703 2213 2778 (Hoc
2237 2714 2418 2760 autem
2454 2704 2569 2761 fere
2605 2705 2748 2760 idem
2779 2715 2864 2760 est
2893 2714 3055 2773 atque
3078 2702 3207 2757 illud
3235 2700 3425 2756 :Aiunt
3445 2700 3661 2769 quidam

2074 2815 2168 2855 nos
2190 2798 2384 2865 dicere,
2418 2795 2709 2853 Faciamus
2726 2798 2871 2851 mala
2906 2807 2963 2851 ut
3002 2796 3211 2851 veniant
3240 2794 3424 2863 bona.)
3464 2792 3609 2846 Absit
3639 2788 3665 2846 Ι

2078 2894 2281 2966 inquit.
2318 2891 2563 2948 Primum
2618 2892 2835 2947 scilicet
2889 2891 3053 2946 talem
3093 2890 3445 2954 sententiam,
3500 2887 3664 2956 quasi

2075 2989 2223 3046 omni
2258 2987 2604 3043 discussione
2645 2985 2865 3054 indigna
2910 2985 3004 3049 sit,
3048 2984 3414 3053 deprecatur;
3467 2981 3666 3036 deinde

2075 3082 2425 3155 probationes
2471 3081 2635 3135 etiam
2678 3078 3008 3134 indubitatas
3045 3077 3285 3138 adducit,
3311 3076 3509 3144 quibus
3559 3074 3661 3128 ah-

2080 3178 2406 3233 surditatem
2440 3175 2560 3244 ejus
2589 3181 2804 3244 arguat,
2827 3173 3016 3228 dicens
3052 3190 3065 3225 :
3119 3169 3225 3236 Qui
3274 3171 3414 3224 enim
3465 3168 3666 3222 mortui

2082 3286 2263 3328 sumus
2280 3280 2514 3339 peccato,
2538 3266 2799 3339 quomodo
2830 3263 3006 3318 adhuc
3027 3264 3253 3318 vivemus
3285 3264 3338 3315 in
3359 3260 3449 3315 illo
3476 3261 3500 3314 ?
3532 3258 3665 3323 Hoc,

2083 3365 2282 3436 inquit,
2316 3363 2499 3418 dicere
2526 3360 2777 3416 carnales
2830 3358 3014 3413 forsan
3059 3356 3414 3436 inlidelesque
3461 3371 3668 3426 pra-su-

2082 3455 2398 3513 mentzsed
2462 3468 2650 3510 revera
2704 3451 2929 3507 omnino
2994 3434 3333 3520 impossibile
3382 3457 3487 3513 est,
3548 3462 3668 3512 nos,

2079 3558 2306 3620 peccato
2337 3545 2505 3602 semel
2536 3554 2804 3606 mortuos,
2843 3554 3071 3612 peccato
3110 3540 3292 3596 denuo
3321 3541 3666 3595 reviviscere.

2140 3640 2308 3694 Vsus.
2342 3638 2396 3692 5.
2434 3655 2453 3688 ι
2494 3636 2577 3690 An
2626 3633 2892 3702 ignoratis
2946 3632 3073 3702 quia
3130 3632 3441 3702 quicunque
3499 3630 3675 3699 liaptie

2080 3733 2185 3786 zati
2212 3744 2402 3785 sumus
2428 3728 2481 3781 in
2516 3727 2738 3783 Christo
2756 3722 2912 3788 Jesu,
2948 3741 2967 3774 ι
3000 3731 3107 3777 etc.

2134 3821 2268 3885 Hoc,
2296 3819 2490 3889 inquit,
2519 3815 2747 3873 omnino
2771 3813 3020 3878 novistis,
3045 3810 3250 3866 Christi
3286 3810 3553 3880 baptisma
3589 3820 3674 3883 ty-

2076 3929 2200 3983 pum
2230 3912 2352 3982 ejus
2377 3908 2603 3972 habere,
2640 3904 2855 3967 mortis,
2885 3903 3130 3973 inquam,
3163 3911 3218 3956 et
3247 3901 3672 3955 resurrectionis

2077 4006 2272 4077 ipsius.
2303 4001 2627 4070 Quicunque
2669 4007 2851 4052 autem
2891 3993 2995 4048 hoc
3041 3992 3387 4063 mysterium,
3444 3990 3675 4045 creden-

2077 4111 2178 4165 tes,
2208 4095 2570 4166 suscepimus,
2601 4092 2724 4147 ideo
2751 4088 2909 4144 [idem
2938 4087 3088 4143 illam
3111 4084 3347 4156 amplexi
3374 4094 3676 4149 sumus,.ut

2077 4193 2258 4263 ipsam
2294 4191 2350 4245 in
2392 4188 2534 4242 hanc
2592 4196 2745 4255 spem
2800 4182 3174 4245 traducamus,
3223 4177 3371 4247 quod
3437 4178 3669 4242 scilicet,

2073 4282 2529 4359 quemadmodum
2554 4276 2795 4333 surrexit
2817 4270 3069 4330 Christus
3093 4288 3122 4341 ιι
3141 4270 3370 4325 mortuis
3392 4269 3446 4323 iu
3472 4270 3674 4340 glorio-

2073 4395 2189 4437 sam
2246 4374 2597 4446 adoptionem
2632 4372 2759 4442 (hoc
2806 4366 2954 4425 enim
2987 4365 3261 4439 signiﬁcat
3303 4362 3406 4418 Per
3442 4365 3673 4436 gloriam

2075 4471 2282 4540 Patris)
2314 4511 2331 4538 ,
2372 4471 2444 4524 ita
2477 4478 2531 4521 et
2569 4480 2688 4529 nos,
2747 4463 2941 4518 mortis
2985 4459 3124 4528 ejus,
3173 4468 3272 4530 per
3312 4459 3670 4529 baptismum,

381 4548 667 4619 ἀκηράτου
694 4547 791 4602 καὶ
823 4547 1177 4603 ἀπαλαιὼτου
1203 4555 1297 4604 καὶ
1326 4553 1735 4626 παμμακαρίας
1758 4553 1970 4623 ἐκείνης

2083 4561 2375 4633 participes
2436 4556 2590 4624 facti,
2652 4554 2817 4608 vitam
2875 4552 3021 4605 illam
3076 4553 3415 4619 perbeatam,
3483 4563 3668 4602 corru-

380 4640 550 4713 ζωῆς.

365 4778 373 4843 ἓ
460 4846 480 4878 ι
514 4825 687 4880 Τοῦτο
722 4824 1110 4894 γινώσκοντες,
1141 4827 1226 4883 ὃτι
1256 4830 1287 4883 ό
1317 4833 1548 4901 παλαιὸς
1575 4837 1735 4909 ἡμῶν
1760 4839 1975 4911 ἄνθρω-

384 4936 508 4985 πος,
552 4938 570 4970 ι
612 4938 666 4974 κ.
697 4938 749 4975 τ.
783 4921 832 4975 λ.

455 5012 725 5067 Παλαιὸν
751 5014 1063 5088 ἄνθρωπον,
1101 5018 1195 5074 τὸν
1230 5017 1474 5091 φθαρτὸν
1504 5020 1654 5090 λέγει
1678 5025 1774 5078 καὶ
1795 5024 1976 5096 παθη-

384 5102 474 5159 τόν
493 5125 508 5137 ·
540 5107 615 5171 ὡς
653 5108 765 5177 τῆς
788 5112 1189 5180 παλαιότητος
1216 5111 1548 5185 φθειρούσης
1580 5114 1671 5169 τὸν
1699 5117 1873 5188 ὅσπερ
1909 5117 1977 5169 ἂν

384 5202 689 5271 ἑπιγίνοιτο
713 5221 727 5233 ο
759 5204 1041 5275 ἁμαρτίας
1069 5203 1128 5257 δὲ
1162 5204 1324 5276 σῶμά
1354 5222 1510 5278 φησι,
1536 5207 1600 5260 τὸ
1642 5206 1844 5279 μηκέτι
1880 5207 1978 5279 μέο

459 5385 479 5414 ¹
505 5385 638 5439 Cod.
672 5386 765 5438 ἀνε
774 5385 1116 5457 μφιλέκτοις.

430 5542 478 5602 (Ι
492 5540 716 5609 )Catena
735 5541 996 5595 Theodult'
1017 5543 1114 5597 sub
1136 5543 1345 5596 nomine
1361 5539 1626 5596 Gennadii
1651 5541 1763 5596 hec
1788 5540 1978 5594 tradit:

389 5610 579 5665 Simile
602 5621 685 5692 est
710 5612 809 5692 hoc
826 5614 873 5665 ei
903 5614 1050 5683 quod
1073 5611 1284 5692 calatis
1314 5614 1609 5692 Apostolus
1635 5612 1811 5692 dixit;
1839 5609 1978 5692 Irex,

385 5682 898 5761 prunaricationnm
925 5681 1099 5737 causa
1126 5684 1232 5761 lata
1258 5681 1380 5738 est;
1398 5684 1532 5761 Nam
1567 5682 1832 5761 particula
1854 5681 1977 5761 ἵνα,

385 5750 439 5804 id
463 5760 551 5822 est
608 5762 690 5818 ut,
723 5752 811 5807 hic
831 5753 984 5822 juxta
1014 5755 1406 5822 proprietatem
1441 5750 1636 5822 lingua:
1667 5753 1868 5821 posuit,
1902 5752 1982 5805 si-

2086 4654 2401 4725 ptionisque
2458 4658 2512 4706 et
2547 4647 2844 4705 senectutis
2879 4647 3199 4712 immunem,
3238 4659 3361 4699 cum
3398 4644 3517 4714 ipso
3551 4658 3678 4713 par-

2083 4746 2449 4814 ticipabimns.

2148 4839 2311 4893 Vsus.
2350 4837 2402 4891 6.
2447 4856 2466 4889 ι
2505 4834 2621 4890 Hoc
2646 4837 2918 4901 scientes,
2952 4832 3082 4902 quia
3141 4841 3296 4888 vetus
3357 4831 3523 4886 homo
3578 4843 3679 4882 no-

2083 4942 2217 4997 ster,
2259 4951 2277 4982 ›
2313 4940 2420 4985 etc.
3622 4989 3625 4993 γ

2163 5023 2403 5079 Veterem
2443 5021 2742 5085 hominem,
2790 5018 3204 5087 corruptibilem
3250 5025 3305 5070 et
3355 5016 3674 5087 passibilem

2086 5114 2363 5184 intelligit,
2394 5112 2593 5181 quippe
2631 5111 2777 5179 quod
2809 5118 3064 5174 vetustas,
3111 5109 3226 5162 sive
3249 5116 3526 5174 senectus,
3552 5111 3676 5177 qui-

2086 5223 2302 5278 cunque
2326 5208 2392 5262 ad
2433 5220 2553 5260 eam
2589 5203 2923 5275 pervenerit,
2960 5201 3135 5271 ipsum
3172 5201 3226 5256 in
3265 5201 3676 5271 corruptionem

2078 5540 2264 5622 steris,
2296 5541 2431 5622 imo“
2458 5543 2560 5611 ipsi
2582 5543 2745 5622 etiam
2777 5543 2992 5598 Adamo
3028 5543 3147 5622 lege
3192 5543 3321 5622 lata,
3374 5545 3675 5603 abundavit

2080 5611 2361 5665 delictum.
2392 5612 2511 5688 Quo
2540 5615 2684 5669 enim
2726 5623 2992 5688 praecepta
3022 5611 3247 5688 majora,
3287 5618 3389 5688 hoc
3414 5657 3429 5682 ,
3462 5620 3508 5672 si
3547 5624 3672 5688 quis

2080 5696 2144 5735 ea
2204 5686 2659 5756 transgrediatur,
2717 5686 2914 5756 delicta
2967 5687 3279 5755 grandiora.
3314 5686 3671 5756 Subintrdut'l,

2083 5756 2338 5825 accessit,
2369 5755 2837 5825 opportunitatem
2859 5753 2992 5825 ejus
3019 5759 3283 5813 ostendit.
3325 5756 3392 5813 Ut
3426 5753 3670 5817 abundal

387 5820 609 5890 gniﬁcat
642 5824 788 5877 enim
831 5820 1193 5893 conseQuens.
1221 5823 1449 5878 Cunctis
1493 5820 1636 5879 enim
1661 5820 1852 5879 Adauti
1887 5837 1985 5892 ρο-
2086 5832 2159 5876 ret
2184 5820 2457 5879 delictum;
2511 5823 2677 5896 (Bibl.
2704 5837 2803 5881 vet.
2843 5820 3093 5896 Patrum,
3134 5826 3200 5895 ν,
3240 5844 3304 5891 ιι.
3346 5826 3496 5902 597.)

707 5913 979 5979 Pamon.
1022 5916 1139 5979 GR.
1183 5916 1456 5979 LXXXV.

3238 5918 3315 5980 53
