4064 6394
401 297 541 361 1675

1500 296 1876 357 GENNADJI
1916 295 2424 362 PATRIARCH/E
2461 301 2571 362 ΟΡ.

3554 286 3689 351 1676

396 420 588 480 urgere
606 408 798 466 soleat.
829 408 1043 480 Corpus
1064 421 1251 465 autem
1286 410 1496 479 peccati
1537 419 1740 474 vocat,
1792 422 1986 479 corpus

2102 429 2193 465 νον
2216 414 2627 485 ἀναμάρτητον,
2651 410 2765 465 ἀλλ’
2788 409 3177 482 ἐπιδεχόμενον
3203 403 3500 478 ἁμαρτίαν.
3517 400 3692 455 Τοῦτο

399 504 638 557 nomium
668 502 880 572 peccati
936 501 1201 567 immune,
1249 501 1345 555 sed
1394 509 1627 570 peccato
1671 500 1989 556 obnoxium.

397 595 531 649 Illud
556 594 719 665 igitur
750 608 949 661 corpus
972 594 1287 658 destruitur,
1327 593 1525 664 inquit,
1577 594 1631 649 id
1673 604 1779 658 est,
1812 592 1991 663 quoad

398 696 681 757 peccatum
732 684 981 739 ineliicax
1014 684 1366 740 constituitur
1399 702 1415 753 ;
1452 685 1688 756 ideoque
1712 700 1819 739 non
1864 685 1992 740 sim-

397 779 612 848 pliciter
661 778 800 833 dixit
840 778 1051 833 destrui
1111 793 1331 850 corpus,
1388 780 1482 835 sed
1516 796 1708 848 corpus
1765 783 1987 847 peccati.

398 869 553 935 Quod
581 869 725 923 enim
766 884 910 924 nunc
944 866 1303 940 corruptibile
1329 878 1434 936 est,
1490 871 1678 925 induit
1735 871 1990 925 incorru-

398 960 639 1029 ptionem
671 978 687 1028 ;
716 969 769 1014 et
793 960 935 1031 quod
970 975 1114 1015 nunc
1144 961 1374 1016 mortale
1402 969 1504 1028 est,
1560 962 1735 1017 induit
1767 963 1992 1018 immur-

401 1054 694 1117 talitatem,
726 1052 957 1110 Domino
994 1053 1213 1110 Christo
1244 1054 1572 1126 refer-mante
1605 1072 1793 1125 corpus
1817 1055 1990 1111 humi-

398 1148 568 1201 litatis
590 1159 806 1214 nostrm,
840 1158 898 1202 ut
922 1147 1286 1219 conﬁguretur
1310 1148 1521 1218 corpori
1546 1147 1826 1203 charitatis
1854 1166 1986 1204 stur.

396 1269 470 1281 —
503 1238 609 1303 Qui
652 1240 787 1293 enim
836 1249 1078 1295 mortuus
1116 1248 1214 1303 est,
1246 1240 1445 1308 inquit,
1471 1239 1804 1310 justiﬁcatus
1840 1250 1918 1295 est
1957 1258 1991 1295 α

398 1337 631 1392 peccato.
663 1326 802 1394 Quid
833 1337 916 1383 est
949 1327 1080 1380 illud
1115 1330 1259 1397 quod
1292 1329 1425 1385 dicit
1459 1329 1483 1382 ?
1511 1328 1710 1385 Eorum
1746 1340 1829 1385 est
1872 1346 1992 1401 pec-

396 1434 526 1472 care
576 1418 669 1488 qui
737 1428 1062 1488 praesentem
1130 1420 1318 1475 vivunt
1367 1421 1559 1487 vitam,
1618 1422 1885 1492 siquidem
1938 1432 1990 1478 et

405 1509 646 1579 ipsorum
705 1521 789 1565 est
832 1509 1004 1581 legem
1044 1511 1293 1580 habere;
1354 1513 1587 1570 mortuis
1637 1524 1818 1570 autem
1850 1531 1987 1571 neu-

403 1612 542 1657 trum
580 1606 834 1660 convenit
869 1625 882 1659 :
914 1622 1014 1663 nec
1052 1609 1198 1662 enim
1224 1608 1309 1663 lex
1361 1624 1485 1664 cum
1538 1620 1754 1665 mortuo
1787 1625 1989 1666 sermo-

401 1712 523 1750 nem
568 1698 730 1753 habet
768 1698 883 1771 (qui
930 1714 1080 1764 vero,
1124 1716 1246 1755 cum
1300 1717 1371 1757 ne
1398 1702 1614 1772 quidem
1641 1702 1896 1759 audiente
1916 1705 1985 1771 ἲ),

2096 501 2277 555 τοίνυν
2332 499 2739 570 καταργεῖται,
2797 498 2962 568 φησὶ,
3009 495 3262 550 τουτέστι
3324 490 3690 560 ἀνενέργητον

2097 592 2235 661 πρὸς
2263 594 2363 663 τὴν
2402 593 2683 663 ἁμαρτίαν
2715 591 3066 645 καθίσταται.
3098 587 3189 641 Διὸ
3217 586 3313 641 καὶ
3353 586 3454 656 οὐχ
3502 581 3693 645 ἁπλῶς

2094 681 2200 751 ἔφη
2228 683 2627 753 καταργεῖσθαι
2654 683 2715 735 τὸ
2742 682 2926 752 σῶμα,
2944 679 3083 735 ἀλλά
3101 679 3169 734 τὸ
3194 678 3365 748 σῶμα
3385 675 3498 745 τῆς
3517 676 3696 744 ἀμαρ-

2093 775 2259 841 τίας·
2296 774 2460 828 τοῦτο
2487 775 2598 845 γάρ
2641 773 2881 845 φθαρτὸν
2908 771 2967 826 ὃν
2999 773 3116 838 νῦν,
3162 770 3447 825 ἐνδύσεται
3481 767 3692 839 ἀφθαρ-

2096 865 2219 919 σίαν
2243 880 2257 895 ⁸
2289 866 2384 918 καὶ
2410 864 2605 935 θνητὸν
2636 863 2697 918 ὃν
2735 864 2851 930 νῦν,
2886 864 3169 917 ἐνδύσεται
3221 860 3553 923 ἀθανασίαν,
3587 875 3692 928 με·

2093 955 2646 1028 τασχηματίζοντος
2696 955 2867 1027 ἡμῶν
2902 957 2970 1011 τό
3013 953 3187 1026 σῶμα
3236 954 3348 1023 τῆς
3396 950 3689 1007 ταπεινώ-

2092 1065 2248 1115 σεως
2293 1050 2390 1102 τοῦ
2455 1049 2729 1102 Δεσπότου
2787 1045 3023 1119 Χριστοῦ
3094 1048 3156 1100 τὸ
3206 1046 3488 1116 γενέσθαι
3540 1042 3688 1097 αὐτὸ

2093 1141 2456 1209 σύμμορφον
2502 1137 2583 1204 τῷ
2620 1138 2849 1207 σώματι
2891 1137 3003 1206 τῆς
3041 1136 3227 1205 δόξης
3264 1134 3474 1192 αὐτοῦ.
3515 1164 3586 1175 —-
3627 1135 3690 1186 Ὀ

2090 1231 2203 1302 γὰρ
2231 1231 2573 1296 ἀποθανὼν,
2606 1232 2791 1303 φησὶν,
2820 1229 3190 1284 δεδικαίωται
3213 1228 3333 1282 ἀπὸ
3366 1225 3476 1296 τῆς
3502 1227 3691 1295 ἀμαρ-

2089 1326 2242 1390 τιάς.
2284 1323 2349 1376 Τί
2393 1323 2552 1379 τοῦτό
2591 1326 2742 1377 ἐστιν
2773 1324 2801 1377 ὂ
2837 1324 3021 1392 λέγεις
3059 1322 3170 1375 τῶν
3198 1321 3418 1388 ζώντων
3447 1320 3690 1390 Ταυτηνὶ

2089 1415 2189 1487 τὴν
2229 1415 2375 1487 ζωὴν
2417 1416 2479 1470 τὸ
2532 1417 2751 1470 πταίειν
2797 1417 2978 1471 ἐστίν·
3014 1416 3202 1488 ἐπειδὴ
3250 1415 3348 1469 καὶ
3388 1415 3482 1467 τὸν
3526 1414 3691 1483 νόμον

2091 1508 2236 1580 ἔχειν
2288 1509 2493 1565 τούτων
2524 1509 2670 1564 ἐστί’
2698 1513 2813 1575 τοῖς
2844 1510 3266 1581 τετελευτηκόσι
3296 1508 3355 1562 δὲ
3413 1509 3690 1579 προσήκει

2091 1600 2298 1657 τούτων
2322 1602 2503 1657 οὖδέτε
2514 1619 2623 1674 ρον.
2644 1600 2782 1656 Οὔτε
2799 1602 2909 1675 γὰρ
2935 1601 3099 1674 νόμος
3123 1602 3200 1673 τῷ
3211 1602 3496 1673 τεθνηκότι
3521 1618 3692 1672 προσ-

2089 1696 2431 1765 διαλέγεταιο
2475 1696 2593 1761 πῶς
2634 1695 2744 1767 γὰρ
2799 1696 2878 1767 τῷ
2936 1713 3002 1765 γε
3064 1696 3202 1767 μηδὲ
3250 1695 3540 1761 ἀκούοντι;
3592 1692 3691 1747 καὶ

401 1804 576 1859 neque
612 1800 888 1845 mortuum
919 1791 1199 1848 hominem
1228 1792 1489 1848 sollicitat
1522 1805 1827 1863 peccatum.
1852 1796 1986 1852 Cum

2093 1783 2339 1857 ἁμαρτία
2365 1784 2456 1838 τὸν
2499 1785 2743 1839 τοιοῦτον
2779 1786 2841 1839 οὐ
2881 1785 3103 1856 διοχλεῖ.
3138 1785 3230 1856 Τῷ
3254 1786 3436 1839 τοίνυν
3478 1784 3691 1838 ἀποθα-

402 1892 616 1937 mortuo
642 1883 813 1952 igitur
836 1892 1118 1953 peccatum
1168 1885 1304 1940 nihil
1348 1886 1511 1943 habet
1545 1902 1855 1955 commune,
1889 1905 1990 1945 nec

402 1974 571 2028 ullum
594 1974 685 2043 jus
707 1976 761 2030 in
792 1991 917 2031 eum
945 1978 1177 2047 obtinet,
1210 1978 1412 2050 quippe
1445 1979 1673 2051 quijam
1714 1996 1819 2037 non
1847 1997 1990 2052 prae-

402 2067 724 2122 varicationi
762 2069 1064 2139 subjaceat.

455 2157 620 2215 Vens.
637 2159 721 2215 8.t
743 2159 799 2215 Si
820 2169 1000 2216 autem
1020 2162 1218 2219 mortui
1240 2179 1431 2222 sumus
1446 2180 1566 2221 cum
1586 2166 1859 2234 Christo,»
1881 2180 1988 2225 etc.

446 2251 943 2320 Quemadmodum,
980 2254 1179 2326 inquit,
1209 2267 1458 2316 mortuus
1484 2270 1569 2316 est
1610 2260 1881 2329 Christus,
1915 2263 1989 2319 ita

400 2356 455 2400 et
481 2360 580 2400 nos
612 2347 919 2401 morimur:
951 2351 1407 2417 quemadmodum
1435 2353 1567 2408 vivit
1605 2353 1879 2423 Christus,
1918 2356 1990 2411 ita

397 2448 452 2494 ct
483 2453 583 2493 nos
611 2439 874 2494 vivemus.
904 2439 1067 2498 Decet
1096 2442 1261 2514 igitur
1311 2460 1407 2501 vos
1438 2445 1490 2500 in
1519 2462 1641 2501 eum
1671 2448 1940 2516 respicere
1971 2465 1987 2511 ;

396 2541 453 2586 ct
475 2533 930 2602 quemadmodum
965 2534 1297 2606 impossibile
1313 2548 1416 2603 est,
1443 2539 1643 2610 ipsum,
1665 2541 1755 2611 qui
1777 2552 1990 2611 peccato

399 2632 645 2676 mortuus
671 2630 751 2676 est
785 2623 963 2688 semel,
990 2623 1204 2696 Deoque
1249 2629 1560 2694 resurrexit,
1587 2629 1781 2683 iterum
1828 2629 1987 2697 tnori,

346 2760 351 2769 .
398 2715 475 2770 ita
506 2726 559 2772 et
594 2732 709 2783 vos,
744 2726 1047 2789 oporteret,
1077 2718 1385 2789 justissima
1449 2722 1801 2777 conclusione
1831 2733 1990 2778 uten-

397 2816 504 2873 tes,
542 2808 709 2863 vitam
755 2819 992 2865 vestram
1035 2811 1291 2881 deinceps
1318 2812 1384 2867 ad
1432 2813 1631 2868 Christi
1665 2815 1828 2870 vitam
1860 2830 1989 2870 con-

400 2898 661 2966 formare,
694 2909 755 2954 ut
808 2902 923 2971 qui,
961 2917 1056 2971 spe
1080 2901 1230 2968 freti,
1266 2903 1325 2959 in
1360 2904 1501 2961 hanc
1532 2906 1698 2961 vitam
1745 2922 1774 2961 a
1821 2909 1987 2978 priori

396 2992 787 3047 transiveritis.

2090 1875 2236 1931 νόντι
2270 1878 2462 1948 φησὶν,
2494 1876 2649 1930 οὐδὲν
2695 1877 2834 1949 πρὸς
2854 1878 2958 1949 τὴν
2992 1877 3268 1949 ἁμαρτίαν
3307 1876 3488 1931 κοινόν
3513 1891 3527 1907 ·
3564 1876 3689 1930 οὐδὲ

2090 1968 2232 2042 αὐτὴ
2276 1971 2416 2041 πρὸς
2462 1970 2671 2023 ἐκεῖνον
2717 1968 2831 2041 ἔχει
2880 1971 2942 2024 τὸ
2982 1970 3230 2024 δίκαιον*
3285 1968 3405 2023 οὐδὲ
3452 1968 3562 2041 γὰρ
3605 1967 3690 2039 τῷ

2092 2063 2436 2135 πλημμελεῖν
2466 2062 2758 2117 ὑπόκειται
2790 2062 2886 2116 τοῦ
2920 2063 3136 2118 λοιποῦ.

2169 2174 2187 2208 ι
2228 2155 2292 2209 Εἰ
2320 2155 2379 2209 δὲ
2408 2154 2760 2226 ἀπεθάνομεν
2793 2157 2890 2210 σὺν
2917 2155 3165 2227 Χριστῷ,
3235 2174 3254 2207 ι
3287 2173 3346 2213 κ.
3376 2173 3429 2212 τ.
3463 2155 3514 2210 λ.

2163 2246 2398 2312 Οὐκοῦν,
2428 2247 2588 2319 φησὶ,
2619 2247 2923 2320 καθάπερδ
2948 2250 3207 2321 Χριστὸς,
3238 2250 3337 2303 καὶ
3360 2251 3525 2321 ἡμεῖς
3556 2251 3687 2305 ἀπο-

2092 2341 2401 2414 θνήσκομεν
2425 2358 2437 2374 ·
2459 2342 2715 2412 καθάπερ
2735 2343 2764 2395 δ
2790 2343 3050 2415 Χριστὸς,
3076 2343 3364 2415 ζησόμεθα
3385 2346 3481 2399 καὶ
3499 2347 3683 2416 ἡμεῖς.

2092 2435 2373 2506 Προσήκει
2396 2433 2491 2489 οὖν
2518 2436 2600 2498 είς
2638 2434 2849 2489 ἐκεῖνον
2883 2435 3017 2506 ὑμῖν
3057 2436 3271 2507 ἀφορᾷν
3297 2453 3311 2470 ⁶
3343 2437 3441 2490 καὶ
3486 2438 3632 2507 ἅπερ
3664 2436 3687 2469 ³

2090 2527 2329 2583 ἐκεῖνον
2360 2526 2525 2592 ἅπαξ
2556 2527 2940 2582 ἀποθανόντα
2969 2523 3045 2596 τῇ
3076 2528 3352 2597 ἁμαρτίᾳ,
3378 2524 3509 2582 εἷτα
3539 2528 3687 2582 dra-

2092 2620 2322 2676 στάντα
2343 2619 2423 2686 τῷ
2463 2619 2608 2687 Θεῷ,
2636 2619 2746 2674 τῶν
2773 2619 3054 2674 ἀδυνάτων
3086 2621 3237 2674 ἐστὶν
3276 2615 3438 2684 αὖθις
3468 2619 3686 2674 ἀποθα-

2093 2715 2224 2779 νεῖν,
2273 2711 2420 2767 οὕτω
2475 2711 2587 2766 δέοι
2629 2711 2695 2765 ἂν
2740 2712 2836 2765 καὶ
2871 2712 3018 2782 ὑμᾶς
3069 2712 3319 2783 λογισμῷ
3364 2712 3688 2784 χρωμένους

2090 2805 2423 2877 δικαιοτάτῳ
2458 2805 2551 2859 τὸν
2590 2803 2802 2857 ἑαυτῶν
2833 2804 2929 2857 τοῦ
2962 2804 3156 2858 λοιποῦ
3185 2805 3298 2876 βίον
3342 2807 3401 2860 ἐν
3439 2809 3507 2876 τῇ
3541 2806 3685 2860 κατά

2089 2897 2331 2971 Χριστὸν
2376 2895 2702 2970 ρᾳθυμίζειν
2742 2895 2783 2926 ³·
2819 2895 2932 2967 ζωῇ
2964 2895 3040 2959 ὡς
3072 2895 3246 2950 ἐλπίδι
3294 2896 3433 2968 πρὸς
3475 2897 3686 2967 ταύτην

2095 2990 2547 3062 μεταϐεϐηκότας
2575 2990 2640 3043 ὲκ
2668 2987 2771 3058 τῆς
2806 2986 3099 3059 προτέρας.

471 3082 637 3140 Vens.
673 3084 762 3138 12.
810 3104 829 3137 ι
859 3083 976 3139 Νοη
1008 3100 1141 3157 ergo
1172 3097 1366 3159 regnet
1401 3099 1684 3161 peccatum
1716 3092 1768 3146 in
1803 3102 1986 3149 vestro

2169 3104 2187 3138 t
2225 3085 2315 3155 Μὴ
2365 3084 2459 3138 οὖν
2509 3082 2847 3155 βασιλευέτω
2893 3082 2927 3153 ἡ
2981 3083 3226 3155 ἁμαρτία
3272 3087 3331 3139 ὲν
3385 3084 3466 3157 τῷ
3499 3084 3685 3158 θνητῷ

397 3178 613 3232 mortali
644 3192 895 3249 corpore.
928 3199 946 3232 ι

465 3269 864 3340 Argumentum
885 3286 949 3325 ex
976 3270 1304 3330 Christianis
1328 3275 1586 3340 edocens,
1613 3287 1666 3331 et
1688 3277 1983 3334 ostendens

392 3370 679 3430 peccatum
745 3361 893 3416 nullo
918 3361 1078 3420 modo
1144 3364 1200 3419 in
1253 3365 1385 3434 ipsis
1442 3367 1676 3437 amplius
1728 3384 1980 3439 regnare,

393 3455 596 3524 quippe
614 3454 705 3524 qui
722 3464 846 3526 post
862 3455 1126 3525 baptisma
1154 3471 1260 3512 non
1281 3467 1410 3513 sunt
1429 3460 1677 3517 carnales
1701 3461 1837 3531 (haec
1884 3478 1983 3517 au-

385 3536 505 3602 tem
557 3547 660 3603 title
703 3555 938 3617 tantum,
964 3562 1069 3604 non
1114 3549 1383 3607 industria
1431 3552 1780 3609 obtinemus:
1811 3571 1985 3626 neque

392 3640 539 3695 enim
602 3640 965 3712 impassibiles
1014 3642 1470 3715 immortalesque
1522 3647 1826 3715 nascimur,
1882 3649 1985 3706 hac

393 3720 957 3805 conditione-propter
999 3734 1409 3790 inscrutabilem
1440 3739 1731 3808 quamdam
1761 3755 1981 3796 causam

394 3834 516 3894 post
570 3826 880 3897 generalem
933 3827 1391 3884 resurrectionem
1429 3829 1754 3902 reservata),
1799 3835 1983 3889 consi-

392 3915 523 3970 lium
553 3919 688 3987 ipsis
720 3919 813 3973 dat
845 3917 1189 3973 moderatum
1219 3918 1434 3988 quidem
1465 3930 1520 3974 et
1551 3921 1830 3992 possibile.
1861 3921 1979 3978 Non

391 4010 539 4064 enim
563 4010 714 4073 dicit,
739 4009 816 4064 Ne
853 4024 983 4079 ergo
1011 4008 1276 4079 peccetis,
1310 4009 1412 4066 hoc
1438 4011 1584 4067 enim
1616 4013 1683 4066 ad
1726 4023 1979 4068 naturam

396 4104 783 4173 impassibilem
827 4113 885 4161 et
929 4103 1291 4160 immortalem
1327 4108 1582 4178 pertinet,
1617 4106 1713 4164 scd
1746 4107 1869 4162 Non
1900 4122 1984 4160 re-

391 4206 511 4265 gnet
544 4208 814 4264 peccatum
858 4198 914 4251 in
949 4206 1114 4253 vestro
1143 4198 1358 4253 mortali
1388 4215 1633 4270 corpore,
1668 4214 1775 4253 non
1803 4197 1980 4253 domi-

392 4299 557 4345 netur
611 4289 802 4356 vobis;
858 4305 1036 4361 neque
1089 4291 1158 4347 ad
1211 4292 1431 4347 modum
1472 4304 1757 4346 servorum
1805 4289 1981 4359 agatis

392 4382 628 4454 amplius
653 4384 797 4453 quod
841 4393 1124 4453 peccaturo
1169 4382 1404 4453 imperat
1433 4382 1486 4434 in
1528 4381 1776 4449 corporis
1814 4378 1979 4433 vestri

2091 3180 2125 3250 ἡ
2135 3179 2251 3251 μῶν
2282 3178 2517 3250 σώματι.
2556 3198 2575 3231 ι

2175 3272 2503 3342 ’Δνατρίψας
2533 3273 2597 3326 ὲκ
2633 3274 2743 3327 τῶν
2786 3272 2929 3328 κατά
2972 3272 3209 3345 χριστῶν
3253 3272 3351 3344 τὴν
3382 3268 3676 3335 ἀντίθεσιν,

2091 3367 2186 3420 καὶ
2214 3363 2394 3430 δείξας
2426 3364 2611 3420 οὐκέτι
2651 3365 2747 3420 τοῦ
2788 3366 3129 3437 ἁμαρτάνειν
3171 3356 3358 3429 αὐτόϊς
3398 3365 3680 3435 οὐδαμῶς,

2091 3460 2165 3526 ὡς
2195 3462 2294 3514 οὐκ
2313 3459 2466 3516 οὖσιν
2492 3461 2570 3515 ἔτι
2596 3462 2735 3534 μετά
2756 3462 2816 3517 τὸ
2846 3461 3132 3533 βάπτισμα
3160 3465 3447 3535 σαρκικοῖς
3468 3479 3482 3492 ⁸
3504 3464 3681 3517 ταῦτα

2089 3553 2147 3608 δὲ
2179 3554 2316 3625 μόνῃ
2351 3554 2531 3608 πίστει
2576 3554 2714 3618 τέως
2739 3554 2800 3609 οὗ
2832 3555 3002 3627 πείρᾳ
3037 3556 3389 3627 κεκτήμεθα’
3419 3557 3541 3610 οὔτε
3570 3556 3681 3626 γὰρ

2090 3644 2358 3712 ἀπαθεῖς,
2408 3644 2535 3699 οὔτε
2575 3645 2835 3700 ἀθάνατοί
2874 3663 2993 3709 πως
3030 3646 3371 3717 γεγόναμεν,
3407 3648 3501 3701 τοῦ
3538 3650 3683 3719 πρά-

2088 3755 2299 3811 γματος
2354 3738 2519 3792 αὺτοῦ
2568 3738 2713 3793 κατά
2754 3756 2878 3792 τινα
2909 3738 3070 3808 λόγον
3109 3739 3423 3812 ἀπόρρητον
3463 3739 3541 3809 τῷ
3580 3742 3684 3810 τῆς

2088 3829 2279 3902 κοινῆς
2308 3830 2662 3895 ἀναστάσεως
2691 3829 3101 3901 φυλαττομένου
3129 3828 3327 3901 καιρῷ,
3366 3829 3681 3901 συμϐουλὴν

2092 3924 2321 3997 μετρίαν
2372 3940 2432 3977 τε
2477 3924 2662 3988 αὐτοῖς
2696 3923 2794 3977 καὶ
2835 3921 2936 3994 τὴν
2972 3922 3335 3994 ἐνδεχομένην
3386 3923 3676 3994 προσάγει.

2089 4017 2165 4071 Ob
2194 4018 2302 4089 γάρ
2333 4016 2461 4089 ἔφη,
2493 4018 2585 4089 Μὴ
2610 4015 2704 4071 οὖν
2731 4017 3097 4088 ἁμαρτάνετε.
3121 4017 3296 4070 Τοῦτο
3319 4015 3427 4088 γάρ
3459 4017 3681 4084 φύσεως

2091 4108 2338 4175 ἀπαθοῦς
2363 4127 2424 4163 τε
2449 4109 2545 4163 καὶ
2577 4109 2872 4173 ἀθανάτου,
2918 4108 3075 4175 ἀλλά,
3107 4108 3204 4176 Μὴ
3225 4108 3610 4174 βασιλευέτω
3637 4110 3676 4177 ἠ

2092 4202 2348 4273 ἁμαρτία
2371 4202 2442 4257 ἐν
2470 4200 2550 4270 τῷ
2578 4200 2774 4271 θνητῷ
2816 4200 3007 4268 ὑμῶν,
3045 4202 3251 4273 κράτος
3289 4202 3462 4273 ἐχέτω
3485 4219 3500 4233 ο
3539 4203 3678 4273 μηδὲ

2087 4294 2242 4365 δίκην
2272 4295 2500 4349 οίκετῶν
2526 4294 2587 4349 τὸ
2616 4297 3088 4368 προσταττόμενον
3128 4295 3221 4348 ὑπ’
3250 4295 3424 4366 αὐτῆς
3463 4296 3522 4349 ἐν
3554 4299 3681 4358 ταῖς

2089 4387 2180 4442 τοῦ
2220 4388 2471 4460 σώματος
2518 4386 2677 4458 ἡμῶν
2718 4385 3046 4459 ἐπιθυμίαις
3090 4385 3172 4440 ἔτι
3220 4390 3397 4441 ποιεῖν
3446 4388 3683 4442 καταδέ-

392 4474 702 4540 desideriis,
730 4473 1009 4529 tradentes
1050 4486 1283 4540 corpora
1317 4480 1499 4526 vestra
1532 4467 1685 4537 quasi
1721 4467 1979 4526 satellites

2093 4480 2241 4551 πίεσθε
2262 4480 2306 4548 ⁸,
2339 4478 2677 4552 δορυφόρους
2724 4477 2917 4549 ὥσπερ
2965 4479 3135 4552 αὐτὴν
3168 4479 3305 4550 πρὸς
3351 4479 3681 4550 συνέργειαν

392 4566 460 4621 ad
515 4568 688 4638 ipsam
742 4565 1048 4636 iniquitatis
1104 4561 1573 4631 cooperationem.
1628 4559 1978 4630 lniquitatcm

2093 4573 2177 4645 τῆς
2210 4571 2425 4636 ἀδικίας
2446 4569 2515 4625 τά
2536 4569 2750 4629 ,ἑαυτῶν
2776 4571 3143 4643 παρεχόμενοι
3168 4571 3326 4643 μέλη.
3355 4570 3496 4625 Ἀλλ’
3535 4574 3680 4627 ἀπο-

393 4659 581 4730 l‘ugite,
616 4661 787 4730 ipsam
850 4660 1004 4716 vobis
1046 4659 1335 4713 adversam
1386 4655 1710 4723 hostemque
1739 4654 1983 4725 cogitan-

2093 4665 2349 4736 φυγόντες
2369 4663 2608 4733 εκείνην,
2629 4662 2724 4716 καὶ
2755 4664 3021 4734 πολεμίαν
3040 4664 3167 4733 ὑμῖν
3193 4660 3332 4717 εῖναι
3356 4665 3451 4718 καὶ
3473 4662 3680 4735 ὲχθράν

392 4762 512 4819 tcs;
544 4754 609 4807 ad
645 4754 811 4808 Deum
851 4751 1149 4821 confugite,
1183 4757 1241 4803 ct
1272 4747 1630 4816 vosmetipsos
1664 4747 1737 4801 illi
1771 4763 1981 4819 praepa-

2093 4758 2447 4831 ἡγησάμενοι,
2472 4756 2818 4828 καταφύγετε
2838 4756 2975 4828 πρὸς
2991 4756 3145 4821 Θεὸν,
3164 4756 3259 4810 καὶ
3276 4756 3350 4821 ὡς
3370 4756 3679 4821 ἀθανάτους

398 4855 515 4900 rate
549 4844 703 4915 quasi
736 4840 1075 4898 imnmrtales
1113 4837 1410 4894 secundum
1439 4837 1663 4909 justitia:
1704 4840 1984 4895 rectitudi-

2093 4849 2233 4921 ιῦτῷ
2265 4849 2405 4921 πρὸς
2432 4848 2784 4920 δικαιοσύνης
2816 4847 2959 4902 κατά
3002 4848 3354 4917 δικαιοσύνης
3386 4847 3678 4917 κατόρθω-

396 4954 522 4995 nent
553 4956 566 4992 :
595 4937 882 4993 Peccatum
922 4936 1061 4989 enim
1093 4933 1239 4987 vobis
1284 4949 1388 4987 non
1426 4933 1790 4987 dominabitur
1818 4950 1836 4988 :
1870 4949 1972 4987 non

2093 4960 2166 4998 σιν
2202 4943 2430 5006 ἑαυτοὺς
2475 4942 2876 5013 εὐτρεπίσατε’
2921 4940 3194 5011 Ἀμαρτία
3240 4941 3353 5008 γὰρ
3401 4938 3573 5007 ὑμῶν
3601 4943 3678 4994 εὑ

394 5032 531 5086 enim
556 5031 652 5085 sub
683 5030 793 5101 lege
823 5029 973 5092 estis,
1018 5025 1110 5079 sed
1159 5025 1256 5079 sub
1303 5026 1499 5097 gratia.
1534 5023 1757 5081 Sciebat
1797 5025 1975 5080 homi-

2093 5036 2406 5104 κυριεύσει,
2437 5035 2510 5089 οὐ
2534 5032 2644 5104 γὰρ
2672 5032 2814 5086 ἐστὲ
2847 5030 2966 5086 ὑπὸ
3008 5032 3220 5100 νόμον,
3244 5031 3383 5085 ἀλλ’
3420 5030 3543 5085 ὑπὸ
3569 5031 3679 5098 χιε-

392 5139 513 5180 ncm
547 5122 819 5178 carnalem
852 5126 1099 5187 paratum
1130 5108 1246 5173 fore
1291 5119 1366 5175 uti
1419 5119 1595 5191 gratia
1644 5121 1710 5173 ad
1754 5119 1971 5188 impune

2093 5146 2197 5184 σιν.
2227 5129 2411 5196 Ἔγνω
2439 5125 2632 5180 τούτου
2670 5124 2764 5179 τὸν
2796 5124 3059 5195 σαρκικὸν
3107 5123 3344 5194 ἑτοίμως
3372 5121 3635 5193 έξόμενον
3655 5138 3673 5155 ο

390 5215 747 5287 peccandum.
794 5210 908 5267 lloc
940 5213 1245 5280 praevidens
1277 5227 1583 5267 sermonem
1632 5212 1697 5267 de
1727 5212 1819 5267 illo
1868 5211 1970 5265 sibi

2093 5223 2174 5274 eat
2192 5220 2257 5291 τῇ
2282 5220 2465 5291 χάριτι
2489 5216 2945 5289 πρδςάμάρτημα
2970 5214 3435 5286 ἀποχρησάμενον
3453 5214 3670 5269 ἄδειαν.

390 5307 579 5378 objicit
608 5305 797 5360 dicens
823 5320 836 5358 :

2093 5310 2252 5365 Γοῦτο
2304 5311 2489 5365 τοίνυν
2539 5308 2929 5380 προυπειδόνος
2961 5306 3084 5378 (sic)
3122 5305 3338 5377 ἑαυτῷ,
3396 5304 3491 5358 τὸν
3537 5306 3677 5375 παρ’

2075 5405 2287 5458 ἐκείνου
2310 5404 2471 5472 λόγον
2503 5401 2875 5473 ἀνθυποφέρει
2903 5399 2995 5455 καί
3026 5416 3194 5471 φησιν
3220 5413 3235 5429 ⁸

2153 5514 2172 5546 ι
2205 5495 2272 5548 Τί
2298 5495 2429 5562 οὒνς
2456 5496 2874 5567 ἀμαρτήσομεν,
2901 5492 2987 5546 ὅτι
3008 5492 3109 5546 οὐκ
3140 5491 3308 5564 ἐσμὲν
3344 5488 3450 5547 ὑπὸ
3475 5487 3674 5560 νόμον,

2078 5587 2194 5640 ἀλλ’
2218 5587 2324 5640 ὑπὸ
2354 5587 2551 5658 χάρινς
2590 5586 2676 5657 Μὴ
2702 5586 2931 5655 γένοιτο.
2960 5603 2984 5639 ι

464 5488 627 5544 Vsus.
680 5489 769 5544 15.
827 5508 844 5541 t
874 5488 1013 5556 Quid
1054 5491 1225 5562 ergo?
1273 5490 1663 5560 peccabimns,
1713 5492 1970 5562 quoniam

392 5595 502 5638 non
530 5597 721 5638 sumus
748 5582 849 5637 sub
874 5582 1011 5653 lege,
1048 5583 1141 5637 sed
1170 5583 1271 5638 sub
1301 5583 1514 5650 gratia?
1535 5584 1709 5653 Absit.
1744 5604 1762 5635 ι

464 5738 488 5773 ⁸
510 5738 640 5813 Leg.
671 5739 942 5815 καθάπερ.
1021 5742 1060 5774 ³⁸
1093 5740 1221 5810 Leg.
1256 5738 1568 5812 ῥυθμίζειν.
1644 5738 1665 5770 ⁸
1692 5740 1825 5797 Cod.
1862 5739 2280 5812 καταδέχεσθαι.
