4064 6400
326 373 471 441 1ίῖ77
1372 370 1837 437 FRAGMENTA
1880 372 1959 433 IN
2002 371 2242 433 EPIST.
2284 373 2383 432 AD
2423 364 2608 434 ROM.
3487 374 3626 443 1673

401 489 484 545 Οὐ
513 490 622 562 γὰρ
652 491 798 561 ὑμᾶς
845 489 1027 554 τοῦτο,
1059 490 1216 560 φησὶ,
1249 485 1498 560 λέληθεν,
1534 488 1616 542 ὅτι
1644 485 1915 555 προσῆκον

2099 482 2217 538 Non
2267 485 2554 555 ignoratis,
2600 484 2798 554 inquit,
2846 499 2941 541 vos
2983 483 3184 541 debere
3230 484 3285 541 in
3332 486 3624 557 propositis

318 582 461 654 ὑμίν
506 585 627 647 ταῖς
677 581 833 653 ὑμῶν
884 580 1067 636 αὐτῶν
1121 580 1441 650 ὁμολογίαις
1486 579 1780 650 ἐμμένειν·
1833 576 1915 630 καί

2032 577 2227 632 veSIris
2299 585 2609 632 constantes
2645 592 2993 647 permanere,
3055 587 3109 634 et
3177 595 3625 651 unumquemque

316 674 519 730 τοῦτον
553 674 636 728 ὅτι
682 673 957 745 δεσπότην
1009 672 1205 727 ἑαυτοῦ
1241 674 1356 736 τοῖς
1388 670 1574 743 ἔργοις
1620 687 1706 733 τις
1743 666 1915 722 amas-

2030 671 2174 727 hunc
2218 668 2322 725 sibi
2354 674 2606 742 accipere
2652 672 2911 742 operibus
2933 674 3281 741 magistrum,
3320 675 3478 745 cujus
3522 691 3622 731 co-

317 762 540 819 δεικται
568 765 661 819 τὸν
690 760 752 819 οὗ
780 767 892 829 τοῖς
932 763 1058 835 (sic)
1111 762 1483 833 κελεύσμασιν
1512 762 1756 831 ἔγνωκεν
1783 760 1915 815 ύπα·

2028 766 2216 831 gnovit
2251 764 2524 818 mandatis
2551 764 2860 833 suhjacere,
2890 764 3009 820 sive
3046 777 3332 834 peccatum
3365 770 3458 834 sit,
3505 769 3622 823 sive

317 855 546 911 κούειν·
580 857 684 911 κᾶν
719 856 966 929 ἁμαρτία
987 856 1171 923 τοῦτο,
1209 855 1311 910 κᾶν
1334 855 1675 927 δικαιοσύνη.
1712 855 1785 908 Τὸ
1816 852 1915 924 γὰρ

2025 854 2254 920 justitia.
2291 854 2447 921 Quod
2475 856 2620 925 enim
2651 858 2885 913 obscure
2916 858 3115 913 dicitur
3148 859 3265 914 sive
3305 860 3372 915 de
3398 873 3622 930 peccato

316 948 446 1019 ἦτοι
476 948 777 1020 ἁμαρτίας,
812 949 845 1021 ἢ
884 948 1136 1019 ὑπακοῆς
1176 950 1259 1011 εἰς
1297 948 1649 1019 δικαιοσύνην
1697 948 1915 1015 ἀσαφῶς

2027 944 2144 1000 sive
2178 946 2244 1001 de
2273 946 2586 1001 obcditione
2623 946 2691 1001 ad
2734 946 3007 1015 justitiam
3040 950 3331 1006 dicendum
3368 963 3474 1020 est,
3507 954 3622 1009 sive

316 1040 619 1112 εἰρημένον
661 1040 905 1095 τοιοῦτόν
938 1043 1109 1107 ἐστιν,
1157 1040 1280 1113 ἦτοι
1330 1041 1608 1113 ἁμαρτίας
1655 1043 1738 1105 εἰς
1785 1041 1915 1094 ὑπα-

2027 1035 2094 1089 de
2127 1046 2354 1105 peccato
2384 1039 2453 1090 ad
2480 1036 2877 1103 obeditionem,
2911 1037 3029 1093 sive
3045 1039 3111 1096 de
3133 1038 3370 1111 justitia.

314 1131 483 1205 κοὴν,
517 1132 551 1204 ἢ
577 1133 954 1203 δικαιοσύνης.

396 1238 417 1272 ι
476 1220 654 1291 Χάρις
683 1220 743 1275 δὲ
795 1221 875 1295 τῷ
907 1222 1060 1296 θεῷ,
1095 1224 1180 1278 ὅτι
1230 1220 1328 1297 ἦτε
1366 1220 1547 1279 δοῦλοι
1586 1223 1687 1294 τῆς
1735 1224 1921 1297 ἁμαρ-

311 1311 464 1376 τίας.
500 1332 521 1367 ι

392 1404 597 1473 Χάρις,
624 1407 780 1477 φησι,
804 1405 887 1473 τῷ
916 1407 1063 1474 Θεῷ,
1103 1407 1192 1463 ὅτι
1214 1403 1322 1481 ἦτε
1348 1408 1559 1464 δοῦλοι
1599 1410 1714 1479 τῆς
1739 1413 1924 1481 ἀμαρο

2098 1220 2267 1278 Vsns.
2321 1221 2409 1276 17.
2479 1240 2497 1273 ι
2530 1220 2748 1278 Gratias
2798 1231 2982 1278 autem
3029 1223 3183 1290 Deo,
3244 1224 3391 1295 quod
3440 1224 3621 1281 fuistis

2025 1316 2171 1369 servi
2210 1316 2441 1383 peccati.
2481 1334 2501 1369 ι

2099 1407 2315 1464 Gratias
2358 1408 2492 1473 Deo,
2547 1409 2745 1478 inquit.
2796 1414 2938 1481 quod
2981 1409 3163 1480 fuistis
3218 1411 3355 1465 servi
3397 1413 3618 1481 peccati.

312 1496 455 1560 τίας
482 1511 498 1526 '
551 1494 770 1567 λάχετε,
816 1497 918 1570 τῆς
959 1500 1241 1570 ἁμαρτίας
1294 1499 1647 1572 ἀνθελόμενοι
1701 1501 1802 1573 τὴν
1843 1500 1915 1554 δι·

2025 1495 2279 1554 Obtinele
2321 1513 2419 1567 pro
2470 1507 2693 1569 peccato
2736 1498 3029 1569 justitiam,
3063 1498 3182 1554 loco
3212 1499 3423 1568 peccati
3463 1499 3621 1570 justi-

311 1587 623 1657 καιοσύνην
646 1629 662 1655 ,
693 1589 791 1644 καὶ
823 1590 1028 1663 ταύτην
1055 1592 1171 1645 ἀντ’
1208 1593 1429 1665 ἐκείνης
1460 1594 1730 1664 δεσπότην
1775 1592 1915 1665 ἔχειν

2027 1591 2157 1645 tiam
2184 1589 2473 1645 Dominum
2510 1589 2714 1646 habere
2738 1599 3136 1662 prmponentes.
3167 1591 3335 1661 Cujus
3357 1592 3622 1646 doctrina:

312 1675 893 1751 xazatSsEoipeVOt.'H;
922 1684 1017 1738 καὶ
1050 1683 1142 1738 τὸν
1175 1685 1347 1739 τύπον
1388 1686 1487 1758 τῆς
1523 1685 1744 1757 διδαχῆς
1776 1703 1915 1758 παρ-

2029 1693 2144 1738 toto
2191 1685 2359 1739 corde
2400 1683 2703 1739 admisistis
2754 1682 2989 1739 formam
3042 1694 3098 1740 et
3142 1699 3242 1754 pro
3311 1698 3417 1754 qua
3466 1683 3620 1739 vobis

312 1772 610 1844 ειληφότες
648 1775 1025 1846 προσήκασθε,
1084 1777 1221 1849 πρὸς
1256 1779 1316 1834 δν
1340 1778 1436 1833 τοῦ
1470 1778 1662 1833 λοιποῦ
1695 1781 1915 1849 βιωτέον

2025 1774 2285 1843 deinceps
2314 1784 2573 1830 accurate
2600 1785 2687 1830 est
2715 1775 3176 1831 couversandum.
3205 1776 3264 1831 lu
3304 1777 3441 1833 tales
3472 1776 3622 1830 l‘eror

309 1864 449 1936 ὑμῖν
481 1866 748 1939 ἀκριόῶς.
799 1868 895 1933 Εἰς
927 1869 1206 1934 τοιούτους
1241 1872 1648 1943 κατενήνεγμαι
1696 1872 1913 1941 λόγους,

2025 1878 2327 1931 sermones,
2360 1873 2416 1920 et
2441 1864 2780 1935 argumentis
2824 1879 3041 1920 morum
3088 1866 3449 1921 humanorum
3469 1876 3616 1929 utor,

310 1960 414 2015 καὶ
471 1960 918 2033 παραδείγμασιν
979 1961 1342 2035 ἀνθρωπίνων
1396 1964 1725 2035 ἐχρησάμην
1772 1965 1913 2020 ἐθῶν

2025 1954 2151 2027 quia
2182 1954 2330 2027 cogit
2350 1969 2440 2011 me
2468 1955 2763 2011 inﬁrmitas
2793 1956 2981 2013 carnis
3006 1964 3204 2014 vestra:
3236 1958 3304 2013 ad
3333 1957 3615 2014 virtutem.

308 2052 413 2107 τοῦ
448 2054 589 2124 πρὸς
616 2053 821 2127 ἀρετὴν
875 2053 1067 2109 ἀτόνου
1096 2054 1197 2126 τῆς
1245 2055 1448 2128 σαρκὸς
1482 2056 1637 2127 ὑμῶν
1679 2074 1747 2128 με
1781 2074 1913 2113 κατ-

312 2146 733 2217 αναγκάσαντα.

394 2255 416 2291 ι
452 2238 668 2310 Ὠσπερ
701 2236 814 2310 γὰρ
863 2237 1249 2310 παρεστήσατε
1281 2238 1351 2291 τά
1392 2234 1531 2310 μέλη
1573 2239 1730 2311 ὑμῶν
1750 2239 1915 2295 δοῦλα

312 2331 386 2403 τῇ
417 2328 758 2401 ἀκαθαρσίᾳ.
801 2348 822 2382 ι

2025 2335 2137 2381 stra
2168 2326 2375 2382 servire
2402 2326 2779 2383 immunditiis.
2811 2346 2833 2382 ο

387 2420 627 2491 Ὠσπερ
645 2421 756 2494 γὰρ
779 2423 1226 2494 παρεστήσατε,
1254 2442 1327 2496 φη
1336 2426 1410 2489 σι,
1444 2426 1517 2480 τὰ
1533 2424 1695 2496 μέλη
1722 2422 1910 2493 ὑμῶν,

2100 2414 2247 2470 Sicut
2271 2417 2432 2484 enim,
2467 2416 2666 2488 inquit,
2694 2417 3008 2474 eshibuistis
3037 2418 3270 2475 membra
3291 2429 3485 2488 vestra,
3509 2430 3617 2479 etc.

315 2512 418 2567 καὶ
451 2513 522 2569 τά
549 2513 699 2586 ἑξῆς.
738 2515 843 2570 Τὸν
865 2517 974 2590 γάρ
1009 2516 1293 2572 κάνταῦθα
1325 2516 1645 2588 σύνδεσμον,
1673 2518 1794 2570 ἀντὶ
1817 2515 1914 2570 τοῦ

2028 2505 2313 2563 Vinculum
2364 2507 2639 2579 posterius
2699 2508 2820 2563 loco
2867 2509 3068 2563 vinculi
3129 2510 3332 2580 prioris
3382 2513 3615 2582 accepit.

312 2604 506 2661 τοίνυν
548 2608 881 2680 παρείληφε.
925 2611 1019 2663 Δεῖ
1063 2610 1245 2664 τοίνυν
1293 2611 1461 2680 ὑμᾶς,
1491 2611 1680 2681 φησὶν,
1723 2608 1915 2681 ὥσπερ

2025 2595 2257 2669 Oportet
2291 2598 2475 2667 igitur,
2521 2598 2723 2669 inquit,
2754 2600 3221 2669 quemadmodum
3266 2610 3431 2657 antea
3475 2613 3620 2660 totos

314 2701 379 2755 ἑν
407 2699 489 2771 τῷ
520 2700 756 2772 πρόσθεν
777 2701 936 2764 ὅλους
963 2702 1194 2765 ἑαυτοὺς
1232 2703 1299 2773 τῇ
1339 2702 1544 2773 ἀνομία
1570 2700 1710 2772 πρὸς
1745 2702 1915 2771 ἐργα-

2027 2693 2395 2765 vosmetipsos
2444 2692 2729 2763 iniustitiae
2775 2693 3080 2749 tradidistis
3129 2694 3197 2749 ad
3244 2696 3620 2766 operationem

2097 2235 2265 2291 Vsus.
2300 2237 2388 2293 t9.
2434 2256 2453 2291 ι
2483 2236 2642 2293 Sicut
2674 2238 2822 2293 enim
2870 2236 3200 2295 cxhibuistis
3244 2240 3615 2323 membra_ve-

315 2790 450 2844 σίαν
495 2790 841 2863 ἀκαθαρσίας
894 2792 1245 2845 ἑκδεδώκειτε
1295 2792 1498 2863 πάσης,
1545 2791 1691 2845 οὕτω
1735 2792 1915 2863 νῦν,ἢ

2028 2785 2208 2841 omnis
2249 2784 2632 2853 immunditiis,
2684 2786 2756 2839 ita
2791 2801 2936 2842 nune
2979 2785 3195 2857 longius
3230 2789 3299 2844 ab
3348 2789 3467 2845 istis
3502 2804 3621 2846 om-

315 2880 421 2935 καὶ
475 2880 676 2951 μᾶλλον
725 2882 1137 2952 ἀποσχομένους
1159 2883 1388 2937 ἐκείνων
1430 2884 1772 2948 παντάπασι,
1817 2884 1915 2957 τὴν

2027 2875 2160 2932 nino
2193 2875 2556 2943 discedentes,
2578 2891 2704 2932 cum
2733 2878 2882 2933 omni
2927 2878 3108 2934 studio
3137 2879 3205 2933 ad
3226 2878 3455 2949 justitite
3482 2895 3618 2936 san-

313 2972 677 3045 δικαιοσύνης
738 2975 1047 3040 σπουδαίως
1088 2976 1354 3048 ἀγιότητα
1417 2974 1719 3048 μετελθεῖν.
1771 2977 1915 3032 Ἰστε

2030 2967 2278 3024 ctitatem
2324 2968 2601 3041 progredi.
2636 2966 2807 3026 Scitis
2839 2971 3008 3036 enim,
3061 2971 3260 3041 inquit,
3295 2981 3511 3044 tempus
3549 2975 3617 3029 il-

316 3062 433 3135 γάρ
465 3080 571 3117 που
599 3064 692 3117 τὸν
720 3064 915 3135 χρόνον
946 3066 1179 3130 ἐκεῖνον,
1216 3065 1405 3138 φησὶν,
1431 3067 1488 3119 ὲν
1527 3059 1573 3134 ᾧ
1608 3064 1711 3137 τῆς
1734 3067 1920 3140 άμαρο

315 3158 447 3222 τίας
470 3156 840 3228 ἐπιτάγμασιν
864 3157 1256 3214 ύπετέιττεσθε.
1285 3158 1410 3224 Πῶς
1428 3154 1500 3231 ἦν
1523 3160 1553 3213 ύ
1560 3161 1654 3232 μίν
1681 3161 1921 3233 πρᾶγμα

319 3249 510 3303 κοινὸν
546 3249 687 3321 πρὸς
716 3249 815 3320 τὴν
852 3250 1203 3323 δικαιοσύνην
1242 3251 1418 3306 οὐδέν.

400 3359 423 3394 ι
465 3341 601 3394 Τίνα
630 3337 723 3396 οὖν
754 3342 966 3414 καρπὸν
1011 3343 1184 3414 είχετε
1221 3344 1368 3411 τότε,
1402 3347 1463 3400 ἐν
1499 3339 1582 3410 οἷς
1629 3343 1727 3401 νῦν
1758 3348 1920 3402 ὲπαι-

324 3433 590 3507 σχύνεσθε
608 3450 623 3501 ;
652 3452 673 3486 ι

397 3527 598 3581 Καίτοι
628 3525 803 3596 ἡδέως
834 3524 902 3579 ἂν
941 3524 1117 3595 ἔγωγε
1146 3525 1242 3581 νῦν
1281 3525 1559 3597 πυθοίμην
1592 3529 1749 3601 ὑμῶν
1777 3532 1919 3604 ὑπὲρ

316 3621 451 3674 ὅτου
483 3617 984 3688 κατεσπευσμένως
1013 3617 1189 3682 οὕτως
1233 3622 1301 3690 τῇ
1329 3620 1577 3692 ἁμαρτίᾳ
1604 3623 1710 3694 τὴν
1747 3624 1920 3694 καλὴν

316 3712 546 3784 ἐκείνην
589 3710 834 3765 δουλείαν
884 3710 1270 3783 ὲξεπληροῦτε,
1307 3712 1405 3765 καὶ
1449 3712 1534 3777 τίς
1561 3712 1665 3785 τῆς
1710 3715 1919 3785 πολλῆς

313 3800 533 3871 ταύτης
562 3801 780 3866 εὐνοίας
797 3801 952 3872 ὑμῶν
979 3802 1008 3853 ὁ
1041 3801 1275 3871 καρπός.
1306 3802 1379 3855 Οὐ
1420 3800 1620 3874 φθορὰ,
1653 3805 1748 3858 καὶ
1774 3804 1915 3858 ἀκα-

314 3892 667 3968 θαρσία,καὶ
704 3893 956 3961 θάνατος,
1003 3894 1099 3948 καὶ
1136 3893 1208 3947 τὰ
1253 3894 1436 3966 πάσης
1479 3896 1744 3969 αἰσχύνης
1780 3897 1917 3952 ἀνά-

313 4003 544 4061 μεστα;
577 3988 720 4059 Ἄρα
756 3986 871 4055 οῦν,
911 3986 1069 4058 φησὶ,
1098 3986 1326 4040 τοιαῦτα
1356 3989 1451 4042 καὶ
1499 3987 1570 4042 τὰ
1613 3988 1730 4051 νῦν,
1767 3989 1800 4060 ἢ
1830 4008 1919 4062 μι-

307 4077 443 4152 κρῷ
462 4077 542 4149 τῷ
574 4080 670 4132 καὶ
699 4077 776 4150 τῷ
794 4078 1016 4148 τυχόντι
1043 4078 1391 4151 διεστηκότα,
1420 4079 1536 4135 ἀλλ’
1561 4081 1685 4152 οὐχὶ
1712 4082 1791 4154 τῷ
1808 4083 1916 4155 ὅλῳ

308 4174 414 4228 καὶ
444 4171 524 4242 τῷ
544 4172 747 4240 παντί;
783 4172 1170 4245 Ἀλλαξάμενοι
1193 4173 1302 4245 γὰρ
1322 4174 1422 4245 τῆς
1454 4175 1730 4248 ἁμαρτίας
1756 4175 1913 4243 Θεὸν,

310 4266 417 4320 καὶ
448 4264 521 4319 τὰ
562 4263 824 4319 δοκοῦντα
849 4263 1027 4335 τούτῳ
1049 4264 1483 4335 διαπράττεσθαι
1512 4267 1753 4335 γνόντες,
1782 4285 1917 4342 καρ-

309 4357 531 4414 ποῦσθε
582 4359 683 4429 μὲν
720 4357 814 4413 τὸν
850 4357 1121 4430 ἀγιασμὺν
1170 4358 1232 4413 τὸ
1281 4361 1706 4432 ἀναμάρτητονο
1752 4379 1913 4416 τουτο

312 4453 497 4516 ἐστιν,
528 4451 596 4505 ὲκ
625 4450 685 4507 δὲ
708 4449 905 4523 τούτου
933 4449 997 4503 τὸ
1018 4450 1309 4515 ἀθανάτοις
1343 4452 1472 4523 ὑμῖν
1504 4452 1783 4525 διαμένειν
1810 4472 1917 4509 πε-

310 4544 561 4617 ριὲσται.

914 4675 1166 4730 ΚΕΦΑΛ.
1235 4677 1310 4732 Ζ’.

398 4834 422 4868 ς
457 4815 645 4881 Ὥστε,
678 4808 903 4881 ἀδελφοί
937 4825 1062 4881 μου,
1096 4809 1192 4864 καὶ
1221 4808 1381 4882 ὑμεῖς
1423 4810 1804 4886 ἐθανατώθητε
1835 4816 1914 4888 τῷ

316 4910 477 4980 νόμῳ
496 4904 585 4961 διὰ
612 4904 705 4961 τοῦ
736 4903 992 4975 σώματος
1021 4900 1118 4956 τοῦ
1148 4901 1408 4973 Χριστοῦ.
1447 4923 1466 4956 ι

382 5001 527 5071 Φέρε
558 4998 644 5070 δὴ,
690 4997 878 5067 φησὶν,
914 4995 1275 5066 συστήσωμεν
1332 4996 1425 5049 καὶ
1467 4998 1576 5051 ἀπὸ
1606 4998 1700 5053 τοῦ
1745 5000 1911 5072 νόμου

316 5091 481 5147 τοῦτο
508 5090 661 5145 αὑτό.
700 5086 912 5143 Ούκοῦν
938 5088 1053 5141 ίστε
1097 5086 1428 5158 νομομαθεῖς
1461 5087 1613 5155 ὄντες
1653 5091 1814 5146 τοῦτό
1847 5111 1913 5163 γε

317 5180 589 5256 ἀκριϐῶς,
617 5182 702 5236 ὅτι
732 5181 825 5235 τοῦ
848 5179 1143 5252 ἀνθρώπου
1174 5178 1364 5251 κύριος
1386 5181 1414 5232 ό
1437 5179 1601 5252 νόμος
1631 5183 1829 5256 μέχρις
1851 5179 1913 5242 οὗ

322 5274 389 5347 ζῇ
422 5272 789 5343 καθέστηκεν.
825 5271 891 5324 Ἥ
927 5267 1060 5339 γοῦν
1114 5266 1386 5341 ὖπανδρος
1431 5271 1569 5342 γυνὴ
1602 5272 1765 5337 ζῶντι
1813 5276 1913 5348 μὲν

321 5367 401 5441 τῷ
429 5365 608 5436 ἀνδρὶ,
638 5363 992 5435 προσδέδεται
1035 5361 1207 5433 νόμῳ.
1239 5360 1452 5416 Οὐκοῦν
1488 5363 1654 5417 αὐτοῦ
1693 5366 1912 5436 περιόν-

325 5477 415 5523 τος
437 5457 540 5513 ῑδοι
566 5458 703 5529 πρὸς
734 5456 944 5527 ἕτερον,
973 5455 1006 5527 ἢ
1052 5453 1374 5526 κεκρίσεται
1415 5457 1695 5527 μοιχαλίςι
1727 5460 1913 5513 τελευ-

322 5555 590 5623 τήσαντος
624 5549 680 5602 δὲ
712 5550 932 5619 ἀφεῖται
960 5546 1057 5600 τοῦ
1086 5547 1277 5617 νόμου,
1307 5546 1404 5600 καὶ
1436 5550 1750 5618 συνοικήσει
1788 5551 1909 5618 μὲν,

325 5637 370 5712 ᾧ
401 5642 690 5714 βούληται·
728 5641 790 5694 τὸ
819 5641 876 5695 δὲ
904 5640 1004 5712 τῆς
1048 5639 1299 5712 μοιχείας
1337 5639 1592 5710 ἔγκλημα
1625 5640 1912 5711 διαφεύξε-

324 5752 436 5789 ται.
465 5737 609 5807 Ἀρα
632 5732 1007 5801 οὓν,ἀδελι,ςοὶ,
1036 5732 1281 5787 τοιοῦτόν
1307 5749 1359 5785 τι
1387 5733 1481 5787 καὶ
1502 5733 1562 5786 τὸ
1592 5732 1713 5786 καθ²
1745 5735 1908 5806 ὑμᾶς.

324 5825 592 5899 ιἐγόνατε
643 5827 740 5898 μὲν
775 5826 885 5897 γὰρ
928 5824 1320 5891 πιστεύσαντες
1374 5825 1468 5881 τοῦ
1518 5824 1772 5897 σώματος
1816 5826 1910 5882 τοῦ

2029 3056 2140 3124 Iud,
2175 3058 2231 3112 in
2270 3071 2379 3127 quo
2412 3058 2681 3114 mandatis
2716 3059 2926 3129 peccati
2966 3060 3312 3128 serviebatis,
3341 3067 3618 3133 quomodo

2032 3146 2167 3202 nihil
2195 3147 2263 3202 ad
2288 3147 2559 3218 justitiam
2586 3150 2855 3221 agebatis.

2096 3337 2260 3393 Vsus.
2292 3336 2381 3393 21.
2429 3355 2450 3390 ι
2482 3338 2657 3407 Quem
2704 3353 2834 3410 ergo
2874 3338 3112 3395 fructum
3140 3339 3356 3400 habetis
3407 3350 3532 3399 tunc
3562 3345 3615 3399 iu

2028 3429 2159 3496 illis,
2194 3432 2247 3485 in
2277 3430 2477 3501 quibus
2510 3446 2656 3486 nunc
2686 3432 3051 3489 erubescitis!
3077 3451 3098 3486 ι

2094 3520 2355 3576 Libenter
2392 3537 2538 3577 nunc
2572 3537 2604 3577 a
2641 3524 2797 3579 vobis
2832 3525 3076 3580 audirem
3125 3542 3247 3583 cum
3279 3538 3487 3599 quanto
3536 3547 3621 3584 ar-

2024 3613 2157 3667 dore
2194 3612 2337 3666 hanc
2356 3612 2642 3681 pulchram
2686 3624 2911 3684 peccato
2960 3618 3282 3674 servitutem
3320 3624 3613 3685 serviistis,

2022 3713 2078 3760 et
2108 3705 2360 3775 quisnam
2410 3705 2481 3760 sit
2521 3704 2681 3774 hujus
2717 3707 2897 3777 magni
2930 3710 3098 3763 studii
3142 3710 3375 3767 fructus.
3420 3713 3618 3771 Nonne

2021 3796 2318 3865 corruptio,
2338 3805 2393 3851 et
2410 3795 2780 3861 immunditia,
2797 3808 2851 3851 et
2868 3812 3038 3866 mors,
3054 3809 3108 3854 ct
3122 3803 3272 3856 omni
3288 3808 3614 3861 verecundia

2022 3888 2218 3959 plena?
2242 3889 2324 3942 An
2349 3889 2513 3960 igitur
2547 3888 2632 3944 his
2656 3900 2785 3945 sunt
2819 3891 3018 3947 similia
3043 3908 3169 3964 quae
3203 3911 3347 3951 nunc
3375 3898 3610 3965 habetis,

2019 3988 2112 4035 aut
2131 3980 2497 4047 modicutn,et
2521 3996 2651 4035 casu
2685 3992 2895 4047 tantum
2921 3999 2951 4039 a
2984 3985 3261 4054 prioribus
3285 3988 3608 4059 discrepan-

2023 4072 2121 4138 tia,
2152 4080 2209 4128 et
2240 4088 2350 4127 non
2378 4071 2540 4144 plane
2569 4073 2827 4129 diversa?
2866 4073 3032 4130 Deum
3073 4076 3193 4133 loco
3218 4081 3426 4144 peccati
3453 4098 3612 4138 accc-

2020 4165 2193 4236 pistis,
2223 4176 2279 4221 et
2302 4181 2425 4237 qua:
2455 4166 2654 4236 placita
2683 4176 2813 4247 sunt
2847 4167 2897 4223 ei
2921 4182 3341 4240 cognoscentes,
3368 4172 3608 4231 fructum

2020 4257 2235 4315 habetis
2284 4259 2801 4328 sanetilicationem,
2852 4260 2905 4315 id
2949 4271 3036 4319 est
3089 4263 3607 4339 innocentiam,qua

2020 4351 2176 4407 vobis
2206 4353 2428 4422 insuper
2449 4352 2669 4407 dabitur
2696 4351 3101 4412 immortalibus
3133 4370 3277 4413 esse.

2654 4673 2807 4731 CAP.
2846 4672 2963 4730 Vll.
3062 4700 3073 4714 ι

2099 4806 2262 4864 Vens.
2299 4811 2358 4863 4.
2400 4829 2417 4860 ι
2451 4808 2659 4879 Itaque,
2688 4810 2886 4868 fratres
2909 4810 3040 4879 mei,
3083 4819 3137 4869 et
3166 4830 3262 4873 vos
3292 4802 3607 4880 mortiﬁcati

2022 4902 2154 4957 estis
2184 4902 2285 4972 legi
2317 4917 2414 4971 per
2438 4917 2638 4972 corpus
2663 4904 2890 4962 Christi.
2930 4927 2951 4960 ι

2020 5010 2027 5013 ·
2082 4993 2207 5063 ’Age
2240 4993 2423 5064 igitur,
2472 4993 2667 5063 inquit,
2705 4997 2808 5052 hoe
2846 5012 2943 5068 per
2984 5001 3157 5072 legem
3203 5002 3375 5074 ipsam
3412 5009 3613 5060 contir-

2022 5101 2256 5141 memus.
2305 5085 2426 5140 Non
2470 5085 2762 5156 ignoratis,
2796 5105 2918 5145 cum
2955 5092 3128 5162 legem
3164 5103 3220 5149 et
3264 5096 3482 5165 quidem
3518 5116 3614 5151 ac-

2023 5178 2369 5234 curatissime
2433 5179 2630 5244 scitis,
2689 5181 2861 5250 legem
2920 5185 2974 5237 in
3046 5185 3270 5243 homine
3337 5188 3610 5243 deminuti

2021 5278 2228 5340 quanto
2271 5278 2517 5341 tempore
2560 5270 2717 5325 vivit.
2760 5269 2958 5327 Mulier
2990 5274 3159 5345 igitur
3189 5278 3446 5347 qum'sub
3493 5281 3613 5333 viro

2021 5372 2123 5426 est,
2159 5360 2377 5416 vivente
2409 5361 2626 5430 marito,
2663 5363 2767 5435 legi
2797 5365 3065 5435 suhjacel.
3101 5367 3183 5432 Si,
3231 5354 3445 5423 vivente
3471 5369 3611 5440 viro,

2022 5454 2188 5508 alium
2241 5456 2610 5524 conspexerit,
2677 5458 2963 5513 vocabitur
3004 5459 3273 5515 adultera.
3325 5458 3382 5514 Si
3430 5474 3615 5520 autem

2023 5556 2271 5601 mortuus
2288 5544 2453 5601 fuerit
2477 5549 2702 5604 maritus
2729 5548 2866 5617 ejus,
2892 5550 3122 5606 liberata
3145 5563 3229 5607 est
3249 5566 3279 5605 a
3299 5552 3453 5623 lege;
3483 5571 3614 5613 cum

2020 5640 2139 5694 viro
2185 5654 2346 5709 quem
2396 5639 2626 5694 voluerit
2671 5641 2838 5706 vivet,
2880 5643 3012 5713 quin
3064 5644 3311 5699 incurrat
3356 5646 3611 5703 adulterii

2022 5714 2256 5785 crimen.
2310 5728 2386 5785 Ita
2436 5744 2496 5785 se
2543 5732 2767 5798 habent,
2797 5732 3024 5799 fratres,
3068 5750 3191 5806 qua:
3238 5737 3306 5791 ad
3344 5752 3443 5791 vos
3492 5750 3613 5807 spe-

2023 5832 2195 5880 ctant.
2224 5821 2327 5879 Per
2360 5823 2520 5881 ﬁdem
2568 5828 2818 5897 corporis
2844 5827 3048 5884 Christi
3082 5829 3330 5885 membra
3364 5827 3496 5886 estis
3526 5828 3613 5894 εῖτ
