4064 6400
437 317 459 381 Ῑ
471 320 573 383 679

1540 325 1916 388 GENNADII
1956 316 2463 396 PATRIARCILE
2505 340 2609 400 cr.

3577 341 3713 404 1(380

436 435 586 488 fut-ti.
623 431 874 488 Christus
925 430 1026 498 legi
1079 438 1325 486 mortuus
1361 432 1427 484 ad
1466 432 1693 486 alteram
1739 436 1903 490 vitam
1955 453 2013 493 es

2126 442 2402 511 Χριστοῦο
2454 446 2862 515 τετελευτηκὼς
2907 450 2960 502 δὲ
3006 451 3214 509 ἐκεῖνος
3262 451 3339 522 τῷ
3378 450 3528 523 νόμῳ
3577 452 3713 519 πρὸς

436 527 666 579 mortuis
696 525 956 578 surrexit.
995 520 1106 577 Vos
1141 524 1305 590 igitur
1335 523 1512 578 eliecti
1543 543 1707 579 unum
1740 544 1938 599 corpus
1967 532 2018 586 in

434 619 572 683 ipso,
608 616 917 671 mortiﬁcati
956 616 1087 672 estis
1119 617 1245 688 legi,
1269 627 1322 670 et
1364 616 1438 672 illi
1467 617 1789 675 fructiﬁcate
1826 623 2017 677 eodem

434 710 548 761 fere
585 707 740 760 modo
764 721 861 774 per
892 709 1373 762 resurrectionem.

503 927 671 983 Vsus.
702 928 758 984 5.
807 948 824 980 ι
854 928 987 984 Cum
1020 930 1165 985 enim
1220 945 1470 986 essemus
1500 930 1551 985 in
1583 947 1773 998 carne,
1809 934 2017 1004 passio-

431 1036 527 1075 nes
560 1031 909 1089 peccatorum
941 1036 1061 1090 qua:
1090 1037 1184 1092 per
1209 1021 1380 1093 legem
1410 1035 1589 1087 erant,
1626 1042 1646 1076 ι
1689 1034 1795 1080 etc.

509 1109 619 1162 Vox
658 1126 785 1164 caro
824 1109 877 1163 in
918 1108 1203 1178 Scriptura
1251 1125 1405 1166 sacra
1434 1113 1750 1182 frequenter
1792 1129 2020 1183 usurpa-

431 1208 542 1254 tur.
574 1198 677 1255 Per
721 1201 860 1254 hanc
906 1214 1091 1254 vocem
1149 1200 1318 1255 modo
1338 1201 1511 1270 ipsam
1545 1201 1793 1272 designat
1826 1217 2019 1271 corpo-

434 1307 580 1345 ream
627 1289 882 1353 formam,
921 1299 979 1344 ut
1025 1292 1078 1344 itt
1134 1292 1220 1346 his
1279 1307 1399 1362 quae
1445 1291 1697 1348 Salvator
1740 1294 2021 1364 discipulis

432 1390 555 1451 post
592 1381 1047 1435 resurrectionem
1078 1396 1232 1436 suam
1266 1382 1333 1435 de
1363 1382 1544 1453 seipso
1573 1382 1709 1438 dicit
1746 1405 1756 1439 :
1790 1383 2018 1453 Spiritus

431 1488 642 1526 carnem
676 1484 724 1526 et
759 1488 885 1526 ossa
922 1488 1027 1527 non
1055 1473 1233 1539 habet,
1270 1474 1406 1527 sicut
1434 1489 1513 1528 me
1547 1474 1735 1529 videtis
1759 1475 2017 1543 habere";

430 1565 592 1619 modo
624 1578 728 1617 non
767 1572 1018 1616 naturam
1050 1564 1146 1618 sed
1192 1563 1366 1633 ipsius
1397 1565 1680 1635 passiones
1723 1576 1780 1619 ut
1817 1567 1870 1622 iu
1901 1566 2019 1622 loco

430 1653 694 1721 praefato;
748 1668 857 1708 non
908 1654 1056 1709 enim
1096 1654 1254 1725 quasi
1300 1655 1613 1712 hominibus
1660 1672 1805 1713 nunc
1838 1658 2019 1713 carnis

2122 537 2316 607 ἑτέραν
2352 539 2415 591 ἐκ
2441 539 2548 591 τῶν
2576 540 2787 611 νεκρῶν
2812 541 3014 595 ἀνεϐίω
3044 541 3189 614 ζωήν
3215 562 3228 575 ·
3258 545 3457 599 οὐκοῦν
3479 544 3535 597 ἓν
3559 544 3713 609 ὄντες

2121 630 2215 681 καὶ
2267 630 2426 699 ὑμεῖς
2464 631 2521 684 ὲν
2555 629 2726 702 αὐτῷ,
2763 632 2840 703 τῷ
2871 634 2970 703 μὲν
3014 635 3164 706 νόμῳ
3213 636 3545 705 τεθνήκατεο
3578 654 3714 707 καρ-

2125 719 2339 773 πώσετε
2371 722 2459 775 διὰ
2482 721 2583 791 τῆς
2618 724 2972 790 ἀναστάσεως
3001 727 3152 798 αὐτῷ
3186 726 3585 796 παραπλησίως
3616 727 3714 781 καὶ

2122 812 2303 882 ὑμεῖς.

2198 947 2216 979 ι
2267 928 2396 981 Ὅτε
2431 931 2530 999 μὲν
2569 931 2677 1002 γὰρ
2704 927 2849 1002 ἦμεν
2893 935 2952 988 ὲν
2983 937 3049 1006 τῇ
3077 934 3261 1005 σαρκὶ,
3292 934 3362 988 τὰ
3411 934 3715 1008 παθήματα

2119 1019 2226 1073 τῶν
2257 1022 2544 1092 ἁμαρτιῶν
2581 1024 2649 1077 τὰ
2678 1025 2768 1078 διὰ
2798 1026 2895 1079 τοῦ
2924 1027 3113 1097 νόμου,
3147 1046 3166 1078 s
3212 1044 3268 1083 κ.
3295 1045 3346 1081 τ.
3374 1027 3427 1081 λ.

2195 1111 2284 1183 Τῷ
2337 1114 2437 1183 τῆς
2467 1116 2694 1183 σαρκὸς
2747 1117 2973 1188 ὀνόματι
3026 1119 3192 1189 διχῶς
3246 1120 3281 1190 ἠ
3337 1120 3458 1177 θεία
3513 1119 3716 1193 χρῆται

2121 1208 2310 1279 Γραιρη
2336 1226 2347 1238 °
2384 1210 2479 1263 νῦν
2511 1212 2610 1280 μὲν
2632 1211 2729 1282 τὴν
2760 1212 2923 1283 φύσιν
2954 1213 3127 1276 οὕτως
3152 1214 3321 1284 αὐτὴν
3340 1213 3712 1284 ὀνομάζουσα,

2118 1300 2193 1361 ὼς
2227 1300 2306 1365 τὸ,
2338 1302 2582 1371 Πνεῦμα
2604 1303 2805 1371 σάρκα
2835 1303 2935 1357 καὶ
2964 1303 3146 1359 ὀστέα
3186 1306 3298 1359 οὐκ
3330 1305 3476 1375 ἔχει,
3515 1306 3715 1371 καθὼς

2119 1392 2225 1463 ἐμὲ
2251 1395 2518 1463 θεωρεῖτε
2554 1397 2797 1464 ἔχοντα,
2830 1395 2908 1466 τῷ
2943 1398 3158 1469 Σωτῆρι
3184 1398 3322 1469 rapit;
3350 1400 3478 1462 τοὺς
3529 1400 3714 1470 μαθη-

2119 1487 2219 1549 τὰς
2252 1487 2380 1559 περὶ
2418 1487 2587 1541 αὐτοῦ
2612 1489 2749 1557 μετὰ
2784 1488 2883 1559 τὴν
2916 1489 3217 1547 ἀνάστασιν
3249 1491 3544 1563 εἰρημένον
3567 1509 3581 1524 ·
3615 1493 3714 1547 νῦν

2118 1577 2183 1639 δὲ
2213 1580 2314 1634 οὐκ
2350 1581 2542 1651 αὐτὴν,
2594 1580 2730 1635 ἀλλὰ
2782 1582 2844 1634 τὸ
2894 1582 3065 1652 αὐτῆς
3114 1584 3384 1654 ἐμπαθὲς,
3425 1585 3503 1649 ὡς
3544 1584 3714 1640 τοῦτο

2118 1673 2253 1725 αὐτὸ
2283 1673 2347 1727 τὸ
2389 1674 2774 1744 προκείμενον.
2805 1674 2880 1728 Οὐ
2912 1673 3021 1745 γὰρ
3064 1675 3139 1737 ὡς
3182 1675 3444 1746 ἀσάρκων
3491 1676 3587 1731 νῦν
3614 1677 3710 1730 ὅν-

427 1748 746 1817 expertibus
783 1746 900 1802 lucc
921 1747 1089 1801 verba
1124 1748 1429 1817 proposuit,
1468 1747 1601 1803 Cum
1628 1750 1766 1803 enim
1788 1765 2013 1805 essemus

2121 1778 2228 1814 των
2260 1761 2433 1831 ἔφησε
2465 1762 2687 1829 τὸ,”οτε
2716 1760 2870 1833 ἦμεν
2894 1764 2966 1818 ἐν
2988 1763 3063 1833 τῇ
3095 1764 3296 1834 σαρκὶ,
3326 1766 3444 1821 ἀλλ’
3466 1766 3543 1831 ὡς
3569 1766 3712 1838 πρὸς

430 1840 489 1893 in
530 1855 710 1905 came,
747 1838 844 1894 sed
888 1838 1047 1908 quasi
1083 1839 1399 1897 hominibus
1425 1842 1517 1910 qui
1551 1840 1606 1895 in
1646 1841 1866 1899 Christo
1893 1857 2019 1912 pro-

432 1931 607 2000 gressi
646 1939 774 1989 sunt
802 1930 870 1984 ad
912 1929 1381 1989 immortalitatem
1415 1941 1471 1986 et
1504 1932 1819 2001 passionum
1857 1924 2019 1986 voca-

433 2021 660 2074 tionem.
704 2020 1043 2090 Frequenter
1084 2021 1255 2086 enim,
1298 2022 1441 2076 sicut
1466 2019 1580 2091 jam
1622 2022 1757 2090 dixi,
1794 2037 1915 2091 qua:
1950 2022 2018 2077 de

428 2112 650 2166 Christo
687 2113 979 2179 credimus,
1006 2112 1120 2167 haec
1157 2111 1316 2167 nobis
1346 2115 1502 2183 quasi
1536 2114 1826 2183 prmsentia
1861 2113 2020 2168 indu-

430 2205 525 2257 cit.
559 2202 769 2257 Etenim
795 2202 947 2267 dicit,
982 2216 1105 2259 cum
1142 2203 1325 2258 adhuc
1365 2217 1615 2259 essemus
1648 2204 1699 2259 in
1734 2204 1843 2258 vita
1882 2219 2023 2274 prte-

429 2294 639 2349 cedenti
679 2294 909 2359 carnali,
953 2295 1239 2363 passiones
1286 2293 1342 2348 in
1388 2296 1653 2350 membris
1690 2297 1892 2351 nostris
1921 2311 2021 2366 per

427 2384 599 2454 legem
626 2386 839 2456 operari
882 2387 950 2441 ad
980 2395 1241 2457 peccata;
1278 2387 1333 2442 id
1360 2399 1465 2453 est,
1500 2388 1747 2445 actiones
1793 2398 2017 2451 nostrae,

425 2490 525 2547 per
551 2476 725 2546 legem
777 2478 830 2531 in
875 2487 1161 2549 peccatum
1200 2480 1634 2549 itnputabantur.
1666 2479 1897 2536 Peccato
1925 2496 2021 2535 au-

430 2578 536 2624 tem
575 2568 848 2624 vulnerati
884 2572 1198 2625 necessario
1235 2571 1305 2626 ad
1355 2582 1590 2625 mortem
1643 2572 2014 2626 mittebantur.

430 2662 527 2716 llis
561 2661 708 2716 enim
744 2673 867 2717 sese
913 2662 1143 2719 invicem
1174 2663 1661 2719 corroborantibus
1693 2662 1745 2716 iu
1777 2676 2020 2717 errorem

427 2753 791 2811 inducebantur
820 2765 1014 2809 natura
1055 2765 1264 2810 nostra.
1297 2756 1561 2829 luiquitas
1592 2771 1688 2826 per
1725 2756 1900 2826 legem
1935 2756 2022 2815 in-

424 2844 755 2910 valescebat,
784 2848 1246 2903 corroborabatur
1268 2863 1414 2903 mors
1439 2864 1533 2918 per
1557 2857 1863 2918 peceatum,
1894 2848 2021 2904 dum

422 2931 510 2990 lex
547 2935 892 3001 mortalibus,
933 2943 987 2989 et
1017 2935 1141 2991 ideo
1171 2938 1238 2991 ad
1272 2948 1552 3007 peccatum
1577 2938 1883 3007 prapeusis,
1929 2952 2022 2992 ne-

421 3025 666 3082 cessario
700 3026 1097 3082 dominaretur.
1147 3026 1257 3085 Lex
1307 3029 1471 3099 igitur
1510 3039 1791 3100 peccatum
1841 3038 2022 3099 protu-

2121 1852 2422 1906 ἀθανασίαν
2448 1853 2544 1906 καὶ
2576 1854 2851 1908 ἀπάθειαν
2883 1855 2942 1909 ἐν
2979 1854 3205 1927 Χριστῷ
3239 1856 3708 1927 μετεληλυθότων.

2122 1943 2391 2009 Πολλάκις
2419 1943 2549 2016 γὰρ,
2585 1944 2769 2010 καθὼς
2807 1946 2911 2018 ἥδη
2960 1947 3231 2019 προέφην,
3266 1949 3391 2007 ἀπὸ,
3423 1949 3530 2005 τῶν
3564 1950 3714 2011 κατά

2120 2037 2358 2108 Χριστὸν
2388 2040 2800 2108 πιστευομένων
2828 2041 2963 2111 ἡμῖν
2999 2040 3075 2105 ὡς
3095 2041 3413 2097 ἐνεστώτων
3446 2044 3712 2112 προσδια-

2121 2127 2364 2197 λέγεται.
2415 2129 2580 2197 Λέγει
2637 2130 2820 2186 τοίνυν
2866 2133 2951 2185 ὅτι
2980 2134 3082 2204 τῆς
3121 2134 3400 2206 προτέρας
3442 2136 3599 2206 ἡμῶν
3623 2137 3712 2201 ἔτι

2120 2219 2221 2290 τῆς
2254 2224 2523 2293 σαρκικῆς
2552 2220 2723 2276 ὄντων
2751 2223 2920 2294 ζωῆς,
2946 2222 3018 2279 τὰ
3039 2227 3097 2279 ὲν
3127 2227 3242 2289 τοῖς
3271 2227 3568 2299 ἡμετέροις
3601 2247 3713 2283 πα-

2123 2313 2342 2384 θήματα
2383 2312 2573 2381 μέλεσι
2598 2313 2734 2385 πρὸς
2768 2315 3044 2385 ἁμαρτίαν
3079 2318 3358 2387 ὲνεργείτο
3381 2318 3471 2381 διὰ
3503 2321 3599 2379 τοῦ
3628 2321 3714 2376 νό-

2126 2422 2227 2475 μου
2247 2419 2261 2431 ·
2289 2403 2571 2459 τουτέστιν
2593 2404 2683 2474 ὑφ’
2715 2407 2875 2478 ἡμῶν
2895 2407 3288 2479 ἐνεργούμενα,
3314 2409 3405 2475 διὰ
3424 2412 3518 2467 τὸν
3542 2414 3714 2484 νόμον

2123 2494 2254 2563 ἡμῖν
2290 2495 2371 2558 είς
2414 2494 2688 2567 ἁμαρτίαν
2717 2496 3129 2565 κατελογίζετο·
3176 2504 3607 2573 τιτρωσκόμενοι
3649 2506 3710 2561 δὲ

2123 2585 2229 2640 ὑπὸ
2254 2587 2482 2659 ταύτης,
2509 2588 2823 2658 ἀναγκαίως
2838 2589 2917 2661 τῷ
2942 2590 3155 2664 θανάτῳ
3190 2598 3731 2668 παραπεμπόμεθα.’

2122 2676 2267 2749 Πρὸς
2301 2677 2410 2749 γὰρ
2447 2677 2657 2744 τούτοις
2690 2679 2758 2732 δι’
2785 2679 3033 2751 ἀλλήλων
3081 2684 3509 2754 κρατυνομένοις
3537 2689 3572 2757 ἡ
3600 2688 3710 2756 φύ-

2123 2786 2209 2833 σις
2249 2769 2406 2841 ἡμῶν
2438 2768 2825 2842 ἐδογματίζετο
2848 2788 2861 2802 ·
2901 2773 3001 2843 τῆς
3033 2773 3134 2843 μὲν
3173 2776 3451 2848 ἁμαρτίας
3493 2780 3714 2850 (quod-

2126 2879 2225 2935 σης
2261 2862 2351 2916 διὰ
2372 2864 2467 2917 τοῦ
2495 2863 2685 2935 νόμου,
2707 2864 2802 2918 τοῦ
2828 2865 3061 2919 θανάτου
3090 2866 3147 2920 δὲ
3174 2867 3265 2921 διὰ
3300 2870 3399 2941 τὴν
3428 2873 3712 2944 ἁμαρτίαν

2122 2954 2484 3026 κρατοῦντοςο
2539 2955 2634 3010 τοῦ
2666 2957 2833 3028 νόμου
2885 2957 3087 3024 δὲτοίς
3123 2961 3339 3032 θνητοῖς
3387 2981 3446 3018 τε
3494 2968 3590 3020 καὶ
3616 2968 3711 3023 διὰ

2122 3046 2282 3101 τοῦτο
2312 3047 2450 3119 πρὸς
2489 3048 2768 3119 ἁμαρτίαν
2805 3050 3196 3121 ὲπιρῤεπέσιν,
3232 3054 3550 3124 ἀναγκαίως
3587 3061 3713 3115 ἐπι-

423 3116 508 3185 lit,
556 3126 789 3173 mortem
827 3120 1014 3188 genuit
1049 3130 1356 3189 peccatum.
1404 3119 1551 3176 Mors
1596 3136 1692 3190 per
1732 3121 2012 3191 passiones

2119 3116 2399 3211 κειμένου.
2432 3116 2645 3196 Οὐκοῦν
2690 3141 2789 3214 τὴν
2822 3116 3233 3216 μὲννὰμαρτίαν
3270 3149 3304 3202 ὁ
3342 3116 3549 3221 κόσμος
3574 3161 3597 3194 ⁸
3618 3154 3713 3207 νό-

423 3207 661 3263 reddidit
684 3218 936 3264 naturam
956 3211 1021 3263 ad
1044 3220 1325 3279 peccatum
1356 3224 1706 3279 propensam,
1731 3219 1785 3266 et
1815 3210 1867 3263 in
1899 3209 2015 3281 lege

419 3301 741 3357 necessario
769 3301 1070 3358 constituta
1099 3303 1219 3357 fuit.

493 3593 664 3655 Vens.
697 3594 752 3652 6.
795 3612 815 3650 ι
841 3594 999 3653 Nunc
1037 3606 1220 3653 autem
1248 3594 1412 3652 soluti
1437 3611 1629 3654 sumus
1658 3612 1690 3652 a
1723 3596 1840 3670 lege
1866 3614 2008 3656 mor-

422 3687 494 3743 tis
538 3688 593 3742 in
626 3702 733 3759 qua
763 3689 1168 3745 detinebantur.
1206 3706 1230 3743 ι

492 3803 647 3859 Nunc
678 3815 881 3872 autem,
919 3804 1118 3875 inquit,
1167 3805 1333 3860 soluti
1363 3821 1553 3864 sumus
1592 3823 1622 3864 a
1650 3808 1767 3883 lege
1812 3812 1865 3866 in
1899 3824 2006 3882 qus

422 3895 825 3961 detinebamur,
856 3897 932 3951 ita
963 3906 1020 3950 ut
1050 3898 1346 3952 serviamus
1374 3900 1431 3952 in
1459 3901 1685 3956 novitate
1715 3903 1934 3972 spiritus
1959 3912 2009 3958 et

419 4003 524 4040 non
551 3987 606 4040 in
652 3996 910 4042 vetustate
953 3988 1170 4043 litterae.
1222 3987 1447 4061 Oportet
1485 3993 1650 4062 igitur
1682 4009 1781 4050 nos
1811 3996 1880 4049 de
1910 4010 2010 4050 ete-

427 4088 544 4133 tero
571 4092 762 4148 gerere
778 4079 948 4148 quasi
983 4080 1233 4136 homines
1267 4086 1358 4153 qui
1389 4084 1728 4143 immortales
1752 4088 2009 4158 spiritus-

420 4167 608 4238 lesque
655 4169 833 4227 eﬂccti
868 4157 1018 4238 sunt,
1068 4186 1174 4229 non
1204 4176 1359 4245 quasi
1402 4177 1649 4232 homines
1679 4157 1855 4232 adhuc
1879 4193 2004 4232 cor.

421 4262 727 4330 ruptibiles,
752 4278 816 4319 ac
841 4268 1098 4321 vetustati
1133 4274 1187 4321 et
1217 4267 1340 4324 ideo
1370 4268 1503 4337 legis
1533 4268 1784 4324 servituti
1822 4267 2007 4336 subje-

419 4363 557 4407 ctos.
593 4352 859 4425 Spiritum
911 4372 942 4412 a
975 4358 1159 4415 littera
1200 4360 1456 4417 distinxit
1493 4360 1808 4430 Apostolus,
1842 4375 1873 4414 a
1909 4377 2004 4418 ve-

2117 3251 2217 3303 μος
2244 3232 2497 3303 συνέστη.
2544 3236 2608 3288 Ἦ
2636 3234 2693 3288 δὲ
2720 3236 2969 3307 ἁμαρτία
3010 3237 3101 3291 τὸν
3129 3237 3362 3295 θάνατον
3405 3243 3705 3313 ἀπεγέννα.

2127 3320 2183 3376 '0
2208 3321 2265 3376 δὲ
2298 3321 2529 3387 θάνατος
2561 3323 2658 3393 τὴν
2685 3324 2850 3393 φύσιν
2884 3327 2966 3390 εἰς
2998 3327 3278 3400 ἁμαρτίαν
3305 3332 3587 3388 εὐόλισθον
3613 3336 3707 3390 διὰ

2112 3412 2206 3466 τοῦ
2239 3412 2524 3484 ὲμπαθοῦς
2568 3413 2973 3487 ὲργασάμενος,
3017 3418 3075 3470 ὲν
3109 3420 3268 3491 χρείᾳ
3306 3421 3489 3492 νόμων
3537 3425 3709 3479 κατέ.

2116 3520 2334 3574 στησεν.

2188 3632 2208 3666 s
2238 3614 2375 3668 Νυνὶ
2404 3614 2465 3669 δὲ
2511 3619 2973 3690 κατηγορήθημον
3017 3620 3126 3675 ἀπὸ
3157 3622 3253 3678 τοῦ
3280 3625 3448 3697 νόμον
3492 3628 3707 3685 «imiim-

2111 3707 2312 3772 νόντες,
2346 3708 2403 3759 ὲν
2438 3699 2482 3776 ᾧ
2513 3710 2906 3781 κατειχόμεθα.
2946 3730 2968 3765 s

2177 3817 2292 3872 Νῦν
2315 3818 2519 3889 μέντοι,
2549 3821 2740 3892 φησιν,
2773 3822 2885 3876 ἀπὸ
2911 3822 3007 3877 τοῦ
3041 3824 3212 3896 νόμου
3244 3828 3340 3883 τοῦ
3367 3832 3705 3906 κατέχοντος

2109 3911 2259 3981 ἡμᾶς
2284 3912 2737 3985 κατηργήθημεν,
2763 3912 2921 3969 ὥστε
2947 3914 3268 3974 δουλεύειν
3293 3922 3453 3992 ἡμᾶς
3477 3926 3551 3980 ἐν
3572 3946 3705 3983 και-

2108 4004 2317 4071 νότητι
2347 4004 2687 4073 πνεύματος·
2710 4004 2809 4059 καί
2833 4008 2907 4061 οὐ
2945 4011 3301 4078 παλαιότητι
3333 4015 3701 4089 ψάμματος.

2108 4091 2241 4146 Δέον
2279 4089 2374 4147 οὖν
2400 4091 2476 4155 ὡς
2498 4090 2801 4158 ἀθανάτους
2832 4095 2926 4149 τοῦ
2951 4096 3143 4154 λοιποῦ
3177 4102 3270 4156 καὶ
3293 4112 3706 4177 πνευματικοὺς

2108 4182 2510 4277 γεγενημένους
2534 4184 2683 4277 ἡμᾶς
2713 4184 3094 4277 πολιτεύεσθαι
3116 4204 3130 4219 °
3155 4191 3294 4248 ἀλλὰ
3323 4195 3398 4267 μὴ
3423 4197 3501 4261 ὡς
3532 4201 3706 4277 φθαρο

2105 4272 2235 4336 τοὺς
2266 4272 2350 4326 ἔτι
2375 4274 2469 4326 καὶ
2500 4272 2961 4346 παλαιουμένους,
2986 4280 3083 4333 καὶ
3112 4281 3265 4353 νόμῳ
3292 4283 3383 4337 διὰ
3407 4285 3568 4340 τοῦτο
3598 4272 3704 4343 κα-

2106 4365 2589 4436 τηναγκασμένους
2643 4367 2939 4426 δουλεύειν.
3007 4371 3425 4433 ’Δντιδιέστειλε
3488 4378 3550 4434 δὲ
3618 4383 3704 4455 τῷ

417 4456 624 4501 tustate
684 4449 1007 4513 novitatem,
1056 4459 1110 4505 et
1140 4464 1237 4519 per
1286 4452 1389 4507 ista
1436 4452 1657 4504 nomina
1709 4452 2001 4509 maximam

2117 4456 2397 4528 γράμματι
2427 4459 2526 4529 μὲν
2554 4459 2617 4513 τὸ
2639 4462 2861 4533 πνεῦμα
2881 4480 2894 4493 ·
2917 4466 2987 4537 τῇ
3010 4466 3335 4539 παλαιότητι
3357 4470 3416 4525 δὲ
3442 4472 3544 4544 τὴν
3572 4449 3704 4529 καιζ

413 4549 601 4592 rerum
634 4537 998 4594 diﬂ‘erentiam
1029 4540 1291 4596 ostendit.

492 4741 655 4795 Vens.
702 4741 757 4795 7.
811 4762 830 4796 ι
860 4743 1000 4811 Quid
1058 4755 1192 4812 ergo
1249 4742 1530 4800 dicemus?
1578 4746 1661 4803 lex
1713 4763 1991 4818 peccatum

413 4829 537 4882 est?
569 4847 589 4880 ι
621 4839 729 4885 etc.

488 4943 979 5015 Concupiscentiam
1000 4945 1162 5010 enim,
1217 4944 1412 5016 inquit,
1468 4955 1739 5021 nescirem,
1776 4958 1878 5013 nisi
1912 4959 1998 5014 (ea:

414 5036 653 5089 diceret:
682 5032 808 5089 Non
855 5034 1211 5104 concupisces.
1248 5035 1362 5093 Non
1408 5042 1537 5099 dicit
1586 5048 1895 5103 mandatmu
1942 5052 1994 5105 in

417 5141 504 5179 me
529 5126 825 5182 inseruisse
852 5125 1347 5195 concupiscentiam
1376 5148 1538 5202 quam
1566 5150 1669 5191 non
1702 5139 1992 5209 habebam,

418 5235 542 5273 naut
596 5227 681 5275 est
711 5218 1152 5288 concupiscentia
1201 5226 1481 5291 naturalis.
1531 5226 1639 5283 Sed
1686 5230 2000 5303 priusquam

420 5309 502 5363 lex
554 5325 648 5378 per
695 5309 1120 5380 prohibitionem
1168 5313 1477 5374 edocuisset
1526 5334 1635 5385 me,
1691 5325 1999 5379 nesciebam

416 5400 915 5468 concupiscentiam
951 5413 1006 5459 et
1050 5405 1460 5478 vituperandam
1504 5420 1559 5467 et
1609 5412 1807 5471 malam
1851 5431 1996 5474 esse.

490 5605 508 5634 '
531 5602 663 5662 Luc.
697 5623 846 5679 xxnv,
877 5610 945 5669 59

476 5718 501 5751 ⁸
535 5718 624 5775 Sic
644 5722 781 5781 Cod.

2106 4550 2342 4619 νὸτηταο
2396 4554 2493 4607 καὶ⁹
2538 4555 2723 4618 αὐτοῖς
2753 4558 2866 4619 τοῖς
2902 4556 3133 4628 ὀνόμασι
3166 4560 3703 4633 μεγίστηνδδεικνὺς

2105 4641 2205 4713 τὴν
2229 4642 2336 4696 τῶν
2368 4647 2714 4716 πραγμάτων
2740 4648 3026 4720 διαφοράν.

2181 4766 2202 4802 s
2240 4748 2305 4801 Τί
2334 4749 2427 4805 οῦν
2451 4752 2686 4824 ἐροῦμεν
2706 4771 2722 4821 ;
2745 4759 2773 4810 ὁ
2801 4757 2966 4828 νόμος
2995 4759 3279 4832 ἁμαρτίας
3317 4781 3336 4815 ι
3365 4781 3419 4820 κ.
3445 4783 3498 4821 τ.
3531 4767 3584 4822 λ.

2183 4950 2302 5016 Τήν
2331 4968 2394 5005 τε
2427 4953 2536 5023 γὰρ
2565 4955 2904 5025 ἐπιθυμίαν,
2946 4960 3132 5031 φησιν,
3161 4963 3273 5016 οὐκ
3313 4962 3502 5034 ᾔδειν,
3527 4972 3580 5022 εὶ
3602 4970 3698 5040 μὴ

2107 5041 2140 5094 ό
2159 5044 2344 5112 νόμος
2367 5043 2596 5116 ἔλεγεν,
2622 5049 2743 5103 Οὐκ
2769 5047 3183 5119 ἐπιθυμήσεις.
3206 5053 3280 5107 Οὐ
3310 5055 3470 5109 τοῦτό
3503 5075 3578 5130 φη
3590 5078 3699 5128 τιν,

2105 5130 2189 5185 δτι
2241 5132 2344 5203 τῆς
2396 5133 2697 5212 ἐπιθυμίας
2749 5155 2841 5207 μοι
2884 5139 2985 5211 τὴν
3019 5141 3183 5211 φύσιν
3234 5144 3544 5202 ἐντέθεικεν
3591 5152 3703 5205 οὐκ

2101 5219 2278 5292 ἔχοντι
2306 5223 2368 5277 τὸ
2395 5226 2770 5300 παράγγελμα
2789 5243 2801 5256 ·
2832 5231 2867 5298 ἡ
2898 5231 3005 5302 γὰρ
3030 5232 3299 5304 ἐπιθυμία
3321 5237 3422 5308 τῆς
3444 5237 3695 5307 φύσεως.

2113 5313 2255 5371 Ἀλλ’
2289 5317 2371 5369 ὅτι
2405 5317 2480 5390 μὴ
2523 5318 2836 5386 διδάξαντός
2868 5340 2935 5394 με
2956 5323 3052 5376 τοῦ
3085 5325 3250 5398 νόμον
3295 5327 3383 5382 διὰ
3414 5330 3517 5400 τῆς
3546 5333 3703 5388 ἀπα-

2099 5404 2426 5476 γορεύσεως,
2454 5408 2717 5478 ἐπίψογον
2742 5429 2799 5466 τε
2826 5413 2921 5466 καὶ
2948 5414 3163 5488 φαύλην
3185 5416 3485 5492 ἐπιθυμίαν
3516 5421 3637 5481 ὑπά

2098 5514 2214 5566 χειν
2242 5500 2344 5552 οὐκ
2370 5501 2715 5574 ἠπιστάμην.
2823 5533 2827 5537 ’
3638 5500 3665 5530 ν·
