4064 6424
326 368 465 437 1689

507 459 517 537 ἶ
939 488 1192 544 ΚΕΦΑΛ.
1236 491 1316 544 ην.

403 638 424 672 ι
464 619 537 673 Τὸ
571 621 679 691 γὰρ
717 623 981 678 ἀδύνατον
1033 624 1126 680 τοῦ
1164 626 1332 697 νόμου
1387 628 1447 680 ἒν
1477 622 1521 697 ᾧ
1557 627 1783 698 ὴσθένει
1826 629 1916 683 διὰ

322 714 427 785 τῆς
453 716 677 785 σαρκός.
720 738 738 770 ι

396 807 442 839 ⁵ο
473 810 573 860 Ἢν
610 810 638 861 ὁ
670 811 852 879 νόμος,
888 812 1045 882 φησὶ,
1073 812 1359 868 δικαίωσιν
1392 814 1753 885 ὑπαγορεύων
1786 816 1908 885 ὴτό·

322 913 404 949 νει
436 897 524 950 διὰ
553 898 653 967 τῆς
692 901 969 971 ἡμετέρας
1015 902 1219 972 σαρκὸς
1264 903 1323 956 ὲν
1353 905 1489 974 ἡμῖν
1539 904 1908 976 κατορθῶσαι,

319 989 524 1059 ταύτης
556 990 597 1022 ⁸⁸
630 991 688 1043 ὲν
715 993 936 1063 Χριστῷ
966 995 1241 1065 παρέσχεν
1270 998 1403 1068 ἡμῖν
1432 1000 1460 1051 ὁ
1489 997 1641 1062 Θεός.
1673 998 1777 1052 Τὸν
1802 999 1911 1069 γὰρ

322 1079 449 1132 Υἰὸν
487 1079 711 1152 πέμψας
751 1083 842 1137 τὸν
872 1086 1067 1139 ἑαυτοῦ
1104 1088 1173 1154 ⁸¹,
1206 1088 1388 1160 σάρκα
1430 1089 1531 1159 τὴν
1570 1090 1743 1161 αὐτὴν
1779 1092 1912 1160 ἡμῖν

316 1173 536 1242 ἔχοντα,
565 1175 816 1247 παθητὴν
842 1194 903 1230 τε
948 1179 1044 1233 καὶ
1088 1181 1358 1252 ἁμαρτεῖν
1403 1182 1795 1254 ἐπιδεχομένην
1826 1183 1871 1214 ⁸³
1892 1197 1906 1212 ⁸

327 1269 622 1340 Ὂμοίωμα
662 1271 772 1344 γὰρ
801 1275 1026 1343 σαρκὸς
1050 1275 1358 1345 ἁμαρτίας,
1407 1277 1506 1348 τὴν
1549 1277 1911 1347 ἐνδεχομένην

314 1364 637 1434 ἁμαρτῆσαι
669 1365 850 1433 σάρκα
890 1368 1091 1438 φησίν·
1124 1368 1201 1433 ὡς
1242 1370 1339 1425 καὶ
1380 1370 1443 1423 τὸ
1478 1370 1548 1423 ἐν
1588 1370 1908 1440 ὁμοιώματι

311 1453 635 1521 ἀνθρώπου
679 1457 1002 1525 γενόμενος
1040 1460 1163 1511 ἀντὶ
1209 1459 1304 1512 τοῦ
1355 1460 1651 1531 γενόμενος
1690 1460 1906 1532 ἄνθρω-

314 1560 436 1606 πος.
470 1544 689 1615 Ταύτην
724 1542 819 1599 οὖν
867 1547 1062 1619 ἔχοντα
1108 1550 1208 1619 τὴν
1248 1549 1449 1620 σάρκα,
1488 1550 1676 1621 φησὶν,
1704 1550 1733 1602 ὁ
1773 1549 1908 1614 Θεὸς

308 1634 403 1689 τὸν
430 1637 629 1691 ἑαυτοῦ
661 1638 791 1705 Υἰηὸν
840 1638 1065 1711 πέμψας
1096 1642 1226 1713 περὶ
1270 1641 1584 1713 ἁμαρτίας,
1628 1640 1909 1695 τουτέστιν

310 1727 399 1798 ἐφ’
431 1729 523 1782 ὅτε
554 1730 601 1762 ⁵⁸
628 1729 730 1801 τὴν
760 1731 1040 1802 ἁμαρτίαν
1063 1730 1571 1801 καταγωνίσασθαι,
1614 1730 1904 1803 κατέκρινε

1356 376 1824 441 FRAGMENTA
1862 378 1943 440 IN
1984 379 2225 442 EPIST.
2267 381 2370 441 AD
2408 380 2593 443 ΒΟΜ.

3464 374 3608 439 1690

2642 490 2795 549 CAP.
2842 492 2977 548 νηί.

2092 626 2259 683 Vsus.
2294 630 2349 683 5.
2396 646 2414 679 ι
2445 626 2576 681 Nam
2633 626 2778 696 quod
2833 623 3171 694 impossibile
3211 635 3326 679 erat
3375 623 3498 696 legi,
3549 623 3602 677 in

2017 738 2125 791 quo
2159 723 2539 775 iuﬁrmaliutur
2572 735 2668 788 per
2700 734 2939 773 carnem.
2980 736 2997 767 ι

2086 812 2387 879 Justitiam,
2431 813 2640 881 inquit,
2673 826 2835 880 quam
2883 810 2962 864 lex
3016 808 3500 878 prmcipicbat,sed
3546 807 3598 862 in

2016 906 2172 962 nobis
2224 905 2474 962 conferre
2509 922 2613 959 non
2668 914 2880 975 poterat
2932 904 3001 958 ob
3053 918 3273 956 carnem
3333 912 3599 966 nostram,

2014 998 2156 1055 banc
2207 1001 2346 1053 Deus
2391 999 2548 1053 nobis
2591 996 2861 1052 concessit
2906 997 2958 1050 iu
3003 995 3245 1051 Christo.
3295 993 3427 1047 Nam
3473 1010 3596 1048 cum

2015 1091 2255 1145 misisset
2302 1090 2496 1146 Filiqu
2538 1106 2696 1145 sumu
2746 1089 2799 1142 in
2844 1103 3011 1142 carne
3056 1100 3240 1141 nostra
3274 1086 3512 1155 passibili
3547 1096 3601 1139 et

2013 1195 2239 1255 peccato
2279 1184 2511 1239 obnoxia
2543 1182 2969 1250 (similitudinem
3012 1182 3148 1235 enim
3175 1179 3351 1233 carnis
3376 1179 3598 1247 peccati,

2013 1290 2111 1345 pro
2144 1290 2356 1328 carnem
2392 1284 2612 1344 peccato
2643 1272 2936 1327 obnoxiam
2959 1271 3115 1333 dicit,
3137 1268 3597 1339 quemadmodum

2011 1368 2066 1421 in
2109 1367 2510 1419 similitudinem
2558 1366 2784 1418 hominis
2821 1364 2993 1431 [actus
3024 1379 3121 1432 pro
3169 1366 3327 1414 homo
3368 1361 3592 1433 factus),

2012 1474 2134 1512 cum
2172 1460 2341 1529 igitur
2365 1458 2607 1513 misisset
2638 1456 2831 1511 Filium
2871 1457 2923 1510 iu
2959 1469 3126 1509 carne
3160 1463 3347 1508 nostra
3376 1454 3441 1507 de
3467 1467 3596 1521 pec-

2010 1561 2157 1615 cato,
2207 1552 2419 1606 scilicet
2464 1560 2521 1604 ut
2576 1559 2860 1620 peccatum
2902 1555 3193 1618 pugnaret,
3235 1545 3501 1616 judicavit
3545 1556 3599 1598 et

2009 1643 2288 1697 damnavit
2316 1650 2597 1713 peccatum
2626 1640 2680 1695 in
2712 1654 2875 1695 carne
2895 1681 2910 1705 ,
2941 1636 3417 1708 incapugnabilem
3451 1633 3595 1689 illam

2009 1734 2495 1805 iuvincibilemque
2529 1730 2822 1788 servando.
2859 1729 2954 1785 Vel
3001 1729 3164 1785 aliter
3195 1745 3210 1782 :
3250 1726 3327 1783 De
3373 1736 3598 1797 peccato

308 1817 412 1889 τὴν
454 1819 733 1891 ἁμαρτίαν
762 1823 822 1874 ὲν
861 1824 928 1894 τῇ
982 1821 1186 1893 σαρκὶ,
1226 1822 1583 1877 κατεδίκασεν
1628 1820 1797 1894 αὐτὴν
1846 1822 1899 1876 ἐν

2008 1825 2292 1882 damnavit
2342 1833 2627 1895 peccatum
2680 1824 2736 1879 in
2797 1838 2989 1890 carne,
3052 1820 3106 1877 id
3161 1829 3246 1876 est
3297 1834 3421 1875 cum
3466 1833 3598 1875 caro

309 1911 473 1981 αὐτῇ,
517 1912 801 1983 ἀνέπαφον
853 1914 1026 1983 αὐτὴν
1057 1914 1105 1947 ⁸⁸
1153 1915 1248 1968 καί
1301 1915 1580 1981 ἀνάλωτον
1618 1913 1906 1979 παντελῶς

307 1999 646 2071 διαφυλάξας
673 2002 869 2068 αὑτήν.
902 2003 973 2057 Ἦ
1008 2003 1104 2057 καὶ
1150 2003 1331 2068 ἄλλως
1353 2019 1370 2037 ο
1399 2004 1526 2058 Ὅτι
1564 2006 1694 2077 περὶ
1725 2005 1904 2076 ἀμαρ-

307 2091 431 2157 τίας
462 2093 758 2164 κατέκρινε
785 2093 883 2166 τὴν
903 2095 1180 2166 ἁμαρτίαν
1211 2096 1270 2149 ἐν
1294 2097 1362 2166 τῇ
1396 2095 1561 2167 σαρκί
1587 2113 1600 2126 ·
1632 2096 1757 2148 ἀντὶ
1780 2095 1902 2162 τοῦ,

310 2185 703 2256 ἀναμαρτήτου
734 2185 833 2255 τῆς
880 2185 1083 2256 σαρκὸς
1115 2185 1283 2259 οὔσης
1314 2184 1486 2257 αὐτῷ,
1520 2187 1614 2241 καὶ
1646 2186 1744 2259 οὐχ
1766 2188 1905 2242 ὑπο-

310 2276 576 2346 κειμένης
621 2276 712 2330 διὰ
758 2276 919 2331 τοῦτο
966 2276 1221 2351 θανάτῳ’
1272 2279 1566 2352 κατέκρινε
1624 2281 1724 2351 μὲν
1772 2278 1905 2353 περὶ

310 2367 589 2439 ἁμαρτίας
636 2370 735 2438 τὴν
767 2370 1047 2441 ἁμαρτίαν
1080 2374 1107 2425 ὁ
1135 2371 1266 2436 Θεὸς
1300 2375 1357 2425 ἐν
1404 2373 1564 2443 αὐτῇ,
1594 2371 1668 2435 ὡς
1711 2374 1813 2426 οὐκ
1845 2375 1905 2426 ὲν

306 2461 432 2533 δίκῃ
462 2461 541 2532 τῷ
586 2462 805 2536 Θανάτῳ
836 2464 932 2537 τὴν
962 2464 1059 2519 τοῦ
1103 2467 1315 2536 Κυρίου
1345 2466 1526 2537 σάρκα
1570 2464 1905 2537 περιϐαλοῦ-

309 2570 429 2610 σαν.
463 2556 561 2610 Διά
594 2556 651 2610 δὲ
677 2552 777 2628 τῆς
810 2558 874 2612 ὲκ
904 2558 1113 2630 νεκρῶν
1144 2559 1522 2625 ἀναστάσεως,
1555 2559 1777 2630 ἐκείνην
1804 2578 1904 2630 με-

304 2646 500 2702 τέϐαλε
542 2649 682 2719 πρὸς
721 2650 1015 2703 ἀπάθειαν.
1053 2651 1165 2704 Καὶ
1206 2651 1351 2705 οὕτω
1386 2652 1574 2705 λοιπὸν
1607 2654 1640 2723 ἡ
1671 2652 1764 2706 τοῦ
1814 2653 1903 2706 v6-

308 2754 411 2807 μου
461 2738 748 2801 δικαίωσις
795 2742 853 2792 ἐν
888 2741 1019 2809 ἡμῖν
1076 2741 1463 2809 κατορθοῦται,
1511 2741 1601 2795 διὰ
1656 2743 1899 2807 πίστεως

2007 1913 2179 1987 ipsius
2228 1912 2602 1985 impeccabilis
2649 1922 2816 1981 esset,
2842 1922 2899 1968 et
2943 1911 3153 1968 idcirco
3203 1925 3310 1967 non
3356 1909 3593 1965 obnoxia

2008 2007 2193 2083 morti,
2237 2007 2305 2062 de
2334 2016 2560 2077 peccato
2590 2007 2868 2061 damnavit
2911 2006 3054 2062 Deus
3088 2015 3377 2077 peccatum
3409 2004 3466 2060 in
3510 2019 3597 2069 ea,

2006 2101 2133 2173 quia
2169 2115 2300 2155 caro
2342 2100 2554 2155 Domini
2585 2099 2874 2154 sententia!
2899 2098 3092 2153 mortis
3126 2112 3234 2152 non
3269 2105 3389 2151 erat
3421 2094 3601 2165 subje-

2008 2202 2117 2249 cta.
2148 2192 2300 2247 Hanc
2330 2200 2512 2248 autem
2557 2205 2653 2261 per
2696 2189 3153 2245 resurrectionem
3200 2187 3486 2244 transtulit
3528 2187 3596 2242 ad

2008 2283 2526 2353 impassibilitatem.
2553 2283 2645 2339 Sic
2671 2282 2931 2352 deinceps
2949 2283 3161 2349 iustitia
3193 2280 3329 2350 legis
3356 2281 3408 2334 in
3436 2278 3598 2334 nobis

2008 2373 2350 2438 eﬂormatur,
2383 2389 2509 2430 cum
2547 2387 2644 2443 per
2678 2371 2836 2427 ﬁdem
2867 2371 3085 2427 Christo
3106 2370 3390 2440 iungimur
3416 2376 3474 2423 et
3510 2365 3586 2421 el-

2010 2469 2230 2524 licimur
2271 2468 2519 2522 homines
2577 2481 2694 2536 pro.
2736 2464 3052 2520 carnalibus
3102 2460 3439 2533 spirituales.
3501 2457 3600 2513 llis

2008 2569 2275 2617 consonat
2316 2560 2459 2628 quod
2508 2558 2642 2613 dicit
2686 2556 2977 2626 Apostolus
3024 2555 3078 2609 in
3123 2553 3412 2609 Antiochia
3454 2549 3599 2606 Pisi-

2007 2653 2109 2707 dia:
2146 2670 2159 2706 :
2195 2652 2271 2703 Ab
2310 2651 2551 2705 omnibus
2581 2649 2768 2720 quibus
2802 2663 2906 2701 non
2931 2645 3174 2712 potuistis
3206 2646 3259 2698 in
3287 2642 3398 2714 lege
3422 2642 3600 2714 Moysi

1996 2744 2316 2814 justiﬁcari,
2357 2745 2410 2795 in
2444 2728 2740 2796 lioc‘onmis
2770 2742 2862 2811 qui
2894 2741 3057 2796 credit
3073 2739 3412 2810 justiﬁcatur
3434 2738 3507 2769 "'

304 2826 465 2900 ἡμῶν
492 2828 799 2899 ἐνουμένων
838 2830 1007 2902 αὐτῷ,
1036 2831 1132 2884 καὶ
1177 2832 1570 2902 πνευματικῶν
1609 2833 1732 2886 ἀντὶ
1796 2834 2078 2905 σαρκικῶν
2143 2835 2469 2907 γινομένων.
2504 2832 2762 2888 Τοιοῦτόν
2818 2835 2939 2888 ἐστι
2991 2833 3086 2887 καὶ
3109 2833 3168 2887 τὸ
3188 2833 3248 2885 ὲν
3294 2828 3598 2900 Ἀντιοχείᾳ

301 2919 403 2989 τῆς
441 2919 688 2983 Πισιδίας
717 2922 1011 2993 εἰρημένον
1040 2922 1211 2992 αὐτῷ.
1243 2924 1325 2976 ὅτι
1362 2924 1497 2977 Ἀπὸ
1541 2924 1787 2979 πάντων
1808 2919 1896 2980 ὧν
1932 2928 2047 2981 οὐκ
2072 2927 2419 2997 ἠδυνήθητε
2448 2926 2519 2981 ἐν
2544 2924 2625 2992 τῷ
2676 2928 2842 2997 νόμῳ
2898 2924 3158 2989 Μωσέως
3178 2919 3592 2990 δικαιωθῆναι,

300 3011 374 3066 ἐν
409 3012 599 3080 τούτῳ
626 3012 725 3067 καὶ
748 3017 781 3068 ό
817 3016 1123 3069 πιστεύων
1142 3014 1496 3071 δικαιοῦται.

378 3124 398 3156 ι
437 3107 502 3157 Ui
546 3104 603 3157 δὲ
635 3104 777 3159 κατὰ
820 3106 1000 3177 σάρκα
1042 3105 1312 3173 ὄντες,τὰ
1356 3107 1457 3176 τῆς
1499 3108 1704 3179 σαρκὸς
1760 3125 1898 3181 φρο-

2078 3112 2244 3167 Vens.
2296 3112 2350 3167 5.
2397 3129 2415 3164 ι
2447 3111 2553 3181 Qui
2609 3111 2756 3166 enim
2803 3109 3105 3167 secundum
3159 3122 3381 3165 carnem
3425 3117 3592 3170 sunt.

300 3214 510 3251 νουσιν.
548 3216 567 3248 ι

373 3290 609 3362 Ὠσπερ,
657 3292 813 3361 φησί,
844 3292 971 3356 τοὺς
1007 3292 1170 3358 ὄντας
1206 3293 1505 3366 φθαρτοὺς,
1540 3295 1636 3351 καὶ
1678 3295 1737 3350 τδ
1764 3297 1897 3367 φρό-

300 3400 451 3453 νημα
497 3382 740 3455 φθαρτὸν
783 3384 929 3455 ἔχειν
975 3385 1215 3457 ἀνάγκη.
1263 3386 1406 3441 οῦτω
1437 3388 1532 3441 καὶ
1575 3389 1706 3453 τοὺς
1734 3388 1898 3456 ὄντας

298 3475 619 3546 ἀφθάρτους
659 3476 941 3550 ἄφθαρτον
978 3477 1126 3541 εἰκός
1161 3479 1310 3531 ἐστιν
1344 3478 1490 3551 ἔχειν
1523 3480 1620 3533 καὶ
1658 3481 1719 3532 τὸ
1759 3484 1895 3553 φρό-

302 3587 475 3640 νημα.
515 3569 711 3623 Ἐκατέ
723 3586 832 3639 ρων
862 3568 1128 3636 ἀνάλογον
1156 3573 1256 3639 τῆς
1299 3571 1509 3634 οἰκείας
1544 3570 1764 3638 φύσεως
1786 3572 1896 3625 τῶν

298 3661 560 3732 λογισμὸν
590 3679 758 3729 κεκτη
770 3661 969 3729 μένων.
1012 3661 1086 3715 Τὸ
1124 3660 1234 3731 γὰρ
1268 3662 1566 3730 φρόνημα,
1596 3662 1752 3733 φησί,
1782 3663 1895 3732 τῆς

298 3753 549 3821 σαρκὸς,
582 3753 860 3819 θάνατος,
890 3753 1123 3807 θάνατον
1156 3754 1408 3806 τουτέστι
1448 3753 1769 3826 προξενοῦν,
1798 3756 1893 3808 καὶ

298 3844 438 3915 πρὸς
462 3845 685 3898 κόλασιν
716 3843 1022 3917 παροξῦνον
1053 3843 1211 3898 Θεόν.
1254 3845 1323 3900 To'
1366 3844 1436 3899 δὲ
1470 3846 1747 3915 φρόνημα
1784 3845 1893 3901 τοῦ

297 3935 660 4004 πνεύματος.
686 3935 799 4006 ζωὴ
842 3937 940 3991 καί
977 3935 1185 4005 εἰρήνη
1212 3953 1227 3969 ·
1269 3934 1552 3989 τουτέστιν
1591 3934 1893 3990 ἀθανασίαν

296 4024 645 4097 δωρούμενον
672 4028 768 4081 καὶ
799 4028 987 4097 φιλίαν
1022 4028 1121 4099 τὴν
1145 4027 1283 4098 πρὸς
1318 4027 1478 4082 Θεόν.

373 4140 392 4171 ι
427 4120 574 4174 Διότι
602 4121 664 4173 τὸ
699 4122 957 4192 φρόνημα
989 4123 1090 4193 τῆς
1124 4122 1326 4192 σαρκὸς
1358 4100 1537 4193 ἔχθρα.
1560 4122 1640 4184 εἰς
1668 4120 1824 4176 Θεόν.
1867 4143 1885 4173 ι

378 4305 691 4377 Ἀμήχανον
739 4305 868 4377 γάρ,
912 4305 1067 4377 φησὶ,
1117 4304 1233 4367 τοῖς
1269 4302 1364 4357 τοῦ
1396 4301 1535 4356 Θεοῦ
1589 4301 1889 4373 θελήμασι,

295 4400 409 4464 τοῖς
438 4398 526 4453 διὰ
568 4399 661 4451 τοῦ
696 4398 863 4470 νόμου
897 4396 1329 4469 γνωριζομένοις
1374 4397 1526 4467 ἡμῖν,
1576 4396 1633 4449 τὺ
1679 4396 1891 4466 θέλημα

294 4490 394 4561 τῆς
422 4490 626 4561 σαρκός
666 4506 797 4542 ποτε
832 4488 1110 4541 συνελθεῖν
1148 4487 1240 4541 καὶ
1275 4487 1463 4556 φιλίαν
1505 4486 1885 4541 ἀσπάσασθαι.

306 4584 366 4637 Ὀ
403 4584 502 4654 μὲν
542 4581 655 4653 γάρ
688 4581 963 4635 ἀπάθειαν
994 4582 1416 4650 ἐπαγγέλλεται,
1459 4582 1491 4651 ἡ
1540 4580 1595 4633 δὲ
1639 4582 1757 4633 ἐστὶ
1786 4596 1888 4631 πα-

293 4676 452 4747 θητή.
486 4675 561 4729 Οὐ
602 4675 785 4727 τοίνυν
824 4674 946 4728 οὐδὲ
978 4676 1104 4736 τοὺς
1151 4673 1515 4744 ἀνεχομένους
1562 4668 1640 4741 τῷ
1686 4671 1889 4740 φρονή-

297 4785 429 4838 ματι
458 4768 559 4836 τῆς
596 4766 821 4838 σαρκὸς,
854 4765 950 4819 καὶ
980 4765 1312 4835 μετέχοντας
1357 4763 1455 4833 τῆς
1491 4763 1711 4831 φύσεως
1749 4761 1886 4814 ταῦ-

294 4877 419 4931 της,
450 4853 561 4913 οἷόν
590 4876 650 4911 τε
674 4858 873 4928 ἀρέσαι
910 4858 1063 4910 Θεόν.
1111 4855 1234 4910 Ἐπὶ
1268 4856 1523 4909 τοσοῦτον
1558 4854 1669 4925 γὰρ
1718 4852 1884 4906 αὑτοῦ

293 4951 671 5021 διεστήκασιν,
715 4951 800 5021 ἐφ’
831 4951 957 5005 ὅσον
996 4951 1104 5003 εἰσί
1139 4948 1345 5019 ταύτης
1381 4947 1550 5015 ἐγγύς
1572 4965 1585 4978 ·
1619 4950 1714 4999 καί
1742 4944 1883 4997 εἰσὶν

294 5044 499 5115 ἀρετῆς
535 5045 728 5116 πόρρω
758 5041 1033 5107 τοσοῦτον,
1072 5043 1195 5095 ὅσον
1243 5042 1570 5113 θνητότητος
1594 5041 1640 5073 ⁵⁸
1678 5039 1884 5092 ἀθανα-

298 5137 442 5199 σίας.

370 5249 390 5283 ι
436 5228 630 5299 Ὑμεῖς
662 5228 706 5281 δ’
736 5228 836 5282 οὐκ
870 5227 992 5282 ἐστὲ
1033 5230 1091 5280 ἐν
1124 5228 1311 5295 σαρκὶ,
1334 5226 1449 5279 ἀλλ’
1483 5228 1539 5279 ὲν
1567 5224 1842 5295 πνεύματι
1864 5238 1879 5254 ⁸

292 5323 455 5395 εἴπερ
484 5321 713 5392 Πνεῦμα
742 5320 879 5374 Θεοῦ
909 5322 1049 5374 οἰκεῖ
1092 5322 1150 5372 ὲν
1178 5320 1324 5389 ὑμῖν.
1367 5339 1385 5371 ι

363 5486 438 5521 ⁸³*
455 5500 577 5554 Act.
613 5511 738 5562 xm,
762 5495 852 5559 '58.
886 5494 982 5551 ‘59.

366 5657 412 5689 ”
438 5656 501 5712 C.
533 5654 604 5709 Μ.
636 5669 823 5724 prtem.
852 5650 1167 5724 Καὶ-οὓτως
1191 5652 1246 5705 δὲ
1272 5651 1329 5724 τί
1373 5650 1591 5724 ἄνωθεν
1604 5649 1870 5724 ’διεξῆλθε
1910 5651 2039 5722 περὶ
2064 5648 2172 5705 τῶν
2202 5649 2607 5724 προκειμένων.

2001 3221 2122 3276 ane
2154 3206 2341 3261 carnis
2364 3216 2491 3260 sunt
2532 3206 2773 3273 sapiunt.
2806 3222 2825 3257 ι

2066 3295 2562 3362 Quemadmodum,
2601 3295 2798 3364 inquit,
2832 3293 3083 3349 carnales
3111 3289 3353 3347 carnalia
3399 3303 3596 3361 sapere

1999 3401 2226 3442 necesse
2252 3396 2360 3451 est,
2395 3387 2476 3443 sic
2515 3387 2833 3456 spirituales
2876 3384 3180 3457 spiritualia
3214 3385 3460 3455 cogitare
3498 3382 3596 3438 de-

1998 3490 2107 3535 cet.
2164 3479 2555 3550 Unusquisque
2601 3496 2722 3551 qme
2782 3482 3083 3534 secundum
3134 3486 3388 3532 naturam
3438 3491 3588 3530 suam

1999 3581 2148 3635 sunt,
2195 3574 2357 3641 sapit.
2420 3572 2564 3627 Nam
2605 3575 2913 3641 prudentia,
2967 3573 3168 3643 inquit,
3214 3572 3394 3624 carnis
3452 3585 3592 3623 mors

1996 3673 2096 3727 est,
2138 3674 2366 3717 mortem
2414 3664 2624 3717 scilicet
2660 3664 2897 3731 hospitio
2948 3664 3174 3730 excipit,
3201 3661 3478 3730 Deumque
3522 3660 3589 3712 ad

1996 3753 2292 3807 vindictam
2322 3754 2636 3807 exacerbat.
2661 3752 2955 3806 Prudentia
2984 3759 3158 3803 autem
3207 3750 3452 3819 spiritus,
3482 3750 3589 3800 vita

1996 3855 2042 3899 et
2066 3844 2709 3911 pax:immnrtalitatem
2767 3842 2980 3899 scilicet
3036 3856 3102 3894 ac
3145 3840 3240 3896 Dei
3287 3840 3587 3896 amicitiam

1998 3936 2193 4004 lurgitu
2203 3953 2245 3991 r.

2071 4127 2233 4180 Vnus.
2272 4127 2324 4179 7.

1998 4221 2128 4275 Deo.
2161 4238 2179 4271 ι

2068 4310 2204 4365 Nam
2237 4309 2458 4364 dillicile
2495 4318 2600 4372 cst,
2634 4306 2836 4377 inquit,
2872 4304 3207 4361 voluntatem
3236 4304 3423 4359 carnis
3461 4319 3587 4358 cum

1999 4403 2093 4457 Dei
2128 4402 2501 4457 voluntatibus
2542 4399 2787 4468 legisque
2843 4396 3117 4453 mandatis
3175 4410 3414 4466 unquam
3455 4387 3593 4450 con?

2374 4144 2393 4177 ι
2426 4124 2695 4192 Quoniam
2728 4123 2996 4195 sapientia
3021 4122 3208 4177 carnis
3251 4120 3473 4177 inimica
3506 4132 3591 4177 est

1922 4468 2181 4550 Dvenire
2227 4505 2282 4547 et
2325 4495 2461 4548 inire
2511 4490 2835 4545 amicitiam.
2890 4487 3035 4544 Deus
3088 4486 3584 4558 impassibilitatem

1994 4603 2105 4658 prae
2130 4602 2189 4641 se
2221 4587 2346 4653 l‘ert,
2373 4586 2458 4640 illa
2490 4584 2765 4654 passibilis
2798 4590 2902 4636 est.
2930 4580 3273 4652 lmpossibile
3307 4589 3393 4634 est
3418 4579 3588 4649 igitur

1994 4678 2116 4732 illos
2172 4679 2264 4747 qui
2322 4676 2671 4748 prudentiam
2730 4673 2915 4729 carnis
2968 4680 3274 4741 sequuntur
3324 4678 3381 4723 et
3441 4670 3589 4724 illius

1993 4782 2201 4827 natura:
2236 4770 2371 4825 liunt
2413 4770 2732 4840 participes,
2781 4768 2892 4823 Deo
2925 4768 3163 4839 placere.
3202 4763 3419 4832 Quanto
3448 4780 3574 4833 pro-

1991 4866 2111 4935 pius
2140 4875 2263 4919 sunt
2290 4863 2496 4929 carnis,
2528 4874 2735 4917 tantum
2754 4877 2783 4915 a
2817 4863 2926 4917 Deo
2950 4859 3264 4919 discedunt,
3290 4866 3344 4909 et
3373 4866 3583 4910 tantum

1992 4971 2025 5008 a
2056 4955 2259 5010 virtute
2283 4955 2508 5020 distant,
2537 4961 2799 5021 quantum
2836 4950 3141 5006 mortalitas
3164 4950 3230 5002 ab
3263 4946 3585 5000 immortali-

1992 5055 2120 5101 tate.

2062 5225 2230 5284 Vens.
2263 5224 2318 5279 9.
2365 5242 2385 5275 ι
2415 5221 2530 5279 Vos
2566 5231 2746 5277 autem
2778 5220 2832 5275 in
2862 5234 3026 5273 carne
3072 5234 3176 5272 non
3208 5219 3364 5285 estis,
3398 5218 3494 5273 sed
3524 5219 3577 5271 iu

1989 5318 2224 5386 spiritu;
2258 5316 2531 5386 siquidem
2578 5312 2818 5383 Spiritus
2854 5311 2952 5366 Dei
3000 5310 3211 5365 habitat
3256 5311 3308 5363 in
3346 5310 3517 5364 vobis.
3552 5328 3572 5362 ι

2720 5651 2761 5682 ⁵⁵
2792 5646 2852 5703 C.
2882 5647 2953 5704 Μ.
2985 5646 3250 5716 ταύτηνη
3320 5646 3365 5679 δ’
3393 5646 3455 5702 C.
3501 5646 3569 5699 .u.

292 5726 485 5784 αὑτοῦ.
560 5726 607 5757 ⁸³
637 5714 928 5794 ἆμαρτεῖν
961 5714 1449 5794 ἐπιδεχομένηνᾼ
1479 5721 1540 5776 C.
1574 5714 2092 5794 Μ.ἁμαρτητικῇν,
2124 5714 2347 5793 οὐχὶ’τῷ
2377 5714 2665 5794 ἁμαρτεῖν,
2698 5720 2836 5775 ἀλλὰ
2868 5719 2944 5791 τῷ
2985 5714 3183 5792 ἱκανὴν
3200 5714 3344 5773 εἶναι
3376 5717 3570 5771 amat.

295 5799 509 5872 χεσθαι.
583 5794 633 5828 ⁸⁵
654 5785 717 5849 C.
751 5785 812 5848 Ε.
842 5792 927 5864 ἐφ’
1096 5785 1234 5848 "HC.
1280 5785 1357 5847 bl.
1389 5788 1549 5864 αὖτῇ.
1629 5792 1674 5823 ⁵⁸
1704 5785 1836 5863 Ευέ.
1873 5785 1899 5844 v

2010 5785 2301 5865 θνητότης.
