4086 6410
343 361 473 427 1697

1370 359 1831 424 FRAGMENTA
1890 358 1975 422 IN
2013 356 2251 423 EPIST.
2294 360 2391 425 AD
2431 363 2615 426 ROM.

3484 363 3623 428 1698

344 474 480 538 ὦνος
525 472 618 525 τοῦ
664 476 757 530 xa‘t
792 474 1082 548 Ἰεροόοὰμ
1110 476 1242 537 υἱδς.
1297 470 1442 533 εἶπε,
1487 472 1642 543 φησὶ,
1678 468 1817 541 πρὸς
1841 469 1934 524 ἅδ’

2041 470 2118 524 bis
2142 471 2206 525 ι’.
2256 472 2315 526 Et
2360 474 2411 527 in
2456 489 2657 542 genere
2690 473 2998 542 huiusmodi
3043 470 3308 548 esemplis
3347 478 3501 548 plena
3542 491 3627 533 est

345 569 473 638 δρας
522 567 768 637 Σικίμων
791 584 804 597 ·
850 567 1247 636 Ἑξεπορεύθη
1285 568 1356 621 τὰ
1386 568 1543 631 ξύλα
1585 562 1693 618 τοῦ
1727 561 1933 631 χρῖσαι

343 661 433 730 ἐφ’
478 658 662 713 ἑαυτὰ
699 659 1003 724 βασιλέα·
1041 660 1139 713 καὶ
1187 661 1363 713 εἷπον
1398 657 1472 724 τῇ
1501 657 1680 723 ἐλαίᾳ
1706 673 1720 686 ·
1752 653 1936 707 Βασί-

343 756 572 807 λευσον
588 752 680 820 ἐφ’
713 751 896 820 ἡμᾶς,
915 754 1025 807 Καὶ
1048 754 1184 815 ὅλως
1214 751 1523 811 ἀνάπλεως,
1544 749 1619 811 ὼς
1643 748 1800 817 ἔφην,
1828 744 1936 797 τῶν

342 845 602 895 τοιούτων
634 845 667 912 ἡ
696 843 818 896 θεία
849 843 1062 915 Γραφή.
1092 844 1165 897 Τὸ
1196 843 1311 905 οὖν,
1354 844 1466 910 οὐχ
1503 841 1737 894 ἑκοῦσα
1795 836 1936 890 κατὰ

2046 560 2325 629 Scriptura
2358 580 2533 621 sacra.
2566 564 2677 621 lloc
2710 577 2913 631 autem,
2941 583 3044 621 non
3069 569 3266 633 volens,
3300 570 3455 637 juxta
3481 574 3627 625 hunc

2045 652 2375 708 idiotismqu
2411 657 2548 709 dixit
2577 657 2889 727 Apostolus.
2931 660 3041 714 lloc
3072 661 3280 730 angelis
3304 664 3468 716 etiam
3498 678 3626 718 con-

2047 742 2255 813 tingere
2283 744 2532 812 aﬂirtuat,
2554 758 2610 799 ut
2637 750 2779 816 quod
2811 750 2877 804 de
2910 749 3100 817 majori
3130 752 3351 814 dicitur,
3383 753 3450 805 de
3475 755 3623 810 omni

2046 846 2299 888 creatura
2329 838 2398 890 sit
2433 840 2663 895 dictum.

342 932 498 986 τοῦτο
523 935 673 987 καὶὸ
715 934 1042 999 ’Δπόστολος
1072 934 1241 1004 ἔφησε
1273 934 1334 985 τὸ
1373 933 1592 1002 ἰδίωμα.
1624 931 1694 982 Ἢ
1754 927 1848 980 καὶ
1881 922 1970 977 διὰ
2008 923 2138 985 τοὺς
2186 924 2456 992 ἀγγέλους
2509 928 2694 998 τυχὸν,
2764 930 2849 983 ἵνα
2895 930 3005 987 ἀπὸ
3053 932 3145 986 τοῦ
3194 934 3505 1004 κρείττονος
3548 934 3626 998 ὼς

345 1030 475 1099 περὶ
503 1031 546 1061 ³⁷
584 1032 765 1099 πάσης
794 1031 966 1101 αὐτῆς
1064 1031 1124 1084 τὸ
1150 1031 1466 1100 λεγόμενον.

419 1140 436 1171 ι
471 1122 593 1174 Ὅτι
639 1124 735 1177 καὶ
784 1122 923 1194 αὑτὴ
961 1125 994 1190 ἡ
1048 1122 1229 1186 κτίσις
1273 1119 1774 1190 ἐλευθερωθήσεται
1822 1113 1932 1167 ἀπὸ

340 1212 440 1277 τῖες
471 1213 720 1276 δουλείας
750 1214 850 1283 τῆς
895 1214 1126 1284 φθορᾶς.
1164 1233 1183 1264 ι

425 1306 707 1376 Ἀνέχεται
741 1308 994 1377 μέντοιγε
1040 1306 1156 1368 νῦν.
1185 1307 1372 1376 φησὶν,
1408 1305 1483 1368 ὡς
1513 1304 1609 1357 καὶ
1662 1299 1801 1371 αὑτὴ
1831 1299 1931 1370 τῆς

338 1400 624 1471 ἡμετέρας
654 1400 977 1471 ἐλευθερίας
1013 1400 1489 1454 συναπολαύουσα.
1525 1396 1800 1450 Παύσεται
1821 1393 1931 1463 γὰρ

339 1490 646 1559 τηνικαῦτα
686 1491 876 1544 λοιπὸν
922 1491 1250 1544 δουλεύουσα
1296 1493 1364 1562 τῇ
1414 1489 1624 1560 φθορᾷ·
1653 1486 1930 1539 τουτέστιν

338 1582 462 1636 οὔτε
495 1584 630 1652 ἡμῖν
660 1581 741 1635 ἔτι
766 1583 1027 1654 φθαρτοῖς
1052 1579 1203 1636 οὖσιν
1227 1581 1719 1652 ἑξυπηρετήσεται.
1745 1580 1935 1646 Ἴσμεν

338 1674 450 1744 γὰρ
484 1675 587 1745 ὅση
630 1673 725 1728 νῦν
752 1675 786 1745 ἠ
812 1674 923 1728 τῶν
963 1674 1248 1746 στοιχείων
1279 1676 1459 1738 κτῖσις
1491 1673 1782 1727 ἀλλοίωσιν
1811 1670 1931 1738 ὑφί-

2112 1114 2275 1169 νειιε.
2318 1115 2408 1170 2³.
2456 1136 2474 1170 ι
2505 1117 2639 1184 Quia
2684 1130 2739 1176 et
2785 1121 2898 1189 ipsa
2947 1131 3196 1177 creatura
3248 1122 3620 1178 liberabitura

2039 1207 2303 1261 servitute
2329 1212 2714 1279 corruptionis.
2751 1231 2770 1264 ι

2109 1297 2363 1352 Attamen
2408 1305 2640 1355 sustinet
2688 1318 2831 1357 nunc
2870 1303 3114 1372 quidem,
3160 1305 3356 1372 inquit,
3391 1305 3517 1375 quia
3565 1314 3619 1358 et

2042 1390 2152 1458 ipsa
2188 1390 2444 1448 libertate
2474 1405 2657 1447 nostra
2694 1395 2796 1449 frui
2831 1394 3015 1450 debet.
3057 1394 3194 1450 Nam
3228 1398 3468 1451 cessabit
3496 1409 3624 1452 tunc

2041 1482 2248 1537 st-rvire
2280 1486 2642 1551 corruptioni,
2677 1486 2834 1541 nobis
2876 1487 3282 1543 scilicctadhuc
3306 1492 3631 1557 corruptibi-

2042 1575 2184 1630 libus
2211 1578 2495 1631 servitium
2528 1580 2835 1648 denegabit.
2866 1579 3081 1635 Scimus
3117 1581 3263 1635 enim
3299 1595 3625 1652 quamcum-

2040 1681 2147 1737 que
2211 1668 2602 1725 elementorum
2656 1681 2960 1725 creaturam
3021 1688 3163 1727 nune
3217 1674 3507 1728 mutationi
3566 1683 3625 1727 et

340 1741 540 1820 σταται
574 1741 686 1819 -καὶ
720 1741 953 1838 φθοράν.
987 1741 1234 1838 Καί-μὴν
1276 1768 1372 1821 καὶ
1398 1768 1524 1829 τοὺς
1565 1763 1832 1833 ἀγγέλους
1855 1764 1937 1817 ὅτι

2041 1759 2375 1828 curruptioni
2432 1776 2555 1817 esse
2602 1760 2925 1830 subiectam.
2983 1762 3095 1817 Nec
3147 1780 3252 1819 non
3302 1775 3354 1818 et
3401 1765 3624 1834 angelus

341 1858 518 1929 μήπω
547 1858 711 1927 φύσει
753 1859 815 1912 τὸ
849 1859 1122 1931 ἄτρεπτον
1152 1860 1369 1931 ἔχουσιν
1407 1858 1785 1928 ἐπιστάμεθα·
1835 1856 1937 1909 οὐκ

337 1947 449 2001 ἀπὸ
477 1946 589 2003 τῶν
621 1949 1066 2003 ἐκπεπτωκότων
1097 1950 1280 2021 μόνον,
1313 1950 1409 2003 καὶ
1436 1948 1526 2002 διὰ
1553 1946 1715 2002 τοῦτο
1743 1946 1935 2000 πεσὸνο

336 2052 448 2090 των
477 2034 540 2101 ἐξ
577 2037 835 2110 οὐρανοῦ,
868 2037 1007 2092 ἀλλὰ
1038 2040 1134 2092 καὶ
1175 2040 1271 2108 ἀφ’
1295 2032 1370 2095 ὧν
1408 2037 1620 2100 Παῦλος
1654 2035 1761 2105 ἔφη
1805 2033 1937 2106 περὶ

334 2127 526 2185 αὐτῶν
552 2129 630 2194 ὡς
651 2131 1022 2203 ἐνδεχομένων
1050 2132 1109 2186 τὸ
1135 2134 1432 2203 ἁμαρτεῖν·
1462 2131 1591 2186 Κᾶν
1607 2130 1716 2199 γὰρ
1739 2127 1935 2199 ἡμεῖς»

339 2222 500 2294 ςησὶ,
526 2221 643 2279 κᾶν
662 2223 921 2294 ἄγγελος
940 2224 1009 2288 ἐξ
1031 2225 1293 2293 οὐρανοῦ
1310 2221 1758 2293 εὐαγγελίζηται
1779 2218 1938 2291 ὑμᾶς

338 2315 485 2386 παρ’
514 2315 547 2372 ὃ
574 2315 1095 2389 εὐηγγελισάμεθα
1123 2316 1287 2387 ὑμῖν,
1318 2314 1588 2387 ἀνάθεμα
1615 2314 1792 2370 ἔστω.

418 2521 440 2556 ι
479 2502 719 2575 Οῖδαμεν
764 2504 876 2576 γὰρ
899 2504 981 2557 ὅτι
1018 2504 1172 2558 πᾶσα
1202 2505 1235 2575 ἡ
1274 2502 1453 2566 κτίσις
1493 2500 1813 2565 συστενάζει
1842 2499 1939 2554 καὶ

341 2595 634 2655 συνωδίνει
666 2596 795 2667 ἄχρι
824 2595 921 2650 τοῦ
952 2595 1070 2650 νῦν..
1110 2614 1130 2648 ι

415 2685 456 2737 Γ
459 2685 702 2758 νὼριμός
730 2688 880 2740 ἐστιν
903 2687 1097 2751 ἅπασι,
1126 2687 1313 2757 φησὶν,
1334 2687 1368 2756 ἡ
1396 2686 1559 2756 φύσις
1580 2685 1681 2756 τῆς
1707 2684 1941 2750 κτίσεως

340 2776 945 2846 συνταλαιπωρουμένη
978 2779 1118 2840 τέως
1141 2778 1293 2845 ἡμῖν,
1331 2776 1429 2830 καὶ
1470 2771 1584 2829 οἷον
1623 2777 1658 2845 ἡ
1699 2774 1748 2807 ⁸⁸
1774 2792 1939 2829 κατε-

341 2868 617 2936 πείγουσα
668 2866 767 2921 καὶ
821 2867 1370 2939 προευτρεπιζομένη
1424 2867 1563 2938 πρὸς
1603 2865 1705 2937 τὴν
1752 2868 1939 2941 κοινὴν

339 2958 617 3029 ὰναγέννη
626 2974 731 3013 σιν.

2039 1850 2201 1904 etiam
2228 1852 2467 1906 nondum
2499 1854 2822 1910 naturaliter
2853 1854 3351 1909 immutabilitatem
3384 1856 3614 1923 adeptos

2039 1957 2163 1997 esse
2189 1944 2596 2012 cognoscimus,
2638 1962 2747 2001 non
2779 1955 2993 2001 tantum
3026 1963 3094 2001 ex
3122 1947 3206 2001 bis
3239 1946 3331 2016 qui
3360 1959 3626 2016 peccave—

2039 2042 2187 2098 runt,
2215 2045 2270 2088 et
2304 2034 2513 2090 idcirco
2551 2051 2582 2090 e
2614 2037 2754 2092 caelo
2796 2038 3141 2103 exciderunt,
3183 2040 3279 2092 sed
3327 2052 3393 2092 es
3447 2036 3634 2091 verbis

2038 2128 2215 2182 sancti
2238 2125 2392 2181 Pauli
2425 2126 2626 2197 quibus
2656 2128 2904 2183 innuitur
2926 2130 3153 2201 angelos
3174 2145 3334 2199 posse
3357 2145 3587 2198 peccare
3614 2149 3629 2185 :

2039 2219 2148 2275 Sed
2178 2219 2297 2274 licet
2344 2236 2462 2286 nos,
2505 2230 2599 2275 aut
2631 2223 2851 2292 angelus
2885 2224 2950 2277 de
2976 2223 3103 2277 calo
3130 2223 3450 2293 evangeliset
3485 2224 3631 2279 vobis

2037 2323 2395 2384 prwterquam
2444 2315 2585 2385 quod
2631 2315 3116 2386 evangelisavimus
3137 2316 3302 2382 vobis,
3343 2316 3632 2371 anathema

2037 2407 2107 2460 sit
2139 2406 2202 2460 ".

2112 2496 2281 2553 Vens.
2322 2498 2416 2552 22.
2460 2516 2482 2551 ι
2518 2497 2735 2554 Scimus
2770 2500 2917 2554 enim
2952 2499 3097 2569 quod
3138 2498 3323 2556 omnis
3371 2508 3632 2554 creatura

2041 2586 2356 2657 ingemiscit
2388 2597 2443 2641 et
2479 2587 2715 2656 parturit
2743 2602 2917 2656 usque
2947 2585 3149 2642 adhuc.
3186 2605 3207 2638 ι

2109 2678 2309 2737 Notum
2350 2689 2434 2736 est
2487 2681 2765 2745 erunibus,
2828 2681 3023 2748 inquit,
3067 2689 3333 2734 creatura:
3381 2688 3636 2735 naturam

2040 2788 2216 2843 usque
2247 2773 2427 2828 adhuc
2471 2772 2756 2827 nobiscum
2794 2773 3054 2827 miseram
3097 2788 3241 2837 esse,
3274 2783 3328 2827 et
3367 2780 3635 2842 quantum

2039 2865 2266 2923 festinat
2293 2880 2359 2922 ac
2386 2875 2614 2936 paratur
2635 2865 2703 2920 ad
2737 2878 3086 2920 contmunem
3124 2864 3630 2934 regenerationem.

423 3068 443 3100 ι
484 3051 559 3103 Οὐ
594 3051 757 3121 μόνον
786 3049 865 3116 δὲ,
904 3050 1046 3107 ἀλλὰ
1076 3052 1174 3106 καὶ
1206 3052 1362 3106 αὐτοὶ
1403 3051 1502 3123 τὴν
1532 3052 1795 3126 ἀπαρχὴν
1836 3054 1937 3125 τὴν

2116 3048 2280 3105 Vens.
2327 3049 2420 3105 25.
2466 3068 2486 3103 ι
2516 3049 2633 3105 Non
2683 3047 2861 3105 solum
2910 3057 3094 3105 autem
3138 3047 3252 3112 illa.
3293 3047 3392 3104 sed
3431 3056 3486 3103 et
3531 3062 3636 3103 nos

342 3148 665 3216 πνεύματος
692 3144 929 3216 ἔχοντες,
966 3146 1061 3199 καὶ
1100 3146 1262 3219 ἡμεῖς
1292 3145 1449 3200 αὐτοὶ
1478 3146 1537 3200 ἐν
1570 3146 1785 3211 ἑαυτοῖς
1816 3164 1938 3201 στεο

340 3237 604 3307 νὰςομεν.
641 3253 660 3287 ι

417 3328 484 3382 Τί
524 3328 659 3399 περὶ
693 3328 797 3399 τῆς
827 3328 1061 3394 κτίσεως
1110 3331 1287 3386 ταῦτα
1334 3332 1519 3404 λέγω;
1549 3334 1736 3406 φησιν.
1797 3335 1937 3395 Ἀλλ’

342 3422 509 3494 ἡμεῖς
539 3420 695 3474 αὐτοὶ
730 3420 793 3473 τδ
824 3420 1125 3490 κεφάλαιον
1165 3423 1265 3492 τῆς
1295 3423 1696 3495 δημιουργίας·
1725 3427 1821 3481 καὶ
1868 3428 1942 3480 δι’

340 3512 440 3577 οὒς
462 3513 557 3566 καὶ
578 3509 699 3582 μεθ’
732 3504 809 3565 ὧν
835 3511 906 3566 τὰ
933 3510 1113 3566 πάντα
1153 3513 1587 3580 ἀνακαινίζεται,
1625 3515 1940 3585 δεδεγμένοι

339 3604 443 3676 τὴν
474 3603 570 3657 τοῦ
600 3600 918 3672 Πνεύματος
951 3602 1228 3674 ἀπαρχὴν,
1270 3603 1531 3659 τοσοῦτον
1576 3604 1686 3660 τῶν
1715 3606 1939 3677 μελλόν-

338 3710 457 3748 των
504 3692 810 3765 είλήφαμεν
861 3691 1050 3759 πόθον,
1085 3691 1227 3748 ὥστε
1280 3694 1623 3768 ἀσχάλλομεν
1653 3698 1792 3768 πρὸς
1834 3698 1938 3770 τὴν

342 3787 636 3859 μέλλησιν,
663 3786 759 3841 καὶ
786 3785 987 3858 ῥᾳδίως
1007 3786 1109 3857 οὐχ
1129 3787 1480 3859 ὐποφέρομεν
1508 3788 1609 3861 τὴν
1639 3789 1933 3861 ἀναϐολήν·

337 3879 485 3937 ἀλλὰ
536 3878 876 3950 κομίσασθαι
904 3878 966 3935 τὸ
1008 3881 1117 3933 πᾶν
1160 3879 1262 3951 ήδη
1309 3880 1633 3953 γλιχόμεθα.
1678 3884 1788 3939 Καὶ
1835 3883 1937 3957 τὴν

335 3970 625 4027 υἱοθεσίαν
666 3969 866 4041 δηλῶν,
914 3968 1015 4043 τὴν
1052 3970 1458 4043 ἀπολύτρωσιν,
1490 3974 1650 4045 φησι,
1695 3973 1794 4029 τοῦ
1832 3975 1938 4030 σώ-

338 4081 524 4137 ματος
555 4062 714 4135 ἡμῶν
743 4062 1150 4135 ἐπιθυμοῦμεν,
1190 4064 1474 4119 τουτέστιν
1500 4066 1843 4139 ἀπολυθῆναι
1876 4067 1938 4123 τὸ

335 4157 619 4230 ἡμέτερον
652 4154 818 4226 σῶμα
863 4156 1074 4229 φθορᾶς
1116 4156 1212 4212 καὶ
1257 4157 1535 4229 ἁμαρτίας
1565 4158 1660 4212 καὶ⁸
1699 4158 1936 4214 θανάτου

336 4248 504 4305 ποτέ.
553 4249 884 4321 Ἐπειδήπερ
918 4251 978 4303 ὲν
1011 4251 1125 4312 τοῖς
1144 4250 1441 4322 ἁνωτέροις
1471 4248 1574 4320 μὲν
1605 4251 1682 4314 ὡς
1707 4251 1810 4322 ἥδη
1838 4254 1937 4324 τῆς

335 4341 681 4413 θνητότητος
707 4344 806 4414 τὴν
833 4341 1191 4414 εὐχαριστίαν
1212 4342 1540 4414 ἀνέκραγεν,
1570 4343 1806 4397 ἐνταῦθα
1830 4345 1937 4399 πά·-

2042 3142 2145 3213 ipsi
2185 3142 2457 3213 primitias
2495 3142 2724 3214 spiritus
2771 3142 3058 3207 habentes,
3088 3151 3146 3197 et
3195 3141 3300 3213 ipsi
3344 3141 3486 3197 intra
3532 3155 3636 3197 nos

2040 3236 2330 3305 gemimus.
2365 3253 2386 3287 ι

2112 3327 2253 3396 Quid
2281 3336 2591 3383 creaturam
2618 3327 2785 3383 dico?
2812 3326 3009 3397 inquit,
3059 3324 3166 3382 Sed
3195 3341 3296 3383 nos
3328 3326 3430 3397 ipsi
3476 3340 3633 3383 erea-

2043 3419 2209 3475 tionis
2252 3426 2440 3490 caput,
2485 3431 2712 3490 propter
2746 3433 2885 3489 quos
2928 3427 2985 3474 et
3028 3433 3152 3475 cum
3190 3420 3394 3490 quibus
3431 3429 3633 3475 cuncta

2041 3523 2395 3579 renovantur,
2429 3515 2702 3582 primitias
2732 3514 2973 3585 Spiritus
2999 3514 3203 3585 adepti,
3239 3523 3451 3570 tantum
3492 3513 3636 3569 futu-

2040 3621 2231 3663 rorum
2267 3606 2604 3662 desiderium
2641 3608 3016 3677 concepimus,
3050 3616 3110 3663 ut
3139 3608 3209 3663 de
3255 3623 3409 3663 mora
3450 3607 3634 3663 dolea-

2040 3712 2162 3753 mus
2187 3705 2246 3752 et
2276 3712 2418 3767 εδει-ι·
2441 3696 2684 3754 feramus
2712 3699 3054 3764 dilationem,
3102 3703 3198 3755 sed
3229 3701 3498 3769 promissa
3529 3700 3633 3757 ob-

2042 3790 2216 3849 tinerc
2246 3790 2555 3858 cupiamus.
2585 3790 2655 3844 Et
2679 3792 3027 3861 adoptionem
3057 3791 3345 3847 declarans
3364 3833 3382 3859 ,
3421 3794 3638 3852 redem-

2039 3881 2285 3953 ptionem
2331 3882 2583 3953 corporis
2616 3883 2812 3949 nostri,
2865 3882 3063 3950 inquit,
3095 3881 3497 3948 desideramus,
3531 3898 3631 3939 cn-

2038 3976 2257 4047 pientes
2302 3974 2516 4031 scilicet
2552 3989 2753 4046 corpus
2795 3987 3063 4040 nostrum,
3111 3990 3144 4030 α
3185 3977 3560 4047 corruptione,
3597 3991 3634 4031 ο

2040 4076 2265 4138 peccato
2310 4075 2367 4122 et
2399 4081 2429 4120 a
2471 4076 2648 4122 morte
2678 4069 2892 4123 tandem
2929 4068 3142 4123 redimi.
3175 4065 3631 4137 Quandoquidem

2038 4173 2226 4229 supra,
2249 4159 2408 4228 quasi
2452 4157 2564 4227 jam
2623 4159 3093 4214 immortalitatem
3142 4160 3370 4225 adeptus
3402 4157 3631 4224 fuisset,

2039 4248 2338 4317 gratiarum
2394 4250 2641 4305 actiones
2678 4249 2973 4316 clamavit;
3030 4265 3174 4304 naitc
3226 4250 3424 4306 iterum
3473 4251 3632 4318 quasi

2042 4342 2280 4396 nondum
2325 4341 2430 4397 hoc
2474 4342 2724 4411 adeptus,
2749 4344 2844 4398 sed
2888 4344 3067 4398 adhuc
3115 4344 3367 4399 obtinere
3412 4344 3631 4400 deside-

334 4437 427 4491 λιν
467 4434 543 4498 ὡς
569 4433 724 4491 οὔπω
768 4436 962 4493 τούτου
1004 4435 1345 4507 τετυχηκὼς,
1377 4435 1493 4489 ἀλλ’
1521 4436 1602 4489 ἔτι
1625 4439 1812 4507 τυχεῖν
1839 4439 1937 4507 ἐφ-

2048 4452 2192 4501 rans,
2244 4436 2429 4505 adjicit
2470 4456 2484 4492 :
2524 4437 2629 4506 Spe
2678 4437 2819 4491 enim
2867 4437 3001 4491 salvi
3044 4437 3178 4508 facti
3220 4454 3404 4493 sumus
3434 4439 3517 4507 ²⁸;
3575 4439 3631 4495 in

339 4528 563 4598 ιέμενος
590 4525 922 4596 προστίθησι
942 4543 955 4556 ·
999 4524 1077 4595 Τῇ
1106 4526 1217 4595 γὰρ
1252 4524 1455 4580 ἐλπίδι
1487 4525 1831 4595 ἐσώθημεν·
1878 4530 1937 4581 ἐν

335 4614 562 4671 ἑλπίσιν
591 4614 693 4681 ἔτι,
725 4614 881 4685 φησὶ,
915 4614 983 4668 τὰ
1012 4618 1109 4684 τῆς
1133 4615 1408 4686 σωτηρίας
1440 4614 1619 4685 ἡμῶν.

419 4724 445 4758 ε
497 4704 772 4769 Ὡσαύτως
807 4705 902 4760 καὶ
930 4704 993 4757 τδ
1025 4704 1251 4773 Πνεῦμα
1290 4703 1869 4775 συναντιλαμϐάνεται.
1906 4724 1927 4757 ι

420 4890 499 4966 ιε
534 4891 657 4950 cad.
712 4888 950 4962 Monam]
999 4891 1071 4945 Ἣ
1128 4889 1223 4945 καὶ
1271 4889 1468 4954 οὕτως.
1511 4892 1578 4948 Ἦ
1628 4894 1727 4965 μὲν
1777 4898 1939 4965 φύσις

343 4982 511 5056 ἡμῶν
542 4984 683 5048 ἐστι,
740 4983 928 5053 φησὶν,
974 4982 1233 5052 ἀσθενὴς,
1266 4981 1452 5039 καὶτὸ
1496 4984 1621 5038 καθῗ
1664 4986 1837 5057 αὐτὴν
1879 4990 1942 5043 τὺ

344 5073 512 5138 αὖθις
548 5074 974 5128 ἀναϐιώσεσθαι.
999 5074 1077 5127 Τὰ
1100 5073 1157 5127 δὲ
1196 5075 1611 5145 ἐπηγγελμένα,
1649 5080 1860 5148 μεγάλα
1880 5097 1941 5133 τε

344 5167 449 5223 καὶ
496 5167 638 5233 θεῖα,
671 5168 767 5221 καὶ
815 5162 905 5221 οἷα
961 5168 1097 5238 μηδὲ
1143 5167 1222 5239 νῷ
1271 5167 1594 5240 χωρηθῆναι
1642 5170 1939 5241 δυνάμενα.

361 5260 508 5314 Ἀλλ’
566 5262 716 5331 ὅμως
760 5262 897 5332 πρὸς
942 5262 1125 5315 πίστιν
1177 5261 1387 5316 τούτων
1434 5263 1545 5317 τῶν
1576 5262 1940 5334 τηλικούτων,

344 5354 462 5412 ὰπὸ
493 5353 588 5407 τοῦ
627 5354 953 5426 Πνεύματος
990 5355 1052 5410 οὐ
1101 5355 1308 5427 μικρὰν
1356 5356 1677 5427 ἐπικουρίαν
1720 5355 1941 5427 ἔχομεν.

347 5443 436 5497 Τὰ
472 5443 585 5518 γὰρ
618 5446 717 5501 καὶ
756 5449 1031 5519 αἰτήσεως
1064 5448 1377 5519 κρείττονα,
1414 5449 1510 5503 καὶ
1555 5449 1684 5518 περὶ
1726 5438 1802 5501 ὧν
1842 5448 1943 5502 οὐκ

432 5614 673 5683 “Judic.
711 5642 791 5694 Ix,
814 5627 870 5684 8.
950 5629 996 5661 ¹⁹
1018 5627 1198 5686 Gaiat.
1224 5647 1265 5695 ι,
1296 5630 1350 5685 8.
1427 5630 1471 5663 ¹⁰
1496 5632 1655 5688 Rom.
1688 5649 1806 5701 vni,
1838 5633 1930 5689 εει.

358 5768 361 5775 ⁴
449 5776 493 5809 ⁸⁷
520 5783 584 5840 C.
605 5779 674 5838 Μ.
698 5781 963 5855 ὡσπερεί.
1041 5785 1086 5819 ⁸⁸
1109 5784 1235 5857 Leg.
1266 5786 1449 5841 οἱονεί.

2043 4545 2141 4602 spe
2167 4532 2337 4597 enim,
2370 4532 2569 4604 inquit,
2600 4531 2747 4589 salus
2777 4543 2985 4588 nostra.

2115 4717 2280 4774 Vens.
2310 4719 2401 4775 26.
2450 4739 2470 4773 ι
2501 4719 2770 4776 Similiter
2800 4734 2983 4776 autem
3030 4731 3084 4777 et
3126 4721 3367 4792 Spiritus
3410 4719 3633 4789 adjuvat

2052 4812 2426 4866 inﬁrmitatem
2456 4825 2720 4869 nostram.
2755 4835 2774 4868 ι

2117 4902 2213 4958 Vel
2246 4905 2411 4957 etiam
2443 4905 2547 4959 hoc
2581 4906 2761 4960 modo.
2805 4906 3011 4960 Nalura
3049 4917 3235 4962 nostra
3266 4907 3478 4960 inﬁrma
3508 4908 3632 4976 qni-

2042 4996 2190 5059 dem,
2228 4996 2421 5065 inquit,
2471 5004 2525 5051 et
2571 4998 2869 5052 sectmdum
2907 4999 3047 5051 hanc
3087 5013 3225 5051 nova
3266 4999 3628 5067 regeneratio.

2044 5087 2318 5142 Promissa
2354 5103 2484 5143 vero
2511 5105 2705 5157 magna
2733 5100 2787 5143 et
2814 5090 3104 5155 divina,ita
3138 5101 3195 5144 ut
3227 5106 3378 5144 meus
3407 5105 3466 5144 ea
3497 5108 3631 5143 con-

2045 5180 2232 5247 cipere
2264 5196 2368 5233 non
2396 5178 2591 5235 Valeat.
2627 5180 2734 5235 Sed
2763 5182 2830 5235 ad
2863 5182 3020 5236 [idem
3060 5191 3333 5237 tantorum
3360 5184 3634 5236 bonorum

2045 5287 2152 5325 non
2183 5272 2454 5328 modicum
2493 5288 2522 5324 a
2558 5272 2765 5342 Spiritu
2815 5274 3116 5344 accipimus
3159 5275 3446 5329 auxilium.
3495 5272 3633 5328 Nam

2044 5379 2165 5434 qum
2196 5364 2460 5432 petitione
2489 5365 2655 5420 etiam
2701 5376 2829 5421 sunt
2855 5366 3165 5435 superiora,
3195 5368 3262 5420 de
3298 5367 3503 5434 quibus
3541 5382 3637 5421 net-

2045 5456 2250 5511 sciuius
2284 5456 2559 5526 quomodo
2607 5470 2767 5511 orare
2810 5466 3081 5526 oporteat,
3131 5457 3181 5511 id
3226 5468 3308 5512 est
3339 5473 3460 5526 qum
3504 5462 3633 5511 sunt
