4086 6422
308 356 442 424 1701

1335 350 1806 413 FRAGMENTA
1841 350 1925 411 IN
1961 350 2202 413 EPIST.
2244 351 2348 412 AD
2385 349 2569 412 ROM.

3435 349 3573 417 i702

304 461 669 537 συμϐαίνοντα
687 461 902 530 γίνεται
923 460 969 493 θ’
990 454 1410 530 παρασκευάζει
1434 457 1573 528 πρὸς
1592 456 1879 525 ἀγαθὸνθί,

1993 472 2144 523 num,
2184 468 2238 514 et
2273 459 2572 513 secundum
2598 458 2799 513 bonum
2843 459 3177 530 propositum
3214 474 3400 515 eorum
3437 480 3574 531 quos

305 560 397 612 ἅτε
431 556 524 609 καὶ
552 554 694 607 κατά
722 554 821 625 τὴν
855 551 1069 622 ἀγαθὴν
1116 550 1299 603 αὐτῶν
1344 547 1611 617 πρόθεσιν
1641 564 1884 619 προσκε-

299 647 605 718 κλημένου,;
637 647 684 679 ⁹¹
714 645 912 707 αὐτούς
935 660 947 673 ·
978 640 1234 696 ἐντεῦθεν
1274 638 1460 710 μέντοι
1491 641 1588 694 καλ¹
1625 639 1725 710 τὴν
1750 642 1885 693 ἀπο-

302 740 485 810 λογίαν
515 739 614 807 τῆς
651 738 791 809 ὑπὲρ
826 737 926 808 τῆς
964 735 1011 767 ’³
1056 732 1334 789 Ἰουδαίων
1372 731 1653 803 ἀποϐολῆς
1682 734 1888 804 ἤρξατο

304 831 871 906 προκατασκευάζειν.

373 945 393 978 ι
429 925 556 978 Ὅτι
610 922 704 988 οὓς
750 921 1026 995 προέγνω,
1071 920 1168 975 καὶ
1201 917 1482 992 προώρισε
1526 919 1888 989 συμμόρφους

296 1017 391 1086 τῆς
420 1016 630 1077 εἰκόνος
669 1015 761 1069 τοῦ
795 1013 929 1068 Υίοῦ
966 1012 1155 1079 αὐτοῦ,
1180 1014 1262 1077 είς
1283 1012 1347 1066 τὸ
1370 1008 1511 1066 εἶναι
1534 1014 1699 1067 αὐτὸν
1732 1030 1888 1084 πρω-

297 1110 515 1163 τότοκον
546 1109 602 1161 ἐν
635 1107 852 1171 πολλοῖς
883 1106 1155 1176 ἀδελφοῖς.
1201 1125 1219 1159 ι

367 1199 651 1273 Προὼρισε
702 1199 760 1253 δὲ
813 1198 998 1267 τοῦτο,
1052 1198 1211 1270 φησὶ,
1247 1198 1342 1253 καὶ
1372 1197 1419 1231 ³⁸
1459 1198 1736 1270 μετέδωκε
1786 1197 1886 1267 τῆς

299 1292 571 1356 υἱοθεσίας
614 1292 711 1345 καὶ
748 1291 952 1356 ἄλλοις.
990 1291 1066 1345 Οὐ
1116 1292 1209 1345 τὸν
1243 1291 1374 1345 Υίὸν
1402 1290 1575 1364 ταύτῃ
1608 1308 1689 1343 τοι
1721 1289 1885 1361 ζημι-

295 1384 440 1449 ώσας
468 1385 549 1417 "-
585 1384 697 1455 ἔχει
736 1383 845 1454 γὰρ
888 1384 1063 1449 οὕτως
1111 1385 1323 1448 ἐκεῖνος
1352 1384 1452 1455 τὴν
1480 1384 1623 1438 κατά
1667 1383 1888 1436 πάντων

297 1476 604 1548 ὑπεροχὴν,
658 1477 755 1530 καὶ
811 1477 1135 1531 πλεονεκτεῖ
1192 1480 1305 1541 τοῖς
1357 1477 1723 1549 πρωτοτόκοις
1778 1476 1887 1529 τῶν

295 1567 565 1637 ἀδελφῶν.
602 1597 672 1607 -
706 1567 773 1641 [Ε
808 1567 943 1623 Cod.
963 1567 1199 1641 Monam]
1225 1569 1297 1621 Ἢ
1329 1570 1724 1638 συμμόρφους
1755 1569 1888 1639 φησὶ

295 1658 402 1729 τῆς
428 1662 667 1728 εἰκόνος
697 1661 794 1715 τοῦ
827 1660 959 1715 Υίοῦ
994 1662 1162 1716 αὑτοῦ
1184 1678 1199 1693 ο
1233 1662 1359 1716 ἀντὶ
1402 1661 1515 1729 τοῦ,
1550 1660 1664 1731 τῆς
1692 1662 1888 1730 vitim-

293 1769 395 1819 τος
425 1751 522 1807 τοῦ
568 1752 821 1824 σώματος
849 1752 1040 1809 αὐτοῦ.
1073 1753 1167 1807 At?)
1212 1754 1307 1807 xui.
1347 1754 1652 1825 ἐπήγαγεν,
1685 1756 1789 1820 Εἰς
1818 1753 1886 1807 τὸ

292 1839 443 1898 εἴναι
476 1844 667 1898 αὑτὸν
689 1845 1088 1913 πρωτότοκον.

368 1952 387 1985 ι
433 1934 501 1988 Τί
544 1930 639 1988 οὖν
691 1932 929 2005 ἐροῦμεν
961 1934 1099 2006 πρὸς
1147 1932 1357 1997 ταῦτα;
1391 1933 1440 1985 εί
1489 1933 1517 1984 6
1557 1929 1690 1992 Θεὸς
1742 1929 1888 2001 ὺπέρ

293 2026 469 2096 ἡμῶν,
515 2025 600 2089 τίς
649 2025 776 2079 καθ’
809 2025 1004 2096 ἡμῶν;
1045 2025 1146 2089 Ὃς
1188 2042 1251 2095 γε
1292 2023 1391 2077 τοῦ
1448 2022 1579 2076 ίδίου
1613 2021 1744 2074 Υίοῦ
1787 2021 1888 2075 οὒκ

292 2119 576 2190 ἐφείσατο.
618 2136 637 2170 ι

362 2207 505 2263 Θεοῦ
540 2210 745 2277 τοίνυν,
795 2210 983 2281 φησὶν,
1015 2208 1167 2273 ὄντος
1217 2208 1358 2280 ὑπὲρ
1388 2207 1567 2280 ἡμῶν,
1602 2209 1763 2279 ἡμεῖς
1793 2206 1890 2260 ἆλ-

291 2298 383 2355 λον
411 2302 542 2357 τινά
571 2302 683 2356 τῶν
720 2302 941 2356 πάντων
976 2300 1441 2372 φοϐηθησόμεθα;
1485 2299 1582 2354 καὶ
1627 2298 1720 2352 τὸν
1756 2297 1889 2351 ίδιον

292 2391 423 2448 Υίδν
475 2395 651 2460 οὕτως
689 2395 831 2467 ὑπὲρ
881 2393 1042 2465 ἡμῶν
1089 2394 1267 2457 διδοὺς
1308 2391 1570 2463 ἀφειδῶς,
1601 2386 1761 2454 οὗτος
1811 2391 1890 2453 εἰς

292 2483 445 2554 ἡμᾶς
491 2486 621 2559 περὶ
665 2486 779 2541 τῶν
829 2483 1144 2540 ὑπολοίπων
1193 2482 1729 2555 σμικρολογήσεταις
1776 2482 1892 2534 Οὐκ

294 2576 409 2632 ἐστι
436 2579 617 2633 πάντα
644 2578 876 2651 δεύτερα
901 2577 1022 2649 Θεῷ
1054 2578 1154 2647 τῆς
1179 2577 1405 2647 ἀγάπης
1438 2575 1603 2629 αὐτοῦ
1629 2576 1732 2645 τῆς
1759 2591 1825 2626 πε
1836 2576 1891 2645 ρὶ

290 2674 479 2742 ἡμᾶςς
508 2672 771 2744 εὔκαιρον
808 2671 982 2741 τούτῳ
1013 2671 1061 2706 ⁹⁶
1091 2670 1187 2723 νῦν
1214 2671 1465 2738 ἐπισχεῖν
1491 2711 1508 2735 ,
1544 2668 1626 2722 ὅτι
1656 2666 1893 2722 ἐνταῦθα

291 2764 388 2818 τοῦ
420 2764 554 2817 Υίοῦ
584 2765 632 2795 ’⁷
667 2763 819 2833 παρὰ
846 2761 940 2814 τοῦ
981 2759 1305 2830 [Ινεύματος
1334 2760 1381 2792 ’⁸
1414 2758 1557 2827 ὑπὲρ
1596 2758 1756 2828 ἡμῶν
1784 2774 1891 2810 πα-

295 2855 621 2925 ραδέδοσθαι
649 2856 695 2889 θ’
742 2854 917 2921 λέγων
955 2853 984 2904 6
1023 2851 1259 2914 Παῦλος,
1308 2852 1368 2905 ἐν
1414 2853 1482 2920 τῇ
1534 2851 1672 2920 πρὸς
1728 2850 1890 2919 Ἐφε-

293 2946 471 3009 σίους,
506 2945 671 2999 αὑτὸν
705 2946 839 3015 παρ’
878 2941 1077 2997 ἐαυτοῦ
1120 2942 1273 3009 λέγει
1315 2941 1407 2994 τὸν
1441 2940 1570 2994 Υίδν
1598 2941 1757 2994 τοῦτο
1796 2957 1895 2993 πεο

293 3038 608 3108 ποιηκέναισ
648 3039 713 3091 '0
733 3036 988 3106 Χριστὸς
1006 3036 1136 3105 γὰρ,
1158 3030 1231 3106 φη
1242 3035 1345 3095 σιν.
1367 3032 1688 3104 ἠγάπησεν
1709 3032 1889 3103 ἡμᾶς.

1990 549 2227 604 vocavit.
2255 547 2464 603 Exinde
2490 550 2654 605 etiam
2683 550 2749 603 de
2773 548 3087 606 Iudaeorum
3110 552 3416 623 perditione
3444 571 3575 625 apo-

1989 643 2185 714 logiam
2215 654 2529 711 prmparare
2560 642 2782 712 incepit.

2059 914 2218 971 Vens.
2250 916 2342 971 29.
2390 934 2410 968 ι
2442 914 2579 970 Nam
2617 931 2757 986 quos
2797 919 3095 988 praescivit,
3126 930 3180 974 et
3221 922 3577 991 prmdestiua-

1988 1011 2066 1064 vit
2097 1008 2407 1065 conformes
2448 1009 2566 1065 fieri
2622 1008 2878 1081 imaginis
2925 1013 3044 1068 Filii
3091 1017 3199 1081 sui,
3249 1026 3308 1069 ut
3352 1018 3425 1071 sit
3461 1018 3578 1088 ipse

1989 1102 2386 1174 primogenitum
2411 1103 2465 1156 in
2496 1104 2685 1160 multis
2714 1105 2999 1161 fratribus.
3031 1123 3051 1157 ι

2060 1193 2175 1249 lloc
2232 1203 2412 1249 autem
2466 1196 2913 1264 prmdestinavit,
2957 1197 3166 1268 inquit,
3228 1199 3366 1253 alios
3410 1200 3574 1255 etiam

1990 1285 2301 1355 adoptionis
2331 1285 2451 1341 fieri
2482 1289 2800 1359 participes.
2825 1288 3042 1343 Nullum
3078 1289 3278 1345 eximie
3304 1290 3446 1346 Filio
3477 1292 3576 1346 da-

1991 1391 2176 1430 mnum
2228 1376 2432 1433 intulit.
2494 1378 2589 1435 Ille
2637 1381 2784 1435 enim
2834 1381 2914 1435 sic
2969 1382 3130 1436 habet
3176 1398 3340 1450 super
3385 1398 3578 1439 omnes

1988 1469 2394 1534 excellentiam,
2436 1479 2492 1526 et
2516 1472 2727 1540 primus
2755 1482 2841 1528 est
2876 1474 3019 1528 inter
3047 1475 3439 1542 primogenitos
3471 1476 3580 1530 fra-

1990 1568 2155 1614 trum.
2183 1588 2255 1600 —
2281 1559 2377 1615 Vel
2412 1562 2711 1631 conformes
2742 1561 2873 1616 dicit
2920 1563 3170 1632 imaginis
3216 1563 3335 1617 Filii
3368 1566 3449 1619 sui
3478 1580 3577 1635 pro

1989 1650 2271 1720 ﬁliau‘onis
2305 1652 2555 1723 corporis
2580 1651 2720 1721 ejus.
2745 1651 2957 1709 Idcirco
2981 1652 3184 1723 adjecit
3215 1672 3228 1711 :
3260 1651 3328 1708 Ut
3362 1656 3429 1709 sit
3466 1658 3577 1728 ipse

1989 1744 2394 1815 primogenitus.

2063 1929 2230 1987 Vens.
2283 1931 2377 1997 31,
2413 1933 2505 1987 52.
2552 1952 2571 1984 ι
2600 1932 2737 2000 Quid
2780 1948 2909 2005 ergo
2947 1935 3194 1990 dicemus
3228 1936 3293 1989 ad
3325 1935 3480 1989 bzec?
3518 1935 3577 1991 Si

1994 2023 2132 2077 Deus
2167 2039 2265 2093 pro
2290 2024 2469 2089 nobis,
2496 2026 2620 2094 quis
2652 2034 2840 2081 contra
2868 2027 3003 2082 nos?
3026 2027 3128 2095 Qui
3159 2029 3325 2084 etiam
3355 2031 3579 2100 proprio

1990 2112 2131 2169 Filio
2166 2130 2265 2169 suo
2300 2130 2409 2170 non
2435 2117 2699 2185 pepercit.
2737 2136 2757 2170 ι

2058 2205 2197 2262 Cum
2233 2207 2395 2273 Deus,
2422 2208 2618 2275 inquit,
2643 2209 2713 2263 sit
2745 2223 2845 2279 pro
2878 2209 3061 2277 nobis,
3096 2212 3342 2280 nunquid
3382 2228 3578 2282 quem-

1990 2297 2117 2353 dam
2163 2299 2330 2352 alium
2365 2300 2716 2355 timebimus?
2764 2310 2819 2355 et
2849 2303 2940 2372 qui
2973 2318 3072 2372 pro
3109 2304 3263 2358 nobis
3292 2305 3574 2374 proprium

1990 2388 2188 2446 Filium
2219 2390 2299 2446 sic
2328 2391 2551 2445 tradidit
2587 2390 2832 2474 profuse,
2868 2394 3112 2464 nunquid
3151 2395 3203 2449 in
3236 2397 3448 2451 ca-teris
3482 2411 3579 2452 no-

1990 2482 2078 2538 bis
2114 2483 2306 2538 daudis
2354 2482 2459 2538 erit
2491 2483 2728 2552 parcus?
2761 2481 2949 2539 Nonne
2986 2485 3129 2541 Deus
3166 2486 3349 2541 omnia
3389 2503 3579 2545 amore

1993 2587 2155 2642 quem
2182 2575 2234 2627 in
2270 2588 2371 2628 nos
2398 2572 2563 2627 habet
2593 2572 2850 2628 inferiora
2874 2575 3066 2631 ducit?
3090 2576 3469 2646 Opportunum
3495 2591 3581 2634 est

1995 2666 2084 2721 hic
2135 2665 2598 2730 animadvertere,
2652 2676 2904 2722 sanctum
2943 2666 3169 2723 Paulum
3218 2686 3360 2725 nunc
3397 2672 3581 2727 dicere

1993 2757 2192 2812 Filium
2235 2773 2265 2813 a
2303 2769 2495 2813 sancto
2529 2758 2738 2828 Spiritu
2782 2773 2881 2828 pro
2913 2760 3071 2814 nobis
3107 2762 3362 2816 traditum
3390 2762 3577 2828 fuisse,

1994 2865 2117 2904 cum
2157 2850 2210 2904 in
2246 2847 2490 2918 Epistola
2523 2851 2590 2904 ad
2617 2848 2885 2919 Ephesios
2923 2849 3120 2906 Filium
3164 2853 3266 2907 hoc
3306 2868 3336 2906 a
3377 2864 3580 2908 semct-

1993 2942 2113 3011 ipso
2128 2942 2321 2997 fecisse
2345 2943 2493 2997 dicat
2518 2960 2532 2996 :
2561 2941 2803 2998 Christus
2819 2946 2980 3007 enim,
3015 2944 3215 3015 inquit,
3244 2944 3434 2999 dilexit
3458 2962 3577 3009 nos,

1994 3045 2040 3088 et
2076 3033 2297 3087 tradidit
2342 3037 2673 3104 semetipsum
2706 3052 2803 3104 pro
2838 3035 2986 3090 nobis
3009 3037 3077 3090 ".
3123 3036 3262 3103 Quid
3297 3038 3441 3091 aliud
3480 3056 3581 3093 nos

292 3128 395 3181 καί
431 3127 778 3197 παρέδωκεν
811 3125 1032 3180 ἑαυτὸν
1066 3126 1080 3156 ¹
1113 3124 1267 3192 ὑπὲρ
1299 3123 1488 3192 ήμῶν.
1523 3122 1589 3175 Τί
1617 3121 1889 3175 διδάσκων

1994 3128 2173 3192 docet,
2206 3125 2309 3180 nisi
2336 3142 2498 3181 unam
2522 3142 2644 3183 esse
2663 3137 2720 3184 et
2749 3125 2986 3200 Spiritus
3012 3139 3068 3184 et
3092 3127 3219 3185 Filii
3246 3131 3313 3186 de
3340 3131 3576 3186 humana

291 3219 445 3289 ἡμᾶς
469 3219 660 3290 ἕτερον
688 3218 721 3288 ἢ
754 3217 812 3271 ἓν
856 3212 1000 3271 εῖναι
1031 3215 1316 3286 Πνεύματι
1343 3215 1365 3245 ²
1392 3213 1489 3267 καὶ
1521 3212 1638 3285 Υίῷ
1666 3211 1769 3283 τῆς
1798 3212 1893 3265 ἀν-

291 3306 520 3378 θρώπου
553 3309 573 3340 ³
607 3306 883 3379 σωτηρίας
914 3305 974 3359 τδ
1007 3304 1290 3376 βούλημα;

372 3419 391 3453 ι
424 3400 523 3464 Τίς
561 3399 848 3468 ἐγκαλέσει
876 3398 1021 3452 κατὰ
1058 3396 1336 3451 ἐκλεκτῶν
1364 3395 1539 3464 Θεοῦ;
1586 3395 1721 3460 Θεὸς
1751 3398 1780 3450 6
1810 3396 1891 3450 δι-

293 3489 493 3545 καιῶν.
531 3490 627 3552 Τίς
655 3491 683 3542 ό
715 3485 1104 3558 κατακρίνων;
1146 3504 1164 3536 ι

380 3581 793 3653 Ἐγκαλούντων
817 3576 1107 3646 τοιγαροῦν
1121 3577 1172 3629 οἱ
1201 3574 1517 3646 βουλόμενοι
1537 3575 1633 3628 καὶ
1649 3592 1891 3646 κατηγο.

296 3673 697 3745 ρούντωνήμᾶς
720 3687 732 3700 ⁶
751 3672 811 3724 οὐ
828 3670 938 3742 γὰρ
952 3668 1230 3740 ἰσχύουσιν
1250 3669 1380 3738 ἡμῖν
1399 3666 1703 3737 ἀμύνεσθαι
1718 3667 1779 3720 τὸ
1789 3683 1893 3721 πα-

299 3766 481 3837 ράπαν
505 3767 604 3837 τῆς
625 3762 761 3817 Θεοῦ
800 3762 1008 3832 ψήφου,
1040 3758 1157 3831 μεθ’
1187 3760 1221 3830 ἡ
1230 3759 1345 3829 μῶν
1368 3775 1427 3811 τε
1451 3759 1545 3811 καὶ
1567 3758 1709 3829 ὑπὲρ
1728 3757 1887 3828 ἡμῶν

293 3857 664 3930 τεταγμένης·
688 3855 936 3926 βούλεται
957 3855 1134 3905 εἰπεῖν
1147 3851 1232 3905 ὅτι
1255 3851 1447 3921 μηδενὶ.
1466 3850 1693 3903 δυνατὸν
1718 3848 1894 3903 ταῦτα

292 3952 470 4022 ἡμῶν-
506 3948 827 4020 ἀφελέσθαι,
857 3945 894 4001 ἃ.
937 3942 1228 4017 προλαϐὼν
1274 3946 1407 4014 ἡμῖν
1449 3945 1478 3996 6
1526 3942 1662 4008 Θεὸς
1694 3943 1888 4014 ἐχαρί-

296 4018 471 4099 έὰτοῖ
518 4018 645 4096 οῦτε
676 4036 770 4094 οῦν
816 4038 1184 4108 ἐκλεξαμένου
1212 4036 1360 4106 ἡμᾶς
1404 4034 1502 4088 τοῦ
1532 4033 1670 4088 Θεοῦ
1705 4034 1800 4087 ἐπὶ
1824 4036 1892 4107 τῇ

294 4135 408 4192 τῶν
466 4134 779 4209 μελλόντων
825 4130 1128 4185 ἀπολαύσει
1184 4127 1566 4199 ἀνατραπῆναι
1606 4126 1713 4180 ὑπό
1750 4144 1895 4190 τινος

295 4226 397 4298 τὴν
427 4227 669 4298 ἐκλογὴν
698 4223 858 4297 ἡμῶν
882 4223 1141 4276 δυνατόν·
1167 4221 1292 4275 οὔτε
1322 4221 1655 4291 παρέχοντος
1673 4221 1806 4291 ἡμῖν
1827 4219 1897 4273 τὰ

1993 3216 2169 3271 salute
2192 3216 2564 3273 voluntatem?

2071 3401 2230 3457 Vens.
2258 3403 2351 3467 55,
2394 3403 2484 3459 54.
2542 3423 2561 3457 ι
2595 3403 2727 3472 Quis
2766 3406 3048 3461 accusabit
3081 3407 3344 3464 adversus
3375 3408 3583 3465 electos

1996 3489 2132 3545 Dei?
2164 3491 2308 3548 Deus
2336 3495 2427 3563 qui
2450 3494 2739 3565 jnstificat.
2771 3495 2902 3562 Quis
2929 3506 3017 3553 est
3045 3499 3137 3567 qui
3172 3501 3534 3556 condemnet?
3557 3522 3576 3553 ι

2064 3579 2176 3635 Nos
2212 3583 2401 3652 igitur,
2448 3585 2649 3653 inquit,
2685 3586 2736 3639 in
2767 3585 2857 3652 jus
2890 3596 3108 3652 vocent,
3137 3591 3229 3660 qui
3268 3592 3479 3658 volunt,
3529 3603 3584 3648 et

1996 3682 2277 3726 accusent.
2303 3670 2464 3727 Nullo
2494 3675 2652 3728 modo
2701 3676 2846 3730 enim
2890 3690 3120 3746 possunt
3155 3696 3186 3736 a
3224 3685 3381 3738 nobis
3419 3700 3584 3740 arer-

1996 3771 2110 3818 tere
2137 3766 2420 3818 decretum
2452 3767 2596 3835 quod
2634 3765 2775 3821 Deus
2797 3782 2895 3837 pro
2927 3770 3083 3824 nobis
3111 3786 3176 3825 ac
3202 3773 3268 3827 de
3305 3774 3462 3829 nobis
3492 3791 3583 3847 se-

1992 3855 2100 3908 mel
2138 3855 2293 3923 tulit;
2333 3857 2384 3909 id
2420 3865 2503 3910 est
2544 3872 2702 3911 nemo
2727 3868 2910 3928 potest
2943 3875 2971 3913 a
3005 3859 3166 3916 nobis
3210 3864 3431 3918 auferre
3460 3881 3582 3934 quae

1996 3947 2139 4005 Deus
2170 3948 2328 4004 nobis
2358 3949 2542 4021 largiri
2574 3950 2854 4018 decrevit;
2903 3968 3079 4022 neque
3112 3969 3235 4010 cum
3278 3971 3379 4012 nos
3412 3960 3585 4015 semel

1994 4038 2158 4110 elegit
2193 4040 2260 4096 ad
2290 4040 2598 4096 futurorum
2631 4038 2906 4097 bonorum
2938 4042 3256 4103 fruitioncm
3289 4049 3579 4118 quisquam

1994 4143 2176 4204 potest
2189 4134 2329 4188 hanc
2347 4144 2590 4190 nostram
2607 4146 2821 4192 mutare
2836 4137 3178 4194 electionem.
3201 4141 3267 4197 Et
3288 4156 3410 4196 cum
3428 4144 3584 4199 nobis

1995 4224 2135 4279 bona
2165 4224 2375 4279 dederit
2407 4240 2527 4295 qua:
2560 4234 2892 4295 spectamus,
2917 4238 2972 4283 et
3015 4229 3286 4299 imprimis
3309 4231 3583 4302 justitiam

291 4317 758 4390 προσδοκώμενα.
811 4317 924 4369 Καὶ
975 4313 1084 4386 πρό
1119 4330 1185 4383 γε
1232 4312 1453 4366 πάντων
1479 4311 1581 4383 τὴν
1636 4309 1890 4383 ἀληθινὴν

2000 4318 2141 4373 hanc
2183 4333 2372 4372 veram
2408 4319 2461 4372 in
2496 4332 2605 4389 qua
2652 4319 3074 4386 constituemur,
3112 4329 3169 4375 et
3213 4336 3375 4391 quam
3422 4326 3585 4377 amit-

292 4406 522 4484 ἐκείνην
551 4408 837 4462 δικαίωσιν
862 4407 919 4462 ἐν
998 4402 1479 4475 καταστησόμεθα,
1503 4404 1772 4473 ἁμαρτεῖν
1795 4402 1890 4455 οὐκ

2000 4418 2115 4465 tere
2147 4424 2256 4463 non
2299 4410 2625 4479 poterimus,
2660 4424 2787 4464 num
2818 4412 3108 4480 quisquam
3149 4420 3276 4466 tunc
3300 4413 3498 4483 poterit
3526 4414 3579 4468 in

294 4482 705 4574 ἐπιδεχόμενοι,
755 4498 880 4550 τότε
912 4497 1069 4551 ἔσται
1093 4512 1182 4560 τις
1214 4497 1244 4549 6
1280 4493 1587 4565 μεταϐολὴν
1629 4492 1737 4545 τῶν
1769 4492 1890 4545 καθ’

1999 4501 2315 4557 conditione
2346 4510 2533 4556 nostra
2583 4501 2940 4557 mutationem
2986 4501 3228 4558 afferre?
3259 4482 3445 4573 Itaque
3472 4520 3580 4559 non

293 4587 444 4659 ἡμᾶς
477 4590 709 4659 ποιῆσαι
736 4586 1075 4656 δυνάμενος;
1109 4585 1276 4638 Ὥστε
1301 4585 1364 4638 οὐ
1393 4584 1637 4655 προσῆκε
1662 4581 1890 4637 δεδιέναι

2000 4597 2160 4648 decet
2201 4593 2495 4647 formidare
2537 4606 2633 4646 eos
2678 4592 2770 4661 qui
2824 4607 2924 4648 nos
2978 4604 3404 4664 persequuntur,
3452 4595 3582 4666 quia

294 4683 424 4748 τοὺς
444 4681 752 4744 διώκοντας
769 4695 785 4711 ’
819 4676 1118 4749 ἀφελέσθαι
1147 4678 1257 4747 γὰρ
1273 4677 1341 4731 τὰ
1361 4674 1545 4745 ἁγαθὰ
1582 4674 1714 4745 παρ’
1734 4674 1890 4744 ἡμῶν

1996 4686 2334 4757 impossibile
2367 4696 2450 4740 est
2498 4685 2605 4741 illis
2651 4701 2680 4739 a
2725 4687 2882 4741 nobis
2931 4688 3150 4742 auferre
3195 4688 3330 4742 bona
3364 4703 3484 4754 quae
3532 4690 3583 4742 in

294 4770 557 4831 δύνανται
569 4768 845 4842 οὐδαμῶς,
858 4769 1004 4840 ἅπερ
1024 4769 1117 4821 ἐπὶ
1134 4768 1228 4821 τοῦ
1246 4767 1531 4838 μέλλοντος
1546 4766 1676 4836 ἡμῖν
1693 4765 1890 4829 αἰῶνος

1997 4787 2231 4834 venturo
2268 4780 2469 4834 satculo
2503 4777 2661 4832 nobis
2688 4777 2921 4832 aifutura
2957 4794 3267 4847 speramus.
3295 4778 3420 4834 Ideo
3447 4781 3588 4835 dixit

297 4865 676 4937 προσέσεσθαι
704 4862 1023 4934 ἐλπίζομεν.
1057 4861 1152 4914 Διὸ
1181 4857 1332 4924 εἷπε,
1359 4860 1474 4927 τὴν
1497 4856 1763 4928 ἐκλογὴν
1789 4857 1890 4912 καὶ

1999 4873 2301 4927 electionem
2329 4879 2380 4925 et
2400 4870 2887 4939 justiﬁcalionem;
2914 4873 3211 4928 ostendens
3242 4886 3342 4928 nos
3366 4874 3582 4943 quidem

298 4954 419 5025 τὴν
452 4959 794 5023 δικαίωσιν,
827 4955 918 5008 διὰ
951 4954 1053 5024 μὲν
1075 4953 1172 5024 τῆς
1206 4951 1442 5021 ἐκλογῆς
1470 4950 1532 5003 τὸ
1565 4950 1703 5020 πρὸς
1730 4948 1890 5002 τοῦτο

1993 4966 2105 5036 jam
2136 4966 2206 5021 ab
2224 4966 2325 5020 hac
2347 4965 2454 5017 vita
2477 4979 2572 5033 per
2592 4965 2916 5019 electionem
2937 4965 3005 5019 ad
3029 4965 3114 5018 illa
3137 4965 3275 5019 bona
3301 4966 3586 5032 βετωεειὶ-

299 5047 558 5108 ἐντεῦθεν
593 5052 697 5124 ῆδη
748 5048 1095 5121 ἀφωρίσθαι·
1130 5046 1418 5117 σημαίνων
1447 5043 1506 5097 δὲ
1551 5043 1640 5095 διὰ
1668 5042 1770 5111 τῆς
1810 5040 1893 5094 δι-

234 5174 247 5181 ·
301 5144 592 5208 καιώσεως
632 5144 697 5198 τὸ
749 5136 893 5196 εῖναι
923 5138 1106 5194 αὐτῶν
1148 5139 1207 5193 ἐν
1250 5135 1574 5202 ἀπολαύσει,
1615 5134 1675 5188 τό
1712 5150 1774 5187 τε
1812 5132 1894 5186 δι-

2002 5059 2143 5124 nari,
2172 5058 2266 5112 sed
2295 5058 2347 5111 in
2379 5056 2591 5110 illorum
2624 5056 2881 5110 fruitione
2912 5057 3173 5109 constitui
3197 5057 3581 5125 perjustilica-

2003 5152 2229 5208 tionem.
2258 5147 2714 5207 Justiﬁcationem
2741 5155 2903 5203 vocat
2926 5146 3421 5217 impossibilitatem
3451 5164 3580 5219 pec-

375 5319 640 5392 “Ephes.
670 5335 726 5388 ν,
751 5319 806 5373 2.

459 5489 592 5560 Les-
623 5484 895 5560 τίγεςθαιο
972 5482 1013 5560 3'
1045 5436 1209 5560 εἱλοιά
1229 5478 1359 5560 μὴν
1377 5505 1444 5560 -.
1468 5472 1742 5560 ἀγιιθότο]
1767 5471 1829 5529 C-
1856 5472 1928 5560 M:
1963 5472 2075 5560 tm
2101 5470 2267 5560 ἐρῖέῖρ
2289 5472 2427 5560 ἑλεῖν
2442 5469 2879 5560 P933437”:
2904 5466 3582 5560 ἀξίέδ.ιξοὶίὶϊηξοξιι.,εεηρσῖγν

306 5554 393 5610 ὅτι
637 5538 744 5610 οὐκ
762 5551 1158 5622 ἐγκαταλείπει⁹
1189 5538 1321 5602 ποτέ
1353 5547 1479 5622 τοὺς
1491 5538 2024 5622 ἀγαπῶντες-αὐτόν
2044 5560 2058 5574 ·
2111 5541 2248 5622 ἀλλὰ
2287 5538 2507 5622 fiatutch
2532 5538 2756 5622 "adﬁci;
2806 5539 2881 5622 ςτά
2930 5539 3060 5620 περὶ
3103 5539 3570 5622 αῦτοὺςισυμϐαιίο

311 5608 770 5695 νονταξγίῦεσθαι
801 5608 1216 5743 παρασκευάζει
1248 5622 1329 5681 είς
1374 5608 1598 5703 ἀγαθόν.
1675 5616 1721 5648 ⁹²
1743 5615 1876 5669 Cod.
1905 5612 2415 5736 προσκεκλτλμένος.
2456 5611 2503 5644 ⁸⁸
2528 5611 2591 5666 C.
2631 5608 2700 5662 M.
2753 5609 2878 5665 add.
2913 5612 3043 5691 τῶν.
3121 5610 3167 5641 ³⁸
3288 5608 3360 5662 Μ.
3397 5614 3453 5697 εί,
3473 5611 3585 5680 γὰρ

311 5695 432 5743 καί-
538 5698 589 5732 ﬂ
617 5698 681 5743 (ι-
712 5695 785 5743 Μ.
816 5694 877 5743 οὺ
912 5693 968 5743 ὲν
1012 5690 1270 5743 ἑντευθεν
1318 5688 1413 5742 τὸν
1446 5688 1574 5741 Υιὸν
1608 5685 1941 5743 ἐζημίωσεν.
2029 5684 2076 5717 ⁹⁶
2103 5681 2167 5738 C.
2263 5721 2277 5735 .
2307 5682 2431 5737 add.
2458 5682 2540 5736 δέ.
2615 5681 2660 5713 ’⁷
2697 5680 2760 5735 C.
2792 5679 2861 5734 Μ.
2893 5697 2991 5735 του
3024 5679 3257 5743 Πατρό,.
3333 5680 3381 5712 ⁸⁸
3416 5683 3477 5735 (ι.
3509 5681 3580 5736 Μ.

309 5695 432 5751 καί.
479 5681 493 5694 ’
526 5681 589 5732 ’θ’
617 5698 681 5753 C.
712 5695 785 5749 M.
816 5681 968 5746 οὐδὲν
1012 5681 1270 5744 ἐντεῦθεν
1318 5681 1574 5742 τὸνῪίὸν
1608 5681 1963 5756 ἐζημίωσεν(
2029 5684 2076 5717 ⁹⁶
2103 5681 2167 5738 C.
2206 5681 2277 5736 Μ.
2307 5682 2431 5737 add.
2458 5682 2540 5736 δέ.
2615 5681 2660 5713 ’⁷
2697 5681 2760 5735 C.
2792 5681 2861 5734 Μ.
2893 5681 2991 5735 τοῦ
3024 5681 3257 5804 Πατξός.
3333 5681 3381 5712 ⁸⁸
3509 5681 3580 5736 Μ.

310 5760 409 5818 τοῦ
437 5768 673 5823 Πατρός.
751 5766 797 5798 ⁹⁹
831 5764 966 5820 Cod.
1000 5758 1442 5823 παραδέδωσθαι.
1521 5758 1536 5789 ¹
1564 5757 1625 5814 C.
1669 5757 1742 5813 Μ.
1786 5754 1952 5810 αὐτὸν
1998 5753 2342 5823 παρέδωκεν.
2431 5755 2452 5788 ⁹
2481 5752 2637 5812 (LM.
2679 5751 2879 5823 Πατρί.
2978 5751 2999 5783 ³
3030 5750 3094 5807 C.
3159 5750 3201 5805 Ι.
3256 5751 3583 5823 ἀνθρωπων.

310 5760 410 5843 WE
437 5751 673 5840 Πατρός.
751 5766 797 5798 ⁹⁹
831 5764 966 5820 Cod.
1000 5758 1442 5832 παραδέδωσθαι.
1480 5758 1536 5842 _'
1564 5757 1625 5814 C.
1653 5751 1742 5813 Π.
1786 5754 1965 5837 αὑτὸν¹
1998 5753 2342 5826 παρέδωκεν.
2431 5755 2452 5788 ⁹
2481 5752 2545 5808 C.
2566 5752 2637 5812 Μ.
2679 5751 2879 5824 Πατρί.
